3722 6350
339 295 443 370 se:
1616 295 1912 364 ntou'rsn
1945 307 2408 367 ancoram”:
3493 317 3606 372 5m-
3683 281 3695 292 ’

340 440 524 485 autem
587 427 794 498 Deique
834 425 1182 492 imitatione,
1231 424 1486 497 quaelibet
1553 427 1807 496 superior
1847 443 1913 482 ex

2085 431 2173 495 οᾶς
2202 421 2534 500 θεογνωσίας
2553 449 2611 486 τε
2638 435 2732 488 καὶ
2758 434 3142 506 θεομιμησίας,
3167 436 3243 499 ὡς
3276 434 3344 488 δι’
3381 437 3589 490 ἐκείνων

339 533 496 592 parte
525 519 815 588 cujuslibet
847 518 1150 585 inferioris,
1177 521 1242 573 ad
1272 533 1435 589 quam
1461 519 1580 590 ejus
1611 520 1912 574 interventu

2085 539 2097 585 ;
2131 522 2313 586 πάσας
2357 526 2452 577 καὶ
2481 526 2561 589 είς
2590 527 2739 595 ἡμᾶς
2769 528 2789 556 ⁷
2817 527 2918 597 τῆς
2959 526 3256 597 θεαρχικῆς
3289 526 3589 597 ἐλλάμψεως

307 616 524 670 'divina
557 614 762 668 lumina
796 612 1168 681 trajiciuntur.
1204 613 1527 681 Supremam
1559 613 1721 682 igitur
1745 612 1915 668 Coele;-

2085 614 2414 685 ιδιδομένης·
2467 616 2546 669 διὸ
2587 617 2680 670 καὶ
2730 620 2912 672 πᾶσαν
2955 618 3103 690 ίεράν
3139 619 3232 671 καὶ
3278 619 3609 690 θεόμίμητονι

337 708 501 763 stium
553 705 1035 776 iutelligentiarum
1089 704 1542 773 dispositionem,
1589 713 1911 758 cxterorum

2085 707 2294 779 έργειαν
2323 710 2416 761 ἐπὶ
2454 709 2586 762 Θεὸν
2637 710 2735 780 μὲν
2769 711 2843 774 ὡς
2881 710 3053 764 αἴτιον
3091 711 3474 782 ἀναφέρουσιν,
3504 711 3590 762 ἐπὶ

337 797 656 869 angelorum
709 799 950 852 omnium
1014 797 1304 861 esSentize,
1366 795 1491 864 jure
1544 799 1737 851 merito
1794 805 1916 865 post

2124 800 2252 862 τοὺς
2301 799 2554 871 πρώτους
2621 802 2872 866 θεοειδεῖς
2921 803 3048 865 νόας
3088 803 3165 866 ὡς
3218 803 3591 874 πρωτουργοὺς

338 892 527 954 Deum,
558 889 738 944 omnis
768 901 1132 944 sacrosanctae
1168 887 1261 941 Dei
1287 887 1615 956 cognitimtis
1650 887 1911 942 imitatio-

2085 906 2122 940 ιν
2160 890 2319 944 θείων
2368 894 2464 946 καὶ
2502 893 2875 958 διδασκάλους.
2927 893 3138 947 Οὐκοῦν
3175 895 3208 965 ἡ
3258 893 3450 966 πρώτη
3494 894 3613 947 τῶν⁸

338 983 532 1051 nisque
585 981 911 1050 principium
939 994 1059 1034 esse
1089 986 1356 1044 censent,
1396 979 1539 1047 quod
1585 993 1681 1046 per
1707 978 1828 1031 illas
1856 978 1911 1030 in

2085 984 2185 1037 ‘iwv
2212 984 2459 1052 ἀγγέλων
2486 985 2848 1056 διακόσμησις
2875 985 3073 1056 μᾶλλον
3103 985 3332 1038 ἀπασῶν
3358 985 3470 1056 ἔχει
3503 984 3610 1054 τὴν»

320 1091 528 1130 omnes
553 1074 620 1128 ad
653 1089 751 1128 nos
781 1087 954 1142 usque
998 1073 1091 1126 Dei
1127 1071 1448 1142 principalis
1488 1071 1785 1125 illustratio
1818 1072 1912 1124 dr-

321 1168 580 1231 a'iv'etur;
614 1172 949 1233 anapmpter
980 1178 1194 1217 sacram
1227 1176 1445 1217 omnem
1482 1163 1686 1232 Deique
1728 1161 1910 1215 imita-

336 1259 527 1313 tricem
586 1258 859 1312 actionem
917 1254 984 1308 ad
1038 1254 1204 1309 Deum
1252 1254 1469 1325 quidem
1523 1262 1582 1306 ut
1631 1239 1908 1307 auctorem

323 1351 604 1415 referunt,
639 1351 706 1405 ad
757 1352 967 1420 primas
1005 1357 1188 1402 autem
1235 1364 1298 1402 ac
1341 1345 1638 1402 deiiormes
1679 1355 1906 1406 mentis,

337 1453 394 1496 ut
420 1443 714 1513 primarius
752 1440 1046 1496 effectores
1087 1438 1394 1493 divinorum
1427 1453 1653 1506 operum
1700 1451 1763 1491 ac
1792 1451 1911 1490 ma-

333 1539 556 1604 gistros.
592 1534 773 1589 Prima
801 1534 987 1604 itaque
1017 1543 1335 1588 sanctorum
1369 1532 1692 1601 angelorum
1724 1531 1911 1584 distri-

336 1627 486 1681 butio
547 1625 722 1694 magis
789 1639 903 1693 ιιι-αι
957 1623 1182 1692 reliquis
1247 1619 1461 1692 Igneam
1523 1619 1908 1690 proprietatem

333 1719 611 1781 continet,
667 1714 956 1782 fusamque
995 1713 1192 1767 divinae
1242 1712 1522 1782 sapientiae
1569 1712 1912 1764 communio-

2014 1076 2283 1148 ὲμπύριον
2317 1076 2572 1148 ἰδιότητα,
2600 1079 2695 1131 καὶ
2719 1077 2818 1148 τὴν
2844 1079 3151 1148 κεχυμένην
3181 1077 3281 1146 τῆς
3308 1075 3596 1148 θεαρχικῆς

2016 1168 2208 1237 σοφίας
2242 1169 2554 1239 μετάδοσιν,
2599 1170 2693 1222 καὶ
2723 1169 2783 1222 τὸ
2811 1170 3114 1238 γνωστικὺν
3154 1170 3255 1240 τῆς
3292 1168 3597 1240 ὑπερτάτης

2012 1259 2121 1312 τῶν
2167 1259 2330 1314 θείων
2369 1261 2686 1332 ἐλλάμψεων
2724 1263 3055 1332 ἐπιστήμης,
3105 1262 3198 1315 καὶ
3237 1261 3338 1332 τὴν
3388 1261 3600 1332 θρονίαν

2017 1354 2252 1425 [Siden-ca
2273 1356 2372 1424 τὴν
2401 1356 2860 1427 ἀναπεπταμένην
2892 1354 3167 1426 θεοδοχίαν
3193 1354 3562 1425 ὲμφαίνουσαν
3579 1369 3595 1384 °

2013 1444 2068 1495 αἱ
2092 1443 2148 1496 δὲ
2176 1444 2285 1496 τῶν
2310 1443 2617 1514 ὑφειμένων
2645 1443 2844 1497 οὐσιῶν
2872 1442 3263 1512 διακοσμήσεις
3297 1439 3399 1509 τῆς
3427 1441 3597 1510 ἐμπυ-

2017 1536 2149 1606 ρίου,
2177 1535 2279 1607 τῆς
2315 1536 2506 1605 σοφῆς,
2541 1535 2642 1605 τῆς
2671 1535 2996 1604 γνωστικῆς,
3024 1533 3126 1603 τῆς
3153 1531 3402 1601 θεοδὸχου
3443 1528 3598 1582 δυνά-

2015 1645 2160 1697 μεως
2206 1625 2494 1699 μετέχουσι
2548 1627 2665 1698 μὲν,
2717 1626 3025 1697 ὑφειμένως
3064 1625 3141 1690 δὲ,
3193 1623 3290 1677 καὶ
3330 1623 3468 1694 πρὸς
3504 1622 3601 1684 τὰς

2013 1718 2234 1790 πρώτας
2265 1718 2490 1789 ὁρῶσαι,
2523 1718 2619 1771 καὶ
2666 1717 2732 1769 δι’
2781 1716 2961 1770 αὐτῶν
3009 1715 3084 1778 ὡς
3125 1714 3221 1767 τοῦ
3271 1713 3600 1783 θεομιμήτου

333 1825 476 1874 nem,
507 1825 572 1866 ac
596 1823 824 1864 summa:
859 1807 1167 1860 divinarum
1209 1804 1633 1858 illustrationum
1662 1802 1910 1856 scientite

2085 1808 2378 1881 ωτουργῶς
2407 1807 2724 1878 ἠξιωμένων
2758 1807 2851 1860 ἐπὶ
2875 1807 2935 1859 τὸ
2961 1805 3054 1858 τοῦ
3088 1803 3354 1866 θεοειδοῦς
3385 1801 3602 1870 ἐφικτὸν

320 1920 489 1961 usum
520 1913 682 1974 atque
735 1901 1012 1972 peritiam,
1053 1899 1286 1968 soliique
1337 1897 1748 1966 proprietatem,
1788 1909 1909 1964 quae

2085 1899 2364 1970 αγόμεναι.
2389 1899 2502 1963 Τάς
2541 1899 2838 1971 εἰρημένας
2875 1895 2968 1951 οὖν
3011 1896 3170 1966 ἁγίας
3205 1895 3494 1964 ίδιότητας,
3526 1885 3603 1945 ὧν

329 2000 572 2067 patulam
601 1998 666 2050 ad
695 1995 860 2051 Deum
885 1991 1264 2064 excipiendum
1291 1991 1646 2060 capacitatem
1672 1990 1866 2045 indicat
1891 2005 1906 2042 :

2099 1991 2358 2064 μετουσία
2386 1991 2477 2045 διά
2516 1992 2627 2044 τῶν
2677 1989 2911 2063 πρώτων
2955 1991 3013 2042 αἱ
3055 1988 3191 2060 μετὰ
3221 1986 3390 2050 αὑτὰς
3423 1985 3601 2038 οὐσίαι

329 2091 651 2146 inferiorum
685 2097 867 2143 autem
915 2085 1283 2140 essentiarum
1327 2084 1715 2154 dispositiones
1748 2081 1912 2149 huius

2085 2083 2312 2152 γόνασιν,
2348 2083 2540 2146 αὐταῖς
2575 2083 2812 2146 ἐκείναις
2860 2081 3000 2153 μετά
3034 2080 3168 2133 Θεὸν
3205 2079 3281 2143 ὡς
3320 2079 3601 2149 ἱεράρχαις

326 2183 522 2252 igneae,
555 2178 823 2250 sapientis
845 2219 860 2242 ,
911 2176 1162 2236 scientia,
1218 2189 1282 2229 ac
1317 2174 1413 2228 Dei
1443 2175 1662 2242 capacis
1690 2173 1909 2228 virtutis

2085 2176 2376 2229 κτιθέασιν.
2914 2226 2916 2228 τ

326 2273 623 2344 participes
650 2271 866 2342 quidem
891 2277 1019 2323 sunt
1044 2277 1099 2322 et
1124 2267 1284 2336 ipste,
1305 2267 1400 2320 sed
1431 2265 1679 2320 inferiori
1735 2266 1931 2335 gradu,
1989 2276 2043 2321 et
2095 2283 2217 2322 cum
2265 2279 2516 2337 respectu
2572 2271 2638 2323 ad
2692 2270 2903 2338 priores
2947 2283 3043 2338 per
3081 2284 3240 2338 quas,
3290 2277 3365 2321 ut
3403 2266 3603 2322 divinae

327 2364 647 2421 imitationis
672 2360 1157 2432 przeformatrices,
1206 2359 1273 2412 ad
1322 2356 1751 2412 deiformitatem
1806 2373 1903 2426 pro
1930 2367 2092 2426 captu
2134 2376 2235 2414 suo
2287 2370 2702 2428 promoventur.
2759 2363 2940 2417 Dictas
2995 2364 3179 2432 itaque
3237 2361 3598 2432 proprietate:

325 2467 730 2520 sacrosanctus,
774 2469 1006 2525 quarum
1045 2454 1297 2508 secundae
1355 2463 1562 2506 naturae
1595 2466 1690 2522 per
1726 2453 1930 2522 primas
1972 2455 2271 2524 participes
2321 2455 2532 2511 eﬂecta
2589 2466 2744 2519 sunt,
2793 2457 2862 2510 iis
2915 2456 3045 2525 ipsis
3073 2467 3196 2527 post
3239 2456 3434 2518 Deum,
3482 2464 3603 2509 tan-

323 2567 486 2621 quam
513 2548 820 2621 pmpositis
853 2547 989 2613 suis,
1018 2554 1278 2616 acceptas
1313 2542 1519 2600 ferunt.

1886 2638 1914 2710 §
1953 2637 2062 2699 IV.

391 2749 590 2804 Aiebat
619 2748 801 2816 itaque
837 2746 930 2813 qni
960 2745 1077 2799 haec
1129 2743 1430 2808 referebat,
1472 2741 1738 2797 visionem
1780 2733 1916 2810 qui-'

323 2847 443 2900 dem
513 2843 661 2897 illam
737 2837 1040 2894 exltibitam
1091 2851 1213 2892 esse
1273 2837 1526 2906 theologo
1582 2851 1611 2889 a
1667 2835 1901 2906 quodam

2085 2752 2311 2822 Ἔλεγεν
2332 2748 2427 2806 οὖν
2457 2751 2486 2803 ό
2523 2751 2694 2805 ταῦτα
2729 2752 2926 2822 φήσας,
2961 2752 3062 2824 τὴν
3100 2751 3199 2824 μὲν
3234 2753 3424 2824 ὅρασιν
3452 2753 3597 2808 ἐνεε-

2011 2860 2108 2914 νην
2155 2844 2540 2914 ὑποδειχθῆναι
2572 2843 2650 2914 τῷ
2683 2843 2916 2914 θεολόγῳ
2967 2845 3033 2897 δι’
3065 2844 3182 2908 ἐνδς
3221 2845 3330 2898 τῶν
3377 2846 3600 2900 ἐπιστα-

321 2952 534 3000 eorum,
573 2933 666 3004 qui
700 2930 861 2986 nobis
887 2939 1152 2999 prta-sunt,
1184 2941 1498 2984 sanctorum
1527 2945 1590 2983 ac
1621 2929 1904 2983 beatorum

2085 2935 2248 2996 ¹ἱντων
2274 2937 2404 3006 ἡμῖν
2424 2934 2592 3004 ἁγίων
2615 2936 2708 2987 καὶ
2743 2933 3025 3006 μακαρίων
3049 2934 3315 3003 ἀγγέλων,
3341 2937 3434 2988 καὶ
3461 2936 3600 3007 πρὸς

321 3027 678 3098 angelorum,
729 3025 883 3091 cujus
931 3021 1321 3075 illuminatrice
1371 3018 1796 3074 manuductione
1837 3017 1904 3069 ad

324 3119 626 3190 spiritalem
690 3118 846 3173 istam
894 3113 1409 3184 contemplationem
1455 3111 1634 3165 fuerat
1661 3118 1902 3174 evectus,

319 3213 372 3267 in
407 3227 511 3282 qua
554 3225 839 3280 suprmnas
864 3210 986 3263 illas
1017 3206 1289 3262 essentias
1320 3203 1500 3274 (quasi
1528 3203 1582 3256 in
1616 3201 1902 3274 symbolis,

319 3312 378 3357 ut
421 3303 502 3357 sic
554 3300 773 3372 loquar)
803 3300 937 3354 vidit
989 3299 1130 3352 infra
1169 3296 1336 3350 Deum
1380 3293 1612 3360 etjuxta
1649 3294 1814 3348 Deutr.
1848 3302 1904 3346 et

318 3395 464 3449 circa
496 3394 664 3448 Deum
697 3395 1013 3456 collocatas,
1047 3399 1215 3458 atque
1237 3387 1481 3442 omnium
1513 3385 1734 3454 insuper
1760 3386 1901 3455 ipsa-

320 3500 442 3540 rum
469 3483 988 3554 superincliabilitcr
1015 3483 1346 3536 eminentem
1373 3478 1898 3548 superprincipalem

318 3579 612 3643 verticem,
647 3578 699 3632 in
733 3577 912 3648 medio
941 3572 1473 3646 supereminentium
1517 3572 1775 3645 virtutum
1810 3589 1898 3624 su-

317 3667 679 3738 perpositum.
715 3665 913 3720 Didicit
939 3666 1126 3734 itaque
1145 3679 1215 3718 ex
1241 3663 1389 3717 hisce
1412 3661 1714 3717 visionibus
1746 3663 1903 3716 tineo-

316 3761 494 3832 logus,
525 3758 904 3821 Divinitatem,
937 3757 1233 3812 secundum
1259 3771 1478 3810 omnem
1504 3764 1899 3824 supernatura-

315 3853 419 3907 lem
446 3851 859 3914 excellentiam,
884 3851 1005 3905 sine
1027 3849 1436 3918 comparatione
1456 3861 1717 3918 przestare
1748 3847 1893 3903 muni

313 3943 514 4000 visibili
562 3952 619 3998 et
679 3942 939 3997 invisibili
993 3942 1225 4004 virtuti,
1259 3939 1623 4008 ornuibusque
1674 3941 1896 4010 insuper

312 4044 623 4106 exemptam
659 4048 805 4097 esse,
839 4044 896 4089 ut
922 4049 1044 4104 qua:
1080 4049 1148 4089 ne
1192 4031 1384 4103 primis
1407 4032 1627 4101 quidem
1660 4031 1782 4088 istis
1807 4050 1897 4088 es-

312 4125 508 4182 sentiis
559 4125 668 4180 ullo
707 4125 867 4180 modo
906 4123 1100 4180 similis
1149 4124 1392 4178 existat:
1433 4124 1501 4176 ad
1536 4123 1685 4189 haec,
1718 4121 1891 4192 ipsam

313 4222 556 4275 omnium
582 4235 706 4275 esse
735 4219 1062 4289 principium
1095 4227 1150 4273 et
1176 4233 1396 4273 causam
1429 4220 1888 4285 substantiﬁcam,

2013 3025 2118 3094 τῆς
2152 3025 2487 3096 φωτιστικῆς
2510 3023 2672 3077 αὑτοῦ
2703 3026 3074 3098 χειραγωγίας
3124 3027 3216 3078 ἐπὶ
3249 3027 3349 3097 τὴν
3371 3027 3600 3098 νυερὰνθ

2009 3115 2228 3185 ἐκείνην
2260 3115 2492 3186 θεωρίαν
2518 3113 2862 3182 ἀνατεθῆναι,
2900 3114 3018 3167 καθ’
3039 3115 3107 3185 ἢν
3132 3115 3278 3188 ἐώρα
3298 3115 3397 3180 τὰς
3429 3117 3601 3189 ὑπερέ

2007 3209 2175 3270 τάτας
2203 3207 2392 3269 οὐσίας
2426 3205 2520 3276 (ὡς
2554 3208 2610 3258 ἐν
2637 3205 2925 3275 συμϐόλοις
2958 3207 3154 3278 εἰπεῖν)
3205 3209 3311 3260 ὑπὸ
3340 3208 3472 3261 Θεὸν
3501 3207 3601 3261 καὶ

2011 3298 2147 3370 μετὰ
2181 3298 2315 3351 Θεοῦ
2338 3300 2360 3330 ⁸
2386 3300 2478 3351 καὶ
2507 3301 2634 3370 περὶ
2664 3299 2794 3352 Θεὸν
2831 3299 3138 3369 ἱδρυμένας,
3175 3299 3268 3351 καὶ
3301 3299 3398 3369 τὴν
3429 3299 3604 3352 ἀπάν-

2004 3406 2112 3442 των
2146 3391 2239 3444 καὶ
2271 3389 2451 3443 αὐτῶν
2481 3385 2877 3461 ὑπεραρρήτως
2899 3389 3063 3461 ὲξῃρη
3073 3391 3240 3460 μένην
3263 3391 3602 3462 ὑπεράρχιον

2005 3481 2282 3553 ἀκρότητα
2317 3484 2376 3534 ἐν
2413 3481 2562 3551 μέσῳ
2601 3481 2712 3534 τῶν
2755 3481 3208 3554 ὑπερϐεϐηκυιῶν
3232 3483 3274 3513 ¹⁰
3308 3483 3602 3553 δυνάμεων

2005 3572 2463 3643 ὑπεριδρυμένην.
2516 3571 2850 3643 Ἐμάνθανεν
2895 3567 2989 3625 οὖν
3031 3576 3144 3636 τοῖς
3174 3575 3533 3645 δρωμένοιςἰ
3566 3578 3605 3629 ὁ

2003 3664 2270 3733 θεολόγος,
2295 3666 2375 3717 ὅτι
2401 3663 2542 3717 κατά
2563 3667 2742 3718 πᾶσαν
2768 3667 2868 3718 ὐπε
2879 3667 3087 3735 ρούσιον
3112 3668 3386 3738 ὑπεροχὴν
3417 3669 3597 3736 ἀσυγ-

2001 3758 2204 3826 κρίτως
2234 3757 2624 3830 ὑπερίδρυτο⁸¹
2671 3757 2730 3810 τὸ
2773 3757 2956 3822 Θεῖον,
2994 3758 3214 3830 ἁπάσης
3261 3759 3465 3830 ὁρατῆς
3499 3761 3600 3812 κα)⁸

2001 3847 2232 3917 ἀοράτου
2261 3847 2561 3918 δυνάμεως,
2597 3849 2690 3902 καὶ
2727 3847 2832 3918 μὴν
2860 3848 2943 3901 ὅτι
2970 3849 3188 3902 πάντων
3223 3851 3368 3902 ἐστὶν
3393 3850 3604 3923 ἐξῃρη-

2005 3942 2163 4011 μένον
2191 3943 2266 4005 ὠς
2289 3942 2539 4007 καθόλου,
2581 3944 2716 4015 μηδὲ
2738 3947 2860 4008 ταῐς
2889 3944 3134 4016 πρώταις
3164 3945 3276 3998 τῶν
3299 3945 3468 3998 ὄντων
3498 3946 3595 3998 οὺ-

2001 4032 2142 4093 σίαις
2174 4033 2412 4103 ἐμφερές
2437 4051 2450 4063 ·
2488 4035 2710 4104 προσέτι
2742 4037 2836 4088 καὶ
2856 4036 2915 4088 τδ
2936 4036 3154 4089 πάντων
3187 4037 3320 4090 αὐτὸ
3350 4037 3528 4109 ἀρχὴν
3549 4039 3600 4069 ⁸³

1998 4123 2093 4175 καὶ
2122 4123 2300 4176 αἰτίαν
2331 4123 2639 4178 οὑσιοποιδν
2683 4121 2842 4191 εἶναι,
2870 4128 2964 4180 καὶ⁸
2992 4127 3092 4197 τῆς
3108 4127 3217 4179 τῶν
3242 4127 3408 4180 ὄντων
3431 4128 3600 4181 ἀδια-

1997 4214 2157 4268 λύτου
2213 4217 2379 4286 μονῆς
2428 4216 2784 4272 ἀναλλοίωτον
2833 4219 3211 4291 ἴδρυσιν,·ὑφ’
3258 4215 3326 4290 ἧς
3373 4222 3470 4273 καὶ
3527 4221 3617 4273 τὺ·

313 4312 819 4382 indlssolnbilisque
843 4327 1028 4366 rerum
1063 4312 1369 4366 mansionis
1407 4311 1749 4367 immutabile
1799 4312 1892 4366 [ir-

2085 4323 2140 4360 αι
2176 4309 2271 4361 καὶ
2319 4309 2381 4361 τὸ
2425 4305 2483 4362 εὖ
2535 4306 2709 4374 εἶναι,
2751 4311 2846 4365 καὶ
2878 4313 3068 4374 αὑταῖς
3109 4315 3232 4376 ταῖς
3279 4311 3602 4383 ὑπερϐεϐη-

313 4416 674 4470 mamentum,
708 4419 774 4459 ex
814 4403 927 4474 quo
973 4413 1032 4459 ut
1069 4415 1278 4470 essent,
1306 4414 1361 4459 et
1394 4405 1534 4461 bene
1569 4415 1776 4471 essent,
1799 4421 1893 4460 su-

309 4515 511 4568 prema
573 4499 738 4553 etiam
801 4497 961 4570 115
1031 4496 1261 4553 virtutes
1322 4498 1642 4553 habuissent
1685 4515 1700 4552 :
1743 4499 1891 4567 ipsas

310 4591 508 4646 deinde
568 4592 864 4646 deiiormes
900 4591 1374 4645 sanctissimoruln
1409 4590 1683 4659 seraphin]
1719 4591 1892 4643 virtu-

312 4693 403 4757 tes
425 4683 746 4745 docebatur,
775 4676 1006 4754 quorum
1039 4699 1256 4736 sacrum
1287 4696 1480 4736 nomen
1516 4681 1642 4750 quid
1670 4682 1882 4751 igneum

305 4776 556 4849 designat
579 4777 740 4849 (ιτ),
759 4763 826 4832 de
850 4794 957 4845 quo
982 4792 1078 4830 nos
1106 4775 1271 4846 paulo
1291 4786 1410 4844 post
1435 4776 1702 4840 dicemus,
1730 4787 1889 4841 prout

303 4870 1020 4940 poterimus'interprctari,
1054 4869 1213 4922 istius
1249 4867 1424 4938 igneae
1454 4867 1672 4920 virtutis
1702 4867 1768 4918 ad
1800 4865 1885 4919 di-

301 4960 486 5015 vinam
521 4962 944 5017 similitudinem
998 4962 1287 5029 impulsus.
1336 4959 1508 5012 Porro
1550 4973 1672 5011 cum
1723 4972 1884 5012 sena-

302 5067 422 5106 rum
462 5054 674 5108 alarum
705 5070 878 5109 sacra:
904 5050 1140 5107 ﬁctiouis
1169 5050 1473 5124 absolutam
1505 5065 1885 5117 summamque

300 5144 354 5224 in
386 5146 558 5203 Deum
590 5145 642 5206 in
676 5147 877 5217 primis
903 5160 969 5200 ac
997 5143 1192 5200 mediis
1229 5143 1656 5210 novissimisqne
1687 5145 1886 5196 tuenti-

1998 4399 2176 4462 κυίαι;
2206 4401 2323 4453 ἐστὶ
2374 4402 2701 4472 δυνάμεσινο
2738 4399 2856 4456 εἶτα
2894 4403 2994 4468 τὰς
3037 4405 3218 4459 αὐτῶν
3263 4405 3600 4472 τῶνάγιω-
3691 4435 3695 4450 ‹

1996 4492 2172 4546 τάτων
2208 4495 2452 4564 σεραφὶμ
2491 4497 2711 4566 ἐμυεῖτο
2753 4495 3006 4558 θεοειδεῖς
3038 4497 3316 4568 δυνάμεις,
3344 4496 3444 4565 τῆς
3483 4495 3600 4565 μὲν

1999 4584 2149 4656 ἱερᾶς
2180 4585 2358 4638 αὐτῶν
2392 4587 2712 4656 ἐπωνυμίας
2750 4588 2813 4640 τὸ
2859 4587 3127 4659 ἐμπύριον
3177 4585 3549 4658 σημαινούσης
3576 4625 3604 4648 ,ν

1995 4677 2127 4749 περὶ
2167 4673 2229 4732 οὗ
2282 4679 2478 4749 μικρὸν
2527 4679 2754 4751 ὕστερον
2803 4683 2964 4751 ἡμεῖς
3009 4680 3281 4751 ἐροῦμεν,
3328 4680 3401 4741 ὼς
3445 4679 3600 4748 ἡμῖν

1994 4772 2217 4840 ἐφικτὸν
2244 4773 2646 4841 ὑφηγήσασθακ
2661 4773 2762 4836 τὰς
2796 4777 2888 4827 ἐπὶ
2909 4775 2970 4826 τὸ
3005 4772 3237 4836 θεοειδές
3267 4771 3368 4841 τῆς
3397 4771 3599 4838 ἐμπυ-

1994 4863 2110 4933 ρίου
2144 4863 2426 4934 δυνάμεως
2468 4866 2779 4934 ἀναγωγάς.
2820 4866 2932 4935 Τῆς
2968 4865 3026 4918 δὲ
3056 4865 3165 4917 τῶν
3204 4863 3417 4932 πτερῶν
3451 4857 3599 4922 ἐξει-

1992 4957 2134 5028 πλῆς
2175 4958 2560 5029 ἱεροπλαστίας
2585 4961 2684 5031 τὴν
2722 4959 2814 5011 ἐπὶ
2843 4959 2906 5010 τὸ
2936 4958 3090 5011 Θεῖον
3128 4958 3187 5009 ἐν
3223 4953 3487 5025 πρώταις,
3520 4949 3600 5000 ἐν

1995 5051 2216 5121 μέσαις,
2250 5054 2306 5104 ἐν
2337 5052 2672 5116 τελευταίαις
2708 5052 2957 5121 νοήσεσιν
2989 5049 3254 5103 ἀπόλυτον
3283 5049 3372 5101 καὶ
3404 5046 3601 5113 ὑπερ-

1989 5141 2160 5210 τάτην
2208 5143 2504 5198 ἀνάστασιν
2532 5181 2546 5205 ,
2591 5141 2728 5194 ἀλλά
2769 5141 2863 5194 καὶ
2911 5141 2973 5194 τὸ
3015 5141 3344 5210 ἀπειρόπουν
3391 5136 3606 5190 αὐτῶν

1599 5297 1829 5354 νΑῐιιΑε
1868 5267 2279 5355 LLC'I‘lONES.

416 5445 496 5506 είς
523 5459 628 5495 non
681 5452 764 5496 est
803 5443 856 5495 iu
911 5441 972 5494 Ι).
1019 5439 1079 5492 Ρ.
1129 5439 1230 5509 (ιιι,
1305 5437 1463 5508 στῆν·
1487 5438 1660 5509 ἱεράν,
1691 5439 1794 5493 Ch.
1833 5439 1891 5490 D.

2085 5439 2183 5494 iar.
2237 5439 2588 5509 ἁναταθῆναι,
2734 5439 2790 5494 S.
2843 5440 2899 5496 P.
2953 5441 3013 5496 D.
3054 5440 3155 5493 Ch.
3208 5437 3331 5491 Sar.

936 5509 1074 5580 μετά
1127 5508 1464 5580 Θεόν,ν‹ιιιυ‹ί
1497 5508 1749 5580 sequitur
1817 5511 1907 5562 Sc.

954 5581 995 5611 ⁸³
1035 5581 1132 5632 καὶ
1177 5579 1374 5650 ἀρχὴν,
1412 5579 1478 5632 υ.
1504 5578 1606 5634 Cb.

294 5523 503 5566 tantum
557 5513 738 5566 habet.
784 5513 878 5564 καὶ

295 5584 336 5613 ³⁸
364 5583 740 5653 ὑπερίδρυται,
775 5583 872 5635 Ch.

2017 5510 2058 5541 ¹⁰
2087 5505 2519 5581 ὑποϐεϐηκυιῶν,
2568 5511 2628 5567 Ρ.
2683 5513 2746 5566 ι).
2807 5511 2928 5568 Sac.
3033 5511 3077 5542 “
3122 5509 3450 5581 εἰρημένοις,
3503 5505 3590 5558 υ.

362 5716 499 5791 (Πέ)
525 5714 729 5768 Nomen
757 5714 964 5791 scilicet
1005 5713 1269 5768 llebraice
1321 5727 1634 5785 expressum
1655 5756 1672 5783 ,
1722 5724 1938 5776 επεὶ-πει
1969 5717 2112 5784 quod
2141 5717 2437 5788 signiﬁcat,
2461 5718 2728 5784 ardentes,
2778 5720 3074 5791 fulgentes;
3103 5735 3133 5774 a
3171 5718 3347 5775 radice
3386 5720 3542 5771 me:
3568 5754 3593 5783 ,.

290 5785 545 5850 incendit,
578 5787 865 5839 succendit.
905 5785 1107 5839 Dnacn.
