3734 6310
120 352 247 415 εοε

1128 352 1219 408 DE
1252 353 1585 409 C(ELESTI
1622 353 2068 419 llllIRARCHlA,
2104 352 2256 409 CAP.
2293 351 2425 408 Xlll.

3305 353 3413 417 3οἶ

133 474 235 527 διαὶ
280 468 709 544 πολυπρόσωπον
756 468 899 544 ὁρῶν
940 476 967 527 6
1019 472 1164 543 ἱερὸς
1200 471 1482 539 θεολόγος,
1534 476 1607 523 κα

1935 505 1938 520 .
1988 470 2418 535 excitationem,
2453 484 2552 522 nec
2595 484 2700 523 non
2749 469 3174 525 innumerabiles
3222 486 3409 524 eorum

124 569 253 629 τοῖς
287 568 506 636 πτεροῖς
545 565 1057 618 ἀποδιαστέλλεσθαι
1126 564 1227 633 τὴν
1254 563 1358 616 ὑπὸ
1388 566 1515 627 τοὺς
1563 564 1728 629 πόδας

128 657 236 710 καὶ
263 658 367 728 τὴν
400 658 541 728 ὑπὲρ
573 656 645 709 τὰ
666 658 935 729 πρόσωπα
967 656 1222 727 Θεωρίαν,
1254 657 1348 709 καὶ
1379 658 1480 728 τὴν
1516 658 1573 709 ἐν
1614 659 1727 719 τοῖς

131 748 332 819 μέσοις
377 753 597 821 πτεροῖς
644 751 1020 821 ἀεικινησίαν,
1060 750 1198 821 πρὸς
1235 750 1334 821 τὴν
1380 751 1580 821 νοητὴν
1617 749 1725 803 τῶν

122 839 432 909 ὁρωμένων
465 839 695 909 ἀνήγετο
741 841 962 909 γνῶσιν,
994 840 1392 911 ἐκφαινομένης
1435 840 1585 912 αὑτῷ
1624 841 1726 911 τῆς

124 929 249 982 τῶν
291 930 610 1001 ὑπερτάτων
663 932 798 984 νοῶν
850 933 1157 1004 πολυπύρου
1194 934 1287 987 καὶ
1325 933 1727 1003 πολυθεάμονος

123 1020 442 1091 δυνάμεως,
476 1024 568 1075 καὶ
596 1022 695 1092 τῆς
721 1024 877 1095 ίερᾶς
909 1023 1089 1077 αὑτῶν
1120 1024 1434 1088 εὐλαϐείας,
1472 1025 1541 1095 ῆν
1572 1025 1726 1095 ἐχου-

126 1129 222 1165 σιν
258 1114 645 1184 ὑπερκοσμίως
672 1115 751 1177 είς
783 1117 881 1187 τὴν
909 1116 1020 1169 τῶν
1054 1116 1399 1189 ὑψηλοτέρων
1422 1118 1466 1149 ¹¹⁵
1497 1120 1590 1172 καὶ
1633 1120 1727 1189 βα·-

123 1202 379 1275 θυτὲρων
401 1205 605 1276 αὐθάδη
635 1208 727 1260 καὶ
750 1208 1006 1279 θρασεῖαν
1037 1211 1132 1263 καὶ
1161 1210 1448 1279 ἀνέφικτον
1481 1212 1722 1282 ἔρευναν,

122 1294 228 1345 καὶ
270 1295 374 1365 τῆς
423 1296 481 1347 ἐν
525 1299 840 1369 συμμετρίᾳ
889 1299 1000 1353 τῶν
1044 1300 1389 1373 θεομιμήτων
1432 1304 1724 1375 ἐνεργειῶν

120 1386 515 1457 ἀκαταλήκτου
553 1391 645 1442 καὶ
680 1390 980 1459 ὑψιπετοῦς
1024 1392 1382 1467 ἀεικινησίας.
1428 1393 1587 1447 Ἀλλά
1629 1396 1722 1448 καὶ

120 1476 231 1545 τὴν
281 1476 578 1550 θεαρχικὴν
623 1480 838 1551 ἐκείνην
885 1483 978 1535 καὶ
1029 1482 1391 1556 πολυτίμητον
1449 1485 1719 1555 ὑμνῳδίαν

117 1566 613 1637 ἐμυσταγωγεῖτο,
649 1571 743 1625 τοῦ
776 1573 1075 1637 τυποῦντος
1116 1576 1215 1646 τὴν
1262 1577 1450 1647 ὅρασιν
1485 1576 1715 1645 ἀγγέλου

119 1658 273 1711 κατὰ
320 1660 551 1732 δύναμιν
584 1663 662 1734 τῷ
692 1664 926 1738 θεολόγῳ
970 1668 1338 1738 μεταδιδόντος
1380 1669 1481 1739 τῆς
1512 1670 1716 1734 οἰκείας

121 1750 507 1820 ίερογνωσίας.
554 1754 863 1809 Ἑδίδασκεν
887 1753 980 1811 οὖν
1007 1758 1171 1812 αὑτὸν
1196 1760 1481 1824 καὶτοῦτο,
1513 1761 1594 1813 ὅτι
1619 1762 1717 1814 κά-

1834 566 2024 635 pcdes,
2055 564 2372 633 multasque
2416 562 2585 617 facies
2613 573 2834 631 sanctus
2880 564 2967 618 ille
3008 564 3291 636 theologus
3328 567 3406 619 vi-

1832 658 2007 721 deret,
2041 668 2211 725 utque
2243 657 2344 710 alis
2380 666 2489 709 tam
2524 656 2717 726 pedum
2756 672 2919 726 quam
2959 657 3218 712 facierum
3250 675 3409 728 aspe-

1827 759 1950 802 ctus
1980 758 2324 810 arcerentur,
2352 748 2567 816 alaeque
2596 747 2787 801 inedire
2816 750 3077 817 perpetuo
3121 763 3410 805 moveren-

1831 838 1939 901 tur,
1979 838 2049 892 ad
2098 838 2491 908 intelligibilem
2539 852 2728 892 eorum
2759 854 2879 907 quae
2923 841 3185 893 cernebat
3227 841 3410 894 scien.

1832 931 1960 984 tiam
1990 930 2385 991 adducebatur,
2429 926 2695 997 explicata
2729 928 2805 982 illi
2838 944 3214 997 supremorum
3244 931 3408 1001 spiri-

1829 1031 1978 1076 tuum
2015 1022 2310 1089 multivaga
2344 1022 2683 1093 plurimaque
2723 1022 2977 1077 cernendi
3010 1023 3287 1087 facultate,
3319 1040 3405 1078 sa-

1826 1129 2028 1183 craque
2052 1129 2243 1169 eorum
2280 1114 2589 1169 reverentia
2619 1154 2634 1179 ,
2677 1130 2838 1184 quam
2893 1115 3405 1183 supermundialiter

1826 1208 2088 1263 exhibent
2132 1208 2185 1262 in
2236 1207 2613 1261 sublimiorum
2647 1206 3169 1277 profundiorumque
3200 1217 3403 1280 myste-

1826 1300 2031 1353 riorum
2061 1298 2316 1354 insolenti
2342 1314 2402 1353 ac
2434 1300 2726 1353 temeraria
2761 1298 3265 1369 impenetrabiliqne
3288 1315 3405 1369 pcr-

1821 1393 2185 1456 serutatione,
2222 1406 2320 1461 nec
2356 1407 2468 1445 non
2512 1392 2717 1461 optime
2745 1392 2950 1463 digesta
2982 1392 3150 1443 Deum
3185 1390 3402 1444 imitan-

1823 1489 1954 1541 tium
1985 1486 2264 1539 actionum
2312 1482 2625 1539 incessabili
2674 1494 2729 1539 et
2775 1483 3096 1538 altivolanle
3142 1493 3400 1551 perpetua

1821 1580 2084 1636 motione.
2113 1580 2255 1651 Quin
2302 1590 2356 1637 et
2393 1583 2635 1637 divinum
2680 1583 2811 1636 illud
2857 1580 3402 1652 praastautissimum-

1817 1688 1925 1742 que
1958 1672 2136 1729 laudis
2166 1676 2442 1731 canticum
2484 1675 2750 1739 discebat,
2790 1673 2980 1744 angelo
3010 1673 3102 1743 qui
3136 1673 3398 1727 visionem

1819 1764 2185 1831 clformabat,
2235 1777 2395 1838 prout
2446 1777 2695 1838 poterat,
2745 1768 2843 1837 ipsi
2888 1768 3139 1838 theologo
3186 1782 3396 1822 sacram

120 1839 321 1909 θαρσίς
354 1843 468 1895 ἐστι
497 1848 610 1909 τοῖς
641 1848 892 1903 ὁπωσοῦν
925 1850 1185 1923 καθαροῖς
1220 1853 1252 1923 ἡ
1279 1851 1378 1922 τῆς
1418 1852 1594 1923 θεαρχξ

1919 1872 1970 1911 ιιι
2001 1858 2285 1927 scientiam
2320 1860 2783 1914 communicante.
2813 1858 2951 1925 Quin
2988 1868 3041 1912 et
3084 1859 3185 1913 hoc
3220 1858 3393 1927 ipsum

114 1933 405 2002 διαυγείας
454 1936 813 2008 ἀγνότητος¹³
856 1942 933 2006 ὡς
974 1944 1196 2012 ἐφικτὸν
1246 1946 1521 2013 μετουσία.
1562 1945 1711 2017 Αὑτὴ

114 2024 176 2076 δὲ
202 2026 266 2087 ¹⁶,
305 2028 443 2098 πρὸς
481 2029 651 2099 αὑτῆς
695 2031 952 2104 θεαρχίας
992 2035 1357 2108 ἐξῃρημέναις
1390 2038 1592 2101 αἰτίαις
1632 2041 1713 2104 εἰς

118 2117 334 2178 πάντας
354 2120 481 2182 τοὺς
510 2121 690 2191 ἱεροὺς
722 2124 847 2188 νόας
878 2125 1188 2199 ὑπερουσίῳ
1211 2130 1535 2202 κρυφιότητι
1563 2132 1712 2185 τελε-

112 2208 498 2279 τουργουμὲνη
528 2212 568 2242 ¹⁷
601 2215 722 2276 ταῖς
762 2218 890 2286 περί
928 2217 1097 2288 αὐτὴν
1130 2218 1207 2282 ὡς
1248 2221 1577 2291 ὑπερτάταις
1616 2223 1710 2275 δυ-

114 2298 373 2368 νάμεσιν,
405 2302 773 2376 ἐκφανεστέρα
810 2307 925 2374 πώς
967 2311 1218 2383 ἐστικαὶ
1262 2313 1461 2382 μᾶλλον
1512 2316 1711 2388 ἑαυτὴν

112 2387 366 2456 ἐκφαίνει
390 2395 484 2446 καὶ
517 2395 846 2450 διαδίδωσιν
888 2403 978 2453 ἐπὶ
1004 2402 1061 2455 δὲ
1085 2402 1192 2455 τῶν
1234 2405 1502 2477 δευτέρων
1535 2407 1567 2478 ἦ
1598 2387 1709 2461 τῶν

114 2483 365 2552 ἐσχάτων
414 2489 444 2556 ἡ
455 2489 570 2558 μῶν
602 2492 801 2562 νοερῶν
826 2496 867 2525 ¹⁸
907 2495 1188 2567 δυνάμεων
1211 2539 1225 2563 ,
1276 2501 1350 2563 ὡς
1388 2502 1556 2573 αὑτῆς
1581 2503 1709 2556 ἐκά-

114 2590 218 2643 στη
265 2578 408 2630 κατά
438 2580 498 2632 τὸ
544 2581 773 2647 θεοειδὲς
813 2585 1112 2658 διέστηκεν,
1148 2589 1290 2644 οὑτω
1316 2593 1415 2663 τὴν
1444 2595 1617 2665 φανὴν
1664 2596 1707 2627 ¹⁹

114 2666 291 2737 αὑτῆς
333 2668 596 2741 ἕλλαμψιν
645 2678 865 2745 συνάγει
903 2680 1039 2752 πρὸς
1081 2681 1142 2734 τὸ
1168 2682 1270 2752 τῆς
1328 2685 1533 2749 οίκείας
1574 2704 1697 2759 κριο

112 2759 375 2845 φιὸτητος
418 2763 615 2818 ἐνιαῖον
657 2768 955 2836 ἄγνωστον.
1012 2772 1305 2845 Ἐλλάμπει
1350 2774 1405 2827 δὲ
1437 2779 1551 2839 τοῖς
1583 2778 1703 2833 καθ’

106 2844 349 2898 ἕκαστον
379 2848 649 2921 δευτέροις
673 2852 761 2905 διὰ
789 2853 897 2907 τῶν
924 2844 1183 2928 πρώτων,
1209 2861 1323 2922 καὶ,
1351 2862 1399 2913 εί
1419 2860 1500 2914 δεῖ
1515 2863 1703 2916 συντόο

115 2950 238 3002 μως
278 2937 485 2999 εἰπεῖν,
520 2940 751 3010 πρώτως
787 2944 852 2996 ἐκ
883 2946 976 2999 τοῦ
1009 2949 1241 3020 κρυφίου
1272 2951 1413 3027 πρὸς
1435 2952 1495 3005 τὸ
1520 2954 1702 3024 ἐμφα-

112 3024 204 3086 νὲς
236 3025 428 3093 ἄγεται
457 3029 543 3082 διά
564 3032 671 3085 τῶν
711 3033 943 3106 πρώτων
972 3038 1273 3111 δυνάμεων.
1310 3042 1484 3097 Τοῦτο
1512 3045 1644 3113 γοῦν
1673 3049 1702 3100 6

113 3115 367 3187 θεολόγτις
407 3120 720 3179 ἐδιδάσκετο
756 3130 890 3201 πρὸς
925 3131 1017 3205 τοῦ
1051 3134 1512 3204 φωαγωγοῦπος
1536 3138 1698 3192 αὑτὸν

1812 1950 2094 2012 edocebat,
2128 1953 2402 2019 quomodo
2456 1950 2652 2004 divina;
2700 1949 2967 2004 claritatis
3004 1964 3069 2003 ac
3113 1948 3394 2003 munditiei

1816 2057 1914 2111 pro
1973 2042 2236 2110 cujusque
2292 2052 2455 2111 captu
2512 2043 2904 2113 participatio,
2958 2057 3179 2112 quoquo
3236 2042 3396 2096 modo

1815 2130 2030 2183 mundis
2054 2130 2218 2183 etiam
2250 2139 2393 2183 esset
2426 2132 2746 2201 expiationi.
2781 2130 2911 2197 Quae
2946 2146 3068 2185 cum
3103 2132 3391 2201 prmcipuis

1806 2219 1882 2293 ,de
1912 2223 2098 2276 causis
2128 2237 2155 2275 a
2193 2223 2283 2277 Dei
2314 2224 2626 2293 principatu
2655 2225 2708 2277 in
2742 2226 2957 2280 cunctis
2988 2228 3163 2280 sacris
3196 2226 3389 2279 menti-

1808 2310 1916 2380 bus
1946 2315 2394 2382 supercssentiali
2448 2316 2681 2384 quodam
2730 2328 2941 2373 secreto
2984 2328 3256 2388 operatur,
3299 2332 3392 2372 su-

1808 2405 2015 2472 premis
2053 2414 2229 2461 tamen
2283 2408 2576 2464 virtutibus
2630 2407 2848 2480 Deoque
2892 2410 3159 2479 proximis
3212 2412 3391 2465 mani-

1809 2494 2001 2551 festior
2048 2498 2449 2567 quodammodo
2495 2501 2714 2567 existit;
2769 2504 2950 2573 iisque
3002 2505 3175 2573 magis
3202 2521 3260 2560 se
3292 2521 3392 2560 ex-

1809 2586 1995 2641 ulanat
2047 2599 2101 2642 et
2175 2589 2464 2654 insinuat;
2500 2594 2760 2648 secundis
2818 2609 2947 2649 vero
3006 2595 3391 2653 novissimisve

1808 2679 2017 2732 nostris
2048 2681 2347 2736 virtutibus
2378 2684 2527 2738 hisce
2556 2685 2919 2753 spiritalibus,
2966 2698 3129 2756 prout
3158 2704 3388 2760 quaeque

1805 2782 1834 2816 a
1870 2766 2239 2826 deiformitate
2272 2773 2386 2842 ipsa
2417 2774 2619 2840 distat,
2657 2777 2731 2831 ita
2761 2772 2966 2832 claram
3002 2778 3119 2848 ejus
3152 2782 3387 2838 illustra-

1806 2860 2007 2913 tionem
2039 2865 2105 2915 ad
2138 2866 2338 2917 secreti
2379 2866 2462 2918 sui
2490 2867 2817 2937 singularem
2846 2872 3059 2924 c0nfert
3090 2872 3386 2941 ignoratio-

1804 2965 1947 3004 nem.
1976 2952 2258 3009 Secundas
2284 2970 2449 3023 porro
2469 2956 2750 3023 sigillatim
2772 2973 2870 3027 per
2895 2960 3098 3028 primas
3122 2960 3380 3027 illustrat,

1801 3052 1858 3097 et
1888 3052 1947 3097 ut
1975 3046 2289 3101 summatim
2323 3048 2522 3112 dicam,
2551 3051 2801 3118 primitus
2829 3065 2893 3105 ex
2920 3054 3132 3106 occulto
3160 3055 3211 3107 in
3233 3070 3384 3124 aper-

1802 3143 1915 3189 tum
1949 3134 2170 3191 ducitur
2205 3154 2303 3208 per
2340 3141 2569 3196 virtutes
2620 3142 2847 3211 primas.
2893 3142 3004 3198 lloc
3025 3144 3192 3215 igitur
3223 3148 3379 3203 theo-

111 3206 372 3275 ἀγγέλου,
408 3211 468 3264 τὸ
510 3214 609 3287 τὴν
657 3218 922 3290 κάθαρσιν
950 3223 1041 3275 καὶ
1071 3225 1250 3289 πάσας
1270 3225 1368 3289 τάς
1392 3229 1582 3299 θεαρχι

1901 3243 1953 3281 ιε
1990 3228 2056 3281 ab
2104 3206 2318 3299 angelo,
2368 3231 2462 3303 qui
2496 3206 2673 3302 ipsum
2711 3206 3074 3303 illustrabat:
3110 3237 3375 3303 diScebat,

110 3300 427 3371 ἐνεργείας,
463 3305 551 3359 διὰ
592 3308 702 3362 τῶν
736 3311 965 3383 πρώτων
1004 3316 1199 3370 οὑσιῶν
1249 3319 1692 3390 ἀναλαμπούσας,

111 3391 202 3483 εἰς
224 3392 402 3483 πάσας
434 3396 531 3459 τὰς
557 3398 749 3464 λοιπὰς
782 3400 1104 3459 διαδίδοσθαι
1152 3408 1292 3462 κατά
1326 3410 1424 3482 τὴν
1457 3410 1696 3483 ἑκάστης

113 3481 250 3551 πρὸς
292 3482 392 3547 τάς
428 3486 750 3559 θεουργικάς
790 3496 1081 3562 μετουσίας
1120 3481 1437 3569 ἀναλογίαν·
1481 3501 1561 3554 διὸ
1603 3481 1697 3556 καὶ

107 3574 208 3644 τὴν
250 3576 537 3647 ἐμπυρίως
568 3583 905 3657 καθαρτικὴν
944 3588 1181 3659 ἰδιότητα
1207 3595 1323 3655 τοῖς
1350 3596 1593 3666 σεραφὶμ
1619 3595 1696 3647 εί-

110 3666 286 3731 κότως
316 3670 457 3740 μετά
489 3673 620 3727 θεὸν
656 3677 1019 3736 ἀνατέθεικεν.
1060 3684 1225 3737 Οὐδὲν
1257 3681 1352 3737 οὖν
1386 3687 1604 3750 ἄτοπον,
1645 3690 1693 3742 εί

112 3759 398 3831 καθαίρειν
439 3763 651 3834 λέγεται
686 3770 777 3823 τὸν
812 3772 1059 3843 θεολόγον
1090 3778 1118 3830 6
1162 3778 1422 3850 σεραφίμ.
1466 3780 1551 3843 Ὠς
1585 3780 1693 3851 γὰρ

106 3851 137 3902 ὁ
164 3851 300 3915 Θεὸς
340 3855 589 3927 καθαίρει
628 3862 837 3925 πάντας
873 3865 952 3934 τῷ
995 3867 1175 3937 πάσης
1205 3868 1525 3941 καθάρσεως
1556 3867 1693 3931 εἶναι

90 3943 282 4017 αἰτίας
304 3945 371 4010 ⁸⁸,
406 3948 603 4017 μᾶλλον
636 3952 694 4004 δὲ
744 3953 1130 4029 (παραπλησίῳ
1156 3959 1267 4031 γὰρ
1290 3962 1563 4031 χρήσομαι
1589 3980 1693 4015 πα-

88 4034 479 4110 ραδείγματι),
508 4041 758 4115 καθάπερ
791 4046 819 4115 6
848 4048 966 4100 καθ’
996 4050 1142 4119 ἡμᾶς
1175 4051 1433 4123 ἰεράρχης
1459 4051 1545 4104 διὰ
1582 4052 1691 4106 τῶν

111 4128 271 4180 αὑτοῦ
321 4129 649 4203 λειτουργῶν
688 4134 719 4204 ἦ
783 4137 971 4208 ἱερέων
1017 4140 1295 4212 καθαίρων
1338 4142 1371 4213 ἢ
1419 4142 1687 4212 φωτίζων,

108 4218 264 4283 αὐτὸς
329 4220 549 4291 λέγεται
608 4226 892 4299 καθαίρειν
956 4232 1049 4283 καὶ
1124 4231 1380 4300 φωτίζειν
1448 4235 1559 4291 τῶν
1620 4237 1690 4289 δι’

107 4310 265 4364 αὑτοῦ
323 4314 746 4387 καθιερωμένων
802 4320 1009 4386 τάξεων
1064 4322 1151 4375 ἐπ’
1204 4324 1364 4378 αὑτὸν
1414 4326 1689 4382 ἀνατιθεισ

110 4403 215 4455 σῶν
254 4403 355 4468 τὰς
395 4406 599 4469 οἰκείας
663 4408 814 4480 ἱεράς
857 4412 1160 4481 ἐνεργείας
1233 4413 1376 4469 οὑτω
1441 4418 1535 4471 καὶ
1590 4418 1687 4490 τὴν

107 4494 310 4557 οἰκείαν
361 4498 700 4571 καθαρτικὴν
749 4502 1059 4574 ἐπιστήμην
1108 4507 1203 4559 καὶ
1241 4506 1474 4580 δύναμιν
1514 4514 1543 4563 6
1586 4513 1687 4583 τὴν

107 4584 367 4658 κάθαρσιν
404 4589 500 4642 τοῦ
549 4590 795 4659 θεολόγου
835 4594 1204 4668 τελετουργῶν
1226 4598 1269 4630 ’⁸
1299 4601 1559 4669 ἄγγελος,
1591 4605 1683 4656 ἐπὶ
1714 4594 1755 4645 Ῑ)

105 4674 233 4728 Θεὸν
259 4679 355 4747 μὲν
378 4680 454 4743 ὼς
486 4680 676 4744 αἴτιον,
707 4683 798 4736 ἐπὶ
823 4683 878 4736 δὲ
898 4683 1003 4738 τῶν
1029 4688 1269 4757 σεραφίμ
1291 4688 1366 4752 ὼς
1395 4706 1679 4762 πρωτουρ-

104 4764 193 4831 γὺν
232 4768 523 4840 ἱεράρχην,
573 4772 905 4842 ἀνατίθησιν·
944 4775 1019 4838 ὡς
1051 4777 1116 4830 ἄν
1147 4794 1230 4841 τις
1259 4779 1412 4851 φαίη,
1447 4783 1562 4851 μετ’
1587 4783 1679 4834 εὑ⁹

104 4852 316 4922 λαὸείας
346 4861 645 4932 ἀγγελικῆς
676 4864 769 4916 τὸν
799 4864 890 4915 ὑπ’
918 4865 1083 4919 αὑτοῦ
1120 4868 1511 4941 καθαιρόμενον
1539 4872 1678 4925 ἐκδι-

102 4944 325 5002 δάσκων·
358 4950 479 5005 Ὅτι
506 4954 606 5023 τῆς
636 4955 716 5018 εἰς
741 4954 798 5007 σὲ
825 4956 959 5027 πρὸς
986 4958 1119 5030 ἐμοῦ
1147 4959 1673 5032 τελετουργουμὲνης

84 5041 412 5111 ,καθάρσεως
459 5046 601 5117 ἁρχὴ
639 5049 739 5118 μέν
771 5052 917 5104 ἐστιν
963 5051 1308 5124 ἐξῃρημένη,
1342 5055 1435 5108 καὶ
1480 5054 1668 5131 οὑσία,

105 5134 191 5185 καὶ
228 5133 554 5208 δημιουργὸς
584 5142 680 5193 καὶ
710 5142 900 5206 αἴτιος,
934 5146 964 5196 6
996 5146 1088 5197 καὶ
1112 5144 1210 5209 τὰς
1233 5146 1456 5215 πρώτας
1486 5148 1673 5211 οὐσίας

1794 3319 2068 3385 quomodo
2093 3336 2217 3376 cum
2250 3324 2482 3391 ipsamet
2515 3326 2795 3395 expiatio,
2849 3339 2962 3382 tum
3012 3339 3226 3384 cmterze
3278 3330 3376 3384 Dei

1793 3409 2127 3479 principales
2141 3414 2487 3482 operationes
2516 3430 2725 3479 omnes,
2767 3432 2863 3486 per
2886 3420 3089 3488 primas
3109 3421 3377 3477 c-sentias

1792 3498 2095 3568 eluceutes,
2146 3505 2197 3558 in
2245 3521 2437 3562 onmes
2488 3509 2729 3579 reliquas
2777 3511 3194 3577 distribuantur,
3223 3513 3374 3584 iuxta

1792 3592 2088 3661 cujuslibet
2119 3598 2185 3649 ad
2228 3599 2456 3655 deilicas
2488 3602 2948 3673 participationes
2976 3606 3331 3674 capacitatem
3355 3624 3373 3669 ε,

1790 3692 2130 3761 quapropter
2179 3707 2278 3763 per
2326 3695 2508 3764 ignem
2539 3698 2802 3765 expiandi
2841 3701 3230 3770 proprietatem
3259 3719 3379 3759 me-

1792 3783 1896 3836 rito
1929 3784 2063 3853 ipsis
2098 3787 2727 3857 seraphim‘secundum
2781 3790 2949 3846 Deum
3000 3796 3211 3850 tribuit.
3260 3795 3369 3851 Ne-

1788 3888 2067 3944 quaquam
2098 3879 2264 3949 igitur
2294 3879 2593 3935 absurdum
2627 3882 2716 3945 sit,
2742 3883 2785 3937 si
2814 3884 3123 3954 theologum
3150 3888 3372 3958 expiare

1789 3970 2068 4037 seraphim
2100 3971 2441 4039 perhibetur.
2472 3972 2538 4028 Ut
2569 3975 2716 4029 enim
2750 3976 2915 4040 Deus,
2941 3978 3043 4033 hoc
3074 3979 3191 4049 ipso
3222 3984 3366 4052 quod

1788 4063 1969 4118 omnis
2003 4064 2335 4132 expiationis
2365 4080 2533 4121 causa
2565 4068 2658 4135 sit,
2689 4084 2877 4125 omnes
2900 4072 3172 4140 purilicat,
3207 4075 3369 4147 115

1788 4154 1874 4209 vel
1897 4158 2082 4223 potius
2110 4157 2194 4222 (ut
2224 4159 2395 4228 magis
2423 4158 2582 4214 obvio
2608 4161 2856 4231 exemplo
2881 4165 3021 4236 utar)
3055 4166 3195 4221 sicut
3222 4172 3375 4237 apud.

1788 4265 1889 4305 nos
1926 4249 2197 4320 pontifex,
2230 4253 2357 4307 dum
2389 4269 2485 4323 per
2538 4256 2828 4312 ministros
2877 4275 3007 4314 suos
3038 4277 3134 4315 seu
3179 4278 3363 4319 sacer—

1784 4344 1940 4397 dotes
1982 4345 2191 4413 eXpiat,
2239 4345 2627 4411 illuminatve,
2656 4351 2885 4420 ipsemet
2913 4354 3139 4424 expiare
3162 4367 3217 4412 et
3242 4359 3365 4414 illu.

1784 4438 1994 4493 minare
2042 4440 2263 4504 dicitur,
2297 4443 2441 4511 quod
2474 4443 2547 4498 illi
2602 4447 2841 4512 ordines,
2885 4464 3020 4517 quos
3049 4466 3377 4519 consecrat,-

1761 4540 2167 4597 sacrosanctos
2192 4548 2322 4588 suas
2354 4536 2406 4589 in
2441 4537 2617 4604 ipsum
2664 4539 2906 4595 referant
2953 4543 3203 4598 aetiones
3236 4567 3248 4599 ;
3280 4548 3363 4598 sie

1782 4622 2008 4691 angelus
2033 4638 2253 4692 quoque
2272 4626 2365 4695 qui
2400 4627 2711 4698 theologum
2766 4633 3051 4700 expiabat,
3084 4634 3357 4703 propriam

1779 4715 2049 4785 purgandi
2103 4718 2213 4771 vim
2271 4727 2435 4787 atque
2486 4719 2776 4775 scientiam
2837 4723 2946 4778 Deo
3000 4725 3243 4792 quidem,
3298 4734 3358 4778 ut

1775 4809 2011 4872 auctori,
2045 4811 2319 4878 seraphim
2353 4827 2505 4876 vero,
2541 4823 2797 4881 tanquam
2834 4815 3150 4884 primicerio
3180 4832 3361 4871 sacro-

1774 4917 1896 4956 rum
1946 4903 2207 4967 antistiti,
2245 4904 2521 4971 attribuit;
2556 4922 2619 4961 ac
2649 4909 2698 4961 si
2730 4910 2902 4973 dicat,
2938 4924 3062 4964 cum
3103 4909 3353 4977 angelica

1769 4994 2007 5061 quadam
2045 4996 2351 5049 reverentia
2381 5013 2504 5050 cum
2539 4999 2631 5066 qui
2659 5000 2996 5069 purgabatur
3023 5000 3350 5057 instituens:

1770 5084 1900 5155 Ejus
1945 5101 2068 5154 quae
2099 5089 2153 5139 in
2187 5096 2237 5147 te
2268 5102 2390 5142 meo
2426 5088 2737 5146 ministerio
2764 5092 3049 5161 perficitur
3084 5093 3353 5161 expiatio-

1776 5179 1861 5233 nis
1889 5217 1905 5243 ,
1940 5180 2272 5249 principium
2317 5182 2543 5251 quidem
2595 5185 2968 5254 praecipuum,
2997 5195 3054 5241 et
3100 5186 3345 5243 essentia

1363 5351 1596 5415 VARle
1640 5354 2040 5423 LECTIONES.

165 5489 1087 5602 ῖὶὶρείξηξῂχνῗῶιξξ,ἓψςίὶξξίρίξγχί)-
1170 5508 1212 5540 ﬂ
1240 5512 1677 5602 διαξάῖίνότητςις,
1715 5519 1777 5573 D.
1803 5533 1856 5573 et
1885 5520 2021 5602 Ded.
2050 5520 2390 5602 “ﬂoruerint;
2439 5522 2753 5602 άγνότητος.
2798 5520 3081 5602 ἁγνδητος,
3215 5538 3338 5602 cor-

101 5568 246 5635 rupto
290 5566 521 5632 opinor;
556 5566 690 5636 ejus’
720 5566 965 5628 lectionis

100 5627 190 5681 fall.
218 5630 273 5682 ί).
349 5635 391 5667 ⁸⁷
422 5636 807 5682 τελεσιουηέυῇ
873 5642 912 5682 n

102 5694 195 5791 ξςῖλν
220 5703 393 5781 μέσων
427 5724 515 5787 vos
524 5708 653 5779 ρῶν.

128 5769 137 5795 ¹
162 5769 563 5848 τελεάιουργῶν,
593 5780 694 5836 Ch.
714 5783 720 5789 ’

485 5583 673 5660 i998
720 5583 965 5660 tectio'uis
1002 5583 1705 5660 {atticnjestigiunucstin
1740 5590 2100 5644 translatiOne
2124 5583 2297 5654 Scoti,
2332 5583 2684 5655 vertitenifn,
2720 5583 3025 5660 incognit'w.

349 5635 391 5667 ιτ
422 5635 832 5722 “regentem,
872 5642 933 5699 ι).
1011 5648 1054 5677 ιε
1087 5648 1122 5718 ὴ
1152 5650 1261 5703 τῶν
1305 5635 1483 5722 ὴιῖῶν,
1514 5635 2080 5722 Μ’.“ι)ζέὶίῖὲἓ’ῗέἷιῖζ

3105 5593 3148 5624 ¹⁶
3177 5591 3336 5663 αὕτη,

2108 5660 2141 5735 ᾖ
2175 5660 2287 5735 τῶν
2320 5662 2427 5735 πρὸ
2470 5660 2646 5733 ἡμῶν,
2680 5658 3262 5735 τῶν-ἐσχάτων

781 5714 822 5745 ⁸³
850 5732 939 5786 γρ.
983 5714 1227 5799 φαεινήν.
1327 5714 1401 5755 ”²⁰
1426 5720 1563 5780 εἶναι
1591 5726 1758 5793 αίτία.
1793 5719 1954 5785 1).’8.
1985 5730 2046 5786 P.
2074 5714 2211 5785 εἶναι
2238 5714 2383 5785 αἰτίά
2413 5714 2701 5805 καίᾋρίή,
2741 5714 2841 5787 Ch.
2885 5733 2947 5790 γ.
2970 5714 3332 5797 animo“:
