3734 6312
96 278 231 347 309

630 289 720 346 DE
753 291 1083 350 εοειεδτι
1120 273 1545 351 HIERARCIIIA
1568 339 1580 362 ,
1616 296 1767 352 CAP.
1811 297 1944 353 Xlll.
1984 331 2051 341 —-
2085 297 2428 354 PARAPHB.
2467 296 2933 358 PACHYMERE.

3299 284 3423 361 me

103 402 404 485 sive_alia
443 406 658 474 species
687 422 888 463 arcana
925 411 1258 480 prophetiae.
1296 428 1402 466 non
1454 426 1679 483 possum
1732 413 2041 481 allirmarc;
2094 415 2236 470 Deus
2287 415 2681 485 prophetarum
2730 415 2921 480 novit,
2962 421 3022 469 et
3055 415 3254 485 quibus
3280 418 3439 473 talia.

102 474 506 544 contigerunt.
545 496 569 529 δ

194 544 342 599 Nota
384 556 569 627 autem
598 562 664 603 ex
702 549 772 611 ,P.
805 550 1059 627 Cornelio
1088 566 1361 627 congruas
1397 553 1609 625 aliquot
1642 555 1889 627 rationes
1921 555 2082 625 hujus
2110 556 2375 627 visionis.
2417 554 2622 619 Prima,
2655 568 2713 610 ut
2743 572 2841 625 per
2871 572 2990 611 eam
3023 558 3178 627 quasi
3210 573 3406 613 conse-

104 627 381 695 craretur
414 620 681 695 propheta
715 621 1101 695 et_apostolus.
1134 624 1420 695 Secunda,
1455 620 1512 676 ui
1545 640 1574 678 a
1614 626 1935 679 coelestibus
1986 620 2275 690 spiritibus
2306 627 2565 688 disceret,
2598 620 2872 695 quomodo
2901 620 3090 682 divina
3126 630 3410 683 tractanda

104 686 262 737 sint.
307 686 1038 763 Tertia:_ttt_.anirn'aretttr
1068 709 1097 745 a
1132 694 1243 747 Deo
1274 695 1341 747 ad
1375 686 1546 748 libere
1598 695 1942 763 arguendam
1996 686 2300 750 caecitatem
2345 686 2678 750 Iudaeorum.

2723 696 2925 764 Quarta
2951 740 2964 762 ,
3018 708 3077 751 ut
3122 700 3408 753 doceretur

111 758 480 838 mysterium.
510 757 615 838 δε.
664 759 990 838 Trinitatis,
1039 773 1095 838 et
1135 764 1293 819 nobis
1332 766 1481 838 idem
1527 757 1918 838 aduu‘ibraret.
1948 765 2112 820 Plura
2152 769 2274 822 vide
2314 770 2456 835 apud
2508 765 2565 819 P.
2614 757 2965 834 Cornelium,
2994 770 3087 838 qui
3132 774 3199 823 ad
3242 779 3411 838 caput

103 836 348 910 sextum
380 825 535 883 Isaiae
567 832 708 884 hanc
746 834 1015 888 visionem
1065 834 1185 891 fuse
1223 834 1504 906 explicat,
1551 845 1606 910 et
1646 835 1818 890 simul
1862 836 1953 889 illa
2000 851 2123 905 qua:
2172 825 2432 908 superius
2460 838 2529 892 ad
2564 848 2727 906 caput
2755 825 2967 892 sextum
3012 825 3067 894 et
3116 825 3405 909 septimum

106 896 465 954 notavimus.

1186 1108 1672 1166 PARAPHBASIS
1707 1108 2154 1165 PACIIYMEILE
2190 1111 2326 1183 (l8).

195 1261 228 1331 §
275 1260 317 1316 Ι.
359 1262 496 1333 Φέρε
532 1264 629 1316 καὶ
678 1264 873 1335 ἑτέραν
916 1263 1157 1335 ἀπορίαν
1189 1264 1516 1337 ζητήσωμεν
1541 1306 1555 1331 ,
1602 1265 1644 1316 ὲτ

1908 1263 1935 1336 §
1978 1262 2019 1318 Ι.
2064 1264 2302 1335 Agedum
2351 1267 2518 1320 etiam
2563 1266 2727 1320 aliam
2778 1267 3134 1336 quaestionem
3187 1269 3413 1336 indage-

104 1347 508 1425 ἑναντιοφανὲς
555 1352 694 1409 εῖναι
745 1357 895 1410 δοκεῖ
942 1361 1056 1422 τοῖς
1102 1358 1402 1430 λεχθεῖσιν-
1452 1360 1559 1431 ἔφη
1610 1360 1721 1433 γὰρ

108 1450 231 1520 πρὸ
278 1447 509 1511 τούτων,
556 1448 637 1501 ὅτι
687 1448 756 1501 τά
797 1448 1081 1523 κατώτερα
1114 1452 1218 1504 ὑπὸ
1244 1453 1355 1506 τῶν
1388 1454 1718 1526 ὑπερκειμέ-

106 1559 251 1603 νων,
281 1541 346 1594 οὐ
379 1541 487 1612 μὴν
513 1541 619 1594 τῶν
644 1542 909 1596 ἀνωτάτω
934 1543 1215 1614 μυοῦνται.
1246 1545 1388 1616 Ὅρα
1416 1545 1494 1609 δὲ,
1523 1546 1604 1598 ὅτι
1628 1547 1721 1599 καὶ⁸

103 1632 244 1683 τότε
273 1631 518 1703 ὲζητήθη
534 1632 728 1697 ταῦτα,
754 1635 846 1687 καὶ
880 1635 1153 1707 διαφόρως
1178 1637 1435 1710 ὲπελύθη.
1466 1640 1718 1708 Ζητεῖται

108 1724 253 1797 γὰρ,
286 1724 435 1788 τίνος
460 1724 627 1778 ἕνεκα
669 1726 809 1798 πρὸς
846 1727 939 1781 τὸν
972 1728 1200 1781 Ἡσαΐαν
1235 1731 1264 1783 6
1303 1731 1544 1801 σεραφὶμ
1585 1731 1720 1783 ἀπο-

110 1816 443 1880 στέλλεται,
496 1817 589 1869 καὶ
633 1818 733 1871 οὐκ
780 1819 845 1871 ὲκ
880 1817 990 1871 τῶν
1049 1820 1348 1873 κατωτάτω
1392 1820 1716 1891 ταγμάτων,

105 1908 244 1961 ἐπεὶ
273 1908 567 1980 ἐλέγομεν,
600 1908 879 1973 εὐτάκτως
920 1911 957 1980 ὴ
1007 1906 1208 1981 μύησις
1231 1911 1439 1979 γίνεται
1479 1910 1568 1963 διά
1608 1909 1719 1963 τῶν

109 1998 362 2069 πρώτων
409 2002 490 2063 είς
524 1999 593 2053 τὰ
630 1999 894 2073 δεύτερα·
941 2001 1030 2055 διὰ
1059 2004 1113 2055 τί
1159 2002 1290 2073 γοῦν
1335 2004 1587 2076 καθαίρει
1626 2004 1718 2059 τὸν

109 2092 412 2161 ὑποφήτην
440 2094 468 2145 6
499 2094 616 2155 ταῖς
650 2093 912 2146 ἀνωτάτω
948 2093 1165 2158 τάξεσιν
1189 2095 1536 2167 ἐναρίθμιοςῖ

190 2183 222 2256 §
268 2183 332 2237 ΙΙ.
376 2184 535 2243 Τινὲς
570 2185 670 2255 μὲν
708 2181 801 2238 οὖν
850 2203 1046 2255 φασιν,
1089 2188 1170 2240 ὅτι
1209 2188 1302 2241 καὶ
1342 2190 1370 2241 6
1420 2191 1720 2263 κατωτέρω

106 2273 354 2342 ἄγγελος
404 2275 711 2345 ὁμωνύμως
746 2277 987 2349 σεραφὶμ
1020 2277 1365 2348 ὀνομάζεται,
1411 2282 1532 2333 κατ’
1558 2282 1719 2334 αὐτὸν

104 2365 207 2415 τὸν
248 2363 354 2433 τῆς
387 2365 671 2429 κοινωνίας
698 2366 876 2433 λόγον,
910 2367 969 2420 ὃν
999 2369 1093 2421 καὶ
1136 2369 1401 2441 πρότερον
1434 2371 1715 2442 ἐλέγομεν,

103 2459 197 2510 δτι
238 2456 529 2529 μετέχουσι
563 2462 657 2513 καὶ
689 2460 759 2513 τά
785 2461 934 2515 κάτω
973 2462 1084 2516 τῶν
1114 2464 1594 2536 ὑπερϐεϐηκότων,
1623 2468 1717 2520 καὶ

105 2550 183 2603 τὰ
220 2551 643 2622 ὑπερϐεϐηκότα
684 2554 793 2607 τῶν
829 2556 1012 2608 κάτωο
1049 2558 1099 2609 εί
1140 2558 1234 2609 καὶ
1266 2557 1438 2611 ταῦτα
1476 2558 1576 2629 μὲν
1608 2558 1719 2610 ὀλι-

1829 1373 1983 1420 mus,
2015 1358 2274 1425 quoniam
2313 1360 2527 1412 videtur
2569 1374 2693 1417 esse
2728 1361 2889 1415 dictis
2932 1362 3240 1415 contraria:
3270 1362 3411 1415 dixit

1822 1448 1968 1503 enim
1997 1460 2185 1515 antea,
2218 1448 2509 1505 inferiores
2540 1466 2567 1505 a
2599 1453 3061 1521 prtecedentibus,
3094 1469 3199 1508 non
3226 1439 3413 1509 autem.

1824 1555 1853 1591 a
1887 1545 2159 1608 supremis
2190 1541 2398 1597 doceri.
2432 1543 2673 1599 Observa
2719 1554 2931 1611 autem,
2958 1554 3016 1599 ut
3049 1556 3104 1600 et
3140 1546 3253 1600 haec
3282 1554 3409 1601 tunc

1823 1633 2075 1701 qumsita,
2102 1643 2158 1688 et
2186 1633 2558 1691 diversimode
2582 1636 2758 1689 soluta
2784 1636 2913 1690 sint.
2941 1635 3217 1702 Quaaiitur
3239 1638 3403 1703 enim,

1822 1739 1921 1776 cur
1950 1725 2015 1777 ad
2040 1721 2236 1778 Isaiam
2268 1726 2545 1796 seraphim
2578 1728 2855 1792 mittatur,
2882 1739 2935 1782 et
2974 1744 3080 1781 non
3109 1728 3311 1800 aliquis
3342 1745 3407 1783 ex

1821 1818 2110 1873 ordinibus
2154 1818 2539 1883 inferioribus,
2585 1822 3031 1890 quandoquidem
3079 1820 3405 1887 dixerimus,

1820 1912 2073 1966 ordinate
2100 1911 2415 1967 doctrinam
2463 1914 2603 1967 tradi
2647 1928 2746 1983 per
2774 1915 2979 1984 primos
3008 1915 3362 1969 inferioribus
3388 1934 3403 1968 :

1801 2018 1992 2072 quare
2019 2018 2150 2073 ergo
2183 2003 2512 2073 pr0phetam
2562 2006 2747 2075 expiat
2796 2006 2840 2061 is
2888 2005 2981 2076 qui
3015 2007 3286 2075 supremis
3317 2023 3407 2061 or-

1808 2094 2038 2170 dinibus
2071 2096 2512 2151 annumeratur?

1892 2188 1921 2260 ς
1957 2188 2018 2242 ll.
2058 2189 2241 2259 Aliqui
2290 2190 2477 2259 itaque
2513 2189 2726 2255 dicunt,
2784 2191 3103 2247 inferiorem
3149 2192 3402 2262 angelum

1820 2283 2055 2337 uuivoce
2102 2283 2382 2352 seraphim
2431 2284 2744 2349 nominari,
2798 2280 3100 2339 secundum
3153 2290 3403 2349 eamdem

1820 2375 2347 2429 communicationis
2378 2375 2643 2429 rationem
2673 2391 2836 2444 quam
2889 2386 3055 2430 antea
3105 2378 3406 2447 assignavi-

1822 2481 1944 2521 mus
1969 2505 1987 2533 ,
2019 2468 2179 2537 117
2212 2468 2356 2538 quod
2388 2467 2648 2521 nimirum
2698 2466 2991 2523 inferiores
3032 2483 3096 2523 ea
3141 2485 3263 2538 qua:
3312 2484 3406 2522 su-

1820 2560 2093 2629 periorum
2146 2572 2275 2618 sunt
2312 2560 2686 2631 participent,
2738 2562 2817 2614 uti
2865 2570 2919 2615 et
2971 2561 3286 2630 superiores
3340 2574 3404 2614 ea

110 2644 232 2706 κῶς
256 2686 270 2707 ,
308 2644 380 2697 τὰ
413 2646 468 2698 δὲ
501 2647 653 2700 κάτω
697 2647 809 2701 τῶν
863 2650 1320 2722 ὑπερϐεϐηκότων
1368 2652 1610 2723 μερικῶς

1895 2668 1940 2707 ιε
1970 2662 2097 2708 sunt
2140 2653 2495 2720 inferiorum;
2532 2654 2659 2710 licet
2683 2654 2737 2709 hi
2768 2653 2984 2723 quidem
3023 2654 3293 2718 totaliter,
3324 2656 3403 2723 illi

110 2737 212 2791 καὶ
246 2737 655 2809 ἀμυδροτέρως.
690 2740 789 2793 Διά
814 2740 973 2793 τοῦτο
997 2742 1094 2813 οὐχ
1120 2741 1216 2795 ἕνα
1247 2742 1356 2795 τῶν
1390 2744 1715 2813 πρωτίστων

112 2830 370 2901 σεραφὶμ
406 2830 663 2901 ὀνομάζει
701 2833 762 2886 τὸ
806 2833 986 2902 λόγιον
1027 2836 1119 2889 ἐπὶ
1162 2836 1261 2908 τὴν
1310 2838 1577 2909 κάθαρσιν
1619 2839 1715 2893 τοῦ

113 2923 405 2993 προφήτου
438 2922 791 2993 ἐληλυθέναι,
824 2924 950 2978 τινὰ
988 2926 1045 2979 δὲ
1087 2926 1196 2979 τῶν
1237 2929 1567 2983 κατωτάτων
1612 2931 1715 3000 ἀγ-

110 3014 313 3081 γέλων,
350 3013 446 3065 καὶ
477 3017 592 3077 τοῖς
615 3014 927 3087 ἀνθρώποις
963 3018 1365 3089 ἐφεστηκότων,
1394 3020 1470 3085 ὡς
1504 3022 1717 3094 ἱερουρ-

110 3110 213 3177 γὸν
246 3107 351 3177 τῆς
383 3108 705 3180 καθάρσεως
726 3151 742 3175 ,
780 3112 1023 3183 σεραφὶμ
1053 3112 1360 3185 ὁμωνύμως
1410 3116 1712 3188 κληθῆναι·

113 3204 371 3272 σεραφὶμ
397 3201 506 3273 γὰρ
538 3192 867 3275 ὲμπρηστὴς
894 3204 925 3275 ἢ
973 3205 1285 3276 θερμαίνων
1327 3209 1712 3280 ἑρμηνεύεται.

124 3294 287 3348 Ἐπεὶ
297 3290 393 3347 οὖν
410 3294 517 3347 ἔδει
534 3295 799 3367 πρότερον
821 3297 929 3349 ἀπὸ
945 3297 1053 3351 τῶν
1071 3300 1357 3371 ἁμαρτιῶν
1374 3301 1715 3373 καθαρθῆναι

112 3390 209 3440 τὸν
257 3387 580 3459 προφήτην,
617 3390 709 3441 καὶ
742 3385 859 3441 εἶτα
886 3391 1157 3467 μυηθῆναι
1188 3391 1257 3445 τά
1290 3392 1427 3459 θεῖα,
1461 3393 1665 3465 ἐκλήθη
1686 3398 1716 3448 6

114 3480 404 3552 καθαίρων
439 3481 533 3533 καὶ
556 3478 929 3552 ἀναζωπυρῶν
955 3482 1183 3551 ἄγγελος
1217 3484 1306 3537 διὰ
1332 3486 1431 3557 τὴν
1459 3486 1714 3559 τοιαύτην

113 3573 411 3642 ἐνέργειαν
445 3572 706 3644 σεραφίμ.
764 3572 852 3634 Ὠς
890 3572 1019 3640 γοῦν
1051 3574 1373 3646 ὲμπρηστὴς
1404 3576 1502 3640 τὰς
1537 3576 1717 3648 ἁμαρο

112 3665 240 3729 τίας
260 3664 602 3718 κατέκαυσεν
620 3681 633 3693 °
656 3664 731 3727 ὡς
753 3663 807 3716 δὲ
830 3664 1138 3736 θερμαίνων
1162 3667 1261 3740 τὴν
1288 3668 1424 3739 πρὸς
1443 3668 1542 3740 τὴν
1564 3668 1715 3721 θείαν

117 3757 372 3828 ὑπακοὴν
404 3759 705 3829 ἐνήργησεν
738 3757 1179 3830 ἀναζωπύρησιν
1225 3759 1379 3814 Ἰδοὺ
1417 3760 1529 3829 γὰρ
1566 3761 1710 3829 ἐγὼ,

118 3851 310 3922 φησίν.
343 3849 503 3902 Ὅθεν
526 3851 619 3903 καὶ
636 3849 745 3903 ἀπὸ
769 3850 865 3921 τῆς
898 3850 1176 3921 ἐνεργείας
1204 3851 1408 3923 ἐκλήθη
1433 3853 1461 3903 6
1485 3852 1713 3921 ἄγγελος

121 3944 389 4014 θεραφὶμ’
418 3944 512 3998 καὶ
540 3943 639 3996 οὐκ
669 3938 738 4015 ἦν
776 3938 856 4008 εἷς
888 3943 998 3999 τῶν
1032 3943 1173 4016 πρὸς
1208 3944 1300 3997 τὸν
1326 3944 1456 3997 Θεὸν
1488 3947 1582 3998 καὶ
1612 3944 1713 4015 τῆς

122 4038 353 4110 πρώτης
389 4034 615 4101 τάξεως.

196 4229 235 4301 ᾗ
267 4229 364 4282 Ill.
408 4227 633 4297 Ἕτερος
662 4225 840 4289 δέλτις
869 4225 1069 4282 δέδωκε
1102 4223 1255 4278 λύσιν
1304 4223 1406 4295 τῆς
1454 4224 1710 4295 τοιαύτης

122 4321 361 4390 ἀπορίας
385 4319 447 4371 οὐ
474 4319 679 4390 σφόδρα
711 4318 931 4372 ἄτοπον.
967 4318 1139 4371 Τοῦτο
1162 4318 1218 4371 δὲ
1249 4318 1310 4371 οὐ
1338 4319 1555 4383 πάντως
1578 4319 1715 4390 πρὸς

126 4415 421 4485 σύγκρισιν
443 4411 538 4464 τοῦ
575 4411 797 4483 μετρίου
821 4410 1064 4481 εἴρηκεν,
1100 4411 1266 4482 ἤγουν
1298 4411 1460 4483 τυχὸν
1515 4412 1717 4465 ἄτοπον

128 4507 250 4577 μὲν,
286 4504 404 4559 ἀλλ’
425 4504 485 4556 οὺ
522 4503 747 4575 σφόδρα,
782 4502 921 4555 ἀλλά
954 4501 1192 4573 μετρίως
1226 4501 1447 4557 ἄτοπον.
1483 4504 1559 4557 Οὐ
1594 4498 1717 4557 τοῦ·

124 4596 369 4664 το,,ἀλλά
402 4596 526 4650 οὔτε
563 4598 785 4660 ἄτοπον,
820 4595 943 4648 οὗτε
978 4594 1203 4666 σφόδρα,
1240 4595 1382 4651 κατά
1435 4597 1624 4667 σχῆμα
1653 4597 1716 4649 τὸ

127 4695 236 4751 ἀπὸ
250 4692 435 4748 κοινοῦ
455 4710 469 4722 υ
502 4691 684 4755 καθὼς
720 4692 817 4745 καὶ
831 4693 859 4744 6
887 4690 1060 4761 μέγας
1082 4690 1380 4761 Γρηγόριος
1404 4689 1715 4758 ἁθεολόγος

108 4786 183 4861 ,ἐν
212 4804 321 4843 τινι
346 4783 656 4837 τῶνναύτοῦ
690 4783 866 4851 λόγων
899 4782 1160 4844 διδάσκει,
1200 4782 1277 4845 ὡς
1296 4780 1427 4835 τοῦθ
1471 4801 1489 4832 ι
1518 4781 1593 4835 Οὐ
1627 4778 1715 4835 διὰ

123 4878 222 4941 τὰς
253 4876 604 4938 δικαιοσύνας
637 4874 793 4945 ἡμῶν
815 4874 881 4937 ἃς
913 4874 1249 4945 ἐποιήσαμεν
1268 4890 1283 4904 δ
1304 4874 1367 4925 οὐ
1390 4872 1499 4945 γὰρ
1531 4871 1716 4941 ἐποιή-

130 4987 320 5041 σαμεν.
347 4988 369 5019 ι
397 4968 508 5020 Καὶ
534 4966 696 5019 πάλιν
712 4983 724 4995 ⁸
750 4967 875 5018 Οὐκ,
899 4964 967 5017 ἐκ
986 4964 1207 5033 μέτρου
1232 4963 1481 5017 δίδωσιν
1504 4966 1536 5015 ὁ
1570 4960 1715 5025 Θεὸς

132 5062 193 5115 τὸ
236 5060 502 5127 πνεῦμα,
527 5056 712 5119 καθὼς
746 5055 897 5128 παρά
946 5055 1026 5126 τῷ
1074 5054 1448 5125 Εὑαγγελιστῇ
1488 5053 1713 5123 Ἰωάννῃ

112 5152 373 5224 εὕρηται.
412 5146 549 5205 Είπε
583 5148 763 5201 τοίνυν
797 5150 1006 5210 ἐκεῖνος
1034 5146 1329 5215 ἀπολογίαν
1362 5145 1604 5214 εὔλογον,
1633 5146 1715 5199 ὅτι

1826 2760 1958 2800 vero
1986 2755 2194 2801 tantum
2221 2760 2287 2801 ex
2310 2755 2466 2813 parte
2488 2756 2544 2800 et
2571 2745 2873 2800 remissiori
2903 2747 3100 2815 gradu.
3134 2746 3403 2812 Quocirca

1819 2851 1930 2891 non
1964 2836 2100 2889 dicit
2145 2836 2455 2904 oraculum,
2496 2837 2796 2905 primorum
2834 2835 3073 2903 aliquem
3124 2834 3402 2903 seraphin:

1817 2928 1885 2983 ad
1916 2927 2246 2999 prophetam
2268 2928 2600 2999 expiandum
2647 2928 2960 2989 advenisse.
2990 2927 3086 2981 sed
3113 2928 3403 2996 quemdam

1821 3033 1889 3074 ex
1946 3016 2305 3073 inferioribus
2354 3019 2564 3089 angelis
2622 3017 2715 3087 qui
2776 3016 3094 3071 hominibus
3142 3006 3407 3084 praesunt,

1821 3118 2082 3180 tanquam
2123 3111 2464 3180 expiationis
2495 3110 2913 3171 administrum,
2941 3108 3130 3161 eodem
3164 3123 3287 3161 cum
3318 3121 3405 3161 se-

1819 3204 2034 3272 raphim
2081 3204 2305 3258 nomine
2346 3212 2637 3258 vocatum:
2673 3200 2951 3269 seraphim
2977 3201 3123 3254 enim
3156 3200 3405 3253 incensor

1820 3295 1903 3351 vel
1934 3296 2227 3365 calefactor
2277 3297 2691 3364 interpretatur.
2742 3294 2876 3349 Cum
2930 3296 3116 3364 itaque
3166 3293 3402 3363 primum

1817 3398 2099 3459 oporteret
2130 3405 2157 3443 a
2195 3389 2439 3459 peccatis
2467 3388 2791 3460 prophetam
2827 3386 3040 3457 expiari
3062 3426 3078 3447 .
3110 3402 3173 3440 ac
3207 3384 3403 3440 deinde

1818 3482 2005 3535 divina
2044 3482 2299 3545 edoceri,
2345 3483 2391 3537 is
2427 3481 2690 3551 angelus,
2725 3480 2817 3550 qui
2862 3494 2987 3532 eum
3040 3476 3293 3545 expiabat
3338 3490 3402 3531 ac

1820 3573 2183 3628 resuscitabat
2206 3612 2222 3638 ,
2255 3581 2479 3642 propter
2511 3572 2819 3627 istiusmodi
2850 3570 3223 3639 Operationem
3252 3584 3403 3623 sera.

1818 3666 1970 3734 phim
2004 3665 2330 3721 vocabatur.
2360 3665 2645 3733 Tanquam
2682 3664 2938 3717 incensor
2969 3662 3153 3732 itaque
3178 3669 3400 3730 peccatu

1817 3755 2199 3819 comburebat,
2249 3764 2508 3824 tanquam
2542 3754 2840 3808 calefactor
2893 3767 3022 3807 vero
3055 3752 3122 3805 ad
3159 3748 3401 3805 divinam

1817 3850 2189 3904 obedientiam
2224 3850 2400 3918 ipsum
2430 3849 2726 3902 excitabat.
2758 3844 2896 3900 Ecce
2944 3846 3083 3899 enim
3128 3860 3207 3897 me
3235 3841 3282 3909 ι,
3318 3844 3401 3897 in-

1818 3945 1959 4012 quit.
1989 3944 2169 4011 Quare
2194 3942 2357 3996 etiam
2393 3942 2459 3994 ab
2505 3942 2610 3995 isto
2661 3950 2785 3994 actu
2845 3936 3079 4009 angelus
3118 3938 3397 4006 scraphim

1742 4023 1785 4079 Ο
1821 4045 2050 4091 vocatus
2085 4045 2190 4097 est,
2244 4051 2368 4090 cum
2420 4050 2525 4087 non
2578 4023 2914 4089 esset'unus
2964 4047 3032 4087 ex
3088 4033 3265 4102 primo
3295 4031 3400 4086 isto

1820 4130 2036 4193 ordine,
2068 4139 2124 4183 et
2151 4128 2241 4197 qui
2273 4128 2420 4181 circa
2453 4128 2619 4182 Deum
2647 4137 2798 4183 sunt.

1895 4221 1927 4292 §
1967 4220 2050 4276 Ill.
2087 4220 2316 4287 Quidam
2365 4215 2503 4273 alius
2554 4218 2681 4273 item
2712 4234 2817 4273 non
2846 4217 3141 4272 admodum
3193 4216 3395 4271 incon-

1816 4330 2010 4385 gruam
2066 4315 2233 4383 hujus
2260 4310 2582 4383 quiestionis
2611 4310 2936 4365 solutionem
2969 4307 3223 4365 tradidit.
3258 4308 3397 4363 Illud

1817 4418 2000 4463 autem
2035 4422 2143 4461 non
2173 4406 2396 4463 omnino
2448 4404 2515 4460 ad
2542 4404 3014 4476 comparationem
3051 4396 3399 4458 mediocrita-

1820 4504 1889 4557 tis
1918 4500 2121 4563 retulit,
2154 4514 2220 4553 ac
2253 4498 2297 4552 si
2348 4497 2491 4552 forte
2524 4496 2824 4552 absurdum
2872 4497 3117 4566 quidem,
3152 4498 3247 4552 sed
3285 4513 3393 4551 non

1817 4593 2084 4660 valde,_at
2110 4591 2465 4645 mediocriter
2488 4590 2784 4645 absurdum
2819 4598 2985 4643 esset.
3017 4587 3133 4643 Non
3159 4590 3269 4643 ita:
3298 4590 3394 4643 sed

1816 4701 1993 4755 neque
2048 4685 2370 4749 absurdum,
2420 4696 2597 4752 neque
2646 4682 2804 4736 valde
2856 4681 3176 4745 absurdum,
3234 4680 3392 4749 juxta

1815 4792 2164 4833 communem
2201 4776 2457 4845 loquendi
2495 4776 2751 4840 formam,
2779 4772 3245 4842 quemadmodum
3276 4764 3394 4824 ma-

1815 4885 1958 4939 gnus
1992 4868 2085 4923 ille
2118 4864 2735 4937 GregoriusTheologus
2769 4864 2824 4917 in
2854 4864 3091 4933 quodam
3139 4877 3393 4916 sermone

1816 4976 1916 5016 suo
1940 4961 2201 5027 docet,ut
2224 4958 2277 5011 in
2302 4956 2394 5011 illo
2424 4972 2440 5011 :
2470 4954 2616 5010 «Non
2652 4956 2946 5009 secundum
2969 4953 3390 5022 iustiﬁcationes

1818 5062 2057 5119 nostras,
2086 5064 2224 5120 quas
2261 5049 2492 5103 fecimus
2526 5063 2662 5113 nos;
2693 5063 2870 5118 neque
2897 5048 3041 5101 enim
3069 5046 3330 5109 fecimus;
3363 5065 3385 5099 ι

1816 5154 1869 5199 et
1896 5144 2095 5197 iterum
2124 5160 2138 5195 :
2172 5140 2295 5194 Non
2338 5142 2407 5194 ad
2452 5156 2756 5195 mensuram
2780 5141 2867 5192 dat
2894 5138 3036 5192 Deus
3059 5137 3301 5205 spiritum
3323 5146 3387 5203 ’⁵,

131 5244 225 5295 οὐκ
273 5231 503 5304 ἀπεικὸς
534 5235 625 5310 ἦν,
669 5238 763 5291 τὸν
812 5237 911 5308 μὲν
958 5238 1244 5309 προφήτην
1277 5237 1578 5307 ἀναχθῆναι
1626 5236 1644 5288 ε

1893 5247 1959 5289 ,ut
2000 5235 2052 5288 in
2088 5232 2425 5305 evangelista
2458 5231 2669 5286 Joanne
2707 5232 3003 5299 reperitur.
3030 5229 3386 5283 Protulitita-

132 5351 268 5397 τινος
312 5333 424 5387 τῶν
475 5328 798 5399 tepenti:er
852 5328 1009 5399 ἡμῶν
1059 5328 1324 5397 ἀγγέλων
1385 5328 1524 5391 τέως
1585 5326 1643 5379 δὲ
1684 5328 1714 5379 6

132 5428 369 5490 τοιοῦτος
400 5425 632 5494 ἄγγελος
663 5427 693 5479 6
723 5423 1023 5485 διαπλάσας
1066 5423 1166 5493 τὴν
1198 5420 1454 5492 τοιαύτην
1487 5421 1711 5492 ὅρασινο

135 5522 193 5573 οὐ
246 5522 357 5592 γὰρ
386 5517 573 5589 γυμνά
605 5516 907 5590 πράγματα
961 5516 1057 5571 καὶ
1108 5514 1298 5579 οὐσίας
1341 5514 1391 5566 ot
1437 5513 1713 5585 προφῆται

211 5666 224 5704 ι
259 5666 361 5721 lsa.
397 5683 472 5721 vt.
550 5676 588 5703 ιη
613 5664 772 5719 Ιοιιη.
802 5679 886 5725 tu.
921 5663 1010 5718 54.

208 5781 316 5851 (l8)
366 5779 501 5838 Vide
524 5780 707 5837 Schol.
736 5780 792 5836 S.
826 5778 1073 5848 Maximi,
1104 5788 1233 5834 to‘m.
1271 5775 1335 5844 11,
1365 5788 1480 5849 cap.
1526 5767 1612 5843 15,

1815 5340 1921 5397 que
1975 5326 2264 5379 honestam
2300 5322 2748 5391 prtecautionem,
2782 5318 2923 5387 quod
2977 5331 3084 5370 non
3135 5315 3388 5370 absimile

1817 5416 1982 5481 esSet,
2020 5416 2339 5486 prophetam
2385 5414 2683 5467 adductum
2718 5425 2841 5466 esse
2873 5423 2971 5478 per
2997 5408 3235 5476 aliquem
3286 5408 3388 5461 uo-

1817 5511 1901 5567 bis
1938 5509 2354 5581 praepositorum
2386 5506 2731 5579 angelorum.
2777 5502 2876 5561 llic
2929 5512 3112 5559 autem
3165 5498 3399 5574 angelus
