3722 6298
329 242 438 302 ,311

1523 245 1584 300 S.
1619 245 1920 302 DIONYSII
1955 246 2425 304 ABEOPAGITE

3523 252 3634 311 312

344 357 636 414 elllnxerat
661 357 930 427 ejusmodi
956 359 1223 414 visionem
1257 381 1269 414 ;
1301 372 1408 414 non
1452 360 1600 414 enim
1630 359 1807 414 nudas

2158 379 2242 427 ων,
2272 363 2388 416 ἀλλ’
2410 362 2707 435 αίνίγματα
2741 361 2834 418 καὶ
2869 361 3114 436 σΰμδολα
3145 365 3302 439 παρά
3329 367 3444 431 τῶν
3462 370 3628 439 ἀγγέ-

344 462 396 503 et
426 455 699 508 essentias
724 454 1005 523 prophetae
1035 453 1315 516 videbant,
1342 451 1435 506 sed
1463 453 1754 521 aenigmata
1785 469 1932 524 sym-

350 543 583 614 bolaque
622 543 690 598 ab
719 543 930 613 angelis
963 537 1165 598 efficta.
1196 542 1301 598 Iste
1346 544 1516 614 igitur
1565 542 1795 613 angelus
1839 544 1928 612 qui

350 637 659 707 theologum
696 636 1007 710 erudiebat,
1058 637 1283 692 adduxit
1330 636 1476 692 hunc
1520 636 1587 690 ad
1647 637 1840 698 Deum,
1876 646 1930 690 et

343 735 411 786 ad
447 732 677 800 primam
700 747 821 800 qua:
844 745 970 801 post
999 731 1168 787 Deum
1187 743 1272 788 est
1296 733 1694 797 ltierarcltiam,
1719 732 1932 787 scilicet

344 823 621 892 serapbim
655 840 668 875 :
701 823 775 878 ita
807 833 868 877 ut
902 824 1102 879 iterum
1129 825 1389 880 adductio
1422 833 1570 880 esset
1600 825 1782 894 angeli
1823 826 1926 876 ad-

345 913 620 968 ducentis.
665 917 730 969 Et
765 917 843 970 ait
877 930 1105 972 sanctus
1137 919 1296 973 istam
1339 917 1589 972 fortassis
1617 919 1928 971 orationem

344 1019 474 1057 esse
507 1019 717 1059 veram.
761 1007 1048 1072 Quomodo
1081 1017 1261 1062 autem
1295 1022 1422 1061 vera
1455 1007 1548 1070 sit,
1583 1007 1932 1062 demonstrat

343 1095 673 1164 explicando
713 1113 778 1152 ea
830 1113 951 1168 quae
983 1098 1143 1154 dixit.
1200 1097 1490 1154 Referebat
1523 1099 1698 1165 enim,
1727 1097 1926 1168 inquit,

329 1185 460 1266 ille,
487 1189 766 1256 quomodo
809 1189 992 1244 divina
1039 1190 1119 1244 vis
1148 1191 1214 1244 ad
1261 1193 1442 1245 omnia
1485 1191 1928 1261 pertingeret,ct

343 1279 410 1331 ad
445 1280 630 1334 omnia
661 1279 1118 1350 incompreheuse
1148 1296 1212 1337 ac
1245 1283 1365 1337 sine
1395 1281 1650 1337 mistione
1676 1297 1930 1350 permea-

347 1382 470 1426 ret:
504 1388 610 1426 non
665 1373 810 1428 enim
865 1373 938 1427 ita
997 1374 1310 1429 continetur
1343 1375 1412 1428 ab
1447 1375 1650 1445 aliquo,
1689 1383 1749 1428 ut
1800 1375 1927 1430 alibi

345 1478 451 1517 non
481 1464 730 1533 prodeat.
795 1463 964 1536 118
983 1465 1048 1519 Et
1082 1465 1301 1531 iterum,
1330 1466 1590 1522 omnibus
1634 1477 1715 1522 est
1741 1465 1928 1521 occul-

347 1556 434 1607 tus
461 1555 527 1608 ob
562 1553 697 1609 duas
729 1555 828 1611 has
861 1572 1078 1620 causas,
1111 1557 1253 1626 quod
1286 1557 1544 1611 nimirum
1575 1560 1642 1612 ab
1673 1558 1929 1612 omnibus

345 1646 890 1713 superessentialiter
915 1659 1203 1716 exemptus
1222 1647 1316 1714 sit,
1342 1659 1396 1702 et
1418 1648 1698 1703 dissimilis
1722 1649 1927 1720 (simile

332 1735 524 1792 autem
562 1754 591 1792 a
618 1738 785 1794 simili
839 1741 1254 1810 cognoscitur);
1306 1751 1361 1796 et
1416 1740 1598 1795 oeulte
1633 1741 1926 1809 providen-

347 1832 451 1884 tias
494 1846 621 1885 suas
673 1831 1017 1886 transfundat
1068 1833 1216 1904 (quis
1272 1833 1421 1887 enim
1495 1831 1646 1887 novit
1702 1847 1923 1887 sensum

348 1923 559 1975 Domini
582 1923 662 1994 1’);
695 1936 756 1978 ut
798 1924 997 1978 merito
1024 1938 1242 1995 semper
1275 1923 1588 1993 vigilemus,
1619 1924 1926 1980 ueseicutes

345 2017 586 2070 rationes
619 2018 757 2086 ejus.
787 2027 844 2071 et
896 2017 1083 2070 horam
1134 2033 1240 2086 qua
1293 2033 1378 2070 res
1427 2018 1690 2087 qualibet
1719 2017 1928 2070 utiliter

345 2102 683 2172 disponetur.
713 2102 865 2156 Hanc
895 2103 1077 2170 itaque
1106 2104 1528 2158 illustrationem
1557 2105 1721 2160 etiam
1758 2103 1921 2174 Spiri-

328 2177 543 2246 "talibus
589 2195 845 2248 essentiis
892 2195 1237 2260 transmittit,
1285 2212 1474 2251 verum
1517 2213 1615 2268 pro
1662 2196 1926 2268 cujusque

345 2292 527 2350 captu,
552 2295 605 2336 et
633 2282 789 2354 juxta
827 2300 1136 2339 mensuram
1168 2285 1388 2340 virtutis
1422 2285 1612 2341 eorum
1652 2288 1745 2358 qui
1771 2287 1916 2340 illam

345 2375 638 2443 rccipiunt,
662 2376 896 2444 primum
933 2389 1129 2446 nempe
1154 2377 1368 2444 primis,
1397 2386 1452 2430 et
1483 2391 1583 2446 per
1627 2377 1746 2432 illos
1779 2377 1923 2432 infe-

345 2464 616 2520 ﬂoribus:
666 2464 744 2518 uti
794 2466 956 2519 etiam
1013 2465 1234 2533 proprio
1288 2480 1354 2518 ac
1400 2463 1642 2519 sensibili
1673 2464 1923 2532 exemplo

345 2557 606 2620 declarat,
636 2557 779 2627 quod
812 2559 877 2612 iis
908 2558 1125 2628 quidem
1181 2573 1300 2626 qua
1351 2557 1612 2611 dicuntur
1640 2573 1747 2612 non
1784 2559 1924 2612 satis

344 2647 621 2714 congruit,
647 2647 803 2702 nobis
854 2659 1032 2703 tamen
1091 2658 1276 2703 notum
1323 2657 1424 2701 est.
1469 2646 1721 2716 Propone
1775 2649 1921 2703 enim

346 2740 562 2804 radium
615 2741 884 2807 solaretn;
935 2741 1023 2797 hic
1080 2741 1354 2811 trajicitur
1385 2739 1442 2794 in
1476 2739 1712 2810 primam
1747 2751 1920 2795 mate-

349 2831 484 2886 riam
513 2831 957 2902 perlucidiorem,
991 2833 1216 2896 vitrum,
1246 2830 1397 2887 verbi
1419 2831 1627 2902 gratia,
1655 2846 1751 2900 per
1779 2834 1920 2900 quod

342 2923 549 2980 clarius
582 2923 822 2995 alfulget.
870 2925 1154 2993 Quomodo
1186 2923 1431 2980 clarius?
1454 2922 1620 2979 Nobis
1648 2923 1919 2988 videlicet,

2033 451 2144 505 λων
2169 452 2619 524 διαπλαττόμενα.
2669 455 2726 506 'U
2759 452 2988 523 ἄγγελος
3019 455 3198 510 τοίνυν
3231 460 3448 522 ἐκεῖνος
3477 462 3506 513 ό
3531 463 3630 513 τὸν

2034 552 2285 621 θεολόγον
2335 552 2486 624 μυῶν
2519 553 2685 625 ἀνῆγε
2722 554 2913 610 τοῦτον
2945 557 3036 610 ἐπὶ
3067 556 3220 623 Θεὸν,
3256 561 3353 613 καὶ
3387 560 3483 612 ἐπὶ
3527 562 3628 631 τὴν

2039 646 2270 719 πρώτην
2316 645 2600 718 ίεραρχίαν
2637 648 2738 719 τὴν
2775 647 2918 718 μετά
2950 648 3102 716 Θεὸν,
3133 650 3376 721 δηλονότι
3420 651 3489 704 τὰ
3539 670 3630 706 σε·

2036 739 2244 812 ραφίμ·
2295 739 2434 794 ὥστε
2487 740 2650 795 πάλιν
2696 743 2729 812 ή
2776 740 2968 811 ὁδηγία
2999 743 3271 815 παράτοῦ
3317 744 3553 813 ἀγγέλου

2032 829 2125 882 τοῦ
2182 829 2493 898 ἀνάγοντος.
2544 831 2651 883 Καὶ
2701 830 2849 899 λέγει
2903 833 2932 885 ό
2981 832 3162 900 ἅγιος·
3209 834 3442 904 Μήποτέ
3477 837 3628 886 ἐστιν

2032 921 2238 994 ἀληθὴς
2279 917 2434 986 οὗτος
2469 925 2499 976 ό
2534 923 2710 991 λόγος.
2755 924 2881 988 Πῶς
2917 924 2974 978 δέ
3008 925 3235 998 ἀληθὴς,
3270 927 3629 980 ἀποδείκνυσι

2030 1014 2188 1069 τοῦτο
2226 1014 2333 1069 ἀπὸ
2357 1015 2459 1085 τῆς
2494 1016 2588 1069 τοῦ
2635 1016 2882 1081 εἰπόντος
2913 1016 3242 1089 ἐξηγήσεως.
3276 1019 3474 1087 Ἔλεγε
3516 1019 3633 1090 γὰρ

2033 1107 2260 1171 ἐκεῖνος,
2290 1108 2476 1176 φησὶν,
2513 1107 2590 1171 ὡς
2623 1109 2656 1180 ή
2691 1106 2814 1161 θεία
2832 1107 3060 1180 δύναμις
3085 1111 3178 1162 ἐπὶ
3221 1111 3404 1164 πάντα
3434 1115 3630 1184 χωρεῖ,

2035 1201 2128 1254 καὶ
2151 1199 2240 1252 διὰ
2272 1199 2495 1253 πάντων
2529 1200 2707 1271 διήκει
2735 1200 2978 1270 ἀσχέτως
2999 1202 3090 1254 καὶ
3113 1202 3446 1273 ἀκρατήτως
3463 1222 3478 1234 ο
3502 1204 3629 1257 οὐδὲ

2032 1290 2143 1362 γὰρ
2181 1289 2474 1361 κατέχεταί
2519 1307 2647 1356 τινι,
2693 1291 2770 1355 ὡς
2813 1292 2887 1364 μὴ
2923 1292 3158 1364 ἑτέρωσε
3193 1293 3478 1364 φοιτῆσαι.
3513 1295 3636 1348 Καὶ.

2032 1383 2216 1445 πάλιν,
2250 1383 2416 1436 πᾶσίν
2448 1383 2596 1437 ἐστιν
2636 1383 2850 1455 ἀφανὴς
2877 1362 2978 1436 Ὕδιά
3004 1383 3097 1436 δύο
3127 1382 3281 1448 τινὰς
3313 1362 3517 1450 αἰτίας,
3543 1387 3630 1440 ὅτι

2029 1490 2088 1526 τε
2123 1473 2460 1544 ὑπερουσίως
2500 1471 2757 1546 ἐξῄρηται
2788 1473 3026 1540 πάντων,
3058 1474 3154 1528 καὶ
3187 1475 3445 1546 ἀνόμοιός
3485 1478 3630 1541 ἐστι,

2033 1563 2113 1635 (τὸ
2145 1565 2329 1635 ὅμοιον
2361 1564 2419 1618 δὲ
2440 1563 2520 1634 τῷ
2551 1563 2720 1636 ὁμοίῳ
2752 1564 3234 1638 γινώσκεταιο)καὶ
3257 1568 3339 1620 ὅτι
3376 1569 3633 1639 κρυφίως

2029 1657 2330 1728 διαπέμπει
2371 1657 2471 1719 τὰς
2511 1657 2770 1726 προνοίας
2803 1658 2994 1730 αὐτῆς,
3022 1658 3126 1727 (τίς
3155 1658 3266 1730 γὰρ
3318 1658 3463 1726 ἔγνω
3499 1661 3632 1713 νοῦν

2031 1749 2236 1819 Κυρίου
2262 1749 2300 1819 ;)
2336 1749 2426 1801 ἵνα
2461 1746 2592 1812 ἴσως
2618 1750 2846 1803 πάντοτε
2875 1749 3265 1822 γρηγορῶμεν,
3293 1753 3397 1805 οὐκ
3422 1751 3635 1816 εἰδότες

2026 1841 2153 1903 τοὺς
2178 1840 2368 1910 λόγους
2392 1839 2582 1912 αὐτῆς,
2619 1842 2713 1894 καὶ
2745 1841 2843 1912 τὴν
2875 1840 3022 1913 ῶραν
3050 1841 3170 1894 καθ’
3197 1842 3270 1913 ἦν
3293 1844 3618 1918 συμφερόν-

2026 1950 2134 1997 τως
2169 1932 2398 1987 ἕκαστον
2425 1933 2848 2005 διοικηθήσεται.
2881 1935 3098 2006 Ταύτην
3130 1929 3223 1988 οὖν
3253 1937 3354 2008 τὴν
3381 1938 3634 2005 φωτοδο-

2029 2026 2150 2080 σίαν
2178 2027 2272 2079 καὶ
2297 2029 2420 2090 ταῖς
2457 2030 2672 2097 νοεραῖς
2705 2027 2917 2091 οὐσίαις
2950 2027 3273 2098 διαπέμπει,
3309 2029 3455 2100 πλὴν
3489 2031 3628 2082 ἀνα-

2026 2117 2197 2188 λόγως
2231 2119 2324 2171 καὶ
2363 2118 2506 2172 κατὰ
2535 2119 2596 2171 τὸ
2637 2119 2832 2191 μέτρον
2859 2117 2959 2188 τῆς
2990 2119 3097 2172 τῶν
3121 2119 3431 2190 δεχομένων
3466 2119 3630 2176 δυνά-

2029 2229 2194 2285 μεως,
2233 2211 2449 2282 πρῶτον
2484 2213 2604 2274 ταῖς
2646 2210 3004 2282 πρωτίσταις,
3032 2209 3125 2262 καὶ
3155 2208 3221 2262 δι’
3242 2208 3471 2262 ἐκείνων
3501 2211 3631 2272 ταῖς

2026 2301 2483 2373 ὑποϐεϐηκυίαις·
2532 2299 2561 2352 ὃ
2605 2299 2670 2372 δὴ
2717 2299 2811 2352 καὶ
2857 2299 2925 2352 δι’
2961 2298 3160 2352 οἰκείου
3210 2299 3306 2352 καὶ
3358 2297 3626 2369 αίσθητοῦ

2025 2395 2464 2466 παραδείγματος
2519 2389 2824 2463 σαφηνίζει,
2883 2390 3212 2454 ἀποδέοντος
3273 2389 3376 2461 μὲν
3439 2390 3626 2459 πάντη

2025 2487 2162 2560 πρὸς
2193 2485 2264 2540 τὰ
2297 2485 2585 2558 λεγόμενα,
2611 2484 2752 2547 τέως
2777 2482 2830 2534 δὲ
2870 2483 3147 2554 γνωρίμου
3177 2483 3332 2554 ἡμῖν.
3382 2479 3625 2534 ’Υπόθου

2023 2579 2132 2651 γάρ
2182 2578 2418 2650 ἡλιακὴν
2477 2579 2707 2632 ἀκτῖνα·
2740 2575 2878 2646 αὕτη
2925 2574 3215 2628 διαδίδοται
3273 2575 3356 2637 εἰς
3392 2573 3624 2645 πρώτην

2026 2670 2156 2741 ὓλην
2203 2669 2586 2740 διειδεστέραν,
2645 2667 2798 2721 ὕελον
2843 2666 3027 2736 τυχὸν,
3079 2665 3145 2718 δι’
3186 2659 3399 2727 οὗτινος
3461 2663 3624 2717 ὑᾶου

2024 2759 2336 2832 ἀναλάμπει
2372 2758 2796 2830 ἐμφανέστερον.
2826 2756 2952 2820 Πῶς
3005 2754 3455 2826 ἐμφανέστερον;
3489 2755 3624 2824 ἡμῖν

2024 2852 2287 2923 δηλονότι,
2318 2852 2380 2905 οὐ
2417 2848 2786 2922 συγκριτικῶς
2818 2847 2956 2920 πρὸς
2989 2849 3088 2919 τὴν
3120 2847 3395 2918 προτέραν
3421 2846 3625 2916 ἐλλαμ-

2024 2945 2138 3018 ψιν,
2177 2945 2492 3016 συμμέτρου
2523 2942 2726 3014 δηλαδὴ
2755 2939 3055 3011 γενομένης
3088 2938 3190 3008 τῆς
3235 2937 3416 3008 ὅψεως
3441 2938 3524 3000 είς
3558 2937 3624 2990 τὲ

346 3017 570 3074 minime
603 3018 748 3075 facta
783 3018 1193 3089 comparatione
1225 3033 1350 3072 cum
1395 3017 1563 3086 priori
1596 3017 1806 3071 illustra

2153 3037 2228 3101 ῶς
2258 3035 2691 3109 παραδέξασθαι·
2726 3034 2790 3086 τὸ
2822 3032 2930 3104 γάρ
2972 3030 3104 3084 πολὺ
3132 3030 3250 3100 φῶς
3279 3030 3487 3102 μᾶλλον
3518 3029 3620 3093 τὰς

346 3128 434 3174 ne,
474 3111 570 3166 sed
602 3126 725 3166 cum
760 3110 1112 3180 pr0portione
1139 3110 1290 3165 visus
1323 3111 1390 3164 ad
1438 3107 1618 3163 lumen
1651 3110 1922 3178 recipien-

349 3204 478 3257 dqu
509 3217 526 3256 :
552 3203 826 3273 siquidem
878 3202 970 3256 lux
1000 3202 1216 3271 copiosa
1243 3203 1417 3257 visum
1442 3204 1620 3272 potius
1648 3201 1924 3270 obtundit,

343 3295 389 3350 si
445 3311 549 3349 nou
585 3295 656 3350 sit
693 3308 1007 3348 commeusa
1039 3292 1214 3349 oculis
1260 3308 1319 3348 se
1348 3295 1769 3363 excipientibus.
1807 3297 1925 3350 Dis-

347 3387 606 3442 tribuitur
655 3387 821 3442 etiam
876 3387 1123 3441 materiis
1177 3387 1564 3452 crassioribtts,
1599 3397 1654 3442 et
1701 3402 1925 3459 propter

347 3480 787 3550 ineptitudiuem,
821 3495 984 3550 quam
1024 3479 1227 3534 habent
1252 3480 1319 3534 ad
1355 3480 1775 3535 illustrationem
1806 3492 1923 3536 tra-

341 3569 661 3640 jiciendam,
697 3580 746 3624 et
781 3571 1011 3625 obscura
1039 3569 1120 3634 fit,
1155 3584 1329 3639 eoque
1379 3572 1584 3624 sensim
1638 3573 1925 3627 contrahi-

345 3675 457 3729 tur,
490 3673 548 3718 ut
577 3664 829 3720 distribui
883 3663 1006 3718 aliis
1061 3679 1168 3718 non
1227 3665 1420 3734 possit.
1449 3664 1650 3734 Accipe
1681 3676 1735 3720 et
1762 3666 1921 3719 aliam

346 3759 416 3814 ab
471 3761 596 3837 igne
649 3758 1197 3830 contemplationem.
1241 3759 1406 3816 Calor
1461 3759 1601 3830 ignis
1646 3760 1819 3830 magis
1865 3773 1926 3814 se

346 3850 604 3908 diffundit
627 3852 680 3907 in
713 3867 772 3908 ea
810 3868 933 3923 quae
957 3851 1130 3922 ipsius
1164 3859 1289 3906 sunt
1312 3854 1619 3921 capaciora,
1651 3861 1707 3906 et
1729 3853 1796 3906 ad
1827 3867 1921 3906 ca—

349 3947 516 4002 lorem
557 3946 715 4002 facile
750 3948 972 4009 cedunt.
999 3953 1053 4001 et
1079 3945 1429 3999 adducuntur
1458 3961 1469 3994 :
1509 3960 1696 4000 verum
1727 3946 1780 4000 in
1821 3961 1921 3999 na-

350 4042 489 4094 turis
542 4040 615 4093 illi
676 4038 1097 4106 reluctantibus,
1127 4049 1184 4093 ut
1209 4040 1538 4106 adamantis,
1578 4039 1663 4093 vel
1694 4048 1921 4092 contra-

349 4120 472 4198 riis',
522 4144 582 4188 ut
629 4134 926 4203 aqum,vel'
970 4133 1184 4190 nullum
1235 4147 1329 4188 aut
1383 4135 1525 4190 exile
1581 4132 1926 4190 ellicaeitatis

346 4228 467 4297 ejus
500 4227 673 4296 igneae
696 4227 984 4298 vestigium
1031 4236 1297 4298 apparet:
1330 4228 1581 4297 quodque
1614 4229 1716 4282 hoc
1745 4226 1922 4295 majus

347 4328 452 4384 est,
479 4319 544 4374 ad
567 4333 629 4372 ea
649 4333 769 4388 qua:
796 4334 900 4372 non
922 4329 1050 4374 sunt
1067 4329 1318 4390 ceguata,
1335 4317 1486 4373 verbi
1505 4319 1706 4387 gratia,
1724 4334 1922 4389 aquam

2025 3132 2177 3203 ὄψεις
2209 3131 2469 3201 ἀμαυροῖ,
2513 3127 2562 3180 εί
2601 3125 2753 3196 τύχοι
2793 3124 3146 3195 ἀσύμμετρον
3179 3122 3240 3176 ὃν
3269 3125 3390 3185 τοῖς
3424 3121 3622 3175 ὑποδε-

2025 3225 2275 3297 χομένοις
2309 3223 2441 3276 αὐτὸ
2480 3219 2795 3291 ὀφθαλμοῖς.
2827 3217 3125 3270 Διαδίδοται
3153 3216 3248 3269 καὶ
3286 3217 3411 3276 ταῖς
3449 3231 3624 3283 παχυ-

2024 3317 2213 3389 τέραις
2248 3309 2426 3377 ὕλαις,
2465 3312 2559 3367 καὶ
2591 3310 2678 3364 διὰ
2708 3310 2808 3380 τὴν
2850 3307 3074 3362 ἐκείνων
3105 3306 3619 3378 ἀνεπιτηδειότητα,

2025 3408 2092 3478 ῆν
2123 3407 2305 3478 έχουσι
2332 3405 2470 3476 πρὸς
2501 3404 2601 3473 τὴν
2633 3401 2735 3472 τῆς
2776 3400 3117 3470 φωτοχυσίας
3159 3397 3619 3470 διαπόρθμευσιν,

2026 3500 2122 3552 καὶ
2143 3497 2361 3569 ἀμυδρά
2385 3496 2614 3565 γίνεται,
2632 3494 2726 3548 καὶ
2750 3491 2891 3547 κατά
2921 3491 3114 3563 μικρὸν
3141 3490 3280 3562 πρὸς
3300 3488 3438 3543 ἄλλα
3463 3488 3620 3542 ἀδιά-

2026 3593 2177 3656 δοτος
2201 3593 2430 3662 γίνεται.
2457 3588 2604 3644 Λάϐε
2643 3606 2732 3660 μοι
2765 3588 2859 3642 καὶ
2894 3586 3087 3658 ἑτέραν
3136 3584 3373 3656 θεωρίαν
3411 3585 3476 3637 ὲκ
3520 3583 3618 3636 τοῦ

2027 3684 2220 3756 πυρός’
2253 3683 2317 3736 Ἠ
2348 3681 2444 3734 τοῦ
2474 3679 2644 3752 πυρὸς
2682 3678 2949 3750 θερμότης
2984 3676 3181 3748 μᾶλλον
3210 3674 3504 3730 διαδίδοται
3536 3675 3619 3734 είς

2025 3775 2098 3830 τὰ
2127 3775 2515 3846 δεκτικώτερα,
2555 3773 2650 3826 καὶ
2693 3772 2831 3842 πρὸς
2873 3770 2972 3842 τὴν
3006 3769 3217 3841 θέρμην
3263 3767 3488 3820 εὓεικτα
3520 3767 3620 3820 καὶ

2029 3866 2318 3936 εὺόιγωγα⁹
2362 3865 2500 3936 πρὸς
2536 3863 2595 3917 δὲ
2642 3862 2743 3925 τὰς
2780 3861 3106 3924 ἀντιτύπους
3139 3859 3350 3923 οὐσίας,
3388 3861 3465 3922 ὼς
3488 3860 3617 3922 τοὺς

2030 3958 2362 4030 ἀδάμαντας,
2389 3955 2714 4028 ἣὲναντίας,
2748 3954 2825 4018 ὡς
2849 3954 2910 4006 τὸ
2945 3953 3107 4024 ὕδωρ,
3135 3952 3168 4021 ἢ
3195 3951 3378 4020 ὀλίγον
3405 3951 3437 4021 ἢ
3461 3948 3618 4004 οὐδὲν

2030 4050 2173 4120 ἴχνος
2221 4049 2576 4118 ἀναφαίνεται
2629 4048 2729 4118 τῆς
2793 4045 3123 4118 πυρώσεως·
3155 4044 3255 4097 καὶ
3295 4044 3359 4096 τὸ
3419 4041 3614 4094 τούτου

2029 4140 2208 4203 πλέον,
2242 4141 2323 4192 ὅτι
2353 4141 2466 4202 τοῖς
2500 4138 2573 4209 μὴ
2601 4134 2938 4206 συγγενέσιν,
2964 4135 3132 4205 ἤγουν
3158 4132 3322 4202 τυχὸν
3353 4131 3433 4202 τῷ
3459 4130 3614 4191 ὕδατι

2031 4232 2112 4301 (τὸ
2144 4231 2252 4302 γὰρ
2285 4231 2430 4301 ὕδωρ
2451 4229 2659 4302 ψυχρὸν
2715 4230 2810 4282 καὶ
2849 4227 3034 4299 ὑγρὸν,
3068 4226 3129 4279 τὺ
3159 4225 3217 4278 δὲ
3263 4224 3378 4298 πῦρ
3406 4223 3613 4295 θερμὸν

2029 4323 2121 4374 καὶ
2171 4321 2386 4392 ξηρόν’)
2441 4321 2507 4374 δι’
2531 4321 2704 4374 ἄλλων
2757 4320 2975 4382 οἰκείως
3023 4317 3256 4387 ἑχόντων
3316 4317 3455 4389 πρὸς
3509 4315 3612 4384 τὴν

349 4415 497 4478 (nam
532 4425 672 4480 aqua
707 4408 904 4481 frigida
926 4419 980 4465 et
1011 4410 1232 4464 bmuida
1269 4419 1371 4478 est,
1401 4410 1542 4481 ignis
1565 4423 1696 4463 vero
1718 4409 1817 4462 cali

2140 4429 2256 4482 αην,
2282 4411 2523 4481 δηλονότι
2547 4412 2793 4480 ἀγγείου,
2822 4406 3151 4481 προσϐάλλει
3177 4407 3417 4477 πρῶτον.
3448 4404 3610 4475 Πρῶ-

345 4513 401 4560 et
427 4505 648 4575 siccus),
667 4519 764 4573 per
775 4504 878 4559 alia
904 4503 1114 4574 quaeilli
1130 4513 1255 4559 sunt
1279 4504 1704 4573 cognata,verbi
1723 4503 1925 4575 gratia,

347 4617 448 4671 per
476 4616 570 4655 vas
599 4603 834 4667 primum
863 4599 1100 4656 accedit.
1131 4598 1376 4655 Primum
1413 4614 1593 4655 autem
1625 4599 1788 4664 dixit,
1817 4615 1928 4654 non

345 4692 490 4760 quod
518 4692 853 4759 immediate,
888 4692 983 4747 sed
1005 4706 1102 4762 per
1123 4707 1185 4747 ea
1217 4707 1340 4762 qum
1387 4691 1564 4762 prima
1595 4699 1723 4746 sunt
1767 4704 1926 4744 acce-

347 4782 440 4833 dat
471 4782 706 4852 primum
741 4782 807 4835 ad
852 4796 916 4834 ea
950 4796 1071 4851 quae
1108 4797 1215 4836 nou
1269 4791 1394 4836 sunt
1435 4789 1693 4851 cognata,
1739 4780 1807 4833 ad
1860 4795 1920 4832 ea

346 4875 717 4943 postmodum,
779 4875 930 4930 verbi
981 4875 1187 4946 gratia,
1234 4874 1605 4931 calefacienda
1644 4872 1924 4942 :primum

329 4969 490 5046 enim
550 4968 727 5040 ignita
793 4968 1046 5024 faciendo
1089 4967 1179 5023 illa
1241 4983 1360 5036 qute
1392 4981 1610 5037 quoquo
1639 4965 1801 5017 modo
1831 4979 1924 5017 co-

331 5047 510 5129 gnata
542 5071 688 5127 sunt,
722 5077 820 5133 per
843 5064 1034 5118 eadem
1067 5063 1235 5117 etiam
1272 5078 1393 5131 quze
1433 5076 1538 5114 non
1567 5068 1695 5112 sunt
1721 5074 1925 5127 cogna-

327 5144 400 5228 fta
443 5156 719 5212 calefacit.
744 5156 1056 5212 Secundum
1089 5155 1233 5208 hanc
1281 5154 1467 5222 itaque
1504 5151 1779 5205 rationem
1822 5166 1925 5204 na-

345 5247 601 5312 turalem,
628 5263 692 5304 ea
727 5264 946 5319 quoque
979 5263 1100 5316 qua:
1134 5261 1298 5315 supra
1331 5254 1585 5300 naturam
1622 5254 1750 5298 sunt
1793 5257 1927 5298 cou-

325 5343 556 5402 sidera:
584 5342 729 5398 Deus
769 5340 914 5395 enim
949 5340 1130 5394 omnis
1171 5349 1335 5394 recta:
1386 5335 1746 5395 ordinationis
1777 5338 1926 5392 ordi-

321 5433 542 5510 oiisque
575 5432 941 5502 principatus,
979 5429 1355 5484 illustrationis
1398 5444 1510 5484 suae
1569 5425 1918 5498 splendorem

346 5525 796 5594 primordialiter,
823 5523 1100 5578 luculenta
1128 5529 1182 5575 et
1222 5520 1540 5576 admiranda
1573 5519 1786 5575 fusione
1828 5531 1922 5574 s‘u-

347 5615 556 5684 premis
600 5615 708 5669 illis
739 5614 1014 5669 mentibus
1045 5610 1384 5674 manifestat,
1416 5618 1471 5664 et
1495 5625 1594 5679 per
1638 5609 1759 5665 illas
1791 5610 1920 5664 reli-

352 5721 473 5778 qua:
523 5706 780 5776 deinceps
815 5706 977 5762 istum
1010 5703 1222 5759 radium
1256 5701 1610 5773 participant.
1650 5699 1739 5757 lla:
1775 5700 1920 5758 enim
1964 5778 1969 5783 ι

2026 4520 2116 4556 τον
2147 4503 2202 4555 δὲ
2227 4497 2515 4572 εἶπεν,οὐχ
2545 4502 2626 4554 ὅτι
2659 4499 2898 4571 ἀμέσως,
2931 4495 3068 4551 ἀλλά
3099 4495 3189 4548 διὰ
3208 4495 3318 4548 τῶν
3350 4492 3617 4565 πρώτων,-

2028 4592 2352 4666 προσῧάλλει
2380 4596 2492 4656 τοῖς
2517 4593 2590 4664 μὴ
2624 4591 2909 4661 συγγενέσι
2937 4591 3171 4660 πρῶτον,
3201 4588 3342 4658 πρὸς
3373 4585 3444 4640 τὰ
3470 4584 3620 4656 μετὰ,

2027 4685 2198 4740 ταῦτα
2247 4687 2409 4756 τυχὸν
2460 4684 2896 4756 θερμαινόμενα’
2944 4679 3166 4752 πυρώδη
3225 4679 3338 4752 γὰρ
3391 4679 3609 4749 πρῶτον

2028 4778 2258 4832 ποιοῦσα
2305 4779 2375 4832 τὰ
2420 4778 2602 4842 ποσῶς
2645 4775 2903 4846 συγγενῆ,
2948 4773 3015 4826 δι’
3037 4773 3264 4827 ἐκείνων
3310 4770 3504 4826 καὶτὰ
3528 4769 3616 4846 μὴ

2028 4867 2266 4938 συγγενῆ
2299 4865 2602 4939 θερμαίνει.
2635 4863 2793 4920 Κατά
2850 4865 2942 4918 τὸν
2997 4863 3158 4917 αὑτὸν
3213 4857 3312 4915 οὖν
3379 4861 3607 4930 φυσικὸν

2026 4957 2182 5027 λόγον
2211 4959 2321 5013 νόει
2347 4957 2534 5014 καὶτὰ
2554 4957 2807 5029 ὑπερφυῆ
2827 4976 2840 4989 ·
2876 4959 2910 5029 ἡ
2939 4955 3120 5026 πάσης
3149 4953 3260 5026 γὰρ
3307 4951 3608 5022 εὐκοσμίας

2023 5049 2337 5122 ταξιαρχία,
2369 5053 2398 5103 ό
2423 5049 2573 5114 Θεὸς,
2609 5050 2708 5119 τὴν
2749 5050 2848 5119 τῆς
2880 5046 3045 5100 αὐτοῦ
3082 5044 3417 5114 φωτοδοσίας
3461 5041 3606 5112 λαμ-

2025 5144 2270 5216 πρότητα
2298 5141 2667 5216 πρωτοφανῶς
2695 5144 2812 5203 ταῖς
2833 5137 3295 5209 ὑπερϐεϐηκυίαις
3323 5131 3605 5202 ἀναφαίνει

2027 5232 2168 5288 κατά
2197 5232 2351 5304 χύσιν
2385 5231 2614 5301 ἄφθονον
2644 5230 2736 5284 καὶ
2779 5225 3224 5296 πανθαύμαστον,
3249 5223 3347 5276 καὶ
3373 5219 3464 5274 διὰ
3489 5218 3605 5271 τού-

2025 5343 2132 5380 των
2168 5327 2452 5398 μετέχουσι
2477 5323 2576 5393 τῆς
2597 5323 2816 5382 ἀκτῖνος
2837 5319 2905 5372 τὰ
2930 5317 3178 5389 δεύτερα.
3205 5317 3272 5368 Ai
3299 5315 3410 5388 γὰρ
3437 5314 3608 5382 ὑπερ-

2027 5417 2337 5488 ϐεϐηκυῖαι,
2364 5413 2682 5484 ὲπιγνοῠσαι
2707 5410 2941 5482 πρώτως
2957 5409 3051 5464 τὸν
3072 5406 3234 5462 αὐτὸν
3248 5407 3315 5479 δη
3325 5422 3448 5478 μιου
3456 5403 3606 5477 ργὺνι

2024 5512 2118 5564 καὶ
2169 5511 2268 5581 τῆς
2321 5507 2529 5562 ἐκείνου
2576 5493 2841 5574 καλλονῆς
2899 5501 3203 5572 έφιέμεναι,
3230 5557 3234 5560 ,
3261 5497 3604 5571 πρωτουργοὶ

2021 5603 2272 5673 γενέσθαι
2300 5597 2713 5670 κατηξιώθησαν
2735 5596 2835 5665 τῆς
2873 5593 3205 5664 θεομιμήτου
3237 5590 3518 5663 ἐνεργείας
3545 5605 3602 5646 τε

2025 5696 2118 5749 καὶ
2147 5695 2460 5766 δυνάμεως·
2499 5675 2730 5764 πρώτως
2771 5685 2878 5764 γὰρ
2905 5683 2973 5739 δι’
3000 5684 3176 5738 αὐτῶν
3209 5689 3263 5743 αἱ
3299 5683 3416 5757 μετ’
3438 5679 3600 5742 αὐτὰς
