  <div class='ocr_page' id='page_1' title='image "/cluster/home/n/w/nwhite01/storage/ocr_20150623/3/hvd.32044014713192/164.png"; bbox 0 0 3734 6330; ppageno 0'>
   <div class='ocr_carea' id='block_1_1' title="bbox 126 319 3418 392">
    <p class='ocr_par' dir='ltr' id='par_1_1' title="bbox 126 319 3418 392">
     <span class='ocr_line' id='line_1_1' title="bbox 126 319 3418 392; baseline -0.002 -8"><span class='ocrx_word' id='word_1_1' title='bbox 126 328 239 386; x_wconf 71' lang='grc'><strong>313</strong></span> <span class='ocrx_word' id='word_1_2' title='bbox 629 326 719 381; x_wconf 86' lang='lat' dir='ltr'><strong>DE</strong></span> <span class='ocrx_word' id='word_1_3' title='bbox 756 325 1091 383; x_wconf 54' lang='lat' dir='ltr'><strong>CELEST}</strong></span> <span class='ocrx_word' id='word_1_4' title='bbox 1125 324 1578 392; x_wconf 74' lang='lat' dir='ltr'><strong>HIERARCHIA,</strong></span> <span class='ocrx_word' id='word_1_5' title='bbox 1616 324 1771 381; x_wconf 74' lang='lat' dir='ltr'><strong>CAP.</strong></span> <span class='ocrx_word' id='word_1_6' title='bbox 1809 322 1952 380; x_wconf 73' lang='lat' dir='ltr'><strong>XIII.</strong></span> <span class='ocrx_word' id='word_1_7' title='bbox 1989 354 2056 366; x_wconf 84' lang='lat'><strong>-—-</strong></span> <span class='ocrx_word' id='word_1_8' title='bbox 2086 321 2436 379; x_wconf 76' lang='lat' dir='ltr'><strong>PARAPHR.</strong></span> <span class='ocrx_word' id='word_1_9' title='bbox 2471 319 2946 379; x_wconf 71' lang='lat' dir='ltr'><strong>PACHYMERA‘I.</strong></span> <span class='ocrx_word' id='word_1_10' title='bbox 3312 323 3418 378; x_wconf 69' lang='lat' dir='ltr'><strong>5H</strong></span> 
     </span>
    </p>
   </div>
   <div class='ocr_carea' id='block_1_2' title="bbox 126 426 1600 519">
    <p class='ocr_par' dir='ltr' id='par_1_2' title="bbox 126 439 1600 519">
     <span class='ocr_line' id='line_1_2' title="bbox 126 439 1600 519; baseline -0.003 -19"><span class='ocrx_word' id='word_1_11' title='bbox 126 448 229 519; x_wconf 80' lang='grc' dir='ltr'>τὴν</span> <span class='ocrx_word' id='word_1_12' title='bbox 260 444 530 517; x_wconf 73' lang='grc' dir='ltr'>ἐλλαμψιν</span> <span class='ocrx_word' id='word_1_13' title='bbox 580 444 846 515; x_wconf 83' lang='grc' dir='ltr'>δέχονται,</span> <span class='ocrx_word' id='word_1_14' title='bbox 897 442 1081 509; x_wconf 84' lang='grc' dir='ltr'>καθὼς</span> <span class='ocrx_word' id='word_1_15' title='bbox 1127 445 1224 500; x_wconf 73' lang='grc' dir='ltr'>καὶ</span> <span class='ocrx_word' id='word_1_16' title='bbox 1256 439 1416 501; x_wconf 72' lang='grc' dir='ltr'>αὗται</span> <span class='ocrx_word' id='word_1_17' title='bbox 1460 443 1600 514; x_wconf 81' lang='grc' dir='ltr'><strong>παρέ</strong></span> 
     </span>
    </p>
   </div>
   <div class='ocr_carea' id='block_1_3' title="bbox 1943 426 3417 519">
    <p class='ocr_par' dir='ltr' id='par_1_3' title="bbox 1943 443 3417 511">
     <span class='ocr_line' id='line_1_3' title="bbox 1943 443 3417 511; baseline 0.001 -18"><span class='ocrx_word' id='word_1_18' title='bbox 1943 455 2106 496; x_wconf 73' lang='lat' dir='ltr'><strong>remze</strong></span> <span class='ocrx_word' id='word_1_19' title='bbox 2148 455 2271 494; x_wconf 90' lang='lat' dir='ltr'><strong>cum</strong></span> <span class='ocrx_word' id='word_1_20' title='bbox 2328 443 2565 511; x_wconf 87' lang='lat' dir='ltr'><strong>primum</strong></span> <span class='ocrx_word' id='word_1_21' title='bbox 2618 448 2900 494; x_wconf 99' lang='lat' dir='ltr'><strong>auctorem</strong></span> <span class='ocrx_word' id='word_1_22' title='bbox 2949 451 3106 492; x_wconf 89' lang='lat' dir='ltr'><strong>suum</strong></span> <span class='ocrx_word' id='word_1_23' title='bbox 3155 452 3417 509; x_wconf 75' lang='lat' dir='ltr'><strong>agnosce-</strong></span> 
     </span>
    </p>
   </div>
   <div class='ocr_carea' id='block_1_4' title="bbox 126 529 1600 610">
    <p class='ocr_par' dir='ltr' id='par_1_4' title="bbox 126 536 1596 610">
     <span class='ocr_line' id='line_1_4' title="bbox 126 536 1596 610; baseline -0.002 -17"><span class='ocrx_word' id='word_1_24' title='bbox 126 540 265 593; x_wconf 78' lang='grc' dir='ltr'>Θεοῦ</span> <span class='ocrx_word' id='word_1_25' title='bbox 289 539 496 610; x_wconf 89' lang='grc' dir='ltr'>ταύτην</span> <span class='ocrx_word' id='word_1_26' title='bbox 517 538 763 608; x_wconf 83' lang='grc' dir='ltr'>δέχονται</span> <span class='ocrx_word' id='word_1_27' title='bbox 783 555 796 569; x_wconf 79' lang='grc' dir='ltr'><strong><em>ο</em></strong></span> <span class='ocrx_word' id='word_1_28' title='bbox 822 537 1162 591; x_wconf 80' lang='grc' dir='ltr'><strong>ἀνατείνουσι</strong></span> <span class='ocrx_word' id='word_1_29' title='bbox 1190 537 1411 609; x_wconf 85' lang='grc' dir='ltr'>γάρτάς</span> <span class='ocrx_word' id='word_1_30' title='bbox 1445 536 1536 590; x_wconf 79' lang='grc' dir='ltr'><strong>ὑπ’</strong></span> <span class='ocrx_word' id='word_1_31' title='bbox 1561 554 1596 590; x_wconf 92' lang='grc' dir='ltr'>α</span> 
     </span>
    </p>
   </div>
   <div class='ocr_carea' id='block_1_5' title="bbox 1944 529 3418 610">
    <p class='ocr_par' dir='ltr' id='par_1_5' title="bbox 1944 529 3418 601">
     <span class='ocr_line' id='line_1_5' title="bbox 1944 529 3418 601; baseline 0.003 -19"><span class='ocrx_word' id='word_1_32' title='bbox 1944 540 1979 593; x_wconf 88' lang='grc' dir='ltr'>ι,</span> <span class='ocrx_word' id='word_1_33' title='bbox 2058 530 2221 600; x_wconf 77' lang='lat'><strong>119</strong></span> <span class='ocrx_word' id='word_1_34' title='bbox 2278 530 2811 601; x_wconf 87' lang='lat' dir='ltr'><strong>pulchritudinisque</strong></span> <span class='ocrx_word' id='word_1_35' title='bbox 2854 529 3085 598; x_wconf 76' lang='lat' dir='ltr'><strong>ejusque</strong></span> <span class='ocrx_word' id='word_1_36' title='bbox 3140 529 3418 599; x_wconf 85' lang='lat' dir='ltr'><strong>desiderio</strong></span> 
     </span>
    </p>
   </div>
   <div class='ocr_carea' id='block_1_6' title="bbox 126 625 1600 699">
    <p class='ocr_par' dir='ltr' id='par_1_6' title="bbox 126 627 1600 699">
     <span class='ocr_line' id='line_1_6' title="bbox 126 627 1600 699; baseline -0.002 -16"><span class='ocrx_word' id='word_1_37' title='bbox 126 630 466 698; x_wconf 83' lang='grc' dir='ltr'>ἀγαθοειδῶς</span> <span class='ocrx_word' id='word_1_38' title='bbox 499 631 593 682; x_wconf 71' lang='grc' dir='ltr'><strong>καὶ</strong></span> <span class='ocrx_word' id='word_1_39' title='bbox 627 628 751 699; x_wconf 83' lang='grc' dir='ltr'>δίχα</span> <span class='ocrx_word' id='word_1_40' title='bbox 795 630 996 692; x_wconf 87' lang='grc' dir='ltr'>παντὸς</span> <span class='ocrx_word' id='word_1_41' title='bbox 1040 627 1233 696; x_wconf 77' lang='grc' dir='ltr'>φθόνου</span> <span class='ocrx_word' id='word_1_42' title='bbox 1266 628 1473 699; x_wconf 81' lang='grc' dir='ltr'>(ἀγαθῷ</span> <span class='ocrx_word' id='word_1_43' title='bbox 1503 627 1600 697; x_wconf 69' lang='grc' dir='ltr'>γὰρ</span> 
     </span>
    </p>
   </div>
   <div class='ocr_carea' id='block_1_7' title="bbox 1943 625 3417 699">
    <p class='ocr_par' dir='ltr' id='par_1_7' title="bbox 1943 625 3417 693">
     <span class='ocr_line' id='line_1_7' title="bbox 1943 625 3417 693; baseline 0.002 -15"><span class='ocrx_word' id='word_1_44' title='bbox 1943 630 2171 687; x_wconf 74' lang='lat' dir='ltr'><strong>arentur,</strong></span> <span class='ocrx_word' id='word_1_45' title='bbox 2216 626 2319 679; x_wconf 92' lang='lat' dir='ltr'><strong>hoc</strong></span> <span class='ocrx_word' id='word_1_46' title='bbox 2343 626 2512 679; x_wconf 88' lang='lat' dir='ltr'><strong>etiam</strong></span> <span class='ocrx_word' id='word_1_47' title='bbox 2544 634 2813 678; x_wconf 64' lang='lat' dir='ltr'><strong>assecuta</strong></span> <span class='ocrx_word' id='word_1_48' title='bbox 2857 631 3009 684; x_wconf 90' lang='lat' dir='ltr'><strong>sunt,</strong></span> <span class='ocrx_word' id='word_1_49' title='bbox 3034 632 3089 674; x_wconf 92' lang='lat' dir='ltr'><strong>ut</strong></span> <span class='ocrx_word' id='word_1_50' title='bbox 3135 625 3324 693; x_wconf 75' lang='lat' dir='ltr'><strong>prima:</strong></span> <span class='ocrx_word' id='word_1_51' title='bbox 3349 625 3417 681; x_wconf 77' lang='lat' dir='ltr'><strong>ad</strong></span> 
     </span>
    </p>
   </div>
   <div class='ocr_carea' id='block_1_8' title="bbox 124 714 1598 794">
    <p class='ocr_par' dir='ltr' id='par_1_8' title="bbox 124 722 1598 794">
     <span class='ocr_line' id='line_1_8' title="bbox 124 722 1598 794; baseline -0.003 -16"><span class='ocrx_word' id='word_1_52' title='bbox 124 725 240 788; x_wconf 78' lang='grc' dir='ltr'>δεὶς</span> <span class='ocrx_word' id='word_1_53' title='bbox 265 723 539 793; x_wconf 75' lang='grc' dir='ltr'><strong>ἐγγίνεται</strong></span> <span class='ocrx_word' id='word_1_54' title='bbox 575 722 766 792; x_wconf 81' lang='grc' dir='ltr'>φθόνος</span> <span class='ocrx_word' id='word_1_55' title='bbox 793 722 933 775; x_wconf 83' lang='grc' dir='ltr'><strong>κατά</strong></span> <span class='ocrx_word' id='word_1_56' title='bbox 957 722 1048 775; x_wconf 92' lang='grc' dir='ltr'><strong>τὸν</strong></span> <span class='ocrx_word' id='word_1_57' title='bbox 1076 722 1393 794; x_wconf 83' lang='grc' dir='ltr'>Πλάτωνα,)</span> <span class='ocrx_word' id='word_1_58' title='bbox 1428 722 1536 792; x_wconf 91' lang='grc' dir='ltr'><strong>πλη</strong></span> <span class='ocrx_word' id='word_1_59' title='bbox 1549 738 1598 793; x_wconf 87' lang='grc' dir='ltr'>ρε</span> 
     </span>
    </p>
   </div>
   <div class='ocr_carea' id='block_1_9' title="bbox 1944 714 3418 794">
    <p class='ocr_par' dir='ltr' id='par_1_9' title="bbox 1949 714 3418 786">
     <span class='ocr_line' id='line_1_9' title="bbox 1949 714 3418 786; baseline 0.002 -19"><span class='ocrx_word' id='word_1_60' title='bbox 1949 729 2030 768; x_wconf 83' lang='lat' dir='ltr'><strong>me</strong></span> <span class='ocrx_word' id='word_1_61' title='bbox 2063 714 2360 784; x_wconf 74' lang='lat' dir='ltr'><strong>potestatis</strong></span> <span class='ocrx_word' id='word_1_62' title='bbox 2408 725 2573 786; x_wconf 85' lang='lat' dir='ltr'><strong>atque</strong></span> <span class='ocrx_word' id='word_1_63' title='bbox 2621 715 2859 769; x_wconf 84' lang='lat' dir='ltr'><strong>actionis</strong></span> <span class='ocrx_word' id='word_1_64' title='bbox 2908 714 3268 769; x_wconf 77' lang='lat' dir='ltr'><strong>imitationem</strong></span> <span class='ocrx_word' id='word_1_65' title='bbox 3294 731 3418 786; x_wconf 89' lang='lat' dir='ltr'><strong>per-</strong></span> 
     </span>
    </p>
   </div>
   <div class='ocr_carea' id='block_1_10' title="bbox 121 806 1595 889">
    <p class='ocr_par' dir='ltr' id='par_1_10' title="bbox 121 815 1588 889">
     <span class='ocr_line' id='line_1_10' title="bbox 121 815 1588 889; baseline -0.004 -17"><span class='ocrx_word' id='word_1_66' title='bbox 121 836 239 881; x_wconf 84' lang='grc' dir='ltr'><strong>τως</strong></span> <span class='ocrx_word' id='word_1_67' title='bbox 276 816 669 889; x_wconf 82' lang='grc' dir='ltr'>μεταδιδοῦσαι</span> <span class='ocrx_word' id='word_1_68' title='bbox 692 817 801 886; x_wconf 79' lang='grc' dir='ltr'><strong>τῆς</strong></span> <span class='ocrx_word' id='word_1_69' title='bbox 827 815 1041 886; x_wconf 76' lang='grc' dir='ltr'>αἴγλης,</span> <span class='ocrx_word' id='word_1_70' title='bbox 1074 816 1178 869; x_wconf 70' lang='grc' dir='ltr'><strong>κᾶν</strong></span> <span class='ocrx_word' id='word_1_71' title='bbox 1209 816 1437 876; x_wconf 87' lang='grc' dir='ltr'>ἐκεῖναι,</span> <span class='ocrx_word' id='word_1_72' title='bbox 1464 816 1588 868; x_wconf 80' lang='grc' dir='ltr'>ὅσον</span> 
     </span>
    </p>
   </div>
   <div class='ocr_carea' id='block_1_11' title="bbox 1943 806 3417 889">
    <p class='ocr_par' dir='ltr' id='par_1_11' title="bbox 1943 806 3417 878">
     <span class='ocr_line' id='line_1_11' title="bbox 1943 806 3417 878; baseline 0.002 -20"><span class='ocrx_word' id='word_1_73' title='bbox 1943 806 2081 861; x_wconf 85' lang='lat' dir='ltr'><strong>irent</strong></span> <span class='ocrx_word' id='word_1_74' title='bbox 2116 822 2132 859; x_wconf 84' lang='lat'><strong>:</strong></span> <span class='ocrx_word' id='word_1_75' title='bbox 2168 817 2464 876; x_wconf 88' lang='lat' dir='ltr'><strong>sequentes</strong></span> <span class='ocrx_word' id='word_1_76' title='bbox 2519 807 2665 861; x_wconf 87' lang='lat' dir='ltr'><strong>enim</strong></span> <span class='ocrx_word' id='word_1_77' title='bbox 2716 807 2948 876; x_wconf 89' lang='lat' dir='ltr'><strong>primum</strong></span> <span class='ocrx_word' id='word_1_78' title='bbox 2985 823 3082 877; x_wconf 87' lang='lat' dir='ltr'><strong>per</strong></span> <span class='ocrx_word' id='word_1_79' title='bbox 3123 809 3270 878; x_wconf 88' lang='lat' dir='ltr'><strong>ipsas</strong></span> <span class='ocrx_word' id='word_1_80' title='bbox 3294 808 3417 861; x_wconf 89' lang='lat' dir='ltr'><strong>illu-</strong></span> 
     </span>
    </p>
   </div>
   <div class='ocr_carea' id='block_1_12' title="bbox 126 899 1600 976">
    <p class='ocr_par' dir='ltr' id='par_1_12' title="bbox 126 904 1600 976">
     <span class='ocr_line' id='line_1_12' title="bbox 126 904 1600 976; baseline -0.001 -19"><span class='ocrx_word' id='word_1_81' title='bbox 126 904 307 976; x_wconf 77' lang='grc' dir='ltr'>ροῦσι,</span> <span class='ocrx_word' id='word_1_82' title='bbox 335 904 617 974; x_wconf 82' lang='grc' dir='ltr'>δέχωνται.</span> <span class='ocrx_word' id='word_1_83' title='bbox 648 904 821 958; x_wconf 78' lang='grc' dir='ltr'>Τοῦτο</span> <span class='ocrx_word' id='word_1_84' title='bbox 849 905 1058 973; x_wconf 89' lang='grc' dir='ltr'>γίνεται</span> <span class='ocrx_word' id='word_1_85' title='bbox 1083 906 1177 958; x_wconf 81' lang='grc' dir='ltr'>κα).</span> <span class='ocrx_word' id='word_1_86' title='bbox 1222 905 1316 957; x_wconf 75' lang='grc' dir='ltr'>ἐπὶ</span> <span class='ocrx_word' id='word_1_87' title='bbox 1367 908 1488 967; x_wconf 85' lang='grc' dir='ltr'>ταῖς</span> <span class='ocrx_word' id='word_1_88' title='bbox 1516 904 1600 957; x_wconf 86' lang='grc' dir='ltr'><strong>ἐτέ</strong></span> 
     </span>
    </p>
   </div>
   <div class='ocr_carea' id='block_1_13' title="bbox 1943 899 3417 976">
    <p class='ocr_par' dir='ltr' id='par_1_13' title="bbox 1943 899 3417 972">
     <span class='ocr_line' id='line_1_13' title="bbox 1943 899 3417 972; baseline 0.005 -21"><span class='ocrx_word' id='word_1_89' title='bbox 1943 899 2158 955; x_wconf 75' lang='grc' dir='ltr'>ιιὶοιιεηι</span> <span class='ocrx_word' id='word_1_90' title='bbox 2211 900 3005 972; x_wconf 85' lang='lat' dir='ltr'><strong>accipiunt,quemadmodum</strong></span> <span class='ocrx_word' id='word_1_91' title='bbox 3060 902 3190 971; x_wconf 83' lang='lat' dir='ltr'><strong>ipsae</strong></span> <span class='ocrx_word' id='word_1_92' title='bbox 3244 917 3272 955; x_wconf 89' lang='lat' dir='ltr'><strong>a</strong></span> <span class='ocrx_word' id='word_1_93' title='bbox 3308 902 3417 959; x_wconf 88' lang='lat' dir='ltr'><strong>Deo</strong></span> 
     </span>
    </p>
   </div>
   <div class='ocr_carea' id='block_1_14' title="bbox 120 991 1594 1068">
    <p class='ocr_par' dir='ltr' id='par_1_14' title="bbox 120 993 1594 1068">
     <span class='ocr_line' id='line_1_14' title="bbox 120 993 1594 1068; baseline 0 -18"><span class='ocrx_word' id='word_1_94' title='bbox 120 996 235 1060; x_wconf 70' lang='grc' dir='ltr'>ἕως</span> <span class='ocrx_word' id='word_1_95' title='bbox 277 998 375 1050; x_wconf 73' lang='grc' dir='ltr'>καὶ</span> <span class='ocrx_word' id='word_1_96' title='bbox 408 997 517 1050; x_wconf 85' lang='grc' dir='ltr'>τῶν</span> <span class='ocrx_word' id='word_1_97' title='bbox 570 997 836 1068; x_wconf 82' lang='grc' dir='ltr'>ἐσχάτων.</span> <span class='ocrx_word' id='word_1_98' title='bbox 868 998 1057 1049; x_wconf 82' lang='grc' dir='ltr'><strong>Ἔστιν</strong></span> <span class='ocrx_word' id='word_1_99' title='bbox 1091 993 1186 1051; x_wconf 80' lang='grc' dir='ltr'>οὖν</span> <span class='ocrx_word' id='word_1_100' title='bbox 1221 1000 1399 1054; x_wconf 76' lang='grc' dir='ltr'>ἅπασι</span> <span class='ocrx_word' id='word_1_101' title='bbox 1426 1000 1542 1060; x_wconf 88' lang='grc' dir='ltr'>τοῖς</span> <span class='ocrx_word' id='word_1_102' title='bbox 1568 1015 1594 1065; x_wconf 72' lang='grc' dir='ltr'><strong>ς</strong></span> 
     </span>
    </p>
   </div>
   <div class='ocr_carea' id='block_1_15' title="bbox 1942 991 3416 1068">
    <p class='ocr_par' dir='ltr' id='par_1_15' title="bbox 1942 992 3416 1065">
     <span class='ocr_line' id='line_1_15' title="bbox 1942 992 3416 1065; baseline 0 -17"><span class='ocrx_word' id='word_1_103' title='bbox 1942 1008 1981 1048; x_wconf 75' lang='lat' dir='ltr'><strong>ru</strong></span> <span class='ocrx_word' id='word_1_104' title='bbox 2029 993 2339 1063; x_wconf 81' lang='lat' dir='ltr'><strong>accipiunt;</strong></span> <span class='ocrx_word' id='word_1_105' title='bbox 2372 992 2634 1063; x_wconf 84' lang='lat' dir='ltr'><strong>quoniam</strong></span> <span class='ocrx_word' id='word_1_106' title='bbox 2676 992 2761 1046; x_wconf 87' lang='lat' dir='ltr'><strong>his</strong></span> <span class='ocrx_word' id='word_1_107' title='bbox 2783 1007 2902 1046; x_wconf 81' lang='lat' dir='ltr'><strong>eam</strong></span> <span class='ocrx_word' id='word_1_108' title='bbox 2954 993 3184 1065; x_wconf 70' lang='lat' dir='ltr'><strong>benigne</strong></span> <span class='ocrx_word' id='word_1_109' title='bbox 3211 1003 3264 1049; x_wconf 92' lang='lat' dir='ltr'><strong>et</strong></span> <span class='ocrx_word' id='word_1_110' title='bbox 3292 995 3416 1048; x_wconf 88' lang='lat' dir='ltr'><strong>abs-</strong></span> 
     </span>
    </p>
   </div>
   <div class='ocr_carea' id='block_1_16' title="bbox 118 1084 1592 1161">
    <p class='ocr_par' dir='ltr' id='par_1_16' title="bbox 118 1085 1592 1161">
     <span class='ocr_line' id='line_1_16' title="bbox 118 1085 1592 1161; baseline 0.001 -21"><span class='ocrx_word' id='word_1_111' title='bbox 118 1085 379 1158; x_wconf 81' lang='grc' dir='ltr'>ζομένοις</span> <span class='ocrx_word' id='word_1_112' title='bbox 436 1089 577 1161; x_wconf 79' lang='grc' dir='ltr'>ἁρχὴ</span> <span class='ocrx_word' id='word_1_113' title='bbox 639 1088 736 1143; x_wconf 78' lang='grc' dir='ltr'>τοῦ</span> <span class='ocrx_word' id='word_1_114' title='bbox 787 1088 1115 1159; x_wconf 76' lang='grc' dir='ltr'><strong>φωτίζεσθαι</strong></span> <span class='ocrx_word' id='word_1_115' title='bbox 1162 1093 1191 1145; x_wconf 87' lang='grc' dir='ltr'><strong>ό</strong></span> <span class='ocrx_word' id='word_1_116' title='bbox 1237 1090 1389 1153; x_wconf 87' lang='grc' dir='ltr'>Θεὸς,</span> <span class='ocrx_word' id='word_1_117' title='bbox 1436 1089 1592 1159; x_wconf 76' lang='grc' dir='ltr'>φύσει</span> 
     </span>
    </p>
   </div>
   <div class='ocr_carea' id='block_1_17' title="bbox 1942 1084 3416 1161">
    <p class='ocr_par' dir='ltr' id='par_1_17' title="bbox 1968 1084 3416 1156">
     <span class='ocr_line' id='line_1_17' title="bbox 1968 1084 3416 1156; baseline 0.001 -18"><span class='ocrx_word' id='word_1_118' title='bbox 1968 1085 2074 1139; x_wconf 90' lang='lat' dir='ltr'><strong>ulla</strong></span> <span class='ocrx_word' id='word_1_119' title='bbox 2110 1084 2316 1139; x_wconf 81' lang='lat' dir='ltr'><strong>invidia</strong></span> <span class='ocrx_word' id='word_1_120' title='bbox 2348 1085 2679 1156; x_wconf 65' lang='lat' dir='ltr'><strong>espandunt</strong></span> <span class='ocrx_word' id='word_1_121' title='bbox 2710 1084 2874 1155; x_wconf 84' lang='lat' dir='ltr'><strong>(bono</strong></span> <span class='ocrx_word' id='word_1_122' title='bbox 2908 1086 3053 1141; x_wconf 89' lang='lat' dir='ltr'><strong>enim</strong></span> <span class='ocrx_word' id='word_1_123' title='bbox 3103 1086 3249 1140; x_wconf 87' lang='lat' dir='ltr'><strong>nullo</strong></span> <span class='ocrx_word' id='word_1_124' title='bbox 3274 1086 3416 1141; x_wconf 86' lang='lat' dir='ltr'><strong>inest</strong></span> 
     </span>
    </p>
   </div>
   <div class='ocr_carea' id='block_1_18' title="bbox 122 1176 1596 1255">
    <p class='ocr_par' dir='ltr' id='par_1_18' title="bbox 122 1181 1596 1255">
     <span class='ocr_line' id='line_1_18' title="bbox 122 1181 1596 1255; baseline 0.002 -22"><span class='ocrx_word' id='word_1_125' title='bbox 122 1182 301 1245; x_wconf 69' lang='grc' dir='ltr'>ὅντως</span> <span class='ocrx_word' id='word_1_126' title='bbox 329 1182 533 1254; x_wconf 86' lang='grc' dir='ltr'>κυρίως</span> <span class='ocrx_word' id='word_1_127' title='bbox 566 1181 641 1245; x_wconf 83' lang='grc' dir='ltr'>ὼς</span> <span class='ocrx_word' id='word_1_128' title='bbox 676 1184 854 1251; x_wconf 78' lang='grc' dir='ltr'>φωτὸς</span> <span class='ocrx_word' id='word_1_129' title='bbox 895 1185 1070 1255; x_wconf 83' lang='grc' dir='ltr'>πηγὴ,</span> <span class='ocrx_word' id='word_1_130' title='bbox 1095 1187 1188 1239; x_wconf 72' lang='grc' dir='ltr'>καὶ</span> <span class='ocrx_word' id='word_1_131' title='bbox 1215 1185 1485 1255; x_wconf 77' lang='grc' dir='ltr'>αὑτόιρως,</span> <span class='ocrx_word' id='word_1_132' title='bbox 1520 1184 1596 1237; x_wconf 58' lang='grc' dir='ltr'>καπ</span> 
     </span>
    </p>
   </div>
   <div class='ocr_carea' id='block_1_19' title="bbox 1938 1176 3412 1255">
    <p class='ocr_par' dir='ltr' id='par_1_19' title="bbox 1948 1176 3412 1247">
     <span class='ocr_line' id='line_1_19' title="bbox 1948 1176 3412 1247; baseline 0.001 -18"><span class='ocrx_word' id='word_1_133' title='bbox 1948 1178 2056 1241; x_wconf 86' lang='lat' dir='ltr'><strong>dia,</strong></span> <span class='ocrx_word' id='word_1_134' title='bbox 2090 1188 2153 1231; x_wconf 93' lang='lat' dir='ltr'><strong>ut</strong></span> <span class='ocrx_word' id='word_1_135' title='bbox 2184 1176 2341 1231; x_wconf 83' lang='lat' dir='ltr'><strong>Plato</strong></span> <span class='ocrx_word' id='word_1_136' title='bbox 2383 1178 2506 1247; x_wconf 85' lang='lat' dir='ltr'><strong>ait),</strong></span> <span class='ocrx_word' id='word_1_137' title='bbox 2535 1177 2851 1247; x_wconf 86' lang='lat' dir='ltr'><strong>plenissime</strong></span> <span class='ocrx_word' id='word_1_138' title='bbox 2884 1176 3225 1247; x_wconf 82' lang='lat' dir='ltr'><strong>splendorem</strong></span> <span class='ocrx_word' id='word_1_139' title='bbox 3256 1194 3412 1232; x_wconf 87' lang='lat' dir='ltr'><strong>suum</strong></span> 
     </span>
    </p>
   </div>
   <div class='ocr_carea' id='block_1_20' title="bbox 118 1262 1592 1348">
    <p class='ocr_par' dir='ltr' id='par_1_20' title="bbox 118 1262 1592 1348">
     <span class='ocr_line' id='line_1_20' title="bbox 118 1262 1592 1348; baseline 0.002 -23"><span class='ocrx_word' id='word_1_140' title='bbox 118 1290 241 1337; x_wconf 92' lang='grc' dir='ltr'>τιος</span> <span class='ocrx_word' id='word_1_141' title='bbox 283 1275 417 1327; x_wconf 78' lang='grc' dir='ltr'>πᾶσι</span> <span class='ocrx_word' id='word_1_142' title='bbox 468 1275 564 1326; x_wconf 80' lang='grc' dir='ltr'>καὶ</span> <span class='ocrx_word' id='word_1_143' title='bbox 606 1273 701 1327; x_wconf 75' lang='grc' dir='ltr'><strong>τοῦ</strong></span> <span class='ocrx_word' id='word_1_144' title='bbox 733 1262 893 1337; x_wconf 75' lang='grc' dir='ltr'>εἷναι,</span> <span class='ocrx_word' id='word_1_145' title='bbox 924 1276 1019 1328; x_wconf 73' lang='grc' dir='ltr'>καὶ</span> <span class='ocrx_word' id='word_1_146' title='bbox 1064 1277 1158 1330; x_wconf 78' lang='grc' dir='ltr'><strong>τοῦ</strong></span> <span class='ocrx_word' id='word_1_147' title='bbox 1200 1278 1334 1348; x_wconf 74' lang='grc' dir='ltr'>όρᾷν</span> <span class='ocrx_word' id='word_1_148' title='bbox 1401 1275 1533 1331; x_wconf 85' lang='grc' dir='ltr'>αὑτὸ</span> <span class='ocrx_word' id='word_1_149' title='bbox 1565 1275 1592 1328; x_wconf 89' lang='grc' dir='ltr'><strong>δ</strong></span> 
     </span>
    </p>
   </div>
   <div class='ocr_carea' id='block_1_21' title="bbox 1937 1262 3411 1348">
    <p class='ocr_par' dir='ltr' id='par_1_21' title="bbox 1938 1268 3411 1340">
     <span class='ocr_line' id='line_1_21' title="bbox 1938 1268 3411 1340; baseline 0.002 -18"><span class='ocrx_word' id='word_1_150' title='bbox 1938 1271 2302 1335; x_wconf 81' lang='lat' dir='ltr'><strong>isl&#39;undentcs,</strong></span> <span class='ocrx_word' id='word_1_151' title='bbox 2352 1270 2607 1340; x_wconf 80' lang='lat' dir='ltr'><strong>quamvis</strong></span> <span class='ocrx_word' id='word_1_152' title='bbox 2669 1268 2799 1338; x_wconf 59' lang='lat' dir='ltr'><strong>ipsa;</strong></span> <span class='ocrx_word' id='word_1_153' title='bbox 2861 1277 3093 1335; x_wconf 86' lang='lat' dir='ltr'><strong>tantum,</strong></span> <span class='ocrx_word' id='word_1_154' title='bbox 3148 1279 3411 1339; x_wconf 85' lang='lat' dir='ltr'><strong>quantum</strong></span> 
     </span>
    </p>
   </div>
   <div class='ocr_carea' id='block_1_22' title="bbox 118 1361 1592 1440">
    <p class='ocr_par' dir='ltr' id='par_1_22' title="bbox 118 1363 1592 1440">
     <span class='ocr_line' id='line_1_22' title="bbox 118 1363 1592 1440; baseline 0.001 -24"><span class='ocrx_word' id='word_1_155' title='bbox 118 1363 273 1433; x_wconf 74' lang='grc' dir='ltr'>φῶς·</span> <span class='ocrx_word' id='word_1_156' title='bbox 313 1364 460 1417; x_wconf 80' lang='grc' dir='ltr'>θέσει</span> <span class='ocrx_word' id='word_1_157' title='bbox 515 1365 571 1418; x_wconf 83' lang='grc' dir='ltr'>δὲ</span> <span class='ocrx_word' id='word_1_158' title='bbox 607 1366 702 1419; x_wconf 70' lang='grc' dir='ltr'>καὶ</span> <span class='ocrx_word' id='word_1_159' title='bbox 734 1366 876 1421; x_wconf 86' lang='grc' dir='ltr'>κατὰ</span> <span class='ocrx_word' id='word_1_160' title='bbox 903 1368 1064 1439; x_wconf 85' lang='grc' dir='ltr'>χάριν</span> <span class='ocrx_word' id='word_1_161' title='bbox 1088 1368 1435 1440; x_wconf 80' lang='grc' dir='ltr'>θεομιμήτως</span> <span class='ocrx_word' id='word_1_162' title='bbox 1463 1366 1592 1421; x_wconf 77' lang='grc' dir='ltr'>κατὲ</span> 
     </span>
    </p>
   </div>
   <div class='ocr_carea' id='block_1_23' title="bbox 1939 1361 3413 1440">
    <p class='ocr_par' dir='ltr' id='par_1_23' title="bbox 1939 1361 3413 1433">
     <span class='ocr_line' id='line_1_23' title="bbox 1939 1361 3413 1433; baseline 0 -17"><span class='ocrx_word' id='word_1_163' title='bbox 1939 1363 2079 1433; x_wconf 87' lang='lat' dir='ltr'><strong>inut,</strong></span> <span class='ocrx_word' id='word_1_164' title='bbox 2108 1364 2416 1432; x_wconf 87' lang='lat' dir='ltr'><strong>accipiunt.</strong></span> <span class='ocrx_word' id='word_1_165' title='bbox 2447 1362 2609 1429; x_wconf 86' lang='lat' dir='ltr'><strong>Quod</strong></span> <span class='ocrx_word' id='word_1_166' title='bbox 2641 1362 2812 1415; x_wconf 84' lang='lat' dir='ltr'><strong>etiam</strong></span> <span class='ocrx_word' id='word_1_167' title='bbox 2840 1361 3063 1431; x_wconf 85' lang='lat' dir='ltr'><strong>reliquis</strong></span> <span class='ocrx_word' id='word_1_168' title='bbox 3092 1363 3158 1415; x_wconf 84' lang='lat' dir='ltr'><strong>ad</strong></span> <span class='ocrx_word' id='word_1_169' title='bbox 3200 1373 3413 1430; x_wconf 89' lang='lat' dir='ltr'><strong>postre-</strong></span> 
     </span>
    </p>
   </div>
   <div class='ocr_carea' id='block_1_24' title="bbox 128 1455 1726 1529">
    <p class='ocr_par' dir='ltr' id='par_1_24' title="bbox 128 1455 1726 1529">
     <span class='ocr_line' id='line_1_24' title="bbox 128 1455 1726 1529; baseline 0 -21"><span class='ocrx_word' id='word_1_170' title='bbox 128 1473 227 1527; x_wconf 85' lang='grc' dir='ltr'><strong>ρος</strong></span> <span class='ocrx_word' id='word_1_171' title='bbox 264 1458 364 1526; x_wconf 90' lang='grc' dir='ltr'><strong>μία</strong></span> <span class='ocrx_word' id='word_1_172' title='bbox 394 1460 460 1526; x_wconf 82' lang='grc' dir='ltr'>τῇ</span> <span class='ocrx_word' id='word_1_173' title='bbox 486 1456 671 1528; x_wconf 77' lang='grc' dir='ltr'>ἑτέρᾳ,</span> <span class='ocrx_word' id='word_1_174' title='bbox 698 1459 730 1528; x_wconf 78' lang='grc' dir='ltr'>ἡ</span> <span class='ocrx_word' id='word_1_175' title='bbox 769 1457 961 1529; x_wconf 81' lang='grc' dir='ltr'><strong>πρώτη</strong></span> <span class='ocrx_word' id='word_1_176' title='bbox 990 1462 1057 1529; x_wconf 79' lang='grc' dir='ltr'><strong>τῇ</strong></span> <span class='ocrx_word' id='word_1_177' title='bbox 1114 1458 1228 1529; x_wconf 83' lang='grc' dir='ltr'>μετ’</span> <span class='ocrx_word' id='word_1_178' title='bbox 1251 1459 1441 1529; x_wconf 77' lang='grc' dir='ltr'>αὐτὴν,</span> <span class='ocrx_word' id='word_1_179' title='bbox 1469 1459 1525 1509; x_wconf 84' lang='grc' dir='ltr'><strong>ἐν</strong></span> <span class='ocrx_word' id='word_1_180' title='bbox 1550 1456 1628 1525; x_wconf 82' lang='grc' dir='ltr'>τῷ</span> <span class='ocrx_word' id='word_1_181' title='bbox 1659 1455 1726 1508; x_wconf 85' lang='grc' dir='ltr'>δι’</span> 
     </span>
    </p>
   </div>
   <div class='ocr_carea' id='block_1_25' title="bbox 126 1548 1725 1622">
    <p class='ocr_par' dir='ltr' id='par_1_25' title="bbox 126 1548 1725 1622">
     <span class='ocr_line' id='line_1_25' title="bbox 126 1548 1725 1622; baseline 0.001 -22"><span class='ocrx_word' id='word_1_182' title='bbox 126 1548 312 1618; x_wconf 73' lang='grc' dir='ltr'>αὐτῆς</span> <span class='ocrx_word' id='word_1_183' title='bbox 342 1551 423 1612; x_wconf 88' lang='grc' dir='ltr'>είς</span> <span class='ocrx_word' id='word_1_184' title='bbox 446 1551 663 1620; x_wconf 85' lang='grc' dir='ltr'>ἐκείνην</span> <span class='ocrx_word' id='word_1_185' title='bbox 681 1551 782 1621; x_wconf 79' lang='grc' dir='ltr'>τὴν</span> <span class='ocrx_word' id='word_1_186' title='bbox 804 1550 1067 1622; x_wconf 75' lang='grc' dir='ltr'>ἒλλαμψιν</span> <span class='ocrx_word' id='word_1_187' title='bbox 1093 1550 1422 1622; x_wconf 78' lang='grc' dir='ltr'><strong>διέρχεσθαι,</strong></span> <span class='ocrx_word' id='word_1_188' title='bbox 1453 1552 1481 1603; x_wconf 86' lang='grc' dir='ltr'><strong>ὂ</strong></span> <span class='ocrx_word' id='word_1_189' title='bbox 1503 1551 1566 1619; x_wconf 71' lang='grc' dir='ltr'>δὴ</span> <span class='ocrx_word' id='word_1_190' title='bbox 1597 1552 1725 1602; x_wconf 75' lang='grc' dir='ltr'>ἐπο-</span> 
     </span>
    </p>
   </div>
   <div class='ocr_carea' id='block_1_26' title="bbox 117 1636 1725 1714">
    <p class='ocr_par' dir='ltr' id='par_1_26' title="bbox 117 1636 1725 1714">
     <span class='ocr_line' id='line_1_26' title="bbox 117 1636 1725 1714; baseline 0.002 -21"><span class='ocrx_word' id='word_1_191' title='bbox 117 1640 447 1711; x_wconf 82' lang='grc' dir='ltr'>χετεύεσθαι</span> <span class='ocrx_word' id='word_1_192' title='bbox 477 1636 652 1707; x_wconf 81' lang='grc' dir='ltr'>εἶπεν,</span> <span class='ocrx_word' id='word_1_193' title='bbox 694 1643 805 1695; x_wconf 91' lang='grc' dir='ltr'><strong>άπὸ</strong></span> <span class='ocrx_word' id='word_1_194' title='bbox 840 1645 1150 1714; x_wconf 77' lang='grc' dir='ltr'>μεταφορᾶς</span> <span class='ocrx_word' id='word_1_195' title='bbox 1196 1642 1291 1695; x_wconf 81' lang='grc' dir='ltr'><strong>τοῦ</strong></span> <span class='ocrx_word' id='word_1_196' title='bbox 1339 1642 1427 1696; x_wconf 88' lang='grc' dir='ltr'><strong>διά</strong></span> <span class='ocrx_word' id='word_1_197' title='bbox 1471 1642 1725 1714; x_wconf 78' lang='grc' dir='ltr'><strong>σωλήνων</strong></span> 
     </span>
    </p>
   </div>
   <div class='ocr_carea' id='block_1_27' title="bbox 116 1733 1725 1807">
    <p class='ocr_par' dir='ltr' id='par_1_27' title="bbox 116 1733 1725 1807">
     <span class='ocr_line' id='line_1_27' title="bbox 116 1733 1725 1807; baseline 0.001 -20"><span class='ocrx_word' id='word_1_198' title='bbox 116 1733 482 1805; x_wconf 77' lang='grc' dir='ltr'><strong>διερχομένου</strong></span> <span class='ocrx_word' id='word_1_199' title='bbox 527 1734 743 1798; x_wconf 76' lang='grc' dir='ltr'>ὓδατος.</span> <span class='ocrx_word' id='word_1_200' title='bbox 783 1737 856 1788; x_wconf 88' lang='grc' dir='ltr'>Τὸ</span> <span class='ocrx_word' id='word_1_201' title='bbox 888 1737 946 1789; x_wconf 78' lang='grc' dir='ltr'>δὲ</span> <span class='ocrx_word' id='word_1_202' title='bbox 988 1736 1060 1788; x_wconf 83' lang='grc' dir='ltr'><strong>τὰ</strong></span> <span class='ocrx_word' id='word_1_203' title='bbox 1105 1738 1285 1789; x_wconf 85' lang='grc' dir='ltr'>οἰκεῖα</span> <span class='ocrx_word' id='word_1_204' title='bbox 1331 1737 1594 1807; x_wconf 79' lang='grc' dir='ltr'>ἐνεργεῖν,</span> <span class='ocrx_word' id='word_1_205' title='bbox 1632 1735 1725 1788; x_wconf 75' lang='grc' dir='ltr'>καὶ</span> 
     </span>
    </p>
   </div>
   <div class='ocr_carea' id='block_1_28' title="bbox 118 1825 1718 1898">
    <p class='ocr_par' dir='ltr' id='par_1_28' title="bbox 118 1825 1718 1898">
     <span class='ocr_line' id='line_1_28' title="bbox 118 1825 1718 1898; baseline -0.003 -17"><span class='ocrx_word' id='word_1_206' title='bbox 118 1826 426 1891; x_wconf 78' lang='grc' dir='ltr'><strong>ἀπαύστως</strong></span> <span class='ocrx_word' id='word_1_207' title='bbox 453 1825 811 1881; x_wconf 74' lang='grc' dir='ltr'><strong>ἀνατετάσθαι</strong></span> <span class='ocrx_word' id='word_1_208' title='bbox 846 1828 983 1898; x_wconf 89' lang='grc' dir='ltr'>πρὸς</span> <span class='ocrx_word' id='word_1_209' title='bbox 1016 1827 1106 1881; x_wconf 86' lang='grc' dir='ltr'><strong>τὸν</strong></span> <span class='ocrx_word' id='word_1_210' title='bbox 1148 1826 1305 1890; x_wconf 87' lang='grc' dir='ltr'>Θεὸν,</span> <span class='ocrx_word' id='word_1_211' title='bbox 1344 1828 1437 1879; x_wconf 73' lang='grc' dir='ltr'>καὶ</span> <span class='ocrx_word' id='word_1_212' title='bbox 1475 1827 1556 1889; x_wconf 86' lang='grc' dir='ltr'>είς</span> <span class='ocrx_word' id='word_1_213' title='bbox 1589 1826 1718 1877; x_wconf 80' lang='grc' dir='ltr'>ἐαυ-</span> 
     </span>
    </p>
   </div>
   <div class='ocr_carea' id='block_1_29' title="bbox 110 1915 1721 1989">
    <p class='ocr_par' dir='ltr' id='par_1_29' title="bbox 110 1915 1721 1989">
     <span class='ocr_line' id='line_1_29' title="bbox 110 1915 1721 1989; baseline 0.001 -20"><span class='ocrx_word' id='word_1_214' title='bbox 110 1919 247 1979; x_wconf 67' lang='grc' dir='ltr'>τοῦς</span> <span class='ocrx_word' id='word_1_215' title='bbox 287 1915 679 1969; x_wconf 76' lang='grc' dir='ltr'><strong>συστέλλεσθαι</strong></span> <span class='ocrx_word' id='word_1_216' title='bbox 726 1918 912 1980; x_wconf 83' lang='grc' dir='ltr'>πάλιν,</span> <span class='ocrx_word' id='word_1_217' title='bbox 964 1918 1027 1971; x_wconf 91' lang='grc' dir='ltr'><strong>τὸ</strong></span> <span class='ocrx_word' id='word_1_218' title='bbox 1081 1919 1179 1988; x_wconf 84' lang='grc' dir='ltr'>μὲν</span> <span class='ocrx_word' id='word_1_219' title='bbox 1232 1921 1299 1989; x_wconf 81' lang='grc' dir='ltr'>τῇ</span> <span class='ocrx_word' id='word_1_220' title='bbox 1331 1918 1535 1987; x_wconf 79' lang='grc' dir='ltr'>ἐφέσει,</span> <span class='ocrx_word' id='word_1_221' title='bbox 1571 1917 1633 1970; x_wconf 91' lang='grc' dir='ltr'><strong>τὸ</strong></span> <span class='ocrx_word' id='word_1_222' title='bbox 1664 1917 1721 1970; x_wconf 82' lang='grc' dir='ltr'>δὲ</span> 
     </span>
    </p>
   </div>
   <div class='ocr_carea' id='block_1_30' title="bbox 109 2007 1723 2080">
    <p class='ocr_par' dir='ltr' id='par_1_30' title="bbox 109 2007 1723 2080">
     <span class='ocr_line' id='line_1_30' title="bbox 109 2007 1723 2080; baseline 0.001 -20"><span class='ocrx_word' id='word_1_223' title='bbox 109 2010 183 2078; x_wconf 78' lang='grc' dir='ltr'><strong>τῇ</strong></span> <span class='ocrx_word' id='word_1_224' title='bbox 216 2010 466 2078; x_wconf 76' lang='grc' dir='ltr'>προσοχῇ</span> <span class='ocrx_word' id='word_1_225' title='bbox 492 2010 584 2060; x_wconf 72' lang='grc' dir='ltr'>καὶ</span> <span class='ocrx_word' id='word_1_226' title='bbox 614 2010 681 2080; x_wconf 75' lang='grc' dir='ltr'><strong>τῇ</strong></span> <span class='ocrx_word' id='word_1_227' title='bbox 718 2009 996 2079; x_wconf 69' lang='grc' dir='ltr'>εὐλαϐείᾳ,</span> <span class='ocrx_word' id='word_1_228' title='bbox 1024 2011 1183 2062; x_wconf 82' lang='grc' dir='ltr'>τοῦτο</span> <span class='ocrx_word' id='word_1_229' title='bbox 1228 2008 1296 2063; x_wconf 83' lang='grc' dir='ltr'>ἂν</span> <span class='ocrx_word' id='word_1_230' title='bbox 1346 2008 1575 2080; x_wconf 82' lang='grc' dir='ltr'><strong>κληθείη</strong></span> <span class='ocrx_word' id='word_1_231' title='bbox 1604 2007 1723 2061; x_wconf 90' lang='grc' dir='ltr'>θεο-</span> 
     </span>
    </p>
   </div>
   <div class='ocr_carea' id='block_1_31' title="bbox 116 2099 1721 2171">
    <p class='ocr_par' dir='ltr' id='par_1_31' title="bbox 116 2099 1721 2171">
     <span class='ocr_line' id='line_1_31' title="bbox 116 2099 1721 2171; baseline 0 -20"><span class='ocrx_word' id='word_1_232' title='bbox 116 2101 368 2170; x_wconf 84' lang='grc' dir='ltr'>μίμητος</span> <span class='ocrx_word' id='word_1_233' title='bbox 401 2099 593 2170; x_wconf 77' lang='grc' dir='ltr'>ἀρετή.</span> <span class='ocrx_word' id='word_1_234' title='bbox 631 2100 674 2152; x_wconf 91' lang='grc' dir='ltr'>Τ</span> <span class='ocrx_word' id='word_1_235' title='bbox 675 2099 798 2167; x_wconf 78' lang='grc' dir='ltr'>άξιν</span> <span class='ocrx_word' id='word_1_236' title='bbox 822 2100 878 2152; x_wconf 82' lang='grc' dir='ltr'>δὲ</span> <span class='ocrx_word' id='word_1_237' title='bbox 905 2101 1055 2171; x_wconf 82' lang='grc' dir='ltr'>ὅμως</span> <span class='ocrx_word' id='word_1_238' title='bbox 1077 2100 1177 2170; x_wconf 75' lang='grc' dir='ltr'><strong>τὴν</strong></span> <span class='ocrx_word' id='word_1_239' title='bbox 1206 2099 1283 2163; x_wconf 83' lang='grc' dir='ltr'>ὡς</span> <span class='ocrx_word' id='word_1_240' title='bbox 1311 2099 1473 2152; x_wconf 79' lang='grc' dir='ltr'>ἄλλου</span> <span class='ocrx_word' id='word_1_241' title='bbox 1495 2101 1551 2152; x_wconf 85' lang='grc' dir='ltr'><strong>ἐν</strong></span> <span class='ocrx_word' id='word_1_242' title='bbox 1574 2099 1721 2170; x_wconf 81' lang='grc' dir='ltr'>ἄλλῳ</span> 
     </span>
    </p>
   </div>
   <div class='ocr_carea' id='block_1_32' title="bbox 110 2190 1722 2263">
    <p class='ocr_par' dir='ltr' id='par_1_32' title="bbox 110 2190 1722 2263">
     <span class='ocr_line' id='line_1_32' title="bbox 110 2190 1722 2263; baseline 0.001 -18"><span class='ocrx_word' id='word_1_243' title='bbox 110 2190 503 2260; x_wconf 57' lang='grc' dir='ltr'>διαφυλάττει·</span> <span class='ocrx_word' id='word_1_244' title='bbox 542 2191 618 2255; x_wconf 84' lang='grc' dir='ltr'>ὼς</span> <span class='ocrx_word' id='word_1_245' title='bbox 664 2192 749 2244; x_wconf 73' lang='grc' dir='ltr'>τόο</span> <span class='ocrx_word' id='word_1_246' title='bbox 802 2194 877 2263; x_wconf 79' lang='grc' dir='ltr'><strong>Ζῇ</strong></span> <span class='ocrx_word' id='word_1_247' title='bbox 924 2193 983 2244; x_wconf 86' lang='grc' dir='ltr'><strong>ἐν</strong></span> <span class='ocrx_word' id='word_1_248' title='bbox 1030 2193 1155 2263; x_wconf 75' lang='grc' dir='ltr'>ἐμοὶ</span> <span class='ocrx_word' id='word_1_249' title='bbox 1198 2194 1232 2262; x_wconf 81' lang='grc' dir='ltr'>ὴ</span> <span class='ocrx_word' id='word_1_250' title='bbox 1282 2190 1429 2262; x_wconf 73' lang='grc' dir='ltr'>ψυχή</span> <span class='ocrx_word' id='word_1_251' title='bbox 1461 2208 1576 2255; x_wconf 90' lang='grc' dir='ltr'>σου,</span> <span class='ocrx_word' id='word_1_252' title='bbox 1600 2194 1722 2247; x_wconf 77' lang='grc' dir='ltr'>ἀντὶ</span> 
     </span>
    </p>
   </div>
   <div class='ocr_carea' id='block_1_33' title="bbox 107 2282 1721 2353">
    <p class='ocr_par' dir='ltr' id='par_1_33' title="bbox 107 2282 1721 2353">
     <span class='ocr_line' id='line_1_33' title="bbox 107 2282 1721 2353; baseline 0 -16"><span class='ocrx_word' id='word_1_253' title='bbox 107 2282 234 2343; x_wconf 77' lang='grc' dir='ltr'>τοῦ,</span> <span class='ocrx_word' id='word_1_254' title='bbox 264 2285 299 2353; x_wconf 76' lang='grc' dir='ltr'>ἡ</span> <span class='ocrx_word' id='word_1_255' title='bbox 328 2282 649 2335; x_wconf 89' lang='grc' dir='ltr'>διδασκαλία</span> <span class='ocrx_word' id='word_1_256' title='bbox 684 2300 798 2347; x_wconf 80' lang='grc' dir='ltr'>σου,</span> <span class='ocrx_word' id='word_1_257' title='bbox 825 2284 918 2336; x_wconf 73' lang='grc' dir='ltr'><strong>καὶ</strong></span> <span class='ocrx_word' id='word_1_258' title='bbox 943 2286 975 2353; x_wconf 82' lang='grc' dir='ltr'>ἡ</span> <span class='ocrx_word' id='word_1_259' title='bbox 1003 2284 1209 2352; x_wconf 82' lang='grc' dir='ltr'>ταύτης</span> <span class='ocrx_word' id='word_1_260' title='bbox 1247 2282 1550 2353; x_wconf 85' lang='grc' dir='ltr'><strong>μετάδοσις.</strong></span> <span class='ocrx_word' id='word_1_261' title='bbox 1571 2284 1721 2347; x_wconf 86' lang='grc' dir='ltr'><strong>Τέως</strong></span> 
     </span>
    </p>
   </div>
   <div class='ocr_carea' id='block_1_34' title="bbox 108 2370 1717 2442">
    <p class='ocr_par' dir='ltr' id='par_1_34' title="bbox 108 2370 1717 2442">
     <span class='ocr_line' id='line_1_34' title="bbox 108 2370 1717 2442; baseline 0 -17"><span class='ocrx_word' id='word_1_262' title='bbox 108 2372 249 2425; x_wconf 80' lang='grc' dir='ltr'>δὲτὸ</span> <span class='ocrx_word' id='word_1_263' title='bbox 272 2372 374 2442; x_wconf 77' lang='grc' dir='ltr'>μὲν</span> <span class='ocrx_word' id='word_1_264' title='bbox 403 2371 548 2424; x_wconf 84' lang='grc' dir='ltr'>θέσει</span> <span class='ocrx_word' id='word_1_265' title='bbox 572 2372 719 2424; x_wconf 72' lang='grc' dir='ltr'>ἐστὶν</span> <span class='ocrx_word' id='word_1_266' title='bbox 754 2372 888 2436; x_wconf 81' lang='grc' dir='ltr'>ἐκεῖ,</span> <span class='ocrx_word' id='word_1_267' title='bbox 923 2372 985 2424; x_wconf 86' lang='grc' dir='ltr'><strong>τὸ</strong></span> <span class='ocrx_word' id='word_1_268' title='bbox 1017 2372 1073 2424; x_wconf 77' lang='grc' dir='ltr'>δὲ</span> <span class='ocrx_word' id='word_1_269' title='bbox 1103 2370 1448 2441; x_wconf 82' lang='grc' dir='ltr'>συμϐεϐηκὸς</span> <span class='ocrx_word' id='word_1_270' title='bbox 1481 2371 1541 2423; x_wconf 88' lang='grc' dir='ltr'><strong>οὑ</strong></span> <span class='ocrx_word' id='word_1_271' title='bbox 1578 2371 1717 2425; x_wconf 89' lang='grc' dir='ltr'>πάνυ</span> 
     </span>
    </p>
   </div>
   <div class='ocr_carea' id='block_1_35' title="bbox 105 2462 1718 2536">
    <p class='ocr_par' dir='ltr' id='par_1_35' title="bbox 105 2462 1718 2536">
     <span class='ocr_line' id='line_1_35' title="bbox 105 2462 1718 2536; baseline 0.001 -20"><span class='ocrx_word' id='word_1_272' title='bbox 105 2480 164 2516; x_wconf 85' lang='grc' dir='ltr'>τι</span> <span class='ocrx_word' id='word_1_273' title='bbox 224 2462 489 2533; x_wconf 79' lang='grc' dir='ltr'>κληθείη”</span> <span class='ocrx_word' id='word_1_274' title='bbox 546 2463 608 2516; x_wconf 87' lang='grc' dir='ltr'><strong>τὸ</strong></span> <span class='ocrx_word' id='word_1_275' title='bbox 663 2462 773 2535; x_wconf 81' lang='grc' dir='ltr'><strong>γὰρ</strong></span> <span class='ocrx_word' id='word_1_276' title='bbox 840 2464 1188 2536; x_wconf 86' lang='grc' dir='ltr'>συμϐεϐηκὸς</span> <span class='ocrx_word' id='word_1_277' title='bbox 1247 2464 1304 2517; x_wconf 84' lang='grc' dir='ltr'><strong>ἐν</strong></span> <span class='ocrx_word' id='word_1_278' title='bbox 1371 2465 1718 2536; x_wconf 79' lang='grc' dir='ltr'>ὑποκειμένῳ</span> 
     </span>
    </p>
   </div>
   <div class='ocr_carea' id='block_1_36' title="bbox 107 2547 1715 2627">
    <p class='ocr_par' dir='ltr' id='par_1_36' title="bbox 107 2547 1715 2627">
     <span class='ocr_line' id='line_1_36' title="bbox 107 2547 1715 2627; baseline 0.002 -22"><span class='ocrx_word' id='word_1_279' title='bbox 107 2552 301 2606; x_wconf 76' lang='grc' dir='ltr'>ἐστίν’</span> <span class='ocrx_word' id='word_1_280' title='bbox 340 2553 608 2607; x_wconf 79' lang='grc' dir='ltr'><strong>ἀσύνθετα</strong></span> <span class='ocrx_word' id='word_1_281' title='bbox 660 2556 717 2608; x_wconf 78' lang='grc' dir='ltr'><strong>δε</strong></span> <span class='ocrx_word' id='word_1_282' title='bbox 772 2557 866 2608; x_wconf 78' lang='grc' dir='ltr'>καὶ</span> <span class='ocrx_word' id='word_1_283' title='bbox 919 2556 1057 2609; x_wconf 79' lang='grc' dir='ltr'>ἄῡλα</span> <span class='ocrx_word' id='word_1_284' title='bbox 1097 2547 1302 2620; x_wconf 80' lang='grc' dir='ltr'>ἐκεῖνα,</span> <span class='ocrx_word' id='word_1_285' title='bbox 1341 2557 1437 2611; x_wconf 78' lang='grc' dir='ltr'>καὶ</span> <span class='ocrx_word' id='word_1_286' title='bbox 1484 2557 1552 2609; x_wconf 76' lang='grc' dir='ltr'><strong>τά</strong></span> <span class='ocrx_word' id='word_1_287' title='bbox 1598 2557 1715 2627; x_wconf 79' lang='grc' dir='ltr'>εἴδη</span> 
     </span>
    </p>
   </div>
   <div class='ocr_carea' id='block_1_37' title="bbox 108 2643 1706 2718">
    <p class='ocr_par' dir='ltr' id='par_1_37' title="bbox 108 2643 1706 2718">
     <span class='ocr_line' id='line_1_37' title="bbox 108 2643 1706 2718; baseline 0 -19"><span class='ocrx_word' id='word_1_288' title='bbox 108 2644 319 2709; x_wconf 78' lang='grc' dir='ltr'>αὐτῶν,</span> <span class='ocrx_word' id='word_1_289' title='bbox 359 2643 512 2710; x_wconf 69' lang='grc' dir='ltr'>ζωαὶ,</span> <span class='ocrx_word' id='word_1_290' title='bbox 547 2645 645 2716; x_wconf 84' lang='grc' dir='ltr'><strong>οὑχ</strong></span> <span class='ocrx_word' id='word_1_291' title='bbox 670 2645 744 2708; x_wconf 85' lang='grc' dir='ltr'>ὡς</span> <span class='ocrx_word' id='word_1_292' title='bbox 767 2646 825 2701; x_wconf 86' lang='grc' dir='ltr'><strong>ἐν</strong></span> <span class='ocrx_word' id='word_1_293' title='bbox 848 2645 948 2718; x_wconf 76' lang='grc' dir='ltr'><strong>ὕλῃ</strong></span> <span class='ocrx_word' id='word_1_294' title='bbox 965 2647 1092 2700; x_wconf 86' lang='grc' dir='ltr'>είσί.</span> <span class='ocrx_word' id='word_1_295' title='bbox 1117 2646 1226 2716; x_wconf 81' lang='grc' dir='ltr'><strong>Τὴν</strong></span> <span class='ocrx_word' id='word_1_296' title='bbox 1242 2646 1371 2713; x_wconf 76' lang='grc' dir='ltr'>γοῦν</span> <span class='ocrx_word' id='word_1_297' title='bbox 1394 2647 1706 2717; x_wconf 81' lang='grc' dir='ltr'>ὑπερτάτην</span> 
     </span>
    </p>
   </div>
   <div class='ocr_carea' id='block_1_38' title="bbox 107 2734 1716 2809">
    <p class='ocr_par' dir='ltr' id='par_1_38' title="bbox 107 2734 1716 2809">
     <span class='ocr_line' id='line_1_38' title="bbox 107 2734 1716 2809; baseline 0 -21"><span class='ocrx_word' id='word_1_298' title='bbox 107 2734 482 2805; x_wconf 74' lang='grc' dir='ltr'>διακόσμησιν</span> <span class='ocrx_word' id='word_1_299' title='bbox 519 2736 576 2787; x_wconf 88' lang='grc' dir='ltr'>αἱ</span> <span class='ocrx_word' id='word_1_300' title='bbox 617 2736 803 2788; x_wconf 75' lang='grc' dir='ltr'>λοιπαὶ</span> <span class='ocrx_word' id='word_1_301' title='bbox 842 2737 1093 2809; x_wconf 82' lang='grc' dir='ltr'>οὐράνιαι</span> <span class='ocrx_word' id='word_1_302' title='bbox 1142 2736 1345 2798; x_wconf 85' lang='grc' dir='ltr'>οὑσίαι,</span> <span class='ocrx_word' id='word_1_303' title='bbox 1386 2736 1526 2799; x_wconf 90' lang='grc' dir='ltr'>τέως</span> <span class='ocrx_word' id='word_1_304' title='bbox 1576 2736 1716 2806; x_wconf 81' lang='grc' dir='ltr'>μετὰ</span> 
     </span>
    </p>
   </div>
   <div class='ocr_carea' id='block_1_39' title="bbox 104 2825 1715 2897">
    <p class='ocr_par' dir='ltr' id='par_1_39' title="bbox 104 2825 1715 2897">
     <span class='ocr_line' id='line_1_39' title="bbox 104 2825 1715 2897; baseline -0.001 -18"><span class='ocrx_word' id='word_1_305' title='bbox 104 2825 248 2879; x_wconf 84' lang='grc' dir='ltr'>Θεὸν</span> <span class='ocrx_word' id='word_1_306' title='bbox 280 2826 459 2897; x_wconf 82' lang='grc' dir='ltr'>ἀρχὴν</span> <span class='ocrx_word' id='word_1_307' title='bbox 486 2826 746 2897; x_wconf 74' lang='grc' dir='ltr'>ἡγοῦνται</span> <span class='ocrx_word' id='word_1_308' title='bbox 773 2826 875 2897; x_wconf 80' lang='grc' dir='ltr'><strong>τῆς</strong></span> <span class='ocrx_word' id='word_1_309' title='bbox 901 2826 1233 2896; x_wconf 88' lang='grc' dir='ltr'>θεογνωσίας</span> <span class='ocrx_word' id='word_1_310' title='bbox 1264 2827 1358 2880; x_wconf 73' lang='grc' dir='ltr'>καὶ</span> <span class='ocrx_word' id='word_1_311' title='bbox 1388 2827 1489 2897; x_wconf 80' lang='grc' dir='ltr'>τῆς</span> <span class='ocrx_word' id='word_1_312' title='bbox 1524 2826 1715 2897; x_wconf 88' lang='grc' dir='ltr'>θεομι-</span> 
     </span>
    </p>
   </div>
   <div class='ocr_carea' id='block_1_40' title="bbox 108 2916 1713 2988">
    <p class='ocr_par' dir='ltr' id='par_1_40' title="bbox 108 2916 1713 2988">
     <span class='ocr_line' id='line_1_40' title="bbox 108 2916 1713 2988; baseline -0.001 -17"><span class='ocrx_word' id='word_1_313' title='bbox 108 2916 323 2987; x_wconf 77' lang='grc' dir='ltr'>μησίας</span> <span class='ocrx_word' id='word_1_314' title='bbox 356 2916 556 2981; x_wconf 72' lang='grc' dir='ltr'>αὐτῶν,</span> <span class='ocrx_word' id='word_1_315' title='bbox 582 2917 657 2981; x_wconf 86' lang='grc' dir='ltr'>ὡς</span> <span class='ocrx_word' id='word_1_316' title='bbox 677 2918 743 2970; x_wconf 82' lang='grc' dir='ltr'><strong>δι’</strong></span> <span class='ocrx_word' id='word_1_317' title='bbox 769 2918 994 2971; x_wconf 75' lang='grc' dir='ltr'>ἐκείνων</span> <span class='ocrx_word' id='word_1_318' title='bbox 1027 2919 1108 2981; x_wconf 90' lang='grc' dir='ltr'><strong>είς</strong></span> <span class='ocrx_word' id='word_1_319' title='bbox 1131 2917 1301 2980; x_wconf 83' lang='grc' dir='ltr'>αὑτάς</span> <span class='ocrx_word' id='word_1_320' title='bbox 1333 2916 1713 2988; x_wconf 82' lang='grc' dir='ltr'>διαδιδομένης</span> 
     </span>
    </p>
   </div>
   <div class='ocr_carea' id='block_1_41' title="bbox 104 3007 1709 3079">
    <p class='ocr_par' dir='ltr' id='par_1_41' title="bbox 104 3007 1709 3079">
     <span class='ocr_line' id='line_1_41' title="bbox 104 3007 1709 3079; baseline -0.001 -16"><span class='ocrx_word' id='word_1_321' title='bbox 104 3007 215 3077; x_wconf 73' lang='grc' dir='ltr'>τῆς</span> <span class='ocrx_word' id='word_1_322' title='bbox 256 3007 581 3077; x_wconf 70' lang='grc' dir='ltr'>ἐλλάμψεως</span> <span class='ocrx_word' id='word_1_323' title='bbox 604 3027 616 3039; x_wconf 90' lang='grc'><strong>·</strong></span> <span class='ocrx_word' id='word_1_324' title='bbox 648 3010 729 3063; x_wconf 88' lang='grc' dir='ltr'><strong>διὸ</strong></span> <span class='ocrx_word' id='word_1_325' title='bbox 783 3011 879 3063; x_wconf 72' lang='grc' dir='ltr'><strong>καὶ</strong></span> <span class='ocrx_word' id='word_1_326' title='bbox 918 3012 1099 3064; x_wconf 81' lang='grc' dir='ltr'>πᾶσαν</span> <span class='ocrx_word' id='word_1_327' title='bbox 1140 3010 1421 3079; x_wconf 75' lang='grc' dir='ltr'>ἐνέργειαν</span> <span class='ocrx_word' id='word_1_328' title='bbox 1453 3010 1548 3062; x_wconf 78' lang='grc' dir='ltr'>ἐπὶ</span> <span class='ocrx_word' id='word_1_329' title='bbox 1575 3009 1709 3062; x_wconf 91' lang='grc' dir='ltr'>Θεὸν</span> 
     </span>
    </p>
   </div>
   <div class='ocr_carea' id='block_1_42' title="bbox 111 3098 1779 3188">
    <p class='ocr_par' dir='ltr' id='par_1_42' title="bbox 111 3098 1779 3188">
     <span class='ocr_line' id='line_1_42' title="bbox 111 3098 1779 3188; baseline 0.001 -35"><span class='ocrx_word' id='word_1_330' title='bbox 111 3102 221 3173; x_wconf 81' lang='grc' dir='ltr'>μὲν</span> <span class='ocrx_word' id='word_1_331' title='bbox 263 3102 650 3173; x_wconf 75' lang='grc' dir='ltr'>ἀναφέρουσιν,</span> <span class='ocrx_word' id='word_1_332' title='bbox 692 3103 768 3167; x_wconf 88' lang='grc' dir='ltr'>ὼς</span> <span class='ocrx_word' id='word_1_333' title='bbox 797 3104 878 3167; x_wconf 88' lang='grc' dir='ltr'>είς</span> <span class='ocrx_word' id='word_1_334' title='bbox 907 3103 1149 3176; x_wconf 83' lang='grc' dir='ltr'>ἀρχηγὸν</span> <span class='ocrx_word' id='word_1_335' title='bbox 1178 3104 1274 3156; x_wconf 78' lang='grc' dir='ltr'><strong>καὶ</strong></span> <span class='ocrx_word' id='word_1_336' title='bbox 1316 3103 1510 3168; x_wconf 77' lang='grc' dir='ltr'>αἴτιον,</span> <span class='ocrx_word' id='word_1_337' title='bbox 1556 3098 1710 3166; x_wconf 80' lang='grc' dir='ltr'>αὖθις</span> <span class='ocrx_word' id='word_1_338' title='bbox 1737 3132 1779 3188; x_wconf 76' lang='lat' dir='ltr'>c</span> 
     </span>
    </p>
   </div>
   <div class='ocr_carea' id='block_1_43' title="bbox 102 3193 1712 3267">
    <p class='ocr_par' dir='ltr' id='par_1_43' title="bbox 102 3193 1712 3267">
     <span class='ocr_line' id='line_1_43' title="bbox 102 3193 1712 3267; baseline -0.001 -20"><span class='ocrx_word' id='word_1_339' title='bbox 102 3194 163 3247; x_wconf 84' lang='grc' dir='ltr'>δὲ</span> <span class='ocrx_word' id='word_1_340' title='bbox 196 3193 324 3265; x_wconf 81' lang='grc' dir='ltr'>μετ’</span> <span class='ocrx_word' id='word_1_341' title='bbox 359 3193 519 3246; x_wconf 87' lang='grc' dir='ltr'>αὑτὸν</span> <span class='ocrx_word' id='word_1_342' title='bbox 565 3194 659 3247; x_wconf 75' lang='grc' dir='ltr'><strong>ἐπὶ</strong></span> <span class='ocrx_word' id='word_1_343' title='bbox 701 3195 832 3259; x_wconf 77' lang='grc' dir='ltr'>τοὺς</span> <span class='ocrx_word' id='word_1_344' title='bbox 883 3195 1156 3267; x_wconf 85' lang='grc' dir='ltr'>πρώτους,</span> <span class='ocrx_word' id='word_1_345' title='bbox 1212 3195 1289 3259; x_wconf 86' lang='grc' dir='ltr'>ὼς</span> <span class='ocrx_word' id='word_1_346' title='bbox 1340 3193 1574 3265; x_wconf 85' lang='grc' dir='ltr'>πρώτως</span> <span class='ocrx_word' id='word_1_347' title='bbox 1632 3195 1712 3258; x_wconf 89' lang='grc' dir='ltr'>είς</span> 
     </span>
    </p>
   </div>
   <div class='ocr_carea' id='block_1_44' title="bbox 103 3282 1713 3356">
    <p class='ocr_par' dir='ltr' id='par_1_44' title="bbox 103 3282 1713 3356">
     <span class='ocr_line' id='line_1_44' title="bbox 103 3282 1713 3356; baseline 0.004 -22"><span class='ocrx_word' id='word_1_348' title='bbox 103 3282 315 3345; x_wconf 72' lang='grc' dir='ltr'>αὐτοὺς</span> <span class='ocrx_word' id='word_1_349' title='bbox 358 3282 427 3335; x_wconf 77' lang='grc' dir='ltr'>τὰ</span> <span class='ocrx_word' id='word_1_350' title='bbox 479 3282 580 3353; x_wconf 79' lang='grc' dir='ltr'>τῆς</span> <span class='ocrx_word' id='word_1_351' title='bbox 614 3283 975 3356; x_wconf 84' lang='grc' dir='ltr'>θεομιμησίας</span> <span class='ocrx_word' id='word_1_352' title='bbox 1010 3286 1403 3356; x_wconf 80' lang='grc' dir='ltr'>ἀναφαίνοντας</span> <span class='ocrx_word' id='word_1_353' title='bbox 1449 3290 1544 3340; x_wconf 75' lang='grc' dir='ltr'>καὶ</span> <span class='ocrx_word' id='word_1_354' title='bbox 1568 3286 1713 3340; x_wconf 81' lang='grc' dir='ltr'>διδά-</span> 
     </span>
    </p>
   </div>
   <div class='ocr_carea' id='block_1_45' title="bbox 104 3375 1713 3450">
    <p class='ocr_par' dir='ltr' id='par_1_45' title="bbox 104 3375 1713 3450">
     <span class='ocr_line' id='line_1_45' title="bbox 104 3375 1713 3450; baseline 0.004 -22"><span class='ocrx_word' id='word_1_355' title='bbox 104 3391 367 3436; x_wconf 74' lang='grc' dir='ltr'>σκοντας.</span> <span class='ocrx_word' id='word_1_356' title='bbox 407 3375 608 3429; x_wconf 78' lang='grc' dir='ltr'>Λοιπὸν</span> <span class='ocrx_word' id='word_1_357' title='bbox 641 3376 675 3446; x_wconf 80' lang='grc' dir='ltr'>ἡ</span> <span class='ocrx_word' id='word_1_358' title='bbox 710 3376 902 3447; x_wconf 85' lang='grc' dir='ltr'>πρώτη</span> <span class='ocrx_word' id='word_1_359' title='bbox 927 3377 1099 3444; x_wconf 79' lang='grc' dir='ltr'>τάξις,</span> <span class='ocrx_word' id='word_1_360' title='bbox 1138 3379 1340 3450; x_wconf 84' lang='grc' dir='ltr'>μᾶλλον</span> <span class='ocrx_word' id='word_1_361' title='bbox 1379 3380 1489 3433; x_wconf 86' lang='grc' dir='ltr'><strong>τῶν</strong></span> <span class='ocrx_word' id='word_1_362' title='bbox 1516 3380 1713 3446; x_wconf 80' lang='grc' dir='ltr'>ἄλλων,</span> 
     </span>
    </p>
   </div>
   <div class='ocr_carea' id='block_1_46' title="bbox 100 3464 1712 3541">
    <p class='ocr_par' dir='ltr' id='par_1_46' title="bbox 100 3464 1712 3541">
     <span class='ocr_line' id='line_1_46' title="bbox 100 3464 1712 3541; baseline 0.004 -25"><span class='ocrx_word' id='word_1_363' title='bbox 100 3465 172 3517; x_wconf 80' lang='grc' dir='ltr'><strong>τὰ</strong></span> <span class='ocrx_word' id='word_1_364' title='bbox 208 3464 492 3536; x_wconf 85' lang='grc' dir='ltr'>προσόντα</span> <span class='ocrx_word' id='word_1_365' title='bbox 522 3467 686 3537; x_wconf 77' lang='grc' dir='ltr'>ἑαυτῇ</span> <span class='ocrx_word' id='word_1_366' title='bbox 727 3466 839 3538; x_wconf 81' lang='grc' dir='ltr'>ἔχει</span> <span class='ocrx_word' id='word_1_367' title='bbox 880 3467 942 3519; x_wconf 89' lang='grc' dir='ltr'><strong>τὸ</strong></span> <span class='ocrx_word' id='word_1_368' title='bbox 964 3468 1259 3539; x_wconf 88' lang='grc' dir='ltr'>ἐμπύριον,</span> <span class='ocrx_word' id='word_1_369' title='bbox 1293 3470 1433 3541; x_wconf 83' lang='grc' dir='ltr'>ὅπερ</span> <span class='ocrx_word' id='word_1_370' title='bbox 1464 3471 1582 3523; x_wconf 79' lang='grc' dir='ltr'>ἐστὶ</span> <span class='ocrx_word' id='word_1_371' title='bbox 1602 3470 1712 3523; x_wconf 82' lang='grc' dir='ltr'><strong>τῶν</strong></span> 
     </span>
    </p>
   </div>
   <div class='ocr_carea' id='block_1_47' title="bbox 113 3557 1713 3630">
    <p class='ocr_par' dir='ltr' id='par_1_47' title="bbox 113 3557 1713 3630">
     <span class='ocr_line' id='line_1_47' title="bbox 113 3557 1713 3630; baseline 0.006 -24"><span class='ocrx_word' id='word_1_372' title='bbox 113 3571 174 3609; x_wconf 86' lang='grc' dir='ltr'><strong>σε</strong></span> <span class='ocrx_word' id='word_1_373' title='bbox 185 3558 394 3628; x_wconf 63' lang='grc' dir='ltr'>ραφψ,</span> <span class='ocrx_word' id='word_1_374' title='bbox 426 3557 526 3627; x_wconf 77' lang='grc' dir='ltr'>τὴν</span> <span class='ocrx_word' id='word_1_375' title='bbox 548 3557 649 3627; x_wconf 80' lang='grc' dir='ltr'>τῆς</span> <span class='ocrx_word' id='word_1_376' title='bbox 674 3557 867 3627; x_wconf 83' lang='grc' dir='ltr'>σοφίας</span> <span class='ocrx_word' id='word_1_377' title='bbox 896 3558 1072 3628; x_wconf 84' lang='grc' dir='ltr'>χύσιν,</span> <span class='ocrx_word' id='word_1_378' title='bbox 1104 3558 1182 3611; x_wconf 76' lang='grc' dir='ltr'>ἔτι</span> <span class='ocrx_word' id='word_1_379' title='bbox 1205 3559 1259 3611; x_wconf 84' lang='grc' dir='ltr'>δὲ</span> <span class='ocrx_word' id='word_1_380' title='bbox 1283 3562 1378 3613; x_wconf 75' lang='grc' dir='ltr'><strong>καὶ</strong></span> <span class='ocrx_word' id='word_1_381' title='bbox 1401 3561 1463 3614; x_wconf 88' lang='grc' dir='ltr'><strong>τὸ</strong></span> <span class='ocrx_word' id='word_1_382' title='bbox 1484 3578 1713 3630; x_wconf 84' lang='grc' dir='ltr'>γνωστι-</span> 
     </span>
    </p>
   </div>
   <div class='ocr_carea' id='block_1_48' title="bbox 103 3647 1713 3726">
    <p class='ocr_par' dir='ltr' id='par_1_48' title="bbox 103 3647 1713 3726">
     <span class='ocr_line' id='line_1_48' title="bbox 103 3647 1713 3726; baseline 0.003 -25"><span class='ocrx_word' id='word_1_383' title='bbox 103 3647 204 3701; x_wconf 83' lang='grc' dir='ltr'><strong>κὸν</strong></span> <span class='ocrx_word' id='word_1_384' title='bbox 234 3649 340 3717; x_wconf 79' lang='grc' dir='ltr'><strong>τῆς</strong></span> <span class='ocrx_word' id='word_1_385' title='bbox 368 3650 679 3721; x_wconf 79' lang='grc' dir='ltr'>ἐπιστήμης</span> <span class='ocrx_word' id='word_1_386' title='bbox 709 3649 817 3703; x_wconf 85' lang='grc' dir='ltr'><strong>τῶν</strong></span> <span class='ocrx_word' id='word_1_387' title='bbox 839 3649 1000 3704; x_wconf 88' lang='grc' dir='ltr'>θείων</span> <span class='ocrx_word' id='word_1_388' title='bbox 1035 3650 1377 3722; x_wconf 67' lang='grc' dir='ltr'>ἐλλάμψεων,</span> <span class='ocrx_word' id='word_1_389' title='bbox 1409 3654 1464 3726; x_wconf 72' lang='grc' dir='ltr'>(η</span> <span class='ocrx_word' id='word_1_390' title='bbox 1487 3656 1713 3725; x_wconf 78' lang='grc' dir='ltr'>ἐπιστή-</span> 
     </span>
    </p>
   </div>
   <div class='ocr_carea' id='block_1_49' title="bbox 105 3735 1712 3816">
    <p class='ocr_par' dir='ltr' id='par_1_49' title="bbox 105 3735 1712 3816">
     <span class='ocr_line' id='line_1_49' title="bbox 105 3735 1712 3816; baseline 0.01 -32"><span class='ocrx_word' id='word_1_391' title='bbox 105 3755 181 3807; x_wconf 79' lang='grc' dir='ltr'><strong>μη</strong></span> <span class='ocrx_word' id='word_1_392' title='bbox 212 3736 330 3806; x_wconf 78' lang='grc' dir='ltr'><strong>γὰρ</strong></span> <span class='ocrx_word' id='word_1_393' title='bbox 355 3735 493 3805; x_wconf 85' lang='grc' dir='ltr'>πρὸς</span> <span class='ocrx_word' id='word_1_394' title='bbox 514 3736 584 3790; x_wconf 73' lang='grc' dir='ltr'>τὰ</span> <span class='ocrx_word' id='word_1_395' title='bbox 609 3739 877 3809; x_wconf 85' lang='grc' dir='ltr'>ἐπιστητά</span> <span class='ocrx_word' id='word_1_396' title='bbox 909 3740 1080 3810; x_wconf 79' lang='grc' dir='ltr'>ὲστι,)</span> <span class='ocrx_word' id='word_1_397' title='bbox 1112 3742 1207 3793; x_wconf 78' lang='grc' dir='ltr'><strong>καὶ</strong></span> <span class='ocrx_word' id='word_1_398' title='bbox 1235 3743 1335 3813; x_wconf 81' lang='grc' dir='ltr'>τὴν</span> <span class='ocrx_word' id='word_1_399' title='bbox 1359 3743 1466 3795; x_wconf 80' lang='grc' dir='ltr'>τῶν</span> <span class='ocrx_word' id='word_1_400' title='bbox 1500 3744 1712 3816; x_wconf 87' lang='grc' dir='ltr'>θρόνων</span> 
     </span>
    </p>
   </div>
   <div class='ocr_carea' id='block_1_50' title="bbox 107 3827 1710 3906">
    <p class='ocr_par' dir='ltr' id='par_1_50' title="bbox 107 3827 1710 3906">
     <span class='ocr_line' id='line_1_50' title="bbox 107 3827 1710 3906; baseline 0.008 -29"><span class='ocrx_word' id='word_1_401' title='bbox 107 3827 381 3899; x_wconf 80' lang='grc' dir='ltr'>ἰδιότητα,</span> <span class='ocrx_word' id='word_1_402' title='bbox 413 3828 475 3879; x_wconf 87' lang='grc' dir='ltr'><strong>τὸ</strong></span> <span class='ocrx_word' id='word_1_403' title='bbox 503 3828 856 3900; x_wconf 81' lang='grc' dir='ltr'>ἀνεῳγμένην</span> <span class='ocrx_word' id='word_1_404' title='bbox 889 3830 1129 3901; x_wconf 86' lang='grc' dir='ltr'>δηλονότι</span> <span class='ocrx_word' id='word_1_405' title='bbox 1150 3833 1251 3903; x_wconf 82' lang='grc' dir='ltr'>τὴν</span> <span class='ocrx_word' id='word_1_406' title='bbox 1278 3835 1406 3906; x_wconf 77' lang='grc' dir='ltr'>περὶ</span> <span class='ocrx_word' id='word_1_407' title='bbox 1431 3836 1525 3888; x_wconf 81' lang='grc' dir='ltr'>τοῦ</span> <span class='ocrx_word' id='word_1_408' title='bbox 1553 3836 1710 3890; x_wconf 89' lang='grc' dir='ltr'>Θείου</span> 
     </span>
    </p>
   </div>
   <div class='ocr_carea' id='block_1_51' title="bbox 102 3918 1706 3999">
    <p class='ocr_par' dir='ltr' id='par_1_51' title="bbox 102 3918 1706 3999">
     <span class='ocr_line' id='line_1_51' title="bbox 102 3918 1706 3999; baseline 0.007 -31"><span class='ocrx_word' id='word_1_409' title='bbox 102 3919 302 3988; x_wconf 80' lang='grc' dir='ltr'>νόησιν</span> <span class='ocrx_word' id='word_1_410' title='bbox 332 3918 499 3987; x_wconf 78' lang='grc' dir='ltr'>ἔχειν,</span> <span class='ocrx_word' id='word_1_411' title='bbox 524 3918 552 3971; x_wconf 82' lang='grc' dir='ltr'><strong>ὂ</strong></span> <span class='ocrx_word' id='word_1_412' title='bbox 579 3919 643 3992; x_wconf 79' lang='grc' dir='ltr'>δὴ</span> <span class='ocrx_word' id='word_1_413' title='bbox 679 3920 924 3991; x_wconf 88' lang='grc' dir='ltr'>θεοδοχία</span> <span class='ocrx_word' id='word_1_414' title='bbox 979 3924 1095 3977; x_wconf 79' lang='grc' dir='ltr'>ἐστι</span> <span class='ocrx_word' id='word_1_415' title='bbox 1138 3941 1198 3977; x_wconf 86' lang='grc' dir='ltr'><strong>τε</strong></span> <span class='ocrx_word' id='word_1_416' title='bbox 1240 3927 1334 3979; x_wconf 79' lang='grc' dir='ltr'>καὶ</span> <span class='ocrx_word' id='word_1_417' title='bbox 1361 3928 1706 3999; x_wconf 82' lang='grc' dir='ltr'>ὀνομάζεται.</span> 
     </span>
    </p>
   </div>
   <div class='ocr_carea' id='block_1_52' title="bbox 115 4006 1712 4087">
    <p class='ocr_par' dir='ltr' id='par_1_52' title="bbox 115 4006 1712 4087">
     <span class='ocr_line' id='line_1_52' title="bbox 115 4006 1712 4087; baseline 0.007 -25"><span class='ocrx_word' id='word_1_418' title='bbox 115 4006 182 4062; x_wconf 81' lang='grc' dir='ltr'><strong><em>Ἠ</em></strong></span> <span class='ocrx_word' id='word_1_419' title='bbox 216 4009 277 4060; x_wconf 84' lang='grc' dir='ltr'>δὲ</span> <span class='ocrx_word' id='word_1_420' title='bbox 316 4010 436 4079; x_wconf 84' lang='grc' dir='ltr'>μετ’</span> <span class='ocrx_word' id='word_1_421' title='bbox 460 4009 628 4081; x_wconf 80' lang='grc' dir='ltr'>αὑτὴν</span> <span class='ocrx_word' id='word_1_422' title='bbox 670 4010 825 4077; x_wconf 78' lang='grc' dir='ltr'>τάξις</span> <span class='ocrx_word' id='word_1_423' title='bbox 874 4014 1097 4085; x_wconf 80' lang='grc' dir='ltr'>μετέχει</span> <span class='ocrx_word' id='word_1_424' title='bbox 1142 4017 1241 4087; x_wconf 88' lang='grc' dir='ltr'>μὲν</span> <span class='ocrx_word' id='word_1_425' title='bbox 1291 4017 1400 4070; x_wconf 83' lang='grc' dir='ltr'><strong>τῶν</strong></span> <span class='ocrx_word' id='word_1_426' title='bbox 1455 4019 1712 4073; x_wconf 82' lang='grc' dir='ltr'>τοιούτων</span> 
     </span>
    </p>
   </div>
   <div class='ocr_carea' id='block_1_53' title="bbox 102 4100 1713 4182">
    <p class='ocr_par' dir='ltr' id='par_1_53' title="bbox 102 4100 1713 4182">
     <span class='ocr_line' id='line_1_53' title="bbox 102 4100 1713 4182; baseline 0.007 -30"><span class='ocrx_word' id='word_1_427' title='bbox 102 4100 423 4169; x_wconf 78' lang='grc' dir='ltr'>δυνάμεων,</span> <span class='ocrx_word' id='word_1_428' title='bbox 451 4101 762 4173; x_wconf 75' lang='grc' dir='ltr'>ὑφειμένως</span> <span class='ocrx_word' id='word_1_429' title='bbox 790 4102 867 4167; x_wconf 86' lang='grc' dir='ltr'>δὲ,</span> <span class='ocrx_word' id='word_1_430' title='bbox 904 4105 998 4157; x_wconf 75' lang='grc' dir='ltr'>καὶ</span> <span class='ocrx_word' id='word_1_431' title='bbox 1025 4106 1163 4176; x_wconf 91' lang='grc' dir='ltr'>πρὸς</span> <span class='ocrx_word' id='word_1_432' title='bbox 1194 4108 1293 4171; x_wconf 75' lang='grc' dir='ltr'>τὰς</span> <span class='ocrx_word' id='word_1_433' title='bbox 1322 4107 1545 4178; x_wconf 83' lang='grc' dir='ltr'>πρώτας</span> <span class='ocrx_word' id='word_1_434' title='bbox 1572 4111 1713 4182; x_wconf 85' lang='grc' dir='ltr'><strong>ὁρῶ-</strong></span> 
     </span>
    </p>
   </div>
   <div class='ocr_carea' id='block_1_54' title="bbox 115 4191 1711 4275">
    <p class='ocr_par' dir='ltr' id='par_1_54' title="bbox 115 4191 1711 4275">
     <span class='ocr_line' id='line_1_54' title="bbox 115 4191 1711 4275; baseline 0.009 -32"><span class='ocrx_word' id='word_1_435' title='bbox 115 4208 233 4257; x_wconf 80' lang='grc' dir='ltr'>σαι,</span> <span class='ocrx_word' id='word_1_436' title='bbox 268 4191 341 4245; x_wconf 79' lang='grc' dir='ltr'>δι’</span> <span class='ocrx_word' id='word_1_437' title='bbox 364 4192 542 4245; x_wconf 86' lang='grc' dir='ltr'>αὑτῶν</span> <span class='ocrx_word' id='word_1_438' title='bbox 582 4193 658 4257; x_wconf 81' lang='grc' dir='ltr'>ὡς</span> <span class='ocrx_word' id='word_1_439' title='bbox 696 4194 929 4266; x_wconf 85' lang='grc' dir='ltr'>πρώτως</span> <span class='ocrx_word' id='word_1_440' title='bbox 959 4196 1281 4269; x_wconf 71' lang='grc' dir='ltr'>ἠξιωμένων</span> <span class='ocrx_word' id='word_1_441' title='bbox 1312 4203 1414 4273; x_wconf 82' lang='grc' dir='ltr'>τῆς</span> <span class='ocrx_word' id='word_1_442' title='bbox 1442 4202 1711 4275; x_wconf 85' lang='grc' dir='ltr'>θεομιμη-</span> 
     </span>
    </p>
   </div>
   <div class='ocr_carea' id='block_1_55' title="bbox 1828 1452 3414 1525">
    <p class='ocr_par' dir='ltr' id='par_1_55' title="bbox 1828 1452 3414 1525">
     <span class='ocr_line' id='line_1_55' title="bbox 1828 1452 3414 1525; baseline -0.001 -17"><span class='ocrx_word' id='word_1_443' title='bbox 1828 1469 1947 1508; x_wconf 89' lang='lat' dir='ltr'><strong>mas</strong></span> <span class='ocrx_word' id='word_1_444' title='bbox 1981 1469 2154 1525; x_wconf 90' lang='lat' dir='ltr'><strong>usque</strong></span> <span class='ocrx_word' id='word_1_445' title='bbox 2185 1454 2466 1509; x_wconf 91' lang='lat' dir='ltr'><strong>usuvenil.</strong></span> <span class='ocrx_word' id='word_1_446' title='bbox 2525 1452 2623 1508; x_wconf 83' lang='lat' dir='ltr'><strong>Est</strong></span> <span class='ocrx_word' id='word_1_447' title='bbox 2672 1454 2840 1523; x_wconf 69' lang='lat' dir='ltr'><strong>igitur</strong></span> <span class='ocrx_word' id='word_1_448' title='bbox 2866 1453 3112 1507; x_wconf 86' lang='lat' dir='ltr'><strong>oumium</strong></span> <span class='ocrx_word' id='word_1_449' title='bbox 3144 1469 3264 1522; x_wconf 78' lang='lat' dir='ltr'><strong>qua:</strong></span> <span class='ocrx_word' id='word_1_450' title='bbox 3293 1454 3414 1508; x_wconf 81' lang='lat' dir='ltr'><strong>illu-</strong></span> 
     </span>
    </p>
   </div>
   <div class='ocr_carea' id='block_1_56' title="bbox 1825 1543 3411 1615">
    <p class='ocr_par' dir='ltr' id='par_1_56' title="bbox 1825 1543 3411 1615">
     <span class='ocr_line' id='line_1_56' title="bbox 1825 1543 3411 1615; baseline 0 -16"><span class='ocrx_word' id='word_1_451' title='bbox 1825 1554 2077 1609; x_wconf 82' lang='lat' dir='ltr'><strong>strantur</strong></span> <span class='ocrx_word' id='word_1_452' title='bbox 2138 1545 2483 1601; x_wconf 90' lang='lat' dir='ltr'><strong>illuminandi</strong></span> <span class='ocrx_word' id='word_1_453' title='bbox 2569 1545 2911 1615; x_wconf 88' lang='lat' dir='ltr'><strong>principium</strong></span> <span class='ocrx_word' id='word_1_454' title='bbox 2981 1543 3158 1610; x_wconf 87' lang='lat' dir='ltr'><strong>Deus,</strong></span> <span class='ocrx_word' id='word_1_455' title='bbox 3218 1555 3411 1600; x_wconf 84' lang='lat' dir='ltr'><strong>natura</strong></span> 
     </span>
    </p>
   </div>
   <div class='ocr_carea' id='block_1_57' title="bbox 1825 1626 3413 1710">
    <p class='ocr_par' dir='ltr' id='par_1_57' title="bbox 1825 1626 3413 1710">
     <span class='ocr_line' id='line_1_57' title="bbox 1825 1626 3413 1710; baseline 0.002 -20"><span class='ocrx_word' id='word_1_456' title='bbox 1825 1638 2043 1706; x_wconf 84' lang='lat' dir='ltr'><strong>quidem</strong></span> <span class='ocrx_word' id='word_1_457' title='bbox 2076 1650 2133 1693; x_wconf 78' lang='lat' dir='ltr'><strong>et</strong></span> <span class='ocrx_word' id='word_1_458' title='bbox 2187 1653 2379 1693; x_wconf 82' lang='lat' dir='ltr'><strong>revera</strong></span> <span class='ocrx_word' id='word_1_459' title='bbox 2428 1626 2652 1710; x_wconf 79' lang='lat' dir='ltr'><strong>praprie</strong></span> <span class='ocrx_word' id='word_1_460' title='bbox 2697 1649 2757 1693; x_wconf 92' lang='lat' dir='ltr'><strong>ut</strong></span> <span class='ocrx_word' id='word_1_461' title='bbox 2799 1638 2925 1694; x_wconf 80' lang='lat' dir='ltr'><strong>fons</strong></span> <span class='ocrx_word' id='word_1_462' title='bbox 2954 1636 3111 1704; x_wconf 81' lang='lat' dir='ltr'><strong>htcis,</strong></span> <span class='ocrx_word' id='word_1_463' title='bbox 3140 1644 3197 1692; x_wconf 92' lang='lat' dir='ltr'><strong>et</strong></span> <span class='ocrx_word' id='word_1_464' title='bbox 3233 1652 3329 1706; x_wconf 89' lang='lat' dir='ltr'><strong>per</strong></span> <span class='ocrx_word' id='word_1_465' title='bbox 3352 1651 3413 1693; x_wconf 79' lang='lat' dir='ltr'><strong>se</strong></span> 
     </span>
    </p>
   </div>
   <div class='ocr_carea' id='block_1_58' title="bbox 1829 1728 3408 1803">
    <p class='ocr_par' dir='ltr' id='par_1_58' title="bbox 1829 1728 3408 1803">
     <span class='ocr_line' id='line_1_58' title="bbox 1829 1728 3408 1803; baseline 0.001 -21"><span class='ocrx_word' id='word_1_466' title='bbox 1829 1728 1919 1782; x_wconf 75' lang='lat' dir='ltr'><strong>lux</strong></span> <span class='ocrx_word' id='word_1_467' title='bbox 1954 1738 2008 1783; x_wconf 93' lang='lat' dir='ltr'><strong>et</strong></span> <span class='ocrx_word' id='word_1_468' title='bbox 2039 1740 2234 1784; x_wconf 87' lang='lat' dir='ltr'><strong>auctor</strong></span> <span class='ocrx_word' id='word_1_469' title='bbox 2262 1731 2518 1803; x_wconf 89' lang='lat' dir='ltr'><strong>omnihus</strong></span> <span class='ocrx_word' id='word_1_470' title='bbox 2560 1741 2619 1787; x_wconf 89' lang='lat' dir='ltr'><strong>ut</strong></span> <span class='ocrx_word' id='word_1_471' title='bbox 2646 1739 2700 1786; x_wconf 91' lang='lat' dir='ltr'><strong>et</strong></span> <span class='ocrx_word' id='word_1_472' title='bbox 2730 1732 2864 1796; x_wconf 87' lang='lat' dir='ltr'><strong>siut,</strong></span> <span class='ocrx_word' id='word_1_473' title='bbox 2899 1739 2953 1784; x_wconf 90' lang='lat' dir='ltr'><strong>et</strong></span> <span class='ocrx_word' id='word_1_474' title='bbox 3004 1730 3183 1800; x_wconf 90' lang='lat' dir='ltr'><strong>ipsum</strong></span> <span class='ocrx_word' id='word_1_475' title='bbox 3229 1729 3408 1784; x_wconf 88' lang='lat' dir='ltr'><strong>lumen</strong></span> 
     </span>
    </p>
   </div>
   <div class='ocr_carea' id='block_1_59' title="bbox 1829 1821 3409 1892">
    <p class='ocr_par' dir='ltr' id='par_1_59' title="bbox 1829 1821 3409 1892">
     <span class='ocr_line' id='line_1_59' title="bbox 1829 1821 3409 1892; baseline 0.003 -21"><span class='ocrx_word' id='word_1_476' title='bbox 1829 1821 2085 1888; x_wconf 84' lang='lat' dir='ltr'><strong>videant;</strong></span> <span class='ocrx_word' id='word_1_477' title='bbox 2115 1838 2183 1877; x_wconf 78' lang='lat' dir='ltr'><strong>ex</strong></span> <span class='ocrx_word' id='word_1_478' title='bbox 2219 1821 2471 1878; x_wconf 85' lang='lat' dir='ltr'><strong>instituto</strong></span> <span class='ocrx_word' id='word_1_479' title='bbox 2502 1833 2710 1889; x_wconf 88' lang='lat' dir='ltr'><strong>autem,</strong></span> <span class='ocrx_word' id='word_1_480' title='bbox 2745 1832 2799 1877; x_wconf 88' lang='lat' dir='ltr'><strong>et</strong></span> <span class='ocrx_word' id='word_1_481' title='bbox 2839 1824 3140 1877; x_wconf 86' lang='lat' dir='ltr'><strong>secundum</strong></span> <span class='ocrx_word' id='word_1_482' title='bbox 3178 1821 3409 1892; x_wconf 80' lang='lat' dir='ltr'><strong>gratiam</strong></span> 
     </span>
    </p>
   </div>
   <div class='ocr_carea' id='block_1_60' title="bbox 1826 1913 3407 1986">
    <p class='ocr_par' dir='ltr' id='par_1_60' title="bbox 1826 1913 3407 1986">
     <span class='ocr_line' id='line_1_60' title="bbox 1826 1913 3407 1986; baseline 0.001 -19"><span class='ocrx_word' id='word_1_483' title='bbox 1826 1913 1918 1968; x_wconf 83' lang='lat' dir='ltr'><strong>Dei</strong></span> <span class='ocrx_word' id='word_1_484' title='bbox 1951 1914 2255 1970; x_wconf 87' lang='lat' dir='ltr'><strong>imitatione</strong></span> <span class='ocrx_word' id='word_1_485' title='bbox 2275 1931 2342 1970; x_wconf 78' lang='lat' dir='ltr'><strong>ex</strong></span> <span class='ocrx_word' id='word_1_486' title='bbox 2371 1924 2526 1986; x_wconf 89' lang='lat' dir='ltr'><strong>parte</strong></span> <span class='ocrx_word' id='word_1_487' title='bbox 2555 1931 2660 1969; x_wconf 90' lang='lat' dir='ltr'><strong>una</strong></span> <span class='ocrx_word' id='word_1_488' title='bbox 2700 1914 2884 1977; x_wconf 84' lang='lat' dir='ltr'><strong>alteri,</strong></span> <span class='ocrx_word' id='word_1_489' title='bbox 2917 1916 3092 1986; x_wconf 88' lang='lat' dir='ltr'><strong>prima</strong></span> <span class='ocrx_word' id='word_1_490' title='bbox 3133 1916 3407 1984; x_wconf 85' lang='lat' dir='ltr'><strong>sequenti,</strong></span> 
     </span>
    </p>
   </div>
   <div class='ocr_carea' id='block_1_61' title="bbox 1822 2006 3410 2076">
    <p class='ocr_par' dir='ltr' id='par_1_61' title="bbox 1822 2006 3410 2076">
     <span class='ocr_line' id='line_1_61' title="bbox 1822 2006 3410 2076; baseline 0.001 -18"><span class='ocrx_word' id='word_1_491' title='bbox 1822 2007 1949 2059; x_wconf 91' lang='lat' dir='ltr'><strong>dum</strong></span> <span class='ocrx_word' id='word_1_492' title='bbox 2004 2023 2101 2076; x_wconf 86' lang='lat' dir='ltr'><strong>per</strong></span> <span class='ocrx_word' id='word_1_493' title='bbox 2145 2006 2313 2076; x_wconf 86' lang='lat' dir='ltr'><strong>ipsam</strong></span> <span class='ocrx_word' id='word_1_494' title='bbox 2369 2008 2435 2061; x_wconf 89' lang='lat' dir='ltr'><strong>ad</strong></span> <span class='ocrx_word' id='word_1_495' title='bbox 2493 2007 2643 2061; x_wconf 83' lang='lat' dir='ltr'><strong>illam</strong></span> <span class='ocrx_word' id='word_1_496' title='bbox 2695 2009 2891 2063; x_wconf 82' lang='lat' dir='ltr'><strong>transit</strong></span> <span class='ocrx_word' id='word_1_497' title='bbox 2943 2007 3270 2073; x_wconf 86' lang='lat' dir='ltr'><strong>illustratio;</strong></span> <span class='ocrx_word' id='word_1_498' title='bbox 3306 2008 3410 2067; x_wconf 82' lang='lat' dir='ltr'><strong>hoc</strong></span> 
     </span>
    </p>
   </div>
   <div class='ocr_carea' id='block_1_62' title="bbox 1823 2099 3405 2170">
    <p class='ocr_par' dir='ltr' id='par_1_62' title="bbox 1823 2099 3405 2170">
     <span class='ocr_line' id='line_1_62' title="bbox 1823 2099 3405 2170; baseline 0 -17"><span class='ocrx_word' id='word_1_499' title='bbox 1823 2100 2009 2168; x_wconf 89' lang='lat' dir='ltr'><strong>utique</strong></span> <span class='ocrx_word' id='word_1_500' title='bbox 2066 2099 2353 2154; x_wconf 81' lang='lat' dir='ltr'><strong>derivandi</strong></span> <span class='ocrx_word' id='word_1_501' title='bbox 2388 2099 2657 2154; x_wconf 83' lang='lat' dir='ltr'><strong>vocabulo</strong></span> <span class='ocrx_word' id='word_1_502' title='bbox 2705 2116 2837 2156; x_wconf 90' lang='lat' dir='ltr'><strong>usus</strong></span> <span class='ocrx_word' id='word_1_503' title='bbox 2875 2115 2975 2169; x_wconf 91' lang='lat' dir='ltr'><strong>per</strong></span> <span class='ocrx_word' id='word_1_504' title='bbox 3002 2100 3405 2170; x_wconf 83' lang='lat' dir='ltr'><strong>metaphoram,</strong></span> 
     </span>
    </p>
   </div>
   <div class='ocr_carea' id='block_1_63' title="bbox 1820 2189 3405 2262">
    <p class='ocr_par' dir='ltr' id='par_1_63' title="bbox 1820 2189 3405 2262">
     <span class='ocr_line' id='line_1_63' title="bbox 1820 2189 3405 2262; baseline 0.001 -19"><span class='ocrx_word' id='word_1_505' title='bbox 1820 2206 1849 2243; x_wconf 92' lang='lat' dir='ltr'><strong>a</strong></span> <span class='ocrx_word' id='word_1_506' title='bbox 1886 2190 2167 2244; x_wconf 83' lang='lat' dir='ltr'><strong>canalibus</strong></span> <span class='ocrx_word' id='word_1_507' title='bbox 2203 2206 2301 2259; x_wconf 90' lang='lat' dir='ltr'><strong>per</strong></span> <span class='ocrx_word' id='word_1_508' title='bbox 2344 2206 2484 2261; x_wconf 85' lang='lat' dir='ltr'><strong>quos</strong></span> <span class='ocrx_word' id='word_1_509' title='bbox 2533 2206 2679 2262; x_wconf 84' lang='lat' dir='ltr'><strong>aqua</strong></span> <span class='ocrx_word' id='word_1_510' title='bbox 2740 2192 2967 2247; x_wconf 81' lang='lat' dir='ltr'><strong>transit.</strong></span> <span class='ocrx_word' id='word_1_511' title='bbox 3029 2189 3202 2246; x_wconf 83' lang='lat' dir='ltr'><strong>Porro</strong></span> <span class='ocrx_word' id='word_1_512' title='bbox 3261 2192 3405 2259; x_wconf 84' lang='lat' dir='ltr'><strong>quod</strong></span> 
     </span>
    </p>
   </div>
   <div class='ocr_carea' id='block_1_64' title="bbox 1820 2283 3407 2356">
    <p class='ocr_par' dir='ltr' id='par_1_64' title="bbox 1820 2283 3407 2356">
     <span class='ocr_line' id='line_1_64' title="bbox 1820 2283 3407 2356; baseline 0 -21"><span class='ocrx_word' id='word_1_513' title='bbox 1820 2298 1939 2356; x_wconf 76' lang='lat' dir='ltr'><strong>qua:</strong></span> <span class='ocrx_word' id='word_1_514' title='bbox 1966 2298 2060 2336; x_wconf 91' lang='lat' dir='ltr'><strong>sua</strong></span> <span class='ocrx_word' id='word_1_515' title='bbox 2097 2292 2224 2335; x_wconf 91' lang='lat' dir='ltr'><strong>sunt</strong></span> <span class='ocrx_word' id='word_1_516' title='bbox 2248 2293 2437 2352; x_wconf 73' lang='lat' dir='ltr'><strong>agant,</strong></span> <span class='ocrx_word' id='word_1_517' title='bbox 2476 2291 2532 2338; x_wconf 86' lang='lat' dir='ltr'><strong>et</strong></span> <span class='ocrx_word' id='word_1_518' title='bbox 2560 2285 2901 2340; x_wconf 85' lang='lat' dir='ltr'><strong>incessanter</strong></span> <span class='ocrx_word' id='word_1_519' title='bbox 2935 2286 2990 2341; x_wconf 92' lang='lat' dir='ltr'><strong>in</strong></span> <span class='ocrx_word' id='word_1_520' title='bbox 3025 2284 3193 2339; x_wconf 89' lang='lat' dir='ltr'><strong>Deum</strong></span> <span class='ocrx_word' id='word_1_521' title='bbox 3228 2283 3407 2338; x_wconf 79' lang='lat' dir='ltr'><strong>inten-</strong></span> 
     </span>
    </p>
   </div>
   <div class='ocr_carea' id='block_1_65' title="bbox 1820 2369 3406 2441">
    <p class='ocr_par' dir='ltr' id='par_1_65' title="bbox 1820 2369 3406 2441">
     <span class='ocr_line' id='line_1_65' title="bbox 1820 2369 3406 2441; baseline 0.002 -17"><span class='ocrx_word' id='word_1_522' title='bbox 1820 2369 1972 2435; x_wconf 85' lang='lat' dir='ltr'><strong>dant,</strong></span> <span class='ocrx_word' id='word_1_523' title='bbox 2009 2379 2065 2424; x_wconf 85' lang='lat' dir='ltr'><strong>ct</strong></span> <span class='ocrx_word' id='word_1_524' title='bbox 2112 2370 2166 2425; x_wconf 94' lang='lat' dir='ltr'><strong>in</strong></span> <span class='ocrx_word' id='word_1_525' title='bbox 2201 2372 2483 2441; x_wconf 90' lang='lat' dir='ltr'><strong>semetipsi</strong></span> <span class='ocrx_word' id='word_1_526' title='bbox 2517 2373 2697 2429; x_wconf 90' lang='lat' dir='ltr'><strong>denuo</strong></span> <span class='ocrx_word' id='word_1_527' title='bbox 2734 2375 3087 2439; x_wconf 61' lang='lat' dir='ltr'><strong>colli,antur,</strong></span> <span class='ocrx_word' id='word_1_528' title='bbox 3120 2374 3249 2427; x_wconf 81' lang='lat' dir='ltr'><strong>illud</strong></span> <span class='ocrx_word' id='word_1_529' title='bbox 3281 2373 3406 2441; x_wconf 85' lang='lat' dir='ltr'><strong>qui-</strong></span> 
     </span>
    </p>
   </div>
   <div class='ocr_carea' id='block_1_66' title="bbox 1820 2459 3405 2531">
    <p class='ocr_par' dir='ltr' id='par_1_66' title="bbox 1820 2459 3405 2531">
     <span class='ocr_line' id='line_1_66' title="bbox 1820 2459 3405 2531; baseline 0.004 -18"><span class='ocrx_word' id='word_1_530' title='bbox 1820 2461 1943 2515; x_wconf 86' lang='lat' dir='ltr'><strong>dem</strong></span> <span class='ocrx_word' id='word_1_531' title='bbox 1972 2459 2193 2531; x_wconf 81' lang='lat' dir='ltr'><strong>alTectu,</strong></span> <span class='ocrx_word' id='word_1_532' title='bbox 2222 2461 2324 2516; x_wconf 90' lang='lat' dir='ltr'><strong>hoc</strong></span> <span class='ocrx_word' id='word_1_533' title='bbox 2358 2477 2485 2516; x_wconf 90' lang='lat' dir='ltr'><strong>vero</strong></span> <span class='ocrx_word' id='word_1_534' title='bbox 2518 2466 2825 2519; x_wconf 84' lang='lat' dir='ltr'><strong>attentione</strong></span> <span class='ocrx_word' id='word_1_535' title='bbox 2853 2482 2917 2520; x_wconf 88' lang='lat' dir='ltr'><strong>ac</strong></span> <span class='ocrx_word' id='word_1_536' title='bbox 2944 2466 3275 2529; x_wconf 81' lang='lat' dir='ltr'><strong>reverentia,</strong></span> <span class='ocrx_word' id='word_1_537' title='bbox 3306 2481 3405 2529; x_wconf 44' lang='lat' dir='ltr'><strong>vo:</strong></span> 
     </span>
    </p>
   </div>
   <div class='ocr_carea' id='block_1_67' title="bbox 1816 2552 3403 2623">
    <p class='ocr_par' dir='ltr' id='par_1_67' title="bbox 1816 2552 3403 2623">
     <span class='ocr_line' id='line_1_67' title="bbox 1816 2552 3403 2623; baseline 0.004 -19"><span class='ocrx_word' id='word_1_538' title='bbox 1816 2552 1927 2604; x_wconf 83' lang='lat' dir='ltr'><strong>cari</strong></span> <span class='ocrx_word' id='word_1_539' title='bbox 1958 2554 2133 2620; x_wconf 91' lang='lat' dir='ltr'><strong>possit</strong></span> <span class='ocrx_word' id='word_1_540' title='bbox 2161 2552 2356 2618; x_wconf 89' lang='lat' dir='ltr'><strong>virtus,</strong></span> <span class='ocrx_word' id='word_1_541' title='bbox 2387 2569 2508 2623; x_wconf 72' lang='lat' dir='ltr'><strong>quae</strong></span> <span class='ocrx_word' id='word_1_542' title='bbox 2539 2555 2704 2608; x_wconf 87' lang='lat' dir='ltr'><strong>Deum</strong></span> <span class='ocrx_word' id='word_1_543' title='bbox 2736 2555 3011 2611; x_wconf 87' lang='lat' dir='ltr'><strong>imitatur.</strong></span> <span class='ocrx_word' id='word_1_544' title='bbox 3042 2557 3185 2623; x_wconf 82' lang='lat' dir='ltr'><strong>Quin</strong></span> <span class='ocrx_word' id='word_1_545' title='bbox 3216 2567 3270 2611; x_wconf 89' lang='lat' dir='ltr'><strong>et</strong></span> <span class='ocrx_word' id='word_1_546' title='bbox 3306 2571 3403 2610; x_wconf 88' lang='lat' dir='ltr'><strong>or-</strong></span> 
     </span>
    </p>
   </div>
   <div class='ocr_carea' id='block_1_68' title="bbox 1817 2645 3403 2720">
    <p class='ocr_par' dir='ltr' id='par_1_68' title="bbox 1817 2645 3403 2720">
     <span class='ocr_line' id='line_1_68' title="bbox 1817 2645 3403 2720; baseline 0.006 -24"><span class='ocrx_word' id='word_1_547' title='bbox 1817 2645 1998 2698; x_wconf 83' lang='lat' dir='ltr'><strong>dinem</strong></span> <span class='ocrx_word' id='word_1_548' title='bbox 2025 2661 2244 2714; x_wconf 88' lang='lat' dir='ltr'><strong>quoque</strong></span> <span class='ocrx_word' id='word_1_549' title='bbox 2279 2656 2339 2701; x_wconf 91' lang='lat' dir='ltr'><strong>ut</strong></span> <span class='ocrx_word' id='word_1_550' title='bbox 2374 2646 2514 2702; x_wconf 89' lang='lat' dir='ltr'><strong>alius</strong></span> <span class='ocrx_word' id='word_1_551' title='bbox 2538 2650 2591 2702; x_wconf 87' lang='lat' dir='ltr'><strong>in</strong></span> <span class='ocrx_word' id='word_1_552' title='bbox 2626 2649 2733 2704; x_wconf 91' lang='lat' dir='ltr'><strong>alio</strong></span> <span class='ocrx_word' id='word_1_553' title='bbox 2756 2650 3032 2719; x_wconf 84' lang='lat' dir='ltr'><strong>observat,</strong></span> <span class='ocrx_word' id='word_1_554' title='bbox 3054 2652 3209 2720; x_wconf 77' lang='lat' dir='ltr'><strong>juxta</strong></span> <span class='ocrx_word' id='word_1_555' title='bbox 3245 2652 3403 2717; x_wconf 84' lang='lat' dir='ltr'><strong>illud,</strong></span> 
     </span>
    </p>
   </div>
   <div class='ocr_carea' id='block_1_69' title="bbox 1817 2729 3406 2811">
    <p class='ocr_par' dir='ltr' id='par_1_69' title="bbox 1817 2729 3406 2811">
     <span class='ocr_line' id='line_1_69' title="bbox 1817 2729 3406 2811; baseline 0.008 -26"><span class='ocrx_word' id='word_1_556' title='bbox 1817 2729 1964 2786; x_wconf 84' lang='lat' dir='ltr'><strong>Vivit</strong></span> <span class='ocrx_word' id='word_1_557' title='bbox 2011 2734 2062 2787; x_wconf 93' lang='lat' dir='ltr'><strong>in</strong></span> <span class='ocrx_word' id='word_1_558' title='bbox 2112 2752 2197 2790; x_wconf 88' lang='lat' dir='ltr'><strong>me</strong></span> <span class='ocrx_word' id='word_1_559' title='bbox 2227 2739 2412 2791; x_wconf 89' lang='lat' dir='ltr'><strong>anima</strong></span> <span class='ocrx_word' id='word_1_560' title='bbox 2448 2751 2565 2803; x_wconf 86' lang='lat' dir='ltr'><strong>tua,</strong></span> <span class='ocrx_word' id='word_1_561' title='bbox 2601 2741 2650 2792; x_wconf 89' lang='lat' dir='ltr'><strong>id</strong></span> <span class='ocrx_word' id='word_1_562' title='bbox 2689 2751 2773 2793; x_wconf 79' lang='lat' dir='ltr'><strong>est</strong></span> <span class='ocrx_word' id='word_1_563' title='bbox 2830 2743 3081 2797; x_wconf 83' lang='lat' dir='ltr'><strong>doetriua</strong></span> <span class='ocrx_word' id='word_1_564' title='bbox 3123 2752 3236 2806; x_wconf 89' lang='lat' dir='ltr'><strong>tua,</strong></span> <span class='ocrx_word' id='word_1_565' title='bbox 3265 2744 3406 2811; x_wconf 58' lang='lat' dir='ltr'><strong>ejus-3</strong></span> 
     </span>
    </p>
   </div>
   <div class='ocr_carea' id='block_1_70' title="bbox 1815 2828 3403 2899">
    <p class='ocr_par' dir='ltr' id='par_1_70' title="bbox 1815 2828 3403 2899">
     <span class='ocr_line' id='line_1_70' title="bbox 1815 2828 3403 2899; baseline 0.01 -26"><span class='ocrx_word' id='word_1_566' title='bbox 1815 2838 1919 2892; x_wconf 91' lang='lat' dir='ltr'><strong>que</strong></span> <span class='ocrx_word' id='word_1_567' title='bbox 1948 2828 2402 2883; x_wconf 78' lang='lat' dir='ltr'><strong>communicatio.</strong></span> <span class='ocrx_word' id='word_1_568' title='bbox 2439 2829 2638 2884; x_wconf 76' lang='lat' dir='ltr'><strong>Verum</strong></span> <span class='ocrx_word' id='word_1_569' title='bbox 2672 2832 2892 2899; x_wconf 86' lang='lat' dir='ltr'><strong>quidem</strong></span> <span class='ocrx_word' id='word_1_570' title='bbox 2935 2832 3071 2886; x_wconf 86' lang='lat' dir='ltr'><strong>illud</strong></span> <span class='ocrx_word' id='word_1_571' title='bbox 3118 2848 3186 2888; x_wconf 81' lang='lat' dir='ltr'><strong>ex</strong></span> <span class='ocrx_word' id='word_1_572' title='bbox 3240 2834 3403 2889; x_wconf 85' lang='lat' dir='ltr'><strong>iusti-</strong></span> 
     </span>
    </p>
   </div>
   <div class='ocr_carea' id='block_1_71' title="bbox 1815 2915 3400 2991">
    <p class='ocr_par' dir='ltr' id='par_1_71' title="bbox 1815 2915 3400 2991">
     <span class='ocr_line' id='line_1_71' title="bbox 1815 2915 3400 2991; baseline 0.006 -25"><span class='ocrx_word' id='word_1_573' title='bbox 1815 2922 1933 2967; x_wconf 88' lang='lat' dir='ltr'><strong>tuto</strong></span> <span class='ocrx_word' id='word_1_574' title='bbox 1956 2917 2035 2969; x_wconf 91' lang='lat' dir='ltr'><strong>sic</strong></span> <span class='ocrx_word' id='word_1_575' title='bbox 2062 2930 2120 2969; x_wconf 89' lang='lat' dir='ltr'><strong>se</strong></span> <span class='ocrx_word' id='word_1_576' title='bbox 2151 2915 2337 2981; x_wconf 85' lang='lat' dir='ltr'><strong>habet,</strong></span> <span class='ocrx_word' id='word_1_577' title='bbox 2361 2930 2418 2972; x_wconf 89' lang='lat' dir='ltr'><strong>at</strong></span> <span class='ocrx_word' id='word_1_578' title='bbox 2446 2934 2553 2974; x_wconf 91' lang='lat' dir='ltr'><strong>non</strong></span> <span class='ocrx_word' id='word_1_579' title='bbox 2601 2923 2827 2976; x_wconf 84' lang='lat' dir='ltr'><strong>omnino</strong></span> <span class='ocrx_word' id='word_1_580' title='bbox 2882 2937 2975 2991; x_wconf 91' lang='lat' dir='ltr'><strong>per</strong></span> <span class='ocrx_word' id='word_1_581' title='bbox 3022 2922 3289 2977; x_wconf 84' lang='lat' dir='ltr'><strong>accidens</strong></span> <span class='ocrx_word' id='word_1_582' title='bbox 3324 2924 3400 2977; x_wconf 82' lang='lat' dir='ltr'><strong>ita</strong></span> 
     </span>
    </p>
   </div>
   <div class='ocr_carea' id='block_1_72' title="bbox 1812 3005 3401 3087">
    <p class='ocr_par' dir='ltr' id='par_1_72' title="bbox 1812 3005 3401 3087">
     <span class='ocr_line' id='line_1_72' title="bbox 1812 3005 3401 3087; baseline 0.005 -30"><span class='ocrx_word' id='word_1_583' title='bbox 1812 3005 2014 3073; x_wconf 83' lang='lat' dir='ltr'><strong>aliquid</strong></span> <span class='ocrx_word' id='word_1_584' title='bbox 2061 3006 2247 3060; x_wconf 90' lang='lat' dir='ltr'><strong>vocari</strong></span> <span class='ocrx_word' id='word_1_585' title='bbox 2304 3018 2522 3076; x_wconf 89' lang='lat' dir='ltr'><strong>posset;</strong></span> <span class='ocrx_word' id='word_1_586' title='bbox 2576 3025 2701 3062; x_wconf 89' lang='lat' dir='ltr'><strong>nam</strong></span> <span class='ocrx_word' id='word_1_587' title='bbox 2739 3009 2993 3087; x_wconf 81' lang='lat' dir='ltr'><strong>accidens</strong></span> <span class='ocrx_word' id='word_1_588' title='bbox 3044 3010 3097 3064; x_wconf 90' lang='lat' dir='ltr'><strong>in</strong></span> <span class='ocrx_word' id='word_1_589' title='bbox 3152 3010 3401 3078; x_wconf 86' lang='lat' dir='ltr'><strong>subjecto</strong></span> 
     </span>
    </p>
   </div>
   <div class='ocr_carea' id='block_1_73' title="bbox 1813 3090 3393 3172">
    <p class='ocr_par' dir='ltr' id='par_1_73' title="bbox 1813 3090 3393 3172">
     <span class='ocr_line' id='line_1_73' title="bbox 1813 3090 3393 3172; baseline 0.002 -17"><span class='ocrx_word' id='word_1_590' title='bbox 1813 3111 1930 3167; x_wconf 85' lang='lat' dir='ltr'><strong>est;</strong></span> <span class='ocrx_word' id='word_1_591' title='bbox 1959 3102 2051 3156; x_wconf 88' lang='lat' dir='ltr'><strong>sed</strong></span> <span class='ocrx_word' id='word_1_592' title='bbox 2085 3100 2175 3155; x_wconf 88' lang='lat' dir='ltr'><strong>illa</strong></span> <span class='ocrx_word' id='word_1_593' title='bbox 2205 3090 2722 3172; x_wconf 78' lang='lat' dir='ltr'><strong>suntincomposita</strong></span> <span class='ocrx_word' id='word_1_594' title='bbox 2751 3112 2807 3159; x_wconf 89' lang='lat' dir='ltr'><strong>et</strong></span> <span class='ocrx_word' id='word_1_595' title='bbox 2832 3103 3077 3157; x_wconf 68' lang='lat' dir='ltr'><strong>materiae</strong></span> <span class='ocrx_word' id='word_1_596' title='bbox 3117 3104 3393 3171; x_wconf 79' lang='lat' dir='ltr'><strong>expertia,</strong></span> 
     </span>
    </p>
   </div>
   <div class='ocr_carea' id='block_1_74' title="bbox 1811 3194 3396 3264">
    <p class='ocr_par' dir='ltr' id='par_1_74' title="bbox 1811 3194 3396 3264">
     <span class='ocr_line' id='line_1_74' title="bbox 1811 3194 3396 3264; baseline 0.005 -19"><span class='ocrx_word' id='word_1_597' title='bbox 1811 3194 2137 3264; x_wconf 86' lang='lat' dir='ltr'><strong>speciesque</strong></span> <span class='ocrx_word' id='word_1_598' title='bbox 2164 3194 2385 3248; x_wconf 91' lang='lat' dir='ltr'><strong>illorum</strong></span> <span class='ocrx_word' id='word_1_599' title='bbox 2415 3194 2561 3261; x_wconf 68' lang='lat' dir='ltr'><strong>vitaz,</strong></span> <span class='ocrx_word' id='word_1_600' title='bbox 2589 3210 2695 3248; x_wconf 92' lang='lat' dir='ltr'><strong>non</strong></span> <span class='ocrx_word' id='word_1_601' title='bbox 2723 3196 2867 3249; x_wconf 88' lang='lat' dir='ltr'><strong>sicut</strong></span> <span class='ocrx_word' id='word_1_602' title='bbox 2900 3195 2954 3249; x_wconf 93' lang='lat' dir='ltr'><strong>in</strong></span> <span class='ocrx_word' id='word_1_603' title='bbox 2984 3198 3396 3261; x_wconf 80' lang='lat' dir='ltr'><strong>materia,suut.</strong></span> 
     </span>
    </p>
   </div>
   <div class='ocr_carea' id='block_1_75' title="bbox 1815 3284 3410 3357">
    <p class='ocr_par' dir='ltr' id='par_1_75' title="bbox 1815 3284 3410 3357">
     <span class='ocr_line' id='line_1_75' title="bbox 1815 3284 3410 3357; baseline -0.002 -18"><span class='ocrx_word' id='word_1_604' title='bbox 1815 3284 2144 3353; x_wconf 87' lang='lat' dir='ltr'><strong>Supremam</strong></span> <span class='ocrx_word' id='word_1_605' title='bbox 2195 3285 2365 3357; x_wconf 79' lang='lat' dir='ltr'><strong>igitur</strong></span> <span class='ocrx_word' id='word_1_606' title='bbox 2402 3286 2708 3341; x_wconf 61' lang='lat' dir='ltr'><strong>caelestium</strong></span> <span class='ocrx_word' id='word_1_607' title='bbox 2768 3287 3259 3356; x_wconf 77' lang='lat' dir='ltr'><strong>intelligentiarmu</strong></span> <span class='ocrx_word' id='word_1_608' title='bbox 3297 3293 3410 3348; x_wconf 75' lang='lat' dir='ltr'><strong>dis-</strong></span> 
     </span>
    </p>
   </div>
   <div class='ocr_carea' id='block_1_76' title="bbox 1814 3374 3399 3449">
    <p class='ocr_par' dir='ltr' id='par_1_76' title="bbox 1814 3374 3399 3449">
     <span class='ocr_line' id='line_1_76' title="bbox 1814 3374 3399 3449; baseline 0.005 -20"><span class='ocrx_word' id='word_1_609' title='bbox 1814 3374 2142 3443; x_wconf 88' lang='lat' dir='ltr'><strong>positionem</strong></span> <span class='ocrx_word' id='word_1_610' title='bbox 2211 3380 2436 3448; x_wconf 72' lang='lat' dir='ltr'><strong>reliquae</strong></span> <span class='ocrx_word' id='word_1_611' title='bbox 2480 3379 2737 3434; x_wconf 65' lang='lat' dir='ltr'><strong>carlestes</strong></span> <span class='ocrx_word' id='word_1_612' title='bbox 2769 3382 3045 3445; x_wconf 73' lang='lat' dir='ltr'><strong>essentne,</strong></span> <span class='ocrx_word' id='word_1_613' title='bbox 3091 3381 3195 3435; x_wconf 90' lang='lat' dir='ltr'><strong>huc</strong></span> <span class='ocrx_word' id='word_1_614' title='bbox 3226 3397 3399 3449; x_wconf 85' lang='lat' dir='ltr'><strong>usque</strong></span> 
     </span>
    </p>
   </div>
   <div class='ocr_carea' id='block_1_77' title="bbox 1814 3466 3400 3537">
    <p class='ocr_par' dir='ltr' id='par_1_77' title="bbox 1814 3466 3400 3537">
     <span class='ocr_line' id='line_1_77' title="bbox 1814 3466 3400 3537; baseline 0 -16"><span class='ocrx_word' id='word_1_615' title='bbox 1814 3477 1934 3537; x_wconf 81' lang='lat' dir='ltr'><strong>post</strong></span> <span class='ocrx_word' id='word_1_616' title='bbox 1961 3466 2131 3521; x_wconf 82' lang='lat' dir='ltr'><strong>Deum</strong></span> <span class='ocrx_word' id='word_1_617' title='bbox 2161 3468 2362 3521; x_wconf 64' lang='lat' dir='ltr'><strong>divinae</strong></span> <span class='ocrx_word' id='word_1_618' title='bbox 2411 3467 2747 3537; x_wconf 78' lang='lat' dir='ltr'><strong>cognitionis</strong></span> <span class='ocrx_word' id='word_1_619' title='bbox 2798 3468 3246 3537; x_wconf 87' lang='lat' dir='ltr'><strong>imitationesque</strong></span> <span class='ocrx_word' id='word_1_620' title='bbox 3285 3482 3400 3521; x_wconf 74' lang='lat' dir='ltr'><strong>sua:</strong></span> 
     </span>
    </p>
   </div>
   <div class='ocr_carea' id='block_1_78' title="bbox 1814 3560 3399 3631">
    <p class='ocr_par' dir='ltr' id='par_1_78' title="bbox 1814 3560 3399 3631">
     <span class='ocr_line' id='line_1_78' title="bbox 1814 3560 3399 3631; baseline 0.001 -18"><span class='ocrx_word' id='word_1_621' title='bbox 1814 3560 2142 3629; x_wconf 89' lang='lat' dir='ltr'><strong>principium</strong></span> <span class='ocrx_word' id='word_1_622' title='bbox 2184 3575 2308 3615; x_wconf 88' lang='lat' dir='ltr'><strong>esse</strong></span> <span class='ocrx_word' id='word_1_623' title='bbox 2358 3569 2607 3625; x_wconf 83' lang='lat' dir='ltr'><strong>censent,</strong></span> <span class='ocrx_word' id='word_1_624' title='bbox 2643 3561 2786 3628; x_wconf 88' lang='lat' dir='ltr'><strong>quod</strong></span> <span class='ocrx_word' id='word_1_625' title='bbox 2847 3575 2940 3631; x_wconf 87' lang='lat' dir='ltr'><strong>per</strong></span> <span class='ocrx_word' id='word_1_626' title='bbox 2983 3561 3102 3614; x_wconf 88' lang='lat' dir='ltr'><strong>illas</strong></span> <span class='ocrx_word' id='word_1_627' title='bbox 3154 3561 3205 3613; x_wconf 91' lang='lat' dir='ltr'><strong>in</strong></span> <span class='ocrx_word' id='word_1_628' title='bbox 3255 3560 3399 3628; x_wconf 87' lang='lat' dir='ltr'><strong>ipsas</strong></span> 
     </span>
    </p>
   </div>
   <div class='ocr_carea' id='block_1_79' title="bbox 1815 3650 3397 3721">
    <p class='ocr_par' dir='ltr' id='par_1_79' title="bbox 1815 3650 3397 3721">
     <span class='ocr_line' id='line_1_79' title="bbox 1815 3650 3397 3721; baseline -0.001 -18"><span class='ocrx_word' id='word_1_629' title='bbox 1815 3650 2109 3705; x_wconf 86' lang='lat' dir='ltr'><strong>illustratio</strong></span> <span class='ocrx_word' id='word_1_630' title='bbox 2177 3652 2485 3716; x_wconf 88' lang='lat' dir='ltr'><strong>derivetur;</strong></span> <span class='ocrx_word' id='word_1_631' title='bbox 2537 3663 2871 3721; x_wconf 89' lang='lat' dir='ltr'><strong>quapropter</strong></span> <span class='ocrx_word' id='word_1_632' title='bbox 2923 3654 3088 3706; x_wconf 88' lang='lat' dir='ltr'><strong>etiam</strong></span> <span class='ocrx_word' id='word_1_633' title='bbox 3177 3666 3397 3706; x_wconf 83' lang='lat' dir='ltr'><strong>onmem</strong></span> 
     </span>
    </p>
   </div>
   <div class='ocr_carea' id='block_1_80' title="bbox 1813 3742 3397 3813">
    <p class='ocr_par' dir='ltr' id='par_1_80' title="bbox 1813 3742 3397 3813">
     <span class='ocr_line' id='line_1_80' title="bbox 1813 3742 3397 3813; baseline 0.001 -18"><span class='ocrx_word' id='word_1_634' title='bbox 1813 3743 2081 3796; x_wconf 79' lang='lat' dir='ltr'><strong>actionem</strong></span> <span class='ocrx_word' id='word_1_635' title='bbox 2111 3758 2290 3806; x_wconf 87' lang='lat' dir='ltr'><strong>suam,</strong></span> <span class='ocrx_word' id='word_1_636' title='bbox 2321 3743 2388 3795; x_wconf 91' lang='lat' dir='ltr'><strong>ad</strong></span> <span class='ocrx_word' id='word_1_637' title='bbox 2424 3742 2593 3797; x_wconf 88' lang='lat' dir='ltr'><strong>Deum</strong></span> <span class='ocrx_word' id='word_1_638' title='bbox 2627 3746 2844 3813; x_wconf 86' lang='lat' dir='ltr'><strong>quidem</strong></span> <span class='ocrx_word' id='word_1_639' title='bbox 2899 3753 2952 3795; x_wconf 94' lang='lat' dir='ltr'><strong>ut</strong></span> <span class='ocrx_word' id='word_1_640' title='bbox 3008 3743 3309 3813; x_wconf 86' lang='lat' dir='ltr'><strong>principem</strong></span> <span class='ocrx_word' id='word_1_641' title='bbox 3342 3750 3397 3797; x_wconf 86' lang='lat' dir='ltr'><strong>et</strong></span> 
     </span>
    </p>
   </div>
   <div class='ocr_carea' id='block_1_81' title="bbox 1814 3828 3394 3904">
    <p class='ocr_par' dir='ltr' id='par_1_81' title="bbox 1814 3828 3394 3904">
     <span class='ocr_line' id='line_1_81' title="bbox 1814 3828 3394 3904; baseline 0.001 -18"><span class='ocrx_word' id='word_1_642' title='bbox 1814 3844 2096 3888; x_wconf 88' lang='lat' dir='ltr'><strong>auctorem</strong></span> <span class='ocrx_word' id='word_1_643' title='bbox 2130 3828 2425 3899; x_wconf 74' lang='lat' dir='ltr'><strong>referunt,</strong></span> <span class='ocrx_word' id='word_1_644' title='bbox 2472 3836 2671 3889; x_wconf 90' lang='lat' dir='ltr'><strong>deinde</strong></span> <span class='ocrx_word' id='word_1_645' title='bbox 2733 3851 2863 3889; x_wconf 88' lang='lat' dir='ltr'><strong>vero</strong></span> <span class='ocrx_word' id='word_1_646' title='bbox 2917 3847 3039 3904; x_wconf 88' lang='lat' dir='ltr'><strong>post</strong></span> <span class='ocrx_word' id='word_1_647' title='bbox 3094 3836 3269 3904; x_wconf 89' lang='lat' dir='ltr'><strong>ipsum</strong></span> <span class='ocrx_word' id='word_1_648' title='bbox 3329 3834 3394 3887; x_wconf 87' lang='lat' dir='ltr'><strong>ad</strong></span> 
     </span>
    </p>
   </div>
   <div class='ocr_carea' id='block_1_82' title="bbox 1813 3926 3392 3996">
    <p class='ocr_par' dir='ltr' id='par_1_82' title="bbox 1813 3926 3392 3996">
     <span class='ocr_line' id='line_1_82' title="bbox 1813 3926 3392 3996; baseline 0.001 -20"><span class='ocrx_word' id='word_1_649' title='bbox 1813 3928 2018 3994; x_wconf 90' lang='lat' dir='ltr'><strong>primas</strong></span> <span class='ocrx_word' id='word_1_650' title='bbox 2052 3927 2169 3980; x_wconf 87' lang='lat' dir='ltr'><strong>illas</strong></span> <span class='ocrx_word' id='word_1_651' title='bbox 2196 3936 2427 3991; x_wconf 88' lang='lat' dir='ltr'><strong>mentes,</strong></span> <span class='ocrx_word' id='word_1_652' title='bbox 2451 3938 2711 3993; x_wconf 68' lang='lat' dir='ltr'><strong>tanquam</strong></span> <span class='ocrx_word' id='word_1_653' title='bbox 2737 3942 2857 3994; x_wconf 76' lang='lat' dir='ltr'><strong>qua:</strong></span> <span class='ocrx_word' id='word_1_654' title='bbox 2886 3929 3075 3996; x_wconf 77' lang='lat' dir='ltr'><strong>prima:</strong></span> <span class='ocrx_word' id='word_1_655' title='bbox 3103 3926 3155 3980; x_wconf 90' lang='lat' dir='ltr'><strong>iu</strong></span> <span class='ocrx_word' id='word_1_656' title='bbox 3186 3935 3392 3980; x_wconf 88' lang='lat' dir='ltr'><strong>semet-</strong></span> 
     </span>
    </p>
   </div>
   <div class='ocr_carea' id='block_1_83' title="bbox 1815 4016 3392 4083">
    <p class='ocr_par' dir='ltr' id='par_1_83' title="bbox 1815 4016 3392 4083">
     <span class='ocr_line' id='line_1_83' title="bbox 1815 4016 3392 4083; baseline 0.002 -14"><span class='ocrx_word' id='word_1_657' title='bbox 1815 4018 1945 4083; x_wconf 87' lang='lat' dir='ltr'><strong>ipsis</strong></span> <span class='ocrx_word' id='word_1_658' title='bbox 1976 4016 2188 4070; x_wconf 83' lang='lat' dir='ltr'><strong>divinas</strong></span> <span class='ocrx_word' id='word_1_659' title='bbox 2226 4016 2562 4071; x_wconf 85' lang='lat' dir='ltr'><strong>imitatioues</strong></span> <span class='ocrx_word' id='word_1_660' title='bbox 2607 4027 2660 4069; x_wconf 89' lang='lat' dir='ltr'><strong>ct</strong></span> <span class='ocrx_word' id='word_1_661' title='bbox 2703 4016 2999 4070; x_wconf 75' lang='lat' dir='ltr'><strong>exhibeant</strong></span> <span class='ocrx_word' id='word_1_662' title='bbox 3050 4027 3106 4071; x_wconf 92' lang='lat' dir='ltr'><strong>et</strong></span> <span class='ocrx_word' id='word_1_663' title='bbox 3134 4017 3392 4072; x_wconf 89' lang='lat' dir='ltr'><strong>doceant.</strong></span> 
     </span>
    </p>
   </div>
   <div class='ocr_carea' id='block_1_84' title="bbox 1812 4109 3394 4180">
    <p class='ocr_par' dir='ltr' id='par_1_84' title="bbox 1812 4109 3394 4180">
     <span class='ocr_line' id='line_1_84' title="bbox 1812 4109 3394 4180; baseline 0 -18"><span class='ocrx_word' id='word_1_664' title='bbox 1812 4109 2081 4162; x_wconf 66' lang='lat' dir='ltr'><strong>Caeterum</strong></span> <span class='ocrx_word' id='word_1_665' title='bbox 2126 4110 2338 4179; x_wconf 89' lang='lat' dir='ltr'><strong>primus</strong></span> <span class='ocrx_word' id='word_1_666' title='bbox 2372 4109 2464 4163; x_wconf 89' lang='lat' dir='ltr'><strong>ille</strong></span> <span class='ocrx_word' id='word_1_667' title='bbox 2509 4111 2645 4164; x_wconf 89' lang='lat' dir='ltr'><strong>ordo</strong></span> <span class='ocrx_word' id='word_1_668' title='bbox 2679 4110 2772 4180; x_wconf 87' lang='lat' dir='ltr'><strong>qui</strong></span> <span class='ocrx_word' id='word_1_669' title='bbox 2806 4111 3083 4180; x_wconf 85' lang='lat' dir='ltr'><strong>seraphim</strong></span> <span class='ocrx_word' id='word_1_670' title='bbox 3118 4120 3221 4177; x_wconf 89' lang='lat' dir='ltr'><strong>est,</strong></span> <span class='ocrx_word' id='word_1_671' title='bbox 3257 4111 3394 4164; x_wconf 88' lang='lat' dir='ltr'><strong>reli-</strong></span> 
     </span>
    </p>
   </div>
   <div class='ocr_carea' id='block_1_85' title="bbox 1812 4198 3392 4273">
    <p class='ocr_par' dir='ltr' id='par_1_85' title="bbox 1812 4198 3392 4273">
     <span class='ocr_line' id='line_1_85' title="bbox 1812 4198 3392 4273; baseline 0.004 -20"><span class='ocrx_word' id='word_1_672' title='bbox 1812 4198 2138 4271; x_wconf 73' lang='lat' dir='ltr'><strong>quiamagis</strong></span> <span class='ocrx_word' id='word_1_673' title='bbox 2192 4202 2244 4255; x_wconf 90' lang='lat' dir='ltr'><strong>in</strong></span> <span class='ocrx_word' id='word_1_674' title='bbox 2296 4219 2353 4257; x_wconf 87' lang='lat' dir='ltr'><strong>se</strong></span> <span class='ocrx_word' id='word_1_675' title='bbox 2384 4202 2603 4273; x_wconf 83' lang='lat' dir='ltr'><strong>igneam</strong></span> <span class='ocrx_word' id='word_1_676' title='bbox 2652 4207 2892 4259; x_wconf 90' lang='lat' dir='ltr'><strong>continet</strong></span> <span class='ocrx_word' id='word_1_677' title='bbox 2947 4220 3045 4259; x_wconf 90' lang='lat' dir='ltr'><strong>seu</strong></span> <span class='ocrx_word' id='word_1_678' title='bbox 3106 4204 3392 4271; x_wconf 79' lang='lat' dir='ltr'><strong>sapientia:</strong></span> 
     </span>
    </p>
   </div>
   <div class='ocr_carea' id='block_1_86' title="bbox 106 4283 1580 4364">
    <p class='ocr_par' dir='ltr' id='par_1_86' title="bbox 106 4283 1580 4359">
     <span class='ocr_line' id='line_1_86' title="bbox 106 4283 1580 4359; baseline 0.007 -23"><span class='ocrx_word' id='word_1_679' title='bbox 106 4285 232 4347; x_wconf 84' lang='grc' dir='ltr'>σίας</span> <span class='ocrx_word' id='word_1_680' title='bbox 281 4284 376 4336; x_wconf 77' lang='grc' dir='ltr'>ἐπὶ</span> <span class='ocrx_word' id='word_1_681' title='bbox 413 4284 476 4337; x_wconf 91' lang='grc' dir='ltr'>τὸ</span> <span class='ocrx_word' id='word_1_682' title='bbox 517 4283 749 4350; x_wconf 68' lang='grc' dir='ltr'>θεοειδές</span> <span class='ocrx_word' id='word_1_683' title='bbox 793 4287 868 4350; x_wconf 83' lang='grc' dir='ltr'>ὡς</span> <span class='ocrx_word' id='word_1_684' title='bbox 906 4289 1130 4357; x_wconf 80' lang='grc' dir='ltr'>ἐφικτὸν</span> <span class='ocrx_word' id='word_1_685' title='bbox 1162 4290 1488 4359; x_wconf 85' lang='grc' dir='ltr'>ἀνάγονται·</span> <span class='ocrx_word' id='word_1_686' title='bbox 1525 4295 1580 4347; x_wconf 56' lang='grc' dir='ltr'><strong>ἀλ.</strong></span> 
     </span>
    </p>
   </div>
   <div class='ocr_carea' id='block_1_87' title="bbox 1919 4283 3393 4364">
    <p class='ocr_par' dir='ltr' id='par_1_87' title="bbox 1921 4296 3393 4364">
     <span class='ocr_line' id='line_1_87' title="bbox 1921 4296 3393 4364; baseline 0.003 -18"><span class='ocrx_word' id='word_1_687' title='bbox 1921 4308 2106 4359; x_wconf 87' lang='lat' dir='ltr'><strong>ouem,</strong></span> <span class='ocrx_word' id='word_1_688' title='bbox 2136 4304 2304 4364; x_wconf 86' lang='lat' dir='ltr'><strong>atque</strong></span> <span class='ocrx_word' id='word_1_689' title='bbox 2342 4296 2568 4364; x_wconf 88' lang='lat' dir='ltr'><strong>insuper</strong></span> <span class='ocrx_word' id='word_1_690' title='bbox 2612 4296 2859 4350; x_wconf 66' lang='lat' dir='ltr'><strong>scicntia:</strong></span> <span class='ocrx_word' id='word_1_691' title='bbox 2907 4296 3215 4350; x_wconf 87' lang='lat' dir='ltr'><strong>divinarum</strong></span> <span class='ocrx_word' id='word_1_692' title='bbox 3267 4298 3393 4351; x_wconf 86' lang='lat' dir='ltr'><strong>illu-</strong></span> 
     </span>
    </p>
   </div>
   <div class='ocr_carea' id='block_1_88' title="bbox 105 4376 1711 4455">
    <p class='ocr_par' dir='ltr' id='par_1_88' title="bbox 105 4376 1711 4455">
     <span class='ocr_line' id='line_1_88' title="bbox 105 4376 1711 4455; baseline 0.007 -26"><span class='ocrx_word' id='word_1_693' title='bbox 105 4377 270 4430; x_wconf 74' lang='grc' dir='ltr'>θέασι</span> <span class='ocrx_word' id='word_1_694' title='bbox 293 4376 428 4446; x_wconf 85' lang='grc' dir='ltr'>γοῦν</span> <span class='ocrx_word' id='word_1_695' title='bbox 453 4381 573 4441; x_wconf 85' lang='grc' dir='ltr'>ταῖς</span> <span class='ocrx_word' id='word_1_696' title='bbox 596 4379 841 4451; x_wconf 86' lang='grc' dir='ltr'>πρώταις</span> <span class='ocrx_word' id='word_1_697' title='bbox 868 4380 943 4443; x_wconf 83' lang='grc' dir='ltr'>ὡς</span> <span class='ocrx_word' id='word_1_698' title='bbox 977 4382 1259 4453; x_wconf 83' lang='grc' dir='ltr'>ίεράρχαις</span> <span class='ocrx_word' id='word_1_699' title='bbox 1291 4385 1430 4455; x_wconf 82' lang='grc' dir='ltr'>μετὰ</span> <span class='ocrx_word' id='word_1_700' title='bbox 1451 4386 1584 4439; x_wconf 86' lang='grc' dir='ltr'>Θεὸν</span> <span class='ocrx_word' id='word_1_701' title='bbox 1609 4387 1711 4453; x_wconf 83' lang='grc' dir='ltr'><strong>τάς</strong></span> 
     </span>
    </p>
   </div>
   <div class='ocr_carea' id='block_1_89' title="bbox 110 4463 1633 4546">
    <p class='ocr_par' dir='ltr' id='par_1_89' title="bbox 110 4463 1633 4546">
     <span class='ocr_line' id='line_1_89' title="bbox 110 4463 1633 4546; baseline 0.007 -27"><span class='ocrx_word' id='word_1_702' title='bbox 110 4466 392 4538; x_wconf 71' lang='grc' dir='ltr'>ἰδιότητας</span> <span class='ocrx_word' id='word_1_703' title='bbox 419 4468 662 4535; x_wconf 84' lang='grc' dir='ltr'>ἐκείνων,</span> <span class='ocrx_word' id='word_1_704' title='bbox 689 4463 763 4523; x_wconf 81' lang='grc' dir='ltr'>ὦν</span> <span class='ocrx_word' id='word_1_705' title='bbox 792 4464 951 4529; x_wconf 71' lang='grc' dir='ltr'>αὗται</span> <span class='ocrx_word' id='word_1_706' title='bbox 986 4472 1045 4524; x_wconf 87' lang='grc' dir='ltr'><strong>ἐν</strong></span> <span class='ocrx_word' id='word_1_707' title='bbox 1082 4474 1346 4546; x_wconf 77' lang='grc' dir='ltr'>μετουσία</span> <span class='ocrx_word' id='word_1_708' title='bbox 1370 4476 1633 4543; x_wconf 88' lang='grc' dir='ltr'>γίνονται.</span> 
     </span>
    </p>
   </div>
   <div class='ocr_carea' id='block_1_90' title="bbox 107 4558 1706 4637">
    <p class='ocr_par' dir='ltr' id='par_1_90' title="bbox 107 4558 1706 4637">
     <span class='ocr_line' id='line_1_90' title="bbox 107 4558 1706 4637; baseline 0.009 -28"><span class='ocrx_word' id='word_1_709' title='bbox 107 4568 233 4610; x_wconf 86' lang='lat' dir='ltr'><strong>rum</strong></span> <span class='ocrx_word' id='word_1_710' title='bbox 265 4558 509 4628; x_wconf 89' lang='lat' dir='ltr'><strong>patulam</strong></span> <span class='ocrx_word' id='word_1_711' title='bbox 555 4560 622 4613; x_wconf 90' lang='lat' dir='ltr'><strong>ad</strong></span> <span class='ocrx_word' id='word_1_712' title='bbox 686 4563 850 4615; x_wconf 80' lang='lat' dir='ltr'><strong>Deum</strong></span> <span class='ocrx_word' id='word_1_713' title='bbox 882 4560 1297 4632; x_wconf 77' lang='lat' dir='ltr'><strong>intelligentiam</strong></span> <span class='ocrx_word' id='word_1_714' title='bbox 1351 4566 1532 4632; x_wconf 91' lang='lat' dir='ltr'><strong>habet,</strong></span> <span class='ocrx_word' id='word_1_715' title='bbox 1561 4570 1706 4637; x_wconf 83' lang='lat' dir='ltr'><strong>quod</strong></span> 
     </span>
    </p>
   </div>
   <div class='ocr_carea' id='block_1_91' title="bbox 1812 4385 3398 4459">
    <p class='ocr_par' dir='ltr' id='par_1_91' title="bbox 1812 4385 3398 4459">
     <span class='ocr_line' id='line_1_91' title="bbox 1812 4385 3398 4459; baseline 0.003 -20"><span class='ocrx_word' id='word_1_716' title='bbox 1812 4385 2139 4439; x_wconf 86' lang='lat' dir='ltr'><strong>strationum</strong></span> <span class='ocrx_word' id='word_1_717' title='bbox 2180 4387 2432 4457; x_wconf 87' lang='lat' dir='ltr'><strong>peritiam</strong></span> <span class='ocrx_word' id='word_1_718' title='bbox 2466 4389 2720 4459; x_wconf 83' lang='lat' dir='ltr'><strong>(scientia</strong></span> <span class='ocrx_word' id='word_1_719' title='bbox 2747 4391 2889 4442; x_wconf 83' lang='lat' dir='ltr'><strong>enim</strong></span> <span class='ocrx_word' id='word_1_720' title='bbox 2942 4388 3009 4442; x_wconf 87' lang='lat' dir='ltr'><strong>ad</strong></span> <span class='ocrx_word' id='word_1_721' title='bbox 3045 4403 3133 4442; x_wconf 88' lang='lat' dir='ltr'><strong>res</strong></span> <span class='ocrx_word' id='word_1_722' title='bbox 3175 4391 3398 4451; x_wconf 72' lang='lat' dir='ltr'><strong>scibiles</strong></span> 
     </span>
    </p>
   </div>
   <div class='ocr_carea' id='block_1_92' title="bbox 1818 4470 3395 4551">
    <p class='ocr_par' dir='ltr' id='par_1_92' title="bbox 1818 4470 3395 4551">
     <span class='ocr_line' id='line_1_92' title="bbox 1818 4470 3395 4551; baseline 0.003 -20"><span class='ocrx_word' id='word_1_723' title='bbox 1818 4470 2074 4548; x_wconf 77' lang='lat' dir='ltr'><strong>refertur)</strong></span> <span class='ocrx_word' id='word_1_724' title='bbox 2128 4479 2557 4547; x_wconf 77' lang='lat' dir='ltr'><strong>tln&#39;onorumque</strong></span> <span class='ocrx_word' id='word_1_725' title='bbox 2615 4481 3031 4549; x_wconf 87' lang='lat' dir='ltr'><strong>proprietatem,</strong></span> <span class='ocrx_word' id='word_1_726' title='bbox 3070 4497 3194 4551; x_wconf 72' lang='lat' dir='ltr'><strong>qua:</strong></span> <span class='ocrx_word' id='word_1_727' title='bbox 3230 4484 3395 4536; x_wconf 12' lang='lat' dir='ltr'><strong>nimi-r</strong></span> 
     </span>
    </p>
   </div>
   <div class='ocr_carea' id='block_1_93' title="bbox 1817 4569 3401 4643">
    <p class='ocr_par' dir='ltr' id='par_1_93' title="bbox 1817 4569 3401 4643">
     <span class='ocr_line' id='line_1_93' title="bbox 1817 4569 3401 4643; baseline 0.004 -20"><span class='ocrx_word' id='word_1_728' title='bbox 1817 4569 1909 4623; x_wconf 88' lang='lat' dir='ltr'><strong>Dei</strong></span> <span class='ocrx_word' id='word_1_729' title='bbox 1942 4571 2220 4639; x_wconf 79' lang='lat' dir='ltr'><strong>susceptio</strong></span> <span class='ocrx_word' id='word_1_730' title='bbox 2249 4580 2303 4624; x_wconf 89' lang='lat' dir='ltr'><strong>et</strong></span> <span class='ocrx_word' id='word_1_731' title='bbox 2333 4581 2417 4625; x_wconf 90' lang='lat' dir='ltr'><strong>est</strong></span> <span class='ocrx_word' id='word_1_732' title='bbox 2468 4583 2522 4625; x_wconf 89' lang='lat' dir='ltr'><strong>et</strong></span> <span class='ocrx_word' id='word_1_733' title='bbox 2578 4573 2897 4641; x_wconf 80' lang='lat' dir='ltr'><strong>appellatur.</strong></span> <span class='ocrx_word' id='word_1_734' title='bbox 2946 4572 3090 4628; x_wconf 91' lang='lat' dir='ltr'><strong>Ordo</strong></span> <span class='ocrx_word' id='word_1_735' title='bbox 3116 4575 3205 4643; x_wconf 89' lang='lat' dir='ltr'><strong>qui</strong></span> <span class='ocrx_word' id='word_1_736' title='bbox 3251 4577 3401 4629; x_wconf 82' lang='lat' dir='ltr'><strong>hune</strong></span> 
     </span>
    </p>
   </div>
   <div class='ocr_carea' id='block_1_94' title="bbox 104 4649 3398 4739">
    <p class='ocr_par' dir='ltr' id='par_1_94' title="bbox 104 4649 3398 4739">
     <span class='ocr_line' id='line_1_94' title="bbox 104 4649 3398 4739; baseline 0.005 -38"><span class='ocrx_word' id='word_1_737' title='bbox 104 4652 366 4719; x_wconf 74' lang='lat' dir='ltr'><strong>srquitur</strong></span> <span class='ocrx_word' id='word_1_738' title='bbox 393 4649 701 4705; x_wconf 90' lang='lat' dir='ltr'><strong>istiusmodi</strong></span> <span class='ocrx_word' id='word_1_739' title='bbox 734 4654 955 4723; x_wconf 90' lang='lat' dir='ltr'><strong>quidem</strong></span> <span class='ocrx_word' id='word_1_740' title='bbox 1005 4655 1235 4710; x_wconf 88' lang='lat' dir='ltr'><strong>virtutes</strong></span> <span class='ocrx_word' id='word_1_741' title='bbox 1272 4660 1595 4728; x_wconf 85' lang='lat' dir='ltr'><strong>participat,</strong></span> <span class='ocrx_word' id='word_1_742' title='bbox 1654 4662 1752 4715; x_wconf 90' lang='lat' dir='ltr'><strong>sed</strong></span> <span class='ocrx_word' id='word_1_743' title='bbox 1795 4660 2041 4715; x_wconf 80' lang='lat' dir='ltr'><strong>inferiori</strong></span> <span class='ocrx_word' id='word_1_744' title='bbox 2075 4664 2272 4730; x_wconf 80' lang='lat' dir='ltr'><strong>gradu,</strong></span> <span class='ocrx_word' id='word_1_745' title='bbox 2301 4673 2354 4717; x_wconf 90' lang='lat' dir='ltr'><strong>et</strong></span> <span class='ocrx_word' id='word_1_746' title='bbox 2391 4663 2551 4733; x_wconf 77' lang='lat'><strong>120</strong></span> <span class='ocrx_word' id='word_1_747' title='bbox 2585 4682 2707 4719; x_wconf 91' lang='lat' dir='ltr'><strong>cum</strong></span> <span class='ocrx_word' id='word_1_748' title='bbox 2742 4675 2986 4732; x_wconf 88' lang='lat' dir='ltr'><strong>respectu</strong></span> <span class='ocrx_word' id='word_1_749' title='bbox 3043 4668 3108 4721; x_wconf 89' lang='lat' dir='ltr'><strong>ad</strong></span> <span class='ocrx_word' id='word_1_750' title='bbox 3158 4667 3398 4739; x_wconf 63' lang='lat' dir='ltr'><strong>priores,</strong></span> 
     </span>
    </p>
   </div>
   <div class='ocr_carea' id='block_1_95' title="bbox 105 4746 3393 4829">
    <p class='ocr_par' dir='ltr' id='par_1_95' title="bbox 105 4746 3393 4829">
     <span class='ocr_line' id='line_1_95' title="bbox 105 4746 3393 4829; baseline 0.005 -34"><span class='ocrx_word' id='word_1_751' title='bbox 105 4755 206 4808; x_wconf 85' lang='lat' dir='ltr'><strong>per</strong></span> <span class='ocrx_word' id='word_1_752' title='bbox 236 4757 397 4812; x_wconf 88' lang='lat' dir='ltr'><strong>quos,</strong></span> <span class='ocrx_word' id='word_1_753' title='bbox 430 4753 692 4811; x_wconf 87' lang='lat' dir='ltr'><strong>tanquam</strong></span> <span class='ocrx_word' id='word_1_754' title='bbox 737 4746 939 4803; x_wconf 59' lang='lat' dir='ltr'><strong>divinae</strong></span> <span class='ocrx_word' id='word_1_755' title='bbox 994 4748 1322 4805; x_wconf 84' lang='lat' dir='ltr'><strong>imitationis</strong></span> <span class='ocrx_word' id='word_1_756' title='bbox 1370 4753 1742 4821; x_wconf 90' lang='lat' dir='ltr'><strong>primicerios,</strong></span> <span class='ocrx_word' id='word_1_757' title='bbox 1808 4755 1875 4807; x_wconf 91' lang='lat' dir='ltr'><strong>ad</strong></span> <span class='ocrx_word' id='word_1_758' title='bbox 1930 4756 2360 4811; x_wconf 82' lang='lat' dir='ltr'><strong>deiformitatem</strong></span> <span class='ocrx_word' id='word_1_759' title='bbox 2423 4775 2521 4828; x_wconf 88' lang='lat' dir='ltr'><strong>pro</strong></span> <span class='ocrx_word' id='word_1_760' title='bbox 2584 4769 2753 4827; x_wconf 88' lang='lat' dir='ltr'><strong>captu</strong></span> <span class='ocrx_word' id='word_1_761' title='bbox 2807 4760 2906 4813; x_wconf 89' lang='lat' dir='ltr'><strong>suo</strong></span> <span class='ocrx_word' id='word_1_762' title='bbox 2976 4772 3393 4829; x_wconf 83' lang='lat' dir='ltr'><strong>promoventur;</strong></span> 
     </span>
    </p>
   </div>
   <div class='ocr_carea' id='block_1_96' title="bbox 104 4836 3392 4920">
    <p class='ocr_par' dir='ltr' id='par_1_96' title="bbox 104 4836 3392 4920">
     <span class='ocr_line' id='line_1_96' title="bbox 104 4836 3392 4920; baseline 0.005 -31"><span class='ocrx_word' id='word_1_763' title='bbox 104 4846 284 4906; x_wconf 81' lang='lat' dir='ltr'><strong>quare</strong></span> <span class='ocrx_word' id='word_1_764' title='bbox 325 4836 494 4890; x_wconf 88' lang='lat' dir='ltr'><strong>etiam</strong></span> <span class='ocrx_word' id='word_1_765' title='bbox 544 4836 736 4905; x_wconf 88' lang='lat' dir='ltr'><strong>primis</strong></span> <span class='ocrx_word' id='word_1_766' title='bbox 768 4837 899 4907; x_wconf 89' lang='lat' dir='ltr'><strong>illis,</strong></span> <span class='ocrx_word' id='word_1_767' title='bbox 940 4849 1203 4912; x_wconf 88' lang='lat' dir='ltr'><strong>tanquam</strong></span> <span class='ocrx_word' id='word_1_768' title='bbox 1229 4843 1546 4913; x_wconf 64' lang='lat' dir='ltr'><strong>prmpositis</strong></span> <span class='ocrx_word' id='word_1_769' title='bbox 1576 4843 1710 4903; x_wconf 90' lang='lat' dir='ltr'><strong>suis.</strong></span> <span class='ocrx_word' id='word_1_770' title='bbox 1754 4853 1875 4913; x_wconf 79' lang='lat' dir='ltr'><strong>poSt</strong></span> <span class='ocrx_word' id='word_1_771' title='bbox 1904 4845 2070 4900; x_wconf 87' lang='lat' dir='ltr'><strong>Deum</strong></span> <span class='ocrx_word' id='word_1_772' title='bbox 2115 4856 2366 4916; x_wconf 70' lang='lat' dir='ltr'><strong>acceptas</strong></span> <span class='ocrx_word' id='word_1_773' title='bbox 2420 4851 2601 4904; x_wconf 91' lang='lat' dir='ltr'><strong>l&#39;erunt</strong></span> <span class='ocrx_word' id='word_1_774' title='bbox 2654 4861 3023 4919; x_wconf 83' lang='lat' dir='ltr'><strong>pr0prietates</strong></span> <span class='ocrx_word' id='word_1_775' title='bbox 3078 4852 3209 4904; x_wconf 86' lang='lat' dir='ltr'><strong>istas</strong></span> <span class='ocrx_word' id='word_1_776' title='bbox 3261 4866 3392 4920; x_wconf 82' lang='lat' dir='ltr'><strong>qua-</strong></span> 
     </span>
    </p>
   </div>
   <div class='ocr_carea' id='block_1_97' title="bbox 106 4927 2769 4997">
    <p class='ocr_par' dir='ltr' id='par_1_97' title="bbox 106 4927 2769 4997">
     <span class='ocr_line' id='line_1_97' title="bbox 106 4927 2769 4997; baseline -0.007 -15"><span class='ocrx_word' id='word_1_777' title='bbox 106 4944 232 4982; x_wconf 88' lang='lat' dir='ltr'><strong>rum</strong></span> <span class='ocrx_word' id='word_1_778' title='bbox 271 4927 581 4997; x_wconf 75' lang='lat' dir='ltr'><strong>participes</strong></span> <span class='ocrx_word' id='word_1_779' title='bbox 604 4928 727 4982; x_wconf 81' lang='lat' dir='ltr'><strong>facti</strong></span> <span class='ocrx_word' id='word_1_780' title='bbox 753 4942 904 4986; x_wconf 89' lang='lat' dir='ltr'><strong>sunt.</strong></span> <span class='ocrx_word' id='word_1_781' title='bbox 1826 4936 1829 4941; x_wconf 81' lang='lat'>&#39;</span> <span class='ocrx_word' id='word_1_782' title='bbox 2764 4946 2769 4951; x_wconf 96' lang='lat'><strong><em>-</em></strong></span> 
     </span>
    </p>
   </div>
   <div class='ocr_carea' id='block_1_98' title="bbox 1830 5030 3399 5107">
    <p class='ocr_par' dir='ltr' id='par_1_98' title="bbox 1830 5030 3399 5107">
     <span class='ocr_line' id='line_1_98' title="bbox 1830 5030 3399 5107; baseline 0.01 -24"><span class='ocrx_word' id='word_1_783' title='bbox 1830 5030 1835 5033; x_wconf 70' lang='grc'><strong>⁷</strong></span> <span class='ocrx_word' id='word_1_784' title='bbox 1886 5031 2033 5104; x_wconf 64' lang='grc' dir='ltr'>ςιν.</span> <span class='ocrx_word' id='word_1_785' title='bbox 2069 5034 2266 5089; x_wconf 80' lang='lat' dir='ltr'><strong>Aiebat</strong></span> <span class='ocrx_word' id='word_1_786' title='bbox 2290 5035 2475 5107; x_wconf 88' lang='lat' dir='ltr'><strong>itaque</strong></span> <span class='ocrx_word' id='word_1_787' title='bbox 2499 5038 2589 5106; x_wconf 84' lang='lat' dir='ltr'><strong>qui</strong></span> <span class='ocrx_word' id='word_1_788' title='bbox 2624 5037 2764 5092; x_wconf 84' lang='lat' dir='ltr'><strong>hanc</strong></span> <span class='ocrx_word' id='word_1_789' title='bbox 2800 5040 3126 5095; x_wconf 78' lang='lat' dir='ltr'><strong>solutionem</strong></span> <span class='ocrx_word' id='word_1_790' title='bbox 3156 5043 3399 5099; x_wconf 67' lang='lat' dir='ltr'><strong>tradide-</strong></span> 
     </span>
    </p>
   </div>
   <div class='ocr_carea' id='block_1_99' title="bbox 1821 5127 3395 5204">
    <p class='ocr_par' dir='ltr' id='par_1_99' title="bbox 1821 5127 3395 5204">
     <span class='ocr_line' id='line_1_99' title="bbox 1821 5127 3395 5204; baseline 0.009 -26"><span class='ocrx_word' id='word_1_791' title='bbox 1821 5127 1905 5180; x_wconf 77' lang='lat' dir='ltr'><strong>rat</strong></span> <span class='ocrx_word' id='word_1_792' title='bbox 1938 5133 2091 5196; x_wconf 88' lang='lat' dir='ltr'><strong>(puto</strong></span> <span class='ocrx_word' id='word_1_793' title='bbox 2128 5141 2306 5185; x_wconf 88' lang='lat' dir='ltr'><strong>autem</strong></span> <span class='ocrx_word' id='word_1_794' title='bbox 2339 5147 2591 5200; x_wconf 81' lang='lat' dir='ltr'><strong>magnum</strong></span> <span class='ocrx_word' id='word_1_795' title='bbox 2626 5131 2979 5187; x_wconf 86' lang='lat' dir='ltr'><strong>Hierotheum</strong></span> <span class='ocrx_word' id='word_1_796' title='bbox 3013 5135 3203 5204; x_wconf 80' lang='lat' dir='ltr'><strong>fuisse,</strong></span> <span class='ocrx_word' id='word_1_797' title='bbox 3238 5138 3316 5191; x_wconf 72' lang='lat' dir='ltr'><strong>vel</strong></span> <span class='ocrx_word' id='word_1_798' title='bbox 3347 5139 3395 5192; x_wconf 87' lang='lat' dir='ltr'><strong>si</strong></span> 
     </span>
    </p>
   </div>
   <div class='ocr_carea' id='block_1_100' title="bbox 1821 5222 3393 5298">
    <p class='ocr_par' dir='ltr' id='par_1_100' title="bbox 1821 5222 3393 5298">
     <span class='ocr_line' id='line_1_100' title="bbox 1821 5222 3393 5298; baseline 0.008 -25"><span class='ocrx_word' id='word_1_799' title='bbox 1821 5222 1946 5292; x_wconf 86' lang='lat' dir='ltr'><strong>quis</strong></span> <span class='ocrx_word' id='word_1_800' title='bbox 1985 5223 2125 5277; x_wconf 87' lang='lat' dir='ltr'><strong>alius</strong></span> <span class='ocrx_word' id='word_1_801' title='bbox 2154 5224 2229 5278; x_wconf 89' lang='lat' dir='ltr'><strong>illi</strong></span> <span class='ocrx_word' id='word_1_802' title='bbox 2275 5236 2548 5282; x_wconf 88' lang='lat' dir='ltr'><strong>secundus</strong></span> <span class='ocrx_word' id='word_1_803' title='bbox 2576 5227 2670 5298; x_wconf 93' lang='lat' dir='ltr'><strong>sit)</strong></span> <span class='ocrx_word' id='word_1_804' title='bbox 2711 5228 2975 5297; x_wconf 74' lang='lat' dir='ltr'><strong>visionem</strong></span> <span class='ocrx_word' id='word_1_805' title='bbox 3004 5230 3221 5297; x_wconf 89' lang='lat' dir='ltr'><strong>quidem</strong></span> <span class='ocrx_word' id='word_1_806' title='bbox 3247 5232 3393 5288; x_wconf 88' lang='lat' dir='ltr'><strong>illaut</strong></span> 
     </span>
    </p>
   </div>
   <div class='ocr_carea' id='block_1_101' title="bbox 1820 5314 3403 5395">
    <p class='ocr_par' dir='ltr' id='par_1_101' title="bbox 1820 5314 3403 5395">
     <span class='ocr_line' id='line_1_101' title="bbox 1820 5314 3403 5395; baseline 0.008 -27"><span class='ocrx_word' id='word_1_807' title='bbox 1820 5314 2120 5371; x_wconf 81' lang='lat' dir='ltr'><strong>exhibitam</strong></span> <span class='ocrx_word' id='word_1_808' title='bbox 2154 5319 2433 5387; x_wconf 77' lang='lat' dir='ltr'><strong>propheta:</strong></span> <span class='ocrx_word' id='word_1_809' title='bbox 2488 5335 2587 5389; x_wconf 89' lang='lat' dir='ltr'><strong>per</strong></span> <span class='ocrx_word' id='word_1_810' title='bbox 2641 5320 2880 5390; x_wconf 90' lang='lat' dir='ltr'><strong>aliquem</strong></span> <span class='ocrx_word' id='word_1_811' title='bbox 2932 5321 3205 5390; x_wconf 79' lang='lat' dir='ltr'><strong>angelum,</strong></span> <span class='ocrx_word' id='word_1_812' title='bbox 3239 5327 3403 5395; x_wconf 81' lang='lat' dir='ltr'><strong>cujus</strong></span> 
     </span>
    </p>
   </div>
   <div class='ocr_carea' id='block_1_102' title="bbox 177 5037 1711 5121">
    <p class='ocr_par' dir='ltr' id='par_1_102' title="bbox 177 5037 1711 5121">
     <span class='ocr_line' id='line_1_102' title="bbox 177 5037 1711 5121; baseline 0.008 -31"><span class='ocrx_word' id='word_1_813' title='bbox 177 5041 207 5113; x_wconf 57' lang='grc' dir='ltr'>ᾗ</span> <span class='ocrx_word' id='word_1_814' title='bbox 250 5037 342 5093; x_wconf 83' lang='lat' dir='ltr'><strong>IV.</strong></span> <span class='ocrx_word' id='word_1_815' title='bbox 386 5038 581 5107; x_wconf 84' lang='grc' dir='ltr'>Ἔλεγε</span> <span class='ocrx_word' id='word_1_816' title='bbox 609 5040 739 5108; x_wconf 75' lang='grc' dir='ltr'>γοῦν</span> <span class='ocrx_word' id='word_1_817' title='bbox 761 5043 789 5095; x_wconf 88' lang='grc' dir='ltr'><strong>ό</strong></span> <span class='ocrx_word' id='word_1_818' title='bbox 819 5042 1024 5115; x_wconf 84' lang='grc' dir='ltr'>ταύτην</span> <span class='ocrx_word' id='word_1_819' title='bbox 1049 5044 1147 5116; x_wconf 75' lang='grc' dir='ltr'>τὴν</span> <span class='ocrx_word' id='word_1_820' title='bbox 1177 5045 1332 5101; x_wconf 82' lang='grc' dir='ltr'>λύσιν</span> <span class='ocrx_word' id='word_1_821' title='bbox 1358 5046 1711 5121; x_wconf 87' lang='grc' dir='ltr'>ποιούμενος,</span> 
     </span>
    </p>
   </div>
   <div class='ocr_carea' id='block_1_103' title="bbox 107 5128 1717 5209">
    <p class='ocr_par' dir='ltr' id='par_1_103' title="bbox 107 5128 1717 5209">
     <span class='ocr_line' id='line_1_103' title="bbox 107 5128 1717 5209; baseline 0.006 -26"><span class='ocrx_word' id='word_1_822' title='bbox 107 5129 286 5202; x_wconf 80' lang='grc' dir='ltr'>(οἶμαι</span> <span class='ocrx_word' id='word_1_823' title='bbox 305 5131 386 5193; x_wconf 77' lang='grc' dir='ltr'>δὲ,</span> <span class='ocrx_word' id='word_1_824' title='bbox 400 5134 428 5184; x_wconf 86' lang='grc' dir='ltr'><strong>ό</strong></span> <span class='ocrx_word' id='word_1_825' title='bbox 454 5130 625 5201; x_wconf 83' lang='grc' dir='ltr'>μέγας</span> <span class='ocrx_word' id='word_1_826' title='bbox 646 5128 714 5203; x_wconf 81' lang='grc' dir='ltr'>ἦν</span> <span class='ocrx_word' id='word_1_827' title='bbox 742 5133 1017 5205; x_wconf 88' lang='grc' dir='ltr'>Ἰερόθεος,</span> <span class='ocrx_word' id='word_1_828' title='bbox 1035 5137 1068 5209; x_wconf 80' lang='grc' dir='ltr'>ἢ</span> <span class='ocrx_word' id='word_1_829' title='bbox 1085 5138 1139 5190; x_wconf 77' lang='grc' dir='ltr'><strong>εἴ</strong></span> <span class='ocrx_word' id='word_1_830' title='bbox 1154 5156 1238 5202; x_wconf 88' lang='grc' dir='ltr'><strong>τις</strong></span> <span class='ocrx_word' id='word_1_831' title='bbox 1254 5139 1413 5203; x_wconf 78' lang='grc' dir='ltr'>ἄλλος</span> <span class='ocrx_word' id='word_1_832' title='bbox 1434 5142 1553 5194; x_wconf 83' lang='grc' dir='ltr'>κατ’</span> <span class='ocrx_word' id='word_1_833' title='bbox 1577 5144 1717 5194; x_wconf 81' lang='grc' dir='ltr'>ἐκεῖ-</span> 
     </span>
    </p>
   </div>
   <div class='ocr_carea' id='block_1_104' title="bbox 105 5218 1715 5307">
    <p class='ocr_par' dir='ltr' id='par_1_104' title="bbox 105 5218 1715 5307">
     <span class='ocr_line' id='line_1_104' title="bbox 105 5218 1715 5307; baseline 0.007 -31"><span class='ocrx_word' id='word_1_834' title='bbox 105 5225 245 5295; x_wconf 66' lang='lat' dir='ltr'><strong>ww.)</strong></span> <span class='ocrx_word' id='word_1_835' title='bbox 266 5225 349 5277; x_wconf 76' lang='grc' dir='ltr'>ὅτι</span> <span class='ocrx_word' id='word_1_836' title='bbox 371 5226 403 5295; x_wconf 76' lang='grc' dir='ltr'>ἡ</span> <span class='ocrx_word' id='word_1_837' title='bbox 430 5224 536 5293; x_wconf 75' lang='grc' dir='ltr'>μὲν</span> <span class='ocrx_word' id='word_1_838' title='bbox 562 5223 750 5294; x_wconf 83' lang='grc' dir='ltr'>ὅρασις</span> <span class='ocrx_word' id='word_1_839' title='bbox 769 5227 950 5299; x_wconf 85' lang='grc' dir='ltr'>ἐκείνη</span> <span class='ocrx_word' id='word_1_840' title='bbox 971 5218 1355 5303; x_wconf 81' lang='grc' dir='ltr'>ὑπεδείχθητῷ</span> <span class='ocrx_word' id='word_1_841' title='bbox 1376 5234 1632 5307; x_wconf 77' lang='grc' dir='ltr'>προφήτῃ</span> <span class='ocrx_word' id='word_1_842' title='bbox 1646 5234 1715 5288; x_wconf 81' lang='grc' dir='ltr'>δι’</span> 
     </span>
    </p>
   </div>
   <div class='ocr_carea' id='block_1_105' title="bbox 110 5314 1716 5395">
    <p class='ocr_par' dir='ltr' id='par_1_105' title="bbox 110 5314 1716 5395">
     <span class='ocr_line' id='line_1_105' title="bbox 110 5314 1716 5395; baseline 0.009 -30"><span class='ocrx_word' id='word_1_843' title='bbox 110 5316 230 5379; x_wconf 80' lang='grc' dir='ltr'>ἐνὸς</span> <span class='ocrx_word' id='word_1_844' title='bbox 252 5314 365 5367; x_wconf 81' lang='grc' dir='ltr'>τῶν</span> <span class='ocrx_word' id='word_1_845' title='bbox 394 5314 665 5383; x_wconf 85' lang='grc' dir='ltr'>ἀγγέλων,</span> <span class='ocrx_word' id='word_1_846' title='bbox 694 5317 1017 5371; x_wconf 86' lang='grc' dir='ltr'>ἀναταθέντι</span> <span class='ocrx_word' id='word_1_847' title='bbox 1042 5320 1194 5393; x_wconf 88' lang='grc' dir='ltr'><strong>παρά</strong></span> <span class='ocrx_word' id='word_1_848' title='bbox 1214 5323 1313 5393; x_wconf 84' lang='grc' dir='ltr'>τῆς</span> <span class='ocrx_word' id='word_1_849' title='bbox 1346 5325 1716 5395; x_wconf 85' lang='grc' dir='ltr'>χειραγωγίας</span> 
     </span>
    </p>
   </div>
   <div class='ocr_carea' id='block_1_106' title="bbox 108 5398 1713 5488">
    <p class='ocr_par' dir='ltr' id='par_1_106' title="bbox 108 5398 1713 5488">
     <span class='ocr_line' id='line_1_106' title="bbox 108 5398 1713 5488; baseline 0.006 -32"><span class='ocrx_word' id='word_1_850' title='bbox 108 5398 323 5457; x_wconf 73' lang='grc' dir='ltr'>ἐκείνου</span> <span class='ocrx_word' id='word_1_851' title='bbox 341 5406 423 5467; x_wconf 86' lang='grc' dir='ltr'><strong>είς</strong></span> <span class='ocrx_word' id='word_1_852' title='bbox 440 5405 538 5476; x_wconf 83' lang='grc' dir='ltr'>τὴν</span> <span class='ocrx_word' id='word_1_853' title='bbox 556 5404 787 5477; x_wconf 86' lang='grc' dir='ltr'>θεωρίαν</span> <span class='ocrx_word' id='word_1_854' title='bbox 808 5408 1044 5481; x_wconf 88' lang='grc' dir='ltr'>ἐκείνην,</span> <span class='ocrx_word' id='word_1_855' title='bbox 1063 5410 1183 5464; x_wconf 85' lang='grc' dir='ltr'>καθ’</span> <span class='ocrx_word' id='word_1_856' title='bbox 1196 5412 1261 5484; x_wconf 82' lang='grc' dir='ltr'>ἢν</span> <span class='ocrx_word' id='word_1_857' title='bbox 1279 5412 1427 5484; x_wconf 87' lang='grc' dir='ltr'>ἐώρα</span> <span class='ocrx_word' id='word_1_858' title='bbox 1437 5413 1533 5477; x_wconf 75' lang='grc' dir='ltr'>τὰς</span> <span class='ocrx_word' id='word_1_859' title='bbox 1552 5414 1713 5488; x_wconf 87' lang='grc' dir='ltr'>ὑπερ-</span> 
     </span>
    </p>
   </div>
   <div class='ocr_carea' id='block_1_107' title="bbox 115 5497 1710 5576">
    <p class='ocr_par' dir='ltr' id='par_1_107' title="bbox 115 5497 1710 5576">
     <span class='ocr_line' id='line_1_107' title="bbox 115 5497 1710 5576; baseline 0.007 -28"><span class='ocrx_word' id='word_1_860' title='bbox 115 5498 288 5561; x_wconf 86' lang='grc' dir='ltr'>τάτας</span> <span class='ocrx_word' id='word_1_861' title='bbox 304 5497 516 5561; x_wconf 75' lang='grc' dir='ltr'>οὐσίας,</span> <span class='ocrx_word' id='word_1_862' title='bbox 539 5497 613 5560; x_wconf 84' lang='grc' dir='ltr'>ὡς</span> <span class='ocrx_word' id='word_1_863' title='bbox 634 5497 691 5549; x_wconf 85' lang='grc' dir='ltr'><strong>ἐν</strong></span> <span class='ocrx_word' id='word_1_864' title='bbox 710 5499 1016 5571; x_wconf 88' lang='grc' dir='ltr'>συμϐόλοις,</span> <span class='ocrx_word' id='word_1_865' title='bbox 1041 5502 1442 5576; x_wconf 84' lang='grc' dir='ltr'>έξαπτερύγους</span> <span class='ocrx_word' id='word_1_866' title='bbox 1461 5506 1566 5558; x_wconf 90' lang='grc' dir='ltr'><strong>ὑπὸ</strong></span> <span class='ocrx_word' id='word_1_867' title='bbox 1578 5505 1710 5559; x_wconf 86' lang='grc' dir='ltr'>Θεὸν</span> 
     </span>
    </p>
   </div>
   <div class='ocr_carea' id='block_1_108' title="bbox 110 5584 1707 5668">
    <p class='ocr_par' dir='ltr' id='par_1_108' title="bbox 110 5584 1707 5668">
     <span class='ocr_line' id='line_1_108' title="bbox 110 5584 1707 5668; baseline 0.006 -28"><span class='ocrx_word' id='word_1_868' title='bbox 110 5588 212 5657; x_wconf 77' lang='grc' dir='ltr'>(ὅτι</span> <span class='ocrx_word' id='word_1_869' title='bbox 247 5589 395 5659; x_wconf 78' lang='grc' dir='ltr'>μέγα</span> <span class='ocrx_word' id='word_1_870' title='bbox 423 5584 492 5660; x_wconf 75' lang='grc' dir='ltr'>ἦν</span> <span class='ocrx_word' id='word_1_871' title='bbox 514 5587 578 5642; x_wconf 86' lang='grc' dir='ltr'><strong>τὸ</strong></span> <span class='ocrx_word' id='word_1_872' title='bbox 611 5591 704 5643; x_wconf 75' lang='grc' dir='ltr'><strong>τοῦ</strong></span> <span class='ocrx_word' id='word_1_873' title='bbox 750 5590 1062 5662; x_wconf 86' lang='grc' dir='ltr'>καθημένου</span> <span class='ocrx_word' id='word_1_874' title='bbox 1117 5594 1581 5668; x_wconf 79' lang='grc' dir='ltr'>ὑπεξῃρημένον),</span> <span class='ocrx_word' id='word_1_875' title='bbox 1614 5596 1707 5650; x_wconf 74' lang='grc' dir='ltr'>καὶ</span> 
     </span>
    </p>
   </div>
   <div class='ocr_carea' id='block_1_109' title="bbox 113 5679 1708 5760">
    <p class='ocr_par' dir='ltr' id='par_1_109' title="bbox 113 5679 1708 5760">
     <span class='ocr_line' id='line_1_109' title="bbox 113 5679 1708 5760; baseline 0.004 -24"><span class='ocrx_word' id='word_1_876' title='bbox 113 5683 253 5754; x_wconf 84' lang='grc' dir='ltr'><strong>μετά</strong></span> <span class='ocrx_word' id='word_1_877' title='bbox 266 5682 407 5736; x_wconf 73' lang='grc' dir='ltr'>Θεοῦ</span> <span class='ocrx_word' id='word_1_878' title='bbox 426 5683 507 5753; x_wconf 84' lang='grc' dir='ltr'><strong>(οὑ</strong></span> <span class='ocrx_word' id='word_1_879' title='bbox 523 5684 633 5755; x_wconf 82' lang='grc' dir='ltr'><strong>γάρ</strong></span> <span class='ocrx_word' id='word_1_880' title='bbox 646 5679 787 5755; x_wconf 79' lang='grc' dir='ltr'>ἦσαν</span> <span class='ocrx_word' id='word_1_881' title='bbox 801 5686 906 5756; x_wconf 81' lang='grc' dir='ltr'><strong>πρὸ</strong></span> <span class='ocrx_word' id='word_1_882' title='bbox 920 5687 1139 5739; x_wconf 78' lang='grc' dir='ltr'>ἐκείνων</span> <span class='ocrx_word' id='word_1_883' title='bbox 1153 5689 1239 5741; x_wconf 67' lang='grc' dir='ltr'>εἴτε</span> <span class='ocrx_word' id='word_1_884' title='bbox 1246 5706 1337 5760; x_wconf 84' lang='grc' dir='ltr'><strong>ραι</strong></span> <span class='ocrx_word' id='word_1_885' title='bbox 1361 5690 1587 5758; x_wconf 81' lang='grc' dir='ltr'>τάξεις),</span> <span class='ocrx_word' id='word_1_886' title='bbox 1614 5686 1708 5743; x_wconf 75' lang='grc' dir='ltr'>καὶ</span> 
     </span>
    </p>
   </div>
   <div class='ocr_carea' id='block_1_110' title="bbox 114 5771 1705 5853">
    <p class='ocr_par' dir='ltr' id='par_1_110' title="bbox 114 5771 1705 5853">
     <span class='ocr_line' id='line_1_110' title="bbox 114 5771 1705 5853; baseline 0.006 -28"><span class='ocrx_word' id='word_1_887' title='bbox 114 5774 243 5844; x_wconf 67' lang='grc' dir='ltr'>περὶ</span> <span class='ocrx_word' id='word_1_888' title='bbox 276 5771 435 5839; x_wconf 80' lang='grc' dir='ltr'>Θεὸν,</span> <span class='ocrx_word' id='word_1_889' title='bbox 470 5774 551 5827; x_wconf 78' lang='grc' dir='ltr'>ὃτι</span> <span class='ocrx_word' id='word_1_890' title='bbox 577 5771 757 5847; x_wconf 75' lang='grc' dir='ltr'>κύκλῳ</span> <span class='ocrx_word' id='word_1_891' title='bbox 783 5775 1013 5830; x_wconf 69' lang='grc' dir='ltr'>ἵσταντο.</span> <span class='ocrx_word' id='word_1_892' title='bbox 1046 5778 1120 5831; x_wconf 82' lang='grc' dir='ltr'>Τὸ</span> <span class='ocrx_word' id='word_1_893' title='bbox 1162 5779 1215 5831; x_wconf 71' lang='grc' dir='ltr'>δὲ</span> <span class='ocrx_word' id='word_1_894' title='bbox 1252 5780 1552 5853; x_wconf 80' lang='grc' dir='ltr'>ἱδρυμένων</span> <span class='ocrx_word' id='word_1_895' title='bbox 1599 5783 1705 5836; x_wconf 78' lang='grc' dir='ltr'><strong>τών</strong></span> 
     </span>
    </p>
   </div>
   <div class='ocr_carea' id='block_1_111' title="bbox 1820 5398 3397 5482">
    <p class='ocr_par' dir='ltr' id='par_1_111' title="bbox 1820 5398 3397 5482">
     <span class='ocr_line' id='line_1_111' title="bbox 1820 5398 3397 5482; baseline 0.006 -21"><span class='ocrx_word' id='word_1_896' title='bbox 1820 5398 2245 5464; x_wconf 86' lang='lat' dir='ltr'><strong>manuductione</strong></span> <span class='ocrx_word' id='word_1_897' title='bbox 2293 5412 2361 5465; x_wconf 91' lang='lat' dir='ltr'><strong>ad</strong></span> <span class='ocrx_word' id='word_1_898' title='bbox 2417 5413 2575 5466; x_wconf 86' lang='lat' dir='ltr'><strong>istaut</strong></span> <span class='ocrx_word' id='word_1_899' title='bbox 2640 5413 3153 5482; x_wconf 85' lang='lat' dir='ltr'><strong>contemplationem</strong></span> <span class='ocrx_word' id='word_1_900' title='bbox 3214 5412 3397 5479; x_wconf 74' lang='lat' dir='ltr'><strong>fuerat</strong></span> 
     </span>
    </p>
   </div>
   <div class='ocr_carea' id='block_1_112' title="bbox 1817 5502 3400 5577">
    <p class='ocr_par' dir='ltr' id='par_1_112' title="bbox 1817 5502 3400 5577">
     <span class='ocr_line' id='line_1_112' title="bbox 1817 5502 3400 5577; baseline 0.005 -23"><span class='ocrx_word' id='word_1_901' title='bbox 1817 5512 2057 5565; x_wconf 77' lang='lat' dir='ltr'><strong>erectus,</strong></span> <span class='ocrx_word' id='word_1_902' title='bbox 2092 5502 2145 5555; x_wconf 90' lang='lat' dir='ltr'><strong>in</strong></span> <span class='ocrx_word' id='word_1_903' title='bbox 2189 5519 2294 5571; x_wconf 87' lang='lat' dir='ltr'><strong>qua</strong></span> <span class='ocrx_word' id='word_1_904' title='bbox 2346 5518 2632 5572; x_wconf 84' lang='lat' dir='ltr'><strong>supremas</strong></span> <span class='ocrx_word' id='word_1_905' title='bbox 2675 5504 2797 5557; x_wconf 91' lang='lat' dir='ltr'><strong>illas</strong></span> <span class='ocrx_word' id='word_1_906' title='bbox 2827 5506 3126 5571; x_wconf 88' lang='lat' dir='ltr'><strong>essentias,</strong></span> <span class='ocrx_word' id='word_1_907' title='bbox 3151 5510 3305 5577; x_wconf 81' lang='lat' dir='ltr'><strong>quasi</strong></span> <span class='ocrx_word' id='word_1_908' title='bbox 3340 5502 3400 5573; x_wconf 61' lang='lat' dir='ltr'><strong>in,</strong></span> 
     </span>
    </p>
   </div>
   <div class='ocr_carea' id='block_1_113' title="bbox 1820 5594 3392 5670">
    <p class='ocr_par' dir='ltr' id='par_1_113' title="bbox 1820 5594 3392 5670">
     <span class='ocr_line' id='line_1_113' title="bbox 1820 5594 3392 5670; baseline 0.004 -23"><span class='ocrx_word' id='word_1_909' title='bbox 1820 5594 2103 5667; x_wconf 86' lang='lat' dir='ltr'><strong>symbolis,</strong></span> <span class='ocrx_word' id='word_1_910' title='bbox 2128 5610 2222 5650; x_wconf 83' lang='lat' dir='ltr'><strong>sex</strong></span> <span class='ocrx_word' id='word_1_911' title='bbox 2251 5596 2369 5650; x_wconf 87' lang='lat' dir='ltr'><strong>alas</strong></span> <span class='ocrx_word' id='word_1_912' title='bbox 2399 5597 2665 5651; x_wconf 87' lang='lat' dir='ltr'><strong>habentes</strong></span> <span class='ocrx_word' id='word_1_913' title='bbox 2701 5596 2835 5651; x_wconf 85' lang='lat' dir='ltr'><strong>vidit</strong></span> <span class='ocrx_word' id='word_1_914' title='bbox 2867 5596 3007 5651; x_wconf 82' lang='lat' dir='ltr'><strong>infra</strong></span> <span class='ocrx_word' id='word_1_915' title='bbox 3034 5599 3200 5653; x_wconf 87' lang='lat' dir='ltr'><strong>Deum</strong></span> <span class='ocrx_word' id='word_1_916' title='bbox 3233 5602 3392 5670; x_wconf 54' lang='lat' dir='ltr'><strong>(quoa</strong></span> 
     </span>
    </p>
   </div>
   <div class='ocr_carea' id='block_1_114' title="bbox 1819 5689 3394 5763">
    <p class='ocr_par' dir='ltr' id='par_1_114' title="bbox 1819 5689 3394 5763">
     <span class='ocr_line' id='line_1_114' title="bbox 1819 5689 3394 5763; baseline 0.006 -24"><span class='ocrx_word' id='word_1_917' title='bbox 1819 5689 1965 5740; x_wconf 84' lang='lat' dir='ltr'><strong>niam</strong></span> <span class='ocrx_word' id='word_1_918' title='bbox 2016 5704 2278 5758; x_wconf 88' lang='lat' dir='ltr'><strong>perquam</strong></span> <span class='ocrx_word' id='word_1_919' title='bbox 2316 5689 2515 5745; x_wconf 74' lang='lat' dir='ltr'><strong>eximia</strong></span> <span class='ocrx_word' id='word_1_920' title='bbox 2547 5699 2667 5742; x_wconf 87' lang='lat' dir='ltr'><strong>erat</strong></span> <span class='ocrx_word' id='word_1_921' title='bbox 2720 5690 2977 5762; x_wconf 82' lang='lat' dir='ltr'><strong>majestas</strong></span> <span class='ocrx_word' id='word_1_922' title='bbox 3015 5693 3308 5763; x_wconf 84' lang='lat' dir='ltr'><strong>sedentis);</strong></span> <span class='ocrx_word' id='word_1_923' title='bbox 3339 5704 3394 5749; x_wconf 88' lang='lat' dir='ltr'><strong>et</strong></span> 
     </span>
    </p>
   </div>
   <div class='ocr_carea' id='block_1_115' title="bbox 1812 5780 3395 5861">
    <p class='ocr_par' dir='ltr' id='par_1_115' title="bbox 1812 5780 3395 5861">
     <span class='ocr_line' id='line_1_115' title="bbox 1812 5780 3395 5861; baseline 0.006 -28"><span class='ocrx_word' id='word_1_924' title='bbox 1812 5783 1965 5853; x_wconf 76' lang='lat' dir='ltr'><strong>juxta</strong></span> <span class='ocrx_word' id='word_1_925' title='bbox 1996 5780 2165 5837; x_wconf 81' lang='lat' dir='ltr'><strong>Deum</strong></span> <span class='ocrx_word' id='word_1_926' title='bbox 2185 5781 2332 5853; x_wconf 90' lang='lat' dir='ltr'><strong>(quia</strong></span> <span class='ocrx_word' id='word_1_927' title='bbox 2360 5799 2463 5839; x_wconf 91' lang='lat' dir='ltr'><strong>nou</strong></span> <span class='ocrx_word' id='word_1_928' title='bbox 2494 5791 2651 5839; x_wconf 85' lang='lat' dir='ltr'><strong>erant</strong></span> <span class='ocrx_word' id='word_1_929' title='bbox 2676 5782 2769 5843; x_wconf 84' lang='lat' dir='ltr'><strong>alii</strong></span> <span class='ocrx_word' id='word_1_930' title='bbox 2792 5784 3014 5843; x_wconf 84' lang='lat' dir='ltr'><strong>ordines</strong></span> <span class='ocrx_word' id='word_1_931' title='bbox 3038 5787 3249 5859; x_wconf 84' lang='lat' dir='ltr'><strong>priores</strong></span> <span class='ocrx_word' id='word_1_932' title='bbox 3279 5787 3395 5861; x_wconf 83' lang='lat' dir='ltr'><strong>iis),</strong></span> 
     </span>
    </p>
   </div>
  </div>
