3722 6300
312 301 417 367 315

1479 306 1537 366 s.
1578 303 1879 361 DIONYSII
1914 280 2377 360 successum

3476 301 3594 356 516

315 432 374 475 et
413 420 559 477 circa
602 422 792 484 Deum,
825 417 1082 487 queuiam
1106 418 1160 473 in
1186 418 1419 473 circuitu
1465 418 1711 475 stabant.
1742 418 1785 484 Ο

2134 434 2212 469 ων
2262 416 2324 469 τὸ
2355 416 2491 487 πρὸς
2540 414 2610 468 τά
2655 417 2804 470 κάτω
2841 414 3057 478 ἀκλινὲς
3088 414 3241 485 δηλοῖ
3266 415 3362 468 καὶ
3389 415 3601 486 ἀμετα-

321 526 505 570 autem
551 515 773 570 ordines
826 512 902 567 illi
965 512 1165 567 ﬁrmati
1230 524 1438 578 essent,
1487 514 1734 583 designat
1782 513 1902 567 illos

320 624 451 677 erga
485 608 745 663 inferiora
793 620 916 661 esse
965 606 1289 663 iuﬁexibiles
1325 618 1386 662 et
1439 608 1764 663 immobiles.
1818 607 1901 660 Ad

324 701 443 755 lucc
471 700 608 753 vidit
635 686 969 754 eminentem
1004 701 1268 754 verticem
1308 701 1363 755 in
1396 701 1575 755 medio
1591 715 1780 754 eorum
1808 699 1904 753 de-

324 806 490 860 super
523 790 824 854 ﬁrmatum,
854 806 921 845 ex
970 805 1203 861 quorum
1258 792 1631 862 symbolarum
1681 789 1905 845 visioni-

322 882 425 937 bus
480 883 697 945 didit-it,
756 883 998 937 divinum
1056 883 1270 939 Numen
1320 885 1620 939 secundum
1684 896 1903 937 omnem

320 974 798 1044 supernaturalem
848 975 1259 1043 excellentiam,
1316 976 1437 1030 sine
1492 974 1905 1045 comparatione

326 1066 658 1122 antecellere
705 1065 981 1121 visibilem
1028 1082 1248 1121 omnem
1280 1076 1336 1121 et
1367 1065 1699 1120 invisibilem
1746 1075 1906 1120 natu-

323 1172 465 1222 ram;
497 1157 712 1221 didicit,
748 1158 817 1211 ab
849 1157 1106 1212 omnibus
1156 1158 1384 1227 insuper
1406 1157 1656 1211 divinant
1691 1156 1901 1213 Numen

321 1260 635 1317 exemptum
680 1263 827 1313 esse,
880 1259 1141 1318 tanquam
1197 1250 1479 1304 dominum
1531 1265 1560 1303 a
1615 1250 1817 1316 servis,
1849 1257 1906 1304 et

322 1350 633 1394 creatorem
662 1355 692 1392 a
725 1340 1000 1394 creaturis
1031 1357 1044 1393 ε
1075 1348 1129 1393 et
1164 1354 1272 1394 non
1303 1340 1480 1394 solum
1513 1340 1667 1404 aliis,
1699 1341 1794 1395 sed
1835 1353 1904 1394 ne

320 1432 521 1500 primis
567 1433 790 1501 quidem
845 1432 1172 1487 substantiis
1225 1431 1404 1488 simile
1461 1431 1742 1497 existere;
1789 1442 1904 1486 tum

322 1525 452 1593 quia
484 1524 617 1579 illud
648 1524 703 1578 in
741 1525 939 1578 throno
984 1524 1319 1594 ordinesque
1374 1539 1500 1579 cum
1535 1534 1771 1580 tremore
1801 1523 1907 1579 cir-

324 1625 669 1671 cumstantes
721 1616 879 1681 vidit,
930 1624 1045 1671 tum
1080 1618 1208 1686 quia
1241 1617 1448 1685 primos
1488 1617 1710 1672 ordines
1740 1616 1903 1672 vidit.

325 1706 383 1762 Si
418 1706 604 1776 itaque
649 1707 894 1762 divinum
921 1707 1129 1764 Numen
1162 1724 1231 1764 ne
1258 1709 1449 1778 primis
1476 1710 1696 1779 quidem
1726 1708 1905 1763 simile

325 1798 619 1862 existebat,
652 1800 784 1869 quid
811 1799 1082 1869 cogitabit
1115 1802 1238 1868 quis
1268 1800 1334 1855 de
1355 1800 1744 1870 sequentibus?
1770 1799 1906 1854 Ter-

327 1893 404 1947 tio
433 1908 653 1963 quoque
700 1893 911 1955 didicit,
940 1893 1107 1945 Deum
1152 1894 1396 1948 omnium
1425 1909 1546 1949 esse
1576 1893 1904 1964 principium

324 1996 380 2039 et
416 1998 661 2050 causam,
694 1983 1130 2040 indissolubilem
1170 1996 1228 2038 et
1254 1985 1678 2049 immutabilem,
1705 2000 1773 2039 ex
1796 1994 1906 2053 qua

326 2085 436 2128 tam
464 2089 588 2130 esse
610 2091 776 2145 quam
806 2077 945 2131 bene
994 2089 1118 2130 esse
1148 2073 1256 2130 illis
1285 2074 1502 2146 obtigit.
1530 2074 1688 2131 Unde
1723 2084 1906 2129 autem

322 2178 378 2223 et
406 2170 536 2224 illud
566 2169 732 2225 dicit?
753 2170 831 2225 Ex
850 2185 915 2226 eo
944 2171 1089 2240 quod
1114 2169 1297 2225 omnia
1332 2170 1398 2223 ad
1424 2170 1598 2238 ipsum
1632 2175 1903 2237 spectent,

325 2259 624 2328 omniaque
651 2260 718 2314 ad
738 2274 863 2314 eum
896 2262 1148 2324 tendant,
1188 2271 1246 2314 ut
1274 2259 1369 2329 qui
1413 2258 1650 2328 benigne
1682 2259 1911 2314 omnino

326 2351 570 2405 victoria
626 2352 907 2421 pra-mium
964 2353 1193 2407 tribuat.
1236 2351 1518 2419 Quomodo
1590 2361 1711 2420 post
1775 2365 1909 2406 con-

326 2442 736 2510 templationem
781 2444 928 2499 circa
1016 2444 1226 2501 Numen
1280 2445 1525 2500 divinum
1611 2443 1908 2499 deiformes

326 2536 526 2592 deinde
582 2536 816 2593 virtutes
870 2554 937 2593 ac
993 2539 1270 2610 scrapbim
1327 2539 1543 2605 didicit,
1569 2548 1625 2593 et
1674 2553 1782 2593 non
1815 2552 1906 2593 se-

326 2631 563 2684 cundum
600 2631 851 2686 ordinem
906 2632 1009 2688 ista
1062 2633 1331 2702 patefacta
1387 2634 1557 2687 sunt?
1589 2635 1667 2688 Ac
1723 2632 1907 2685 dicere

328 2722 516 2783 liceat,
550 2722 693 2792 quod
731 2724 1148 2792 supereminens
1201 2723 1374 2794 gloria
1430 2723 1675 2778 sedentis
1730 2723 1905 2791 ipsum

326 2813 520 2868 fecerit
571 2814 685 2869 illic
740 2817 974 2884 primum
1021 2816 1271 2871 obtutum
1325 2815 1515 2885 ﬁgere,
1568 2831 1634 2871 ac
1682 2813 1905 2879 deinde,

328 2916 619 2975 postquam
650 2907 704 2961 id
748 2908 897 2977 quod
942 2909 1155 2962 Domini
1191 2918 1311 2963 erat
1360 2907 1599 2963 medium
1643 2922 1709 2963 ac
1740 2908 1906 2962 mini-

326 3004 566 3051 strorum
643 2998 1019 3055 diversitatem
1099 3001 1402 3065 didicerat,
1464 3000 1692 3055 virtutes
1748 3015 1906 3055 sera-

328 3092 477 3162 pbim
517 3093 770 3147 edoctum
795 3106 953 3158 esse;
983 3092 1243 3162 quoniam
1274 3091 1507 3146 virtutes
1562 3091 1731 3160 igneae
1755 3099 1906 3154 sunt,
1933 3099 1979 3163 ο

325 3185 477 3252 juxta
537 3185 1043 3241 denominationem
1123 3199 1320 3249 suam,
1376 3182 1454 3236 uti
1541 3180 1705 3250 paqu
1788 3189 1909 3250 post

332 3278 420 3332 liic
474 3288 695 3331 sanctus
756 3277 979 3331 tradidit
1034 3284 1090 3331 et
1139 3274 1400 3343 explicuit
1448 3274 1630 3343 capite
1676 3271 1765 3326 15.
1816 3271 1909 3326 Di-

331 3369 466 3424 dicit
512 3385 726 3440 quoque
769 3384 1025 3424 seuarum
1081 3367 1287 3423 alarum
1338 3381 1551 3422 sacram
1612 3365 1909 3432 ﬁctionem,

338 3465 493 3535 121
531 3463 988 3532 quemadmodum
1020 3461 1187 3518 etiam
1237 3472 1361 3517 ante
1403 3461 1638 3527 dixerat,
1672 3471 1911 3517 mentem

334 3571 552 3610 omnem
583 3566 638 3609 et
688 3558 894 3624 primos
936 3564 992 3609 et
1035 3554 1245 3610 medios
1272 3564 1326 3608 et
1359 3565 1667 3624 postremos
1691 3554 1914 3610 ordines

337 3647 562 3703 habere.
598 3645 728 3699 Erat
772 3646 956 3714 itaque
998 3645 1109 3699 illic
1151 3646 1319 3701 etiam
1366 3644 1677 3699 istiusmodi
1716 3643 1914 3714 triplex

340 3738 480 3792 ordo
504 3740 555 3791 in
588 3752 841 3806 suprema
872 3748 926 3791 et
961 3737 1209 3793 absoluta
1260 3736 1562 3793 intentione
1604 3735 1913 3806 :siquidem

337 3846 459 3899 qua:
488 3830 588 3883 alae
613 3829 801 3882 solutae
848 3835 1199 3898 apparebant.
1231 3827 1371 3895 Quin
1418 3836 1474 3883 et
1524 3827 1767 3881 carentia
1816 3841 1914 3895 pe-

339 3924 493 3988 dum,
529 3931 584 3977 et
608 3923 896 3978 multitudo
941 3923 1136 3993 pedum
1184 3936 1400 3987 eorum,
1441 3935 1506 3975 ac
1534 3919 1676 3990 quod
1708 3919 1917 3974 duabus

340 4018 556 4087 quidem
602 4018 705 4073 alis
739 4019 1144 4074 absconderem
1170 4031 1235 4072 ac
1265 4025 1513 4087 tegerent
1554 4015 1719 4085 pedes
1766 4029 1914 4079 suos,

340 4110 553 4163 duabus
589 4110 715 4163 item
748 4120 1028 4178 aspectum
1062 4108 1328 4163 facierum
1362 4123 1588 4162 suarum
1628 4106 1914 4172 abderent,

340 4202 551 4255 duabus
584 4215 711 4254 vero
752 4202 943 4255 mediis
980 4214 1197 4267 semper
1242 4209 1627 4266 moverentur,
1660 4200 1804 4263 haec,
1831 4198 1917 4250 in-

341 4311 528 4364 quam,
582 4296 650 4349 ab
702 4297 815 4364 ipso
848 4297 960 4349 visa
989 4295 1057 4348 ad
1102 4294 1349 4347 notitiam
1395 4308 1517 4347 eam
1550 4294 1918 4356 adducebant,

344 4406 440 4459 per
475 4390 675 4445 multas
705 4388 921 4458 quidem
945 4387 1252 4455 faciesjpsi
1278 4386 1606 4442 declaranda
1644 4388 1753 4441 vim
1780 4386 1921 4440 mul-

2004 505 2245 575 κίνητον.
2282 503 2458 575 Ἐώρα
2484 504 2542 557 δὲ
2578 505 2673 557 xui
2703 505 2802 575 τὴν
2832 501 3173 574 ὲξῃρημένην
3216 502 3501 573 άκρὰτητα
3531 506 3596 554 ὲν

2008 595 2161 666 μέσῳ
2184 594 2390 648 τούτων
2429 594 2892 665 ὑπεριδρυμένην·
2926 590 3219 645 κάντεῦθεν
3244 592 3310 645 ἐκ
3351 593 3454 663 τῆς
3502 593 3599 645 διὰ

2003 689 2111 741 τῶν
2140 688 2421 758 συμσόλων
2462 687 2706 758 ὁράσεως
2736 688 2816 749 είς
2856 685 3201 739 διδασκαλίαν
3229 686 3487 756 ἀνήγετο,
3511 687 3604 739 ὅτι

2005 779 2353 849 ἀσυγκρίτως
2390 778 2537 833 κατά
2580 780 2762 831 πᾶσαν
2810 777 3093 849 ὑπεροχὴν
3113 776 3209 830 xui
3244 777 3601 848 ύπερουσίως

2002 870 2065 924 τὸ
2092 871 2245 924 Θεῖον
2289 871 2611 942 ὑπέρκειται
2654 871 2837 941 πάσης
2872 870 3076 940 ὁρατῆς
3104 868 3199 922 xui
3237 869 3475 940 ἀοράτου
3506 867 3602 919 ού-

2007 962 2128 1026 σίας
2147 978 2164 994 ’
2197 962 2523 1034 ἐμάνθανεν,
2557 963 2638 1017 ὃτι
2676 964 2772 1015 xui
2806 962 3023 1017 πάντων
3060 962 3208 1014 ἐστὶν
3252 960 3604 1032 ἐξῃρημένον

2003 1054 2067 1106 τὸ
2095 1053 2271 1118 Θεῖον,
2293 1054 2369 1117 ὠς
2400 1052 2667 1125 δεσπότης
2699 1052 2925 1117 δούλων,
2960 1054 3055 1107 xui
3083 1054 3315 1123 ποιητὴς
3367 1053 3603 1123 κτισμάρ·

2004 1162 2145 1200 των·
2171 1147 2266 1200 xui
2313 1145 2413 1198 οὐκ
2448 1145 2710 1216 ἐμφερὲς,
2751 1144 2825 1216 μὴ
2873 1145 3033 1215 μόνον
3070 1147 3186 1209 τοῖς
3225 1143 3433 1211 ἄλλοις,
3481 1144 3608 1198 ἀλλ’

2003 1239 2126 1292 οὐδὲ
2170 1241 2290 1302 ταῖς
2321 1236 2567 1309 πρώταις
2620 1238 2812 1300 αὑταῖς
2839 1236 3048 1301 ούσίαις
3070 1253 3101 1269 λ
3123 1237 3300 1290 ἐκεῖνο
3344 1235 3472 1307 μὲν,
3513 1237 3604 1289 ὅτι

2003 1330 2067 1383 τὸ
2093 1330 2191 1401 μὲν
2224 1330 2318 1382 ἐπὶ
2358 1328 2549 1400 θρόνου
2595 1326 2764 1399 ἐώρα,
2804 1326 2907 1391 τὰς
2931 1328 2991 1382 δὲ
3032 1328 3219 1395 τάξεις
3251 1328 3395 1398 μετά
3429 1327 3605 1397 φόϐου

2007 1422 2333 1492 ἱσταμένας·
2390 1420 2579 1487 τοῦτο,
2622 1421 2705 1474 ὅτι
2777 1419 2879 1484 τὰς
2954 1419 3176 1492 πρώτας
3234 1417 3343 1473 εἶδε
3388 1420 3603 1485 τάξεις.

2007 1512 2070 1565 Ei
2091 1513 2223 1581 γοῦν
2248 1515 2371 1577 ταῖς
2402 1511 2650 1584 πρώταις
2675 1512 2776 1565 οὐκ
2800 1508 2869 1583 ἦν
2891 1513 3133 1583 ἐμφερὲς
3174 1512 3237 1565 τὸ
3286 1511 3471 1575 Θεῖον,
3507 1513 3607 1564 ὲπῖ

2005 1606 2120 1667 τοῖς
2143 1603 2417 1676 δευτέροις
2443 1604 2497 1656 τί
2533 1603 2600 1656 ἂν
2629 1603 2867 1657 ὲννοοῖτὸ
2903 1619 3021 1669 rte;
3064 1605 3175 1658 Καὶ
3200 1604 3389 1675 τρίτον
3430 1604 3611 1674 ἐμάν·-

2009 1695 2157 1761 θανε,
2188 1696 2251 1750 τὸ
2290 1697 2510 1751 πάντων
2545 1697 2721 1769 ἀρχὴν
2773 1697 2867 1750 xui
2908 1698 3091 1751 αἰτίαν
3123 1692 3262 1751 εἶναι
3307 1697 3619 1751 ἀδιάλυτόνη

2007 1807 2067 1843 τε
2098 1791 2194 1844 xui
2235 1789 2613 1852 ἀναλλοίωτον,
2647 1782 2827 1861 ὑφ’ἦς
2866 1790 2963 1841 xui
3003 1789 3066 1841 τὸ
3116 1784 3257 1844 εἶναι
3308 1791 3405 1842 καὶ
3436 1790 3501 1843 τὸ
3536 1784 3621 1844 εὖ.

2008 1877 2150 1935 εἶναι
2194 1882 2477 1945 κάκείναις
2511 1882 2651 1935 ὲστί.
2691 1881 2862 1934 Πόθεν
2888 1882 2945 1935 δὲ
2987 1883 3080 1935 xui
3121 1881 3281 1935 τοῦτο
3327 1883 3613 1953 κατεμάν⁶

2009 1973 2201 2039 θανεν;
2254 1975 2319 2027 ὲκ
2365 1972 2459 2026 τοῦ
2505 1972 2575 2026 τὰ
2618 1974 2795 2027 πάντα
2845 1974 2985 2045 πρὸς
3027 1974 3189 2026 αύτδν
3232 1975 3469 2045 ἀφορᾷν,
3505 1976 3609 2028 καὶ

2008 2064 2189 2117 πάντα
2230 2064 2367 2134 πρὸς
2407 2063 2569 2117 αὐτὸν
2604 2062 3000 2129 ἀνατείνεσθαι,
3032 2064 3391 2128 πανευλαϐὦς
3415 2067 3607 2136 πάντη

2010 2156 2435 2228 ἀποπληροῦντα
2462 2158 2555 2210 τὸν
2588 2157 2876 2209 ἐπινίκιον.
2910 2156 3038 2220 Πῶς
3069 2157 3205 2227 μετὰ
3240 2158 3341 2227 τὴν
3370 2158 3505 2228 περὶ
3543 2157 3621 2209 ’ξδ’

2007 2245 2163 2300 Θεῖον
2190 2246 2445 2319 θεωρίαν,
2471 2242 2590 2300 εἶτα
2607 2246 2708 2311 τάς
2733 2247 2987 2312 θεοειδεῖς
3010 2247 3269 2319 δυνάμεις
3294 2247 3406 2299 τῶν
3442 2264 3614 2317 crepu-

2010 2339 2115 2409 φὶμ
2139 2338 2537 2410 κατεμάνθανε,
2572 2340 2667 2392 xui
2694 2340 2754 2393 ού
2805 2340 2948 2393 κατὰ
2988 2338 3141 2406 τάξιν
3172 2340 3407 2410 ἀνήγετο
3433 2357 3449 2404 ;
3492 2340 3621 2391 Kui'

2011 2428 2155 2481 ἐστιν
2171 2429 2367 2493 εἰπεῖν,
2384 2429 2465 2481 ὃτι
2487 2429 2548 2482 τὸ
2575 2430 2676 2481 ύπε
2687 2429 2909 2501 ρὸάλλον
2929 2430 3030 2500 τῆς
3051 2429 3208 2501 δόξης
3232 2430 3326 2483 τοῦ
3350 2430 3614 2501 καθημέέ-

2012 2536 2101 2573 νου
2129 2518 2403 2590 πεποίηκε
2425 2517 2613 2572 τοῦτον
2637 2521 2815 2572 ἐκεῖσε
2850 2518 3083 2591 πρώτως
3112 2519 3469 2591 ἀναταθῆναι,
3487 2516 3621 2573 εἶτα

2012 2609 2131 2681 μεθ’
2155 2609 2185 2662 ὃ
2200 2609 2370 2681 ἔμαθε
2394 2609 2456 2662 τὸ
2485 2610 2647 2680 μέσον
2669 2609 2765 2662 τοῦ
2787 2609 3048 2662 δεσπότου
3068 2608 3161 2663 καὶ
3188 2609 3297 2662 τῶν
3315 2609 3522 2663 δούλων
3546 2608 3625 2661 τδ

2008 2700 2283 2773 διάφορον,
2303 2703 2525 2772 ἐμυεῖτο
2538 2700 2639 2765 τάς
2673 2702 2932 2773 δυνάμεις
2946 2704 3057 2757 τῶν
3075 2719 3132 2754 σε
3141 2702 3337 2774 ραφὶμ,
3353 2702 3437 2754 ὅτι
3454 2701 3619 2756 δυνά-

2012 2807 2134 2861 μεις
2180 2790 2441 2861 ὲμπύριοί
2465 2791 2591 2855 εἰσι,
2625 2790 2772 2843 κατά
2814 2791 2914 2860 τὴν
2949 2789 3131 2843 αὐτῶν
3158 2790 3503 2860 ἐπωνυμίαν,
3531 2789 3621 2852 ὡς

2012 2883 2207 2954 μικρὸν
2227 2882 2454 2954 ὕστερον
2473 2882 2669 2952 όάγιος
2694 2882 2835 2935 εἴποι
2864 2884 2955 2935 xui
2982 2883 3320 2955 ὑφηγήσεται
3345 2882 3403 2934 ὲν
3428 2881 3515 2951 τῷ
3546 2888 3632 2933 LE."

2010 2974 2307 3046 κεφαλαίῳ.
2353 2975 2649 3045 Ἐμάνθανε
2671 2975 2771 3047 τὴν
2808 2973 2919 3029 τῶν
2953 2974 3169 3046 πτερῶν
3201 2972 3441 3043 έξαπλῆν
3475 2975 3620 3045 ἱερο-

2010 3070 2296 3133 πλαστίαν,
2324 3069 2405 3123 ὅτι
2430 3068 2611 3133 καθὼς
2634 3070 2728 3123 καὶ
2750 3068 3011 3139 πρότερον
3029 3068 3232 3137 ἔλεγεν,
3253 3067 3328 3131 ὠς
3353 3069 3464 3130 πᾶς
3483 3065 3631 3130 νοῦς

2010 3162 2104 3215 xui
2133 3160 2375 3234 πρώτας,
2393 3162 2487 3215 καὶ
2505 3162 2693 3233 μέσας,
2711 3162 2806 3214 xui
2822 3160 3135 3225 τελευταίας
3156 3160 3270 3233 ἔχει
3287 3156 3619 3226 τάξειςΪΗν

2008 3252 2101 3310 οὖν
2131 3256 2356 3309 κάκεῖσε
2394 3255 2428 3325 ἡ
2450 3251 2676 3325 τοιαύτη
2717 3251 2908 3323 τριττὴ
2938 3252 3092 3318 τάξις
3138 3254 3197 3306 ὲν
3223 3255 3290 3325 τῇ
3321 3252 3629 3323 ὑπερτάτη

2012 3350 2105 3404 xui
2120 3348 2377 3420 ἀπολύτῳ
2404 3349 2684 3401 ἀνατάσει·
2712 3350 2771 3401 αἱ
2804 3345 2913 3416 γὰρ
2938 3345 3030 3399 δύο
3061 3347 3329 3419 πτέρυγες
3350 3343 3620 3398 ἀπόλυτοι

2011 3441 2418 3511 κατεφαίνοντο.
2455 3439 2616 3492 Ἀλλά
2642 3442 2735 3493 xui
2765 3439 2826 3491 τὸ
2850 3439 3182 3509 ἀπειρόπουν
3204 3438 3296 3495 xui
3327 3436 3621 3489 πολύπουν

2012 3532 2211 3598 αὐτῶν,
2255 3535 2349 3587 xui
2395 3533 2457 3585 τὸ
2508 3535 2621 3596 τοῖς
2676 3532 2774 3603 μὲν
2814 3532 2936 3584 δυσὶ
2992 3531 3213 3602 πτεροῖς
3262 3527 3623 3582 ἀποδιαστέλ-

2012 3626 2199 3680 λεσθαι
2232 3626 2326 3679 xui
2376 3624 2674 3678 σκέπεσθαι
2699 3624 2798 3694 τὴν
2835 3623 2980 3694 ὑπὲρ
3009 3624 3136 3687 τοὺς
3170 3620 3359 3683 πόδας,
3400 3622 3518 3682 τοῖς
3560 3618 3627 3672 δὲ

2014 3721 2139 3774 δυσὶ
2170 3720 2269 3791 τὴν
2312 3718 2455 3789 ὑπὲρ
2487 3717 2557 3770 τὰ
2591 3716 2861 3787 πρόσωπα
2896 3714 3151 3785 θεωρίαν,
3185 3717 3298 3778 τοῖς
3333 3714 3391 3766 δὲ
3427 3713 3624 3783 μέσοις

2015 3813 2103 3865 ἀεὶ
2123 3811 2411 3877 κινεῖσθαι,
2441 3809 2615 3863 ταῦτα
2644 3808 2709 3878 δὴ
2730 3807 2800 3860 τὰ
2828 3809 2970 3879 παρ’
2988 3810 3199 3862 ἐκείνου
3228 3807 3488 3881 ὁρώμενα
3535 3807 3624 3868 είς

2016 3906 2218 3976 γνῶσιν
2245 3905 2445 3975 ἀνῆγον
2482 3904 2673 3973 αὐτὴν,
2707 3903 3045 3975 δηλουμένης
3079 3901 3229 3973 αὐτῷ
3256 3900 3346 3954 διὰ
3387 3900 3623 3958 τούτων,

2017 3997 2105 4053 διά
2135 3998 2232 4068 μὲν
2255 3998 2316 4049 τὸ
2351 3995 2802 4068 πολυπρόσωπον,
2846 3994 2947 4065 τῆς
2981 3992 3289 4065 πολυπύρου
3331 3994 3425 4047 xui
3453 3993 3625 4047 πολυ-

2020 4090 2283 4161 θεάμονος
2315 4088 2619 4158 δυνάμεως,
2650 4086 2738 4140 διά
2778 4085 2835 4139 δὲ
2873 4086 2933 4139 τδ
2982 4085 3301 4150 σκέπεσθαι,
3331 4086 3430 4157 τῆς
3462 4084 3631 4138 εὐλα-

2020 4181 2192 4244 ϐείας,
2227 4182 2291 4253 ἢν
2322 4181 2536 4251 ἔχουσιν
2565 4180 2643 4241 είς
2666 4178 2767 4249 τὴν
2791 4177 2900 4231 τῶν
2923 4176 3287 4250 ὑψηλοτέρων,
3316 4178 3410 4231 xui
3451 4175 3629 4247 βαθύ-

2019 4275 2196 4346 τέρων
2230 4272 2436 4342 αὐθάδη
2478 4271 2572 4324 xui
2608 4270 2900 4338 ἀνέφικτον
2930 4269 3154 4340 ἔρευναν
3184 4269 3315 4339 (τῶν
3349 4271 3450 4340 μὲν
3482 4269 3631 4342 eth-

2020 4364 2256 4436 λοτέρων
2284 4363 2376 4417 διά
2413 4364 2474 4416 τὸ
2516 4362 2586 4416 τὰ
2615 4363 2913 4434 πρόσωπα,
2934 4362 3043 4415 τῶν
3082 4362 3139 4415 δὲ
3181 4361 3495 4435 βαθυτέρων
3531 4362 3635 4418 διὰ

346 4487 580 4555 tivagam
615 4485 956 4556 plurimaque
988 4484 1243 4541 cernendi
1271 4483 1621 4548 facultatem;
1679 4493 1816 4551 per"

2162 4458 2236 4521 tiu;
2274 4457 2441 4521 πόδας
2472 4454 2816 4526 σκέπεσθαι),
2860 4453 2949 4507 διὰ
2972 4454 3029 4507 δὲ
3062 4456 3124 4508 τὸ
3160 4456 3490 4525 ἀεικίνητον,
3521 4456 3632 4527 τῆς

340 4582 669 4636 velationem
702 4594 852 4646 vero,
883 4596 1002 4635 eam
1030 4596 1193 4650 quam
1238 4578 1500 4635 exhibent
1552 4574 1919 4631 reverentiam

344 4672 395 4726 i‘u
451 4670 869 4739 sublimiorem,
928 4670 1459 4741 profundiorumque
1535 4668 1923 4739 mysteriorum

342 4766 533 4820 audaci
584 4773 637 4819 et
672 4764 1013 4819 inscrutabili
1064 4764 1484 4832 investigatione
1514 4762 1922 4832 (sublimiorum

2030 4548 2323 4621 ύψιπετοῦς
2370 4550 2465 4601 xui
2514 4547 2890 4618 ἀκαταλήκτου
2945 4546 3279 4620 θεομιμήτου
3318 4550 3631 4625 ἐνεργείας.

2044 4645 2201 4699 Ἀλλὰ
2245 4645 2340 4699 xui
2378 4643 2479 4715 τὴν
2508 4642 2781 4713 ὑμνῳδίαν
2815 4641 3030 4713 ἐκείνην
3055 4642 3155 4713 τὴν
3186 4643 3249 4696 ἐκ
3284 4641 3421 4695 Θεοῦ
3464 4643 3637 4712 ἀρχο-

2010 4746 2205 4821 ;μένην
2261 4745 2356 4801 καὶ
2399 4745 2486 4809 είς
2536 4743 2669 4796 Θεδν
2703 4742 2994 4813 λήγουσαν,
3028 4740 3129 4815 τὴν
3165 4741 3381 4811 Ἄγιος,
3436 4734 3638 4811 ἀγωςὲ

343 4860 588 4928 quidem,
616 4860 742 4927 quia
794 4857 988 4923 facies,
1024 4856 1439 4926 prol’undiorum
1482 4870 1635 4919 vero,
1667 4870 1813 4923 quon

2172 4859 2224 4905 ς,
2262 4837 2704 4908 ὲμυσταγωγεῖτο
2729 4835 2757 4885 ὁ
2780 4830 3213 4921 προφήτης,ιτοῦ
3258 4832 3494 4902 ἀγγέλου
3526 4848 3638 4903 μεν-

344 4954 511 5021 pedes
544 4953 754 5022 tegunt)
788 4967 886 5023 per
931 4952 1249 5004 continuam
1285 4965 1416 5005 vero
1444 4948 1767 5011 motionem,
1790 4946 1924 5001 alti-

345 5040 578 5097 volantis
606 5052 662 5097 et
693 5042 1042 5097 iucessabilis
1064 5040 1159 5095 Dei
1191 5041 1512 5095 imitationis
1550 5026 1924 5107 operationes.

2035 4931 2340 4993 ταδιδόντος
2368 4927 2515 5001 αύτῷ
2559 4928 2659 4998 τῆς
2704 4924 2962 4995 τοιαύτης
3004 4916 3155 4996 ἱερᾶς
3202 4924 3481 4993 γνώσεως·
3528 4925 3641 4995 τὴν

2038 5024 2149 5095 γὰρ
2177 5022 2435 5093 τοιαύτην
2469 5020 2671 5090 γνῶσιν
2702 5017 2865 5082 αύτδς
2891 5018 3110 5089 πρῶτος
3147 5016 3238 5070 διὰ
3268 5018 3380 5070 τῶν
3408 5018 3515 5090 πρὸ
3539 5019 3643 5070 αὖα

344 5138 487 5206 Quiu
526 5149 579 5194 et
612 5138 787 5193 laudis
819 5138 952 5191 illud
1007 5136 1307 5200 canticum,
1339 5135 1483 5203 quod
1516 5148 1545 5186 a
1578 5131 1687 5185 Deo
1733 5129 1814 5184 inc

2175 5115 2490 5187 δεξάμενος,
2534 5113 2615 5184 τῷ
2642 5112 2898 5189 προφήτῃ
2927 5112 3283 5184 παρέπεμπε.
3328 5112 3475 5184 Πρὸς
3506 5112 3644 5164 τού-

346 5243 401 5286 et
449 5232 501 5286 in
543 5232 711 5287 Deum
747 5230 951 5285 desinit
988 5242 1003 5281 :
1050 5227 1307 5291 Sanctus,
1357 5238 1596 5291 sanctus,
1630 5231 1845 5277 sanctus
1876 5232 1929 5287 υ,

2048 5228 2163 5275 τοις
2194 5210 2476 5263 ἐδίδασκεν
2503 5208 2667 5261 αὑτὸν
2699 5208 2794 5262 xui
2818 5208 2996 5271 τοῦτο,
3033 5208 3117 5261 ὅτι
3148 5208 3182 5275 ἢ
3213 5204 3311 5259 τοῦ
3336 5204 3474 5259 Θεοῦ
3505 5222 3647 5276 μετ-

345 5328 609 5395 proplieta
662 5325 996 5379 edocebatur
1049 5323 1116 5374 ab
1171 5319 1387 5389 angelo,
1434 5317 1531 5386 ipsi
1592 5316 1815 5385 ejusceu

2180 5318 2200 5353 ι
2246 5303 2360 5365 τοῖς
2401 5299 2661 5371 καθαροῖς
2710 5297 2964 5353 ὁπωσοῦν
2999 5297 3267 5369 κάθαρσις
3314 5298 3485 5350 ἐστιν.
3542 5295 3650 5353 Ἐκ

347 5431 566 5470 sacram
618 5414 866 5469 notitiam
921 5400 1366 5467 communicaule
1397 5430 1411 5465 :
1448 5426 1572 5465 nam
1622 5408 1817 5463 istiusn

2180 5423 2201 5457 ν
2241 5403 2298 5457 δὲ
2345 5402 2503 5457 τοῦτο
2532 5400 2840 5466 ὲδίδασκεν;
2879 5399 2938 5468 ἐξ
2982 5396 3057 5454 ὧν
3100 5402 3131 5453 ὁ
3175 5398 3430 5470 Σεραφὶμ
3473 5397 3650 5453 αὐτὸν

349 5507 636 5563 Scientiam
691 5509 807 5578 ipse
853 5507 1063 5578 primus
1093 5522 1123 5561 a
1162 5503 1589 5575 prmeessoribus
1636 5504 1751 5559 suis
1790 5520 1817 5559 a

2182 5511 2358 5567 αιρεν.
2395 5495 2452 5548 '0
2470 5491 2579 5566 γὰρ
2595 5493 2836 5566 καθαρὸς
2864 5492 3040 5556 άλλως
3068 5491 3168 5545 οὐκ
3184 5490 3311 5562 ἔχει»
3328 5489 3652 5558 καθαίρειν.

353 5602 532 5672 piens,
565 5601 843 5671 prOplieta:
869 5600 1124 5655 tradebat
1154 5596 1251 5653 :ad
1276 5597 1390 5655 lucc
1423 5598 1600 5668 ipsmn
1643 5596 1933 5661 edocebat,

2043 5596 2093 5648 εί
2121 5593 2195 5665 μὴ
2226 5591 2387 5654 αὐτὸς
2412 5588 2803 5660 πληρεστάτως
2832 5588 2945 5659 ἔχει
2974 5588 3087 5659 τὴν.
3108 5586 3399 5659 κάθαρσιν.
3432 5584 3553 5646 Πῶς
3579 5583 3652 5638 δέ

358 5693 452 5749 Dei
485 5693 968 5762 participationem
993 5707 1213 5763 quoquo
1257 5690 1419 5748 modo
1460 5694 1608 5761 puris
1639 5694 1826 5763 expiat

2198 5687 2311 5748 τοῖς
2356 5681 2603 5736 ὁπωσοῦν
2648 5681 2907 5755 καθαροῖς
2949 5683 2982 5752 ἡ
3018 5678 3276 5752 μετουσία
3322 5678 3421 5750 τῆς
3451 5675 3655 5748 θεῖκῆς

394 5814 397 5815 ν
434 5797 459 5825 ιι
488 5787 592 5843 lsa.
618 5785 773 5855 “,5.
