3734 6330
113 331 245 387 ειτ

622 330 713 388 DE
745 333 1077 391 ClllESTl
1113 334 1559 404 HIERARCHIA,
1594 334 1747 395 CAP.
1785 337 1925 395 XIII.
1961 367 2032 380 —-
2069 339 2419 398 PARAPIlR.
2453 332 2922 402 ΡᾹΕΙΠΜΕΒιεξ

3298 346 3422 406 3Ιὲ

111 446 417 515 διαυγείας
437 446 704 520 κάθαρσις
724 467 743 514 ;-
764 450 1146 515 δτιάλλωςούκ
1166 452 1281 506 ἔστι
1296 457 1585 525 μετασχεῖν

1933 469 1970 512 2.
1995 455 2151 511 Unde
2184 471 2313 512 vero
2339 456 2444 512 hoc
2470 458 2741 514 docebat?
2764 475 2832 514 ex
2861 460 2930 515 iis
2959 463 3109 517 unde
3128 467 3407 535 seraphim

110 536 225 590 τοῦ
265 536 413 593 θείου
451 538 650 607 φωτὸς,
681 538 717 609 ἢ
755 540 855 609 τῆς
904 540 1055 604 Θείας
1091 540 1433 613 καθάρσεως,
1478 545 1527 596 εἰ
1558 544 1631 614 μή
1658 559 1723 611 γε

110 628 319 692 ποσῶς
365 629 472 695 ἔξω
510 631 603 684 τοῦ
647 631 929 703 ὲμπαθοῦς
975 634 1068 686 καὶ
1114 634 1302 687 ὑλικοῦ
1352 636 1524 707 ῥύπου
1570 635 1726 689 πολι-

111 719 376 775 τεύεται.
419 722 563 775 Αὐτὸ
615 723 725 795 γὰρ
763 724 827 777 τὸ
871 725 965 779 τὸν
1015 728 1300 798 προφήτην
1352 729 1723 800 κατανυγῆναι

114 814 222 866 καὶ
286 814 624 890 σχετλιάσαι,
666 816 771 881 ὅτι,
804 818 1113 891 ἀκάθαρτος
1145 820 1241 881 ὣν,
1291 822 1386 874 καὶ
1440 822 1724 896 ἀκάθαρτα

110 904 288 977 χείλη
334 907 499 976 ἔχων,
532 909 625 960 καὶ
672 909 836 978 μέσον
887 910 1203 983 ἀκαθάρτου
1244 912 1377 966 λαοῦ
1426 915 1721 979 κατοικῶν,

112 992 235 1059 εἶδε
290 999 384 1050 τὸν
419 998 622 1069 Κύριον
652 1000 900 1067 Σαϐαὼθ,
925 997 1037 1056 οἷον
1080 1005 1279 1076 μερική
1319 1022 1405 1069 τις
1454 1005 1722 1077 κάθαρσις

109 1087 378 1157 ἐγεγόνει
406 1088 485 1160 τῷ
525 1089 758 1158 λέγοντι,
798 1090 889 1145 διά
931 1092 1092 1146 τοῦτο
1131 1096 1223 1148 καὶ
1258 1096 1318 1148 ὲν
1363 1095 1623 1166 μετουσίᾳ
1646 1096 1723 1165 γί-

112 1198 286 1234 νεται
352 1183 453 1253 τῆς
509 1184 847 1255 τελειοτέρας
912 1186 1253 1260 καθάρσεως,
1323 1189 1472 1261 Αὐτὴ
1556 1191 1635 1254 δὲ,
1685 1193 1718 1263 ἡ

111 1273 401 1346 κάθαρσις
436 1274 719 1348 δηλαδὴ,ή
761 1279 1042 1347 μετουσία,
1081 1279 1451 1354 ὲξῃρημέναις
1495 1282 1715 1347 αἰτίαις·

110 1367 177 1419 οὗ
212 1367 333 1439 γὰρ
369 1368 446 1432 ὡς
470 1369 563 1421 ἐπὶ
594 1370 703 1422 τῶν
730 1371 1034 1443 ἀνθρώπων
1061 1374 1095 1445 ή
1137 1373 1425 1446 κάθαρσις,
1456 1374 1599 1428 οὕτω
1626 1377 1720 1431 καὶ

111 1460 213 1515 ἐπὶ
245 1459 364 1513 τῶν
383 1461 691 1531 ἀσωμάτων
714 1466 794 1528 εἰς
832 1465 1039 1529 πάντας
1069 1467 1195 1530 τοὺς
1229 1469 1449 1539 νοεροὺς
1480 1470 1608 1533 νόας
1630 1488 1719 1522 τε-

111 1548 589 1623 λετουργουμένη,
642 1554 805 1608 οἱονεὶ
860 1556 1141 1629 γινομένη,
1196 1558 1309 1613 ἀλλ’
1359 1562 1457 1632 οὐχ
1506 1563 1714 1627 ἁπλῶς,

111 1641 263 1695 ἀλλά
299 1643 444 1696 κατὰ
470 1644 624 1713 λόγον
657 1650 922 1721 μυστικῆς
948 1649 1190 1721 τελετῆς,
1220 1654 1341 1717 ταῖς
1379 1656 1508 1726 περὶ
1548 1656 1717 1728 αὐτὴν

114 1735 212 1789 καὶ
244 1736 585 1807 πρωτίσταις
626 1739 833 1804 οὐσίαις
860 1743 1234 1815 ὲκφανεστέρα
1263 1745 1380 1810 πώς
1401 1748 1545 1801 ἐστιτ
1574 1748 1635 1801 τὸ
1656 1748 1715 1802 δέ

112 1824 292 1887 ἐστιν,
327 1826 410 1879 ὅτι
455 1827 654 1897 μᾶλλον
696 1832 894 1904 ἑαυτὴν
928 1835 1177 1905 ἐκφαίνει
1216 1842 1329 1904 τοῖς
1368 1842 1709 1912 προσεχέσιν.

126 1915 258 1970 Ἐπὶ
283 1918 346 1971 δὲ
377 1917 486 1972 τῶν
514 1920 803 1994 δευτέρων,
823 1924 855 1995 ἢ
879 1925 988 1979 τῶν
1018 1929 1283 1999 ἐσχάτων,
1311 1930 1343 2002 ἢ
1370 1934 1463 1985 καὶ
1492 1933 1714 1987 ἐπὶτῶν

113 2006 329 2077 vespth
358 2008 515 2080 ἡμῶν
546 2010 851 2083 δυνάμεων,
886 2017 1027 2070 κατὰ
1047 2018 1145 2090 τὴν
1173 2021 1403 2075 ἑκάστου
1421 2022 1573 2089 τάξιν
1600 2041 1717 2077 συν-

114 2102 353 2173 ημμὲνη
403 2121 522 2168 πως
560 2106 759 2176 μᾶλλον
821 2109 916 2161 καὶ
961 2113 1364 2186 συνεσταλμένη
1408 2114 1713 2186 θεωρεῖται,

116 2194 255 2265 πρὸς
305 2196 410 2267 τὴν
444 2192 555 2250 οἷον
596 2201 675 2263 εἰς
732 2201 904 2271 μῆκος
951 2203 1253 2259 ἀπόστασιν
1293 2206 1391 2278 τῆς
1442 2208 1579 2279 πρὸς
1622 2208 1714 2263 τὸν

116 2287 252 2339 Θεὸν
285 2287 657 2359 πλησιάσεως,
691 2292 996 2362 συνάγουσα
1029 2298 1193 2351 οἰονεί
1236 2299 1372 2372 αὑτὴ
1411 2303 1444 2371 ἡ
1481 2300 1599 2355 θεία
1637 2301 1715 2353 ἕλ-

115 2378 331 2450 λαμψις
374 2381 476 2452 τὴν
518 2384 724 2438 οἰκείαν
756 2387 1064 2459 φανέρωσιν
1102 2392 1239 2463 πρὸς
1275 2393 1336 2446 τὸ
1377 2395 1575 2447 ἑνιαϊον
1622 2395 1718 2447 καὶ

116 2471 332 2524 ἁπλοῦν
375 2474 544 2545 αὐτῆς
601 2476 897 2545 ἄγνωστον.
960 2482 1271 2551 Ἀγνωστος
1327 2487 1437 2558 γάρ
1494 2489 1643 2543 ἐστιν
1686 2492 1716 2544 ὁ

116 2564 250 2626 Θεὸς
276 2567 345 2619 οὐ
362 2567 451 2619 διὰ
481 2571 748 2625 ποικιλίαν
779 2573 1154 2647 συλλογισμῶν
1176 2579 1545 2653 ἀγνοουμένην
1562 2586 1713 2655 ἡμῖν,

120 2657 260 2712 ἀλλὰ
291 2661 440 2713 κατά
470 2662 675 2716 ἑνιαίαν
694 2665 816 2718 τινά
846 2670 940 2722 καὶ
984 2671 1121 2741 πρὸς
1147 2670 1217 2724 τά
1254 2673 1374 2726 καθ’
1403 2677 1551 2745 ἡμᾶς
1591 2677 1717 2730 καθ-

116 2746 174 2801 tv
222 2748 321 2802 καὶ
366 2751 619 2819 καθάπαξ
644 2756 1029 2828 ἀκατάληπτον
1056 2762 1354 2829 ἀγνωσίαν.
1376 2766 1534 2818 Κατὰ
1554 2766 1717 2821 τοῦτο

115 2839 364 2908 λέγεται,
392 2844 472 2896 ὅτι
500 2846 593 2898 καὶ
624 2848 982 2905 ἀναϐάλλεται
1019 2853 1136 2922 φῶς
1172 2855 1247 2921 ὡς
1283 2858 1514 2928 ἱμάτιον,
1553 2862 1717 2915 οἰονεὶ

116 2932 439 3019 ἀναστέλλει
461 2938 521 2989 τὸ
548 2939 659 3007 φῶς
696 2946 1087 3014 προνοητικῶς,
1119 2947 1205 3000 ἵνα
1233 2950 1481 3022 χωρητὸν
1506 2955 1572 3023 τῇ
1606 2952 1715 3019 ἕξει

116 3025 224 3077 τῶν
252 3027 665 3103 ὑποδεεστέρων
703 3035 947 3107 γένηται,
978 3037 1007 3092 δ
1034 3038 1098 3110 δὴ
1133 3040 1399 3111 ὲλλάμπει
1445 3047 1559 3109 τοῖς
1592 3045 1714 3099 καθ’

1828 549 2002 617 ipsum
2034 549 2313 617 eXpiabat.
2344 550 2448 616 Qui
2472 550 2618 606 enim
2654 566 2823 621 purus
2844 560 2929 607 est
2950 553 3111 609 aliter
3140 558 3411 615 mundare

1826 656 1934 695 non
1967 649 2172 708 potest,
2197 641 2301 697 nisi
2331 640 2446 711 ipse
2470 641 2661 712 plenus
2679 643 2753 697 sit
2782 645 3088 700 munditiei.
3123 646 3410 714 Quomodo

1823 745 2005 790 autem
2051 737 2477 791 communicatio
2523 735 2723 791 divina:
2765 736 3147 793 Hlustrationis
3184 755 3409 811 quoque

1824 827 1986 881 modo
2017 826 2167 897 puris
2199 836 2285 882 est
2328 826 2611 897 expiatio?
2640 826 2764 894 quia
2820 842 2928 883 non
2979 829 3063 883 l'as
3113 840 3197 885 est
3240 831 3411 885 aliter

1824 917 2021 971 divina:
2069 917 2209 973 lucis
2251 926 2557 988 compotem
2609 918 2750 985 ﬁeri,
2798 920 2902 975 nisi
2954 922 3077 988 quis
3131 923 3409 991 particeps

1821 1010 2108 1065 sitdivina:
2136 1008 2491 1080 expiationis,
2520 1016 2577 1064 et
2627 1009 2731 1063 nisi
2772 998 2991 1079 quoquo
3020 1012 3181 1067 modo
3220 1013 3332 1082 jam
3371 1029 3410 1068 δ

1822 1102 2134 1170 passionum
2184 1101 2541 1169 materiaeque
2587 1100 2845 1156 sordibus
2872 1100 2944 1156 sit
2978 1112 3242 1156 remotus.
3288 1101 3404 1156 Hoc

1823 1191 1939 1258 ipso
1966 1190 2112 1244 enim
2143 1204 2254 1258 quo
2302 1190 2565 1259 propheta
2609 1205 2727 1244 com
2739 1191 3083 1261 pangebatur
3112 1206 3178 1245 ac
3207 1193 3405 1261 deplo-

1821 1280 1999 1345 rabat,
2048 1294 2108 1335 se
2138 1280 2478 1335 innnundum
2524 1295 2668 1349 esse,
2705 1290 2760 1336 et
2796 1281 3071 1339 immunda
3110 1282 3254 1336 labia
3306 1288 3404 1337 ha-

1820 1371 1972 1438 bere,
2002 1381 2057 1428 et
2096 1372 2151 1425 in
2194 1372 2380 1426 medio
2422 1373 2606 1443 populi
2640 1374 2909 1429 immundi
2963 1374 3236 1443 habitare,
3266 1376 3405 1431 vidit

1821 1465 2110 1519 Detninum
2141 1464 2415 1530 sabaoth;
2450 1465 2578 1533 quia
2627 1464 2730 1535 ipsi
2787 1467 2892 1521 hoc
2920 1466 3123 1522 dicenti
3158 1467 3404 1537 partialis

1818 1560 2064 1629 quaedam
2094 1558 2341 1627 expiatio
2377 1557 2672 1624 existebat,
2715 1560 2978 1629 quocirca
3025 1560 3190 1615 etiam
3228 1565 3401 1630 parti-

1819 1671 1949 1726 ceps
1982 1655 2042 1710 lit
2065 1655 2412 1725 perfectioris
2452 1655 2805 1725 expiationis.
2843 1655 3017 1711 Porro
3046 1657 3184 1721 haec,
3216 1670 3405 1711 exem~

1820 1751 1928 1818 ptis
1972 1751 2178 1814 causis,
2206 1750 2448 1819 expiatio
2500 1748 2712 1804 scilicet
2742 1759 2828 1804 est
2875 1748 2960 1804 vel
3007 1750 3401 1819 participatio:

1818 1855 1995 1911 neque
2022 1841 2167 1896 enim
2194 1851 2255 1895 ut
2284 1841 2338 1895 iu
2373 1839 2709 1905 hominibus,
2750 1840 2831 1895 sic
2850 1851 2905 1895 et
2938 1841 2991 1895 in
3028 1843 3191 1897 rebus
3214 1843 3402 1897 incon

1816 1933 2000 2000 poreis
2046 1940 2102 1986 et
2133 1946 2359 1986 omnino
2428 1930 2769 2000 Spiritalibus
2822 1931 2892 1985 iis
2937 1934 3212 1989 mentibus
3236 1935 3404 2004 perli-

1814 2026 1963 2080 citur
1989 2023 2291 2079 elficiturve
2311 2024 2577 2094 expiatio.
2614 2025 2709 2078 sed
2743 2026 2887 2081 haud
2914 2024 3151 2091 simplici
3181 2028 3400 2081 ratione

1814 2128 1872 2171 at
1926 2132 2022 2183 per
2052 2119 2269 2173 modum
2304 2118 2545 2189 mysticae
2592 2118 2939 2181 initiationis,
2976 2118 3042 2173 iis
3087 2133 3210 2188 qua:
3244 2118 3399 2175 circa

1819 2209 1986 2265 Deum
2011 2218 2160 2273 sunt,
2184 2209 2488 2278 primisque
2519 2209 2774 2264 essentiis
2792 2208 3141 2265 manifestior
3155 2209 3391 2265 accidit:

1816 2300 1918 2356 hoc
1947 2308 2128 2354 autem
2153 2300 2234 2364 tit,
2265 2300 2395 2367 quia
2435 2299 2608 2368 magis
2645 2314 2707 2355 se
2746 2299 3012 2369 proximis
3056 2300 3397 2356 manifestat.

1815 2391 1871 2447 in
1908 2391 2165 2448 secundis
2191 2405 2343 2452 vero.
2377 2388 2463 2444 vel
2498 2389 2815 2459 postremis,
2850 2388 2934 2443 vel
2954 2389 3126 2445 etiam
3175 2391 3401 2459 spirita-

1816 2482 1958 2540 libus
2011 2483 2216 2539 nostris
2266 2482 2501 2543 viribus,
2561 2482 2863 2536 secundum
2919 2482 3083 2552 122
3127 2480 3399 2552 cujusque

1814 2577 2061 2631 ordinem
2091 2575 2494 2645 quodammodo
2520 2575 2753 2631 collecta
2785 2576 2961 2645 magis
2990 2585 3048 2628 et
3098 2583 3391 2631 contracta

1814 2668 2173 2736 conspicitur,
2202 2672 2332 2722 dum
2377 2667 2564 2722 divina
2616 2666 2911 2722 illustratio
2967 2680 3068 2735 pro
3098 2666 3399 2722 intervallo

1813 2761 2109 2825 distantia},
2143 2775 2251 2831 qua
2284 2762 2354 2815 ad
2402 2760 2572 2815 Deum
2601 2758 2905 2825 acceditur,
2931 2773 3088 2813 suam
3129 2758 3399 2827 quodam-

1815 2854 1977 2909 modo
2026 2852 2235 2925 colligit
2278 2852 2785 2909 maniiestationem
2817 2853 2885 2906 ad
2918 2851 3205 2921 ipsiusmet
3241 2851 3397 2905 ineo~

1814 2947 2024 3016 gnitam
2075 2946 2347 3000 unitatem
2394 2959 2461 2999 ac
2505 2943 2936 3014 simplicitatem.
2989 2942 3210 3011 Ignotus
3248 2941 3394 2995 enim

1814 3048 1902 3093 est
1931 3036 2099 3104 Deus,
2143 3051 2250 3091 non
2284 3044 2511 3106 propter
2557 3035 2878 3089 varietatem
2913 3033 3393 3096 ratiocinationnm

115 3118 356 3176 ἕκαστον
384 3120 654 3193 δευτέροις
677 3126 766 3181 διά
795 3128 905 3182 τῶν
946 3108 1198 3203 πρώτωψ
1227 3108 1324 3189 καὶ
1354 3136 1402 3188 εἰ
1422 3135 1505 3189 δεῖ

1919 3132 1973 3188 Iis
2022 3134 2285 3202 ignotam,
2336 3130 2437 3186 sed
2489 3126 2793 3185 secundqu
2852 3142 3017 3181 unam
3054 3126 3292 3195 aliquam
3339 3108 3393 3182 iu

117 3226 233 3278 μως
259 3213 461 3278 εἰπεῖν,
496 3214 561 3268 ἐκ
588 3214 682 3268 τοῦ
718 3220 952 3290 κρυφίου
981 3222 1042 3275 τὸ
1081 3222 1199 3292 φῶς
1228 3224 1587 3295 ἐμφανίζεται
1618 3228 1713 3281 καὶ

115 3304 225 3365 τοῖς
260 3302 496 3373 ἑτέροις,
531 3306 667 3360 ἀλλὰ
696 3308 785 3362 διὰ
811 3310 921 3364 τῶν
955 3312 1185 3385 πρώτων
1211 3314 1515 3387 δυνάμεων.
1540 3319 1712 3375 Τοῦτο

115 3389 243 3455 γοῦν
281 3391 380 3443 καὶ
426 3395 453 3446 ὁ
498 3398 782 3469 προφήτης
826 3400 1136 3455 ἐδιδάσκετο
1180 3402 1260 3474 (ὃν
1319 3407 1414 3460 καὶ
1463 3407 1712 3479 θεολόγον

117 3483 305 3572 φησὶν,
337 3484 370 3555 ἢ
404 3485 480 3549 ὡς
511 3488 722 3561 μύστην
751 3492 859 3545 τῶν
889 3496 1156 3566 κρυφίων,
1348 3500 1483 3554 Θεοῦ
1520 3503 1712 3572 λόγους

116 3570 385 3648 λέγοντα)
418 3578 569 3649 παρὰ
604 3580 697 3633 τοῦ
732 3584 963 3652 ἀγγέλου
1003 3586 1097 3639 τοῦ
1125 3588 1261 3659 πρὸς
1286 3589 1347 3641 τὸ
1377 3591 1491 3659 φῶς
1523 3570 1712 3646 τοῦτον

119 3663 367 3731 ἄγοντος,
396 3669 476 3721 ὅτι
504 3672 597 3724 καὶ
629 3675 661 3743 ή
686 3675 953 3747 κάθαρσις
982 3677 1074 3731 καί
1103 3682 1251 3734 πάσα
1295 3682 1547 3755 ἐνέργεια
1592 3684 1712 3740 θεία

116 3754 181 3806 δι’
213 3758 401 3812 αὐτῶν
436 3761 799 3837 ἐνεργουμένη
821 3806 836 3831 ,
872 3767 940 3821 ἂν
1023 3773 1116 3824 καὶ
1149 3772 1301 3843 παρὰ
1332 3754 1538 3829 τούτων
1566 3778 1710 3833 τισὶν

119 3846 580 3921 ὲπιχορηγῶνται.
624 3855 760 3910 Ἀλλ’
800 3855 894 3912 οὖν
938 3863 1047 3915 εἰσι
1106 3864 1321 3936 πρῶται
1378 3868 1555 3923 οὐσίαι
1616 3871 1711 3925 καὶ

119 3946 430 4012 προσεχεῖς,
463 3944 534 3997 δι’
564 3942 639 4000 ὧν
666 3949 762 4001 καὶ
810 3953 1001 4033 αὑταῖς
1048 3955 1116 4009 τὰ
1155 3959 1380 4012 τοιαῦτα
1427 3961 1577 4033 παρά
1614 3962 1710 4017 τοῦ

118 4030 247 4086 Θεοῦ
300 4037 768 4108 ἐπιχορηγοῦνται
807 4030 948 4097 κατά
984 4046 1083 4118 τὴν
1120 4049 1406 4119 ἀναλογίαν
1442 4030 1543 4122 τῆς
1591 4055 1716 4109 ἑκά-

122 4140 241 4179 στου
267 4128 503 4194 τάξεως
529 4130 608 4183 διὸ
638 4133 730 4186 καὶ
766 4134 864 4207 τὴν
908 4136 1247 4211 καθαρτικὴν
1281 4142 1538 4214 ἰδιότητα,
1571 4144 1708 4199 ἀλλά

121 4224 212 4292 τὴν
232 4224 403 4275 οἱονεὶ
425 4223 514 4277 διά
535 4241 677 4291 τινος
715 4228 995 4300 πυρώδους
1025 4232 1305 4303 ἐνεργείας
1334 4233 1462 4305 (εἰσὶ
1487 4235 1597 4308 γὰρ
1617 4237 1710 4297 καὶΙ

121 4312 265 4375 ἄλλοι
294 4316 493 4386 τρόποι
531 4315 852 4389 καθάρσεων
888 4324 1001 4384 τοῖς
1047 4322 1311 4395 σεραφίμ)
1370 4324 1447 4389 ὡς
1490 4326 1583 4379 καὶ
1609 4326 1711 4397 τὴν

124 4407 444 4475 ἐπωνυμίαν
468 4409 703 4479 ἔχουσιν,
732 4411 959 4477 εἰκότως
999 4414 1140 4484 μετά
1175 4416 1306 4469 Θεὸν
1337 4417 1708 4477 ἀνατέθεικεν.

1815 3222 1972 3278 nobis
2020 3222 2343 3292 simpliciter
2385 3230 2443 3276 et
2487 3218 2738 3275 absolute
2784 3216 3393 3288 incomprehensibiletn

1814 3314 2241 3383 ignorationem.
2272 3312 2580 3367 Secundum
2613 3311 2714 3365 hoc
2737 3309 2940 3364 dicitur
2970 3308 3137 3364 etiam
3160 3309 3394 3365 induero

1812 3409 1995 3463 lumen
2009 3407 2153 3462 sicut
2176 3406 2559 3461 vestimentum
2578 3415 2601 3441 ο
2630 3420 2716 3469 ,ac
2731 3405 2779 3459 si
2792 3403 3195 3475 quodammodo
3208 3404 3391 3457 iumen

1815 3499 2159 3570 providentia
2205 3512 2303 3552 sua
2333 3497 2638 3563 cohiberet,
2673 3508 2730 3551 ut
2761 3498 2829 3552 ab
2884 3496 3237 3551 inferioribus
3266 3497 3391 3566 capi

1813 3598 1995 3661 posset
2020 3589 2145 3643 dum
2171 3586 2423 3643 videlicet
2449 3587 2679 3656 singulis
2708 3586 3052 3655 sequentium
3086 3586 3271 3640 illucet
3295 3600 3394 3653 per

1815 3681 2043 3747 primos,
2071 3686 2144 3740 et,
2175 3678 2218 3731 si
2244 3676 2560 3729 smnmatim
2592 3676 2777 3730 dicere
2806 3683 3043 3744 oportet,
3077 3689 3141 3727 ex
3174 3673 3392 3728 occulto

1812 3771 1998 3827 lumen
2046 3769 2431 3825 manifestatur
2472 3769 2639 3823 etiam
2682 3768 2826 3833 aliis,
2875 3769 2971 3822 sed
3031 3781 3130 3835 per
3159 3766 3392 3819 virtutes

1812 3865 2043 3934 primas.
2104 3864 2217 3916 lloc
2283 3864 2468 3932 itaque
2525 3861 2689 3915 etiam
2756 3861 3022 3930 propheta
3087 3859 3390 3913 docebatur

1813 3959 1994 4029 (quem
2028 3966 2082 4009 et
2105 3955 2417 4025 theologum
2450 3954 2714 4019 nominat,
2745 3951 2826 4005 vel
2876 3960 2934 4004 ut
2972 3952 3251 4005 doctorem
3296 3966 3387 4003 re-

1815 4066 1937 4104 rntn
1965 4048 2323 4113 occultarum,
2349 4044 2435 4110 vel
2474 4055 2531 4099 ut
2558 4046 2648 4099 Dei
2676 4058 2960 4099 sermones
2994 4042 3385 4114 proferentem)

1788 4138 1861 4196 ab
1890 4139 2087 4213 angelo
2119 4138 2211 4207 qui
2248 4137 2424 4206 ipsum
2452 4138 2519 4191 ad
2550 4136 2731 4189 lumen
2768 4137 2868 4205 hoc
2899 4139 3221 4203 adducebat,
3259 4154 3383 4194 cum

1793 4232 2086 4302 ipsamtnet
2114 4228 2507 4297 expiationem,
2537 4242 2651 4282 tum
2679 4242 2897 4283 omnem
2923 4228 3164 4284 divinam
3199 4246 3392 4301 opera-

1789 4325 1993 4379 tionem
2020 4337 2117 4392 per
2155 4322 2302 4391 ipsas
2326 4318 2486 4387 emci,
2532 4320 2975 4391 quandoquidem
3009 4332 3063 4378 et
3096 4338 3193 4392 per
3238 4323 3387 4394 ipsas

1791 4416 1910 4470 haec
1945 4413 2361 4484 suppeditentur
2384 4412 2680 4483 aliquibus.
2707 4410 2847 4466 Sunt
2878 4412 3061 4482 itaque
3091 4415 3281 4484 primae
3302 4432 3390 4470 es-

124 4499 281 4551 Οὐδὲν
311 4497 404 4554 οὖν
443 4500 664 4566 άτοπον,
705 4506 753 4556 εἰ
782 4503 1066 4576 καθαίρειν
1108 4506 1201 4560 τὸν
1244 4509 1531 4581 προφήτην
1556 4511 1585 4563 ό

1909 4507 1985 4561 '.i:e
2007 4513 2061 4558 et
2097 4504 2353 4569 assiduae,
2385 4520 2482 4574 per
2504 4521 2642 4574 quas
2674 4505 2839 4559 etiam
2879 4506 3013 4574 ipsis
3038 4506 3163 4567 ista.
3194 4522 3383 4561 secun-

129 4594 297 4664 ραφὶμ
328 4592 567 4663 λέγεται.
620 4596 761 4668 ’Ὀρα
796 4596 904 4669 γὰρ
946 4598 1040 4652 καὶ
1084 4599 1177 4654 ἐπὶ
1200 4600 1358 4665 Θεοῦ,
1408 4603 1512 4668 ὅτι,
1561 4604 1707 4675 παρ’

124 4684 292 4739 ἄλλων
344 4686 745 4759 καθαιρόμενοι,
786 4688 1057 4762 λεγόμεθα
1097 4692 1249 4762 παρὰ
1281 4684 1421 4746 Θεοῦ
1459 4676 1710 4768 καθαίρε-

127 4774 263 4840 σθαι,
301 4778 362 4829 ὲν
411 4777 490 4849 τῷ
524 4775 663 4832 εἶναι
696 4779 886 4835 τοῦτον
934 4782 1114 4835 πᾶσαν
1141 4784 1320 4836 αἰτίαν
1358 4784 1698 4857 καθάρσεως.

128 4864 337 4919 Μᾶλλον
401 4860 595 4922 δὲ’ἴνα
646 4869 1056 4943 χθαμαλωτέρῳ
1110 4872 1175 4925 ὲκ
1230 4872 1331 4943 τῆς
1386 4875 1505 4928 καθ’
1557 4878 1704 4948 ἡμᾶς

128 4954 405 5027 ἰεραρχίας
440 4958 731 5031 χρήσωμαι
774 4960 1197 5035 παραδείγματι,
1239 4962 1490 5035 καθάπερ
1518 4967 1546 5019 ὁ
1581 4965 1703 5019 καθ’

125 5047 269 5115 ἡμᾶς
298 5048 582 5120 ἰεράρχης,
612 5050 699 5104 διὰ
718 5051 827 5104 τῶν
847 5034 1013 5105 αὐτοῦ
1025 5055 1374 5125 λειτουργῶν,
1390 5034 1508 5127 ἦτοι
1535 5057 1708 5111 διακό-

129 5155 227 5190 νων
270 5140 305 5211 ἢ
357 5142 551 5213 ἱερέων
597 5144 936 5216 καθαίρωνῆ
966 5145 1236 5217 φωτίζων,
1285 5148 1446 5212 αὐτὸς
1486 5147 1707 5217 λέγεται

130 5230 404 5304 καθαίρειν
439 5234 535 5287 καὶ
563 5234 840 5304 φωτίζειν,
869 5236 978 5291 τῶν
1007 5235 1075 5290 δι’
1103 5237 1268 5291 αὐτοῦ
1285 5237 1706 5310 καθιερωμένων

128 5322 347 5390 τάξεων,
394 5326 593 5399 δηλαδὴ
639 5330 1154 5400 χειροτονουμένων,
1199 5332 1288 5383 ἐπ’
1322 5330 1483 5384 αὐτὸν
1522 5333 1708 5386 ἀνατι-

132 5411 318 5470 θεισῶν
344 5417 417 5471 τὰ
456 5420 557 5491 τῆς
604 5422 811 5485 οἰκείας
849 5422 1150 5493 ἐνεργείας
1197 5422 1341 5477 οὕτω
1388 5424 1481 5477 καὶ
1525 5426 1554 5478 ὁ
1605 5424 1705 5495 τὴν

135 5504 464 5580 καθαρτικὴν
519 5510 833 5583 ἐπιστήμην
883 5513 978 5567 τοῦ
1036 5513 1285 5584 θεολόγου
1333 5516 1704 5587 τελετουργῶν

133 5594 349 5666 ἄγγελος
380 5600 475 5653 ἐπὶ
502 5600 596 5655 τὸν
620 5602 753 5656 Θεὸν
783 5604 881 5675 μὲν
921 5604 995 5669 ὡς
1023 5605 1217 5672 αἴτιον,
1245 5607 1342 5661 ἐπὶ
1382 5607 1438 5662 δὲ
1475 5608 1567 5663 τὸν
1607 5625 1700 5662 σε-

135 5692 299 5765 (acip.
323 5693 400 5756 ὡς
436 5693 667 5762 πρώτως
696 5694 763 5748 τά
801 5696 898 5767 τῆς
943 5697 1258 5770 καθάρσεως
1286 5700 1571 5772 δεχόμενον
1606 5703 1698 5756 καί

200 5787 239 5820 θ’
274 5783 361 5847 ινδ.
395 5801 510 5852 cui,
541 5786 597 5850 2,.

1792 4599 1922 4654 dum
1948 4606 2167 4668 captum
2191 4598 2459 4667 cujusque
2483 4597 2716 4659 ordinis,
2734 4614 2762 4650 a
2792 4596 2899 4651 Deo
2924 4599 3340 4666 suppeditantur
3368 4617 3382 4651 :

1789 4698 1955 4761 atque
1978 4691 2115 4745 adeo
2153 4690 2315 4745 etiam
2359 4690 2742 4758 proprietatem
2770 4690 3022 4759 expiandi
3050 4706 3144 4759 per
3168 4690 3382 4759 igneam

1789 4783 1949 4851 quasi
1971 4783 2210 4853 aliquam
2252 4782 2624 4851 operationem
2664 4783 2812 4849 (nam
2840 4793 2892 4835 et
2916 4782 3189 4850 seraphitn
3215 4780 3381 4834 aliam

1790 4891 2010 4947 quoque
2031 4874 2286 4945 expiandi
2323 4874 2588 4927 rationem
2628 4872 2870 4941 babent),
2899 4888 3022 4926 cum
3049 4872 3154 4925 hoc
3178 4887 3380 4925 nomen

1790 4968 2051 5035 habeant,
2073 4967 2270 5021 merito
2292 4976 2415 5036 post
2439 4965 2607 5018 Deum
2639 4965 2706 5019 iis
2729 4965 2997 5018 attribuit.
3023 4962 3169 5017 Nihil
3196 4963 3382 5031 itaque

1789 5059 2015 5115 absurdi
2051 5068 2137 5114 est
2173 5058 2217 5113 si
2245 5056 2522 5127 serapltim
2558 5057 2877 5126 prophetam
2911 5056 3135 5125 expiare
3157 5055 3381 5109 dicitur.

1789 5149 2024 5204 Adverte
2043 5147 2188 5203 enim
2213 5155 2294 5213 ut,
2315 5146 2444 5200 dum
2470 5145 2540 5200 ab
2560 5145 2682 5200 aliis
2705 5147 2868 5200 etiam
2891 5145 3195 5215 expiamur,
3219 5161 3248 5199 a
3275 5144 3385 5199 Deo

1788 5250 1975 5298 tamen
2007 5241 2214 5311 expiari
2256 5240 2510 5299 dicimur.
2543 5240 2688 5309 qugd
2732 5239 2779 5294 is
2822 5239 3004 5293 omnis
3048 5237 3383 5312 expiationis

1807 5354 1975 5395 causa
1999 5337 2094 5392 sit.
2130 5336 2222 5390 γε.
2249 5335 2449 5405 potius,
2485 5343 2545 5389 ut
2576 5335 2750 5405 magis
2782 5333 2941 5389 obvio
2966 5341 3019 5388 et
3048 5343 3232 5387 nostra
3264 5331 3381 5384 hie-

1808 5430 2021 5484 rarchia
2075 5427 2323 5497 exemplo
2358 5437 2483 5480 utar
2525 5444 2539 5480 :
2582 5427 3037 5496 quemadmodum
3086 5418 3227 5493 apud
3280 5439 3380 5478 nos

1805 5522 2049 5593 pontifex
2082 5522 2210 5576 dtttn
2245 5536 2340 5589 per
2370 5520 2654 5574 ministros
2694 5528 2789 5572 aut
2835 5518 3099 5572 diaconos
3149 5524 3245 5571 aut
3281 5529 3377 5568 sa-

1804 5614 2055 5668 cerdotes
2075 5612 2263 5679 expiat
2283 5609 2644 5673 illuminatve,
2676 5610 2905 5679 ipsemet
2927 5608 3129 5664 dicitur
3156 5605 3378 5677 expiare

1806 5718 1861 5764 ct
1906 5706 2234 5773 illmninare,
2275 5705 2417 5776 quod
2471 5705 2544 5761 illi
2589 5704 2832 5772 ordines,
2877 5718 3016 5774 quos
3068 5709 3378 5770 consecrat,
