3722 6292
370 257 483 325 σεε

1536 257 1603 314 S.
1640 255 1945 313 DlONYSll
1983 248 2455 311 AREOPACITE

3518 258 3636 317 325

1431 376 1921 433 PARAPHBASIS
1969 376 2408 432 PACIIYMEIUE
2442 376 2577 447 (19).

441 538 669 606 Dignum
712 546 899 591 censet
942 535 1173 605 spiritali
1202 534 1566 607 indagatioue,
1592 551 1712 603 quze
1749 537 1942 591 vitleli-
1973 546 2017 600 Α

370 637 479 691 cet,
510 638 571 682 ut
621 638 747 680 ante
792 626 1128 691 dicebamus,
1156 626 1321 683 rebus
1368 628 1705 697 spiritalibus
1752 644 1943 684 conre-

373 721 505 783 niat,
531 718 618 771 vel
646 730 773 788 'quae
803 718 1032 789 spiritali
1075 729 1258 773 mente
1286 719 1592 783 coordinet,
1635 732 1700 775 ac
1738 721 1948 790 digerat

372 811 445 875 id,
471 812 614 879 quod
646 811 697 863 in
732 809 1032 879 Scripturis
1062 812 1131 864 de
1167 824 1395 866 numero
1440 810 1754 881 angelorum
1784 813 1951 866 tradi-

373 912 481 958 tur.
514 905 822 959 lnvenimus
872 906 1039 976 igitur
1078 915 1133 961 et
1177 907 1461 962 duodecim
1516 905 1757 977 legiones
1784 921 1951 976 ange-

366 993 571 1061 lorum,
601 1011 758 1064 quas,
794 1006 847 1050 et
887 997 979 1051 his
1021 998 1223 1067 plures,
1258 998 1519 1053 Dominus
1553 1013 1585 1052 a
1636 996 1801 1052 Patre
1852 1013 1953 1053 suo

367 1087 539 1155 possit
578 1088 855 1156 postulare
892 1089 1115 1154 1,’etiu
1146 1090 1263 1145 acie
1306 1090 1582 1146 collocare
1610 1091 1679 1145 ad
1724 1091 1950 1145 insidia-

372 1186 523 1231 tores
556 1178 911 1246 repellentlos.
951 1179 1186 1248 Exiguus
1217 1182 1406 1251 utique
1445 1181 1537 1236 hic
1574 1196 1853 1246 numerus,
1884 1184 1951 1235 ad
1978 1246 1981 1247 ν

373 1270 612 1323 Dauielis
632 1270 898 1324 visionem
925 1272 1177 1338 collatus,
1204 1273 1461 1342 quooiam
1489 1270 1657 1328 millia
1695 1274 1950 1338 millium,

368 1369 424 1413 et
452 1360 632 1413 decies
662 1358 860 1415 millies
889 1360 1027 1415 dena
1055 1362 1217 1415 millia
1251 1360 1364 1417 Deo
1396 1363 1747 1420 assistebant.
1783 1362 1950 1435 Legio

371 1461 552 1505 autem
604 1450 745 1505 ordo
785 1459 868 1506 est
905 1458 1161 1506 constans
1196 1453 1406 1523 aliquot
1437 1456 1564 1525 (hac
1616 1470 1748 1511 voce
1789 1456 1955 1509 nimi-

375 1556 498 1594 rum
526 1556 555 1594 a
603 1542 775 1596 verbo
820 1540 935 1610 (ego
962 1552 1017 1596 et
1042 1543 1234 1613 colligo
1263 1545 1531 1616 derivata)
1564 1558 1579 1599 ξ
1605 1561 1763 1616 quem
1795 1547 1838 1600 si
1884 1560 1953 1600 ex

370 1640 589 1685 centum
622 1641 875 1687 constare
903 1633 1223 1700 dixerimus,
1257 1634 1392 1689 nihil
1436 1635 1537 1690 hoc
1579 1638 1647 1689 ad
1679 1646 1754 1690 tot
1786 1636 1950 1690 millia

371 1725 788 1795 myriadesque;
824 1724 1070 1793 quinimo
1098 1725 1143 1779 si
1173 1740 1237 1780 ex
1289 1727 1435 1781 mille
1484 1728 1771 1783 collectmn
1797 1730 1953 1783 dixe-

2120 534 2304 599 ’Λξιον
2337 533 2711 604 ὑπολαμϐάνει
2744 532 3026 603 ζητήσεως
3050 533 3266 602 νοερᾶς,
3293 532 3482 595 οἱονεὶ,
3508 533 3640 588 ὃκαὶ

2054 627 2246 699 πρώην
2293 625 2573 698 ἐλέγομεν,
2623 625 2932 697 ἀνηκούσης
2976 622 3087 688 τοῖς
3131 629 3359 699 νοεροῖς,
3477 628 3641 697 νοερῷ

2051 719 2132 773 νοῒ
2176 719 2553 790 διοικουμένης
2600 719 2695 772 καὶ
2743 717 3198 790 διευθετουμένης
3230 721 3329 791 τὴν
3371 719 3503 792 περὶ
3552 721 3638 773 τοῦ

2052 811 2287 883 ἀριθμοῦ
2340 812 2452 865 τῶν
2498 811 2748 880 ἀγγέλων
2801 814 2859 867 ὲν
2907 816 3021 878 τοῖς
3072 813 3276 880 λογίοις
3322 812 3638 884 παράδοσιν.

2052 908 2394 979 Εὑρίσκομεν
2425 904 2558 975 γοῦν
2589 908 2685 959 καὶ
2714 905 2921 960 δώδεκα
2952 906 3225 977 λεγεῶνας
3271 908 3544 977 ἀγγέλων,
3580 908 3640 972 ἃς

2052 999 2148 1051 καὶ
2176 998 2336 1051 πλέον
2355 998 2559 1052 τούτων
2570 998 2659 1051 τὸν
2673 998 2875 1071 Κύριον
2889 1000 3145 1053 δύνασθαι
3163 998 3398 1070 ζητῆσαι
3410 999 3504 1052 τὸν
3518 1000 3641 1055 ἴδιον

2053 1089 2272 1161 Πατέρα
2293 1129 2308 1153 ,
2348 1091 2443 1143 καὶ
2476 1090 2827 1161 παραστῆσαι
2854 1092 2934 1155 είς
2965 1090 3061 1162 τῆν
3094 1091 3203 1144 τῶν
3228 1089 3640 1162 ἐπηρεαζόντων

2052 1184 2390 1256 ἀποτροπήν.
2442 1184 2649 1253 Ὀλίγος
2680 1184 2813 1253 γοῦν
2854 1179 3010 1248 οὗτος
3046 1187 3074 1237 6
3108 1185 3340 1255 ἀριθμὸς
3378 1182 3516 1255 πρὸς
3547 1183 3639 1253 τὴν

2051 1270 2145 1328 τοῦ
2180 1272 2378 1348 Δανιὴλ
2424 1276 2633 1348 ὅρασιν,
2671 1272 2751 1331 ὅτι
2798 1276 2965 1349 χίλιαι
3014 1274 3270 1349 χιλιάδες,
3310 1273 3405 1331 καὶ
3456 1274 3639 1349 μύριαι

2057 1366 2316 1439 μυριάδες
2365 1368 2443 1439 τῷ
2487 1362 2606 1439 Θεῷ
2660 1372 3144 1441 παρειστήκεισαν.
3206 1366 3264 1423 Ὀ
3286 1368 3399 1441 γὰρ
3444 1364 3639 1436 λεγεὼν

2054 1460 2245 1533 τάγμα
2291 1460 2441 1515 ἐστὶν
2487 1456 2554 1515 ὲκ
2600 1458 2773 1516 τόσων
2809 1464 3169 1535 συγκείμενον
3204 1460 3291 1535 (ὲκ
3331 1454 3431 1516 τοῦ
3466 1463 3638 1533 λέγω,

2051 1548 2112 1609 τὸ
2146 1555 2426 1625 συλλέγει)
2453 1552 2993 1627 ὲτυμολογούμενον),
3050 1552 3208 1628 ὅπερ,
3247 1550 3296 1609 εἰ
3330 1556 3392 1621 ἐξ
3451 1550 3640 1609 ἑκατὸν

2057 1650 2370 1718 συγκεῖσθαι
2414 1647 2680 1718 εἴποιμεν,
2709 1642 2860 1703 οὐδὲν
2893 1642 3031 1720 πρὸς
3059 1649 3158 1713 τάς
3202 1648 3368 1713 τόσας
3402 1650 3639 1720 χιλιάδας

2052 1744 2147 1796 καὶ
2196 1736 2463 1814 μυριάδας
2506 1758 2520 1771 ·
2558 1742 2607 1794 εί
2638 1734 2696 1795 δὲ
2758 1743 2854 1794 καὶ
2900 1742 2965 1793 ὲκ
3018 1741 3226 1813 μυρίων
3286 1736 3641 1811 συλλέγεσθαι

371 1817 557 1878 rimus.
600 1816 733 1869 nihil
783 1817 883 1871 hoc
942 1818 1119 1871 adhuc
1174 1818 1238 1872 ad
1294 1818 1476 1873 decies
1538 1818 1734 1875 millies
1790 1832 1841 1875 to

2171 1852 2321 1905 ιιμεν,
2356 1832 2509 1888 οὐδὲν
2535 1833 2697 1887 πάλιν
2732 1832 2890 1888 τοῦτο
2928 1828 3065 1907 πρὸς
3090 1830 3180 1888 τὸν
3213 1828 3355 1888 κατά
3376 1833 3448 1887 τά
3477 1830 3641 1907 μῦρια

368 1906 741 1974 multiplicata.
784 1904 860 1959 De
899 1906 1184 1960 duodecim
1236 1907 1453 1976 quidem
1488 1910 1786 1979 legionibus
1811 1928 1838 1964 a

2168 1901 2587 1998 λαπλασιασμόν.
2635 1922 2771 2000 Περὶ
2820 1922 2917 1999 μὲν
2948 1901 3059 1983 τῶν
3102 1924 3308 1982 δώδεκα
3362 1901 3638 1997 λεγεώνων

369 1998 516 2051 aliud
569 1999 708 2050 forte
758 1997 944 2053 all‘erat
1008 2000 1293 2054 sublimius
1324 2002 1452 2071 quid
1506 2018 1570 2057 ac
1628 2005 1948 2072 sapientius,

362 2088 522 2157 juxta
551 2091 781 2159 gratiam
810 2107 837 2143 ο
880 2091 1023 2145 bono
1054 2090 1171 2146 Deo
1194 2106 1257 2147 ac
1299 2093 1583 2149 Salvatore
1608 2107 1791 2150 nostro
1820 2094 1948 2152 Jesu

368 2181 593 2235 Christo
620 2181 1112 2249 communicatam;
1159 2186 1289 2239 mihi
1337 2197 1517 2240 autem
1554 2186 1948 2256 impraesentia-

371 2286 515 2337 rum,
548 2271 593 2326 si
648 2285 902 2343 oporteat
953 2289 1037 2328 me
1074 2290 1291 2343 quoque
1338 2277 1404 2329 ad
1450 2277 1563 2330 lucc
1611 2277 1813 2346 aliquid
1855 2279 1952 2332 ad-

360 2365 522 2428 'dere,
560 2367 775 2421 videtur
824 2367 1103 2436 Scriptura
1144 2381 1298 2422 sacra
1344 2384 1551 2439 magna:
1595 2370 1951 2426 humanitatis

368 2473 435 2516 ac
465 2457 855 2513 benevolentia:
905 2460 1162 2514 indicium
1210 2460 1490 2517 exhibere.
1536 2461 1647 2515 Etsi
1676 2465 1817 2517 enim
1849 2480 1952 2519 un-

370 2550 545 2604 decim
577 2561 735 2605 crant
766 2555 940 2620 parati
985 2567 1331 2619 succurrere,
1366 2552 1529 2608 Petro
1581 2556 1735 2624 quasi
1776 2558 1947 2622 duce;

372 2653 613 2699 attamen
643 2645 949 2717 benignitas
993 2647 1173 2716 magni
1218 2644 1312 2701 Dei
1347 2662 1409 2701 ac
1442 2647 1742 2701 Salvatoris
1779 2649 1951 2705 nostri

368 2736 499 2792 Iesu
524 2736 747 2800 Christi.
781 2753 900 2806 quae
932 2753 1147 2793 omnem
1182 2750 1405 2805 superat
1449 2742 1776 2805 orationem,
1816 2755 1952 2809 quo-

370 2832 667 2887 dan-modo
709 2830 877 2886 ell'usa
930 2833 1201 2902 perditum
1238 2848 1459 2903 quoque
1503 2834 1744 2890 sodalem
1777 2835 1948 2903 illum,

369 2925 525 2994 cujus
556 2927 732 2981 adhuc
763 2927 1001 2981 sollicite
1049 2942 1233 2982 curam
1267 2930 1427 2997 gerit,
1480 2930 1550 2984 iis
1599 2937 1950 2997 annumerat,

369 3026 425 3071 et
456 3034 554 3087 pro
582 3033 911 3088 unoquoque
958 3020 1153 3073 horum
1211 3018 1479 3087 legionem
1523 3022 1841 3091 angelorum
1892 3034 1955 3075 se

368 3121 560 3180 petere
590 3126 752 3181 posse
777 3112 932 3175 dicit,
967 3124 1078 3164 tum
1119 3118 1178 3164 ut
1202 3112 1367 3165 etiam
1419 3114 1594 3180 magis
1624 3115 1950 3183 angelorum

376 3202 802 3269 multitudinem,
839 3219 905 3258 ac
942 3204 1269 3274 postulantis
1295 3205 1751 3275 magniﬁcentiam
1787 3208 1950 3280 126
1976 3245 2020 3303 ϐ

372 3303 429 3348 et
456 3294 799 3349 divinitatem
836 3295 1163 3352 declararet.
1196 3298 1295 3353 Cui
1333 3300 1477 3354 enim
1528 3299 1684 3354 alteri
1736 3309 1815 3355 tot
1852 3317 1951 3355 uu-

370 3400 535 3454 quam
571 3391 999 3445 succurrerunt?
1026 3391 1102 3447 De
1122 3392 1208 3446 his
1232 3394 1451 3462 quidem
1474 3392 1614 3448 alius
1628 3406 1713 3449 est
1735 3410 1951 3451 sermo:

372 3480 461 3534 hic
490 3494 621 3536 vero
652 3492 872 3538 sanctus
901 3484 968 3539 de
1006 3484 1151 3540 mille
1195 3485 1438 3542 millibus
1477 3495 1536 3542 et
1586 3487 1774 3543 decies
1803 3491 1950 3545 mille

368 3573 562 3635 decem
586 3569 827 3629 millibus
856 3575 956 3643 ait,
992 3575 1335 3646 Scripturam
1377 3591 1591 3633 sacram
1620 3593 1686 3633 ac
1712 3577 1951 3634 divinam

370 3683 614 3725 summos
649 3668 771 3725 illos
802 3670 893 3738 qui
927 3672 1068 3741 apud
1126 3688 1225 3728 nos
1268 3682 1417 3737 sunt,
1469 3689 1749 3739 numeros.
1783 3674 1950 3729 millia

373 3758 627 3815 videlicet
670 3770 726 3816 et
753 3762 895 3816 dena
928 3761 1119 3829 millia,
1166 3764 1220 3817 in
1256 3764 1585 3834 semetipsos
1621 3765 1953 3836 glomerasse

372 3868 438 3909 ac
468 3853 884 3924 multiplicasse,
918 3869 985 3911 ac
1012 3871 1108 3926 per
1143 3856 1245 3911 hoc
1268 3868 1455 3927 aperte
1482 3858 1813 3926 declarasse,
1840 3876 1954 3916 cte-

370 3946 589 4002 lestium
619 3948 880 4003 ordinum
930 3950 1373 4007 coordinatioues
1428 3952 1481 4007 id
1526 3962 1611 4008 est
1641 3953 1950 4009 ctelestium

369 4038 635 4093 virtutum
665 4041 969 4110 supposita,
1000 4058 1029 4095 a
1062 4041 1219 4099 nobis
1254 4045 1599 4099 annumerari
1633 4060 1738 4099 non
1765 4060 1951 4115 posse.

370 4131 540 4188 Nobis
557 4145 737 4189 autem
765 4134 875 4189 dixi
904 4136 1339 4193 innumerabiles
1365 4152 1512 4205 esse,
1546 4141 1802 4210 quoniam
1828 4141 1955 4197 licet

379 4226 539 4282 nobis
568 4227 735 4297 ignoti
770 4227 905 4293 sint,
938 4244 1041 4282 non
1078 4238 1255 4285 tamen
1286 4233 1512 4287 omnino
1536 4243 1729 4288 natura
1754 4233 1953 4289 inﬁniti

372 4326 521 4386 sunt,
552 4318 648 4375 sed
696 4334 884 4374 eorum
915 4321 1203 4377 multitudo
1235 4331 1317 4377 est
1359 4323 1739 4381 determinata.
1768 4324 1957 4397 Nuper

375 4411 542 4464 etiam
573 4410 797 4480 quidam
824 4425 854 4465 e
886 4412 1224 4480 sapientibus
1256 4415 1459 4468 nostris
1488 4412 1720 4485 (Psellus
1744 4417 1790 4472 is
1812 4425 1954 4486 erat,

370 4502 672 4559 Scientilice
697 4514 753 4556 et
783 4502 958 4571 logice
1008 4501 1195 4573 regula
1234 4504 1643 4561 dialecticorum
1678 4517 1859 4572 utens,
1887 4522 1955 4562 ac

2053 2021 2213 2085 ἄλλος
2250 2021 2349 2093 μὲν
2380 2021 2508 2077 ἄλλο
2554 2039 2607 2075 τι
2657 2021 2799 2075 εἴποι
2831 2022 2991 2093 τυχὸν
3030 2016 3365 2095 ὑψηλότερον
3420 2018 3515 2076 καὶ
3555 2038 3640 2075 σο-

2053 2116 2317 2189 φώτερον,
2353 2116 2495 2170 κατά
2524 2116 2621 2187 τὴν
2651 2108 2935 2188 διδομένην
2970 2116 3120 2188 παρὰ
3149 2112 3244 2169 τοῦ
3279 2117 3492 2185 ἀγαθοῦ
3508 2113 3640 2170 Θεοῦ

2053 2209 2147 2261 καὶ
2166 2208 2417 2280 Σωτῆρος
2442 2208 2597 2279 ἡμῶν
2632 2200 2806 2280 Ἰησοῦ
2829 2202 3065 2280 Χριστοῦ
3089 2208 3270 2279 χάρινο
3303 2208 3332 2261 ὃ
3372 2207 3505 2276 γοῦν
3523 2210 3644 2279 ἐμοὶ

2052 2302 2190 2373 πρὸς
2221 2300 2283 2353 τὸ
2308 2299 2483 2372 παρὸν
2517 2300 2932 2370 καταφαίνεται,
2956 2300 3004 2353 εί
3038 2301 3143 2371 χρή
3177 2317 3229 2352 τι
3258 2300 3356 2353 καὶ
3397 2298 3500 2371 ἐμὲ
3532 2300 3644 2353 τολ-

2055 2395 2224 2464 μῆσαι
2259 2392 2398 2464 πρὸς
2442 2391 2634 2455 ταῦτα,
2674 2394 2755 2446 ὅτι
2806 2391 3046 2462 μεγάλης
3096 2389 3512 2463 φιλανθρωπίας
3555 2392 3641 2444 ἔνο

2050 2485 2219 2552 δειξιν
2253 2484 2365 2556 ἔχει
2397 2484 2457 2537 τὸ
2484 2480 2628 2556 ἱερὸν
2662 2478 2861 2551 λόγιον.
2899 2484 2961 2536 El
2996 2480 3104 2554 γάρ
3139 2480 3233 2535 καὶ
3278 2483 3475 2537 ἕνδεκα
3506 2477 3642 2555 ἦσαν

2051 2581 2102 2632 οἱ
2135 2578 2295 2649 δῆθεν
2329 2578 2741 2648 ὲτοιμαζόμενοι
2771 2576 3003 2647 βοηθεῖν,
3030 2575 3124 2628 τοῦ
3158 2570 3495 2647 Πέτρουοῖον
3519 2593 3644 2647 προ-

2056 2666 2380 2743 μαχοῦντος,
2415 2670 2530 2724 ἀλλ’
2564 2666 2657 2724 οὖν
2688 2673 2722 2741 ἡ
2758 2670 2936 2724 πάντα
2967 2666 3125 2739 λόγον
3157 2669 3368 2722 νικῶσα
3400 2668 3496 2722 τοῦ
3544 2686 3640 2739 με·

2052 2764 2220 2833 γάλου
2266 2762 2401 2817 Θεοῦ
2436 2763 2533 2817 καὶ
2562 2761 2819 2834 Σωτῆρος
2862 2762 3019 2834 ἡμῶν
3056 2755 3232 2833 Ἰησοῦ
3282 2760 3523 2834 Χριστοῦ
3558 2779 3642 2831 φι-

2050 2855 2389 2929 λανθρωπία,
2436 2852 2548 2910 οἷον
2599 2854 2894 2926 ὲξεχομένη
2958 2854 3055 2907 καὶ
3108 2854 3203 2907 τοῦ
3252 2854 3502 2927 ἑταίρου,
3547 2855 3642 2907 καὶ

2051 2948 2131 3001 ἔτι
2166 2943 2539 3019 κηδεμονικῶς
2565 2946 2702 3019 πρὸς
2734 2948 2941 2999 ἐκεῖνον
2964 2946 3182 3016 ἔχουσα,
3206 2946 3298 3000 τὸν
3322 2946 3641 2999 ἀπολωλότα

2049 3038 2263 3103 τούτοις
2310 3038 2630 3111 συναριθμεί
2657 3054 2671 3069 ⁸
2706 3036 2802 3091 καὶ
2845 3037 2967 3090 καθ’
3002 3038 3100 3090 ἕνα
3151 3036 3361 3090 τούτων
3405 3037 3642 3106 λεγεῶνα

2052 3131 2302 3199 ἀγγέλων
2336 3129 2569 3200 ζητῆσαι
2603 3127 2751 3197 λέγει
2784 3126 3045 3180 δύνασθαι
3073 3143 3087 3157 ο
3125 3125 3204 3179 ἔτι
3244 3126 3303 3180 δὲ
3361 3127 3525 3180 πλέον
3565 3129 3642 3189 εἰς

2053 3220 2276 3288 ἔνδειξιν
2305 3218 2401 3275 τοῦ
2432 3220 2542 3274 τῶν
2566 3218 2813 3289 ἀγγέλων
2840 3217 3096 3289 πλήθους,
3124 3217 3218 3271 καὶ
3241 3218 3341 3289 τῆς
3363 3218 3460 3271 τοῦ
3484 3220 3643 3287 αἰτη-

2056 3311 2284 3382 σομένου
2310 3309 2734 3383 μεγαλειότητος
2766 3310 2860 3362 καὶ
2879 3307 3151 3377 θεότητος.
3182 3307 3310 3361 Τίνι
3337 3308 3450 3380 γάρ
3472 3310 3645 3382 ἑτέρῳ

2053 3405 2202 3458 τόσοι
2231 3402 2596 3475 βεόοηθήκασι
2629 3400 2887 3464 πώποτες
2923 3401 3059 3471 Περὶ
3093 3401 3190 3471 μὲν
3217 3400 3427 3454 τούτων
3459 3402 3643 3472 ἕτερος

2053 3497 2210 3566 λόγος
2234 3513 2247 3527 ·
2270 3496 2399 3567 περὶ
2430 3494 2488 3549 δὲ
2513 3495 2625 3549 τῶν
2659 3493 2845 3565 χιλίων
2878 3493 3131 3563 χιλιάδων
3165 3494 3261 3547 καὶ
3287 3494 3498 3565 μυρίων
3539 3512 3642 3564 μυ-

2057 3589 2253 3659 ριάδων
2287 3588 2452 3661 φησὶν
2482 3590 2513 3642 ό
2547 3589 2722 3657 ἅγιος,
2772 3588 2855 3641 ὅτι
2886 3587 3015 3649 τοὺς
3061 3588 3193 3659 παρ’
3226 3589 3363 3658 ἡμῖν
3407 3588 3645 3658 ἀκροτά-

2051 3696 2177 3742 τους
2211 3678 2497 3751 ἀριθμοὺς,
2531 3677 2623 3731 τὸν
2656 3676 2801 3748 χίλια
2837 3676 3037 3748 δηλαδὴ
3072 3678 3183 3749 »καὶ
3207 3677 3302 3730 τὸν
3337 3677 3529 3749 μύρια,
3565 3679 3646 3741 είς

2054 3769 2281 3833 ἑαυτοὺς
2322 3769 2742 3824 ὲπανεκύκλωσε
2776 3769 2871 3824 καὶ
2910 3768 3411 3823 ὲπολλαπλασίασεν
3444 3771 3478 3840 ὴ
3520 3770 3644 3842 ἱερὰ

2055 3863 2147 3915 καὶ
2172 3861 2292 3916 θεία
2328 3862 2543 3933 Γραφὴ,
2578 3861 2672 3915 καὶ
2704 3859 2797 3914 διά
2837 3861 3030 3915 τούτου
3062 3859 3311 3932 ἐναργῶς
3342 3862 3440 3914 καὶ
3473 3879 3643 3930 φανε-

2058 3953 2166 4024 ρῶς
2197 3954 2428 4025 ἐνέφηνε
2473 3954 2567 4006 καὶ
2599 3954 2884 4024 παρέδειξε
2914 3955 3014 4017 τάς
3057 3956 3189 4025 ἡμῖν
3234 3954 3643 4025 ἀναριθμήτους

2053 4044 2163 4098 τῶν
2188 4044 2455 4115 οὐρανίων
2487 4045 2783 4115 ταγμάτων
2815 4045 3104 4111 διατάξεις,
3134 4044 3379 4116 δηλονότι
3408 4046 3509 4108 τὰς
3530 4046 3644 4098 τῶν

2053 4137 2318 4209 οὐρανίων
2341 4137 2627 4208 δυνάμεων
2654 4138 2997 4201 ὑποστάσεις.
3045 4140 3205 4210 Ἡμῖν
3234 4139 3294 4193 δὲ
3326 4135 3480 4193 εἶπον
3511 4140 3649 4193 ἀνα-

2056 4228 2373 4301 ριθμήτους,
2408 4230 2509 4295 ὅτι,
2544 4232 2594 4283 εί
2626 4232 2720 4285 καὶ
2753 4232 2883 4301 ἡμῖν
2913 4232 3183 4300 ἄγνωστοι
3212 4234 3369 4296 εἰσιν,
3403 4233 3465 4286 οὐ
3509 4234 3647 4287 πάν-

2053 4338 2162 4384 τως
2207 4320 2423 4392 άπειροι
2472 4321 2566 4374 καὶ
2623 4323 2689 4393 τῇ
2757 4321 2939 4392 φύσει,
2988 4322 3126 4376 ἀλλά
3183 4324 3527 4395 πεπέρασται
3584 4327 3646 4378 τὸ

2056 4410 2260 4481 πλῆθος
2291 4409 2491 4464 αὐτῶν.
2528 4411 2677 4475 Τέως
2701 4410 2759 4464 δὲ
2782 4413 2911 4483 περὶ
2942 4412 3147 4466 τούτων
3179 4429 3262 4477 τις
3293 4414 3361 4467 ἐκ
3392 4414 3645 4469 τῶνκαθ’

2055 4505 2203 4576 ⁴ἡμᾶς
2237 4502 2419 4575 σοφῶν
2466 4503 2515 4575 (6
2547 4502 2757 4568 Ψελλὸς
2794 4499 2946 4568 οὗτος
2977 4500 3065 4576 ἦν,
3100 4506 3527 4578 έπιστημονικὴν
3550 4509 3647 4559 καὶ

369 4595 778 4659 demonstrans,
831 4593 919 4647 illa
975 4609 1098 4664 qua:
1148 4594 1421 4665 principio
1480 4597 1746 4652 viciniora
1803 4612 1839 4652 Si

2175 4595 2282 4667 ηκὴν
2314 4598 2637 4668 ποιούμενος
2666 4597 2768 4668 τὴν
2800 4596 3094 4664 ἀπόδειξιν,
3129 4599 3225 4651 καὶ
3263 4599 3453 4652 κανόνι
3494 4598 3645 4669 χρώ-

373 4689 583 4741 minora
635 4687 855 4756 quidem
906 4700 1027 4741 esse
1072 4687 1369 4744 secundum
1425 4692 1811 4760 quantitatem,
1855 4692 1951 4747 sed

372 4781 633 4847 majorem
680 4779 932 4832 virtutem
986 4777 1245 4848 habere),
1277 4783 1583 4846 asserebat,
1621 4782 1864 4851 angelos,
1894 4790 1956 4838 ut

371 4870 489 4925 Deo
543 4871 982 4939 propinquiores,
1014 4872 1306 4940 pauciores
1331 4887 1453 4928 esse
1494 4874 1825 4934 hominibus,
1855 4875 1948 4942 qui

371 4963 651 5033 sigillatim
685 4979 901 5033 semper
930 4975 1229 5019 nascuntur
1284 4974 1338 5020 et
1391 4966 1719 5031 moriuntur,
1748 4982 1949 5034 quent-

370 5058 663 5111 admodum
708 5057 957 5111 videlicet
992 5072 1208 5127 quoque
1252 5073 1515 5112 numerus
1573 5058 1641 5110 ad
1683 5058 1948 5113 uilitatem

372 5150 664 5215 accedens,
692 5152 873 5206 minor
895 5161 978 5207 est
1003 5150 1304 5207 remotiori.
1337 5149 1533 5205 Verum
1569 5150 1833 5220 Didymus
1861 5152 1953 5207 ille

370 5250 549 5296 Caecus
602 5240 707 5295 alio
745 5242 978 5311 quodam
1030 5244 1149 5299 loco
1191 5243 1467 5311 reperitur
1515 5240 1717 5305 chere,
1775 5256 1951 5295 noua-

370 5336 518 5405 ginta
549 5350 744 5389 novem
774 5351 903 5390 oves
946 5351 1070 5391 esse
1114 5335 1359 5406 angelos,
1397 5350 1559 5389 uuam
1609 5345 1793 5390 autem
1823 5353 1946 5406 quae

442 5521 470 5558 tt
502 5510 696 5566 Matth.
755 5528 901 5579 xm,
925 5512 1015 5568 53.

446 5644 563 5756 ua}
595 5686 728 5744 Vide
754 5687 1291 5777 Scholasttaximi
1323 5697 1453 5746 tom.
1481 5688 1547 5759 ll,
1579 5704 1705 5760 cap.
1728 5688 1831 5744 ιι.

2062 4704 2223 4759 μενος
2254 4686 2597 4759 διαλεκτικῷ,
2624 4686 2706 4739 δτι
2731 4685 2802 4739 τά
2830 4690 2897 4759 τῇ
2924 4688 3064 4759 ἀρχῇ
3091 4687 3458 4760 πλησιάζοντα
3484 4688 3646 4742 ἐλάτ-

2058 4798 2186 4834 τονα
2238 4780 2338 4851 μέν
2391 4782 2497 4833 εἰσι
2544 4780 2623 4852 τῷ
2679 4780 2850 4851 ποσῷ,
2901 4781 3123 4851 μείζονα
3164 4780 3223 4835 δὲ
3264 4782 3369 4853 τὴν
3416 4781 3648 4851 δύναμιν

2058 4875 2283 4947 έχουσι)
2321 4875 2431 4930 τῶν
2474 4877 2779 4950 ἑκασταχοῦ
2813 4877 2907 4931 καὶ
2940 4876 3027 4930 ἀεὶ
3050 4878 3352 4947 γινομένων
3385 4878 3478 4931 καὶ
3508 4878 3649 4930 ἀπο-

2057 4967 2357 5039 γινομένων
2384 4967 2687 5040 άνθρώπων
2735 4969 2990 5032 ἐλάττους
3014 4968 3165 5037 έλεγε
3199 4967 3326 5032 τοὺς
3354 4968 3645 5037 ἀγγέλους,

2054 5060 2131 5125 ὡς
2185 5061 2264 5132 τῷ
2310 5060 2430 5132 Θεῷ
2490 5060 2889 5132 πλησιάζοντας
2941 5077 2955 5089 ·
3004 5059 3194 5131 ὥσπερ
3239 5058 3433 5130 ἀμέλει
3478 5060 3570 5111 καλ⁵
3618 5059 3651 5109 6

2055 5156 2373 5225 πλησιάζων
2416 5154 2648 5225 ἀριθμὸς
2692 5157 2757 5225 τῇ
2796 5153 2984 5228 μονάδι
3028 5152 3127 5207 τοῦ
3174 5152 3367 5227 πόρρω
3406 5152 3648 5205 ἐλάττων

2055 5247 2223 5299 ἐστίν.
2282 5247 2343 5299 '0
2374 5245 2431 5298 δέ
2462 5262 2525 5313 γε
2560 5244 2789 5314 Δίδυμος
2832 5247 2860 5299 6
2892 5244 3091 5315 τυφλὸς
3133 5243 3369 5314 ἀλλαχοῦ
3416 5243 3647 5315 εὓρηται

2056 5336 2249 5405 λέγων,
2286 5335 2353 5391 τά
2383 5335 2482 5407 μὲν
2504 5334 2859 5407 ἐννενήκοντα
2892 5336 2987 5390 καί
3032 5334 3187 5390 ὲννέα
3214 5335 3461 5407 πρόϐατα
3502 5322 3648 5387 εἶναι
