3722 6298
314 342 411 412 $51

386 468 640 538 Quinimo
683 462 764 520 fas
795 440 866 513 Sit
904 455 1064 511 etiam
1110 465 1173 506 ex
1213 447 1473 517 qualibet,
1505 454 1565 497 ut
1616 442 1875 504 arbitror,
1907 446 1952 501 Α

1476 325 1532 383 s.
1568 299 1873 379 DtoNYsu'
1901 308 2363 373 AREOPAGIM:

3360 234 3369 240 ί
3456 281 3565 349 ὅδέ

2055 434 2208 486 Ἔστι
2238 432 2293 483 δὲ
2333 426 2427 481 καὶ
2452 424 2572 477 καθ’
2602 421 2830 474 ἕκαστον
2851 456 2865 481 ,
2906 415 2981 479 ὡς
3009 408 3159 485 οἶμαι
3182 449 3197 475 ,
3226 408 3329 479 τῆς
3372 422 3565 474 σωμα-

386 498 640 538 uultum“
683 498 764 520 sua
796 498 866 513 ω-
906 498 1064 511 ν---η-
1113 498 1173 506 ν..
1219 498 1389 517 Ἰηη--
1442 498 1473 510 κ,
1862 498 1871 504 ⁷

317 574 591 634 corporeae
642 561 839 609 nostra:
893 544 1339 615 multipartitione
1387 554 1493 593 non
1555 537 1879 601 incongruas

2071 529 2135 598 ἧς
2168 524 2323 597 ήμῶν
2352 516 2683 589 πολυμερίας
2708 510 2918 571 εἰκόνας
2945 504 3300 577 ἐναρμονίους
3318 498 3570 568 ἐξευρεῖν

2158 620 2170 634 ⁹
2295 616 2306 631 ’
2378 612 2690 634 λθλ-υιη--ηι
2737 604 3040 634 “lu-mumm-
3085 596 3183 634 ηλικ-
3211 595 3311 634 nl“:
3331 590 3570 634 ὁπτῑκὰε

318 632 577 723 imagines
606 644 849 706 haurire,
881 654 1000 710 qua:
1033 635 1286 692 ccelestes
1316 632 1547 685 virtutes
1578 635 1881 693 repraesen-

316 756 454 811 tent,
486 741 610 797 utsi
648 740 922 801 dicamus,
949 730 1168 786 videndi
1209 726 1426 797 quidem
1470 719 1757 775 facultates
1785 714 1878 766 de-

314 839 525 894 elarare
565 824 1085 901 perspicacissimam
1110 820 1178 873 ad
1213 817 1395 871 divina
1437 810 1638 865 lumina
1688 817 1874 872 suspe-

316 930 575 986 ctionetn,
599 937 700 977 nec
726 936 832 975 non
860 915 1163 985 simplicem
1186 926 1251 965 ac
1274 907 1536 978 liquidam
1559 901 1887 967 minimeque

314 1020 705 1088 refragantem,
753 1012 848 1067 sed
899 1008 1121 1078 agilem,
1180 1013 1488 1072 puramque
1533 992 1887 1064 patulamque

316 1110 622 1166 divinarum
678 1101 1104 1159 illustrationum
1174 1097 1294 1152 sine
1376 1090 1630 1161 passione
1662 1150 1664 1152 τ
1698 1098 1887 1141 susce-

317 1203 575 1274 ptionem.

385 1290 696 1345 Olfactuum
724 1297 857 1339 vero
878 1274 1223 1336 discernendi
1267 1274 1416 1326 vires
1450 1269 1561 1323 vim
1594 1278 1736 1322 esse.
1769 1276 1889 1332 quae

316 1394 553 1436 mentem
579 1374 886 1447 superantis
911 1368 1221 1439 fragrantize
1243 1364 1608 1427 dilfusionem,
1628 1368 1891 1429 quantum

322 1473 481 1543 13o
510 1471 591 1524 fas
621 1478 726 1531 est,
748 1461 1000 1535 percipit,
1032 1472 1227 1528 resque
1255 1456 1451 1511 fctidas
1485 1452 1662 1522 perite
1688 1450 1896 1505 discer-

318 1566 423 1630 nit,
452 1572 507 1617 et
533 1559 752 1615 omnino
775 1553 993 1623 refugit.

338 1676 341 1681 ν
389 1656 461 1709 At
496 1652 710 1705 aurium
751 1648 1006 1708 virtutes,
1049 1641 1101 1696 id
1131 1638 1272 1708 quod
1324 1637 1377 1691 in
1403 1636 1481 1690 eis
1514 1643 1597 1690 est
1624 1630 1897 1703 particeps

320 1741 676 1815 cognitionis,
727 1737 1079 1801 divinumque
1124 1730 1262 1796 scite
1304 1726 1531 1795 suscipit
1579 1720 1897 1791 inspiratio-

320 1855 469 1896 nem.

390 1924 654 1982 Gustandi
683 1930 863 1975 autem
891 1915 1160 1989 potentias
1190 1911 1321 1982 ipsis
1350 1922 1473 1964 esse
1506 1907 1754 1961 ciborum
1786 1900 1896 1970 spi-

321 2020 560 2076 ritalium
594 2016 920 2079 satietatem,
966 2018 1021 2065 et
1051 2008 1356 2063 divinorum
1405 2010 1569 2068 atque
1608 1995 1897 2051 delicloso-

324 2129 445 2169 rum
475 2110 770 2165 rivulorum
802 2103 1222 2173 susceptionem.

396 2202 632 2257 Tactiles
656 2212 816 2269 porro
845 2193 1204 2255 sensationes,
1234 2187 1287 2242 id
1311 2184 1452 2256 quod
1474 2184 1530 2237 in‘
1556 2181 1636 2236 eis
1661 2192 1748 2234 res
1774 2192 1901 2249 pro-

326 2296 492 2349 iicuas
524 2290 784 2346 noxiasve
813 2300 935 2340 cum
964 2280 1192 2337 scientia
1219 2274 1499 2332 discernit.

399 2386 697 2455 Palpebras
751 2390 807 2435 et
837 2374 1154 2446 supercilia,
1228 2371 1280 2425 id
1329 2368 1473 2438 quod
1517 2359 1902 2431 iutelligeutias

329 2480 687 2545 notionesque
717 2471 884 2527 divini
912 2476 1165 2537 aspectus
1183 2467 1497 2518 conservat.

397 2541 789 2624 Pubescentem
812 2569 1027 2615 :etatem
1058 2570 1123 2609 ac
1150 2552 1514 2623 iuventutem,
1546 2547 1655 2599 vim
1684 2541 1901 2599 vitalem

326 2674 448 2731 quae
472 2669 689 2726 semper
711 2653 877 2723 viget.

399 2755 620 2817 Dentes,
664 2752 719 2806 id
750 2748 895 2819 quod
944 2741 1186 2800 alimenti
1239 2734 1466 2793 adhibiti
1509 2726 1901 2802 perfectionem

329 2849 559 2905 dividit:
590 2817 842 2915 quaelibet
866 2841 1009 2896 enim
1034 2832 1275 2892 essentia
1310 2826 1573 2899 spiritalis
1598 2817 1904 2876 uniusmodi

328 2909 766 3009 intelligentiam,
807 2948 967 3002 quam
1010 2946 1039 2983 a
1076 2926 1343 2982 diviniore
1378 2916 1636 2973 traditam
1667 2909 1901 2978 accepit,

331 3047 431 3104 pro
458 2998 732 3085 inferioris
755 2998 919 3080 ductu
964 3029 1237 3089 captuque
1267 3009 1492 3083 provida
1532 3007 1736 3060 virtute
1767 2998 1907 3054 divi-

333 3128 412 3182 dit
446 3123 903 3191 multiplicatque.

406 3215 692 3276 llumeros,
727 3209 883 3263 ulnas
906 3215 963 3262 et
1009 3216 1226 3266 manus,
1253 3181 1578 3254 'faciendiet
1608 3184 1800 3259 agendi
1840 3196 1906 3238 ac

331 3303 681 3383 perpetrandi
710 3301 842 3356 vim.

362 3518 365 3519 ⁷
406 3515 513 3570 Cor
550 3518 730 3565 autem
768 3519 889 3560 esse
931 3498 1231 3573 symbolum
1274 3494 1400 3549 vita:
1443 3486 1752 3551 deiformis,
1789 3496 1910 3553 quae

336 3608 448 3662 vim
488 3602 707 3658 vitalem
754 3611 908 3655 suam
951 3591 1288 3649 deiformiter
1331 3588 1385 3642 in
1431 3599 1495 3641 ea
1539 3581 1738 3653 quibus
1780 3590 1912 3631 con-

338 3696 469 3753 sulit
510 3690 782 3761 dispertit.

411 3786 581 3841 Porro
624 3788 813 3854 pectus
842 3778 1093 3833 dicamus
1136 3771 1426 3842 designare
1451 3766 1711 3818 virtutem
1759 3756 1915 3811 indo-

340 3846 703 3945 mabilem,'et
728 3889 849 3943 quae
879 3868 1149 3925 viviticam
1195 3858 1594 3935 quodammodo
1649 3846 1913 3923 suppositi

342 3974 521 4031 cordis
552 3968 997 4026 diStributionem
1040 3968 1277 4015 tueatur.

415 4068 643 4121 Dorsqu
670 4070 875 4124 autem,
903 4057 1047 4111 illam
1081 4054 1188 4106 vim
1210 4064 1330 4119 quae
1354 4044 1553 4101 vitales
1575 4052 1767 4097 omnes
1801 4034 1913 4089 vir-

344 4166 490 4213 tutes
526 4153 793 4209 continet.

415 4245 585 4300 Pedes
615 4257 769 4306 vero,
800 4240 909 4293 vim
941 4236 1219 4299 movendi,
1253 4230 1597 4287 celeritatem
1620 4234 1675 4281 et
1696 4234 1914 4278 cursum

346 4337 661 4407 sempiterni
708 4341 909 4395 motus,
951 4345 1060 4400 quo
1101 4327 1166 4381 ad
1195 4326 1378 4380 divina
1417 4323 1661 4382 cientur;
1696 4320 1920 4385 pr0pter

346 4430 491 4501 quod
540 4428 703 4483 etiam
753 4430 1022 4495 penuatos
1073 4426 1385 4473 sanctarum
1434 4408 1915 4479 intelligentiarum

1981 620 2090 674 τῶν
2119 616 2385 688 οὐρανίων
2409 612 2711 680 δυνάμεων,
2737 604 3061 675 φάσκοντας,
3085 596 3183 660 τὰς
3210 595 3311 666 μὲν
3331 590 3573 654 ὀπτικὰς

1984 681 2263 782 ἐμφαίνειν
2305 703 2579 773 δυνάμεις,
2621 699 2719 769 τὴν
2751 695 2887 766 πρὸς
2913 692 2983 745 τὰ
3026 691 3146 742 θεῖα
3178 686 3337 756 φῶτα
3373 681 3573 735 διειδε-

1987 770 2186 871 στάτην
2216 770 2520 858 ἀνάνευσιν,
2570 789 2662 843 καὶ
2705 783 2858 849 αὖθις
2885 784 2998 854 ςτὴν
3041 778 3220 847 ἁπλῆν
3264 775 3362 829 καὶ
3394 770 3576 842 ὑγρὰν

1986 895 2078 947 καὶ
2104 893 2204 945 οὐκ
2231 886 2541 945 ἀντίτυπον,
2573 879 2685 933 ἀλλ’
2708 875 3044 943 ὀξυκίνητον,
3076 868 3170 923 καὶ
3196 862 3451 934 καθαρὰν
3478 860 3576 911 καὶ

1987 978 2444 1051 ἀναπεπταμένην
2500 970 2724 1034 ἀπαθῶς
2778 964 3041 1035 ὑποδοχὴν
3092 960 3203 1013 τῶν
3259 952 3578 1027 θεαρχικῶν

1989 1047 2328 1147 suadeam.
2401 1047 2408 1048 ί
2988 1047 2997 1057 ’

2060 1259 2169 1322 Τὰς
2198 1258 2254 1310 δὲ
2284 1254 2391 1307 τῶν
2414 1244 2732 1321 ὀσφραντῶν
2755 1242 2800 1274 ⁴²
2827 1232 3167 1309 διακριτικάς
3196 1229 3479 1299 δυνάμεις,
3513 1224 3586 1277 τὸ

1990 1354 2090 1423 τῆς
2119 1350 2259 1420 ὑπὲρ
2288 1346 2409 1401 νοῦν
2438 1342 2669 1403 εὐώδους
2696 1336 3001 1396 διαδόσεως,
3029 1331 3105 1394 ὡς
3140 1325 3381 1397 ἐφικτὸν,
3424 1323 3582 1375 ἀντι-

1993 1413 2251 1515 ληπτικδν
2282 1439 2373 1492 καὶ
2400 1435 2507 1487 τῶν
2550 1432 2622 1502 μὴ
2649 1427 2904 1481 τοιούτων
2944 1425 3001 1475 ἐν
3046 1420 3326 1487 ἐπιστήμῃ
3366 1413 3583 1481 διακρι-

1993 1536 2163 1597 τικὸν,
2194 1532 2289 1585 καὶ
2315 1526 2509 1588 ὑλικῶς
2536 1516 2957 1591 ἀποφευκτικόν.

2066 1596 2175 1688 Τὰς
2199 1624 2254 1675 δὲ
2275 1620 2383 1674 τῶν
2412 1618 2561 1670 ὢτων
2583 1612 2861 1681 δυνάμεις,
2888 1606 2948 1658 τὸ
2994 1599 3278 1674 μετοχικὸν
3309 1596 3409 1650 καὶ
3433 1610 3591 1662 γνωο

1999 1714 2194 1776 στικῶς
2220 1705 2567 1764 ὑποδεκτικδν
2591 1702 2692 1772 τῆς
2720 1696 3013 1770 θεαρχικῆς
3042 1688 3365 1756 ἐπιτιτνοίας.⁸

2070 1913 2181 1975 Τὰς
2217 1910 2274 1963 δὲ
2302 1902 2609 1977 γευπικάς,
2638 1900 2736 1971 τὴν
2779 1894 2888 1949 τῶν
2935 1889 3139 1961 νοητῶν
3188 1883 3411 1956 τροφῶν
3441 1882 3586 1935 ἀπο-

2000 1973 2275 2080 πλήρωσιν
2295 1973 2433 2065 ,καὶ
2460 1998 2521 2051 τὸ
2564 1994 2673 2047 τῶν
2721 1990 2879 2045 θείων
2911 1986 3005 2039 καὶ
3054 1980 3337 2053 τροφίμων
3375 1973 3590 2046 ὀχετῶν

2001 2095 2374 2156 ὑποδεκτικόν.

2071 2185 2180 2248 Tu;
2208 2180 2444 2244 ἀπτικάς
2469 2178 2546 2241 δὲ,
2572 2176 2633 2229 τὸ
2672 2171 2765 2227 τοῦ
2806 2164 3117 2241 προσφυοῦς
3138 2162 3171 2233 ἢ
3195 2159 3289 2213 τοῦ
3316 2158 3587 2229 βλάπτον·-

2000 2295 2090 2341 τος
2126 2279 2181 2328 ἐν
2206 2274 2399 2343 ἐπιστή
2411 2287 2485 2342 μη
2511 2262 2920 2336 διαγνωστικὸν.

2072 2339 2153 2422 Tu
2184 2339 2424 2439 βλέφαρα
2536 2361 2630 2415 καὶ
2655 2357 2753 2421 τὰς
2786 2352 3009 2425 ὀφρύας,
3039 2348 3101 2401 τὸ
3127 2345 3236 2399 τῶν
3278 2339 3590 2396 θεοπτικῶν

2003 2464 2238 2533 νοήσεων
2267 2452 2649 2528 φρουρητικόν.

2073 2555 2183 2629 Τὴν
2208 2550 2423 2623 ἡϐῶσαν
2453 2548 2509 2599 δὲ
2534 2546 2628 2599 καὶ
2648 2539 2899 2611 νεανικὴν
2926 2536 3161 2609 ἡλικίαν,
3189 2531 3251 2584 τὸ
3271 2530 3375 2600 τῆς
3410 2527 3588 2578 ἐπακ-

2008 2646 2281 2721 μαζοὺσης
2305 2644 2390 2697 ἀεὶ
2418 2639 2649 2710 ζωτικῆς
2673 2634 2954 2705 δυνάμεως
2978 2629 3043 2681 ⁸³.

2075 2737 2213 2799 Τοὺς
2240 2710 2471 2794 ’ὀδόντας
2505 2730 2595 2793 δέ,
2640 2727 2699 2778 τὸ
2729 2720 3054 2793 διαιρετικὸν
3099 2717 3197 2786 τῆς
3240 2710 3591 2783 ἐνδιδομένης

2004 2827 2269 2902 τροφίμου
2308 2821 2670 2890 τελειότητος’
2703 2814 2905 2882 ἑκάστη
2934 2809 3042 2880 γάρ
3083 2806 3243 2859 οὐσία
3274 2804 3459 2873 νοερὰ,
3487 2801 3594 2871 τὴν

2006 2894 2348 2992 δωρουμένην
2374 2916 2510 2983 αὐτῇ
2554 2910 2688 2982 πρὸς
2716 2908 2813 2977 τῆς
2849 2902 3125 2972 θειοτέρας
3164 2897 3371 2965 ὲνοειδῆ
3404 2894 3594 2963 νόησιν

2009 2982 2338 3083 προνοητικῇ
2360 2982 2583 3073 δυνάμει
2612 2998 2811 3069 διαιρεῖ
2836 2995 2930 3048 καὶ
2950 2987 3295 3061 πληθεύειδδ,
3324 2985 3463 3056 πρὸς
3491 2982 3596 3053 τὴν

2008 3080 2109 3174 τῆς
2135 3096 2565 3167 καταδεεστέρας
2590 3086 2937 3159 ἀναγωγικήν
2973 3080 3286 3149 ἀναλογίαν.

2082 3164 2221 3257 T02);
2268 3164 2557 3262 {latratu—6k
2606 3184 2699 3238 καὶ
2739 3181 2839 3244 τὰς
2881 3178 3118 3240 ὠλένας,
3160 3175 3255 3227 καὶ
3296 3164 3455 3233 αὖθις
3493 3168 3595 3230 τὰς

2012 3290 2229 3359 χεῖρας,
2273 3283 2333 3337 τὸ
2374 3276 2655 3352 ποιητικὸν
2682 3274 2778 3327 κα)⁸
2823 3266 3172 3341 ἐνεργητικὸν
3212 3265 3307 3317 καὶ
3359 3261 3595 3332 δραστή-

2017 3391 2150 3450 ριον.

2086 3467 2195 3538 Τὴν
2225 3466 2269 3518 δ’
2301 3459 2365 3517 αὖ
2407 3460 2664 3534 καρδίαν,
2710 3455 2974 3527 σύμϐολον
3013 3447 3152 3503 εἶναι
3178 3449 3276 3519 τῆς
3324 3442 3597 3504 θεοειδοῦς

2016 3559 2177 3632 ζωῆς,
2206 3559 2303 3629 τῆς
2346 3556 2444 3628 τὴν
2486 3552 2692 3606 οἰκείαν
2730 3546 2963 3617 ζωτικὴν
3003 3544 3228 3611 δύναμιν
3260 3535 3595 3606 ἀγαθοειδῶς

2015 3654 2095 3716 είς
2118 3652 2187 3705 τά
2221 3647 2591 3722 προνοούμενα
2619 3636 3057 3710 διασπειρούσης.
3204 3696 3207 3700 Α

2087 3743 2169 3798 Τά
2198 3720 2393 3813 στέρνα
2412 3739 2468 3791 δὲ
2494 3733 2647 3799 αὖθις
2673 3730 2955 3804 ἐμφαίνειν
2978 3727 3020 3759 ⁸⁸
3042 3726 3103 3779 τὸ
3130 3724 3464 3793 ἀδάμαστον,
3499 3720 3598 3771 καὶ

2015 3838 2075 3892 τὸ
2104 3811 2481 3908 φρουρητικδν,
2498 3830 2574 3893 ὼς
2600 3827 2691 3880 ἐπὶ
2716 3825 2813 3899 τῆς
2840 3817 3209 3890 ὑποκειμένης
3237 3811 3598 3887 καρδίας-τῆς

2020 3922 2280 3992 ζωοποιοῦ
2307 3921 2613 3982 διαδόσεως.

2089 4039 2171 4091 Tu
2193 4037 2248 4089 δὲ
2272 4034 2444 4097 νῶτα,
2478 4031 2540 4085 τὸ
2579 4024 2892 4084 συνεκτικδν
2916 4024 3026 4078 τῶν
3057 4020 3339 4090 ζωογόνων
3368 4017 3597 4073 ἀπασῶν

2017 4129 2318 4199 δυνάμεων.

2088 4221 2227 4283 Τοὺς
2254 4217 2417 4279 πόδας
2448 4216 2527 4279 δὲ,
2557 4214 2619 4268 τὸ
2641 4210 2939 4283 κινητικὸν,
2972 4206 3065 4259 καὶ
3100 4203 3192 4270 ὀξὺ
3224 4203 3319 4255 καὶ
3346 4202 3596 4270 ἐπρεχές

2018 4308 2118 4378 τῆς
2154 4307 2246 4360 ἐπὶ
2288 4305 2357 4357 τά
2404 4304 2523 4356 θεῖα
2569 4298 2898 4372 πορευτικῆς
2954 4292 3325 4363 ἀεικινησίας·
3377 4289 3457 4342 διὸ
3504 4289 3600 4340 καὶ

2021 4400 2355 4471 ὑποπτέρους
2384 4398 2418 4466 ὴ
2458 4393 2703 4462 θεολογία
2744 4389 2870 4453 τοὺς
2898 4386 3008 4441 τῶν
3051 4383 3219 4452 ἁγίων
3259 4381 3397 4435 νοῶν
3435 4384 3598 4450 ἐσχη-

348 4473 491 4501 Ὶ“’“¹“
542 4473 703 4483 """'"
753 4473 916 4495 r"""
948 4473 980 4474 η
1613 4473 1638 4479 -

348 4523 509 4595 pedes
543 4520 811 4590 theologia
854 4514 1036 4569 finxit.
1065 4511 1255 4565 Penna
1288 4507 1556 4577 siquidem
1588 4500 1829 4558 declarat
1851 4500 1903 4551 at

2071 4495 2213 4548 ατισε
2258 4489 2441 4551 πόδας.
2480 4486 2552 4538 Τὸ
2593 4484 2701 4555 γὰρ
2732 4480 2928 4552 πτερὸν
2958 4475 3214 4551 ἐμφαίνει
3249 4473 3349 4546 τὴν
3386 4473 3601 4541 ἀναγω-

2125 4585 2134 4595 -
2238 4580 2314 4595 ουρ
2548 4578 2629 4595 ηηε
2679 4570 2733 4595 Α
2784 4570 3028 4595 “2-1"..-”
3108 4566 3197 4595 ....t
3243 4564 3303 4595 ...λ
3356 4562 3493 4595 ..ηλι-
3538 4558 3599 4595 ,λ

348 4616 602 4673 sublimia
656 4612 888 4668 ducendi
951 4605 1340 4667 velocitatem,
1390 4607 1445 4652 et
1496 4595 1735 4653 caelestis
1797 4592 1922 4645 vita:

349 4721 591 4770 cursum,
621 4705 689 4759 ad
736 4700 1009 4757 anteriora
1063 4709 1282 4766 semper
1325 4700 1487 4761 atque
1524 4687 1753 4743 celsiora
1797 4698 1927 4754 pro-

350 4808 683 4863 moventem,
703 4803 759 4849 et
789 4806 985 4863 supera
1031 4784 1289 4859 petendo,
1320 4791 1541 4837 terrena
1592 4777 1921 4846 fugientem:

350 4898 654 4959 pennarum
689 4885 835 4941 enim
876 4880 1067 4937 levitas
1098 4878 1354 4946 designat
1385 4874 1438 4929 id
1481 4870 1625 4940 quod
1672 4864 1816 4920 nulla
1854 4878 1922 4917 ex

350 4988 510 5049 parte
550 4989 826 5033 terrenum
848 4983 952 5037 est,
984 4971 1078 5026 sed
1108 4986 1166 5024 se
1197 4978 1313 5023 toto
1347 4966 1465 5021 sine
1495 4958 1825 5015 admistione
1857 4966 1922 5008 ac

356 5070 619 5141 gravitate
640 5084 700 5124 su
711 5082 858 5121 rsum
880 5063 1082 5125 fertur;
1109 5060 1325 5113 nuditas
1349 5068 1483 5111 vero
1505 5050 1923 5115 calceorumque

356 5162 608 5232 privatio,
652 5161 905 5213 virtutem
939 5154 1089 5208 illam
1134 5152 1467 5206 abstractam
1505 5154 1559 5199 et
1586 5141 1923 5211 expeditam,

357 5264 410 5307 et
431 5266 617 5321 puram
649 5249 715 5302 ab
740 5247 888 5303 omni
914 5254 1140 5299 externo
1162 5242 1548 5301 additamento,
1580 5248 1699 5304 qua:
1729 5229 1927 5287 divinae

357 5342 704 5413 simplicitati.
738 5346 996 5410 quantum
1024 5335 1105 5391 fas
1125 5342 1228 5399 est,
1256 5328 1611 5387 assimilatur.

2024 4558 2184 4657 γικὴν
2228 4580 2495 4651 ὀξύτητα,
2544 4578 2640 4630 καὶ
2677 4570 2739 4627 τὸ
2781 4570 3062 4642 οὐράνιον,
3108 4566 3203 4617 καὶ
3243 4564 3305 4616 τὸ
3356 4562 3493 4633 πρὸς
3538 4558 3599 4611 τὸ

2024 4682 2249 4740 ἄναντες
2274 4673 2659 4745 ὀδοποιητικδν,
2691 4670 2786 4724 καὶ
2808 4668 2869 4721 τὸ
2900 4666 3099 4729 παντὸς
3147 4660 3488 4736 χαμαιζήλου
3513 4658 3601 4713 διὰ

2023 4772 2085 4826 τὸ
2110 4769 2385 4840 ἀνώφορον
2412 4763 2770 4839 ἐξῃρημένονο
2798 4762 2833 4832 ή
2857 4758 2914 4813 δὲ
2946 4757 3053 4811 τῶν
3098 4756 3313 4828 πτερῶν
3348 4753 3597 4825 ὲλαφρία,

2023 4864 2085 4918 τὸ
2130 4862 2269 4917 κατά
2324 4859 2487 4933 μηδὲν
2540 4856 2826 4929 πρόσγειον
2849 4891 2865 4919 ,
2928 4850 3041 4904 ἀλλ’
3087 4849 3207 4903 ὅλον
3255 4847 3472 4920 ἀμιγῶς
3509 4845 3601 4899 καὶ

2027 4957 2245 5030 ἀϐαρῶς
2280 4957 2372 5009 ἐπὶ
2400 4954 2460 5008 τὸ
2487 4950 2687 5024 ὑψηλὸν
2719 4947 3052 5019 ἀναγόμενον
3069 4962 3082 4975 ·
3112 4944 3175 4997 τὸ
3194 4943 3251 4996 δὲ
3274 4942 3479 5014 γυμνὸν
3508 4939 3603 4993 καὶ

2027 5050 2372 5112 ἀνυπόδετον,
2399 5047 2459 5099 τὸ
2480 5046 2699 5113 ἄφετον,
2728 5044 2822 5095 καὶ
2848 5039 3088 5103 εὔλυτον,
3120 5038 3215 5090 καὶ
3235 5034 3484 5106 ἄσχετον,
3508 5032 3602 5085 καὶ

2030 5136 2327 5209 καθαρεῦον
2364 5136 2461 5205 τῆς
2488 5133 2595 5186 τῶν
2644 5131 2797 5193 ἐκτὸς
2845 5127 3195 5200 προσθήκης,
3237 5125 3332 5179 καὶ
3369 5125 3431 5177 τὸ
3470 5122 3603 5194 πρὸς

2030 5232 2129 5303 τὴν
2157 5229 2430 5301 ἁπλότητα
2456 5227 2553 5297 τὴν
2580 5224 2728 5277 θείαν
2762 5223 2837 5287 ὡς
2865 5221 3083 5293 ἐφικτὸν
3110 5216 3528 5291 ἀφομοιωτικόν.

1632 5523 1718 5580 VA
1727 5521 1863 5578 Rl/E
1896 5516 2293 5576 LECTIONES.

434 5746 478 5776 δ’
507 5743 899 5811 ὀσφραντικῶν,
928 5733 996 5794 Μ.
1024 5737 1116 5792 Sc.
1147 5735 1214 5789 P.
1286 5731 1331 5763 ⁸³
1355 5728 1534 5786 subdit
1576 5726 1675 5783 Cit.
1709 5725 1846 5779 νέον.
1924 5722 1967 5754 νδ
2002 5717 2290 5788 umquam,
2318 5717 2381 5773 Ρ.
2413 5717 2472 5771 D.
2496 5713 2719 5782 C_lt.,,_”
2747 5709 3025 5783 ἐμφαίνει,
3051 5707 3120 5763 Μ.
