3734 6340
161 374 277 438 5'55

1154 372 1243 428 DE
1273 369 1598 428 C(ELESTI
1633 370 2079 459 HIERABCHIA,
2118 371 2268 427 CAP.
2308 372 2426 427 XV.

3327 378 3432 437 554

1711 511 1882 583 ςιν.

161 692 164 695 ’
248 678 390 733 Ἀλλ’
417 677 604 749 ἐπειδὴ
629 672 782 741 αὖθις
814 678 845 749 ἡ
876 677 1019 747 ἁπλῆ
1052 676 1146 729 καὶ
1176 676 1555 739 πολυποίκιλος
1588 677 1739 745 σοφία

1930 679 2217 743 Caeterum,
2250 691 2371 731 cum
2409 688 2595 729 rursus
2626 676 2854 745 simplex
2880 676 2965 730 illa
3003 686 3057 732 et
3091 678 3434 735 multiformis

162 774 261 827 xui.
283 772 411 835 τοὺς
436 772 696 832 ἁσκεπεῖς
725 769 1071 840 ἁμφιέννυσι,
1097 769 1192 820 καὶ
1221 768 1388 838 σκεύη
1426 767 1548 821 τινὰ
1569 768 1750 820 δίδωσι

160 866 491 938 περιφέρειν
518 864 719 925 αὐτοῖς,
763 861 894 931 φέρε
923 862 1020 913 καὶ
1055 860 1124 914 τὰ
1161 860 1269 913 τῶν
1308 861 1577 931 οὐρανίων
1614 859 1751 911 νοῶν

164 957 293 1029 ἱερὰ
317 955 542 1028 περιὸλή
552 972 693 1027 ματα
720 955 813 1006 καὶ
833 953 1058 1025 ὄργανα,
1088 952 1230 1006 κατὰ
1261 952 1321 1005 τὸ
1352 954 1483 1022 ἡμῖν
1506 950 1750 1013 δυνατὸν,

162 1045 587 1116 ἁναπτύξωμεν.

239 1139 353 1209 Τὴν
390 1138 489 1208 μὲν
530 1137 638 1207 γὰρ
671 1138 845 1207 φανὴν
886 1135 1092 1206 ἐσθῆτα
1123 1136 1216 1188 καί
1239 1136 1338 1205 τὴν
1372 1133 1593 1205 πυρώδη
1648 1150 1750 1203 ση-

166 1228 383 1300 μαίνειν
408 1227 589 1300 οἴομαι
621 1228 681 1281 τὸ
724 1228 953 1291 θεοειδές
1002 1225 1143 1281 κατὰ
1184 1226 1284 1297 τὴν
1319 1227 1492 1298 πυρὸς
1539 1225 1746 1287 εἰκόνα,

161 1321 264 1374 καὶ
290 1320 353 1374 rb
380 1320 704 1390 φωτιστικὸν
731 1317 822 1373 διὰ
848 1320 947 1382 τὰς
969 1320 1028 1373 ἐν
1060 1319 1273 1390 οὐρανῷ
1295 1317 1497 1389 λήξεις,
1528 1319 1662 1370 ὅπου
1686 1318 1745 1369 τὸ

163 1417 308 1486 φῶς,
345 1416 438 1468 καὶ
472 1413 532 1467 τὸ
562 1412 790 1466 καθόλου
835 1411 1039 1482 νοητῶς
1072 1393 1366 1481 ἐλλάμπον,
1402 1410 1497 1463 καὶ
1547 1407 1747 1479 νοερῶς

160 1505 213 1539 ⁸⁸
233 1502 643 1573 ἐλλαμπόμενον
679 1517 693 1529 ·
727 1500 827 1571 τὴν
856 1500 913 1553 δὲ
936 1501 1236 1571 ἱερατικὴν,
1270 1499 1331 1551 rb
1372 1499 1604 1575 rrpb;_r3t
1628 1499 1748 1551 θεῖα

161 1596 262 1649 καὶ
283 1595 354 1647 τὰ
386 1595 432 1626 ⁸⁷
462 1593 696 1665 μυστικὰ
717 1594 963 1664 θεάματα
985 1593 1421 1664 προσαγωγικὸν,
1451 1593 1625 1645 καὶτὸ
1649 1594 1747 1664 τῆς

163 1688 297 1759 ὅλης
326 1686 471 1758 ζωῆς
508 1686 909 1759 ἀφιερωμένον.
1654 1682 1659 1687 ’

238 1780 353 1844 Τὰς
385 1781 441 1834 δὲ
464 1779 657 1844 ζώνας,
683 1780 742 1833 τὸ
763 1778 871 1833 τῶν
902 1779 1141 1851 γονίμων
1174 1778 1353 1833 αὐτῶν
1387 1779 1750 1851 φρουρητικδν

157 1873 468 1941 δυνάμεων,
495 1872 587 1924 καὶ
620 1871 683 1923 τὸ
700 1871 800 1942 τὴν
832 1870 1147 1939 συνάγωγον
1175 1856 1354 1922 αὐτῶν
1378 1868 1511 1935 ἕξιν,
1540 1869 1620 1931 είς
1651 1869 1750 1921 αὐ-

158 1966 263 2036 τὴν
287 1964 332 1995 ⁸⁸
365 1962 582 2026 ὲνιαίως
606 1962 1029 2036 συνεστράφθαι,
1064 1964 1158 2016 καὶ
1186 1962 1371 2032 κύκλῳ
1431 1961 1548 2033 μετ’
1589 1962 1751 2014 εὐκο-

1858 770 2118 839 sapientia
2145 768 2319 823 nudos
2353 782 2573 837 quoque
2605 771 2819 832 vestiat,
2852 779 2907 824 et
2933 771 3181 839 quaedam
3210 772 3275 826 iis
3306 789 3431 826 vasa

1859 862 2039 916 tradat
2096 862 2249 930 131
2294 860 2761 919 circumferentia:
2813 862 3040 929 agedum
3100 864 3215 931 ipsa
3267 864 3432 917 etiam

1857 970 2011 1010 sacra
2054 954 2353 1009 coelestium
2402 954 2693 1023 spirituum
2738 954 3076 1023 operimenta
3130 966 3187 1010 et
3229 958 3434 1014 instru-

1856 1052 2062 1101 menta.
2098 1052 2257 1112 prout
2283 1056 2594 1111 possumus,
2624 1042 2978 1111 explicemus.

1923 1137 2003 1190 Ac
2046 1136 2277 1189 lucidam
2315 1134 2534 1203 quidem
2572 1143 2779 1188 vestem
2824 1136 3167 1207 igneamque,
3198 1140 3419 1209 signiﬂo‘

1856 1244 1984 1284 care
2030 1227 2270 1281 arbitror
2296 1224 2723 1280 deiformitatem
2749 1241 2814 1280 ex
2860 1227 3000 1295 ignis
3049 1230 3429 1294 similitudine,

1856 1330 1910 1375 et
1959 1320 2066 1373 vim
2126 1318 2460 1378 illustrandi.
2508 1326 2735 1387 propter
2779 1318 2901 1373 coeli
2957 1321 3429 1389 tranquillitatem.

1854 1417 1945 1469 ubi
1993 1414 2083 1468 lux
2114 1419 2226 1473 est,
2271 1422 2325 1465 et
2371 1410 2515 1479 quod
2554 1410 2779 1465 omnino
2821 1411 3143 1480 spiritaliter
3192 1414 3431 1469 illustrat

1854 1516 1909 1562 et
1937 1506 2277 1567 illustratur;
2298 1499 2633 1572 pontificiam
2662 1512 2871 1567 autem,
2895 1504 2949 1556 id
2974 1504 3118 1572 quod
3143 1504 3212 1558 ad
3242 1505 3430 1559 divina

1856 1598 2190 1670 mysticaque
2238 1593 2551 1665 spectacula
2597 1593 2880 1659 conducit,
2940 1602 3220 1662 totamque
3262 1596 3432 1649 vitam

1855 1697 2166 1743 consecrat.

1927 1782 2105 1837 Zonas
2138 1789 2319 1836 autem
2350 1794 2475 1835 esse
2504 1778 2764 1833 virtutum
2810 1779 3118 1834 custodiam
3169 1778 3433 1835 fecunda-

1855 1892 1999 1939 rum,
2026 1888 2325 1943 earumque
2376 1872 2624 1927 habitum
2670 1871 2985 1936 collectum,
3016 1872 3108 1942 qui
3139 1872 3192 1926 in
3227 1882 3433 1927 semet-

1857 1969 1975 2037 ipso
2033 1967 2391 2036 singulariter
2431 1977 2726 2019 conversus
2750 1996 2766 2026 ,
2808 1962 3126 2033 circuloque
3164 1963 3436 2020 concinno

164 2057 354 2125 σμίας,
383 2058 451 2126 τῇ
490 2052 866 2126 ἀμεταπτώτῳ
889 2052 1180 2125 ταύτότητι
1211 2055 1338 2125 περὶ
1373 2054 1572 2121 ἑαυτὴν
1595 2069 1739 2105 συνε-

1930 2057 2220 2128 ,Ιίεεὶριὼὶιί
2249 2055 2539 2111 identitate
2578 2053 2893 2109 succinctus
2927 2056 3019 2109 sit.

161 2146 470 2200 λίσσεσθαι.
542 2202 545 2205 _

1724 2257 1858 2331 5v.

236 2444 355 2508 Τὰς
387 2445 446 2498 δὲ
468 2441 535 2499 αὖ
572 2445 818 2517 ῥάϐδους,
850 2446 914 2499 τὸ
946 2444 1219 2517 βασιλικὸν
1271 2446 1365 2497 καὶ
1403 2441 1749 2513 ἡγεμονικὸν,

160 2539 260 2591 καὶ
285 2537 537 2592 εὐθέατά
566 2540 745 2593 πάντα
778 2536 1050 2608 περαῖνον.

236 2631 321 2683 Τὰ
338 2630 397 2683 δὲ
421 2630 621 2703 δόρατα
644 2633 738 2685 καὶ
773 2633 903 2695 τοὺς
936 2631 1204 2694 πελέκεις,
1237 2630 1300 2683 τὸ
1342 2630 1450 2683 τῶν
1485 2629 1750 2701 ἀνομοίων

157 2724 515 2794 διαιρετικὸν,
548 2724 643 2777 καί¹
681 2723 741 2777 rb
778 2721 887 2776 τῶν
939 2724 1289 2795 διακριτικῶν
1325 2723 1609 2793 δυνάμεων
1654 2720 1753 2787 ὀξὺ

160 2817 257 2869 καί
294 2815 540 2887 ὲνεργὲς,
573 2816 667 2869 καὶ
690 2815 1035 2887 δραστήριον.

238 2905 325 2959 Τὰ
354 2906 411 2959 δὲ
444 2906 794 2979 γεωμετρικὰ
833 2908 927 2960 καὶ
957 2906 1244 2959 τεκτονικὰ
1281 2904 1472 2976 σκεύη,
1501 2903 1563 2958 rb
1586 2904 1751 2974 θεμε-

161 2998 421 3051 λιωτικὸν
470 3001 564 3051 καὶ
610 2996 1041 3069 οίκοδομητικὸν,
1083 2997 1177 3050 καὶ
1216 2998 1278 3050 τὸ
1320 2997 1661 3051 τελειωτικὸν
1681 2998 1747 3062 ⁸⁸,

160 3090 259 3140 καὶ
312 3088 413 3140 ὅσα
458 3086 593 3141 ἄλλα
630 3086 731 3157 τῆς
770 3084 1056 3153 ὰναγώγου
1092 3086 1138 3117 ⁸ο
1184 3084 1279 3138 καὶ⁵
1314 3083 1750 3155 νέπιοτρεπτικῆς

160 3184 282 3235 ἐστι
311 3180 420 3233 τῶν
452 3179 722 3251 δευτέρων
757 3181 1034 3252 προνοίας.

240 3274 399 3325 Ἐστι
446 3273 504 3325 δὲ
536 3273 623 3325 ὅτε
656 3272 751 3325 καὶ
795 3272 905 3325 τῶν
952 3274 1031 3336 είς
1075 3274 1223 3344 ἡμᾶς
1269 3272 1587 3345 θεοκρισιῶν
1630 3273 1747 3326 ἐστι

1936 2440 2133 2513 Virgas
2177 2455 2306 2495 vero
2344 2440 2637 2510 designare
2668 2441 2871 2511 regiam
2905 2450 2959 2496 et
2988 2440 3232 2496 ducalem
3261 2442 3436 2508 digni-

1860 2545 2052 2601 tatem,
2098 2546 2414 2605 rectumque
2458 2550 2639 2590 rerum
2669 2536 2975 2589 divinarum
3015 2535 3433 2592 ordinationem.

1932 2626 2132 2681 Hastas
2160 2636 2213 2681 et
2243 2641 2487 2693 secures,
2519 2626 2627 2679 vim
2661 2623 2952 2679 dissimilia
2992 2624 3291 2689 dividendi,
3324 2628 3437 2680 vir-

1858 2727 2143 2788 tutumque
2181 2719 2491 2773 discernere
2532 2716 2833 2771 valentium
2876 2731 3109 2771 acumen
3156 2728 3207 2772 et
3246 2720 3439 2773 activi-

1859 2817 2050 2873 tatem,
2081 2818 2245 2879 atque
2268 2807 2675 2862 efﬁcacitatem.

1929 2899 2280 2956 Geometrica
2330 2897 2657 2967 fabriliaque
2707 2910 2857 2962 vasa,
2886 2896 3149 2951 fundandi
3181 2906 3236 2952 et
3270 2899 3440 2952 aediﬁ-

1859 2995 2019 3049 candi
2045 2992 2468 3061 absolvendique
2498 2990 2845 3057 facultatem,
2870 2998 2927 3044 et
2961 3005 3303 3060 quaecunque
3329 2992 3436 3044 alia

1855 3086 2149 3143 inferiores
2183 3086 2483 3142 adducendi
2528 3095 2585 3141 et
2629 3085 2983 3141 convertendi
3036 3085 3436 3154 providentiam

1856 3190 2214 3235 οοηεθτηυηι.

1854 3290 1889 3338 ι
1923 3271 2136 3327 Accidit
2190 3288 2410 3344 quoque
2466 3287 2883 3342 nonnunquam,
2942 3282 3003 3327 ut
3058 3273 3426 3329 instrumenta

162 3366 229 3420 σύ
239 3364 435 3437 μϐολα,
452 3364 522 3417 τὰ
548 3364 892 3436 πλαττόμενα
912 3366 1019 3417 τῶν
1042 3366 1213 3433 ἁγίων
1233 3366 1481 3435 ἀγγέλων
1505 3367 1739 3440 ὄργανα⁴

1932 3383 1978 3422 αι
2030 3368 2233 3421 sanctis
2279 3365 2486 3434 angelis
2533 3365 2907 3437 aﬂinguntur,
2955 3366 3263 3422 divinorum
3308 3381 3435 3435 erga

160 3461 274 3513 τῶν
322 3460 442 3530 μὲν,
476 3457 778 3529 δηλούντων
802 3460 1244 3530 ὲπανορθωτικὴν
1292 3462 1558 3523 παιδείαν,
1592 3460 1625 3532 ἢ
1669 3479 1750 3513 τι-

164 3552 351 3622 μωρὸν
382 3550 726 3621 δικαιοσύνην
757 3568 771 3581 ο
805 3551 913 3604 τῶν
958 3552 1015 3604 δὲ
1062 3553 1436 3622 περιστάσεων
1470 3554 1511 3585 ³¹
1537 3554 1751 3607 ἐλευθε-

164 3644 312 3715 ρίαν,
346 3643 378 3713 ῆ
412 3643 657 3707 παιδείας
696 3643 866 3707 τέλος,
900 3643 933 3715 ἢ
977 3644 1250 3716 προτέρας
1284 3645 1577 3709 εὐπαθείας
1616 3647 1752 3699 ἐπα-

161 3735 418 3805 νάληψιν,
464 3735 497 3805 ἦ
542 3736 860 3807 προσθήκην
923 3736 1124 3808 ἐτέρων
1165 3737 1403 3808 δωρεῶν,
1440 3738 1654 3810 μικρῶν
1715 3738 1749 3809 ἢ

165 3825 421 3895 μεγάλων
449 3865 464 3889 ,
535 3824 804 3895 αἰσθητῶν
852 3826 886 3897 ἢ
935 3826 1175 3896 νοητῶν·
1222 3828 1313 3880 καὶ
1366 3827 1503 3890 ὅλως
1545 3828 1646 3880 οὐκ
1686 3826 1751 3879 ἂν

162 3920 493 3992 ἀπορήσειεν
534 3919 563 3971 ό
621 3919 925 3989 διορατικὸς
969 3921 1013 3951 δ’
1039 3919 1205 3991 ςνοῦς,
1254 3922 1470 3983 οἰκείως
1513 3921 1751 3992 ἁρμόσαι

160 4015 276 4075 τοῖς
301 4011 535 4080 ἀφανέσι
550 4009 619 4064 τὰ
643 4012 959 4083 φαινόμενα.

1857 3476 1958 3515 nos
1980 3442 2308 3528 iudiciorum
2340 3458 2586 3531 Symbola
2617 3462 2882 3526 existant,
2918 3460 3049 3514 dum
3082 3460 3188 3513 alia
3219 3461 3439 3529 quidem

1856 3556 2243 3610 correctricem
2295 3555 2642 3625 disciplinam
2693 3556 3078 3625 vindicemque
3116 3556 3439 3623 justitiam,

1857 3645 1961 3699 alia
2004 3660 2137 3700 vero
2183 3644 2412 3715 periculi
2468 3644 2871 3709 liberationem,
2924 3646 3011 3699 vel
3044 3646 3345 3715 disciplinae
3379 3646 3442 3699 fi-

1858 3752 2006 3801 nem,
2052 3736 2139 3790 vel
2188 3737 2435 3805 pristina:
2481 3736 2764 3792 felicitatis
2820 3738 3252 3803 restitutionem,
3302 3738 3441 3792 alio-

1860 3843 2050 3882 rumve
2083 3841 2395 3891 munerum,
2429 3840 2551 3881 CIIII]
2586 3827 2912 3898 exiguarum
2940 3841 3063 3882 .lllfll
3095 3843 3435 3896 magnorum,

1857 3934 1984 3974 cum
2047 3919 2333 3999 sensilium
2390 3927 2501 3972 tum
2566 3919 3016 3974 intellectualium
3076 3920 3438 3989 adjectionem

1861 4009 2210 4063 manifestant
2231 4018 2252 4046 ι
2286 4026 2301 4073 ;
2327 4023 2504 4075 neque
2525 4023 2657 4063 vero
2680 4010 2945 4065 dubitavit
2966 4009 3077 4063 ullo
3097 4011 3259 4063 modo
3285 4025 3441 4064 meus

1856 4100 2167 4169 perspicax,
2214 4099 2454 4155 visibilia
2501 4099 2726 4172 proprie
2770 4099 2934 4155 rebus
2991 4115 3113 4169 qum
3159 4109 3439 4169 aspectmn

1856 4190 2078 4262 fugiunt
2103 4193 2537 4248 accommodare.

1730 4350 1759 4423 ς
1793 4349 1899 4409 v1.

239 4544 314 4597 Tb
338 4541 398 4595 δὲ
432 4539 527 4593 καί
555 4538 788 4610 ἀνέμους
814 4537 1016 4599 αὐτοὺς
1040 4531 1420 4605 ὀνομάζεσθαι,
1442 4533 1542 4605 τὴν
1571 4534 1757 4600 ὀξεῖαν

168 4630 349 4687 αὐτῶν
384 4628 638 4700 ἐμφαίνει
670 4629 766 4681 καὶ
791 4627 885 4680 ἐπὶ
927 4625 1105 4679 πάντα
1144 4624 1328 4694 σχεδὸν
1372 4625 1615 4695 ἁχρόνως
1642 4625 1757 4697 διή-

170 4708 371 4777 κουσαν
402 4720 619 4791 ποίησιν
652 4719 717 4784 ⁸³,
749 4720 843 4772 καὶ
871 4717 969 4790 τὴν
996 4716 1201 4771 ἄνωθεν
1237 4717 1330 4769 ἐπὶ
1362 4716 1431 4769 τὰ
1464 4717 1636 4782 κάτω,
1664 4718 1757 4771 καὶ

170 4810 325 4877 αὖθις
353 4815 420 4865 ὲκ
444 4811 553 4863 τῶν
578 4811 727 4864 κάτω
751 4809 887 4880 πρὸς
910 4807 971 4861 τὸ
995 4807 1220 4871 ἄναντες
1241 4807 1468 4878 διαπορθ
1478 4810 1744 4881 μευτικὴν

172 4903 405 4971 κίνησιν,
440 4900 542 4972 τὴν
573 4898 950 4952 ἀνατείνουσαν
988 4895 1087 4966 μὲν
1126 4893 1195 4947 τὰ
1249 4895 1474 4968 δεύτερα
1516 4900 1653 4970 πρὸς
1694 4900 1755 4952 τὸ

175 4993 476 5064 ὑπέρτερον
510 4988 662 5059 ὕψος,
697 4986 950 5041 κινοῦσαν
972 4987 1028 5039 δὲ
1073 4985 1144 5039 τὰ
1175 4986 1367 5058 πρῶτα
1396 4990 1534 5060 πρὸς
1563 5008 1757 5044 κοινω.

175 5085 328 5155 νικὴν
352 5084 449 5135 καὶ
491 5083 853 5153 προνοητικὴν
885 5082 994 5136 τῶν
1028 5082 1333 5153 ὐφειμένων
1366 5085 1611 5157 πρόοδον.
1658 5086 1753 5138 Εἵ-

176 5190 265 5227 ποι
297 5174 343 5227 δ’
366 5173 435 5227 ἄν
466 5189 552 5235 τις
602 5171 700 5243 τὴν
735 5172 831 5224 τοῦ
879 5173 1064 5244 ἁερίου
1111 5174 1418 5245 πνεύματος
1461 5177 1755 5247 ἁνεμιαίαν

272 5340 299 5370 ι
324 5329 488 5384 Num.
518 5343 664 5395 xm;
703 5328 749 5384 ll
780 5327 915 5401 Reg.
944 5346 1100 5398 xxw;
1134 5333 1304 5401 Apoc.
1341 5350 1441 5399 xx;
1476 5338 1644 5392 Amos
1677 5353 1804 5403 vm;
1840 5339 2012 5395 Zach.
2052 5358 2145 5407 ltl;
2188 5341 2304 5398 Jer.
2340 5360 2494 5402 ntv.

1936 4532 2090 4599 Quod
2119 4542 2305 4588 a‘utem
2338 4541 2486 4587 venti
2536 4534 2888 4593 nominentur
2917 4542 2962 4608 ⁸,
2997 4540 3102 4594 hoc
3130 4555 3318 4594 eorum
3349 4557 3440 4596 ce-

1864 4623 2031 4679 lerem
2062 4624 2386 4680 conficiendi
2414 4626 2681 4682 rationem
2706 4628 2936 4696 indicat,
2965 4630 3034 4684 ad
3060 4633 3243 4685 omnia
3271 4632 3440 4686 ferme

1862 4718 2068 4787 absque
2114 4728 2265 4774 mora
2309 4730 2708 4788 penetrantem,
2749 4737 2956 4792 susque
2986 4724 3160 4793 deque
3190 4724 3439 4779 ultroci«

1862 4819 2060 4880 troque
2096 4825 2531 4881 quaquaversum
2573 4815 2887 4882 permeandi
2934 4814 3269 4885 facultatem,
3319 4826 3439 4887 qua:

1860 4905 2125 4962 inferiora
2155 4909 2376 4979 quidem
2427 4911 2495 4965 ad
2532 4912 2870 4980 Superiorem
2914 4919 3229 4979 promoveat
3264 4910 3440 4964 subliu

1868 5000 2131 5064 mitatem,
2162 5000 2337 5070 prima
2373 5016 2505 5056 vero
2532 5010 2750 5057 moveat
2776 5003 2842 5055 ad
2889 5001 3173 5070 providum
3202 5011 3257 5055 et
3288 5017 3437 5056 com-

1860 5091 2238 5145 municantem
2272 5105 2330 5146 se
2370 5092 2722 5148 inferioribus
2758 5093 3033 5162 illapsum.
3060 5093 3241 5147 Possit
3270 5094 3437 5150 etiam

1860 5183 1995 5250 quis
2028 5183 2210 5239 dicere
2251 5194 2539 5239 ventosum
2570 5184 2701 5240 illud
2755 5201 2949 5241 nomen
3004 5187 3231 5256 spiritus
3277 5189 3434 5251 aerii,

2581 5354 2600 5385 τ
2627 5346 2760 5399 Dan.
2779 5365 2884 5421 vn;
2911 5349 3055 5407 Psal.
3085 5367 3223 5421 xvn;
3249 5366 3368 5410 cm.

1432 5490 1656 5544 VARI/13'.
1694 5491 2089 5551 LECTIONES.

253 5669 299 5749 ξ’
322 5666 614 5749 ἥινοερῶς,
641 5666 877 5749 Ξκῐξκῡ.
906 5666 1007 5749 Clu.
1037 5666 1141 5749 Sc..
1179 5667 1223 5698 "
1247 5668 1316 5721 τά
1340 5682 1444 5747 non
1477 5669 1674 5749 habent
1706 5670 1860 5749 P50.
1886 5675 2062 5749 (ἷίιηθε3
2085 5677 2184 5749 εἰς
2207 5679 2424 5749 ἑαυτήν,
2456 5679 2512 5731 S.
2546 5678 2605 5731 P.
2640 5678 2702 5731 Ι).
2731 5678 2822 5732 Sc.
2892 5680 2935 5711 δ’
2965 5682 3060 5733 καὶ
3085 5678 3429 5749 οἰκοδομικὸν

186 5735 1956 5827 91,.rlssa:.!’.~_.i’.'38%2993"fateri-“Iisapiam»;
1996 5746 2054 5802 οο
2100 5735 2199 5804 Chi
2246 5735 2422 5803 Sevi!
2472 5748 2517 5779 ι’
2554 5765 2643 5819 γρ.
2679 5749 3033 5822 διακριτικός-
3200 5735 3426 5823 πέῆσιν.

190 5810 247 5865 D.
274 5809 435 5866 Ch.at
459 5808 745 5878 explicatio
771 5816 854 5863 est
892 5805 1058 5875 illius,
1086 5821 1151 5863 ex
1184 5805 1399 5861 Maximi
1429 5805 1663 5866 scltolio'.
