3734 6318
352 333 456 392 855
1524 329 1581 385 S.
1619 327 1919 386 DIONYSII
1956 327 2420 385 AREOPAGITIE

351 447 658 505 ctelestium
675 448 1152 517 inte‘lligentiarum
1169 445 1589 501 deiformitatem
1606 446 1886 516 designare

2077 446 2362 517 τωνυμίαν,
2391 442 2556 498 καὶτὸ
2582 442 2809 506 θεοειδὲς
2832 443 2939 496 τῶν
2965 442 3227 516 οὐρανίων
3249 446 3387 500 νὸων
3406 448 3584 517 ὲμιραὶ-

353 542 624 611 siquidem
653 550 709 596 et
749 541 825 595 illi
856 543 1054 596 divinm
1083 539 1422 595 ellicacitatis
1456 539 1634 608 imago
1680 540 1885 609 quac-dat

2077 557 2134 593 ;ιν
2155 556 2167 568 ·
2196 538 2306 608 ἕχει
2340 537 2447 608 γὰρ
2480 534 2752 589 καὶτοῦτο
2790 535 3085 604 θεαρχικῆς
3119 537 3398 607 ἐνεργείας
3422 540 3585 593 εἰκόνα

353 634 498 687 inest
524 648 589 687 ac
623 632 793 703 flgura
827 630 994 704 (sicut
1016 632 1411 705 in'Symbolica
1442 631 1750 702 Theologia,
1769 632 1885 701 juxl

2077 631 2120 683 ιὶ
2144 630 2311 683 τύπον
2345 630 2439 701 (ὡς
2474 629 2534 681 ἐν
2568 626 2864 696 συμϐολικῇ
2915 626 3180 698 θεολογίᾳ,
3211 627 3355 683 κατὰ
3392 630 3489 701 τὴν
3511 644 3587 685 τε·

354 725 645 795 myslicam
710 733 948 795 quatuor
1003 724 1400 781 elementorum
1457 723 1884 794 explicationem

2077 721 2341 804 ιάστοιχον
2385 720 2514 789 ἡμῖν
2556 716 2926 785 ἀνακάθαρσιν
2959 715 3048 769 διὰ
3092 716 3361 773 ’πλειόνων
3406 722 3584 776 ἀποδέ-

346 814 513 884 132
563 815 810 883 pluribus
841 831 871 868 a
910 816 1066 871 nobis
1096 818 1527 871 demonstratum
1574 813 1702 886 est),
1733 831 1890 885 nemp

2077 828 2249 871 iactat,
2282 807 2493 863 κατὰτὸ
2515 809 2617 879 τῆς
2640 808 2855 879 φύσεως
2887 809 3163 878 κινητικὸν
3189 811 3282 864 καὶ
3312 813 3583 881 ζωογόνον,

348 908 417 961 ob
447 908 716 963 vivilicam
744 908 1098 962 mobilitatem
1128 908 1475 977 velocemqne
1499 917 1553 961 et
1582 907 1890 977 insuperabi

2077 904 2118 955 ιὶ
2161 903 2260 973 τὴν
2317 901 2493 967 ὀξεῖαν
2552 902 2646 955 καί
2694 901 2999 971 ἀκράτητον
3053 900 3313 973 χιὶιρησιν,
3367 906 3460 958 καὶ
3499 906 3583 977 τὴν

3496 330 3695 385 336‘

349 999 456 1053 lem
493 1007 753 1062 meatum,
780 1013 887 1053 nec
934 1013 1042 1053 non
1072 997 1467 1068 inaSpectabile
1497 997 1779 1052 latibulum
1809 1013 1926 1052 mo-

348 1090 590 1145 ventium
637 1090 1032 1159 principiorum
1075 1104 1139 1145 ac
1185 1089 1653 1148 terminationum.
1698 1089 1920 1155 Nescis,

348 1181 492 1234 enim
528 1180 722 1249 inquit,
756 1181 895 1234 unde
922 1181 1115 1244 veniat,
1143 1191 1235 1233 aut
1263 1198 1365 1250 quo
1397 1181 1554 1234 vadat
1585 1192 1637 1234 ιι.

417 1270 558 1336 Quin
600 1271 765 1325 etiam
807 1272 888 1326 eis
922 1272 1189 1341 theologia
1239 1272 1396 1328 nubis
1426 1273 1660 1343 speciem
1694 1270 1918 1342 aliingit.

347 1362 450 1416 hoc
514 1364 632 1431 ipso
695 1377 881 1418 sacras
946 1364 1329 1433 intelligentias
1386 1365 1668 1419 declarans
1722 1379 1922 1418 arcano

344 1454 582 1521 quodam
614 1454 815 1509 lumine
838 1455 1359 1524 supermundialiter
1388 1456 1640 1527 repletas,
1669 1457 1919 1528 primilu-

345 1560 468 1599 cam
500 1545 648 1599 illam
687 1548 1085 1616 apparitionem
1110 1551 1229 1605 sine
1253 1547 1395 1603 fastu
1426 1549 1727 1617 suscipere,
1754 1558 1920 1617 atque

347 1635 651 1691 luculenter
698 1638 944 1693 eamdem
990 1640 1044 1692 in
1091 1638 1354 1694 inferiora
1408 1653 1507 1709 per
1556 1639 1918 1693 remissiorem

2023 996 2297 1063 ἄγνωστον
2330 995 2460 1065 ἡμῖν
2491 993 2582 1046 καὶ
2615 993 2842 1063 ἀόρατον
2875 994 3214 1065 κρυφιότητα
3251 995 3360 1049 τῶν
3393 1014 3584 1069 κινητι-

2022 1088 2134 1140 κῶν
2158 1087 2341 1158 ἀρχῶν
2370 1086 2461 1139 καὶ
2493 1084 2983 1158 ἀποπερατὼσεων.
3012 1088 3093 1141 Οὐ
3115 1086 3222 1159 γὰρ
3242 1087 3429 1155 οἶδας,
3446 1092 3583 1161 φησί,

2022 1180 2205 1233 πόθεν
2231 1181 2486 1247 ἔρχεται,
2518 1178 2616 1232 καὶ
2646 1178 2762 1232 ποῦ
2792 1178 3024 1248 ὑπάγει.

2104 1267 2264 1320 Ἀλλά
2296 1269 2389 1321 καὶ
2412 1267 2639 1339 νεφέλης
2671 1268 2853 1332 αὐτοῖς
2907 1268 3053 1323 ἰδέαν
3089 1269 3122 1339 ἡ
3157 1268 3406 1337 θεολογία
3437 1285 3586 1341 περι-

2021 1362 2262 1427 πλάττει,
2313 1350 2652 1431 σημαίνουσα
2684 1360 2773 1414 διὰ
2812 1358 3025 1425 τούτου,
3075 1363 3204 1425 τούς
3245 1362 3427 1433 ἱεροὺς
3470 1362 3586 1426 νόας

2018 1453 2113 1507 τοῦ
2168 1454 2268 1526 μὲν
2314 1453 2544 1526 κρυφίου
2600 1454 2775 1523 φωτὸς
2825 1453 3208 1524 ὐπερκοσμίως
3252 1453 3589 1525 ἀποπληρου-

2023 1547 2215 1619 μένους
2246 1547 2312 1611 ⁸⁸,
2354 1545 2453 1618 τὴν
2499 1547 2897 1617 πρωτοφανῆδε
2918 1546 3327 1619 πρωτοφάνειαν
3345 1548 3391 1579 ⁵⁸
3439 1549 3591 1601 ἀνεκ-

2020 1637 2347 1707 πομπεύτως
2394 1636 2820 1707 είσδεχομένους,
2850 1637 2943 1689 καὶ
2971 1635 3178 1707 ταύτην
3222 1637 3474 1707 ἀφθόνως
3517 1639 3591 1702 εἰς

347 1726 764 1782 illustrationem
804 1744 900 1798 pro
938 1730 1150 1785 illorum
1195 1740 1355 1799 captu
1390 1730 1791 1793 transfundere,
1819 1747 1884 1785 ne

2077 1748 2086 1782 ι
2132 1728 2360 1801 δεύτερα
2401 1728 2808 1800 δευτεροφανῶς
2864 1729 2958 1780 καὶ⁹
3005 1728 3286 1797 ἀναλόγως
3338 1729 3592 1801 διαπορθ-

348 1831 454 1871 non
502 1818 622 1873 illas
660 1818 882 1889 insuper
920 1819 1288 1887 fecunditate,
1319 1831 1481 1891 atque
1518 1822 1788 1877 animandi
1821 1837 1886 1875 au

2077 1820 2285 1886 εύοντας
2302 1839 2315 1852 ν
2336 1822 2553 1893 καὶμὴν
2573 1820 2730 1874 ὅτιτὸ
2743 1820 2961 1891 γόνιμον
2982 1821 3185 1884 αὐτοῖς,
3200 1821 3294 1874 καὶ
3310 1820 3589 1886 ζωοποιὸν,

344 1909 613 1980 gelidique
651 1925 713 1965 ac
757 1911 1074 1981 perficiendi
1121 1914 1323 1968 virtute
1360 1922 1641 1984 prmstare,
1692 1921 1890 1983 prepte

2077 1916 2113 1969 ιὶ
2140 1914 2447 1984 αὐξητικὸν,
2479 1913 2573 1966 καὶ
2600 1912 2940 1967 τελειωτικὸν
2975 1913 3289 1985 ἐνυπάρχει,
3327 1912 3472 1966 κατά
3498 1915 3592 1985 τὴν

342 2001 734 2057 intellectualis
766 2002 960 2058 imbris
997 2005 1432 2084 generationem,
1461 2021 1583 2075 qua:
1612 2005 1890 2077 subjectuu

2077 2006 2213 2077 ητὴν
2252 2003 2633 2076 ὀμϐροτοκίαν,
2672 2002 2769 2073 τὴν
2800 2002 2891 2056 τὸν
2934 2003 3203 2074 ὲκδόχειον
3239 2004 3442 2058 κόλπον
3477 2019 3593 2059 πια-

344 2093 446 2148 sibi
502 2095 771 2164 gremium
825 2093 1294 2164 impinguantibns
1342 2097 1542 2163 pluviis
1594 2097 1662 2151 ad
1719 2096 1886 2152 vitale

2077 2114 2155 2160 οις
2176 2096 2349 2160 ὑετοῖς
2374 2096 2467 2149 ἐπὶ
2487 2092 2721 2161 ζωτικάς
2754 2093 2947 2159 ὠδῖνας
2985 2096 3413 2170 ὲκκαλουμένην.

343 2185 705 2255 partitudines
736 2186 1000 2241 informat
1018 2196 1069 2239 ν.

1860 2302 1886 2375 §
1922 2300 2064 2363 VII.

421 2489 574 2556 Quod
605 2489 651 2545 si
672 2502 890 2559 quoque
918 2489 1043 2543 aeris
1072 2498 1129 2544 et
1160 2489 1348 2544 electri
1392 2489 1745 2559 lapidumque
1770 2491 1910 2545 mul-

342 2580 633 2636 ticolorum
676 2581 915 2650 speciem
960 2580 1234 2652 theologia
1286 2581 1604 2637 coelestibus
1660 2582 1914 2637 essentiis

340 2673 714 2727 accommodat
756 2688 770 2725 :
809 2671 1067 2727 electrum
1102 2674 1346 2743 quidem,
1384 2683 1445 2729 ut
1473 2674 1616 2745 quod
1664 2675 1781 2729 auri
1823 2691 1913 2731 ar-
1946 2692 1953 2699 '

340 2764 597 2833 gentique
641 2764 869 2817 formam
915 2780 1026 2834 pra:
1072 2779 1132 2820 se
1180 2763 1359 2832 ferat;
1396 2764 1449 2819 in
1491 2780 1625 2822 auro
1668 2767 1909 2836 quidem,

342 2854 646 2922 putredinis
695 2865 977 2925 expertem
1034 2864 1089 2910 et
1140 2856 1577 2925 inconsumptum
1632 2858 1912 2928 minuique

338 2945 580 3001 nescium
624 2956 790 3017 atque
846 2947 1211 3004 lnviolabilem
1263 2948 1605 3018 Splendorem
1649 2966 1667 3005 :
1716 2950 1770 3004 in
1820 2966 1912 3006 ar-

337 3045 501 3107 gento
542 3046 723 3092 autem
768 3035 1021 3105 lucidam,
1063 3039 1448 3109 caelestemque
1484 3039 1794 3095 claritatem
1822 3042 1916 3096 dc-

340 3132 516 3179 notat.
660 3138 663 3139 '

2090 2490 2153 2541 Εἰ
2176 2488 2232 2543 δὲ
2270 2489 2365 2542 καὶ
2410 2487 2631 2559 χαλκοῦ,
2674 2489 2768 2543 καὶ
2824 2484 3114 2559 ἠλέκτρου,
3160 2488 3255 2541 καί
3298 2487 3464 2543 λίθων
3506 2507 3591 2543 πο-

2018 2579 2387 2650 λυχρωμάτων
2416 2577 2553 2643 εἶδος
2585 2582 2618 2650 ἡ
2652 2579 2897 2648 Θεολογία
2928 2581 3048 2642 ταῖς
3072 2577 3348 2650 οὐρανίαις
3388 2579 3586 2642 οὐσίαις

2019 2672 2325 2745 περιτίθησι
2349 2690 2361 2703 ’
2390 2673 2451 2726 τὸ
2478 2674 2576 2744 μὲν
2602 2673 2883 2745 ἦλεκτρον,
2903 2673 2980 2737 ὡς
3014 2671 3321 2744 χρυσοειδὲς
3357 2672 3473 2743 ἅμα
3500 2672 3588 2725 καὶ

2020 2765 2384 2838 ἀργυροειδὲς,
2428 2765 2681 2835 ἐμφαίνει
2728 2765 2826 2836 τὴν
2874 2764 3135 2834 ἄσηπτον,
3170 2764 3244 2826 ὡς
3290 2766 3348 2815 ὲν
3385 2764 3585 2834 χρυσῷ,

2018 2858 2114 2910 καὶ
2140 2856 2430 2920 ἀδάπανον,
2449 2855 2542 2909 καὶ
2561 2855 2851 2925 ἀμείωτον,
2869 2858 2961 2909 καὶ
2981 2856 3246 2926 ἄχραντον
3276 2853 3551 2921 διαύγειαν
3569 2872 3582 2885 ο

2020 2949 2113 3003 καὶ
2162 2948 2261 3017 τὴν
2311 2946 2502 3016 φανὴν,
2536 2945 2613 3009 ὼς
2658 2947 2715 2999 ὲν
2756 2945 3001 3017 ἀργύρῳ,
3036 2946 3129 2999 καὶ
3173 2945 3459 3015 φωτοειδῆ,
3501 2946 3587 2998 καὶ

2019 3038 2276 3112 οὐρανίαν
2297 3037 2508 3107 αἴγλην.

410 3217 528 3274 ΑΞΓὶ
562 3219 882 3290 rero,juxta
919 3221 1159 3277 rationes
1189 3224 1517 3291 assignatas,
1546 3223 1631 3280 vel
1662 3225 1801 3295 ignis
1827 3240 1890 3280 ve

2081 3220 2172 3292 Τῷ
2203 3220 2260 3274 δὲ
2294 3217 2500 3290 χαλκῷ,
2533 3216 2672 3270 κατὰ
2701 3216 2827 3280 τοὺς
2860 3215 3218 3279 ἀποδοθέντας
3249 3216 3296 3246 ⁸⁸
3315 3214 3582 3285 λόγους,ῆ

337 3309 456 3363 auri
485 3308 696 3377 Species
720 3308 1091 3367 attribuenda.

417 3396 585 3452 Porro
613 3397 852 3466 lapidum
880 3399 1252 3458 multicolores
1287 3404 1515 3472 species,
1546 3403 1631 3459 vel
1660 3404 1709 3458 in
1737 3420 1912 3475 quan-

341 3496 452 3542 tum
500 3488 656 3554 albae,
713 3488 845 3558 quid
904 3489 1176 3556 lucidum;
1231 3492 1318 3546 vel
1371 3508 1475 3562 qua
1538 3494 1734 3559 rubrae,
1781 3492 1911 3562 quid

340 3580 592 3648 igneum;
625 3579 711 3635 vel
745 3595 851 3649 qua
901 3580 1072 3646 ﬂavae,
1107 3584 1236 3653 quid
1280 3598 1537 3649 aureum;
1580 3585 1665 3640 vel
1692 3601 1798 3655 qua
1826 3587 1909 3641 vi-

340 3672 509 3738 rides,
530 3671 771 3739 juvenile
812 3672 1091 3742 quidpiam
1125 3690 1189 3729 ac
1225 3675 1410 3746 vigens
1456 3676 1768 3748 significare
1811 3692 1912 3746 pu-

340 3766 515 3820 tandte
540 3773 670 3823 sunt
697 3781 715 3823 :
742 3773 905 3836 atque
936 3764 1011 3821 ita
1048 3767 1344 3822 secundum
1371 3782 1642 3839 quamque
1675 3768 1908 3838 speciem

335 3871 553 3927 quoque
591 3858 879 3927 mysticam
908 3859 1199 3928 quamdam
1240 3858 1541 3929 typicarum
1590 3860 1908 3928 imaginum,

335 3964 458 4019 qua:
482 3949 550 4004 ad
577 3963 809 4018 superna
838 3959 1078 4015 revocet,
1116 3951 1355 4022 reperias
1378 3951 1800 4021 expositionem.

405 4041 515 4097 Sed
553 4043 811 4110 quoniam
835 4043 903 4098 de
927 4042 1013 4098 his
1045 4043 1181 4098 satis
1210 4058 1239 4098 a
1271 4044 1429 4099 nobis
1457 4058 1555 4113 pro
1588 4042 1728 4098 virili
1758 4050 1912 4114 parte

335 4129 539 4185 dictum
565 4146 685 4188 esse
709 4133 970 4199 arbitror,
996 4136 1067 4187 ad
1094 4148 1313 4189 sacram
1359 4133 1668 4189 caelestium
1708 4132 1912 4189 intelli-

337 4224 643 4293 gentiarum
670 4239 768 4295 per
797 4224 1099 4281 bestiarum
1142 4225 1351 4282 formas
1385 4239 1770 4296 expressarum
1807 4240 1908 4282 ex-

336 4314 692 4385 plicationem
720 4316 1111 4371 transeundum
1135 4323 1236 4372 est.

2014 3310 2074 3365 τὸ
2099 3309 2363 3381 πυρῶδες,
2403 3308 2434 3378 ἢ
2462 3308 2524 3360 τὸ
2555 3306 2865 3378 χρυσοειδὲς
2896 3307 3286 3377 ἀπονεμητέον.

2084 3402 2194 3466 Τὰς
2226 3401 2283 3454 δὲ
2314 3399 2420 3454 τῶν
2446 3398 2607 3452 λίθων
2635 3398 3095 3468 πολυχρωμάτους
3141 3396 3281 3460 ἰδέας
3305 3396 3585 3466 ἐμφαίνειν

2012 3494 2240 3565 οἰητέον,
2266 3493 2299 3562 ἢ
2351 3491 2426 3555 ὡς
2457 3490 2676 3554 λευκὰς,
2716 3489 2777 3542 τὸ
2810 3489 3096 3558 φωτοειδές
3116 3506 3128 3518 ·
3165 3488 3198 3559 ἢ
3228 3494 3303 3555 ὡς
3332 3490 3582 3563 ἐρυθρᾶς.

2012 3585 2074 3638 τὸ
2120 3584 2404 3657 πυρῶδες·
2447 3583 2480 3655 ἢ
2519 3583 2595 3646 ὼς
2657 3580 2875 3648 ξανθὰς,
2934 3582 2994 3635 τὸ
3045 3580 3386 3652 χρυσοειδές·
3429 3580 3462 3649 ῆ
3514 3581 3583 3643 ὡς

2013 3677 2258 3749 χλοεράς,
2284 3676 2345 3729 τὸ
2376 3676 2621 3729 νεανικὸν
2648 3677 2741 3728 καὶ
2765 3677 2998 3746 ἀκμαῖον
3022 3692 3036 3705 ·
3067 3674 3160 3727 καὶ
3201 3674 3323 3726 καθ’
3358 3674 3584 3726 ἕκαστον

2014 3765 2152 3832 εἶδος
2189 3770 2440 3841 εὑρήσεις
2483 3766 2831 3837 ἀναγωγικὴν
2874 3764 2983 3827 τῶν
3031 3764 3272 3819 τυπικῶν
3292 3766 3336 3797 ⁵⁷
3365 3763 3585 3817 εἰκόνων

2015 3859 2407 3931 ἀνακάθαρσιν.

2095 4038 2233 4091 Ἀλλ’
2260 4038 2455 4111 ἐπειδὴ
2480 4038 2651 4092 ταῦτα
2673 4038 2814 4092 κατά
2844 4038 3072 4109 δύναμιν
3106 4040 3237 4109 ἡμῖν
3270 4037 3583 4109 ἀρκούντως

2012 4128 2263 4202 εἰρῆσθαι
2299 4130 2521 4201 νομίζω,
2561 4132 2801 4202 μετιτέον
2840 4130 2933 4183 ἐπὶ
2964 4133 3062 4202 τὴν
3097 4128 3245 4201 ίεράν
3285 4129 3583 4194 ἀνάπτυξιν

2012 4224 2115 4295 τῆς
2146 4224 2254 4277 τῶν
2277 4223 2545 4297 οὐρανίων
2576 4224 2709 4277 νοῶν
2735 4224 3017 4296 ίεροτύπου
3039 4223 3415 4296 Θηρομορφίας
3446 4223 3518 4277 ⁸⁸.

1838 4478 1865 4551 §
1902 4474 2073 4538 VIII.

403 4662 484 4718 Ae
522 4660 696 4720 leonis
747 4664 965 4733 quidem
1008 4666 1185 4721 forma
1227 4664 1509 4720 declarare
1546 4664 1782 4734 putanda
1822 4675 1890 4721 est

2077 4664 2188 4719 Καὶ
2214 4664 2313 4735 τὴν
2338 4663 2438 4737 μὲν
2476 4664 2686 4729 λέοντος
2712 4664 2923 4736 μορφὴν
2960 4662 3242 4734 ἐμφαίνειν
3280 4658 3497 4731 οἰητέον
3530 4659 3587 4711 τὸ

334 4753 443 4809 vim
488 4752 635 4810 illam
670 4756 1023 4826 principalem
1055 4771 1121 4813 ac
1150 4753 1426 4811 robustam
1465 4764 1628 4825 atque
1657 4755 1906 4812 indoma-

334 4846 521 4913 bilem,
551 4862 659 4917 qua
698 4846 787 4903 isti
828 4847 1195 4904 occultissimo
1222 4846 1512 4904 ineliabilis
1554 4847 1722 4903 divini
1755 4849 1905 4916 prino

332 4940 544 5008 cipatus
574 4954 775 4997 arcano
814 4954 911 5009 pro
941 4939 1084 4995 virili
1117 4939 1327 4997 similes
1361 4940 1598 4997 evadere
1628 4940 1902 5007 nituntur,

334 5030 659 5099 spiritalium
679 5031 1032 5101 vestigiorum
1050 5033 1401 5102 eoopertione
1419 5032 1752 5103 mysticeque
1771 5047 1905 5101 sup-

2012 4757 2353 4829 ὴγεμονικὸν,
2390 4758 2485 4812 καὶ
2526 4758 2825 4831 ῥωμαλέον,
2880 4758 2974 4811 καὶ
3011 4755 3339 4826 ἀδάμαστον,
3375 4755 3476 4808 καὶ
3524 4752 3586 4804 τὸ

2012 4848 2146 4919 πρὸς
2167 4849 2265 4920 τὴν
2298 4850 2633 4920 κρυφιὸτητα
2666 4850 2767 4920 τῆς
2793 4849 3128 4920 ἀφθέγμονος
3164 4846 3445 4918 θεαρχίαςι
3484 4845 3582 4913 ὅση

2009 4935 2254 5007 δύναμις,
2285 4938 2683 5009 ἀφομοιωτικὸν
2704 4941 2770 5010 τῇ
2798 4938 2905 4993 τῶν
2930 4935 3129 5007 νοερῶν
3166 4934 3328 5004 ἰχνῶν
3358 4949 3585 5005 περικα-

2009 5026 2184 5097 λύψει,
2220 5030 2313 5083 καὶ
2347 5032 2414 5100 τῇ
2443 5029 2718 5101 μυστικῶς
2750 5027 3177 5100 ἀνεκπομπεύτῳ
3207 5027 3250 5058 ⁵³
3290 5026 3580 5097 περιστολῇ

334 5132 521 5189 presso
561 5133 869 5176 commeatu
904 5121 1026 5183 viae,
1065 5136 1185 5189 qua:
1223 5121 1292 5176 ad
1329 5122 1501 5191 ipsum
1532 5136 1630 5192 per
1664 5120 1890 5177 divinat:

2078 5136 2104 5182 ς
2144 5119 2285 5174 κατὰ
2312 5121 2461 5177 Θείαν
2499 5121 2760 5193 ἔλλαμψιν
2802 5121 2888 5174 ἐπ’
2911 5121 3081 5192 αὐτὴν
3130 5120 3462 5191 ἀνατατικῆς
3489 5134 3582 5171 πο-

336 5213 754 5270 illustrationem
785 5213 1075 5270 inducebat
1097 5226 1145 5267 ι.

410 5381 438 5411 (ι
464 5373 619 5429 Joan.
645 5388 738 5439 ιιι,
763 5372 818 5427 8.
891 5380 918 5409 ν
942 5370 1112 5440 Apoc.
1141 5388 1196 5427 χ.
1274 5387 1301 5412 ι
1331 5375 1499 5441 Apoc.
1530 5386 1602 5426 IV.
1630 5413 1641 5421 .

2012 5211 2183 5282 ρείας.

1597 5546 1829 5606 VARle
1870 5546 2248 5604 LECTIONES
2268 5584 2286 5604 .

411 5667 637 5734 ⁵³φωτὸς
689 5665 1238 5737 ὐπερπληρουμένους
1254 5706 1268 5728 ,
1286 5664 1369 5737 Μ.

342 5740 463 5795 Sar.
534 5739 579 5771 ⁸⁸
604 5753 693 5807 γρ.
718 5737 1126 5809 θηριομορφίας.

1466 5665 1511 5698 ⁵⁸
1542 5663 1934 5735 φωτοφάνειαν,
1968 5663 2031 5717 D.
2104 5663 2150 5695 ⁵⁸
2182 5663 2629 5735 ἀποδεδομένους,
2675 5663 2774 5722 Ch.
2852 5664 2896 5698 '7
2925 5662 3266 5729 τυπωτικῶν,
3303 5663 3361 5721 δ,
3394 5658 3455 5717 Ρ,
3506 5660 3565 5715 D.

1206 5736 1249 5766 δί’
1272 5736 1701 5808 ἀνεκπορεύτως,
1742 5734 1809 5791 Μ.
1838 5735 1895 5792 S.
1926 5743 2232 5792 correctum
2264 5744 2443 5793 tamen
2474 5737 2527 5790 in
2550 5736 2653 5794 hoc
2677 5751 2791 5789 των
