3722 6302
76 273 148 330 διε
581 282 693 338 DE
732 283 1072 341 C(ELESTI
1107 283 1550 350 IIIERARCBIA,
1584 286 1737 344 CAP.
1770 286 1961 341 XV.—
1994 284 2338 342 PARAPHR.
2374 284 2842 341 PACIIYMEIUE.

3262 287 3373 343 3-56

89 393 288 463 ιῦρὴσεις
310 395 382 449 τδ
418 396 669 469 θερμόν
695 419 712 431 ο
776 402 898 469 πῶς
948 399 1060 471 γὰρ
1093 400 1163 454 ἂν
1205 402 1300 454 καὶ
1330 402 1551 473 ἐκινήθη

1900 411 2063 466 teret,
2124 402 2278 472 juxta
2336 400 2508 456 illud:
2566 400 2798 468 Spiritus
2830 398 3042 453 Domini
3102 400 3370 469 ferebatur

96 489 180 555 ira
206 484 462 557 πνεῦμας
529 491 703 545 κατὰ
750 494 816 548 τό
835 512 848 528 ο
900 494 1144 570 Πνεῦμα
1174 493 1323 549 Θεοῦ
1366 494 1684 563 ἐπεφέρετο

105 574 249 630 ἐπάνω
271 576 380 631 τοῦ
426 577 708 646 ὕδατος.
752 583 830 636 Τὸ
859 583 914 637 δὲ
940 582 1155 653 πνεῦμα
1186 583 1406 646 πάντως
1434 583 1528 638 τοῦ
1561 584 1686 655 θερ-

111 666 182 740 μου
225 667 467 739 μετέχει.
528 672 735 725 καθ’ὂ
792 675 887 727 καὶ
938 673 1219 745 εὐκίνητον
1270 675 1408 737 ἐστι,
1460 676 1554 728 καὶ
1596 674 1687 729 διὰ

113 766 280 817 ιδιά-πων
313 764 504 833 φοιτᾷ,
532 763 699 837 πλὴν
765 766 1013 837 ἀμιγῶς·
1066 766 1187 820 οὐδὲ
1223 765 1336 838 γὰρ
1366 767 1497 820 αὐτὸ
1548 768 1686 837 πρὸς

110 856 181 925 τὴν
201 854 319 925 ὕλην
354 854 727 924 μιγνύμενον
780 859 1207 930 μεταϐάλλεται,
1263 859 1401 912 ἀλλὰ
1427 858 1528 930 τὴν
1553 859 1685 929 ὓλην

109 951 166 1010 εἰς
206 949 353 1001 ἑαυτὸ
414 951 764 1023 μεθίστησι.
814 954 888 1007 Τὸ
942 953 1072 1006 αὐτὸ
1128 955 1222 1006 καὶ
1279 955 1558 1026 παμφαὲς,
1596 954 1685 1007 ὅτε

104 1042 179 1111 τῆς
218 1040 344 1111 ὕλης
375 1042 807 1114 ὲπιδράξεταιο
850 1047 944 1099 καὶ
996 1045 1226 1116 κρύφιον
1257 1046 1381 1099 καθ’
1405 1047 1559 1110 αὑτδ’
1609 1046 1684 1117 μὴ

105 1134 437 1206 προκειμένης
465 1134 615 1205 ὕλης
638 1154 656 1168 ο
732 1139 825 1202 τίς
867 1137 976 1210 γὰρ
1024 1138 1210 1209 βλέπει
1240 1140 1302 1193 τὸ
1331 1141 1391 1193 ὲν
1419 1142 1492 1211 τῇ
1526 1140 1690 1211 πυρί-

104 1228 186 1279 τιδι
207 1226 332 1298 πῦρ,
382 1229 433 1280 εί
467 1230 549 1299 μή
587 1246 663 1297 γε
728 1230 1041 1303 ὲκκρουσθῇ
1096 1234 1192 1287 καὶ
1224 1232 1358 1305 ὕλης
1388 1233 1535 1297 τινὸς
1565 1234 1688 1287 ὲπι-

102 1318 368 1403 ὃράξτδῖαις
416 1321 515 1391 Μὴ
558 1317 662 1375 οὖν
701 1321 866 1391 λέγει
916 1325 1024 1376 Καὶ
1060 1324 1181 1387 πῶς
1224 1324 1346 1394 δίχα
1377 1324 1523 1388 τινὸς
1555 1324 1688 1395 ὕλης

105 1409 379 1481 σπινθῆρες
406 1410 754 1475 ὲξάπτονται
780 1429 796 1477 ;
850 1414 1011 1467 κάκεῖ
1042 1412 1151 1483 γὰρ
1194 1412 1292 1483 ὕλη
1330 1431 1414 1477 τις
1446 1414 1594 1466 ἐστίν
1613 1430 1627 1444 ·
1656 1417 1687 1467 ὁ

100 1502 193 1573 γὰρ
220 1502 652 1574 συνθλιϐόμενος
705 1505 840 1576 ἀὴρ,
879 1506 1057 1575 μέσων
1086 1505 1209 1559 τῶν
1233 1506 1682 1578 συνθλιϐομένων,

101 1594 287 1657 ἐκεῖνος
330 1597 481 1647 ἐστιν
505 1597 588 1659 ὡς
612 1595 722 1667 ὓλη
758 1600 875 1660 τοῖς
907 1597 1372 1668 ἀποπαλλομένοις
1426 1597 1687 1668 σπινθῆρ-

103 1703 191 1749 civ,
222 1688 305 1750 είς
327 1687 385 1739 ὃν
418 1688 725 1757 ἀναφαίνει
758 1688 825 1741 τὸ
855 1688 967 1761 πῦρ
998 1690 1096 1760 τὴν
1128 1692 1335 1744 οἰκείαν
1382 1693 1679 1765 ἐνέργειαν.

105 1776 346 1845 Ἀσχετόν
376 1778 551 1841 ἐστιν,
590 1780 767 1832 οἱονεὶ⁹
825 1780 1090 1851 μηδεμίαν
1132 1783 1324 1853 ἑτέραν
1357 1785 1540 1854 σχέσιν
1561 1785 1683 1855 ἕχον

102 1869 223 1937 πρὸς
255 1869 355 1938 τὴν
414 1869 575 1940 ὓλην,
614 1872 667 1923 εἰ
732 1871 810 1942 μὴ
875 1872 1017 1925 κατὰ
1067 1874 1129 1927 τὸ
1175 1873 1419 1946 δαπανᾷν
1470 1879 1677 1949 αὑτήν·

102 1959 257 2011 καθ’ὃ
320 1961 737 2031 σημαινόμενον
798 1961 1013 2031 λέγεται
1057 1966 1150 2016 καὶ
1208 1966 1455 2031 ἀϐίωτος,
1512 1970 1609 2039 οὐχ
1655 1972 1684 2022 ὁ

103 2049 494 2120 περιφρονητὴς
551 2050 668 2103 τῶν
716 2053 1083 2123 πραγμάτων,
1139 2054 1307 2108 ἀλλ’ὁ
1348 2055 1426 2125 τῷ
1453 2055 1552 2127 βίῳ
1585 2076 1685 2110 κα-

102 2138 458 2209 ταχρώμενος.
499 2142 632 2194 Ὅτι
690 2141 751 2194 δὲ
815 2142 974 2195 τοῦτο
1002 2144 1152 2215 δηλοῖ
1195 2147 1256 2199 τὸ
1311 2146 1556 2216 ἄσχετον,
1593 2152 1686 2203 καὶ

101 2230 206 2298 οὐχὶ
252 2232 317 2283 τὸ
372 2232 738 2303 ἄκρατητον,
800 2234 864 2287 ἐκ
919 2234 1014 2287 τοῦ
1070 2237 1248 2305 λέγειν
1312 2240 1472 2293 πάλιν
1541 2242 1685 2313 ἰδίως

101 2323 416 2393 ἀκράτητον,
446 2324 639 2395 δῆλον.
689 2325 1055 2399 Ἀθεώρητον,
1088 2330 1177 2382 ὅτε
1233 2332 1356 2402 δίχα
1382 2334 1526 2396 τινος
1553 2333 1685 2405 ὕλης

98 2415 403 2469 ἐπινοεῖται.
480 2418 976 2489 Αὑτοκρατητικὸν
1034 2423 1319 2487 ἁπάντων,
1379 2428 1541 2479 οἱονεὶ
1591 2428 1683 2496 ἀφ’

95 2508 274 2561 ἑαυτοῦ
309 2509 586 2581 κρατοῦν,
622 2512 725 2564 καὶ
785 2513 858 2581 μὴ
912 2515 1043 2585 παρ’
1081 2514 1268 2585 ἐτέρου
1332 2518 1680 2589 κινούμενονο

94 2600 386 2671 Ξδιαιτάτην
421 2600 542 2672 γὰρ
586 2601 866 2673 διαφορὰν
898 2604 958 2656 τὸ
982 2604 1182 2676 θερμὸν
1214 2607 1347 2677 ἔχει,
1404 2608 1462 2675 ἐξ
1488 2606 1548 2664 οὗ
1593 2612 1686 2664 καὶ

86 2688 136 2737 ἐν
158 2690 370 2760 ἑτέροις
405 2693 441 2760 ἡ
480 2692 715 2763 κίνησις
740 2692 974 2759 γίνεται.
1019 2694 1389 2750 Ἀλλοιωτικὸν
1429 2699 1566 2767 πρὸς
1587 2700 1685 2770 τὴν

80 2782 279 2834 οἰκείαν
306 2782 634 2854 ἐνέργειαν,
688 2785 751 2836 ὲν
778 2779 860 2839 οἷς
893 2785 960 2839 ἂν
990 2786 1211 2859 γένηται
1231 2806 1244 2819 ⁸
1289 2792 1431 2843 καίει
1463 2792 1571 2863 γὰρ
1592 2795 1686 2846 καὶ

74 2873 98 2922 6
132 2872 353 2943 σίδηρος
405 2874 789 2945 ὲκπυρωθείς.
856 2878 1216 2933 Μεταδοτικδν
1267 2886 1379 2945 τοῖς
1437 2884 1685 2937 ὁπωσοῦν

72 2962 484 3033 πλησιάζουσιο
537 2966 685 3037 πρὸς
730 2964 843 3039 γὰρ
894 2969 987 3021 τὸν
1028 2971 1061 3041 ἢ
1110 2974 1447 3046 προσεχῆ,ἢ
1497 2976 1685 3049 πόρρω

1807 493 1969 563 138
2001 510 2161 562 super
2194 508 2360 561 aquas
2388 493 2456 547 5?
2483 492 2719 562 Spiritus
2745 503 2928 546 autem
2951 492 3178 547 omnino
3198 493 3367 559 parti-

1790 601 1922 654 ceps
1947 594 2031 639 est
2063 585 2286 648 caloris,
2324 598 2423 652 per
2447 598 2607 653 quem
2633 595 2689 639 et
2714 583 2925 639 mobilis
2946 592 3029 638 est
3056 593 3110 638 et
3135 598 3231 653 per
3251 598 3369 637 οιιιι

1787 678 1877 731 nia
1933 688 2100 741 meat,
2144 691 2342 731 verum
2399 676 2736 745 impermiste
2766 698 2779 731 :
2815 688 2990 744 neque
3022 674 3167 730 enim
3231 656 3367 743 ipse,

1784 769 1914 823 dum
1966 782 2090 823 cum
2155 768 2390 822 materia
2447 768 2854 832 commiscetur,
2906 770 3244 833 immutatur,
3274 769 3368 822 sed

1788 861 2080 915 materiam
2115 860 2168 914 in
2200 874 2260 915 se
2289 870 2645 920 transmutat.
2672 860 2816 915 Idem
2861 874 3075 929 quoque
3108 875 3365 928 perquam

1786 951 2019 1016 lucidus,
2048 966 2173 1006 cum
2199 952 2484 1006 materiam
2512 951 2904 1021 apprehendit;
2927 960 2977 1005 et
3007 952 3251 1006 occultus
3274 967 3371 1021 per

1786 1057 1870 1107 se,
1907 1058 2031 1096 cum
2089 1058 2199 1097 non
2233 1043 2390 1097 adest
2445 1043 2695 1097 materia.
2752 1041 2884 1107 Quis
2929 1042 3075 1096 enim
3126 1043 3276 1097 videt
3315 1043 3369 1096 iu

1760 1135 1960 1217 .pyrite
1989 1134 2193 1203 ignem,
2220 1135 2322 1190 nisi
2354 1134 2691 1199 excutiatur,
2728 1142 2785 1189 et
2810 1134 3095 1189 materiam
3128 1134 3367 1203 aliquam

1787 1224 2137 1294 prehendat?
2171 1224 2251 1278 Ne
2308 1225 2479 1292 igitur
2525 1233 2674 1295 pete,
2725 1226 3002 1294 quomodo
3043 1225 3161 1281 sine
3188 1226 3369 1295 aliqua

1788 1315 2019 1370 materia
2045 1312 2301 1370 scintilla:
2323 1316 2735 1370 accendantur:
2772 1330 2897 1369 nam
2923 1327 2978 1371 et
3001 1316 3077 1371 ibi
3126 1318 3371 1386 quaedam

1786 1416 1872 1460 est
1901 1407 2132 1462 materia
2166 1430 2177 1464 :
2212 1406 2443 1462 collisus
2469 1406 2618 1460 enim
2655 1422 2749 1462 aer
2781 1409 2923 1463 inter
2959 1408 3047 1462 illa
3071 1408 3373 1481 quaz'colli-

1788 1498 2010 1564 duntur,
2044 1498 2136 1553 ille
2166 1501 2320 1569 quasi
2347 1500 2579 1555 materia
2610 1501 2865 1555 scintillis
2886 1502 3155 1564 excussis,
3184 1502 3237 1555 in
3265 1516 3375 1570 quo

1786 1598 1841 1644 et
1874 1592 2015 1662 ignis
2058 1607 2213 1647 suam
2240 1592 2624 1653 elﬁcacitatem
2674 1593 3009 1649 manifestat.
3050 1592 3377 1649 Intolerabi-

1786 1684 1852 1737 lis
1874 1695 1979 1748 est,
2013 1695 2073 1739 ut
2106 1687 2198 1755 qui
2228 1686 2431 1740 nullam
2470 1686 2636 1740 aliam
2664 1688 3039 1743 habitudinem
3071 1688 3279 1742 haheat
3306 1689 3373 1742 ad

1786 1776 2098 1841 materiam,
2130 1778 2232 1833 nisi
2264 1778 2331 1831 ad
2357 1779 2794 1833 consumendam
2827 1796 2982 1844 eam;
3027 1780 3184 1843 juxta
3209 1795 3374 1849 quam

1785 1870 2243 1939 significationem
2279 1870 2483 1924 dicitur
2514 1871 2681 1925 etiam
2720 1871 2987 1936 ἀϐίωτος,
3028 1872 3078 1924 id
3114 1880 3199 1925 est
3231 1873 3375 1939 quod

1789 1978 1911 2018 cum
1943 1978 2004 2017 ea
2041 1963 2149 2017 vivi
2180 1977 2287 2017 non
2313 1963 2505 2032 possit,
2540 1978 2645 2017 non
2670 1966 2793 2032 quia
2818 1971 3162 2032 contemptor
3181 1975 3263 2018 est
3291 1978 3375 2017 re-

1790 2070 1936 2118 rum,
1994 2056 2085 2108 sed
2135 2056 2261 2123 quia
2314 2055 2426 2108 vita
2493 2055 2751 2111 abutitur.
2802 2053 2915 2109 Hoc
2975 2062 3155 2108 autem
3210 2069 3371 2108 sensu

1786 2144 1890 2198 dici
1941 2143 2172 2213 ἄσχετον
2229 2158 2322 2198 seu
2409 2144 2829 2208 intolerabilem,
2894 2152 2949 2198 et
3013 2159 3119 2199 nou
3193 2143 3370 2214 ἀκρά-

1783 2252 1985 2305 τητον,
2045 2237 2096 2290 id
2153 2244 2239 2291 est
2286 2238 2719 2300 incontinentem,
2766 2250 2833 2290 ex
2885 2250 2951 2289 eo
2998 2234 3369 2299 manifestum,

1785 2327 1927 2396 quod
1961 2327 2157 2381 iterum
2194 2326 2324 2380 dicit
2375 2326 2685 2397 ἀκράτητον
2711 2366 2725 2392 ,
2760 2341 2853 2380 seu
2905 2327 3075 2380 teneri
3109 2327 3369 2380 nescium.

1787 2418 2082 2473 Invisibilis
2115 2419 2278 2472 etiam
2338 2427 2440 2482 est,
2473 2417 2691 2486 quando
2743 2418 2862 2472 sine
2901 2418 3080 2485 aliqua
3140 2418 3369 2471 materia

1788 2512 2183 2566 consideratur.
2238 2508 2345 2563 Per
2398 2524 2457 2563 se
2498 2509 2678 2563 omnia
2713 2508 2915 2571 domat,
2941 2518 3192 2576 tanquam
3222 2523 3251 2560 a
3283 2522 3371 2561 se-

1789 2603 2021 2671 metipso
2074 2601 2399 2671 prarvalens,
2449 2609 2503 2655 et
2542 2615 2649 2654 non
2724 2599 2794 2653 ab
2840 2598 2949 2652 alio
2995 2606 3207 2662 motus;
3239 2611 3373 2667 pro-

1790 2694 2068 2763 priissima
2099 2701 2279 2747 autem
2334 2692 2451 2761 ejus
2498 2691 2804 2745 differentia
2833 2699 2916 2743 est
2962 2690 3129 2753 calor,
3157 2704 3223 2743 ex
3263 2704 3372 2758 quo

1786 2786 1947 2839 etiam
1975 2784 2029 2838 in
2062 2782 2182 2837 aliis
2207 2793 2385 2838 motus
2411 2782 2489 2837 fit.
2520 2782 2773 2836 lmmutat
2804 2782 3099 2849 alteratque
3127 2781 3191 2833 ad
3215 2796 3369 2833 suam

1788 2874 2160 2944 operationem
2200 2873 2290 2927 illa
2345 2874 2541 2941 quibus
2577 2873 2885 2927 insederit:
2913 2887 3037 2925 nam
3069 2880 3124 2924 ct
3164 2872 3371 2924 ferrmn

1788 2966 2015 3035 ignitum
2040 2966 2168 3019 urit.
2199 2965 2592 3033 Quoquomodo
2629 2962 3011 3018 accedentibus
3035 2976 3093 3015 se
3119 2976 3369 3015 comma»

86 3053 435 3128 πλησιασμδν
471 3058 825 3129 ἐκπυροῦται
846 3060 907 3112 τὸ
934 3064 1355 3134 παρακείμενον.
1377 3068 1556 3121 Ἀνανε

1898 3066 1973 3112 it:
2010 3058 2063 3111 id
2094 3058 2238 3111 enim
2270 3057 2414 3126 quod
2464 3055 2754 3125 apponitur
2794 3068 2893 3122 pro
2935 3054 3143 3107 ratione
3175 3052 3368 3105 vicina:

82 3148 343 3213 κὸν,,καθ’
385 3150 417 3202 ὅ
459 3151 675 3222 θερμόν
697 3169 712 3181 ο
768 3153 894 3206 ἐπεὶ
916 3153 1024 3227 γὰρ
1050 3155 1110 3209 τὸ
1136 3158 1311 3228 γῆρας
1353 3159 1557 3231 ψυχρὸν
1592 3164 1681 3215 καὶ

79 3238 423 3312 ἱεισκξνητον,
460 3245 497 3313 ἡ
551 3244 753 3314 νεότης
803 3242 1012 3317 θερμή·
1048 3250 1140 3300 καὶ
1190 3248 1526 3323 θερμουργὸς
1558 3256 1585 3306 ὁ
1616 3256 1687 3308 τὰ

79 3331 152 3383 τοῦ
170 3332 303 3385 νέου
321 3333 736 3405 ἐργαζόμενος.
767 3336 927 3389 Κατὰ
953 3337 1108 3391 τοῦτο
1123 3339 1231 3412 γὰρ
1247 3342 1414 3394 καὶτὸ
1438 3346 1687 3398 ὁπωσοῦν

84 3420 272 3492 Θερμὲνν
295 3426 361 3476 ὲν
383 3426 529 3495 ἡμῖν
550 3425 819 3497 ζώπυρον
838 3426 1071 3495 λέγεται,
1096 3431 1176 3483 ὅτι
1195 3431 1317 3485 καθ’
1337 3434 1547 3486 αὐτοῖο·
1570 3436 1686 3489 νεά-

87 3512 257 3582 ζομεν.
279 3518 639 3570 ⁴ιιωτισειτικόν
662 3520 807 3581 ἐστι,
834 3520 926 3572 καλ⁵
951 3522 983 3591 ἡ
1012 3520 1273 3593 ἔλλαμιῖιιε
1298 3525 1461 3578 αὑτοῦ
1495 3527 1685 3598 ἀπερι-

89 3604 352 3669 tilum;
388 3606 523 3659 καθ’
558 3607 757 3678 αὑτήν.
797 3609 885 3679 Μὴ
932 3611 1039 3682 γάρ
1088 3628 1177 3682 μοι
1238 3612 1362 3681 λέγε
1387 3614 1455 3667 τὰ
1487 3616 1685 3681 ἔξωθεν

91 3695 546 3768 ἐπικαλύμματα,
604 3700 742 3751 αὐτὸ
790 3700 899 3771 γὰρ
934 3703 1092 3756 πάλιν
1135 3706 1461 3772 φωτιστικὸν
1510 3708 1682 3779 μένει,

93 3782 175 3833 κᾶν
213 3788 492 3857 μυριάκις
526 3788 1033 3861 περικαλύπτηται.
1102 3793 1460 3867 ’Λκράτητοψ
1503 3799 1551 3849 εί
1577 3798 1685 3869 γὰρ

94 3878 168 3927 καὶ
205 3880 268 3931 ὲν
322 3883 395 3951 τῇ
433 3879 540 3951 ὕλῃ
577 3881 898 3952 κατέχεται,
956 3884 1071 3938 ἀλλ’
1101 3888 1198 3957 οὐχ
1246 3888 1331 3940 ἴνα
1379 3889 1528 3963 σώσῃ
1552 3891 1683 3944 ταύ-

94 3984 194 4037 την,
230 3971 541 4044 καὶταύτῃ
602 3978 763 4045 συνῇ,
814 3974 1041 4030 ἀλλ’ἵνα
1100 3977 1415 4049 δαπανῆσαν
1446 3982 1682 4052 οἴχηται.

103 4058 323 4128 Ἀμιγές
350 4080 363 4092 ·
414 4065 526 4117 τίνι
571 4064 683 4137 γὰρ
710 4065 810 4119 καὶ
838 4066 1050 4139 μιχθείη
1073 4086 1087 4133 ;
1141 4070 1356 4121 ὑπείκει
1380 4072 1487 4143 γὰρ
1512 4072 1685 4145 τούτῳ

96 4152 263 4203 πάντα
320 4155 421 4206 καὶ
482 4156 737 4226 τήκεται.
812 4157 1193 4229 Διακριτικόν·
1260 4161 1521 4230 διακρίνει
1576 4163 1685 4235 γὰρ

95 4246 181 4306 τὰς
226 4246 402 4311 ὔλας,
450 4242 566 4301 οἷον
611 4250 722 4302 ἀπὸ
756 4250 999 4321 ἀργύρου
1047 4252 1309 4323 μόλιϐδον.
1374 4256 1687 4310 Ἀναλλοίω-

96 4356 199 4401 τον,
250 4343 379 4396 καθ’
426 4344 456 4396 ὃ
492 4345 554 4397 οὐ
590 4344 820 4398 δυνατὸν
861 4346 1111 4415 μένοντος
1154 4349 1249 4401 τοῦ
1285 4352 1643 4423 ὑποκειμένου
1667 4393 1681 4419 ,

1796 3150 1881 3204 vel
1926 3158 2148 3205 remoue
2195 3148 2613 3219 prepiuquitatis
2666 3148 2915 3217 ignescit.
2974 3146 3247 3209 Renovat,
3314 3143 3368 3196 in

1790 3251 2053 3313 quantum
2081 3243 2293 3297 calidus
2320 3250 2404 3300 εει
2436 3262 2448 3297 :
2479 3241 2743 3310 siquidem
2768 3246 3020 3295 senectus
3063 3235 3262 3307 frigida
3286 3242 3371 3289 est

1794 3347 1845 3390 et
1877 3334 2171 3389 difficulter
2195 3341 2461 3395 movetur.
2492 3332 2749 3402 juventus
2780 3346 2912 3385 vero
2950 3329 3126 3384 calida
3151 3334 3270 3391 est;
3316 3336 3371 3380 et

1796 3424 2003 3479 fervide
2057 3424 2170 3494 agit
2218 3424 2466 3493 quisquis
2520 3436 2685 3490 opera
2728 3421 2860 3475 facit
2916 3417 3195 3488 juvenilia.
3234 3416 3370 3470 Nam

1788 3516 1975 3579 etiam,
2012 3514 2313 3569 secundmn
2360 3515 2483 3576 hoc,
2528 3512 2793 3581 quidquid
2845 3512 2897 3564 in
2950 3509 3107 3564 nobis
3134 3507 3370 3563 calidum

1788 3616 1894 3670 est,
1932 3606 2160 3676 ignitum
2194 3620 2288 3661 seu
2342 3604 2619 3659 vivificum
2650 3606 2874 3669 dicitur,
2908 3602 3036 3673 quia
3067 3604 3372 3657 secundum

1790 3703 1893 3756 hoc
1926 3701 2357 3771 juvenescimus.
2408 3699 2648 3753 Lucidus
2677 3707 2787 3761 est,
2817 3698 3056 3766 etipsius
3088 3696 3368 3749 illumina-

1791 3794 1867 3846 tio
1895 3808 1991 3861 per
2032 3806 2090 3845 se
2135 3790 2394 3844 abscondi
2445 3790 2655 3858 nequit.
2708 3786 2895 3856 Neque
2938 3800 3068 3839 vero
3115 3784 3371 3838 mihiob-

1782 3883 1983 3953 jeceris
2012 3883 2319 3935 extrinseca
2345 3880 2632 3944 velamina;
2690 3879 2805 3947 ipse
2831 3878 2975 3932 enim
3022 3890 3214 3928 rursus
3236 3875 3287 3926 in
3313 3888 3372 3927 se

1788 3977 1998 4030 lucidus
2033 3986 2239 4040 manet,
2279 3973 2389 4027 etsi
2422 3972 2619 4025 millies
2648 3980 2880 4039 tegatur.
2914 3967 3112 4022 Teucri
3140 3965 3369 4034 nequit:

1787 4084 1911 4121 nam
1958 4066 2086 4122 licet
2135 4065 2189 4119 in
2243 4064 2472 4119 materia
2524 4062 2897 4123 contineatur,
2942 4073 3049 4112 non
3102 4064 3282 4109 tamen
3312 4064 3371 4108 ut

1787 4169 1968 4218 servet
1992 4159 2164 4222 illam,
2221 4156 2409 4225 illique
2454 4156 2693 4215 uuiatur,
2739 4152 2833 4204 sed
2866 4158 2924 4203 ut
2957 4162 3019 4201 ea
3050 4155 3369 4213 consumpta

1790 4255 2031 4317 recedat,
2089 4251 2514 4322 impermistus:
2562 4246 2649 4302 cui
2708 4246 2852 4299 enim
2902 4242 3125 4297 misceri
3177 4241 3368 4309 possit,

1789 4366 1911 4405 cum
1955 4364 2020 4402 eo
2065 4350 2252 4402 omnia
2304 4348 2646 4415 subigantur,
2694 4351 3004 4409 cunctaque
3042 4353 3373 4393 consuman-

100 4431 229 4483 τοῦτ’
258 4434 412 4488 ἔστιν
443 4437 619 4506 αὐτῆς
639 4436 742 4507 τῆς
768 4437 955 4501 οὐσίας
984 4439 1079 4491 τοῦ
1111 4442 1299 4511 πυρὸς,
1328 4445 1568 4513 μεταὸάλ

1902 4440 1915 4492 ?
1970 4436 2331 4492 Discernendi
2390 4441 2499 4489 vim
2559 4433 2762 4487 habet:
2801 4430 3067 4499 siquidem
3113 4429 3372 4483 materias

104 4522 218 4575 αὐτὸ
264 4526 325 4577 ὲν
373 4529 495 4589 τοῖς
540 4525 816 4591 πάθεσιν,
881 4525 988 4581 οἷον
1034 4531 1282 4597 γενέσθαι
1321 4534 1453 4586 αὐτὸ
1482 4550 1679 4605 στρογ-

107 4612 290 4677 γύλον,
341 4616 377 4685 ἦ
434 4617 761 4684 γωνοειὸὲς,
817 4618 952 4690 ὅπερ
1010 4620 1067 4673 ἐν
1114 4625 1225 4687 τοῖς
1278 4624 1486 4693 γηῖνοις
1536 4625 1682 4679 ἔστιν

109 4706 293 4775 εὖρείνο
345 4709 380 4779 ἤ
412 4709 615 4761 παθεῖν
650 4708 725 4761 τὰ
752 4709 848 4761 τοῦ
880 4709 1069 4781 ἀέρος,
1130 4707 1241 4766 οἷον
1280 4715 1556 4786 φθαρῆναι
1595 4716 1684 4772 διὰ

111 4796 197 4849 τῶν
233 4800 702 4873 ἀναθυμιάσεων·
766 4802 799 4872 ἦ
853 4804 1212 4874 παχυνθῆναι,
1269 4809 1301 4877 ἢ
1357 4810 1450 4860 καὶ
1500 4811 1576 4871 ὼς
1622 4812 1683 4863 τὸ

116 4886 234 4962 ὕδωρ
276 4894 588 4964 μεταϐολὰς
630 4894 913 4961 δέξασθαι.
962 4898 1285 4970 Ἀνώφορον,
1333 4902 1469 4956 ἀλλὰ
1517 4905 1685 4970 ὀξέως

123 4981 255 5047 ῥέπον
282 4990 360 5051 εἰς
414 4988 576 5058 ὕψος,
643 4988 743 5041 καὶ
797 4989 1048 5059 οὐδεμιᾶς
1077 4993 1328 5064 ἀνέχεται
1362 4998 1685 5067 περιπεζίας

126 5071 341 5141 ὒφὲσεως.
381 5080 754 5149 Ἀεικίνητον,
818 5078 850 5147 ἥ
907 5080 993 5134 διὰ
1032 5082 1131 5153 τὴν
1166 5084 1263 5137 τοῦ
1298 5088 1499 5151 παντὸς
1542 5090 1683 5142 κατὰ

127 5170 378 5240 περιφορὰν
422 5172 680 5241 κίνησιν,
742 5168 777 5237 ἣ
843 5171 935 5222 καὶ
979 5172 1110 5226 διότι
1158 5175 1475 5230 ἁεικινεῖται
1533 5178 1681 5233 ἐνθεν

126 5259 325 5315 κάιείθεν
385 5266 491 5334 τὴν
558 5262 708 5330 ὓλην
749 5260 1023 5328 δαπανῶν,
1080 5265 1407 5337 δηλουμένου
1462 5269 1678 5335 ὡσανεὶ,

122 5346 179 5400 ὃτι
234 5352 579 5427 δυσχεραίνει
669 5351 774 5421 τὴν
846 5352 976 5424 ὓλην
1002 5395 1017 5419 ,
1092 5360 1185 5411 καὶ
1253 5360 1463 5430 ταχέως
1542 5361 1681 5415 θέλει

122 5440 568 5501 ἀποσκευάσασθαι
602 5443 707 5496 τὸν
739 5441 956 5513 δεσμόν.
1001 5448 1398 5522 Ταὺτοκίνητον
1418 5470 1431 5483 ’
1477 5454 1680 5524 ταύτην

173 5561 330 5618 δϐευ.
363 5581 414 5625 ι,
445 5562 511 5616 9..

1790 4540 1851 4587 ut
1914 4530 1983 4585 ab
2060 4538 2288 4602 argento
2375 4527 2653 4599 plumbum
2737 4522 3024 4577 discernit.
3110 4520 3372 4573 lmmuta-

1792 4625 1916 4679 bilis
1980 4634 2114 4689 est,
2197 4632 2470 4692 quatenus
2548 4616 2889 4687 impossibile
2964 4623 3048 4668 est
3120 4621 3371 4667 nianente

1794 4718 2081 4786 subjecto,
2160 4716 2263 4771 hoc
2330 4725 2415 4768 est
2475 4713 2663 4766 eadem
2728 4710 2865 4781 ignis
2937 4717 3174 4769 natura,
3212 4702 3372 4772 139

1792 4810 1986 4863 niutari
2038 4810 2215 4877 ipsum
2266 4810 2318 4862 in
2368 4806 2810 4876 proprietatibus,
2873 4801 3016 4854 velut
3064 4814 3186 4852 eum
3248 4797 3366 4850 fieri

1790 4902 2080 4956 rotundum
2141 4902 2222 4955 vel
2281 4900 2633 4969 angularem,
2694 4894 2836 4965 quod
2898 4894 2950 4947 in
3019 4889 3369 4945 terrestribus

1786 4994 2032 5047 invenire
2082 4994 2237 5058 licet;
2294 5004 2385 5044 aut
2435 4989 2579 5045 acris
2632 4988 2992 5058 proprietates
3042 4982 3368 5045 admittere,

1785 5088 1926 5139 sicut
1957 5101 2053 5154 per
2083 5085 2529 5154 evaporationem
2558 5078 2868 5147 corrumpi;
2902 5075 2986 5131 vel
3020 5074 3365 5136 condensari,

1788 5182 1872 5235 vel
1901 5182 2044 5235 sicut
2074 5195 2270 5249 aquam
2300 5178 2631 5233 mutationes
2664 5177 2964 5243 suscipere.
2996 5171 3225 5225 Sursum
3256 5170 3367 5223 fer-

1788 5282 1895 5339 tur,
1926 5274 2020 5327 ‘sed
2054 5272 2301 5327 celeriter
2326 5272 2379 5325 in
2411 5272 2579 5324 altum
2616 5284 2866 5338 serpens,
2899 5265 3102 5318 nullam
3132 5263 3357 5317 sustinet

1787 5363 2109 5432 dejectionis
2137 5364 2423 5417 vilitatem.
2453 5361 2687 5428 Semper
2716 5367 2982 5420 movetur,
3017 5356 3134 5409 sive
3166 5369 3361 5408 secun-

1786 5459 1913 5512 dum
1945 5458 2183 5513 universi
2216 5463 2418 5511 motum
2454 5452 2804 5517 circularem,
2832 5451 2943 5506 sive
2975 5449 3118 5518 quod
3148 5461 3362 5517 semper

1412 5659 1497 5713 VA
1507 5658 1642 5715 RLL'
1684 5657 2081 5718 LECTIONES.

167 5728 217 5761 ao
242 5730 290 5787 [η
327 5732 451 5784 κατ’
491 5725 666 5782 agr}.
711 5720 805 5774 Et).
847 5720 1011 5778 Pus.
