3722 6296
393 270 505 340 547‘

1528 277 1586 334 S.
1629 278 1931 334 DlONYSlI
1961 276 2421 337 AREOPAGszE

3552 284 3657 338 548

394 397 611 452 ἰῑιίάεηι’
632 402 912 451 moveatur
945 394 1223 447 mater.am
1254 394 1646 459 consumendo,
1679 394 1858 463 quoda

2218 394 2311 448 καὶ
2344 393 2471 464 μίαν
2498 393 2595 463 τὴν
2641 394 2780 462 πρὸς
2817 395 2887 447 τὰ
2916 396 3027 449 ἀνω
3081 396 3295 465 κίνησιν
3326 390 3659 466 ἔχει.’Κινη-

392 488 553 544 modo
587 488 897 557 signiﬁcans
921 498 979 538 se
1007 484 1291 538 materiam
1322 484 1589 549 aversari,
1616 492 1673 538 et
1696 485 1807 539 cito
1828 485 1967 540 velle

391 585 507 651 ejus
545 579 816 634 vinculum
862 578 1211 645 abrumpere.
1257 574 1451 643 Seipso
1497 584 1786 633 movetur:
1823 577 1969 633 hunc

392 673 537 726 enim
560 679 613 723 et
633 683 795 723 unum
814 668 880 721 ad
899 680 1092 735 supera
1115 676 1316 720 motum
1342 667 1522 721 habet.
1546 665 1722 722 Movet
1743 667 1848 721 alia
1872 682 1974 736 per

393 762 627 815 calorem
657 774 837 823 suum,
882 757 962 810 uti
994 770 1157 824 supra
1187 754 1440 809 diximus.
1464 756 1968 824 Comprehendendi

393 852 441 902 vi
478 849 644 919 pollet
673 872 684 903 :
720 861 895 916 neque
931 847 1075 900 enim
1118 846 1404 899 materiam
1448 847 1809 901 subintrando
1836 861 1973 901 eon-

392 940 589 1003 sumit,
636 940 731 993 sed
777 940 923 993 circa
978 936 1124 992 illam
1180 946 1437 990 versatur
1495 946 1550 991 et
1597 937 1965 1005 amplectitur.

392 1032 542 1098 Quod
588 1032 632 1084 si
682 1030 930 1099 inquiras
977 1030 1045 1084 de
1093 1030 1163 1084 iis
1200 1043 1322 1097 qua:
1366 1028 1696 1083 intrinsecus
1740 1029 1866 1098 igne
1899 1029 1967 1082 li-

391 1131 687 1188 quescuut,
734 1120 894 1179 scito.
936 1120 1098 1174 etiam
1132 1119 1205 1172 ibi
1240 1133 1307 1173 ex
1338 1126 1496 1185 parte
1537 1118 1772 1185 aliquem
1814 1133 1967 1171 com-
2000 1192 2001 1195 η

392 1211 608 1280 plexum
654 1209 914 1273 existere,
946 1224 1044 1277 per
1079 1224 1238 1278 quem
1273 1223 1363 1262 res
1413 1207 1656 1275 subjecta
1706 1208 1969 1274 collique-

389 1312 537 1367 scat;
572 1302 651 1355 sic
685 1301 832 1354 enim
878 1301 1042 1354 etiam
1085 1301 1575 1369 incompreheusus
1602 1299 1820 1353 dicitur.
1852 1300 1966 1355 Etsi

390 1392 535 1444 enim
573 1392 794 1445 interius
841 1391 895 1444 iu
929 1392 1251 1460 quihusdam
1284 1392 1447 1443 rebus
1497 1391 1830 1459 reperiatur,
1871 1405 1963 1443 ve-

392 1492 695 1536 rumtamen
724 1491 778 1536 et
809 1483 880 1536 ibi
907 1483 1376 1551 circumplectitur
1404 1482 1749 1550 conjunctam
1776 1482 1877 1535 sibi
1909 1490 1967 1536 et

392 1590 555 1643 quam
587 1576 858 1629 consumit
904 1577 1210 1637 materiam,
1238 1586 1291 1629 et
1320 1574 1387 1627 ah
1416 1590 1477 1627 ea
1522 1573 1743 1627 minime
1792 1573 1970 1628 conti-

392 1678 575 1721 netur.
607 1668 720 1722 Non
771 1675 891 1737 eget
931 1668 1141 1721 altero:
1179 1682 1351 1734 neque
1387 1667 1529 1718 enim
1570 1665 1827 1719 miscetur
1874 1682 1968 1719 ue-

393 1775 499 1827 que
532 1759 879 1813 confunditur
902 1774 1022 1812 cum
1057 1759 1240 1824 aliquo
1268 1758 1376 1809 alio
1400 1756 1691 1820 elemento,
1725 1756 1799 1812 ttti
1825 1771 1966 1825 aqua

391 1861 445 1905 et
474 1862 613 1904 terra
636 1866 651 1913 ;
676 1862 1005 1918 quaprOpter
1026 1850 1186 1901 etiam
1214 1850 1264 1902 in
1292 1849 1578 1902 elementis
1598 1848 1762 1915 aliqui
1792 1849 1963 1915 ipsunt

396 1939 731 2008 μονοούσιον,
770 1953 864 1992 seu
921 1940 974 1989 in
999 1937 1296 1991 substantia
1322 1939 1622 1991 solitarium
1684 1950 1965 2003 nuncupa-

395 2041 540 2084 runt.
573 2030 721 2083 Clam
773 2042 830 2083 se
874 2026 1210 2096 amplificat:
1242 2030 1541 2081 secundum
1592 2026 1737 2080 enim
1787 2024 1969 2079 multi-

392 2121 586 2190 plicem
636 2119 1037 2187 proportionem
1086 2127 1313 2185 augetur
1348 2134 1363 2182 ;
1400 2130 1573 2185 neque
1604 2115 1747 2167 enim
1799 2115 1965 2168 ratio-

393 2226 541 2276 nem,
582 2224 740 2275 quant
785 2208 947 2261 habet
981 2208 1343 2275 prmambusta
1397 2205 1622 2259 materia
1656 2206 1721 2257 ad
1756 2220 1965 2257 assmu-

392 2312 539 2369 ptam
568 2301 834 2362 eamdem,
868 2301 1031 2354 etiam
1066 2300 1228 2353 habet
1263 2298 1401 2368 ignis
1429 2298 1522 2365 qui
1558 2299 1608 2351 in
1644 2297 1732 2351 illa
1765 2307 1870 2361 est,
1899 2300 1965 2351 ad

392 2394 575 2463 ignem
604 2392 695 2461 qui
724 2391 776 2444 in
806 2391 907 2444 hac
938 2400 1050 2454 est;
1083 2405 1257 2458 neque
1290 2388 1579 2451 rationem,
1614 2404 1775 2457 quam
1807 2391 1969 2442 habet

392 2493 664 2550 assumpta
693 2482 916 2535 materia
954 2480 1020 2533 ad
1052 2490 1364 2548 utramque,
1391 2479 1597 2532 scilicet
1630 2480 1695 2531 ad
1725 2480 1965 2547 seipsaut

390 2582 447 2628 et
479 2573 545 2626 ad
575 2586 693 2624 eam
721 2585 841 2639 qua:
887 2578 1044 2623 antea
1076 2568 1480 2634 continebatur,
1507 2570 1751 2624 eamdem
1797 2571 1960 2625 etiam

392 2644 656 2735 rationem
693 2660 859 2714 habet
906 2660 1042 2729 ignis
1090 2659 1178 2727 qui
1214 2670 1398 2728 postea
1430 2675 1693 2714 accensus
1740 2672 1851 2727 est,
1899 2664 1965 2717 ad

390 2766 516 2807 eum
544 2750 635 2819 qui
667 2763 929 2803 accensus
956 2764 1021 2802 ex
1060 2758 1291 2817 utraque
1318 2750 1563 2805 materia.
1594 2748 1801 2805 Idcirco
1828 2753 1968 2805 dixit

388 2840 641 2905 latenter,
683 2840 938 2908 quoniam
970 2839 1014 2893 si
1048 2844 1292 2908 apposita
1325 2841 1553 2894 materia
1601 2842 1673 2895 sit
1703 2842 1882 2909 exilis,
1915 2853 1969 2897 et

393 2932 549 2986 valde
579 2932 805 2985 multum
839 2931 890 2984 id
920 2930 1062 2998 quod
1092 2945 1386 2984 accensunt
1418 2942 1522 2993 est,
1548 2931 1600 2984 in
1637 2934 1826 3000 capaci
1856 2947 1969 2985 ma-

393 3024 530 3078 teria
580 3038 735 3076 suam
771 3022 976 3076 indicat
1003 3019 1378 3086 maiestatem:
1412 3022 1679 3090 siquidem
1716 3025 1965 3076 omnivo—

2070 487 2222 541 τικὺν
2243 485 2462 557 ἐτέρων·
2495 486 2634 539 κατὰ
2654 487 2715 539 τὸ
2735 486 2933 559 θερμὸν
2956 486 3171 549 ἑαυτοῦ,
3194 488 3377 550 καθὼς
3397 488 3657 557 ἀνωτέρω

2070 576 2347 645 ἐλέγομεν.
2399 574 2824 645 Περιληπτικόν·
2878 574 2998 627 οὐδὲ
3040 573 3149 644 γὰρ
3203 574 3352 636 ἐντὸς
3391 573 3497 641 τῆς
3526 572 3657 641 ὕλης

2073 665 2283 738 χωροῦν
2312 665 2543 736 δαπανᾷ,
2577 664 2713 718 ἀ)λά
2747 667 2874 736 περὶ
2901 666 3071 737 αὐτὴν
3101 664 3345 726 εἱλεῖται,
3373 665 3473 718 καὶ
3500 682 3655 735 περι-

2070 758 2381 829 δράττεται.
2406 758 2469 809 El
2499 756 2555 808 δέ
2601 772 2664 824 γε
2709 757 2973 827 ἀποροίης
3020 757 3150 826 περὶ
3186 756 3294 809 τῶν
3321 756 3540 810 ἔνδοθεν
3576 758 3656 825 τῷ

2072 848 2206 919 πυρὶ
2236 842 2613 919 σμυχομὲνων,
2638 846 2767 911 ἴσθι,
2792 848 2873 900 ὅτι
2902 848 3124 900 κάκεῖσε
3156 848 3353 919 μερική
3382 865 3471 910 τις
3501 848 3656 917 περξο

2068 938 2230 1008 ληψις
2258 940 2486 1007 γίνεται,
2515 938 2637 992 καθ’
2665 939 2733 1008 ἢν
2760 938 2822 992 τὸ
2850 938 3206 1009 ὑποκείμενον
3246 938 3652 1009 ὐποσμύχεται⁶

2069 1029 2212 1084 οὓτω
2238 1030 2349 1101 γὰρ
2375 1029 2469 1083 καὶ
2500 1030 2869 1100 ἀπερίληπτον
2895 1027 3129 1096 λέγεται.
3158 1030 3221 1082 EE
3249 1028 3359 1099 γὰρ
3382 1030 3482 1083 καὶ
3506 1030 3654 1093 sm;

2069 1122 2384 1193 εὑρίσκεται
2428 1120 2488 1175 ἔν
2530 1137 2694 1184 τισιν,
2726 1119 2839 1173 ἀλλ’
2869 1115 2964 1172 οῦν
3011 1119 3232 1174 κάκεῖσε
3283 1119 3530 1189 περιέχει
3556 1118 3657 1188 τὴν

2073 1213 2339 1283 προσεχῆ,
2372 1214 2467 1265 καὶ
2493 1212 2561 1283 ἥν
2590 1212 2805 1281 δαπανᾷ
2849 1210 3000 1281 ὓλην,
3032 1212 3094 1263 οὐ
3137 1211 3267 1281 παρ’
3297 1210 3473 1279 αὐτῆς
3500 1226 3657 1279 περι-

2070 1304 2271 1375 έχεται.
2332 1303 2649 1374 Ἀπροσδεὲς
2699 1302 2913 1374 ἐτέρου·
2944 1301 3066 1355 οὔτε
3103 1301 3211 1372 γὰρ
3242 1301 3500 1371 μίγνυται
3531 1299 3655 1352 οὔτε

2071 1374 2323 1467 κιρνᾶται
2355 1396 2526 1466 ἑτέρῳ
2568 1395 2678 1447 τινί
2709 1393 2975 1463 στοιχείῳ,
3008 1393 3084 1456 ὡς
3112 1393 3172 1445 τὸ
3200 1392 3341 1462 ὕδωρ
3369 1374 3469 1444 καί
3492 1393 3525 1460 ἡ
3557 1390 3651 1457 γῆ,

2067 1484 2147 1537 διὸ
2176 1484 2269 1537 καὶ
2314 1486 2373 1537 ὲν
2415 1484 2698 1554 στοιχείοις
2749 1482 3060 1553 μονοούσιον
3099 1480 3231 1534 αὐτὸ
3278 1497 3423 1543 τινες
3454 1480 3657 1549 κεκλή-

2069 1591 2219 1627 κασι.
2268 1573 2658 1636 Λανϐανόντως
2714 1572 3007 1642 αὐξητικὸν
3062 1570 3290 1625 ἑαυτοῦ·
3343 1570 3487 1624 κατά
3546 1571 3654 1641 γάρ

2070 1666 2503 1719 πολλαπλασίονα
2536 1666 2823 1733 ἀναλογίαν
2853 1663 3139 1729 αὐξάνεται
3158 1682 3169 1693 '
3200 1664 3318 1716 οῦδὲ
3338 1663 3448 1734 γὰρ
3474 1663 3534 1715 ὃν
3559 1663 3657 1729 ,λό-

2068 1772 2162 1823 γον
2204 1754 2315 1825 ἔχει
2360 1755 2523 1825 τυχὸν
2564 1757 2597 1825 ἡ
2630 1756 2999 1825 προκαιομένη
3044 1753 3141 1824 ὕλη
3177 1754 3311 1824 πρὸς
3354 1753 3453 1823 τὴν
3484 1770 3655 1823 προσσ-

2068 1846 2507 1918 λαμϐανομένην,
2543 1846 2687 1901 οῦτω
2717 1848 2813 1900 καὶ
2844 1848 2903 1899 τὸ
2949 1848 3007 1898 ὲν
3049 1845 3230 1916 ἐκείνῃ
3264 1844 3396 1916 πῦρ,
3428 1845 3567 1916 πρὸς
3596 1846 3656 1896 τὸ

2068 1935 2125 1987 ὲν
2176 1934 2352 2007 ταύτῃ
2398 1935 2544 2007 πῦρ·
2579 1937 2698 1990 οὐδὲ
2740 1938 2796 1989 ὃν
2840 1936 2994 2003 λόγον
3037 1936 3147 2005 ἔχει
3177 1937 3210 2005 ὴ
3238 1934 3656 2005 προσλαμϐανο-

2072 2024 2206 2095 μένη
2246 2025 2345 2097 ῦλη
2391 2028 2529 2098 πρὸς
2582 2028 2679 2099 τὴν
2711 2028 3006 2097 συνάμφω,
3051 2029 3248 2097 ἑαυτήν
3298 2043 3357 2079 τε
3404 2027 3499 2079 καὶ
3554 2027 3655 2097 τὴν

2070 2116 2573 2186 προκατεχομένην,
2594 2117 2684 2169 τὸν
2713 2116 2872 2169 αὐτὸν
2902 2115 3055 2184 λόγον
3082 2115 3190 2185 ἔχει
3218 2116 3311 2169 καὶ
3338 2116 3398 2168 τὸ
3427 2115 3655 2186 ὕστερον

2070 2205 2306 2275 ἀναφθὲν
2339 2206 2451 2278 πῦρ
2480 2208 2616 2279 πρὸς
2644 2208 2704 2260 τὸ
2752 2209 2816 2260 ὲκ
2842 2208 2941 2277 τῆς
2971 2208 3232 2277 συνάμφω
3276 2208 3406 2277 ὕλης
3461 2206 3658 2271 ἐξανά-ι

2071 2297 2356 2371 πτόμενον.
2386 2297 2485 2352 Διά
2510 2298 2667 2351 τοῦτο
2696 2295 2814 2352 εἷπε
2840 2301 3279 2365 λανθανόντως,
3312 2301 3392 2352 ὅτι
3421 2299 3590 2368 τυχὸν
3621 2302 3653 2367 ἡ

2069 2387 2469 2459 προστιθεμένη
2516 2387 2615 2458 ῦλη
2647 2388 2821 2458 ὀλίγη,
2861 2388 2955 2441 καὶ
2998 2386 3059 2439 τὸ
3090 2386 3462 2456 ἀναπτόμενον
3512 2386 3658 2455 πάμ·

2070 2480 2225 2540 πολυ,
2258 2482 2392 2551 πρὸς
2418 2480 2516 2543 τὰς
2549 2479 2947 2550 ὑποδεχομένας
2978 2479 3108 2541 ῦλας
3136 2479 3385 2546 ἐκφαῖνον
3427 2478 3526 2547 τὴν
3562 2494 3658 2546 με-

2069 2570 2423 2640 γαλειότηταο
2455 2568 2753 2639 παμφάγον
2782 2571 2890 2642 γάρ
2919 2570 3056 2633 ἐστι,
3084 2569 3176 2622 καὶ
3216 2568 3429 2632 οὐδενὸς
3477 2567 3655 2635 φείδε-

2068 2680 2156 2715 ται
2184 2660 2275 2714 τοῦ
2319 2660 2608 2732 ξηροτέροι)
2637 2661 2847 2731 ταχέως
2892 2660 3344 2730 ἀντιλαμϐάνεται
3364 2677 3377 2690 ·
3406 2660 3467 2712 τὸ
3496 2660 3656 2731 ὑγρό-

2068 2768 2223 2821 τερον
2252 2752 2370 2803 κατ’
2406 2750 2581 2818 ὀλίγον
2612 2750 2749 2821 πρὸς
2781 2750 2881 2821 τὴν
2908 2751 3113 2803 οἰκείαν
3156 2750 3422 2821 ὑποδοχὴν
3461 2751 3655 2822 ἐπιτή-

2068 2844 2205 2897 δειον
2252 2840 2619 2911 ἀπεργάζεται
2639 2858 2651 2869 ’
2692 2842 2753 2893 τὸ
2782 2840 2981 2913 Οερμὸν
3010 2841 3324 2904 οἰκειοῦται,
3354 2843 3415 2894 τὸ
3444 2841 3654 2913 ψυχρὸν

2070 2934 2329 3005 ὲκπυροῖ·
2366 2933 2459 2985 καὶ
2508 2931 2690 2995 ἁπλῶς
2726 2932 2978 2985 παντοῖόν
3023 2932 3140 2985 ἐστι
3181 2931 3323 2984 κατά
3351 2931 3450 3002 τὴν
3496 2931 3654 2984 δύναη

2073 3042 2186 3094 μιν,
2230 3025 2323 3077 καὶ
2360 3023 2684 3095 δραστήριον
2721 3023 2962 3087 δυνατὸν,
2994 3024 3162 3077 ἅπασι
3204 3023 3464 3094 πάρεστιν
3494 3024 3656 3095 ἀορά-

395 3128 490 3168 rax
521 3124 636 3177 est,
684 3122 740 3166 et
776 3112 907 3166 nulli
960 3113 1135 3181 parcit
1170 3135 1182 3167 ;
1220 3112 1271 3166 id
1305 3113 1449 3180 quod
1496 3112 1698 3169 siccius
1728 3125 1811 3169 est
1856 3134 1865 3166 ι

2214 3116 2661 3185 κατεσπαρμένον
2689 3115 2746 3166 ὲν
2774 3113 2853 3185 τῷ
2883 3115 3076 3167 παντί·
3112 3116 3203 3169 καὶ
3236 3114 3427 3168 δοκοῦν
3459 3116 3537 3188 μὴ
3577 3111 3650 3167 εἷ-

392 3206 781 3273 apprehendit;
817 3205 868 3258 id
900 3204 1044 3272 quod
1092 3203 1367 3257 humidius
1411 3214 1517 3271 est,
1548 3206 1753 3258 sensim
1782 3207 1848 3259 ad
1877 3207 1961 3261 sui

394 3298 795 3364 susceptionem
858 3306 1041 3364 aptum
1091 3294 1255 3349 elIieit
1302 3313 1316 3348 :
1363 3296 1601 3351 calorem
1668 3300 1963 3367 conciliat,

395 3386 563 3455 frigus
593 3385 902 3451 fervefacit;
934 3396 990 3440 et
1005 3386 1325 3454 simpliciter
1344 3386 1615 3455 quidlibet
1635 3400 1718 3444 est
1742 3392 1966 3457 virtute,

392 3487 475 3531 est
514 3475 725 3540 ellieax,
766 3485 975 3545 potens,
1002 3477 1250 3531 omnibus
1295 3478 1638 3534 invisibiliter
1668 3483 1843 3548 adest,
1874 3502 1964 3541 as-

394 3588 587 3642 persus
617 3572 767 3626 omni
816 3572 926 3635 rei;
959 3581 1015 3626 et
1045 3573 1170 3625 dum
1202 3573 1419 3627 videtur
1461 3590 1567 3628 non
1601 3590 1738 3641 esse,
1791 3580 1967 3648 negli-

394 3664 559 3733 gitur,
602 3660 856 3716 terribilis
880 3670 961 3716 est
988 3670 1042 3715 et
1073 3662 1445 3717 intolerabilis.
1467 3664 1667 3717 Attritu
1700 3666 1845 3720 velut
1879 3669 1967 3721 ius

392 3755 590 3825 tlagine
614 3753 879 3823 quadam,
906 3752 1085 3807 subito
1120 3764 1177 3806 ut
1203 3754 1448 3821 subjecto
1476 3757 1847 3809 conuaturalis
1875 3774 1971 3827 ap-

393 3853 567 3912 paret,
596 3853 649 3897 et
682 3859 897 3897 rursum
933 3843 1338 3897 incontinenter
1376 3845 1573 3908 avolat,
1605 3847 1747 3900 sicut
1783 3848 1966 3903 videre

394 3936 521 3993 licet
550 3935 603 3989 in
632 3934 883 3989 scintillis
906 3950 934 3989 e
963 3934 1112 3988 silice
1138 3932 1296 4004 140
1319 3936 1586 3991 excussis.
1618 3936 1671 3991 In
1706 3940 1966 3995 onmibus

392 4026 475 4079 sui
506 4026 1006 4089 communionibus,
1050 4024 1439 4091 calefaciendo,
1489 4029 1711 4093 urendo,
1757 4033 1958 4083 astrin-

394 4117 591 4185 geudo,
634 4118 1006 4179 illuminando,
1040 4117 1362 4184 ueterisque
1407 4118 1629 4191 minime
1673 4121 1960 4175 minuitur.

396 4210 712 4277 Complures
762 4211 889 4263 item
938 4208 1070 4261 alias
1118 4208 1239 4275 quis
1287 4209 1529 4263 invenire
1581 4220 1763 4278 posset
1822 4213 1962 4281 ignis

395 4302 789 4369 proprietates,
837 4300 982 4354 velut
1045 4300 1305 4368 quasdam
1368 4300 1564 4355 divime
1624 4303 1961 4379 ellicacitatis

2069 3222 2176 3268 ναι,
2208 3205 2505 3275 ἀμελεῖται,
2543 3207 2603 3259 τὸ
2650 3206 2876 3279 φοϐερόν
2923 3224 2981 3260 τε
3010 3208 3103 3259 καὶ
3145 3207 3541 3261 ἀνυπόστατον.
3578 3210 3651 3278 Τῇ

2068 3300 2247 3373 τρίψει
2274 3302 2329 3355 δὲ
2358 3302 2608 3373 καθάπερ
2634 3304 2742 3356 τινὶ
2764 3302 2986 3374 ζητήσει
3014 3301 3271 3371 ἐξαίφνης
3299 3303 3375 3365 ὡς
3408 3303 3651 3372 συμφυὲς

2069 3393 2148 3465 τῷ
2176 3395 2522 3465 ὑποκειμένῳ
2551 3395 2927 3463 ἀναφαίνεται,
2955 3395 3049 3447 καὶ
3077 3390 3231 3456 αὖθις
3256 3393 3650 3464 ἀκαταλήκτως

2072 3488 2393 3555 ἀφίπταται,
2426 3487 2608 3550 καθὼς
2638 3487 2784 3540 ἐστιν
2816 3489 2948 3558 ὁρᾷν
2978 3488 3037 3541 ὲν
3068 3491 3179 3551 τοῖς
3218 3487 3325 3539 ἀπὸ
3361 3486 3456 3539 τοῦ
3504 3486 3648 3539 λίϐον

2078 3579 2422 3651 σπινθῆρσιν.
2476 3582 2563 3633 Ἐν
2594 3580 2796 3643 πάσαις
2822 3582 2941 3643 ταῖς
2990 3579 3154 3632 αὑτοῦ
3206 3579 3549 3649 μεταδόσεσι,
3588 3582 3649 3648 τῇ

2076 3668 2283 3741 θερμῇ,
2313 3674 2379 3741 τῇ
2416 3673 2705 3741 καοστικῇ,
2736 3674 2805 3741 τῇ
2841 3673 3192 3740 στεγνωτικῇ,
3224 3672 3289 3741 τῇ
3327 3673 3648 3739 φωτιστικῇ,

2075 3764 2167 3816 καὶ
2204 3767 2325 3826 ταῖς
2363 3763 2548 3826 ἄλλαις
2592 3764 2879 3834 ἀμείωτον.
2910 3765 3018 3816 Καὶ
3051 3762 3250 3824 πολλάς
3280 3779 3366 3824 τις
3411 3760 3477 3815 ἂν
3507 3760 3651 3831 εὖροι

2072 3852 2171 3914 τὰς
2202 3853 2297 3905 τοῦ
2333 3854 2502 3924 πυρὸς
2534 3853 2821 3922 ἰδιότητας,
2853 3854 3065 3917 εἰκόνας
3102 3850 3250 3913 τινὰς
3293 3853 3394 3923 τῆς
3440 3852 3652 3922 θεαρχι-

2074 3945 2177 4015 κῆς
2205 3946 2506 4016 ἐνεργείας,
2538 3946 2674 4017 πρὸς
2703 3947 2769 4010 ἃς
2816 3947 2907 3999 καί
2946 3945 3044 4008 τὰς
3090 3944 3351 4015 οὐρανίας
3403 3944 3651 4014 δυνάμεις

2066 4037 2117 4087 οἱ
2158 4036 2401 4106 Οεόσοφοι
2434 4037 2867 4100 διαπλάττουσιν,
2920 4038 3274 4108 ἐμφαίνοντες
3314 4036 3519 4101 αὐτῶν,
3566 4038 3651 4090 καὶ

2069 4128 2211 4181 κατά
2236 4129 2400 4195 ,τοῦτο
2428 4130 2489 4181 τὸ
2533 4129 2761 4192 θεοειδὲς
2793 4130 2884 4182 καὶ
2928 4129 3002 4190 ὼς
3033 4128 3251 4197 ἐφικτὸν
3304 4128 3647 4199 Θεομίμητον,

2069 4219 2149 4272 ὅτι
2178 4223 2295 4283 ταῖς
2324 4219 2515 4282 εἰκόσι,
2546 4219 2666 4273 καθ’
2697 4219 2763 4282 ἃς
2793 4220 2853 4271 τὸ
2885 4219 3026 4271 Οεῖον
3056 4218 3405 4283 εἰκονίζεται,
3434 4220 3649 4281 ταύταις

2070 4311 2309 4382 χρῶνται
2338 4312 2431 4364 καὶ
2460 4313 2553 4363 ἐπὶ
2578 4310 2686 4363 τῶν
2708 4311 2975 4382 οὐρανίων
3002 4309 3303 4379 δυνάμεων.

396 4390 684 4459 imagines,
720 4390 787 4444 ad
815 4406 948 4459 quas
987 4390 1145 4458 periti
1194 4406 1373 4443 rerum
1406 4392 1711 4446 divinarum
1758 4397 2008 4453 cmlesles
2052 4406 2283 4458 virtutes
2324 4403 2607 4471 ellinguut,
2643 4419 2738 4472 per
2770 4404 2871 4456 hoc
2897 4402 3104 4455 illarum
3128 4401 3549 4456 deiforntitatem
3590 4417 3649 4455 ac

393 4483 652 4547 divinam,
693 4491 951 4552 quantunt
985 4480 1089 4545 fas,
1122 4481 1474 4536 imitationem
1517 4484 1874 4551 declat-antes,
1929 4490 2054 4544 dum
2086 4493 2277 4546 iisdem
2322 4492 2680 4561 imaginibus,
2733 4490 2928 4560 quibus
2987 4488 3228 4544 divinum
3299 4489 3511 4545 Numen
3560 4506 3648 4545 ex-

393 4577 659 4646 primunt,
711 4575 765 4627 in
818 4574 1133 4629 cmlestibus
1182 4589 1397 4642 quoque
1445 4576 1739 4633 virtutibus
1790 4590 2037 4640 utuntur.

461 4670 489 4743 §
520 4670 602 4729 Ill.
641 4672 751 4725 Cur
784 4679 963 4722 autem
997 4669 1259 4721 humanas
1292 4668 1494 4723 formas
1529 4672 1596 4724 iis
1631 4674 1931 4727 ascribunt

2201 4678 2285 4733 Ill.
2311 4677 2411 4731 Διά
2434 4676 2487 4729 τί
2514 4677 2571 4730 δὲ
2605 4675 3107 4746 ἀνθρωπομόρφους
3135 4675 3544 4745 ἀναγράφο·.›σι;
3570 4674 3649 4728 διὰ

391 4772 614 4834 propter
641 4763 753 4817 vim
789 4761 1143 4830 intelligendi.
1186 4760 1373 4829 Augeli
1416 4763 1561 4816 enim
1613 4764 1709 4817 toti
1757 4779 1861 4818 met

2178 4774 2371 4844 νοερόν.
2405 4775 2467 4827 Οἱ
2501 4776 2597 4844 μὲν
2630 4774 2738 4844 γὰρ
2768 4773 3007 4843 ἄγγελοι,
3032 4772 3092 4824 τὸ
3123 4775 3229 4825 πᾶν
3254 4773 3374 4836 νόες
3402 4774 3535 4827 είσί’
3564 4772 3648 4825 καὶ

392 4864 553 4919 sunt;
581 4863 635 4908 et
668 4852 923 4922 quoniam
950 4866 978 4903 a
1011 4851 1118 4905 Deo
1148 4851 1507 4917 illustrantur,
1548 4853 1883 4922 intelligendi
1916 4853 1966 4906 vi

392 4945 617 5016 pollent.
661 4943 802 5009 Quin
845 4951 900 4996 et
931 4942 1175 4996 homines
1217 4959 1433 5013 quoque
1480 4954 1716 4997 mentem
1767 4943 1969 4997 habent

393 5038 587 5090 anima:
622 5037 839 5098 ducent,
884 5035 936 5088 in
970 5051 1072 5101 qua
1112 5038 1348 5104 primum
1398 5036 1485 5089 Dei
1527 5036 1821 5089 illustratio
1851 5035 1967 5087 ori-

397 5137 501 5190 tttr,
546 5137 706 5195 atque
740 5127 809 5179 ita
843 5124 1104 5195 spiritalis
1149 5126 1412 5186 cﬂicitur;
1465 5135 1575 5177 tum
1620 5126 1763 5195 quod
1803 5127 1964 5179 homo

395 5217 610 5272 videndi
644 5218 787 5272 vires
820 5218 1020 5271 haheat
1064 5216 1129 5271 ad
1175 5216 1451 5271 anteriora
1500 5232 1814 5281 conversas,
1847 5216 1961 5287 (qui

395 5310 536 5363 enim
558 5349 573 5374 ,
600 5307 751 5376 juxta
778 5310 1116 5379 prophetam,
1149 5325 1253 5365 non
1284 5319 1361 5363 est
1388 5310 1538 5379 gravi
1564 5310 1722 5362 corde
1764 5309 1834 5373 ⁸⁸,
1867 5328 1961 5367 su-

397 5413 524 5464 pera
557 5409 786 5468 spectat,
820 5415 931 5470 pra:
963 5401 1177 5455 czeteris
1204 5400 1573 5455 animantibus
1603 5416 1722 5469 qua:
1756 5412 1973 5459 terram‘

398 5502 744 5561 contuentur,
777 5509 832 5551 et
859 5498 1073 5552 videndi
1107 5497 1256 5552 vires
1289 5496 1438 5550 humi
1473 5496 1678 5551 delian
1710 5500 1963 5570 habent);

403 5591 517 5635 tum
550 5586 711 5638 etiam
747 5599 965 5657 propter
1011 5589 1198 5644 forma:
1232 5588 1615 5643 rcclitudinem
1649 5596 1701 5643 et
1738 5592 1973 5651 erectioo.

486 5696 533 5735 ε’
557 5694 700 5750 rsu.
730 5712 804 5764 Iv,
834 5699 888 5753 5.

2073 4863 2131 4915 ὲν
2164 4864 2241 4934 τῷ
2266 4866 2416 4937 παρά
2460 4867 2592 4919 Θεοῦ
2623 4866 2991 4937 ἐλλάμπεσοαι
3018 4867 3203 4938 νοερὸν
3230 4867 3435 4936 ἔχουσι.
3468 4870 3573 4923 Καὶ
3604 4871 3647 4920 οἱ

2073 4955 2348 5027 ἄνθρωποι
2377 4959 2500 5012 νοῦν
2531 4960 2622 5013 τὸν
2650 4960 2894 5029 ἡγεμόνα
2931 4959 3030 5029 τῆς
3058 4956 3258 5029 ψυχῆς,
3300 4961 3381 5021 είς
3424 4960 3482 5011 ὃν
3512 4960 3648 5029 πρὼο

2070 5062 2178 5109 τως
2221 5049 2313 5100 καὶ
2337 5051 2369 5117 ἠ
2401 5048 2522 5103 Θεία
2555 5050 2818 5122 ἕλλαμῴις
2849 5050 3090 5117 γίνεται,
3141 5050 3233 5101 καὶ
3274 5049 3462 5119 νοερὸς
3506 5042 3648 5110 οὗτος

2071 5136 2526 5191 ἀποκαθίσταται⁸
2566 5141 2750 5211 ἕτερον
2781 5139 2869 5192 διὰ
2910 5140 2971 5192 τὸ
3001 5140 3136 5210 πρὸς
3164 5138 3225 5190 τὸ
3258 5139 3488 5201 ἄναντες
3518 5139 3648 5208 ἔχειν

2070 5224 2168 5287 τὰς
2205 5226 2433 5289 omni;
2481 5230 2735 5299 δυνάμεις
2768 5230 2858 5283 τὸν
2903 5230 3191 5300 ἄνθρωπον
3239 5228 3510 5299 (ἀνανεύει
3551 5226 3647 5294 γὰρ

2072 5318 2101 5369 ὁ
2131 5318 2206 5389 μὴ
2241 5319 2381 5373 κατὰ
2413 5322 2503 5375 τὸν
2537 5325 2818 5394 προφήτην
2828 5322 3253 5391 βαρυκάρδιος,
3285 5322 3401 5375 ἀνω
3428 5322 3533 5375 τῶν
3564 5321 3648 5374 ἀλ-

2071 5410 2178 5462 λων
2218 5411 2393 5475 ζώων,
2429 5413 2522 5464 καὶ
2557 5415 2635 5476 είς
2664 5415 2767 5483 γῆν
2806 5413 3130 5483 βλεπόντων,
3163 5414 3258 5467 καὶ
3297 5414 3398 5477 τὰς
3429 5411 3643 5471 ὀπτικὴ

2071 5500 2325 5572 δυνάμεις
2368 5502 2502 5573 πρὸς
2546 5503 2606 5554 τὸ
2653 5506 2917 5569 κάταντες
2965 5504 3249 5575 ἐχόντων),
3295 5506 3425 5558 ἄλλο
3465 5505 3548 5558 διὰ
3591 5500 3643 5551 τδ

2073 5592 2163 5645 τοῦ
2199 5595 2471 5665 σχήματος
2514 5594 2637 5648 εὐθὺ
2684 5599 2774 5649 καὶ
2804 5598 2981 5668 ὄρθιον
3027 5597 3308 5668 (ἰθντενεῖς
3368 5597 3477 5669 γὰρ
3524 5594 3642 5667 πρὸς
