3734 6324
44 307 178 362 549⁷

575 309 668 366 ne
699 310 1046 370 CLELESTI
1079 311 1534 387 HIEBARCHIA,
1568 309 1724 379 CAP.
1761 309 1884 378 xv.
1919 349 1992 364 -
2019 309 2366 379 PARAPHR.
2403 323 2876 389 ΡΑοιιγιιΕῐιΑι,

3255 311 3360 388 550

35 426 117 477 τὰ
151 428 285 480 ἅνω
324 427 421 481 καὶ
462 429 512 482 οι
557 427 691 482 θεῖοι
737 431 992 500 ἄγγελοι,
1019 435 1152 488 ὅπου
1193 451 1258 504 γε
1297 436 1392 490 καὶ
1430 437 1542 491 τῶν
1585 438 1656 492 ἀν

1833 453 1907 494 em
1931 439 2131 510 (angeli
2154 438 2298 494 enim
2322 434 2490 492 divini
2523 437 2588 491 ad
2605 453 2838 507 superna
2860 448 2985 494 sunt
3005 443 3198 510 erecti,
3218 450 3364 503 unde

38 517 313 588 θρὼττων
340 521 389 572 οἱ
429 519 499 573 τά
535 521 648 575 ἄνω
679 520 970 592 ζητοῦντες
999 525 1076 588 ὡς
1101 527 1342 595 φοίνικες
1372 528 1553 582 ἀνθεῖν
1582 529 1670 582 λέ-

36 628 282 679 γονται,
316 615 410 666 καὶ
439 614 517 677 ὼς
541 613 722 686 κέδροι
745 616 1154 688 πληθύνεσθαι),
1177 621 1276 674 καὶ
1312 621 1402 674 διὰ
1423 620 1488 674 τδ
1527 619 1670 675 κατά

37 703 235 771 φύσιν
263 706 497 776 ἀρχικὸν
525 709 621 765 καὶ
657 709 985 778 ἡγεμονικὸν
1029 709 1137 764 τῶν
1184 711 1506 783 ἀνθρώπων,
1546 715 1667 767 κατ’

35 798 255 850 εἰκόνα
301 797 648 852 πλασθέντων
689 799 825 853 Θεοῦ
858 803 950 854 καὶ
989 801 1248 873 ὁμοίωσιν
1302 805 1450 876 (περὶ
1479 799 1552 858 ὧν
1583 805 1670 859 λέ-

35 906 224 956 γεται.
254 907 268 920 ·
294 893 407 944 Καὶ
436 891 756 963 ἀρχέτωσαν
784 893 893 946 τῶν
929 893 1125 966 ἰχθύων
1149 897 1243 949 καὶ
1271 896 1382 950 τῶν
1409 899 1670 952 πετεινῶν

33 983 142 1034 τοῦ
184 983 458 1055 ούρανοῦ)
482 1025 495 1048 ,
522 986 615 1038 καί
647 985 736 1038 διὰ
756 987 818 1039 τὸ
846 986 1163 1058 αἰσθητικὸν
1193 989 1292 1059 μὲν
1318 990 1496 1061 ὀλίγον
1524 991 1669 1062 ἔχειν

32 1076 136 1128 τὸν
201 1075 520 1147 ἄνθρωπον,
571 1078 646 1140 ὡς
703 1077 841 1149 πρὸς
889 1078 988 1143 τὰς
1042 1079 1238 1144 λοιπὰς
1299 1082 1408 1136 τῶν
1455 1083 1668 1153 ἀλόγων

35 1166 219 1230 ζώων
268 1167 560 1238 δυνάμεις,
601 1171 932 1241 κρατητικόν
974 1171 1030 1225 δὲ
1075 1173 1296 1226 πάντων
1330 1178 1398 1246 τῇ
1443 1175 1538 1228 τοῦ
1573 1173 1667 1231 νοῦ

33 1260 330 1330 δυνάμει,
380 1261 474 1312 καὶ
516 1263 582 1331 τῇ
637 1261 779 1315 κατά
819 1261 1040 1336 λογικὴν
1075 1266 1386 1338 ἐπιστήμην
1439 1268 1668 1341 ἐπικρα-

33 1351 196 1420 τείᾳ.
242 1349 420 1403 Τοῦτο
449 1350 506 1403 δέ
532 1351 647 1403 ἐστι
684 1351 945 1416 τοιοῦτον,
976 1355 1056 1407 ὅτι
1091 1357 1140 1408 oi
1170 1355 1448 1428 ἅνθρωποι
1487 1356 1668 1427 ὀλίγον

32 1446 98 1497 τὸ
131 1445 278 1498 κατ’
317 1444 572 1514 αἴσθησιν
606 1445 788 1516 ἔχουσι
822 1447 960 1517 πρὸς
1000 1447 1070 1500 τὰ
1110 1447 1244 1502 ἄλλα
1282 1448 1425 1513 ζῶα·
1470 1451 1540 1504 τὰ
1569 1454 1667 1524 μὲν

31 1535 154 1606 γὰρ
197 1535 385 1602 ἄλογα
424 1533 486 1586 τὸ
515 1536 621 1588 πᾶν
655 1536 906 1606 αἴσθησίς
930 1539 1064 1590 είσι·
1092 1537 1158 1590 δι’
1191 1533 1260 1610 ἦς
1290 1541 1385 1593 καλ⁸
1405 1541 1666 1594 διοικοῦν-

32 1646 129 1683 ται.
162 1628 389 1698 ἀνόητα
417 1627 565 1680 ὄντα.
614 1627 702 1680 Ἑν
718 1630 851 1698 ἡμῖν
875 1627 931 1680 δὲ
959 1627 1132 1701 βραχὺ
1157 1630 1219 1682 τὸ
1240 1618 1581 1701 αἰσθητικόνο
1603 1633 1665 1686 ού

32 1721 153 1792 γὰρ
179 1721 258 1773 δι’
285 1718 454 1773 αὑτοῦ
480 1719 866 1790 συνιστάμεθα,
899 1719 1034 1773 ἀλλὰ
1057 1720 1144 1775 διὰ
1170 1721 1265 1775 τοῦ
1293 1723 1502 1794 νοεροῦ.
1543 1725 1666 1778 Ἐπὶ

32 1815 93 1866 δὲ
122 1813 252 1866 τῶν
277 1811 530 1880 ἀγγέλων
553 1811 673 1866 οὐδὲ
701 1812 761 1864 τὸ
800 1811 1140 1882 βραχύτατόν
1182 1815 1297 1893 ἐστι
1329 1814 1439 1869 τῶν
1474 1815 1666 1887 αἰσθή-
1699 1831 1738 1886 Β

36 1922 219 1967 σεων,
251 1904 397 1958 ἀλλά
424 1905 594 1967 τύπος
627 1903 833 1975 βραχὺς
858 1904 1083 1958 ἐκείνων
1117 1905 1186 1958 τὰ
1216 1907 1336 1960 καθ’
1367 1909 1535 1978 ἡμᾶς.
1577 1908 1664 1970 Ὠς

32 1997 152 2068 γὰρ
175 1998 236 2049 οἱ
267 1995 518 2065 ἄγγελοι,
555 1996 628 2067 μὴ
653 1997 983 2066 κεχρημένοι
1014 2001 1126 2060 τοῖς
1159 1997 1447 2071 καθ’ἡμᾶς
1472 1998 1664 2070 αἰσθη-

31 2093 294 2161 τηρίοις,
345 2090 485 2143 κατὰ
517 2089 652 2144 πολὺ
683 2090 1010 2162 ὑπερέχουσι
1041 2090 1120 2162 τῷ
1147 2092 1394 2164 περιόντι
1422 2093 1522 2162 τῆς
1549 2109 1664 2145 νοε-

34 2187 145 2254 ρᾶς
193 2184 521 2252 δυνξὲιιειεως⁸
561 2183 704 2235 οὕτω
752 2184 846 2236 καὶ
891 2185 940 2236 οί
985 2184 1262 2255 ἄνθρωποι
1309 2187 1377 2256 τῇ
1425 2183 1521 2238 τοῦ
1568 2183 1663 2237 νοῦ

34 2278 336 2348 ὑπεροχῇ,
372 2276 467 2328 καὶ
493 2278 558 2346 τῇ
603 2276 795 2347 λογικῇ
842 2277 1144 2350 ἐπιστήμῃ,
1173 2277 1274 2346 τῆς
1319 2277 1515 2346 ἀλόγου
1561 2278 1662 2347 φύ-

35 2384 187 2430 σεως
222 2366 512 2437 κρατοῦσι.
539 2366 622 2418 Τὰ
656 2365 785 2436 γοῦν
816 2366 1014 2435 ἄλογα,
1053 2366 1127 2438 μὴ
1171 2367 1361 2437 ἔχοντα
1382 2367 1476 2421 τὸν
1513 2368 1657 2433 νοῦν,

31 2463 286 2524 εἰκότως
302 2460 720 2530 δραστικώτερα
751 2460 846 2513 καὶ
863 2460 1091 2532 ὀξύτερα
1106 2460 1354 2524 maca;
1379 2461 1662 2532 αἰσθήσεις

33 2557 212 2618 εἰσὶν,
247 2553 445 2625 ὥσπερ
474 2553 568 2608 καὶ
600 2552 670 2605 τὰ
692 2552 854 2622 ιρυτά,
890 2553 964 2625 μὴ
994 2553 1186 2624 ἔχοντα
1217 2553 1490 2624 αἴσθησιν,
1517 2555 1661 2608 κατά

31 2649 140 2712 τὰς
194 2647 446 2720 φυσικὰς
491 2647 802 2716 ἐνεργείας,
841 2647 939 2718 τὴν
987 2647 1304 2720 θρεπτικὴν,
1349 2647 1450 2720 τὴν
1491 2647 1662 2719 αὐξη-

32 2741 236 2812 τικὴν,
264 2740 364 2793 καὶ¹
405 2739 502 2810 τὴν
533 2739 626 2792 τοῦ
673 2741 866 2811 γεννᾷν
909 2740 972 2793 τὸ
1013 2741 1225 2811 ὅμοιον,
1269 2741 1661 2812 ἐνεργεστέρας

32 2832 264 2902 ἔχουσι.
295 2831 396 2884 Διὰ
427 2830 584 2884 τοῦτο
623 2830 731 2903 γὰρ
771 2832 864 2884 καὶ
913 2829 1054 2895 ζώου
1098 2831 1492 2896 κολώωθέντος
1520 2834 1663 2887 κατά

31 2945 110 2987 τι,
160 2925 237 2978 οὐ
278 2923 506 2977 δύναται
551 2923 816 2994 ἀναθῆλαι
850 2923 912 2977 τδ
950 2925 1133 2979 λεῖπον
1167 2926 1360 2996 μέροςδ·
1398 2925 1567 2995 φυτοῦ
1604 2927 1661 2981 δὲ

37 3019 263 3090 μέρους
303 3015 652 3080 ὲκκοπέντος,
684 3017 716 3087 ἡ
741 3017 1073 3089 ἀναθήλησις
1103 3018 1303 3072 πλείων
1331 3018 1561 3087 γίνεται,
1585 3021 1661 3084 ὡς

36 3108 468 3180 πλεοναζούσης
529 3109 590 3160 ὲν
648 3108 864 3173 τούτοις
921 3111 1022 3182 τῆς
1074 3111 1307 3182 φυτικῆς
1354 3110 1657 3183 δυνάμεως.

1772 538 1824 583 et
1843 528 2086 583 homines
2103 527 2194 596 qui
2223 541 2456 596 superna
2482 538 2747 596 spectant,
2767 537 2826 581 ut
2841 531 3123 598 phmnices
3142 533 3358 599 ﬂorere,

1768 627 1830 674 et
1877 629 2136 690 tanquam
2193 620 2339 674 cedri
2398 618 2743 688 multiplicari
2787 623 3198 695 perhibentur);
3248 638 3358 680 tum

1771 710 1934 764 etiam
1977 720 2200 780 propter
2251 710 2530 763 hominum
2577 711 2875 766 naturalem
2914 715 3254 784 principandi
3307 730 3361 771 et

1771 801 2078 872 imperandi
2103 801 2544 872 przerogativam,
2576 804 2747 872 utqui
2778 804 2845 858 ad
2876 805 3164 876 imaginem
3202 818 3256 864 et
3286 812 3360 864 si-

1772 893 2135 949 militudinem
2189 895 2282 948 Dei
2322 893 2454 949 facti
2488 902 2615 948 sunt
2658 897 2753 961 (de
2787 898 2988 966 quibus
3016 900 3214 954 dicitur
3243 919 3257 956 :
3293 901 3360 957 Et

1769 987 1996 1054 praesint
2038 985 2297 1056 piscibus,
2338 971 2403 1038 et
2434 985 2747 1041 volucribus
2787 990 2913 1043 cmli
2938 989 3018 1060 h);
3054 997 3166 1046 tum
3213 994 3357 1062 quod

1773 1079 1965 1143 homo,
2009 1078 2258 1146 quamvis
2307 1089 2470 1130 sensu
2514 1078 2735 1147 quidem
2778 1091 3099 1136 creterorum
3131 1081 3355 1154 compa-

1770 1173 1986 1227 ratione
2014 1175 2328 1242 brutorum,
2359 1177 2583 1230 minime
2631 1174 2830 1242 valeat,
2877 1177 3132 1232 omnibus
3172 1189 3352 1236 tamen

1770 1263 1999 1335 imperet
2029 1268 2312 1334 praestanti
2360 1268 2410 1321 vi
2445 1269 2665 1334 mentis,
2699 1281 2764 1322 ac
2792 1268 3139 1325 rationabilis
3178 1273 3357 1328 scien-

1771 1356 1860 1412 tia:
1900 1356 2198 1416 dominatu.
2251 1357 2364 1414 Hoc
2412 1373 2594 1414 autem
2628 1360 2701 1415 ita
2751 1377 2814 1418 se
2865 1362 3050 1430 habet,
3095 1365 3354 1432 quoniam

1769 1446 2018 1502 homines
2065 1463 2256 1518 parum
2304 1450 2432 1518 quid
2482 1450 2548 1504 de
2603 1465 2769 1506 sensu
2824 1451 3066 1517 habent,
3107 1467 3354 1524 respectu

1769 1536 2000 1591 aliorum
2033 1537 2352 1592 animalium
2379 1556 2394 1592 :
2429 1539 2586 1594 bruta
2618 1541 2763 1594 enim
2801 1557 3027 1610 prorsus
3056 1553 3184 1596 sunt
3227 1559 3354 1598 sen-

1769 1643 1884 1694 sus,
1930 1643 2035 1697 quo
2069 1627 2232 1683 etiam
2263 1639 2546 1700 reguntur,
2583 1646 2706 1685 cum
2754 1633 2866 1686 sint
2898 1633 3262 1689 irrationalia.
3293 1634 3353 1688 In

1769 1718 1928 1772 nobis
1956 1726 2138 1771 autem
2170 1720 2440 1774 modicum
2469 1722 2598 1789 quid
2624 1731 2707 1775 est
2738 1722 2972 1776 sensile:
3006 1738 3181 1794 neque
3211 1727 3354 1778 enim

1768 1825 1834 1864 ex
1865 1825 1931 1864 eo
1961 1821 2302 1876 constamus,
2333 1813 2428 1866 sed
2469 1827 2536 1867 ex
2573 1813 2899 1868 intellectili.
2930 1813 2985 1868 ln
3022 1815 3232 1885 angelis
3260 1831 3356 1869 au-

1769 1911 1874 1956 tem
1906 1916 2082 1965 neque
2114 1903 2392 1957 minimum
2421 1905 2550 1973 quid
2583 1917 2666 1958 ρει
2713 1920 2994 1972 sensuum,
3030 1922 3218 1960 verum
3258 1907 3356 1962 no”-

1764 1995 1955 2048 stratia
2003 2002 2129 2048 sunt
2181 1996 2330 2049 rudis
2364 1995 2577 2049 illorum
2632 1996 2828 2066 ﬁgura.
2880 1996 3352 2063 Quemadmodum

1767 2087 1931 2158 igitur
1960 2086 2134 2158 angeli
2177 2104 2300 2143 cum
2343 2103 2448 2143 non
2487 2096 2708 2142 utantur
2751 2089 2818 2144 iis
2862 2090 3059 2159 quibus
3089 2106 3188 2144 nos
3229 2105 3351 2144 sen-

1764 2194 1920 2234 suum
1969 2179 2368 2243 instrumentis,
2407 2178 2704 2248 plurimum
2754 2178 3090 2234 antecellunt
3143 2180 3352 2234 intellis

1765 2270 1964 2342 gentiis
1993 2270 2148 2340 capia
2183 2268 2497 2334 facultatis;
2531 2268 2609 2323 sic
2642 2268 2810 2323 etiam
2849 2269 3103 2324 homines
3149 2273 3352 2326 mentis

1765 2364 2084 2419 excellentia
2117 2372 2170 2417 et
2232 2360 2532 2415 ratiocinali
2570 2361 2802 2416 scientia
2849 2361 3224 2418 irrationalein
3259 2379 3354 2419 su-

1765 2466 1956 2525 perant
1987 2465 2267 2509 naturam.
2310 2453 2474 2507 Bruta
2509 2453 2712 2522 itaque,
2743 2467 2863 2521 quae
2903 2463 3085 2507 mente
3125 2464 3349 2521 carent,

1765 2543 1960 2597 merito
1987 2541 2294 2598 ellicaciora
2323 2556 2453 2598 sunt
2487 2552 2542 2597 et
2578 2542 2846 2598 celeriora
2887 2545 3189 2599 secundum
3223 2561 3353 2600 sen-

1765 2649 1899 2712 sus;
1949 2637 2406 2705 quemadmodum
2435 2647 2513 2710 et
2560 2637 2797 2705 planta},
2843 2650 2965 2704 quae
3002 2647 3142 2692 sunt
3185 2653 3348 2694 sensn

1765 2726 2058 2793 destitutaa,
2087 2730 2418 2800 vcgetativas
2451 2729 2606 2802 141
2639 2729 2946 2795 faculta:es,
2976 2742 3036 2785 ut
3089 2732 3341 2788 altricem

1764 2825 1822 2870 et
1861 2816 2163 2872 auctricem
2193 2825 2267 2871 “et
2306 2817 2387 2871 sui
2437 2818 2632 2872 similis
2674 2817 3103 2887 generalricem,
3150 2819 3353 2873 habent

1763 2906 2120 2964 efﬁcaciores.
2175 2907 2384 2964 Idcirco
2441 2909 2586 2962 enim
2643 2907 2867 2962 animali
2921 2907 3172 2962 mutilato
3223 2904 3350 2978 pars

1765 3000 2008 3055 abscissa
2081 3015 2428 3071 nequaquam
2485 3001 2681 3056 iterum
2743 3010 2927 3070 potest
2976 3000 3346 3071 repullulare;

1764 3071 1961 3161 plantae
2013 3074 2164 3157 vero,
2209 3092 2254 3147 si
2309 3073 2438 3163 pars
2488 3102 2700 3147 resecta
2756 3092 2861 3158 sit,
2897 3092 3243 3163 repullulatio
3291 3093 3349 3146 lit

36 3200 142 3253 Διά
174 3198 362 3252 ταῦτα
397 3173 575 3251 τοίνυν
606 3199 782 3252 πάντα
823 3199 886 3252 τὸ
927 3173 1394 3275 ἀνθρωπόμορφον
1419 3173 1656 3279 ἀναγρά-

1833 3184 2006 3249 ηθτίοτ,
2031 3186 2103 3239 ita
2135 3193 2195 3239 ut
2242 3184 2294 3239 in
2352 3185 2438 3240 his
2468 3187 2764 3255 vegetativa
2800 3185 2882 3240 vis
2911 3185 3178 3240 abundet.
3211 3173 3345 3239 Pro;

37 3309 238 3361 φουσι,
270 3291 368 3343 καὶ
390 3290 478 3343 διὰ
503 3290 562 3343 τὸ
585 3291 742 3360 φύσει
765 3293 863 3364 τῆς
887 3293 1066 3365 ψυχῆς
1094 3294 1390 3350 ἀδούλωτον
1413 3299 1506 3352 καὶ
1529 3301 1660 3353 αύτ-

39 3383 344 3447 εξούσιον,
383 3382 413 3434 ὀ
453 3383 548 3435 καὶ
594 3383 728 3435 αὐτὸ
768 3383 969 3453 προσὸν
1009 3388 1123 3449 τοῖς
1159 3386 1413 3456 ἀγγέλοις
1486 3391 1649 3459 γινώ-

46 3479 279 3518 ςκεται.

115 3660 293 3711 Ἔστι
326 3656 385 3709 δὲ
415 3658 510 3710 καὶ
533 3652 658 3710 καθ’
681 3656 913 3710 ἕκαστον
947 3658 1057 3712 τῶν
1087 3658 1444 3732 ἀνθρωπίνων
1479 3663 1660 3734 μερῶν

38 3752 270 3814 εἰκόνας
296 3749 593 3820 ἁρμοδίους
615 3749 856 3822 ἐξευρεῖν
882 3751 1019 3823 πρὸς
1040 3752 1110 3806 τά
1132 3753 1358 3825 οὐράνια
1379 3755 1657 3827 τάγματα.

41 3844 156 3894 Καὶ
186 3839 415 3912 πρῶτον
441 3839 628 3892 ἐκτῶν
648 3839 974 3909 αἰσθήσεων.
997 3844 1156 3898 Ὅθεν
1182 3846 1274 3898 καὶ
1295 3847 1352 3898 αἱ
1384 3846 1480 3916 μὲν
1508 3847 1660 3900 ὀπτι-

40 3934 148 3985 καὶι
192 3929 495 4000 δυνάμεις,
533 3929 656 3982 ἐπεὶ
697 3930 909 3995 διειδεῖς
955 3935 1096 3998 εἰσι,
1149 3936 1247 3988 καὶ
1291 3935 1518 4000 ἁπαλὸν,
1567 3937 1660 3990 καὶ

41 4025 248 4096 ὑγρὸν,
278 4023 379 4075 καὶ
402 4023 501 4074 ούκ
530 4022 820 4076 ἀντίτυπον
846 4025 907 4076 τὺ
929 4025 1285 4098 αίσθητήριον
1318 4027 1522 4096 έχουσι,
1559 4027 1659 4098 τὴν

43 4118 190 4187 πρὸς
219 4115 294 4167 τὰ
324 4114 447 4168 θεῖα
470 4117 578 4170 τῶν
609 4117 856 4185 ἀγγέλων
882 4117 1101 4187 δηλοῦσι
1132 4118 1500 4190 διειδεστάτην
1531 4120 1661 4173 ἀνά-

39 4226 258 4270 νευσιν,
275 4209 377 4261 καὶ
404 4207 500 4279 τὴν
523 4209 757 4281 ἁπαλὴν,
782 4211 875 4262 καὶ
903 4209 1098 4281 ύγράν,
1127 4210 1220 4262 καὶ
1245 4211 1346 4263 ούκ
1372 4210 1660 4264 ἀντίτυπον

41 4299 327 4371 ὑποδοχὴν
350 4299 461 4352 τῶν
487 4300 645 4354 θείων
682 4300 1022 4372 ὲλλὰμψεων,
1054 4301 1151 4372 τὴν
1183 4300 1522 4372 ὀξυκίνητον,
1563 4302 1660 4354 καὶ

42 4391 329 4462 καθαρὰν,
357 4392 452 4443 καὶ
485 4392 946 4463 ἀναπεπταμένην
975 4393 1112 4464 πρὸς
1143 4391 1242 4463 τὴν
1274 4392 1542 4464 ὑποδοχὴν
1564 4392 1658 4446 τοῦ

42 4486 197 4538 θείου
244 4483 448 4553 φωτός.

1760 3284 1884 3345 pter
1909 3277 2022 3332 lucc
2054 3278 2236 3346 itaque
2276 3278 2459 3332 omnia
2492 3277 2726 3332 humana
2775 3276 2958 3332 forma
2991 3277 3213 3348 angelos
3257 3277 3352 3331 de-

1761 3371 2027 3441 pingunt,
2077 3379 2130 3424 et
2185 3380 2409 3439 propter
2447 3370 2751 3425 naturalem
2798 3370 2994 3424 animae
3037 3369 3349 3440 ingenuita-

1764 3473 1868 3518 tem
1900 3474 1954 3518 et
1983 3464 2198 3519 arbitrii
2246 3464 2579 3529 libertatem,
2608 3479 2730 3535 quze
2759 3473 2817 3519 et
2853 3464 2905 3518 in
2939 3463 3147 3533 angelis
3176 3479 3350 3534 agno-

1760 3571 1893 3612 scuu
1903 3567 2010 3612 tur.

1835 3649 2002 3719 Quin,
2033 3649 2163 3705 licet
2206 3650 2372 3706 etiam
2417 3664 2485 3704 ex
2530 3648 2755 3719 singulis
2801 3647 3056 3704 humanis
3088 3647 3349 3702 membris

1761 3753 1918 3811 aptas
1943 3743 2206 3813 imagines
2237 3743 2558 3798 caelestibus
2588 3742 2875 3797 ordinibus
2907 3735 3344 3796 accommodare.

1761 3829 1826 3884 Et
1860 3833 2092 3900 primum
2142 3847 2173 3886 e
2208 3833 2484 3886 sensibus.
2530 3829 2686 3884 Unde
2733 3831 2948 3884 videndi
3000 3828 3216 3898 quidem
3260 3828 3346 3880 fa-

1762 3922 2014 3989 cultates,
2044 3911 2166 3978 cum
2202 3923 2552 3992 perspicaccs
2581 3923 2726 3986 sint,
2761 3931 2817 3977 et
2869 3931 3134 3988 tenerum,
3180 3931 3235 3976 et
3281 3921 3348 3974 li-

1763 4013 2018 4081 quidum,
2067 4023 2121 4069 et
2162 4030 2509 4083 nequaquam
2559 4014 2917 4066 reluctantem
2971 4029 3190 4067 sensum
3245 4014 3345 4067 ha-

1760 4107 1953 4172 beant,
2004 4107 2288 4162 declarant
2335 4107 2654 4176 angelorum
2706 4107 3229 4176 perspicacissimatn
3279 4106 3346 4158 ad

1762 4202 1942 4254 divina
1978 4201 2399 4268 suspeetionem,
2430 4211 2483 4256 et.
2516 4213 2782 4267 teneram,
2819 4201 3213 4269 liquidamque,
3247 4198 3347 4251 nti-

1764 4294 2015 4360 nimeque
2055 4292 2422 4362 relragantein
2480 4295 2791 4348 divinorum
2839 4292 3105 4345 Ιιιιιιῑιιιιιιι
3156 4306 3351 4345 susce-

1762 4385 2035 4454 ptionem;
2065 4402 2183 4453 qua:
2217 4385 2373 4439 velox
2413 4388 2482 4440 sit
2511 4398 2566 4440 et
2600 4399 2763 4457 pura;
2798 4395 2852 4440 et
2896 4400 3131 4454 expansa
3162 4386 3228 4436 ad
3268 4384 3350 4435 di-

1761 4477 1868 4528 vini
1904 4475 2125 4530 luminis
2148 4477 2549 4545 exceptionem.
2583 4488 2585 4490 '

113 4577 184 4627 Ai
236 4573 343 4642 τῆς
383 4574 704 4644 ὀσφρήσεως
741 4573 998 4644 δυνάμεις
1027 4573 1087 4626 τὸ
1127 4572 1514 4646 ἀντιληπτικὺν
1552 4575 1652 4645 τῆς

1837 4564 2084 4620 Olfactus
2139 4568 2284 4622 vires
2339 4568 2651 4636 signiﬁcant
2713 4568 3023 4636 fragrantes
3082 4565 3344 4619 distribu-

43 4667 290 4728 εὐώδους
318 4665 632 4730 διαδόσεως,
663 4668 757 4720 καὶ
787 4666 894 4720 τῶν
927 4666 1001 4737 μὴ
1028 4666 1286 4719 τοιούτων
1312 4666 1650 4736 διακριτικὸν

43 4760 103 4809 ἐν
149 4759 477 4831 ἐπιστήμῃ·
519 4759 620 4811 οὐκ
654 4761 895 4830 ἤκουσας
923 4759 1052 4830 γὰρ,
1102 4759 1182 4811 ὅτι
1215 4759 1309 4812 καὶ
1355 4758 1475 4828 Θεῴ
1504 4758 1651 4826 λογί-

45 4849 202 4912 ζεται
231 4848 511 4919 βδέλυγμα
541 4849 604 4902 τὸ
641 4849 792 4922 παρά
849 4849 958 4902 τῶν
1000 4849 1231 4914 ἀναξίων
1275 4851 1653 4922 προσφερόμε-

43 4956 135 4991 νον
163 4937 462 5008 θυμίαμας
494 4938 662 4991 Τοῦτο
695 4938 960 5010 ἡγοῦνται
1002 4937 1281 5008 βδέλυγμα
1311 4937 1406 4990 καὶ
1451 4937 1519 4991 τὰ
1561 4939 1658 4990 ού-

50 5031 214 5100 ράνια
240 5030 640 5100 τάγματαπααὶ
663 5031 857 5094 όλικῶς
889 5030 1283 5100 ἀποφεύγουσι.

116 5123 202 5176 Τά
239 5117 360 5176 ὦτα
394 5123 457 5176 τὸ
486 5124 772 5194 μετοχικὸν
816 5123 1057 5193 δηλοῦσι,
1101 5127 1196 5176 καὶ
1238 5123 1300 5176 τὸ
1337 5123 1653 5191 γνωπικῶς

49 5215 412 5267 ὑποδεκτικόν
456 5215 556 5285 τῆς
603 5214 753 5279 θείας
795 5216 1116 5279 ἐπιπνοίαςο
1159 5217 1192 5285 ἡ
1229 5214 1338 5287 γὰρ
1383 5215 1520 5287 πνοὴ
1565 5214 1654 5268 διὰ

50 5304 158 5357 τῶν
184 5301 348 5356 ὤτων
375 5304 723 5372 γινώσκεται.
762 5304 938 5375 ῐῙνοὴν
971 5305 1026 5357 δὲ
1071 5303 1218 5372 λέγει
1258 5305 1321 5357 τὸ
1376 5304 1517 5359 θεῖον
1560 5307 1654 5359 καὶ

52 5394 426 5464 πνευματικὸν
463 5394 730 5465 χάρισμα,
771 5392 953 5457 καθὼς
983 5395 1076 5447 καὶ
1117 5395 1175 5446 ἐν
1205 5392 1284 5464 τῷ
1325 5393 1445 5447 ’1ὼὸ
1484 5394 1653 5468 εὓρη-

53 5499 137 5536 ται.
204 5484 424 5552 λέγοντι
452 5503 465 5515 ο
511 5485 676 5553 Har-01‘)
729 5485 798 5538 δὲ
850 5485 1342 5555 Παντοκράτορος
1387 5488 1424 5555 ’ἠ
1479 5486 1644 5541 διδά-

51 5579 297 5633 σκουσά
325 5594 424 5646 με.

122 5759 146 5795 δ
179 5755 322 5812 Gen.
362 5773 404 5820 ι,
440 5756 529 5810 ‘26.
617 5760 627 5797 ί
677 5756 779 5813 Job
833 5772 1014 5823 um,
1046 5761 1100 5814 8.

1759 4656 1936 4710 tiones
1982 4659 2292 4726 excipiendi
2346 4660 2684 4725 facultatem,
2708 4669 2762 4712 et
2793 4660 2964 4728 perite
3001 4655 3344 4710 discernendi

1757 4764 1819 4802 ea
1869 4765 1990 4817 qua:
2036 4767 2143 4802 non
2192 4759 2316 4804 sunt
2361 4750 2625 4819 ejusmodi
2667 4764 2681 4804 :
2734 4750 2976 4818 nunquid
3033 4747 3179 4800 ettim
3235 4761 3340 4798 non

1756 4841 1998 4905 audiisti,
2030 4843 2172 4909 quod
2208 4841 2350 4895 l3eus
2390 4840 2782 4895 abominationi
2823 4842 3018 4894 habeat
3060 4839 3340 4891 incensum

1755 4935 1900 5002 quod
1938 4936 2005 4988 ab
2037 4935 2271 5003 indignis
2289 4934 2557 4988 olfertur?
2582 4933 2724 4986 Idem
2761 4932 2924 4986 etiam
2950 4927 3338 4986 abominatioui

1766 5028 1965 5082 habent
1996 5026 2369 5081 ordinationes
2402 5027 2655 5080 cmlestes
2677 5065 2692 5088 ,
2747 5035 2802 5080 et
2851 5027 3074 5079 omnino
3104 5022 3336 5091 fugiunt.

1831 5123 2007 5175 Aures
2042 5123 2330 5191 designant
2378 5122 2576 5175 divina:
2628 5121 3002 5189 inspirationis
3044 5119 3316 5187 participa-

1764 5215 1984 5280 tionem,
2015 5225 2069 5268 ct
2104 5215 2344 5284 ejusdem
2376 5215 2735 5269 scientiticam
2765 5213 3167 5281 susceptionem
3196 5230 3210 5267 :
3251 5212 3328 5264 in-

1759 5309 1988 5377 Spiratio
2035 5310 2178 5362 enim
2228 5310 2452 5364 auribus
2486 5309 2864 5379 dignoscitur.
2915 5305 3334 5375 lnspirationcm

1756 5408 1937 5454 autem
1995 5411 2153 5456 vocat
2199 5403 2436 5456 divinam
2479 5419 2542 5457 ac
2592 5402 2892 5469 spiritalem
2943 5399 3207 5469 gratiam,
3257 5396 3335 5449 uti

1757 5493 1922 5545 etiam
1955 5493 2227 5562 reperitur
2259 5493 2311 5546 in
2352 5492 2487 5548 Jobo
2522 5495 2775 5550 dicente:
2822 5490 3115 5562 Inspiratio
3155 5497 3333 5545 auum

1765 5583 2155 5653 Omnipotentis
2187 5586 2338 5640 docet
2373 5603 2451 5640 me
2483 5588 2524 5641 ί.
