3734 6310
419 268 519 322 551

421 472 668 525 vinarum
738 468 1179 540 explicationum,
1226 469 1581 538 repletionem
1629 486 1695 528 ac
1731 472 1988 528 saturita-

426 574 564 628 tem,
607 571 771 632 atque
823 562 1048 630 insuper
1095 563 1405 617 divinorum
1455 563 1754 620 rivulorum
1787 580 1852 620 ac
1896 579 1993 635 po-

425 658 626 711 tionum
676 655 1055 710 deliciosarum
1125 657 1524 724 susceptionem
1572 674 1588 710 :
1651 657 1794 711 sicut
1847 659 1989 714 enim

423 748 572 800 cibus
614 745 874 810 spiritalis
914 757 1027 814 est,
1067 747 1147 803 sic
1188 758 1243 801 et
1283 756 1447 816 potus
1485 746 1565 802 illi
1605 749 1990 820 preportiona-

422 845 505 889 tus
543 844 644 890 est.

491 926 723 984 Tactiles
757 929 1043 986 facultates
1071 931 1287 1000 signant
1317 932 1424 986 vim
1465 932 1822 999 dignoscendi
1855 933 1987 1003 quid

419 1021 590 1090 prosit
620 1022 705 1078 vel
734 1023 862 1091 quid
909 1023 1051 1078 obsit
1076 1039 1092 1078 :
1126 1022 1229 1076 hoc
1257 1031 1439 1077 autem
1467 1033 1549 1079 est
1582 1023 1635 1078 in
1659 1023 1821 1079 nobis
1849 1022 1992 1077 mul-

419 1113 586 1184 tiplex
632 1115 928 1170 secundum
959 1115 1138 1170 varias
1169 1115 1488 1184 qualitates,
1535 1125 1595 1169 ut
1623 1115 1893 1179 calidum,
1935 1123 1993 1169 ut

422 1204 701 1274 frigidum,
747 1217 910 1278 atque
955 1208 1150 1262 iterum
1194 1218 1255 1262 ttt
1299 1222 1589 1278 asperum,
1641 1219 1698 1263 ut
1741 1207 1890 1272 leve;
1939 1214 1994 1262 et

422 1314 631 1368 rursus,
660 1309 719 1354 ut
748 1301 967 1366 durum,
990 1313 1047 1356 ut
1079 1300 1268 1366 molle;
1300 1300 1606 1370 iterumque
1639 1308 1696 1355 ut
1721 1315 1904 1370 grave,
1936 1312 1995 1355 ut

421 1392 558 1454 leve.
585 1399 639 1445 et
664 1393 959 1446 secundum
989 1391 1124 1446 alias
1152 1391 1413 1460 plurimas
1441 1389 1777 1461 qualitates.:

489 1483 766 1552 Palpebrae
802 1493 857 1538 et
905 1483 1201 1554 supercilia
1233 1484 1412 1539 visum
1460 1491 1808 1552 conservant,
1850 1486 1994 1542 unde

420 1575 704 1646 designant
737 1576 810 1632 ibi
841 1576 1142 1631 custodiam
1170 1574 1674 1644 intelligentiarutn.

1541 267 1601 324 s.
1638 267 1939 326 DIONYSU
1969 268 2438 345 sempiterna

491 379 694 435 Gustus
723 377 928 433 indicat
973 376 1298 447 spiritalium
1347 376 1628 446 ciborunt,
1669 380 1880 449 scilicet
1907 381 1989 435 di-
2016 405 2060 466 Δ

2174 381 2236 433 Ἡ
2279 381 2536 452 γευστικὴ
2586 380 2683 452 τὴν
2730 380 2836 434 τῶν
2883 384 3088 453 νοητῶν
3139 385 3379 456 τροφῶν,
3431 384 3688 455 δηλονότι

2091 469 2196 523 τῶν
2231 468 2390 522 θείων
2417 471 2754 541 είσηγήσεων
2799 471 3189 544 ἀποπλήρωσιν
3236 476 3330 528 καὶ
3359 475 3460 528 τὸν
3491 493 3686 546 xopta-

2093 561 2248 632 σμὸν,
2282 562 2375 614 καὶ
2403 561 2480 614 ἑτι
2509 560 2618 615 τῶν
2641 563 2840 632 ὀχετῶν
2869 565 2962 618 καὶ
2984 566 3194 619 πόσεων
3224 567 3334 620 τῶν
3368 570 3470 622 καὶ
3497 570 3686 622 αὐτῶν

2092 653 2248 706 θείων
2279 654 2373 706 καὶ
2413 654 2694 725 τροφίμων
2721 654 2922 710 δντωψ
2949 657 3025 722 ὡς
3049 657 3157 730 γὰρ
3199 661 3234 729 ή
3271 661 3460 732 τροφὴ

2093 746 2186 799 καὶ
2219 747 2250 816 ἡ
2274 745 2431 810 πόσις
2455 744 2735 814 ἀνάλογος.

2161 923 2228 976 Αἱ
2259 924 2486 977 ἁπτικαὶ
2519 922 2776 994 δυνάμεις
2799 923 3016 995 δηλοῦσι
3059 925 3119 979 τὺ
3143 925 3551 994 διαγνωστικὸν
3595 926 3686 979 τοι]

2093 1017 2405 1090 προσφυοῦς
2435 1019 2468 1090 ἢ
2497 1019 2594 1073 καὶ
2621 1019 2977 1089 βλάπτοντοςο
3007 1021 3163 1076 τοῦτο
3185 1022 3242 1076 δέ
3269 1025 3428 1078 ἐστιν
3459 1026 3522 1077 ὲν
3553 1028 3687 1095 ἡμῖν

2093 1110 2376 1182 πολλαχῶς
2407 1129 2467 1164 τε
2512 1113 2607 1166 καὶ
2637 1112 2779 1166 κατὰ
2817 1111 3017 1177 πολλὰς
3045 1113 3334 1185 ποιότητας
3353 1132 3369 1145 ’
3423 1117 3512 1170 ὅτι
3563 1117 3685 1187 θερ-

2097 1201 2217 1273 μὸν,
2245 1203 2325 1254 ὅτι
2352 1201 2586 1274 ψυχρόν·
2615 1205 2708 1257 καὶ
2732 1199 2886 1260 αὖθις
2910 1204 2990 1258 ὅτι
3022 1207 3217 1276 τραχὺ,
3260 1207 3342 1259 ὅτι
3373 1206 3560 1260 λεῖον
3602 1211 3688 1261 καὶ

2095 1292 2257 1348 πάλιν
2283 1294 2364 1348 ὄτι
2393 1293 2646 1367 σκληρὸν,
2685 1296 2767 1349 ὅτι
2800 1296 3066 1367 μαλακόνσ
3097 1297 3190 1350 καὶ
3213 1294 3370 1362 αὖθις
3403 1299 3493 1352 ἵκει
3523 1300 3687 1372 βαρὺ,

2093 1386 2176 1440 ὅτι
2203 1386 2430 1456 κοῦφον⁸
2455 1387 2550 1441 καὶ
2575 1390 2694 1442 κατ’
2722 1388 2887 1453 ἄλλας
2911 1388 3113 1453 πολλὰς
3143 1390 3470 1460 ποιότητας.

2165 1478 2248 1532 Τὰ
2289 1479 2531 1550 βλέφαρα
2578 1481 2670 1534 καὶ
2694 1481 2750 1532 αἱ
2792 1480 2992 1552 ὀφρύες
3015 1481 3078 1534 τὸ
3118 1482 3369 1553 ὁρατικὸν
3411 1482 3690 1553 φρουροῦ-

2097 1589 2202 1636 σιν,
2229 1571 2350 1626 ὂθεν
2386 1571 2639 1643 δηλοῦσιν
2677 1573 2854 1626 ἐκεῖσε
2893 1572 2956 1627 τὸ
2994 1572 3361 1645 φρουρητικὸν
3407 1575 3525 1628 τῶν
3568 1576 3690 1644 νοη-

2099 1683 2234 1720 σεων
2241 1707 2251 1717 .

489 1750 686 1808 Emtis
721 1750 1072 1820 pudescenlia
1114 1767 1238 1806 cum
1267 1751 1390 1808 vitae
1437 1760 1550 1806 tum
1585 1750 1746 1822 142
1776 1751 1992 1808 virtutis

2168 1758 2238 1812 Τὸ
2260 1760 2505 1814 νεανικὸν
2539 1761 2637 1832 τῆς
2661 1760 2896 1829 ἡλικίας,
2921 1761 2982 1813 τὸ
3033 1760 3350 1833 ὲπακμάζον
3391 1764 3506 1834 τῆς
3547 1765 3690 1834 ζωῆς

420 1859 606 1898 eorum
643 1843 882 1914 vigorem
914 1842 1194 1909 declarat;
1225 1843 1333 1897 vita
1361 1844 1504 1900 enim
1531 1857 1723 1900 eorum
1767 1841 1992 1899 immor-

422 1935 545 1992 talis
570 1947 675 2002 est,
698 1945 754 1991 et
780 1937 956 1990 Virtus
982 1934 1213 1992 stabilis.

491 2029 690 2084 Dentes
735 2029 954 2098 signant
990 2029 1040 2082 id
1071 2029 1212 2098 quod
1243 2027 1512 2084 discernit
1541 2027 1936 2085 illustrationes
1969 2045 1986 2084 :

418 2121 674 2192 quaelibet
717 2121 861 2175 enim
912 2120 1211 2176 caelestium
1264 2122 1624 2177 essentiarum
1678 2122 1991 2176 uniusmodi

421 2211 830 2282 intelligentiam
882 2210 984 2266 sibi
1036 2212 1318 2279 traditam,
1358 2227 1461 2281 pro
1508 2211 1782 2267 inferioris
1827 2213 1994 2269 ductu

418 2311 710 2372 raptuque,
743 2300 967 2371 provide
996 2303 1276 2360 distribuit
1321 2303 1773 2372 multiplicatque.

419 2395 421 2397 ’
492 2393 718 2448 Humeri
751 2393 1028 2449 declarant
1061 2393 1114 2448 id
1146 2394 1290 2464 quod
1323 2393 1528 2448 similes
1571 2403 1748 2448 tnotus
1793 2394 1988 2460 eilicit;

421 2487 566 2541 ulnae
594 2501 727 2542 vero
759 2486 868 2540 vim
899 2486 1180 2555 aperandi,
1213 2495 1270 2541 et
1301 2501 1492 2541 manus
1533 2486 1861 2555 exsequendi
1896 2501 1995 2556 po-

423 2576 674 2631 tentiam.

492 2667 599 2723 Cor
644 2667 947 2739 symbolum
995 2679 1078 2724 est
1127 2667 1252 2723 vitat
1300 2667 1797 2725 deiformis:sicut
1845 2667 1990 2722 enim

419 2776 487 2816 ex
535 2762 705 2816 corde
737 2763 882 2818 vires
928 2763 1142 2834 corpori
1190 2763 1614 2830 distribuuntur,
1659 2763 1743 2818 sic
1788 2776 1853 2816 ex
1904 2762 1992 2816 his

419 2852 599 2908 vitalis
636 2853 719 2909 vis
756 2853 811 2908 in
850 2869 912 2909 ea
952 2869 1072 2924 qua:
1110 2854 1450 2924 providentia
1492 2865 1757 2926 reguntur
1801 2854 1991 2910 distri-

418 2943 626 3000 buitur.

488 3034 713 3091 Pectora
743 3036 886 3110 (cum
920 3045 1128 3107 pectus,
1151 3036 1341 3093 Greece
1366 3035 1586 3108 στέρνον
1617 3036 1682 3090 ὲκ
1708 3034 1802 3088 τοῦ
1819 3033 1993 3102 στεῤ-

397 3129 538 3202 ῥοῦ,
566 3128 618 3183 id
647 3137 731 3184 est
760 3145 826 3182 ea:
848 3131 1002 3199 ﬁrmo
1038 3131 1334 3194 derivetur,
1363 3140 1417 3185 et
1448 3131 1514 3184 ad
1545 3129 1773 3199 subjecti
1810 3129 1995 3183 cordis
2021 3116 2064 3173 (ἶ

421 3219 727 3274 custodiam
767 3221 1058 3276 formatum
1089 3223 1180 3294 sit)
1229 3221 1514 3290 designant
1554 3221 1664 3274 vim
1713 3220 1996 3290 insupera-

427 3309 583 3364 bilem
611 3319 664 3364 et
693 3313 1158 3368 conservatricem
1187 3313 1314 3366 vitae
1339 3311 1664 3366 istiusmodi.

498 3402 665 3456 Dorsa
717 3418 871 3469 vero,
915 3405 1045 3474 quia
1095 3405 1384 3459 continent
1433 3403 1656 3457 insitam
1701 3403 1994 3468 virtutem,

425 3489 568 3545 sicut
597 3493 762 3547 etiam
793 3508 954 3548 omne
982 3509 1120 3548 onus
1151 3494 1365 3563 corpori
1393 3494 1726 3562 impositum,
1757 3494 1998 3548 humeris

423 3582 630 3653 imponi
661 3584 862 3639 dicitur
888 3603 904 3640 :
930 3585 1072 3640 unde
1098 3596 1152 3639 et
1182 3586 1361 3655 poesis
1391 3586 1703 3641 universum
1735 3601 1873 3641 onus
1905 3587 1999 3642 bu-

425 3677 590 3754 tneris
617 3673 870 3748 imponit;
902 3680 979 3734 ait
1005 3680 1149 3734 enim
1179 3678 1442 3734 llotnerus
1469 3696 1484 3732 :

634 3855 704 3908 Et
733 3854 797 3908 ab
825 3854 1054 3908 humeris
1088 3870 1239 3908 arma
1277 3852 1640 3922 deportabant;

425 3947 629 4004 ideirco
660 3951 818 4002 dorsa
847 3947 1156 4018 signiﬁcant
1183 3946 1236 4002 id
1267 3945 1411 4017 quod
1444 3946 1586 4001 vires
1623 3945 1886 4013 continet,
1916 3945 2000 3998 iu-

426 4040 653 4095 teriores
676 4040 887 4096 scilicet
908 4055 972 4094 ac
998 4039 1211 4094 vitales.

479 4112 667 4186 'Pedes
697 4131 804 4184 vim
841 4132 1122 4186 motricem
1153 4131 1462 4198 insinuant,
1496 4140 1549 4185 et
1595 4144 1816 4185 cursum
1850 4143 1996 4182 sem-

420 4222 622 4293 piterni
651 4231 827 4275 motus
870 4237 978 4291 quo
1017 4223 1084 4276 ad
1119 4223 1299 4276 divina
1348 4223 1599 4278 cientur:
1634 4238 1757 4276 nam
1794 4223 1998 4277 idcirco

430 4313 596 4366 etiam
632 4328 662 4366 a
695 4313 964 4382 theologia
1000 4315 1160 4382 pedes
1190 4329 1378 4368 eorum
1413 4315 1541 4369 alati
1576 4316 1874 4385 ﬁnguntur.
1901 4313 1996 4366 Ala

426 4404 694 4472 siquidem
728 4420 946 4461 sursum
993 4406 1190 4469 elevat,
1239 4416 1296 4460 et
1341 4406 1459 4461 leve
1499 4423 1620 4462 esse
1667 4409 1910 4464 declarat
1945 4409 1996 4463 id

431 4499 575 4568 quod
616 4499 819 4554 alatutu
866 4508 968 4556 est.
998 4500 1172 4556 Divitti
1220 4500 1403 4570 itaque
1446 4499 1789 4572 illustresque
1821 4502 1994 4572 angeli

425 4595 497 4648 ab
519 4593 683 4647 omni-
700 4608 760 4648 re
795 4594 1045 4648 terrestri
1075 4593 1393 4646 eximuntur
1420 4608 1485 4646 ac
1511 4604 1772 4663 perpetuo
1801 4593 1870 4650 ad
1897 4611 1994 4647 au-

428 4689 632 4744 teriora
657 4685 950 4742 etexcelsa
1000 4694 1406 4755 promoventur.
1459 4683 1694 4740 Rursum
1745 4702 1871 4741 vero
1905 4688 1994 4742 illa

426 4797 548 4851 qua:
569 4782 620 4836 in
652 4781 892 4836 humeris
915 4789 996 4834 est
1021 4778 1233 4833 alarum
1265 4778 1475 4842 levitas,
1506 4779 1724 4846 proprie
1746 4779 1998 4850 designat

429 4889 620 4948 eorum
652 4873 981 4944 agilitatem,
1026 4886 1147 4941 qua)
1176 4871 1295 4926 sine
1345 4869 1669 4925 admistione
1713 4873 1997 4940 gravitatis

432 4977 682 5039 prompte
708 4981 924 5023 sursum
955 4964 1144 5020 fertur.

505 5059 730 5115 Nuditas
773 5074 905 5114 vero
963 5059 1380 5130 calceorumque
1446 5058 1678 5132 privatio
1744 5058 1998 5111 virtutem

431 5167 620 5213 eorum
665 5152 997 5204 abstractam
1029 5152 1269 5215 denotat,
1311 5163 1365 5207 et
1397 5169 1425 5205 a
1463 5155 1627 5209 rebus
1673 5155 1873 5213 inﬁmis
1904 5175 2000 5212 ex—

433 5242 670 5312 peditam
715 5256 770 5296 et
823 5243 1082 5305 liberam,
1124 5243 1279 5312 juxta
1340 5245 1471 5298 illud
1517 5262 1531 5299 :
1584 5245 1739 5301 Solve
1792 5248 2000 5301 calcea-

435 5344 610 5388 menta
650 5337 717 5387 de
759 5333 975 5402 pedibus
1024 5333 1158 5400 tuis,
1203 5333 1347 5389 locus
1386 5337 1561 5402 enim,
1603 5339 1660 5392 in
1709 5355 1812 5409 quo
1859 5349 2001 5404 stas,

436 5437 648 5482 sanctus
686 5437 760 5481 est
790 5422 837 5480 i.
872 5424 1106 5496 Nudipcs
1150 5429 1292 5480 enim
1325 5427 1463 5482 liber
1500 5441 1586 5485 est
1625 5430 1694 5485 ab
1722 5432 1868 5486 omni
1910 5447 2004 5485 ex—

442 5518 677 5573 tt'inseco
723 5518 1126 5588 impedimento.
1175 5517 1408 5587 Spiritus
1459 5521 1643 5593 itaque
1705 5520 2002 5592 ttudipcdcs

545 5700 588 5774 δέ
611 5696 768 5754 "Md.
793 5687 905 5768 ιιι,
939 5701 1054 5756 122.
1127 5700 1140 5754 i
1180 5701 1351 5760 Exod.
1382 5719 1478 5772 tu,
1510 5702 1561 5758 5.

2092 1851 2292 1917 αὐτῶν,
2325 1853 2418 1906 καὶ
2455 1854 2556 1924 τῆς
2579 1853 2891 1924 δυνάμεως·
2920 1855 2952 1924 ἡ
2979 1852 3087 1925 γὰρ
3133 1853 3244 1926 ζωὴ
3287 1854 3690 1926 ἀτελεύτητοςν

2092 1944 2188 1998 καὶ
2211 1945 2403 2016 βεϐαία
2429 1948 2461 2017 ὴ
2489 1946 2734 2018 δύναμις.

2163 2040 2226 2092 Οἱ
2251 2038 2482 2103 ὀδόντες,
2507 2040 2567 2092 τὸ
2593 2039 2920 2112 διαιρετικὸν
2945 2039 3046 2110 τῆς
3085 2038 3412 2112 ὲλλάμψεως
3428 2058 3444 2071 ’
3481 2042 3692 2108 ἑκάστη

2092 2131 2200 2202 γὰρ
2240 2131 2346 2184 τῶν
2389 2131 2649 2203 οὐρανίων
2693 2131 2889 2184 οὐσιῶν
2925 2132 3024 2204 τὴν
3068 2131 3422 2203 δωρουμένην
3478 2133 3692 2200 ὲνοειδη

2093 2222 2305 2287 ἕνωσιν,
2341 2223 2710 2294 προνοητικῶς
2747 2223 2822 2286 ὡς
2863 2222 2928 2278 ἂν
2957 2222 3212 2294 χωρηθῇ,
3256 2225 3351 2277 καὶ
3374 2226 3453 2294 τῇ
3497 2225 3694 2276 (meai-

2093 2314 2308 2386 εστέρᾳ,
2331 2315 2527 2387 διαιρεῖ
2549 2318 2642 2370 καὶ
2664 2317 2742 2379 εἰς
2766 2315 2968 2386 πλῆθος
2996 2315 3468 2386 ἀποκαθίστησιν.

2165 2410 2228 2462 Οἱ
2267 2403 2405 2479 ὦμοι
2434 2409 2496 2462 τὸ
2537 2408 2816 2478 ποιητικὸν
2844 2408 2952 2461 τῶν
2993 2407 3245 2461 τοιούτων
3287 2409 3578 2478 κινήσεων
3598 2426 3613 2438 ·
3640 2411 3692 2460 αἱ

2093 2501 2287 2556 ὼλέναι
2330 2501 2393 2555 τὸ
2430 2501 2816 2572 ὲνεργητικόν’
2857 2501 2952 2556 καὶ
3005 2501 3061 2553 αἱ
3103 2504 3281 2571 χεῖρες
3319 2499 3379 2552 τὸ
3442 2500 3690 2570 δραστήο

2098 2610 2230 2664 ριον.

2175 2685 2239 2736 Ἦ
2277 2684 2471 2754 καρδία
2514 2683 2780 2754 σύμϐολόν
2808 2684 2924 2736 ἐστι
2955 2683 3053 2753 τῆς
3099 2680 3362 2745 θεοειδοῦς
3391 2679 3589 2753 ζωῆς·
3621 2684 3692 2744 ὡς

2094 2774 2202 2847 γὰρ
2234 2777 2299 2828 ὲκ
2329 2776 2429 2846 τῆς
2480 2775 2702 2848 καρδίας
2753 2774 3153 2844 διασπείρονται
3203 2774 3256 2826 ai
3306 2773 3586 2843 δυνάμεις
3620 2775 3694 2842 τῷ

2096 2865 2327 2938 σώματι,
2362 2866 2534 2930 οὕτως
2565 2867 2632 2920 ἐκ
2662 2866 2866 2920 τούτων
2899 2867 2933 2937 ὴ
2979 2863 3183 2935 ζωτικὴ
3228 2863 3464 2936 δύναμις
3510 2867 3605 2928 εἰς
3631 2864 3690 2916 τὰ

2095 2958 2322 3030 προνοού
2331 2977 2466 3029 μενα
2489 2959 2792 3014 διαδίδοται.

2165 3049 2247 3103 Τὰ
2275 3051 2468 3122 στέρνα
2503 3050 2647 3122 (ἐπεὶ
2682 3052 2902 3125 στέρνον
2936 3053 3001 3106 ὲκ
3032 3051 3125 3108 τοῦ
3145 3049 3397 3120 στερῤοῦ
3420 3051 3690 3123 ἐτυμολοο

2097 3144 2294 3208 γεῖται,
2324 3143 2416 3195 καὶ
2450 3143 2528 3208 εἰς
2563 3143 2804 3214 φυλακὴν
2839 3144 3144 3198 πέπλασται
3174 3143 3272 3213 τῆς
3306 3144 3691 3214 ὑποκειμένης

2099 3232 2368 3306 καρδίας.)
2403 3232 2490 3286 διὰ
2544 3232 2702 3286 τοῦτο
2754 3234 2972 3305 δηλοῦσι
3017 3236 3080 3289 τὸ
3112 3235 3426 3305 ἀδάμαστον
3485 3236 3596 3287 καὶ
3637 3235 3692 3285 τὸ

2100 3325 2460 3397 φρουρητικὸν
2481 3325 2579 3396 τῆς
2604 3325 2858 3398 τοιαύτης
2883 3325 3049 3396 ζωῆς.

2169 3416 2250 3469 Τὰ
2281 3417 2441 3480 νῶτα,
2478 3418 2600 3470 ἐπεὶ
2635 3418 2925 3471 συνεκτικὰ
2957 3420 3061 3470 εἰσι
3110 3417 3210 3488 τῆς
3242 3418 3492 3488 ἐμφύτου
3526 3419 3692 3471 δυνά-

2103 3527 2268 3579 μεως,
2297 3509 2354 3575 ἐξ
2386 3504 2446 3563 οὗ
2473 3511 2566 3562 καὶ
2599 3511 2706 3562 πᾶν
2742 3509 2906 3581 βάρος
2949 3508 3029 3580 τῷ
3063 3509 3273 3580 σώματι
3307 3508 3689 3579 ἐπικείμενον.

2099 3604 2210 3664 τοῖς
2236 3599 2403 3672 ὤμοις
2425 3599 2730 3654 ἐπικεῖσθαι
2755 3600 3003 3670 λέγεται·
3019 3601 3140 3656 ὅθεν
3164 3604 3309 3673 καὶὴ
3338 3601 3572 3672 ποίησις
3599 3602 3689 3670 τὴν

2100 3692 2206 3745 τῶν
2239 3693 2373 3746 ὅλων
2401 3693 2677 3766 βαρύτητα
2708 3695 2821 3758 τοῖς
2853 3691 3023 3765 ὤμοις
3055 3694 3330 3764 ἐπιτίθησι
3349 3711 3363 3723 ·
3398 3693 3560 3762 λέγει
3588 3696 3690 3764 γὰρ

2101 3787 2129 3837 ὁ
2164 3785 2229 3838 Ὅ
2236 3803 2310 3857 μη
2317 3803 2430 3858 ρος,

2287 3916 2300 3928 .
2328 3915 2341 3930 .
2370 3916 2384 3930 .
2412 3915 2425 3928 .
2455 3917 2469 3929 .
2499 3915 2516 3928 .
2539 3873 2636 3928 καὶ
2663 3875 2762 3928 ἀπ’
2788 3874 2959 3944 ὤμων
2991 3875 3181 3943 τεύχε’
3211 3875 3426 3930 ἕλοντο
3460 3880 3503 3919 ί“
3523 3918 3539 3940 _.

2099 3966 2187 4022 διὰ
2215 3967 2375 4020 τοῦτο
2399 3967 2466 4020 τὰ
2499 3968 2643 4024 νῶτα
2673 3967 2892 4040 δηλοῦσι
2936 3969 2998 4022 τὸ
3032 3969 3346 4021 συνεκτικὸν
3380 3969 3494 4021 τῶν
3525 3969 3686 4023 δυνά.-

2103 4074 2270 4128 μεων,
2291 4057 2402 4110 τῶν
2426 4057 2682 4128 ἐμφύτων
2711 4057 2908 4130 δηλαδὴ
2937 4057 3032 4110 καὶ
3059 4055 3358 4124 ζωογόνων.

2173 4150 2236 4202 υἱ
2285 4148 2441 4212 πόδες
2471 4149 2530 4203 τὸ
2563 4149 2839 4218 κινητικὸν
2885 4148 2980 4201 καὶ
3031 4147 3282 4217 ὲντρεχὲς
3315 4146 3418 4216 τῆς
3456 4149 3598 4218 περὶ
3630 4147 3692 4199 τὰ

2103 4241 2220 4294 θεῖα
2274 4242 2603 4312 πορευτικῆς
2665 4239 3003 4310 ἁεικινησίας
3072 4238 3545 4311 ὑποσημαίνουσιι
3609 4242 3691 4292 διὰ

2101 4329 2258 4382 τοῦτο
2300 4329 2409 4402 γὰρ
2447 4333 2539 4386 καὶ
2577 4331 2847 4403 πτερωτοὶ
2897 4329 3054 4394 πόδες
3089 4329 3241 4400 παρὰ
3273 4330 3369 4400 τῆς
3403 4329 3690 4398 θεολογίας

2105 4421 2444 4475 πλάττονται.
2482 4423 2555 4475 Τὸ
2587 4421 2694 4492 γὰρ
2727 4421 2924 4494 πτερὸν
2971 4422 3183 4490 ἀνάγει,
3218 4422 3310 4475 καὶ
3345 4420 3554 4493 κοῦφον
3592 4423 3691 4477 δει-

2101 4512 2251 4567 κνύει
2278 4513 2338 4566 τὸ
2372 4514 2829 4585 πτερυσσόμενον.
2879 4511 3198 4586 Ἐξῄρηνται
3224 4510 3317 4567 οὖν
3354 4517 3562 4579 παντὸς
3600 4537 3692 4586 χα-

2106 4603 2385 4676 μαιζήλου,
2431 4605 2524 4658 καὶ
2557 4605 2879 4677 ἀεικινήτως
2919 4606 3102 4678 ἔχουσι
3129 4605 3267 4677 πρὸς
3311 4606 3614 4678 ἀναγωγὴν
3646 4611 3692 4660 οἱ

2103 4693 2233 4748 θεῖοι
2277 4697 2369 4750 καὶ
2425 4697 2771 4760 πανευκλεεῖς
2818 4697 3057 4766 ἄγγελοι.
3121 4697 3285 4760 Ίδίως
3333 4697 3391 4750 δὲ
3445 4699 3617 4752 πάλιν
3664 4702 3692 4767 ἡ

2099 4787 2208 4842 τῶν
2241 4789 2368 4860 περὶ
2399 4789 2526 4852 τοὺς
2559 4787 2741 4861 ὤμους
2772 4790 2987 4863 πτερῶν
3013 4790 3246 4863 ὲλαφρία
3269 4790 3418 4862 δηλοί
3447 4793 3515 4845 τὸ
3558 4793 3695 4846 d6:-

2105 4879 2195 4950 ρὲς
2232 4879 2410 4933 αὐτῶν
2437 4881 2528 4934 καὶ
2565 4881 2794 4950 κοῦφον,
2827 4883 2919 4936 καὶ
2945 4883 3081 4954 πρὸς
3116 4883 3177 4936 τὸ
3209 4882 3496 4954 ἀνωφερὲς
3521 4883 3692 4952 ἀνεμ-

2109 4971 2375 5025 πόδιστον.

2179 5062 2252 5116 Τὸ
2274 5064 2330 5118 δὲ
2357 5067 2560 5136 γυμνὸν
2587 5071 2680 5121 καὶ
2713 5068 3033 5121 ἁνυπόδετον
3055 5068 3117 5121 τὸ
3149 5069 3346 5137 ἄφετον
3372 5067 3578 5130 αὐτῶν,
3605 5067 3693 5121 καὶ

2111 5154 2244 5225 πρὸς
2263 5155 2334 5209 τὰ
2364 5157 2514 5210 κάτω
2540 5158 2758 5212 εὖλυτόν
2779 5177 2839 5211 τε
2873 5159 2966 5212 καὶ
2998 5160 3244 5228 ἄσχετον,
3286 5157 3428 5210 κατὰ
3459 5157 3553 5208 τό·
3580 5157 3695 5210 Λῦ-

2111 5260 2213 5300 σιιι
2242 5248 2305 5302 τὸ
2335 5251 2615 5320 ὑπόδημα
2663 5254 2731 5306 ἐκ
2753 5251 2871 5306 τῶν
2897 5251 3100 5305 ποδῶν
3127 5268 3265 5312 σου,
3285 5254 3318 5304 ό
3347 5251 3461 5318 γὰρ
3487 5251 3691 5312 nixae.

2110 5339 2180 5392 ἐν
2221 5338 2268 5404 ᾦ
2329 5343 2574 5396 Zamam
2605 5383 2621 5408 ,
2667 5344 2834 5413 ἅγιός
2889 5345 3078 5398 ἐστιν.
3098 5344 3154 5395 ὐ
3189 5341 3299 5413 γὰρ
3331 5342 3695 5412 γυμνοποδῶν

2110 5431 2390 5504 ἐλεύθερός
2417 5436 2530 5488 ἐστι
2563 5436 2762 5500 παντὸς
2799 5433 3126 5507 ὲξωτερικοῦ
3169 5431 3441 5502 ἐφολκίου·
3488 5433 3691 5503 Γυμν⁰⁶

2113 5525 2290 5582 ποδείν
2343 5528 2441 5598 μὲν
2493 5527 2739 5597 λέγονται
2796 5531 2886 5584 καὶ
2919 5529 2968 5582 οἱ
3003 5533 3141 5591 νόες,
3175 5522 3249 5589 ὡς
3292 5523 3573 5596 ἐλεύθεροι
3596 5524 3690 5593 τῆς
