3734 6324
26 318 182 375 553

584 320 673 374 DE
703 317 1029 376 C(ELESTI
1060 318 1506 383 HIERARCHIA,
1541 317 1693 374 CAP.
1735 316 1849 373 XV.
1885 347 1956 359 -—
1987 317 2336 375 PARAPHR.
2374 319 2854 377 PACHYMERAS.

3251 330 3359 388 556

22 432 184 486 τῶν
214 435 378 498 ὲκτδς
403 434 740 507 προσθήκης,
769 436 862 490 καὶ¹
895 435 983 490 διὰ
1011 435 1176 490 τοῦτο
1207 434 1533 507 ἁπρόσθετοι
1580 434 1669 487 καὶ

1840 442 2071 501 cuntur,
2124 443 2382 504 tanquam
2428 435 2586 491 liberi
2643 436 2712 492 ab
2759 438 3082 495 .extrinseco
3140 441 3355 497 addita-

25 526 264 588 ἁπλοῖ,
291 527 434 580 κατὰ
464 527 561 599 τὴν
583 530 659 591 ὡς
689 528 909 599 ἐφικτὸν
934 530 1073 600 πρὸς
1094 528 1193 601 τὴν
1218 528 1366 582 θείαν
1392 526 1669 597 ἁπλάτητα

21 619 441 689 ἁφομοίωσιν.

122 825 163 897 §
195 825 295 883 IV.
328 827 711 881 Πολυποίκιλον
737 828 880 897 λέγει
903 828 1002 899 τὴν
1025 828 1213 898 σοφίαν
1232 826 1326 881 τοῦ
1350 826 1505 889 Θεοῦ,
1526 826 1669 880 κατὰ

18 915 147 969 τὸν
201 918 385 988 μέγαν
418 919 715 973 ἀπόστολον
746 919 979 976 Παίλον.
1013 922 1170 973 Δοκεῖ
1199 921 1255 973 δὲ
1285 920 1355 974 τὰ
1386 920 1479 973 δύο
1512 922 1666 973 ἐναν-

18 1009 146 1059 τία
213 1004 379 1073 εἶναι,
413 1010 472 1063 τό
512 1028 572 1063 τε
614 1012 817 1065 ἁπλοῦν
862 1012 956 1065 καὶ
1000 1013 1061 1065 τὸ
1102 1013 1664 1067 πολυποίκιλον,Ἀλλ’

19 1096 221 1152 ἐστιν
256 1101 453 1163 εἰπεῖν,
489 1102 569 1154 ὅτι
610 1102 670 1153 τὸ
711 1101 916 1155 ἁπλοῦν
967 1104 1063 1173 μὲν
1105 1098 1278 1167 εἶπεν,
1315 1104 1401 1156 ἴνα
1447 1103 1663 1173 δηλώσῃ

16 1188 100 1242 τὸ
145 1191 460 1245 ἀσύνθετον
491 1192 586 1245 τοῦ
620 1194 774 1257 Θεοῦ,
799 1197 891 1248 καὶ
913 1196 974 1248 τὸ
998 1197 1268 1267 μηδεμιᾶς
1294 1196 1517 1266 διπλόης
1550 1200 1667 1249 ὲπι-

15 1284 358 1355 δεόμενονο
407 1288 468 1340 οὑ
516 1288 624 1361 γὰρ
665 1289 730 1342 ὲκ
779 1290 1065 1361 μαθήσεως
1108 1289 1269 1359 σοφὸς
1299 1293 1328 1344 ὁ
1359 1290 1510 1354 Θεὸς,
1546 1291 1665 1345 ἀλλ’

20 1376 403 1449 αὐτόχρημα
437 1380 594 1448 σοφία
628 1381 762 1435 ἐστί.
795 1381 868 1433 Τὸ
900 1381 956 1434 δὲ
991 1381 1389 1445 πολυποίκιλον,
1423 1382 1552 1435 διότι
1586 1384 1666 1448 είς

22 1468 241 1520 πολλὰ
292 1469 547 1537 γνώσεως
587 1471 703 1541 εἴδη
753 1475 1155 1542 μετατυποῦται
1187 1474 1275 1527 διὰ
1306 1475 1405 1545 τὴν
1435 1475 1543 1528 τῶν
1576 1476 1664 1529 ἐλ-

14 1558 439 1631 λαμπομένων
472 1562 787 1616 ἀσθένειαν·
826 1564 1113 1636 ἀρχιερεὺς
1151 1566 1261 1634 γάρ
1306 1568 1421 1619 ἐστι
1470 1567 1661 1637 μέγας,

17 1653 415 1723 συμπάσχων
461 1659 581 1717 ταῖς
625 1655 782 1725 ἡμῶν
831 1657 1162 1720 ἀσθενείαις·
1201 1657 1340 1711 ὥστε
1376 1659 1519 1730 ἁπλῆ
1558 1659 1658 1729 μὲν

13 1744 283 1812 λέγεται
334 1748 493 1818 σοφία
533 1748 666 1802 Θεοῦ
701 1749 842 1803 κατὰ
881 1749 978 1821 τὴν
1013 1751 1193 1819 φύσιν,
1230 1751 1569 1824 πολύτροπος
1600 1753 1660 1807 δὲ

16 1835 194 1888 κατὰ
250 1836 358 1908 τὴν
403 1838 678 1909 πρόνοιαν.
708 1840 926 1913 Ἐπειδὴ
973 1843 1152 1895 τοίνυν
1201 1843 1338 1914 αῦτη
1392 1845 1485 1898 καὶ
1534 1849 1662 1911 τοὺς

15 1929 334 1993 ἀσκεπεῖς
356 1932 599 1999 φυσικῶς
630 1933 974 2003 ἀμφιέννυσι,
994 1936 1088 1988 καὶ
1123 1936 1287 2007 σκεύη
1322 1937 1444 1990 τινά
1474 1938 1659 1993 δίδωσι

17 2022 390 2094 περιφέρειν
423 2023 634 2087 αὐτοῖς·
671 2025 803 2097 φέρε
851 2027 944 2079 καὶ
984 2029 1051 2080 τὰ
1102 2027 1323 2082 τοιαῦτα
1370 2029 1490 2101 ἱερὰ
1523 2048 1659 2103 προ-

17 2114 325 2185 ϐλήματα
353 2130 413 2166 τε
448 2116 539 2168 καὶ
572 2116 796 2188 ὄργανα,
830 2116 905 2180 ὡς
937 2119 1067 2189 ἡμῖν
1102 2121 1215 2172 ἐστι
1248 2120 1490 2185 δυνατὸν,
1527 2123 1659 2175 ἁνα-

19 2204 381 2275 πτύξωμεν.
419 2205 531 2275 Τὴν
569 2205 664 2276 μὲν
698 2204 807 2277 γάρ
840 2206 1013 2277 φανὴν
1046 2208 1139 2259 καὶ
1172 2206 1395 2279 πυρώδη
1429 2208 1654 2278 ἐσθῆτα,

18 2296 243 2359 καθὼς
282 2296 437 2368 παρὰ
483 2297 741 2369 Ἰεζεκιὴλ
773 2299 867 2351 καὶ
898 2298 1096 2371 Δανιὴλ
1128 2299 1375 2371 εὓρηται,
1412 2301 1661 2373 ὑπολαμ-

20 2386 206 2439 ϐἀνω
245 2387 557 2458 σημαίνειν,
578 2388 677 2459 τὴν
703 2389 799 2459 μὲν
820 2386 1040 2461 πυρώδη
1075 2390 1279 2461 ἐσθῆτα
1310 2391 1369 2444 τὸ
1403 2390 1655 2456 θεοειδές,

20 2481 193 2533 κατὰ
243 2481 350 2553 τὴν
391 2481 483 2534 τοῦ
518 2482 688 2553 πυρὸς
720 2471 902 2535 έίκόνα
932 2482 1113 2546 καθὼς
1148 2483 1435 2554 ἐλέγομεν,
1471 2485 1570 2557 τὴν
1602 2486 1657 2539 δὲ

21 2575 234 2645 φανὴν
282 2575 381 2627 καὶ
430 2576 695 2647 φωτεινὴν
726 2576 785 2628 τὸ
819 2576 1161 2645 φωτιστικόν.
1184 2578 1335 2630 Ἐπεὶ
1377 2578 1434 2631 δὲ
1482 2581 1574 2632 καὶ
1622 2581 1655 2651 ὴ

21 2664 225 2736 ἐσθὴς
259 2664 453 2734 κτῆμά
485 2664 537 2717 τί
572 2666 708 2728 ἐστι,
730 2665 960 2718 καθόλου
988 2667 1232 2738 περιέχει
1252 2666 1312 2719 τὸ
1337 2666 1515 2739 σῶμα,
1535 2668 1659 2722 ὅθεν

20 2761 131 2810 καὶ
174 2756 474 2826 ἀμπεχόνη
524 2756 760 2825 λέγεται,
797 2757 887 2810 ἐπὶ
916 2759 973 2811 δὲ
1005 2758 1113 2810 τῶν
1145 2758 1439 2831 κτημάτων
1472 2776 1529 2811 τε
1563 2762 1657 2815 καὶ

19 2869 144 2923 χρη
158 2848 366 2920 μάτων
415 2849 469 2901 αί
520 2848 612 2917 ἀφ’
649 2848 836 2920 ἐτέρου
883 2850 963 2913 είς
992 2849 1148 2904 ἄλλον
1181 2849 1533 2923 κληρονομίαι
1566 2851 1654 2920 γί-

21 2960 260 3002 νονται,
297 2942 399 3012 ὅρα
450 2941 502 2994 τί
555 2941 701 3010 λέγει
752 2940 980 2995 ἐνταῦθα
1028 2942 1163 3014 πρὸς
1204 2943 1375 2996 ταῦτα
1418 2945 1446 2997 ό
1480 2944 1651 3012 ἅγιος.

22 3032 137 3084 Διὰ
179 3031 244 3083 τί
280 3030 479 3101 ἐσθὴς;
518 3031 615 3083 Διὰ
646 3030 745 3094 τὰς
777 3031 834 3084 ὲν
866 3032 1080 3103 οὐρανῷ
1112 3032 1294 3105 λήξεις
1327 3035 1418 3087 καὶ
1453 3034 1653 3106 κληρο-

1778 534 1984 590 mento,
2028 534 2194 594 atque
2228 527 2351 581 ideo
2402 530 2639 596 expediti
2695 531 3103 601 simplicesque,
3152 547 3353 589 secun-

1772 616 1899 670 dum
1938 633 2059 672 eam
2103 634 2224 687 qua:
2254 619 2455 674 divinae
2492 621 2861 691 simplicitatis
2888 625 3003 679 dari
3049 634 3231 697 potest
3276 628 3351 683 si-

1771 708 2156 765 militudinem.

1840 799 1867 871 §
1898 799 1984 855 IV.
2027 800 2414 857 Multit'ormem
2446 817 2608 873 porro
2635 812 2795 858 vocat
2822 804 2916 858 Dei
2948 802 3103 876 143
3134 805 3352 875 ετψίοηο

1771 892 1923 956 tiam,
1947 894 2103 963 juxta
2155 910 2411 964 magnum
2464 894 2770 964 apostolum
2814 895 3063 951 Paulum.
3108 896 3353 967 Simplex

1768 995 1951 1036 autem
1983 994 2035 1038 et
2068 985 2430 1039 multifarium
2462 988 2717 1040 videntur
2755 1002 2881 1041 esse
2912 989 3018 1043 duo
3050 993 3350 1045 contraria.

1770 1073 1993 1142 Verum,
2022 1076 2203 1131 dicere
2234 1076 2381 1143 licet,
2411 1079 2716 1148 simplicem
2766 1082 2988 1149 quidem
3036 1082 3260 1151 dixisse,
3296 1095 3355 1137 ut

1768 1171 2088 1224 ostenderet
2122 1172 2289 1226 Deum
2339 1188 2462 1228 esse
2500 1175 2618 1228 sine
2670 1176 3087 1243 compositione,
3112 1189 3167 1233 et
3205 1182 3351 1234 nulla

1768 1262 2088 1328 duplicitate
2137 1264 2428 1335 indigere:
2472 1280 2650 1335 neque
2703 1268 2847 1320 enim
2898 1268 3156 1324 discendo
3212 1271 3351 1325 Deus

1769 1354 1989 1422 sapiens
2024 1355 2106 1418 lit,
2134 1357 2229 1410 sed
2261 1366 2347 1409 est
2377 1371 2570 1425 reapse
2621 1359 2913 1427 sapientia.
2966 1360 3349 1417 Mnltilormcm

1767 1457 1920 1504 vero.
1951 1444 2077 1511 quia
2131 1445 2183 1497 in
2227 1444 2428 1499 multas
2479 1448 2810 1516 cognitionis
2853 1450 3089 1519 species.
3121 1465 3345 1521 propter

1766 1551 1955 1591 eorum
1988 1538 2077 1605 qui
2118 1537 2460 1594 illustrantur
2493 1541 2945 1607 imbecillitatem,
2976 1545 3340 1598 transforma-

1769 1639 1857 1683 tur
1884 1642 1900 1682 :
1928 1629 2172 1698 pontifex
2222 1631 2367 1685 enim
2416 1647 2648 1701 magnus
2674 1643 2779 1699 est,
2810 1636 2901 1702 qui
2954 1636 3157 1689 nostris
3187 1636 3348 1688 inlir-

1769 1721 2053 1775 mitatibus
2082 1722 2439 1791 compatitur;
2496 1724 2568 1777 ita
2599 1735 2657 1777 ut
2695 1725 2788 1779 Dei
2840 1727 3058 1795 quidem
3085 1728 3351 1794 sapientia

1696 1805 1735 1859 Β
1763 1815 1978 1869 dicatur
2004 1814 2229 1884 simplex
2256 1816 2554 1870 secundum
2580 1826 2854 1879 naturam,
2878 1818 3193 1875 multimoda
3222 1835 3351 1874 vero

1766 1906 2065 1963 secundum
2101 1908 2519 1976 providentiam.
2540 1908 2808 1963 Caeterum
2842 1925 2965 1963 cum
2996 1910 3111 1966 haec
3134 1927 3351 1985 quoque

1766 2009 1955 2055 natura
1993 2015 2090 2056 sua
2119 2001 2297 2055 nudos
2324 2002 2630 2071 cooperiat,
2676 2010 2731 2056 et
2770 2002 3018 2071 quaedam
3054 2003 3120 2061 iis
3150 2008 3351 2063 instru-

1766 2103 1947 2148 menta
1995 2092 2431 2148 circumferendo
2484 2095 2697 2161 tradat;
2743 2096 2975 2166 agedum
3032 2100 3199 2152 etiam
3242 2100 3350 2155 ista

1764 2197 1921 2238 sacra
1948 2184 2287 2253 operimenta
2333 2194 2387 2239 et
2417 2185 2801 2254 instrumenta,
2845 2198 3007 2257 prout
3037 2205 3347 2258 possumus,

1764 2276 2121 2344 explicemus.
2143 2277 2219 2331 Ae
2239 2276 2478 2331 lucidam
2510 2278 2728 2347 quidem
2760 2280 3087 2349 igueamque
3113 2292 3347 2348 vestem,

1765 2377 1825 2421 ut
1855 2369 1996 2437 apud
2024 2368 2367 2423 Ezccliielem
2389 2378 2444 2423 et
2468 2370 2744 2424 Daniclem
2776 2373 3074 2442 reperitur,
3105 2374 3348 2431 arbitror

1769 2460 2108 2529 significare,
2134 2470 2407 2529 quatenus
2433 2462 2685 2517 nimirum
2710 2472 2794 2518 est
2812 2464 2987 2533 ignea,
3008 2465 3349 2520 deiformita-

1765 2551 2067 2620 tem,juxla
2117 2553 2279 2608 istam
2327 2552 2469 2623 ignis
2514 2554 2811 2625 imaginem
2853 2556 2920 2609 de
2951 2572 3055 2625 qua
3087 2559 3344 2627 egimus;

1763 2655 2035 2713 quatenus
2084 2660 2213 2700 vero
2258 2653 2341 2701 est
2383 2646 2689 2714 splendida,
2724 2657 2780 2701 et
2811 2648 3043 2702 lucidam
3078 2650 3185 2704 vim
3220 2650 3343 2705 illu-

1763 2735 2031 2790 minandi.
2063 2736 2199 2791 Cum
2252 2746 2431 2790 autem
2480 2739 2650 2792 etiam
2703 2740 2873 2793 vestis
2919 2742 3214 2809 possessio,
3248 2758 3345 2797 seu

1762 2824 2003 2892 supellex
2031 2828 2279 2894 quaedam
2311 2825 2382 2879 sit
2407 2841 2525 2894 quze
2557 2835 2727 2878 totum
2759 2842 2959 2895 corpus
2984 2827 3178 2891 ambit,
3206 2829 3346 2882 unde

1760 2927 1816 2971 et
1842 2918 2077 2973 amictus
2119 2932 2214 2972 seu
2260 2918 2634 2972 indumentum
2674 2918 2906 2984 dicitur;
2939 2917 3344 2987 possessionum

1762 3020 1946 3062 autem
1978 3016 2033 3062 et
2097 3007 2517 3079 supellectilium
2544 3010 2614 3062 ab
2641 3009 2747 3062 alio
2779 3009 2846 3062 ad
2869 3009 3031 3061 alium
3063 3009 3347 3063 haeredita-

25 3123 274 3193 νομίας,
297 3120 440 3173 κατὰ
472 3120 531 3173 τό
551 3138 563 3150 ·
602 3122 778 3176 Δεῦτε
810 3126 863 3175 οὶ
885 3124 1276 3195 εὐλογημένη·οι
1299 3126 1403 3179 τοῦ
1427 3128 1656 3195 Πατρός

1840 3102 2213 3167 sderivcutur,
2251 3102 2482 3155 observa
2526 3101 2657 3171 quid
2713 3110 2936 3155 sanctus
2981 3101 3069 3155 hic
3114 3101 3180 3153 ad
3227 3103 3343 3159 inec

25 3231 183 3279 μου,
214 3212 717 3281 κληρονομήσατε
750 3213 864 3283 τὴν
896 3216 1346 3285 ἡτοιμασμένην
1376 3217 1519 3286 ὑμῖν
1544 3220 1658 3283 βα-

26 3306 308 3359 σιλείαν
359 3305 474 3357 ἀπὸ
524 3306 863 3376 καταϐολῆς
911 3308 1162 3377 κόσμου.
1200 3309 1296 3373 Τίς
1345 3311 1402 3364 δὲ
1438 3314 1469 3383 ἡ
1506 3312 1659 3381 βασι-

25 3398 205 3462 λεεα;
248 3397 478 3460 Πάντως
528 3398 702 3452 ἐκεῖνα)
754 3399 815 3452 τὸ
865 3398 1007 3453 θεῖον
1052 3402 1147 3453 καὶ
1183 3401 1459 3472 ἀδιάδοχον
1506 3404 1654 3472 φῶς·

26 3491 209 3561 λῆξιν
247 3487 362 3560 γὰρ
394 3490 493 3561 τὴν
528 3490 891 3561 κληρονομίαν
935 3493 984 3543 oi
1028 3492 1248 3546 παλαιοὶ
1281 3493 1499 3565 ἔλεγον
1535 3494 1657 3547 ὅθεν

30 3586 131 3635 καὶ
182 3580 447 3652 ληγάτοι,
483 3582 578 3633 καὶ
611 3581 935 3653 ληγατάριοι
969 3584 1063 3635 καὶ
1095 3583 1443 3656 ληξιαρχικὸν
1476 3585 1657 3658 γράμ-

32 3691 140 3745 μα,
184 3673 253 3725 τὸ
303 3671 581 3743 διδόμενον
634 3677 745 3737 τοῖς
795 3674 937 3745 ὑπὲρ
984 3674 1052 3728 τὰ
1098 3675 1374 3730 δεκαοκτὼ
1408 3678 1505 3747 ἔτη
1539 3674 1657 3731 οὖσι

28 3769 151 3821 τῶν
192 3766 577 3838 κληρονόμων,
614 3769 693 3831 είς
737 3768 799 3821 τὸ
841 3768 1030 3840 ἄρχειν
1070 3768 1169 3839 τῆς
1208 3767 1415 3831 οίκείας
1460 3768 1659 3840 κληρο-

28 3857 271 3930 νομίας,
308 3857 399 3910 διὰ
449 3857 510 3910 τὸ
548 3859 648 3929 τῆς
691 3857 907 3930 ἡλικίας
938 3858 1161 3912 τέλειον.
1196 3860 1307 3912 Καὶ
1350 3860 1519 3912 ταῦτα
1557 3859 1657 3930 μὲν

32 3948 125 4001 διὰ
164 3948 277 4019 τὴν
314 3946 516 4018 ἐσθῆτα
536 3964 549 3977 ·
584 3946 784 4019 μᾶλλον
816 3947 872 4000 δὲ
908 3948 940 4018 ἡ
975 3947 1138 4018 ἐσθὴς
1169 3946 1256 3999 διὰ
1286 3944 1455 3999 ταῦτα
1488 3962 1659 4014 παρα-

33 4038 419 4110 λαμϐάνεται.
454 4038 555 4091 Διὰ
598 4039 656 4091 δὲ
696 4038 758 4092 τὸ
800 4038 969 4107 φανὸν
1001 4040 1095 4091 καὶ
1127 4037 1399 4109 πυρῶδες,
1436 4037 1532 4089 καὶ
1576 4036 1656 4091 ἔτι

34 4132 139 4203 τὴν
179 4128 423 4183 καθόλου
460 4130 720 4202 περιοχὴν
742 4131 843 4201 τῆς
866 4129 1092 4200 ἐσθῆτος
1114 4129 1259 4197 λέγει
1279 4130 1412 4181 ὅπου
1434 4128 1495 4180 τὸ
1516 4127 1652 4197 φῶς.

38 4226 214 4277 Ποῖον
251 4220 408 4291 quin;
442 4221 552 4274 Καὶ
584 4220 646 4274 τὸ
679 4220 909 4275 καθόλου
945 4220 1249 4290 ἐκλάμπον,
1283 4221 1375 4273 καὶ
1408 4220 1469 4272 τὸ
1502 4220 1657 4273 καθόο

37 4318 136 4369 λου
190 4312 657 4384 ὲκλαμπόμενον·
703 4311 821 4365 ἀλλ’
852 4314 1027 4365 ἐκεῖνο
1082 4313 1201 4383 μὲν,
1236 4312 1372 4382 ὅπερ
1423 4311 1568 4364 ἔστιν
1620 4313 1654 4383 ὴ

38 4408 167 4462 θεία
218 4406 405 4477 φύσις,
440 4405 647 4477 νοητῶς
687 4405 953 4477 ὲλλάμπει
975 4422 991 4437 ο
1026 4405 1183 4459 τοῦτο
1223 4405 1299 4468 δὲ,
1336 4406 1475 4475 ὅπερ
1510 4404 1654 4457 ἐστὶν

40 4504 72 4573 ὴ
130 4500 439 4570 ἀγγελικὴ,
485 4499 687 4571 νοερῶς
734 4499 1101 4570 ἐλλάμπεται’
1150 4497 1340 4569 νοητὸν
1393 4498 1491 4569 μὲν
1541 4496 1650 4568 γάρ
1686 4548 1729 4603 D

41 4598 222 4655 ἐστιν,
261 4593 363 4646 am
404 4592 580 4645 ἐκεῖνο
610 4591 876 4662 τυγχάνον
906 4591 967 4645 τὸ
998 4590 1317 4662 νοούμενονο
1354 4590 1537 4661 νοερὸν
1568 4589 1647 4651 δὲ,

40 4685 102 4736 τὸ
150 4683 576 4754 ὲλλαμπόμενον
610 4685 705 4737 καὶ
736 4683 909 4739 νοοῦν.
946 4684 1096 4747 Τέως
1125 4683 1203 4746 δὲ,
1238 4683 1458 4736 κάκεῖνο
1490 4681 1652 4735 καθό-

42 4773 139 4826 λου
178 4772 488 4843 ὲλλάμπον,
522 4773 615 4826 xui.
645 4772 768 4843 δίχα
797 4772 941 4835 τινὸς
974 4771 1260 4841 φειδωλίας
1301 4787 1361 4822 τε
1402 4769 1497 4822 καὶ
1527 4767 1653 4837 γλι-

45 4862 379 4933 σχρότητος,
406 4862 500 4915 καὶ
532 4862 689 4915 τοῦτο
722 4861 948 4915 καθόλου
993 4861 1347 4933 ὲλλάμπεται,
1384 4860 1432 4911 εί
1466 4858 1560 4911 καὶ
1590 4856 1652 4909 τὸ

46 4954 278 5026 ἐφικτὸν
304 4954 625 5024 ὑποδέχεται
654 4954 793 5025 (οὐδὲ
814 4952 923 5026 γὰρ
954 4952 1015 5006 τὸ
1050 4953 1267 5025 μέτριον
1301 4950 1649 5020 ὑποδέχεται,

45 5045 187 5099 διότι
227 5045 470 5117 μετρίως
502 5044 856 5116 ὲλλάμπεται,
892 5044 1004 5098 ἀλλ’
1038 5044 1179 5097 οὕτω
1209 5042 1425 5111 λέγεται
1456 5040 1517 5094 τὺ
1554 5039 1651 5111 μέ·-

46 5155 205 5211 τριον
252 5136 634 5208 ὑποδέχεσθαι,
669 5139 751 5191 ὅτι
794 5137 1023 5192 καθόλου
1066 5136 1423 5208 ἐλλάμπεται,
1458 5135 1553 5187 καὶ
1585 5132 1647 5186 τὸ

49 5227 343 5301 ἐγχωροῦν
376 5228 832 5302 προσλαμϐάνει)’
882 5231 1055 5283 ἐκεῖνο
1086 5227 1194 5299 γὰρ
1225 5224 1293 5300 ἦν
1327 5226 1392 5280 ἂν
1424 5227 1523 5297 τῆς
1554 5222 1649 5276 τοῦ

50 5324 451 5395 ὲλλάμποντος,
494 5320 569 5385 ὼς
619 5322 685 5375 ἄν
732 5339 817 5385 τις
864 5321 1030 5385 εἴποι,
1066 5318 1355 5390 φειδωλίας
1405 5318 1498 5371 καὶ
1548 5316 1645 5370 τοῦ

54 5415 280 5484 φθόνου,
317 5413 463 5484 ἆπερ
514 5413 704 5485 πόρρω
753 5412 859 5467 εἰσὶ
906 5413 1005 5484 τῆς
1055 5411 1204 5475 θείας
1236 5411 1329 5463 καὶ
1366 5408 1644 5481 μακαρίας

55 5504 304 5574 φύσεως·
326 5501 488 5555 τοῦτο
507 5502 562 5557 δὲ
590 5504 805 5568 πάντως
827 5503 941 5555 ἐστὶ
972 5503 1071 5573 τῆς
1100 5502 1205 5555 τῶν
1237 5500 1649 5571 ὑποδεχομένων

55 5596 362 5667 δυνάμεως.
392 5595 459 5648 Ἥ
485 5594 541 5647 δὲ
569 5594 818 5667 ίερατικὴ
852 5594 1011 5667 στολὴ
1042 5592 1529 5666 παραλαμϐάνεται
1562 5591 1653 5645 διὰ

58 5692 118 5745 ab
165 5686 474 5760 προσάγειν
517 5688 643 5750 τοὺς
683 5687 791 5741 τῶν
839 5685 1141 5758 ἀνθρώπων
1182 5685 1363 5752 ἀξίους
1412 5684 1547 5755 πρὸς
1583 5682 1654 5738 τὰ

132 5830 162 5869 κ
192 5823 389 5882 Matth.
411 5841 535 5882 xxv.
619 5823 707 5879 δι.

1762 3195 1929 3250 dicat.
1962 3194 2041 3248 Ad
2070 3195 2199 3265 quid
2228 3194 2429 3249 vestis?
2451 3193 2680 3262 Propter
2708 3201 2885 3247 sortes
2912 3202 2963 3247 et
2996 3193 3345 3262 limreditatcs

1765 3286 1910 3349 caeli,
1943 3286 2098 3357 juxta
2130 3286 2260 3340 illud
2293 3284 2527 3350 :Venite,
2555 3286 2816 3340 benedicti
2846 3283 3031 3337 Patris
3063 3286 3187 3349 mei,
3217 3302 3342 3353 pos~

1762 3380 1925 3435 sidetc
1975 3389 2223 3449 paratum
2270 3380 2414 3434 vobis
2463 3396 2682 3447 regnum
2727 3377 2791 3431 ab
2844 3378 3046 3447 origine
3090 3377 3275 3429 mundi
3294 3377 3341 3434 ι.

1760 3472 2047 3539 Quodnam
2076 3486 2237 3541 porro
2266 3471 2532 3541 regnum?
2564 3468 2697 3525 Illud
2728 3468 2911 3538 utique
2940 3470 3181 3522 divinum
3204 3484 3343 3523 sent-

1762 3565 2148 3634 pitcrnumque
2199 3564 2379 3618 lumen
2411 3582 2425 3617 :
2460 3563 2670 3631 antiqui
2728 3563 2874 3615 enim
2930 3560 3100 3631 λῆξιν,
3160 3561 3213 3613 id
3263 3569 3347 3615 est

1762 3668 1978 3723 sortem,
1997 3656 2343 3728 appellabant
2369 3658 2771 3722 baereditatem;
2800 3655 2941 3710 unde
2966 3658 3128 3710 etiam
3154 3655 3343 3723 legati,

1760 3759 1814 3807 el
1840 3752 2111 3821 legalarii,
2139 3750 2514 3821 scriptumque
2550 3748 2897 3818 legatarium,
2930 3746 3075 3817 quod
3107 3748 3343 3802 haeredi-

1760 3844 1863 3900 bus
1880 3848 2040 3898 datur
2071 3845 2161 3915 qui
2188 3845 2301 3914 jam
2333 3843 2604 3898 decimum
2638 3852 2896 3896 octavum
2926 3856 3126 3894 annum
3154 3855 3343 3895 exceso

1760 3946 1968 4002 serunt,
2002 3944 2063 3990 ut
2093 3934 2427 3990 hzereditatis
2451 3948 2563 3988 sua:
2589 3931 3119 3997 administrationem
3150 3946 3214 3989 ac
3244 3946 3344 4005 gu-

1759 4027 2139 4083 bernationem
2191 4034 2415 4096 propter
2458 4022 2636 4078 anatis
2678 4024 3073 4093 perfectionem
3118 4024 3338 4080 adeant.

1756 4118 1935 4188 Atque
1988 4119 2105 4174 hare
2153 4117 2371 4187 quidem
2426 4125 2649 4185 propter
2700 4126 2944 4183 vestem;
2996 4119 3125 4187 quin
3160 4120 3342 4187 potius

1760 4212 1930 4266 vestis
1954 4208 2179 4280 propter
2210 4211 2325 4263 haec
2358 4209 2677 4263 assumitur.
2721 4208 2958 4278 Propter
2997 4210 3340 4280 splendorem

1761 4315 1942 4356 autem
1969 4311 2134 4370 atque
2165 4301 2378 4370 igneam
2400 4300 2745 4369 qualitatem,
2780 4300 2948 4356 totius
2979 4302 3145 4356 etiam
3173 4304 3343 4360 vestis

1760 4393 2172 4465 amplitudinem
2226 4393 2382 4463 quasi
2439 4392 2615 4446 lucem
2667 4406 2787 4447 esse
2832 4392 2931 4449 ait.
2985 4393 3210 4461 Qualem
3255 4394 3342 4450 lu-

1759 4486 1919 4541 cem?
1946 4486 2077 4554 Qua:
2107 4486 2366 4540 nimirum
2404 4501 2509 4554 per
2546 4493 2715 4539 totum
2747 4486 3002 4552 illtIStrat,
3036 4498 3092 4541 et
3132 4501 3229 4557 per
3257 4497 3340 4542 to.

1758 4589 1867 4631 tum
1906 4577 2214 4632 illustratur
2242 4592 2259 4632 :
2290 4587 2456 4646 atque
2487 4577 2577 4631 illa
2611 4577 2831 4646 quidem
2882 4592 3003 4646 quae
3033 4579 3215 4633 divina
3245 4594 3340 4633 na-

1760 4678 1880 4722 tura
1907 4678 1988 4724 est
2020 4668 2436 4739 intelligibiliter
2476 4666 2744 4733 illustrat;
2776 4669 2890 4722 haec
2934 4682 3064 4722 vero
3095 4683 3214 4737 qua:
3240 4684 3339 4723 an-

1756 4763 1925 4833 gelica
1965 4770 2049 4817 est
2088 4762 2442 4833 intelligendo
2472 4761 2776 4815 illustratur
2818 4776 2835 4815 :
2880 4760 3225 4832 lntelligibile
3256 4761 3336 4815 si-

1755 4857 1976 4927 quidem
2022 4856 2151 4910 illud
2193 4866 2277 4911 est
2307 4856 2447 4926 quod
2480 4855 2822 4925 intelligitur,
2859 4854 3169 4924 intelligens
3206 4866 3337 4908 vero

1759 4949 1811 5004 id
1838 4951 1979 5018 quod
2012 4948 2318 5003 illustratur
2369 4958 2424 5003 et
2479 4946 2749 5016 intelligit.
2782 4946 2967 5015 Itaque
3019 4961 3115 5015 per
3159 4955 3334 5001 totum

1758 5042 1887 5096 illud
1914 5041 2153 5096 illuStrat
2182 5042 2301 5096 sine
2329 5039 2434 5095 ulla
2464 5039 2795 5109 parcimouia
2823 5038 2906 5094 vel
2932 5039 3334 5103 contractione,

1760 5131 1921 5205 1M
1960 5142 2014 5186 et
2066 5134 2171 5187 boc
2218 5148 2315 5201 per
2359 5139 2530 5184 totum
2563 5130 2889 5198 illustratur,
2915 5131 3041 5192 etsi,
3072 5138 3335 5198 quantum

1758 5224 1842 5280 las
1891 5235 1995 5291 est,
2025 5224 2288 5294 suscipiat
2340 5223 2559 5293 (neque
2599 5223 2744 5276 enim
2786 5223 2929 5292 quod
2964 5232 3335 5275 mensuratum

1757 5324 1840 5371 est
1871 5317 2119 5386 suscipit,
2143 5318 2270 5385 quia
2305 5324 2619 5369 mensurate
2646 5313 2977 5377 illustratur,
3007 5310 3102 5367 sed
3145 5311 3224 5367 sic
3254 5312 3331 5365 di-

1758 5409 1903 5463 citur
1934 5409 2273 5463 moderatum
2307 5404 2436 5477 quid
2482 5405 2785 5473 suscipere,
2816 5415 3087 5473 quatenus
3124 5417 3220 5473 per
3260 5412 3335 5456 too

1760 5507 1873 5554 tum
1907 5498 2236 5564 illustratur,
2262 5506 2317 5552 et
2341 5508 2608 5568 quantum
2630 5512 2828 5568 capere
2852 5503 3054 5565 potest,
3085 5494 3332 5564 accipit):

1757 5605 1882 5645 nam
1914 5588 2047 5645 illud
2075 5590 2402 5645 illustrantis
2430 5598 2594 5656 esset,
2628 5604 2694 5645 ac
2731 5589 2778 5645 si
2811 5591 2935 5660 quis
2957 5588 3185 5653 diceret,
3206 5603 3333 5657 par-

1759 5680 2008 5739 cimoniae
2057 5679 2141 5738 vel
2187 5680 2424 5749 invidiae,
2458 5698 2577 5755 qua:
2612 5680 2804 5753 procul
2834 5681 3031 5738 absunt
3072 5696 3102 5734 a
3148 5682 3332 5736 divina
