3722 6300
406 318 526 377 ἲ)υὸ
1590 304 1647 361 S.
1684 300 1984 359 DlONYSll
2018 292 2486 357 AREOPAGITAB

3581 290 3680 345 556

415 436 685 501 beataque
715 437 945 492 natura;
974 426 1078 481 hoc
1118 431 1299 477 autem
1341 419 1563 474 omnino
1608 416 1883 471 facultatis
1909 423 1982 469 est

2166 417 2212 466 ἴα
2242 413 2490 484 θεάματα
2521 410 2615 463 xui
2648 409 2943 501 μυστηρια,
2974 405 3158 469 καθὼς
3199 405 3293 459 xui
3336 404 3432 457 ἐπὶ
3458 402 3568 455 τῶν
3594 402 3683 452 ὲν.

418 523 862 593 suscipientinm.
893 519 1068 573 Porro
1099 517 1239 571 stola
1274 512 1631 569 sacerdotalis
1673 508 1993 571 assumitur,

416 631 482 671 eo
513 617 655 686 quod
683 614 957 668 adducant
996 609 1251 664 homines
1280 606 1372 675 qui
1405 611 1689 658 merentur
1715 601 1781 653 ad
1810 597 1990 651 divina

416 704 726 775 spectacula
762 702 1170 772 mysteriaque;
1221 699 1363 752 sicut
1417 695 1581 749 etiam
1622 691 1712 744 hic
1740 686 1994 742 nsuvenit

416 796 821 859 sacerdotibus,
860 809 957 864 per
1003 808 1140 864 quos
1189 790 1514 859 baptismus,
1563 782 1826 852 expiatio,
1870 779 1995 832 illu—

2094 501 2271 555 ταῦθα
2302 499 2489 571 ἱερέων
2519 497 2656 558 ἐστὶ,
2687 496 2753 548 δι’
2779 490 2854 548 ὧν
2890 496 2952 548 τὸ
2985 493 3289 563 βάπτισμα,
3320 493 3389 545 δι’
3414 487 3492 545 ὧν
3520 492 3555 559 ἡ
3580 490 3679 542 κά-

2099 593 2311 665 θαρσις,
2334 593 2362 644 ὁ
2386 589 2684 658 φωτισμὸς,
2715 591 2747 659 ἠ
2784 588 3109 659 χειροτονία,
3140 588 3173 657 ἡ
3204 586 3450 653 εὐλογία,
3477 583 3571 635 xui
3594 582 3681 635 ἀλ-

2099 686 2205 747 λως
2231 683 2320 737 διὰ
2346 682 2407 735 τὺ
2434 680 2807 752 ἀφιερωμένω
2840 681 2934 733 xui
2962 677 3300 749 ἡγιασμένον
3336 677 3440 745 τῆς
3470 672 3679 740 ἁπάσης

2100 774 2244 844 ζωῆς
2271 771 2473 826 αὐτῶν.

415 889 629 951 stratio,
673 858 875 941 manus.
903 858 1201 959 impositio,
1234 858 1649 945 benedictioque
1704 871 2010 934 confertur,
2064 876 2432 937 prmtcrquam
2463 863 2629 918 etiam
2678 861 2823 932 quod
2851 870 2965 914 tota
2991 874 3180 915 eorum
3214 858 3330 912 vita
3356 864 3678 911 consecrata

410 980 487 1034 sit
514 995 575 1034 ac
608 980 977 1034 sanctificata.

487 1074 650 1128 Zonze
675 1080 879 1135 autem,
915 1065 1371 1139 quemadmodum
1400 1064 1490 1119 hic
1516 1062 1755 1117 membra
1785 1056 1993 1129 genita-

411 1164 487 1218 lia
517 1176 789 1232 renesque
830 1162 1182 1231 succingunt,
1212 1158 1292 1212 sic
1320 1167 1377 1212 et
1404 1156 1476 1209 ibi
1510 1154 1774 1208 fecundas
1799 1162 1989 1203 eorum

412 1258 647 1310 virtutes
672 1254 993 1307 custodiunt
1022 1268 1036 1303 ε
1068 1248 1285 1303 divinos
1331 1248 1476 1302 enim
1516 1245 1831 1314 splendores
1864 1254 1991 1294 suos

413 1349 569 1419 quasi
624 1348 768 1400 fetus
820 1344 1106 1413 quosdam,
1158 1357 1281 1397 cum
1327 1354 1467 1393 unus
1520 1337 1655 1390 ordo
1702 1334 1843 1399 aliis,
1876 1341 1991 1385 tum

410 1457 602 1496 omnes
637 1438 792 1493 nobis
824 1435 1208 1499 manifestam;
1253 1433 1383 1503 quin
1414 1441 1469 1485 et
1507 1430 1792 1484 collectum
1835 1438 1990 1478 suum

414 1534 659 1587 habitum
694 1532 761 1584 ad
794 1546 957 1583 unum
987 1534 1338 1589 convertunt,
1364 1525 1445 1577 sic
1475 1532 1533 1575 ut
1562 1520 1859 1574 intellectio
1898 1531 1995 1570 eo-

412 1639 534 1678 rum
560 1631 775 1676 maneat
802 1620 1093 1682 indivulsa,
1124 1617 1339 1671 tametsi
1370 1615 1489 1668 aliis
1514 1610 1988 1667 communicetur:

2162 1046 2229 1100 Αἱ
2255 1046 2312 1099 δὲ
2344 1042 2530 1108 ζῶναι,
2562 1044 2638 1107 ὡς
2679 1040 2914 1094 ἐνταῦθα
2940 1038 3007 1092 τὰ
3037 1040 3233 1107 γόνιμα
3267 1039 3410 1109 μέρη
3444 1039 3573 1101 τοὺς
3600 1058 3682 1092 νε-

2094 1140 2264 1210 φροὺς
2312 1132 2981 1208 περισφίγγουσιν,οὖτως
3026 1132 3203 1183 ὲκεῖσε
3252 1132 3681 1202 περιφρουροῧσι

2092 1230 2192 1293 τὰς
2220 1229 2474 1299 γονίμους
2502 1225 2759 1295 δυνάμεις
2790 1222 2996 1278 αὐτῶν·
3026 1223 3343 1290 ἐκφαίνουσι
3373 1222 3485 1293 γὰρ
3508 1224 3681 1276 αὐτῶν

2093 1324 2168 1387 ὡς
2199 1318 2287 1375 οἷά
2315 1339 2465 1384 τινας
2493 1319 2654 1388 γονὰς
2680 1318 2748 1371 τά
2777 1318 2894 1369 Θεῖα
2922 1316 3317 1387 ἀμαρύγματα,
3346 1316 3443 1368 xui
3471 1315 3529 1367 ἓν
3552 1314 3682 1385 πρὸς

2090 1417 2278 1487 ἕτερον
2306 1413 2413 1467 τῶν
2444 1412 2760 1482 ταγμάτων,
2790 1410 2884 1462 xui
2914 1408 3093 1460 πάντα
3121 1408 3255 1478 πρὸς
3283 1408 3465 1478 ἡμᾶς·
3490 1407 3582 1460 xui
3606 1406 3682 1458 ἔτι

2098 1509 2487 1579 συστρέφουσιν
2532 1508 2610 1568 εἰς
2650 1504 2709 1557 τὸ
2753 1504 2830 1565 ἒν,
2853 1504 2953 1574 τὴν
2993 1500 3303 1568 συναγωγὸν
3338 1500 3522 1552 αὐτῶν
3550 1498 3681 1563 ἕξιν,

2095 1600 2168 1664 ὼς
2205 1600 2268 1653 ἂν
2296 1602 2329 1670 ἡ
2360 1600 2543 1669 νόησις
2585 1597 2740 1667 μείνῃ
2778 1593 3107 1655 ἀσκέδαστος
3134 1593 3227 1644 xui
3256 1594 3431 1663 ταυτὴ
3452 1597 3492 1654 ',
3513 1594 3561 1644 εί
3590 1591 3685 1644 xui

411 1714 533 1767 sine
555 1714 703 1783 lapsu
728 1712 874 1766 enim
902 1721 956 1765 et
983 1725 1104 1763 cum
1131 1710 1330 1762 decore
1354 1700 1982 1769 circumvolvitur,quod

2166 1694 2209 1755 ῖς
2250 1690 2455 1762 ἑτέροις
2482 1690 2933 1761 παραπέμπεται.
2952 1689 3365 1759 Ἀμετάπτωτος
3394 1684 3507 1756 γάρ
3538 1702 3689 1737 συνε-

410 1806 576 1858 "etiam
625 1818 774 1857 zona:
812 1803 1029 1865 accidit,
1065 1800 1277 1853 tametsi
1308 1795 1764 1852 communicetur.
1798 1790 1995 1857 Quem-

408 1896 704 1951 admodum
733 1895 875 1948 enim
910 1893 1093 1946 unitas
1124 1889 1526 1945 communicata
1560 1898 1779 1940 rursum
1809 1889 1993 1936 manet

407 1989 623 2052 eadem,
651 1994 707 2042 et
734 2001 839 2041 non
867 1985 1091 2045 excidit,
1116 1992 1169 2037 et
1195 1985 1402 2036 circum
1430 1979 1783 2047 semetipsam
1814 1973 1993 2029 revol-

408 2079 578 2142 vitur,
605 2078 822 2146 quando
848 2075 998 2129 verbi
1026 2073 1199 2144 gratia
1232 2073 1431 2126 dicitur
1463 2083 1605 2123 unus
1632 2065 1913 2127 denarius,
1934 2072 1990 2117 et

408 2187 553 2226 unus
598 2167 973 2230 centenarius,
1015 2174 1071 2219 ct
1113 2178 1253 2217 unus
1288 2160 1655 2223 millcnarius;
1693 2156 1772 2210 sic
1804 2162 1860 2207 et
1902 2152 1993 2205 illa

407 2263 593 2317 divina
617 2260 767 2315 notio
794 2259 924 2313 dum
955 2256 1337 2327 participatur,
1363 2250 1592 2322 simplex
1622 2249 1675 2303 in
1706 2261 1765 2304 se
1788 2252 1991 2309 manet,

410 2366 466 2411 et
497 2371 602 2409 non
637 2352 865 2408 excidit.

484 2447 514 2519 ᾗ
577 2445 639 2500 V.
683 2443 865 2514 Virgae
935 2441 1242 2511 symbolum
1294 2445 1424 2493 sunt
1476 2434 1654 2506 regni,
1713 2443 1769 2488 et
1823 2442 1993 2492 recte.

407 2536 561 2606 juxta
630 2533 815 2587 illud:
866 2530 1028 2601 Virga
1079 2529 1408 2592 directionis,
1450 2528 1600 2596 virga
1656 2526 1800 2594 regni
1820 2524 1898 2576 tui
1920 2526 1992 2577 ι’.

412 2628 735 2700 Signiﬁcant
756 2626 942 2695 itaque
970 2624 1175 2694 regiam
1214 2622 1572 2691 dignitatem,
1596 2628 1651 2672 et
1695 2632 1724 2670 a
1776 2626 1991 2672 terrena

410 2721 678 2777 servitute
721 2717 1055 2772 libertatem.
1081 2713 1216 2770 Cum
1250 2720 1432 2767 autem
1468 2719 1677 2764 rectum
1724 2710 1818 2772 sit,
1851 2707 1995 2778 quod

408 2828 476 2867 ex
504 2826 661 2881 aequo
684 2809 856 2880 signis
880 2808 994 2863 suis
1018 2805 1332 2876 respondet,
1358 2815 1413 2859 et
1438 2817 1504 2857 ex
1527 2817 1682 2871 azquo
1711 2801 1994 2864 terminat,

324 2960 329 2963 ,
406 2902 689 2973 virgarum
723 2898 995 2954 rectitudo
1038 2896 1285 2950 declarat
1316 2909 1412 2949 eos
1460 2900 1608 2947 recte
1652 2901 1849 2946 cuncta
1898 2890 1993 2944 de—

410 2992 738 3056 terminare;
772 2987 910 3043 nihil
955 2986 1103 3041 enim
1150 2999 1277 3040 cum
1325 2983 1596 3038 curvitate
1629 2981 1810 3051 aliqua
1839 2978 1996 3049 perli-

408 3086 584 3140 ciunt.

483 3176 667 3230 Hasta:
693 3185 747 3229 et
770 3186 993 3228 secures
1022 3172 1281 3226 denotant
1305 3168 1414 3222 vim
1444 3166 1733 3236 inazqualia
1758 3180 1851 3220 seu
1879 3179 1995 3219 ma-

412 3268 627 3323 terialia
682 3266 960 3322 dividendi
1009 3282 1024 3319 :
1078 3264 1333 3319 dividunt
1360 3260 1504 3316 enim
1535 3275 1566 3313 a
1599 3258 1741 3313 malo
1765 3258 1991 3312 bomun.

410 3360 550 3415 Nam
597 3360 713 3412 lucc
762 3355 1215 3412 estdiscernendi
1254 3353 1361 3417 vis,
1393 3367 1516 3421 qua:
1551 3364 1783 3404 acumen
1829 3349 1996 3403 habet

412 3460 473 3509 ut
503 3450 680 3515 basta,
709 3458 765 3503 et
786 3447 1122 3503 activitatem
1151 3445 1555 3513 eﬂicaciamque
1587 3454 1647 3497 ut
1677 3457 1922 3498 secures.

488 3605 831 3662 Geometrica
888 3620 1021 3658 vero
1079 3601 1408 3669 fabriliaque
1469 3600 1833 3655 instrumenta
1906 3597 1998 3651 dc-

414 3697 650 3767 signant,
685 3694 762 3748 uti
808 3694 1073 3757 diximus,
1117 3689 1566 3761 perpendiculum
1609 3689 1827 3757 quidem
1875 3701 1998 3754 geo-

413 3789 701 3843 metricum
761 3786 1022 3840 fundandi
1080 3795 1135 3839 et
1194 3782 1521 3847 aedificandi,
1570 3783 1726 3851 juxta
1788 3780 1918 3834 illud
1977 3800 1991 3836 :

413 3881 563 3936 Unus
608 3881 834 3933 alterum
870 3874 1185 3948 wdiﬁcatcl,
1220 3885 1383 3945 atque
1433 3876 1654 3944 insuper
1683 3872 1994 3943 perficiendi

412 3974 769 4037 facultatem:
804 3987 911 4025 non
958 3970 1103 4025 enim
1150 3968 1349 4022 dicitur
1377 3966 1700 4030 azdilicator,
1733 3966 1823 4035 qui
1870 3967 1995 4018 fun-

412 4068 727 4120 damentum
770 4062 946 4117 solum
998 4059 1157 4131 145
1208 4060 1384 4130 ponit,
1415 4074 1629 4111 murum
1679 4058 1865 4127 erigit,
1898 4057 1993 4111 sed

410 4159 506 4229 qui
530 4159 747 4212 domqu
784 4154 1002 4223 perlicit
1027 4172 1039 4217 ;
1068 4154 1262 4206 domus
1289 4151 1435 4205 enim
1467 4150 1592 4204 finis
1616 4159 1719 4214 est,
1747 4150 1837 4203 illa
1863 4163 1993 4203 vero

413 4249 741 4319 principium
780 4249 1053 4300 duntaxat
1108 4253 1256 4308 sunt,
1291 4253 1347 4297 et
1391 4243 1460 4296 ad
1514 4244 1674 4298 finem
1729 4241 1989 4305 tendunt;

410 4342 622 4397 nullum
666 4349 850 4405 autem
898 4338 1224 4408 principium
1279 4346 1364 4391 est
1404 4335 1607 4390 finibus
1636 4348 1901 4397 cozevum,
1934 4340 1993 4384 ut

2096 1782 2359 1843 λίσσεται,
2389 1782 2483 1834 καὶ
2516 1783 2631 1852 μετ’
2663 1781 3134 1851 εύκοσμίας,ὃπερ
3162 1780 3255 1832 xui
3285 1778 3422 1831 αὐτὸ
3450 1778 3553 1848 τῆς
3583 1776 3686 1839 ζώ-

2093 1892 2191 1946 νης
2224 1874 2359 1936 ἐστὶ,
2392 1872 2494 1925 κᾶν
2522 1874 2615 1925 xui
2648 1871 2998 1942 μεταδίδοται.
3018 1873 3103 1934 Ὠς
3126 1871 3233 1942 γὰρ
3265 1872 3297 1941 ἡ
3327 1868 3500 1940 μονάς
3525 1886 3685 1939 μετα-

2092 1964 2340 2036 διδομένη
2378 1964 2537 2017 πάλιν
2571 1964 2723 2034 μένει
2748 1964 2917 2034 ταυτή
2939 1981 2997 2015 τε
3027 1964 3121 2017 xui
3150 1962 3570 2033 ἀμετάπτωτος,
3595 1963 3685 2014 xui

2095 2060 2223 2129 περὶ
2252 2058 2451 2130 ἑαυτὴν
2491 2056 2887 2137 συνελίσσεται,
2916 2057 3004 2108 ὅτε
3033 2055 3231 2126 δηλαδὴ
3275 2055 3378 2125 μία
3404 2053 3570 2116 δεκάς
3601 2054 3685 2105 λέ-

2093 2162 2247 2213 γεται
2293 2145 2389 2198 xui
2432 2144 2531 2214 μία
2575 2143 2889 2212 ἑκατοντάς,
2922 2145 3015 2196 xui
3061 2145 3158 2214 μία
3203 2142 3513 2213 χιλιοστύς·
3546 2143 3685 2196 οὓτω

2094 2235 2320 2305 κάκείνη
2364 2236 2396 2304 ή
2447 2234 2565 2286 θεία
2607 2233 2810 2304 νόησις,
2838 2233 3198 2304 μετεχομένη,
3231 2233 3381 2303 ἁπλῆ
3407 2250 3495 2296 τις
3539 2233 3685 2304 μένει

2096 2326 2191 2380 xui
2223 2325 2631 2396 ἀμετάπτωτος.

2094 2426 2105 2462 ι
2168 2418 2194 2488 §
2226 2416 2289 2471 V.
2331 2419 2397 2469 Ai.
2430 2417 2635 2495 ῥάϐδοι,
2666 2416 2930 2487 σύμϐολον
2970 2415 3245 2487 βασιλείας
3287 2416 3418 2480 εἰσὶ,
3456 2416 3554 2470 xui
3596 2417 3685 2469 εύ-

2097 2510 2230 2574 θεῖς,
2275 2509 2416 2563 κατὰ
2459 2509 2542 2572 τὸ,
2570 2509 2805 2575 Ῥάϐδος
2850 2510 3192 2575 εὐθύτητος,
3228 2510 3267 2576 ἡ
3299 2507 3532 2576 ῥάϐδος
3580 2509 3688 2575 τῆς

2089 2604 2418 2669 βασιλείας
2470 2618 2609 2657 σου.
2664 2601 2897 2672 Δηλοῦσι
2940 2600 3230 2671 τοιγαροῦν
3270 2601 3333 2654 τὸ
3384 2600 3686 2670 βασιλικὸν,

2095 2699 2191 2751 xui
2223 2698 2358 2770 πρὸς
2390 2697 2457 2751 τὰ
2489 2697 2639 2751 κάτω
2671 2694 2988 2749 ἀδούλωτον.
3017 2695 3166 2747 Ἐπεὶ
3196 2694 3254 2746 δὲ
3288 2693 3421 2746 εὐθύ
3457 2695 3595 2755 ἐστι,
3629 2694 3687 2745 τὴ

2096 2789 2158 2855 ἐξ
2188 2790 2303 2842 ῖσου
2336 2792 2448 2853 τοῖς
2480 2791 2565 2858 ἐφ’
2594 2786 2787 2841 ἑαυτοῦ
2825 2787 3075 2857 σημείοις
3107 2787 3379 2857 κείμενον,
3416 2787 3513 2838 xui
3540 2786 3603 2837 τὸ
3633 2786 3689 2851 ἐξ

2099 2881 2213 2936 ἴσου
2250 2886 2525 2954 περαῖνον,
2558 2882 2618 2933 τὸ
2656 2880 2762 2933 τῶν
2792 2879 3000 2951 ῥάϐδων
3034 2878 3185 2941 εὐθὺ,
3218 2878 3373 2949 δηλοῖ
3400 2877 3465 2930 τὸ
3498 2877 3688 2949 περαίο

2097 2990 2209 3025 νειν
2250 2974 2493 3037 ἐκείνους
2532 2973 2708 3026 πάντα
2743 2970 2943 3033 εὐθέως
2963 2987 2976 2999 ·
3010 2970 3132 3023 οὐδὲ
3164 2968 3272 3040 γὰρ
3300 2968 3521 3022 τελοῦσι
3553 2970 3686 3039 μετά

2023 3059 2067 3115 C
2098 3080 2244 3127 τινος
2275 3064 2637 3135 σκολιότητας.

2168 3154 2212 3206 Τ
2217 3154 2250 3207 ὰ
2292 3154 2491 3226 δόρατα
2534 3156 2629 3208 xui
2670 3155 2721 3207 οἱ
2769 3154 2999 3217 πέλυκες
3027 3151 3243 3223 δηλοῦσι
3269 3152 3333 3204 τὸ
3361 3151 3687 3223 διαιρετικὸν

2095 3251 2205 3303 τῶν
2232 3251 2521 3321 ἀνομοίων,
2553 3251 2719 3320 ἤγουν
2761 3248 2869 3302 τῶν
2915 3247 3144 3302 ὑλικῶν·
3180 3244 3456 3316 διαιροῦσι
3490 3244 3603 3315 γὰρ
3630 3246 3687 3295 τὸ

2097 3342 2343 3411 κρεῖττον
2369 3340 2476 3392 ἀπὸ
2500 3339 2593 3392 τοῦ
2628 3335 3066 3409 χείρονος.Τοῦτο
3093 3334 3202 3406 γάρ
3231 3335 3383 3387 ἐστιν
3406 3336 3439 3404 ἡ
3472 3333 3691 3404 διακρι-

2095 3435 2222 3505 τικὴ
2265 3433 2511 3504 δύναμις,
2538 3435 2571 3503 ἡ
2610 3431 2757 3497 ὀξεῖα
2796 3430 2938 3484 κατὰ
2982 3430 3043 3482 τὸ
3080 3428 3229 3499 δόρυ,
3261 3429 3299 3498 ἡ
3327 3427 3561 3499 ἐνεργὴς
3598 3426 3690 3477 xui

2104 3524 2410 3596 δραστηρία
2443 3523 2589 3577 κατά
2616 3522 2741 3586 τοὺς
2771 3522 3031 3583 πέλυκας.

2167 3615 2249 3669 Τὰ
2293 3616 2350 3668 δὲ
2398 3613 2746 3686 γεωμετρικά
2788 3615 2883 3668 xui
2926 3611 3213 3666 τεκτονικά
3240 3611 3475 3683 ὄργανα,
3502 3609 3683 3671 καθὼς

2096 3708 2377 3778 ἐλέγομεν,
2425 3708 2657 3778 σχοινίον
2700 3706 3089 3778 γεωμετρικὸν,
3139 3705 3202 3757 τὸ
3249 3702 3685 3773 Θεμελειωτικὺν,

2097 3803 2190 3855 xui
2211 3800 2641 3871 οἰκοδομητικὸν,
2656 3798 2797 3852 κατά
2815 3799 2874 3852 τό
2892 3815 2907 3829 θ
2924 3799 3027 3864 Εἷς
3040 3798 3145 3852 τὸν
3171 3796 3284 3849 ἕνα
3305 3794 3684 3863 οἰκοδομεῖτε,

2096 3894 2191 3946 xui
2231 3892 2310 3945 ἔτι
2352 3892 2413 3944 τὸ
2457 3892 2829 3944 τελειωτικόν·
2864 3891 2984 3943 οὐδὲ
3014 3890 3122 3961 γὰρ
3151 3889 3375 3957 λέγεται
3407 3886 3685 3956 οἰκοδόμος

2094 3985 2123 4037 ό
2151 3982 2414 4054 θεμελιῶν
2446 3984 2539 4035 xui
2564 3983 2762 4046 κτίζων
2789 3984 2970 4054 μόνον,
3006 3981 3119 4035 ἀλλ’
3152 3980 3180 4031 ὁ
3225 3979 3450 4033 τελειῶν
3479 3977 3579 4047 τὴν
3613 3978 3691 4028 oi-

2095 4077 2252 4128 κίανο
2296 4078 2330 4145 ἡ
2372 4077 2521 4128 οἰκία
2564 4074 2673 4146 γὰρ
2719 4075 2871 4139 τέλος
2909 4074 3077 4137 ἐστὶν,
3111 4073 3293 4125 ἐκεῖνα
3326 4072 3384 4124 δὲ
3412 4070 3556 4141 ἀρχὴ
3597 4069 3686 4120 xui

2095 4168 2231 4239 πρὸς
2262 4167 2324 4219 τὸ
2354 4167 2537 4230 τέλοςσ
2570 4165 2794 4236 οὐδεμία
2820 4167 2877 4219 δὲ
2916 4164 3061 4236 ἀρχὴ
3096 4161 3364 4231 συγγενὴς
3398 4164 3513 4223 τοῖς
3534 4160 3685 4212 τέλε-

2097 4275 2201 4321 σιν,
2233 4259 2309 4322 ὼς
2341 4259 2462 4311 οὐδὲ
2489 4260 2682 4330 τρόπις
2713 4260 2779 4328 τῇ
2814 4258 2902 4327 νηῒ
2925 4275 2939 4287 ο
2973 4255 3063 4309 διὰ
3092 4254 3254 4306 τοῦτο
3288 4251 3424 4320 γοῦν
3458 4251 3687 4323 προστέ-

2097 4348 2269 4401 θειται
2318 4347 2436 4411 xui,
2472 4348 2539 4400 Τὸ
2582 4346 2976 4409 τελειωτικὸν,
3011 4345 3104 4398 xui
3127 4345 3228 4397 ὅσα
3260 4343 3396 4397 ἀλλα
3426 4343 3525 4412 τῆς
3556 4343 3684 4395 ἀνα-

412 4448 593 4502 neque
625 4432 813 4487 carina
838 4431 993 4493 navi;
1025 4429 1229 4484 idcirco
1253 4429 1419 4483 etiam
1445 4426 1663 4480 additur
1688 4424 1982 4495 perﬁcienda

2166 4437 2280 4506 ›γοῦ
2315 4438 2571 4508 προνοίας
2604 4437 2711 4491 τῶν
2742 4436 2994 4506 πρώτων,
3012 4436 3105 4489 xui
3126 4433 3560 4505 ὲπιστρεπτικῆς
3583 4430 3685 4484 τῶν

414 4526 741 4595 facultatem,
760 4533 815 4578 et
843 4536 1181 4592 quaecunque
1208 4520 1339 4587 alia,
1362 4518 1657 4574 inferiores
1688 4516 1993 4572 adducendi

413 4626 469 4673 et
524 4614 879 4672 convertendi
928 4611 1326 4682 providentiam
1358 4607 1772 4670 concernentia,
1802 4606 1995 4676 primis

410 4710 521 4765 illis
553 4710 740 4764 insunt
764 4716 822 4761 et
843 4706 1247 4774 attribuuntur.

476 4800 701 4856 Accidit
747 4815 967 4869 quoque
1006 4804 1507 4868 nonuunquam,ut
1555 4791 1861 4848 istiusmodi
1910 4788 1995 4842 in-

406 4904 711 4951 strumenta
747 4893 1056 4948 divinorum
1086 4906 1214 4960 erga
1245 4904 1347 4943 nos
1385 4886 1715 4955 iudiciorum
1745 4880 1989 4951 symbola

410 4991 673 5046 existant.
694 4988 774 5041 Ac
799 4985 950 5055 virga
978 4982 1199 5052 quidem
1224 4994 1324 5050 pro
1346 4977 1684 5033 correctrice
1706 4970 1989 5038 disciplina

410 5083 673 5147 sumitur,
700 5079 778 5134 uti
824 5093 948 5133 cum
997 5075 1216 5129 divinus
1265 5069 1564 5142 Apostolus
1592 5067 1711 5120 ait:
1740 5064 1809 5117 In
1844 5064 1991 5131 virga

410 5176 612 5230 veniam
646 5174 715 5227 ad
744 5188 854 5237 vos,
885 5185 957 5223 an
981 5170 1036 5221 in
1065 5161 1407 5221 charitate"?
1454 5161 1559 5215 Pro
1594 5157 1834 5211 vindicta
1860 5169 1991 5208 vero

405 5268 633 5337 iustitiae
675 5264 906 5335 gladius,
943 5261 1053 5315 falx
1083 5270 1137 5316 et
1174 5257 1411 5319 securis,
1443 5254 1587 5307 sicut
1616 5249 1782 5303 etiam
1823 5247 1879 5300 in
1909 5260 1996 5299 sa-

410 5361 523 5417 cris
554 5357 861 5427 Evangeliis
890 5354 956 5407 de
997 5352 1103 5417 ﬁcu
1154 5346 1423 5403 inutiliter
1451 5345 1639 5398 locum
1684 5348 1992 5409 occupante

412 5451 666 5507 refertur.
696 5449 801 5502 Pro
824 5447 1075 5501 libertate
1098 5455 1230 5495 vero
1260 5440 1329 5493 ab
1359 5436 1573 5491 insidiis
1608 5433 1990 5507 luereditarius

413 5542 705 5605 funiculus,
728 5538 885 5608 juxta
912 5536 1041 5591 illud
1070 5549 1086 5588 :
1119 5528 1417 5585 Fum'culus
1442 5527 1846 5581 hii-reditatisn.
1881 5524 1987 5579 Ρη

2100 4530 2369 4600 δευτέρων
2403 4530 2519 4583 ὲστί
2551 4547 2611 4583 τε
2646 4531 2740 4584 xui
2772 4528 3029 4605 λέγεται..

2170 4786 2329 4837 Ἐστι
2372 4784 2430 4837 δὲ
2474 4786 2561 4837 ὅτε
2594 4784 2767 4838 ταῦτα
2800 4782 2868 4837 τὰ
2899 4782 3105 4853 ὄργανα
3132 4780 3411 4850 δηλωτικά
3441 4782 3548 4833 εἰσι
3582 4780 3686 4833 τῶν

2094 4879 2175 4942 είς
2224 4877 2370 4948 ἡμᾶς
2420 4876 2654 4947 κρίσεων
2700 4874 2796 4927 τοῦ
2844 4873 3000 4926 Θεοῦ.
3030 4872 3142 4925 Καὶ
3176 4872 3258 4934 είς
3299 4872 3553 4925 παιδείαν
3593 4872 3687 4941 μὲν

2094 4967 2536 5040 ὲπανορΟωτικὴν
2570 4968 2603 5037 ἡ
2641 4966 2833 5038 ῥάϐδος
2868 4962 3380 5035 παραλαμϐάνεται,
3416 4962 3490 5024 ὥς
3525 4978 3686 5030 φησιν

2091 5064 2127 5115 ὁ
2154 5061 2295 5123 Θεῖος
2339 5059 2657 5122 Ἀπόστολος
2678 5074 2692 5088 ’
2712 5058 2807 5109 Ἐν
2829 5054 3030 5123 ῥάϐδῳ
3061 5055 3216 5108 ἔλθω
3248 5053 3402 5120 πρὸς
3436 5052 3614 5121 ὑμᾶς,
3648 5051 3683 5117 ἦ

2093 5155 2164 5208 ἐν
2194 5152 2393 5221 ἀγάπῃ
2418 5168 2436 5214 ;
2468 5152 2563 5214 Είς
2595 5150 2652 5202 δὲ
2685 5147 2823 5219 μετά
2852 5145 3195 5215 δικαιοσύνης
3228 5144 3499 5214 τιμωρίαν
3528 5143 3590 5195 τὸ
3618 5142 3687 5205 ξί-

2096 5263 2214 5314 φος,
2246 5244 2306 5296 τὸ
2330 5243 2617 5313 δρέπανον,
2652 5242 2747 5293 xui
2774 5242 2802 5292 ὁ
2834 5239 3084 5301 πέλεκυς,
3122 5234 3304 5299 καθὼς
3339 5236 3436 5288 xui
3476 5236 3535 5286 ὲν
3578 5236 3685 5294 τοῖς

2100 5336 2260 5406 ἱεροῖς
2293 5331 2644 5399 Εὑαγγελίοις
2678 5329 2929 5400 περὶτῆς
2963 5327 3134 5397 συκῆς
3166 5326 3267 5394 τῆς
3303 5322 3683 5394 καταργούσης

2093 5429 2185 5493 τὸν
2229 5426 2392 5479 τόπον
2436 5423 2681 5494 φέρεται.
2716 5422 2812 5484 Εἰς
2855 5421 2911 5474 δὲ
2957 5417 3269 5490 ἐλευθερίαν
3314 5415 3685 5487 περιστάσεως

2093 5520 2155 5574 τὸ
2176 5513 2533 5588 κληροδοτΟὖν
2584 5513 2838 5584 σχοινίον,
2874 5511 3014 5567 κατὰ
3044 5510 3106 5564 τὸ
3130 5549 3143 5572 ,
3176 5511 3222 5562 Σ
3224 5507 3511 5577 χοίνισμα
3546 5507 3683 5569 κλη-

521 5720 572 5761 ιο
606 5764 618 5779 ,
656 5711 797 5766 Psal.
832 5725 975 5773 κων,
1008 5709 1061 5764 7.
1104 5706 1120 5747 ι
1158 5708 1174 5761 l
1206 5705 1395 5762 Thess.
1430 5722 1479 5771 ν,
1514 5706 1596 5761 ll.
1646 5710 1680 5734 "
1711 5701 1878 5760 lCor.
1912 5712 1956 5754 tv

2200 5707 2228 5738 ιι
2261 5696 2419 5753 Deut.
2448 5706 2599 5748 χχιιι
2622 5731 2637 5756 ,
2672 5691 2726 5746 9.
