3722 6290
34 316 115 369 357
520 311 629 367 DE
662 310 991 370 C(ELESTI
1026 310 1476 375 HIERARCHIA,
1513 310 1668 365 CAP.
1706 309 1825 364 XV.
1858 341 1929 350 —
1968 306 2316 363 PARAPHR.
2349 305 2823 363 PACHYMLRAE.

3214 308 3318 363 558

33 430 301 500 pampino
339 429 445 491 Εἰς
481 429 553 481 δὲ
604 432 766 494 τέλος
797 429 1040 505 παιδείας
1076 429 1236 483 πάλιν
1267 431 1295 481 ὁ
1326 429 1538 498 τέμνων
1569 426 1637 478 τὰ

1795 441 1851 479 me
1881 440 2011 480 vero
2043 422 2342 492 disciplima
2373 421 2568 475 iterum
2598 421 2809 477 securis
2836 434 2957 488 qua:
3000 418 3141 473 mala
3171 433 3317 475 rese-

39 520 215 593 χαλεπά
244 519 427 583 πέλυξ
447 537 464 551 ·
508 523 604 584 εἰς
652 522 713 574 δὲ
756 520 1089 590 ἐπανάληψιν
1118 522 1217 591 τῆς
1251 519 1521 590 προτέρας
1552 517 1641 569 εὑ-

41 606 235 667 εαθείας
282 608 319 675 ἡ
373 606 604 676 ῥάῦδος
663 609 850 673 πάλιν,
887 608 961 671 ὡς
1007 609 1097 703 τό·
1147 609 1210 663 Ἡ
1239 607 1463 676 ῥάϐδος
1498 621 1641 666 σου,

43 700 115 751 καὶ
142 699 176 764 ἠ
200 698 357 760 ﬁeri:
369 698 534 764 ηρία
581 713 733 762 σου,
766 699 943 752 αὗταί
968 698 1045 768 με
1072 698 1515 767 παρεκάλεσαν.
1547 699 1642 760 Εἰς

43 788 415 861 δὲπροσθήκην
448 790 701 862 δωρεῶν
729 791 1001 861 αἰσθητῶν
1032 791 1129 861 μὲν
1161 791 1255 844 καὶ
1285 790 1495 862 μικρῶν
1519 791 1642 842 ὅσον

46 882 157 934 κατά
180 881 494 947 ἀναλογίαν
530 882 638 935 τοῦ
674 883 929 944 διδόντος,
947 882 1006 934 τὸ
1029 883 1324 952 ἀμυντικὸν
1354 884 1446 935 καὶ
1476 899 1643 953 στρα-

47 972 260 1026 τιωτικὸν
290 973 567 1043 φόρημα,
595 975 787 1038 καθὼς
815 975 1003 1046 ὼράθη
1030 975 1107 1045 τῷ
1135 974 1229 1028 τοῦ
1260 976 1417 1044 Ναυῆ
1446 976 1639 1046 Ἰησοῦ·

48 1066 220 1134 νοητῶν
249 1064 308 1116 δὲ
337 1067 443 1117 καὶ
488 1066 785 1135 μεγάλων,
821 1068 960 1137 ἅπερ
994 1066 1162 1120 πολλά
1192 1069 1303 1130 τοῖς
1345 1066 1520 1135 ἁγίοις
1553 1069 1645 1120 καὶ

48 1159 245 1227 διάφορα
286 1157 699 1229 ἐξεφάνησαν.
740 1162 851 1214 Καὶ
890 1160 1023 1222 ὅλως
1070 1160 1170 1211 οὐκ
1208 1160 1274 1211 ἂν
1317 1160 1645 1230 ἀπορήσειεν

50 1246 390 1310 ὁδιαὸατικὸς
444 1247 590 1313 νοῦς
639 1249 862 1312 οἰκείως
901 1250 1135 1320 ἁρμόσαι
1176 1252 1288 1312 τοῖς
1321 1251 1550 1318 ἀφανέσι
1576 1249 1648 1304 τὰ

51 1338 338 1407 ςαινόμενα.
676 1382 679 1383 ,

104 1431 126 1499 ᾗ
153 1429 234 1483 Ἠ.
274 1431 352 1483 Τὸ
382 1432 453 1484 δὲ
488 1434 597 1486 καὶ
627 1433 872 1505 ἀνέμους
901 1434 1098 1497 αὐτοὺς
1135 1432 1517 1505 ὀνομάζεσθαι,
1548 1453 1650 1491 κατ

52 1522 103 1573 τὰ
140 1523 212 1583 τὸ,
240 1524 294 1573 ’0
347 1524 732 1591 περιπατῶν
771 1525 868 1578 ἐπὶ
911 1527 1215 1594 πτερύγων
1258 1526 1510 1593 ἀνέμων,
1543 1526 1648 1597 τὴν

52 1616 196 1678 ιἒξεῐιιν
236 1616 431 1668 αὐτῶν
482 1618 699 1687 πτῆσιν
744 1618 910 1688 δηλοῖ,
946 1620 1037 1670 καὶ
1072 1618 1253 1688 σχεδὸν
1283 1619 1524 1689 ἀχρόνως
1556 1621 1647 1674 ἐπὶ

56 1706 200 1758 πάντα
213 1706 411 1777 διήκου
422 1725 559 1761 σαν.
588 1708 793 1771 Καλῶς
810 1709 866 1761 δὲ
881 1709 1114 1762 τέθειται
1136 1712 1197 1763 τὸ
1208 1710 1432 1777 σχεδόν
1455 1730 1467 1741 ·
1490 1711 1647 1765 τοῦτο

1744 526 1858 579 cat,
1883 527 1939 570 et
1964 517 2118 583 virga
2152 515 2351 567 iterum
2385 528 2482 581 pro
2518 512 2758 580 pristina:
2796 509 3074 564 felicitatis
3103 511 3318 563 restitu-

1745 605 1913 669 tione,
1936 605 2091 673 juxta
2129 603 2260 657 illud
2298 622 2313 657 :
2361 601 2521 671 Virga
2560 610 2675 663 tua,
2700 609 2747 653 et
2778 598 2995 652 baculus
3026 610 3168 661 tuus,
3206 600 3320 666 ipsa

1743 710 1825 746 me
1861 692 2136 747 consolata
2170 702 2295 746 sunt
2311 703 2353 745 °.
2380 692 2486 746 Pro
2514 690 2808 745 collatione
2849 704 2980 742 vero
3034 703 3320 742 munerum

1744 782 2027 835 sensilium
2063 781 2280 850 quidem
2312 781 2442 834 etin
2478 779 2672 834 ordine
2692 779 2757 831 ad
2785 778 2963 831 dantis
2994 777 3315 848 dignitatem

1745 867 2094 937 exiguorum,
2125 877 2183 921 ut
2213 879 2489 921 armatura
2539 882 2635 921 seu
2687 867 2854 920 vestis
2892 867 3173 930 militaris,
3202 881 3322 934 quae

1746 961 1862 1015 visa
1910 970 1994 1015 est
2022 976 2050 1014 a
2082 961 2210 1016 Jesu
2246 960 2424 1025 Nave;
2471 960 2800 1027 spiritalium
2834 973 2964 1012 vero
2998 960 3061 1012 ac
3094 972 3322 1027 magno-

1748 1065 1895 1113 rum,
1943 1064 2064 1117 quae
2122 1050 2349 1120 plurima
2402 1050 2657 1115 variaque
2715 1048 2921 1102 sanctis
2977 1047 3322 1100 manifestata

1748 1152 1897 1194 sunt.
1938 1140 2121 1204 Neque
2146 1156 2275 1196 vero
2298 1140 2571 1195 dubitabit
2598 1139 2707 1193 ullo
2736 1140 2899 1192 modo
2930 1155 3084 1192 mens
3115 1141 3328 1207 perspi:

1748 1246 1870 1292 eax,
1904 1232 2140 1285 visibilia
2176 1232 2400 1303 pr0prie
2442 1232 2606 1285 rebus
2642 1245 2761 1300 qua:
2804 1240 3075 1298 aspectum
3112 1231 3329 1305 fugiunt

1749 1323 2193 1381 aecommodare.

1822 1412 1851 1483 §
1891 1413 1972 1470 Vl.
2017 1413 2171 1480 Quod
2204 1420 2383 1467 autem
2417 1423 2473 1468 et
2505 1413 2651 1466 venti
2690 1414 3061 1478 nominentur,
3087 1412 3239 1481 juxta
3269 1414 3330 1468 il-

1749 1505 1840 1558 lud
1878 1523 1891 1558 :
1927 1506 2029 1570 Qui
2053 1507 2286 1559 ambulat
2316 1520 2472 1574 super
2495 1522 2694 1573 pennas
2723 1516 2991 1558 ventorum
3014 1516 3064 1571 Ρ,
3098 1505 3331 1559 celerem

1750 1611 1937 1652 eorum
1976 1596 2212 1649 volatum
2260 1596 2555 1665 signiﬁcat,
2589 1604 2643 1649 et
2674 1596 2737 1648 ad
2763 1596 2945 1648 omnia
2980 1595 3161 1680 ferme
3204 1599 3334 1651 abs-

1751 1704 1857 1757 que
1894 1696 2138 1757 tempore
2165 1697 2568 1756 penetrantem.
2602 1686 2769 1741 Recte
2800 1686 2938 1739 dixit
2964 1686 3134 1754 ferme
3166 1704 3185 1740 :
3215 1705 3337 1742 nam

54 1794 139 1864 γὰρ
163 1795 287 1848 ἴδιον
312 1798 419 1849 καὶ¹
471 1796 648 1866 μόνον
684 1796 841 1853 Θεοῦ.
860 1798 1123 1869 Ἀχρόνως
1154 1800 1209 1851 δὲ
1243 1795 1417 1863 εἶπεν,
1448 1802 1527 1854 ὅτι
1557 1801 1648 1853 ἐπὶ

1795 1794 1855 1833 oc
1890 1778 2167 1846 proprium
2195 1787 2277 1831 est
2309 1792 2373 1830 ac
2400 1778 2569 1831 solius
2608 1777 2722 1831 Dei.
2746 1779 2952 1847 Absque
2983 1789 3213 1846 ternpore
3242 1797 3339 1832 an-

59 1888 134 1954 μὲν
168 1886 271 1939 τῶν
316 1887 653 1959 αἰσθητῶν,
684 1889 912 1959 ἐγχρονα
952 1891 1045 1943 καὶ
1082 1890 1385 1963 βραδύτερα
1415 1892 1483 1945 τὰ
1509 1894 1651 1961 γινό-

59 1994 191 2044 μενει·
213 1979 306 2031 ἐπὶ
334 1978 399 2031 δὲ
431 1979 556 2032 τῶν
586 1980 897 2050 ἀσωμάτων
926 1982 1018 2034 καὶ
1040 1982 1243 2052 νοητῶν
1266 1984 1542 2054 συντόμως
1558 1986 1650 2037 καὶ

58 2070 257 2138 ἀμελητὶ
282 2070 783 2142 τελεσιουργεῖται
819 2072 880 2125 τὸ
920 2074 1503 2144 πραττόμενον.Ἕστιν
1534 2075 1651 2127 ’ἐτε-

61 2177 131 2231 ρον
175 2162 374 2232 ἰδίωμα
428 2163 552 2215 τῶν
610 2162 851 2233 ἀνέμων,
883 2165 963 2215 ότι
1004 2164 1260 2219 παντοίαν
1304 2166 1403 2235 τὴν
1439 2166 1651 2237 κίνησιν

62 2253 231 2319 ἔχουσι,
254 2256 357 2307 καὶ
390 2255 498 2306 ἐπὶ
533 2254 729 2307 παντί.
760 2254 954 2317 Καλῶς
982 2254 1090 2325 γὰρ
1118 2255 1227 2325 ἔχει
1258 2256 1353 2308 καὶ
1380 2258 1407 2309 ό
1436 2254 1530 2308 τοῦ
1560 2257 1652 2308 ἀέ-

65 2359 133 2410 ρος
165 2345 401 2415 ὁρισμὸς
449 2344 609 2398 κατά
656 2345 933 2409 Πλάτωνα,
968 2347 1049 2400 ὅτι
1096 2348 1350 2417 στοιχεῖόν
1394 2350 1559 2411 ἐστιν,
1590 2342 1649 2403 οὗ

64 2437 204 2489 πᾶσαι
231 2438 289 2488 αἱ
318 2436 483 2491 κατὰ
504 2438 685 2490 τόπον
710 2439 948 2509 κινήσεις
966 2439 1108 2493 κατά
1127 2440 1285 2508 φύσιν
1312 2441 1513 2495 είσί.Τὸ
1542 2442 1651 2513 γὰρ

65 2526 155 2597 ιτῖιρ
190 2528 301 2581 ἀνω
348 2529 475 2598 ἔχει
518 2530 627 2599 τὴν
659 2528 802 2581 κατὰ
831 2530 989 2597 φύσιν
1019 2532 1251 2601 κίνησιν,
1285 2532 1433 2586 κάτω
1465 2533 1522 2585 δὲ
1551 2534 1651 2606 τὴν

65 2619 191 2687 παρὰ
216 2610 419 2688 ἐρύσιν·
445 2624 483 2692 ἡ
500 2621 563 2674 δὲ
590 2622 663 2692 γῆ
696 2624 789 2674 καὶ
816 2622 876 2674 τὸ
906 2622 1048 2694 ὕδωρ
1079 2625 1343 2679 ἀνάπαλιν
1362 2644 1374 2655 ·
1398 2628 1426 2678 ό
1456 2627 1511 2679 δὲ
1541 2627 1651 2699 ἀὴρ

66 2712 183 2764 κατά
222 2713 397 2782 φύσιν
444 2717 694 2767 κινεῖται
739 2715 1033 2785 πανταχοῦ.
1072 2716 1241 2771 Τοῦτο
1283 2719 1389 2771 νόει
1430 2721 1523 2772 καὶ
1560 2721 1652 2772 ἐπὶ

63 2804 151 2855 τῶν
195 2804 361 2859 θείων
407 2807 732 2876 δυνάμεων,
768 2806 848 2859 ὅτι
874 2807 1077 2861 ἀνωθεν
1111 2810 1207 2879 μὲν
1242 2811 1377 2881 πρὸς
1407 2810 1476 2863 τά
1502 2811 1652 2864 κάτω

64 2894 144 2963 τὴν
167 2894 317 2947 θείαν
346 2895 832 2967 διαπορθμεύουσι
861 2897 1128 2969 βούλησιν,
1160 2899 1401 2953 κάτωθεν
1431 2900 1487 2953 δὲ
1516 2902 1652 2973 πρὸς

64 2984 121 3033 τὰ
146 2984 250 3037 ἀνω
278 2985 566 3053 ἀνάγουσι
598 2984 671 3038 τὰ
710 2986 954 3057 δεύτερα,
986 2990 1079 3040 καὶ
1103 2990 1437 3043 ἀνατείνουσι
1455 2990 1650 3057 ταῦτα,

1755 1882 1864 1926 tem
1896 1872 2051 1935 dixit,
2090 1886 2211 1925 nam
2240 1870 2290 1923 in
2316 1871 2610 1924 sensilibus
2642 1886 2729 1924 res
2762 1871 2898 1923 ﬁunt
2936 1874 3150 1925 tardius
3188 1885 3243 1927 et
3275 1877 3326 1927 in

1753 1971 2027 2030 tempore;
2058 1963 2109 2014 in
2160 1961 2497 2026 incorporeis
2539 1971 2719 2015 autem
2767 1968 2817 2014 et
2866 1963 3327 2030 inlclligibilibtts,

1750 2062 1949 2123 puncto
1989 2053 2243 2122 temporis
2273 2061 2328 2107 et
2349 2052 2467 2107 sine
2497 2068 2645 2105 mora
2676 2052 2953 2120 perﬁcitur
2991 2055 3041 2107 id
3074 2056 3216 2120 quod
3252 2055 3331 2131 fag

1751 2150 1998 2204 ciendum
2025 2158 2130 2202 esu
2164 2148 2257 2202 Est
2280 2157 2333 2202 et
2361 2148 2463 2201 alia
2504 2150 2812 2218 proprietas
2838 2159 3151 2214 ventorum,
3184 2150 3329 2219 quod

1751 2240 2045 2311 quemlibet
2087 2250 2294 2294 motum
2342 2239 2599 2302 habeant,
2650 2250 2702 2295 et
2750 2240 2817 2293 ad
2869 2240 3155 2308 quidlibet.
3218 2241 3329 2294 Aer

1752 2332 1899 2386 enim
1935 2340 2082 2384 recte
2113 2345 2142 2382 a
2172 2329 2399 2384 Platone
2428 2330 2704 2397 deﬁnitur,
2735 2346 2855 2385 esse
2886 2332 3211 2385 elementum
3241 2331 3328 2393 cui

1754 2422 2032 2477 naturales
2078 2422 2191 2475 sint
2236 2437 2426 2476 omnes
2452 2424 2753 2476 secundum
2807 2422 2983 2477 locum
3037 2408 3327 2481 motiones,

1753 2516 1896 2584 ignis
1927 2513 2195 2583 siquidem
2229 2525 2425 2568 natura
2470 2530 2569 2570 sua
2614 2530 2833 2568 sursum
2867 2524 3140 2577 movetur,
3168 2516 3329 2568 deor—

1754 2624 1873 2664 sum
1904 2622 2029 2661 vero
2061 2616 2250 2660 contra
2279 2617 2572 2674 naturam;
2612 2616 2755 2661 terra
2784 2622 2912 2661 vero
2938 2614 2993 2659 et
3020 2622 3161 2676 aqua
3192 2624 3221 2660 e
3251 2608 3332 2662 di-

1754 2714 1911 2753 verso
1937 2714 1951 2751 :
1977 2696 2071 2751 sed
2105 2710 2199 2749 aer
2229 2707 2423 2751 natura
2452 2713 2550 2751 sua
2574 2711 3013 2766 quaquaversum
3049 2706 3321 2751 movetur.

1752 2790 1896 2845 idem
1926 2787 2089 2842 etiam
2116 2788 2347 2843 observa
2392 2788 2448 2841 in
2491 2786 2806 2841 cwlestibus
2845 2786 3158 2852 virtutibus,
3195 2800 3333 2855 qun-

1753 2884 1899 2939 niam
1927 2883 2160 2952 desuper
2191 2880 2410 2950 quidem
2442 2879 2695 2933 deorsum
2738 2878 2978 2932 divinum
3014 2880 3327 2934 mandatum

1758 2974 2109 3038 transferant,
2139 2972 2350 3028 inferne
2378 2985 2506 3026 vero
2537 2984 2754 3026 sursum
2798 2971 3073 3025 adducant
3104 2969 3330 3025 inferio-

68 3076 143 3127 καὶ
170 3078 334 3131 πάλιν
369 3077 667 3131 κινοῦνται
712 3080 846 3148 πρὸς
884 3078 985 3149 τὴν
1029 3080 1136 3133 τῶν
1185 3083 1487 3152 ὑφειμένων
1521 3084 1653 3155 πρό-

1795 3080 1853 3130 a;
1899 3066 2201 3134 eademque
2243 3064 2632 3129 corroborent,
2668 3076 2732 3115 ac
2774 3074 2985 3137 rursum
3016 3074 3333 3116 moveantur

67 3184 211 3221 νοιαν.
236 3170 404 3223 Εἴποι
426 3171 474 3222 δ’
492 3172 562 3224 ἄν
594 3188 701 3233 τις,
720 3172 801 3224 ὅτι
830 3172 861 3243 ἡ
888 3173 1112 3243 τοιαύτη
1138 3174 1246 3227 τῶν
1276 3176 1492 3247 ἀνέμων
1520 3178 1638 3228 ὲπω

69 3258 210 3326 νυμία
238 3262 339 3313 καὶ
384 3262 450 3313 τὸ
488 3260 731 3324 θεοειδές
778 3262 1055 3332 ἐκφαίνει·
1087 3264 1198 3333 ἔχει
1228 3264 1335 3335 γὰρ
1374 3267 1468 3318 καὶ
1501 3265 1658 3319 τοῦτο

69 3351 260 3414 εἰκόνας
294 3352 452 3414 θείας
486 3353 799 3423 ἐνεργείας,
824 3355 1003 3419 καθὼς
1035 3356 1093 3407 ὲν
1124 3357 1293 3428 ἑτέρῳ
1324 3359 1657 3429 συντάγματι

71 3445 466 3513 παραδέδωκεν,
488 3446 518 3498 ὃ
546 3446 615 3517 δὴ
651 3447 714 3499 οὐ
748 3447 971 3517 φέρεται
1003 3449 1259 3520 σήμερον.
1293 3450 1401 3503 Καὶ
1425 3451 1655 3503 ἐνταῦθα

72 3532 221 3601 λέγει,
243 3537 327 3588 ὅτι
354 3536 419 3587 τὸ
450 3534 682 3605 πνεῦμα
711 3540 867 3599 κινεῖ,
898 3538 991 3589 καὶ
1012 3537 1267 3606 ζωογονεῖ
1286 3556 1298 3568 ·
1331 3539 1474 3592 κατὰ
1501 3539 1657 3594 τοῦτο

72 3626 164 3695 γὰρ
210 3629 309 3681 καὶ
358 3628 457 3681 τὸν
504 3629 651 3698 ἀέρα
702 3629 1044 3699 ἀναπνέομεν
1068 3632 1146 3692 εἰς
1177 3630 1273 3701 τὴν
1303 3632 1405 3701 τῆς
1434 3633 1657 3705 καρδίας

72 3715 409 3787 ἀειαρρίπισιν
428 3737 443 3748 ·
481 3720 583 3771 καὶ
614 3718 786 3782 ὀξέως
810 3719 901 3771 καὶ
930 3721 1247 3791 ἀκρατήτως
1275 3728 1459 3793 χωρεῖ,
1492 3726 1657 3796 ἀορά-

74 3822 165 3869 τως
193 3810 287 3861 καί
316 3809 597 3880 κρυφίως,
631 3808 728 3860 καὶ
757 3808 1017 3875 ἇγνωστοί
1046 3812 1152 3863 είσι
1192 3812 1379 3866 τούτου
1410 3815 1466 3866 αί
1493 3814 1658 3885 ἀρχαὶ

77 3900 157 3951 καὶ
197 3902 255 3952 αἱ
281 3898 772 3971 ἁποπερατώσεις,
804 3898 984 3962 καθὼς
1014 3899 1287 3955 λέλεκται·
1327 3904 1393 3956 Τὸ
1424 3904 1658 3974 πνεῦμα

78 3990 215 4044 ὅπου
244 3992 403 4046 θέλει
434 3992 601 4054 πνεῖ,
636 3994 710 4045 οὐ
738 3991 848 4060 γὰρ
874 3992 1039 4058 οἶδας
1066 3995 1251 4048 πόθεν
1277 3996 1529 4062 ἔρχεται,
1560 3997 1659 4051 καὶ

80 4083 182 4134 ποῦ
222 4084 459 4153 ὑπάγει.
491 4084 689 4137 Ταῦτά
736 4085 873 4135 εἰσιν
910 4084 1113 4149 εἰκόνες
1147 4085 1314 4138 Θεοῦ·
1350 4090 1490 4140 κινεί
1525 4088 1660 4160 πρὸς

82 4178 355 4245 σωτηρίαν,
376 4178 647 4246 ζωογονεί
675 4178 817 4230 κατά
840 4194 900 4229 τε
929 4176 1087 4248 σῶμα
1116 4180 1209 4232 καὶ
1239 4180 1475 4252 πνεῦμα,
1495 4182 1659 4249 ὀξέως

81 4270 166 4319 καὶ
208 4269 539 4341 ἀκρατήτως
588 4273 796 4341 χωρεῖ·
846 4270 904 4323 ἓν
947 4272 1347 4344 ἀποδιοπομπεί
1382 4276 1590 4339 τοῦτον,
1624 4278 1658 4347 ἡ

82 4364 269 4429 παχεῖα
317 4362 671 4432 συνείδησις·
724 4361 954 4431 κρύφιός
995 4363 1110 4416 ἐστι
1154 4365 1295 4419 κατά
1342 4366 1660 4421 τό·Ἔθετο

1759 3158 1825 3208 ad
1846 3155 1911 3210 iis
1940 3154 2356 3226 providendum.
2383 3153 2575 3208 Posset
2598 3152 2764 3208 etiam
2793 3154 2916 3222 quis
2943 3155 3145 3220 dicere,
3172 3153 3334 3225 146

1757 3250 2087 3323 ejuscemodi
2120 3258 2411 3306 ventorum
2461 3262 2657 3303 nomen
2688 3246 2976 3323 declarare
2999 3263 3185 3302 eorum
3220 3250 3334 3301 dei-

1760 3322 2095 3397 lormitatem
2126 3383 2144 3409 ,
2203 3341 2471 3411 siquidem
2521 3352 2576 3395 et
2622 3341 2696 3394 illi
2748 3322 2961 3395 divinm
2996 3340 3335 3395 eﬂicacitatis

1760 3434 2024 3504 imagines
2056 3432 2304 3504 quaedam
2335 3434 2545 3499 insunt,
2574 3432 2723 3486 sicut
2765 3434 2815 3485 in
2848 3432 2955 3485 alio
2981 3447 3165 3502 Opere,
3192 3435 3335 3501 quod

1760 3527 1917 3581 hodie
1960 3542 2066 3579 non
2112 3535 2315 3601 exstat,
2366 3527 2570 3594 scripto
2617 3526 2861 3580 tradidit.
2899 3528 3081 3595 Atque
3128 3525 3218 3580 hic
3262 3526 3339 3579 ait

1764 3618 2019 3687 spiritum
2045 3633 2265 3671 movere
2291 3628 2347 3670 et
2373 3618 2649 3671 viviﬁcare
2675 3634 2691 3672 :
2722 3618 2989 3686 siquidem
3022 3618 3123 3670 hoc
3152 3631 3335 3669 aerem

1757 3710 2029 3780 spiramus
2057 3709 2124 3761 ad
2167 3723 2263 3763 cor
2298 3705 2713 3763 reiocillandum
2743 3728 2758 3765 :
2792 3718 2846 3763 et
2881 3709 3134 3763 celeriter
3157 3719 3211 3763 et
3242 3708 3332 3763 in—

1759 3802 2099 3856 continenter
2133 3810 2186 3854 et
2217 3800 2562 3855 invisibiliter
2593 3811 2649 3855 et
2688 3799 2901 3856 occulte
2948 3800 3165 3865 transit,
3190 3801 3337 3869 ejus-

1758 3909 1863 3963 que
1894 3894 2158 3964 principia
2200 3908 2264 3947 ac
2312 3894 2528 3947 termini
2582 3894 2804 3946 minime
2835 3902 3155 3957 noscuntur,
3196 3892 3338 3944 sicut

1758 3992 1960 4045 dictum
1984 3998 2067 4043 est
2098 4006 2113 4042 :
2150 3988 2385 4055 Spiritus
2429 3989 2519 4039 ubi
2551 3988 2658 4041 vult
2688 3989 2881 4055 spirat,
2912 3996 2962 4040 et
3002 3987 3168 4038 nescis
3196 3986 3338 4038 unde

1758 4085 1955 4147 veniat,
1984 4094 2073 4135 aut
2106 4098 2208 4152 quo
2226 4081 2448 4134 vadata.
2477 4078 2569 4133 Ha:
2597 4088 2725 4134 sunt
2754 4079 3017 4149 imagines
3057 4078 3148 4131 Dei
3172 4094 3186 4142 ;
3221 4092 3339 4131 mo-

1758 4184 1850 4229 vet
1883 4175 1948 4228 ad
1974 4173 2226 4241 salutem,
2256 4172 2493 4226 viviﬁeat
2523 4171 2823 4226 secundum
2853 4186 3051 4241 corpus
3084 4179 3140 4224 et
3171 4171 3325 4239 spiri-

1764 4278 1898 4333 tum,
1929 4266 2038 4322 cito
2084 4275 2141 4321 et
2186 4266 2594 4320 incontinenter
2636 4273 2929 4333 penetrat;
2984 4279 3149 4316 unum
3193 4266 3337 4334 quod

1761 4375 1885 4415 eum
1916 4368 2021 4412 non
2054 4358 2318 4423 admittit,
2348 4368 2433 4413 est
2477 4374 2659 4413 crassa
2688 4357 3024 4412 conscientia
3050 4373 3066 4421 ;
3093 4359 3342 4412 occultus

84 4452 286 4518 σκότος
308 4451 689 4521 ἀποκρυφὴν
713 4452 897 4507 αὑτοῦ
918 4470 932 4483 ·
970 4454 1199 4526 ἀόρατός
1222 4466 1308 4522 τε,
1335 4460 1430 4513 κα)⁸
1460 4460 1661 4513 ἀκατά-

1795 4451 2051 4519 st,juxta
2095 4450 2223 4506 illttd
2260 4471 2273 4507 :
2314 4450 2503 4505 Posuit
2549 4450 2792 4505 tenebras
2823 4449 3099 4501 latibulum
3122 4467 3274 4503 suum
3294 4460 3340 4515 P;

87 4539 270 4610 ληπτός
295 4546 390 4597 καὶ
420 4544 619 4607 ἀΐδιος.

148 4635 507 4706 Περιπλάττει
550 4637 651 4688 καὶ
682 4636 910 4708 νεφέλης
941 4637 1083 4691 ἰδέαν
1110 4641 1143 4709 ή
1178 4639 1299 4712 ἱερά
1330 4641 1520 4714 Γραφὴ
1548 4645 1661 4707 τοῖς

88 4726 337 4794 ἀγγέλοις,
368 4729 521 4784 κατά
566 4728 662 4781 τό·
713 4727 826 4781 Καὶ
864 4728 1088 4797 νεφέλη
1130 4731 1433 4785 ὑπέλαϐεν
1474 4732 1662 4786 αὐτὸν

90 4813 195 4867 ἀπὸ
229 4818 341 4872 τῶν
379 4815 721 4888 ὀφθαλμῶν
747 4816 963 4873 αὐτῶν.
1003 4819 1266 4889 Σημαίνει
1301 4821 1378 4883 δὲ,
1405 4822 1486 4875 ὅτι
1526 4840 1664 4894 κρυ-ι

92 4907 205 4972 φίου
239 4912 329 4964 καὶ
365 4911 520 4964 θείου
554 4907 737 4978 φωτὸς
764 4908 1228 4983 ἀποπληροῦνται,
1259 4913 1354 4966 καὶ⁵
1379 4914 1480 4986 τὴν
1509 4931 1663 4985 πρω-

306 5002 403 5055 τοῦ
434 5002 577 5055 Θεοῦ
610 5002 983 5072 φωτοφάνειαν
1011 5002 1257 5073 δέχονται
1276 5020 1291 5035 ·
1323 5005 1424 5058 οὐκ
1451 5005 1661 5076 ἐκπέμ-

94 5102 234 5143 πουσι
256 5093 312 5146 δὲ
337 5094 550 5165 ταύτην
567 5092 964 5163 (ἀναπόϐλητον
990 5092 1098 5164 γὰρ
1122 5095 1180 5146 ὲν
1201 5094 1396 5165 νεφέλῃ
1418 5094 1478 5147 τὸ
1500 5094 1662 5166 φῶς),

98 5182 214 5235 ἀλλά
235 5186 702 5258 διαπορθμεύουσι
735 5184 871 5257 πρὸς
896 5185 966 5239 τά
998 5185 1245 5259 δεύτερα,
1266 5186 1342 5251 ὡς
1371 5188 1465 5240 καὶ¹
1489 5186 1664 5244 ταῦτα

103 5273 223 5343 ἐχειν
245 5281 344 5350 τὴν
368 5278 814 5352 πρωτοφάνειαν,
830 5279 925 5332 καὶ
950 5277 1129 5341 ἄλλοις
1169 5280 1665 5351 ὲϊειχορηγείν.Καὶ⁵

106 5364 196 5433 μὴν
218 5369 304 5421 καὶ
328 5369 509 5433 ἄλλως
534 5367 760 5438 νεφέλαι
796 5367 1064 5435 λέγονται,
1096 5368 1186 5421 διὰ
1211 5369 1273 5422 τὸ
1299 5370 1540 5440 γόνιμον,
1565 5369 1661 5422 καὶ

107 5452 355 5524 ξαοποιὺν,
384 5462 482 5515 καὶ⁸
520 5460 839 5531 αὐξητικὸν,
872 5464 967 5515 καὶ
1008 5462 1352 5518 τελειωτικὺν
1392 5462 1498 5515 τῶν
1528 5478 1665 5531 καρ-

107 5544 224 5609 πῶν,
248 5550 333 5604 διὰ
371 5553 481 5606 τῶν
519 5548 866 5622 ἐκχεομένων
893 5553 1002 5607 ἀπὸ
1028 5556 1137 5607 τῶν
1166 5554 1401 5624 νεφελῶν
1432 5554 1660 5616 ὑδάτων,

105 5634 199 5688 τῶν
222 5641 636 5715 ἐκκαλουμένων
676 5644 769 5697 ἐπὶ
808 5643 1044 5710 ζωτικὰς
1082 5646 1276 5709 ὠδῖνας
1306 5645 1396 5699 τὸν
1426 5644 1663 5714 ὲκδόχιον

1768 4543 2063 4599 invisibilis
2094 4556 2202 4609 est,
2238 4552 2293 4598 et
2326 4542 2893 4613 incomprehensibilis
2916 4551 2971 4597 et
2998 4551 3258 4597 aeternus.

1765 4660 1775 4697 ι
1839 4636 2009 4692 Sacra
2033 4651 2249 4706 quoque
2277 4634 2560 4707 Scriptura
2603 4633 2765 4688 nubis
2812 4634 3203 4704 proprietatem
3244 4649 3343 4689 an—

1766 4728 1902 4798 gelis
1930 4727 2119 4798 aﬁigit,
2148 4728 2303 4797 juxta
2333 4726 2463 4781 illud
2490 4743 2506 4781 :
2539 4724 2610 4779 Et
2648 4726 2811 4779 anim
2851 4726 3076 4793 suscepit
3109 4741 3227 4779 eum
3274 4725 3340 4778 ab

1767 4822 1936 4875 oculis
1959 4836 2141 4875 eorum
2163 4832 2210 4875 ι.
2242 4817 2528 4889 Signiﬁcat
2555 4828 2759 4881 autem,
2791 4831 2884 4872 eos
2926 4816 3137 4870 occulto
3162 4831 3226 4869 ac
3255 4818 3340 4871 di-

1766 4911 1897 4965 vino
1922 4909 2129 4965 lumine
2159 4909 2380 4980 repleri,
2410 4918 2579 4978 atque
2604 4907 2943 4978 primilucam
2972 4907 3064 4961 Dei
3096 4905 3339 4960 illustra-

1768 5002 1970 5058 tionem
2003 5002 2280 5073 accipere;
2312 5013 2499 5054 verum
2532 5000 2677 5055 banc
2706 5000 2930 5054 minime
2958 4997 3193 5067 produnt
3224 4995 3338 5066 (lux

1766 5095 1913 5150 enim
1939 5095 1992 5150 in
2023 5096 2171 5151 nube
2195 5108 2297 5148 non
2333 5092 2663 5163 amittitur),
2690 5095 2784 5147 sed
2812 5090 3199 5145 transfundam
3222 5104 3343 5145 eam

1767 5183 1833 5238 ad
1879 5184 2163 5252 inferiora,
2198 5195 2255 5238 ut
2296 5192 2352 5239 et
2384 5184 2498 5238 haec
2532 5184 2767 5252 primam
2797 5182 3212 5236 illustrationem
3245 5182 3344 5236 ba-

1766 5275 1953 5341 beant,
1981 5285 2148 5345 atque
2178 5276 2305 5330 aliis
2337 5275 2833 5346 impertianLQuin
2864 5284 2918 5328 et
2945 5274 3102 5327 aliter
3129 5287 3347 5342 quoque

1771 5367 1945 5425 nubes
1978 5368 2252 5431 dicuntur,
2287 5379 2512 5437 propter
2551 5370 2665 5422 vim
2711 5366 3059 5430 fecundandi,
3084 5373 3140 5419 et
3171 5364 3348 5417 viviti-

1771 5460 1954 5523 candi,
1980 5468 2035 5513 et
2064 5457 2323 5530 augendi,
2353 5474 2420 5515 ac
2450 5459 2764 5529 perﬁciendi
2798 5458 3006 5513 fructus
3037 5470 3133 5525 per
3174 5470 3349 5526 aquas

1771 5568 1892 5620 qua:
1917 5569 1947 5607 ο
1997 5553 2234 5608 nubibus
2267 5548 2573 5606 funduntur
2595 5596 2611 5619 ,
2641 5554 2841 5623 quibus
2880 5550 3136 5619 nimirum
3168 5548 3350 5618 subje-

1770 5654 1917 5699 ctum
1940 5656 2098 5701 terra:
2117 5643 2383 5715 gremium
2408 5643 2620 5715 piuvias
2642 5643 2916 5715 excipiens
2936 5642 3001 5699 ad
3018 5641 3209 5698 vitales
3230 5654 3350 5711 pro-

151 5826 171 5849 υ
228 5817 358 5878 Psal.
383 5825 588 5891 xxn,4.
670 5834 697 5874 ι»
730 5817 873 5881 Psal.
897 5826 1079 5893 cnt,3.
1112 5826 1323 5900 ‘than.
1358 5841 1416 5882 nt
1450 5866 1463 5893 ,
1497 5827 1549 5882 8.
1594 5838 1647 5905 ατ
1682 5826 1823 5884 Psal.
1900 5838 2007 5880 xvu
2032 5864 2047 5891 ,
2083 5824 2176 5881 12.
2258 5833 2279 5862 ι
2313 5821 2440 5880 Act.
2472 5821 2614 5895 1.,9.
