3722 6308
417 313 520 371 συθ

1546 305 1600 360 S.
1639 303 1936 360 DIONYSII
1973 301 2441 360 AREOI‘AGI'I'JE

3562 313 3661 369 360

415 436 613 485 vocant
637 423 1015 498 partitudines.
1049 419 1510 488 Quemadmodum
1549 422 1694 475 enim
1744 420 1915 476 nubes

2140 420 2301 482 ἱλπον,
2329 421 2429 490 τὴν
2468 422 2595 484 τοὺς
2629 421 2816 484 ὑετοὺς
2860 422 3265 492 ὑποδεχομένην
3301 419 3503 492 δηλαδὴ
3540 425 3657 495 γῆν.

415 522 553 577 mari
581 534 776 591 aquam
807 515 976 578 elicit,
1001 526 1058 571 et
1097 531 1259 584 supra
1305 525 1465 568 terra:
1498 514 1690 568 faciem
1728 511 1979 574 ell'undit,

411 616 563 685 juxta
594 613 737 683 quod
763 611 961 665 dicitur
991 628 1004 663 :
1042 608 1343 662 Provocaus
1365 624 1560 677 aquam
1594 607 1780 668 maris,
1803 605 1979 673 effun-

413 707 490 758 dit
514 721 628 758 eam
659 718 816 772 super
855 718 1057 755 omnem
1088 702 1276 770 [aciem
1308 711 1461 754 teme
1494 703 1535 764 ι;
1571 698 1650 752 sic.
1672 705 1727 751 et
1770 705 1980 750 ruentes

413 795 741 863 accipientes
790 793 1066 857 notitiam,
1100 793 1273 847 instar
1305 792 1530 845 nubium
1580 789 1634 844 in
1690 787 1978 843 inferiores

410 886 707 956 explicant.

467 1060 493 1131 §
531 1059 636 1112 VII.
677 1058 818 1124 Quin
847 1057 1011 1112 etiam
1057 1054 1399 1110 metallorum
1432 1068 1494 1108 ac
1519 1053 1758 1120 lapidum
1791 1051 1966 1106 nomi—

397 1167 466 1204 na
497 1151 704 1205 sanctis
738 1147 944 1218 angelis
971 1146 1257 1216 Scriptura
1290 1145 1503 1199 tribuit.
1540 1143 1812 1198 Electrum
1843 1142 1967 1211 qui-

395 1242 541 1306 dem,
570 1251 629 1295 ut
655 1241 798 1310 quod
827 1241 943 1293 auri
978 1239 1296 1309 argentique
1327 1237 1556 1291 formam
1591 1250 1701 1304 prrc
1733 1250 1792 1289 se
1822 1235 1965 1289 ferat

395 1335 746 1405 (ejuscemodi
775 1335 918 1388 enim
949 1334 1210 1388 electrum
1239 1332 1367 1398 est),
1406 1330 1559 1397 quasi
1608 1329 1661 1381 in
1706 1343 1840 1381 auro
1864 1327 1966 1379 im-

395 1429 702 1498 putribilem
736 1438 792 1483 et
820 1428 1255 1494 inconsumptum
1291 1434 1345 1478 et
1386 1422 1751 1478 inviolabilem
1784 1421 1966 1490 splen-

395 1524 580 1573 dorem
610 1524 864 1581 deuotat;
899 1517 1153 1587 quoniam
1189 1530 1380 1568 aurum
1411 1529 1514 1568 non
1547 1512 1834 1581 putrescit,
1867 1525 1965 1566 nec

394 1612 580 1666 sordes
606 1610 903 1677 contrahit,
942 1624 1041 1664 nec
1084 1609 1406 1678 rubiginem,
1439 1605 1671 1660 maxime
1704 1603 1757 1658 in
1789 1617 1963 1672 quan-

396 1711 505 1754 tum
545 1702 801 1774 obryzum
833 1710 934 1755 est.
967 1699 1078 1754 Etsi
1121 1711 1298 1754 autem
1339 1706 1620 1768 argentum
1665 1698 1962 1765 rubiginem

2089 512 2299 582 Ὥσπερ
2327 510 2436 582 γὰρ
2465 513 2498 580 ἡ
2528 511 2724 580 νεφέλη
2763 513 3152 584 προσκαλεῖται
3180 514 3280 584 τῆς
3307 513 3579 584 Θαλάσσης
3602 515 3662 567 τὸ

2086 603 2248 673 ὕδωρ,
2275 603 2369 655 καὶ
2391 605 2540 672 ἐκχεῖ
2565 604 2698 656 αὐτὸ
2724 606 2818 657 ἐπὶ
2845 605 3137 674 πρόσωπον
3161 604 3261 674 τῆς
3293 606 3419 676 γῆς,
3444 606 3580 658 κατὰ
3601 609 3661 660 τὸ

2083 694 2369 766 εἰρημένον
2391 711 2406 725 °
2447 695 2500 746 '0
2530 697 3063 763 προσκαλούμενος
3101 696 3166 748 τὸ
3220 694 3380 762 ὕδωρ
3425 693 3534 761 τῆς
3562 698 3659 748 θει-

2081 787 2342 854 λάσσης,
2378 784 2605 855 ἐκχέων
2635 787 2780 840 αὐτὸ
2813 787 2914 840 ἐπὶ
2945 786 3067 841 πᾶν
3097 787 3165 839 τὸ
3201 788 3528 854 πρόσωπον
3555 787 3661 854 τῆς

2081 879 2195 947 γῆς
2214 896 2227 908 ο
2258 879 2400 931 οὕτω
2445 880 2539 932 καὶ
2574 881 2623 931 οἱ
2654 879 2793 942 νόες,
2825 878 3100 950 δεχόμενοι
3128 879 3228 950 τὴν
3256 879 3480 946 γνῶσιν,
3510 896 3659 947 νεφε-

2081 970 2188 1024 λῶν
2211 970 2368 1041 δίκην
2398 971 2490 1024 ἐπὶ
2520 971 2646 1033 τοὺς
2676 971 3096 1041 ὑποδεεστέρους
3123 970 3377 1026 ἀπλοῦσι.

2150 1061 2178 1132 §
2206 1060 2317 1117 VII.
2359 1061 2670 1133 Περιτίθησι
2701 1063 2795 1114 καὶ
2831 1061 3104 1131 μετάλλων
3137 1063 3231 1114 καὶ
3261 1060 3426 1114 λίθων
3455 1076 3659 1132 προσω-

2081 1155 2280 1226 νυμίας
2305 1158 2418 1218 τοῖς
2446 1155 2694 1223 ἀγγέλοις
2724 1155 2756 1224 ή
2783 1154 2904 1224 ἱερὰ
2922 1154 3130 1225 Γραφή.
3150 1155 3223 1205 Τὸ
3241 1153 3507 1225 ῆλεκτρον
3542 1155 3654 1224 μὲν,

2079 1245 2155 1309 ὡς
2181 1246 2488 1317 χρυσοειδὲς
2520 1245 2636 1314 ἅμα
2677 1246 2770 1297 καὶ
2803 1244 3148 1316 ἀργυροειδές
3185 1243 3467 1314 (τοιοῦτον
3493 1243 3601 1314 γὰρ
3630 1245 3658 1295 6

2081 1337 2392 1410 ἡλεκτρος),
2422 1338 2484 1390 τὸ
2512 1339 2608 1408 μὲν
2639 1339 2828 1391 τούτου
2859 1337 3164 1409 χρυσαυγὲς
3194 1335 3449 1406 ἐμφαίνει
3477 1336 3576 1407 τὴν
3602 1337 3657 1388 ἐν

2079 1429 2282 1491 αὐτοῖς,
2327 1429 2403 1492 ὡς
2453 1430 2510 1481 ὲν
2557 1429 2763 1499 χρυσῷ,
2805 1431 3045 1499 ἄσηπτον
3097 1429 3191 1480 καὶ
3243 1425 3518 1496 ἀμείωτον
3567 1425 3657 1478 καὶ

2079 1520 2344 1590 ἄχραντον
2370 1519 2649 1588 διαύγειαν
2672 1537 2686 1550 ο
2717 1520 2778 1572 οὐ
2821 1519 2930 1591 γὰρ
2971 1522 3197 1591 σήπεται
3223 1520 3252 1570 6
3282 1516 3507 1588 χρυσὸς,
3540 1517 3658 1569 οὐδὲ

2079 1611 2191 1682 ἔχει
2221 1611 2408 1683 ῥύπον,
2441 1611 2561 1664 οὐδὲ
2593 1612 2785 1674 ἰοῦται,
2817 1615 2910 1666 καὶ
2944 1611 3142 1682 μᾶλλον
3172 1613 3295 1664 ὅσον
3328 1610 3426 1663 καὶ
3449 1607 3658 1678 εὖριζός

2077 1705 2246 1763 ἐστιν.
2274 1706 2336 1757 Ei
2365 1705 2420 1758 δὲ
2449 1705 2478 1756 6
2499 1705 2734 1776 ἄργυρος
2774 1705 2866 1757 τὸν
2908 1706 2985 1758 ίὸν
3013 1705 3243 1774 δέχεται,
3276 1701 3392 1754 ἀλλ’
3421 1697 3516 1754 οὖν
3546 1702 3655 1753 ἔστι

393 1794 666 1859 admittat,
699 1794 823 1846 licet
877 1802 1054 1845 tamen
1101 1791 1399 1845 secundum
1450 1792 1611 1846 aliam
1661 1804 1932 1861 auagogcu

2140 1793 2194 1847 ιϐ’
2211 1795 2402 1866 ἑτέραν
2431 1795 2719 1866 ἀναγωγὴν
2747 1793 2930 1846 λαϐεῖν
2953 1794 3012 1846 τὸ
3041 1794 3206 1862 φανὸν
3236 1792 3406 1844 αὐτοῦ
3429 1793 3526 1845 καὶ
3545 1791 3658 1843 λευ-

391 1880 509 1949 ejus
529 1882 784 1953 fulgorem
808 1898 871 1938 ac
886 1883 1175 1937 candorem
1204 1883 1456 1952 accipere
1484 1884 1534 1951 (a
1566 1897 1674 1952 quo
1691 1892 1746 1938 et
1766 1896 1962 1936 nomen

391 1984 675 2046 argentum
726 1975 969 2041 obtinet;
1003 1973 1170 2046 ἀργόν
1218 1975 1362 2029 enim
1408 1975 1548 2030 idem
1596 1976 1793 2030 dicitur
1821 1972 1965 2044 quod

388 2067 720 2139 candidum),
745 2077 798 2123 et
816 2068 956 2123 hunc
975 2068 1042 2122 ad
1076 2067 1329 2124 cmicstes
1351 2068 1577 2122 virtutes
1607 2066 1834 2121 referre.
1867 2066 1964 2121 .IEs

387 2171 517 2211 vero
557 2159 814 2220 quoniam
867 2158 1012 2213 aliud
1041 2158 1259 2228 quidem
1305 2158 1474 2228 ignis,
1503 2158 1652 2214 aliud
1687 2174 1815 2214 vero
1844 2161 1960 2214 auri

390 2249 626 2318 speciem
663 2267 775 2320 prae
800 2269 858 2307 se
891 2254 1015 2318 l'ert,
1039 2255 1264 2327 147m
1297 2255 1440 2324 (ιιιοά
1467 2255 1682 2324 igneum
1709 2255 1777 2308 ad
1805 2252 1968 2325 ignis,

390 2341 442 2397 id
475 2347 619 2414 quod
659 2362 883 2400 aureum
923 2347 987 2399 ad
1026 2353 1143 2400 auri
1180 2348 1543 2416 proprietates
1568 2347 1862 2402 referatur.

479 2429 651 2482 I’orro
674 2431 872 2483 diversi
901 2430 1134 2500 lapidum
1164 2435 1375 2488 colores
1403 2435 1646 2490 diversas
1671 2438 1833 2490 etiam
1862 2452 1961 2492 ex-

395 2515 722 2584 plicationes
766 2519 964 2574 habent
998 2538 1012 2574 :
1049 2537 1172 2575 nam
1205 2523 1361 2577 albus
1406 2525 1642 2579 lttcidum
1674 2527 1968 2597 signiﬁcat,

398 2607 564 2660 ruber
602 2607 842 2678 igneum,
868 2609 1040 2665 ﬂavus
1071 2626 1202 2666 vero
1233 2628 1484 2679 aureum,
1512 2618 1578 2671 de
1607 2619 1806 2687 quibus
1843 2629 1969 2675 ante

399 2699 603 2754 dictum
659 2710 744 2754 est
781 2717 793 2754 :
829 2717 1066 2757 vernans
1116 2719 1249 2760 vero
1298 2708 1411 2762 sive
1458 2709 1690 2774 viridis,
1730 2711 1969 2781 juvenile

393 2791 523 2860 quid
553 2807 615 2847 ac
643 2791 979 2862 vigorosum.
1026 2794 1178 2849 Unde
1209 2806 1388 2852 autem
1421 2797 1560 2853 hoc?
1590 2815 1618 2853 a
1652 2803 1964 2871 metaphora

393 2882 650 2937 nimirum
690 2884 946 2937 arborum
980 2885 1061 2939 vel
1113 2887 1419 2956 plantarum
1457 2907 1469 2942 :
1509 2890 1628 2944 nam
1682 2893 1762 2946 hac
1798 2908 1965 2947 verno

395 2979 639 3040 tempore
683 2973 1030 3042 pullulautes,
1062 2991 1126 3032 ac
1159 2994 1354 3032 novum
1412 2981 1807 3048 quodammodo
1848 2993 1962 3037 sla-

2073 1885 2169 1939 κὸν
2192 1886 2276 1956 (ἐκ
2303 1885 2492 1938 τούτου
2516 1884 2739 1956 γὰρκαὶ
2761 1885 2998 1956 ἄργυρος
3022 1883 3429 1954 ἐτυμολογεῖται
3451 1899 3466 1912 ·
3491 1881 3656 1954 ἀργὸν

2072 1975 2181 2049 γὰρ
2224 1975 2285 2029 τὸ
2322 1976 2512 2028 λευκὸν
2545 1974 2802 2047 λέγεται)
2829 1974 3104 2028 καὶτοῦτο
3129 1974 3321 2040 ἀνάξαι
3383 1974 3523 2045 πρὸς
3558 1975 3655 2036 τὰς

2071 2067 2326 2138 οὐρανίας
2351 2066 2625 2138 δυνάμεις.
2643 2066 2700 2118 ὐ
2731 2066 2787 2119 δὲ
2815 2066 3030 2136 χαλκὸς,
3064 2066 3184 2118 ἐπεὶ
3211 2065 3241 2116 6
3272 2064 3372 2134 μὲν
3400 2062 3655 2135 πυρώδης

2072 2158 2239 2219 ἐστὶν,
2276 2159 2305 2210 6
2346 2157 2403 2210 δὲ
2445 2157 2781 2229 χρυσοειδὴς,
2804 2155 2880 2219 ὡς
2920 2155 3017 2227 μὲν
3059 2154 3318 2226 πυρώδης
3342 2155 3651 2223 ἀναγέσθω,

2071 2248 2211 2302 κατά
2239 2247 2339 2312 τὰς
2361 2248 2457 2301 τοῦ
2487 2249 2656 2319 πυρὸς
2688 2247 2940 2318 θεωρίας,
2967 2248 3042 2312 ὠς
3069 2247 3125 2301 δὲ
3153 2247 3499 2318 χρυσοειδὴς,
3514 2248 3652 2300 κατά

2071 2339 2170 2403 τὰς
2203 2339 2298 2392 τοῦ
2327 2339 2549 2410 χρυσοῦ.

2144 2429 2226 2481 Τἀ
2253 2429 2311 2482 δὲ
2345 2429 2574 2500 διάφορα
2599 2428 2708 2482 τῶν
2735 2429 2896 2483 λίθων
2925 2429 3194 2501 χρώματα
3222 2427 3521 2500 διαφόρους
3554 2431 3654 2481 καὶ

2068 2520 2167 2584 τάς
2196 2522 2452 2591 ὲκφάσεις
2496 2523 2710 2592 τίθησιο
2748 2523 2809 2576 τὸ
2842 2522 2941 2593 μὲν
2969 2522 3078 2593 γὰρ
3123 2522 3314 2576 λευκὸν
3345 2522 3408 2574 τὸ
3452 2540 3650 2592 φωτει-

2068 2612 2157 2665 νὸν
2177 2611 2356 2681 δηλοῖ·
2389 2613 2450 2665 τὸ
2486 2613 2544 2665 δὲ
2575 2613 2806 2684 ἐρυθρὸν
2834 2614 2894 2666 τὸ
2920 2613 3168 2683 πυρῶδες
3191 2629 3205 2643 ο
3243 2614 3306 2666 τὸ
3353 2614 3412 2666 δὲ
3461 2613 3650 2679 ξανθὸν

2066 2704 2126 2756 τὸ
2161 2704 2491 2774 χρυσοειδὲς,
2521 2704 2650 2775 περὶ
2677 2698 2753 2756 ὧν
2790 2705 3147 2776 προείρηται·
3199 2705 3260 2757 τὸ
3304 2704 3366 2756 δὲ
3414 2704 3648 2775 χλωρὸν.

2067 2794 2234 2864 ἤγουν
2261 2793 2320 2846 τὸ
2357 2795 2638 2864 πράσινον,
2676 2795 2736 2848 τὸ
2765 2795 2952 2858 νεάζον
2982 2796 3076 2847 καὶ
3103 2795 3357 2864 ἀκμαῖον.
3391 2793 3564 2846 Τοῦτο
3591 2794 3649 2846 δὲ

2063 2885 2152 2939 διὰ
2195 2886 2280 2951 τίς
2333 2886 2441 2939 ἀπὸ
2477 2887 2790 2957 μεταφορᾶς
2831 2886 2941 2938 τῶν
2972 2885 3202 2957 δένδρων
3227 2886 3261 2956 ἢ
3291 2885 3402 2938 τῶν
3432 2887 3647 2954 φυτῶνο

2064 2976 2206 3030 κατά
2249 2976 2358 3048 γὰρ
2404 2978 2496 3029 τὸν
2550 2976 2762 3047 ὲαρινὺν
2813 2977 3005 3048 καιρὸν
3049 2976 3369 3046 ἀκμάζοντα
3414 2993 3514 3029 και
3571 2978 3649 3039 εἰς

394 3073 503 3118 tum
537 3066 844 3133 induentes,
877 3067 1088 3137 ﬂorent,
1126 3081 1179 3125 et
1212 3073 1407 3127 viridia
1439 3073 1560 3128 folia
1591 3075 1786 3130 habent
1814 3093 1828 3130 :
1860 3080 1932 3131 ho

2140 3086 2187 3122 ιν
2225 3069 2557 3122 κατάστασιν
2585 3065 2694 3123 οἷον
2723 3070 2992 3140 ἐρχόμενα
3022 3067 3204 3139 χλωρά
3224 3070 3355 3131 εἰσι,
3382 3069 3481 3122 καὶ
3509 3071 3650 3139 πρά-

389 3155 535 3208 euim
564 3165 648 3210 est
676 3173 935 3225 vernum;
974 3161 1026 3214 in
1065 3170 1324 3216 autumno
1365 3174 1544 3218 autem
1583 3165 1732 3230 folia,
1777 3178 1959 3237 utpote

390 3249 768 3313 senescentia,
815 3252 1102 3320 quemdam
1156 3253 1319 3308 alium
1370 3256 1603 3310 colorem
1653 3269 1954 3315 assumunt.

389 3338 566 3406 Atque
591 3339 664 3393 ila
684 3343 983 3396 secundum
1011 3359 1446 3416 unamquamque
1468 3349 1723 3418 Speciem,
1743 3352 1955 3407 obviam

389 3430 677 3496 quamdam
707 3447 1004 3504 anagogcm
1035 3438 1304 3507 reperies,
1337 3455 1500 3508 quam
1548 3441 1844 3512 imaginum
1892 3461 1958 3502 ac

385 3518 680 3588 ﬁgurarum
710 3527 1142 3594 repurgationem
1179 3530 1444 3586 nominat.

461 3610 488 3684 ς
529 3610 665 3666 VIII.
707 3612 812 3668 Sed
859 3618 1115 3684 quoniam
1150 3619 1217 3673 de
1245 3621 1478 3675 humana
1511 3624 1740 3692 primum
1779 3627 1951 3685 forma

385 3698 550 3754 locuti
581 3716 792 3766 sumus,
823 3705 1105 3761 veniamus
1149 3708 1308 3762 modo
1336 3709 1501 3766 etiam
1547 3713 1615 3766 ad
1659 3715 1950 3771 formarum

386 3790 683 3846 ferinarum
720 3795 1163 3864 explicationem.
1192 3799 1271 3854 Ac
1299 3801 1532 3870 primum
1562 3805 1777 3875 quidem
1808 3808 1950 3864 illam

385 3882 556 3938 leonis
598 3885 1066 3957 contemplemur:
1098 3897 1182 3944 est
1227 3892 1370 3946 enim
1403 3892 1486 3948 leo
1519 3895 1752 3952 ferarum
1801 3902 1921 3969 prin

383 3990 534 4046 ceps,
563 3991 628 4032 ac
659 3991 757 4046 per
777 3993 836 4033 se
865 3981 1142 4046 robustus,
1169 3992 1224 4038 et
1245 3985 1314 4040 ab
1348 3985 1470 4041 aliis
1497 3988 1858 4057 indomabilis,
1889 4009 1952 4052 ac

381 4071 578 4136 pedum
625 4083 844 4124 suorum
877 4073 1102 4143 vestigia
1125 4075 1214 4129 διὰ
1240 4077 1342 4148 τῆς
1375 4078 1626 4147 ἀλκαίας,
1666 4082 1720 4137 id
1749 4094 1830 4138 est
1853 4101 1949 4153 per

388 4163 616 4215 caudam
635 4179 787 4217 suam
819 4161 1280 4231 οῢὶθείιιάλκαία
1318 4177 1499 4224 autem
1531 4182 1754 4226 vocatur
1779 4173 1950 4230 leonis

380 4249 576 4316 cauda,
607 4251 751 4317 quod
787 4264 850 4305 ea
885 4251 1058 4307 latera
1088 4270 1183 4308 sua
1212 4259 1528 4314 concutiens
1553 4262 1950 4329 quodammodo

380 4353 479 4392 cor
513 4341 715 4395 excitet.
757 4342 822 4395 ad
871 4359 933 4400 ea
978 4359 1099 4413 quae
1148 4349 1507 4406 circumstant
1554 4353 1944 4428 convellenda).

2065 3179 2186 3215 σινα
2213 3162 2284 3214 τά
2311 3162 2484 3231 φύλλα
2533 3162 2712 3232 ἔχουσι
2736 3180 2749 3192 ·
2799 3161 2957 3214 τοῦτο
2985 3163 3092 3233 γάρ
3131 3163 3244 3214 ἐστι
3287 3163 3352 3214 τὸ
3396 3160 3644 3232 χλωρόν·

2060 3252 2203 3306 κατὰ
2245 3253 2302 3306 δὲ
2343 3252 2405 3306 τὸ
2447 3252 2788 3324 φθινόπωρον
2835 3251 3050 3305 ἀλλοίαν
3095 3251 3283 3323 χροιὰν
3333 3251 3404 3304 τὰ
3447 3251 3645 3320 φύλλα,

2057 3344 2132 3408 ὡς
2165 3343 2458 3416 γηρώντων
2483 3343 2683 3396 ὡσανεὶ
2707 3343 2952 3407 ἐκείνων,
2980 3343 3337 3414 λαμϐάνουσι.
3380 3343 3496 3396 Καὶ
3521 3343 3646 3395 καθ’

2057 3436 2284 3489 ἕκαστον
2309 3431 2448 3498 εἶδος
2478 3434 2732 3506 εὑρήσεις
2759 3435 2860 3506 τὴν
2889 3435 3195 3506 πρόσφορον
3222 3434 3544 3505 ἀναγωγὴν,
3583 3436 3647 3505 ἢν

2056 3525 2152 3577 καὶ
2173 3524 2396 3576 εἰκόνων
2421 3525 2514 3576 καὶ
2533 3521 2718 3576 τύπων
2749 3523 3118 3595 ἀνακάθαρσιν
3141 3523 3424 3594 ὀνομάζει.

2128 3612 2158 3686 §
2218 3611 2350 3667 VIII.
2415 3612 2552 3664 Ἀλλ’
2603 3612 2788 3683 ἐπειδὴ
2839 3614 2966 3684 περὶ
3013 3612 3108 3665 τοῦ
3161 3613 3644 3686 ἀνθρωπομόρφου

2057 3706 2270 3778 πρῶτον
2308 3705 2556 3776 εἴπομεν,
2584 3704 2824 3775 ἔλθωμεν
2869 3704 2967 3775 ήδη
3007 3705 3100 3758 καὶ
3143 3704 3235 3757 ἐπὶ
3273 3705 3376 3775 τὴν
3406 3705 3511 3775 τῆς
3547 3708 3643 3778 θη-

2057 3799 2379 3871 ριομορφίας
2424 3797 2739 3863 ἀνάπτυξιν.
2779 3799 2889 3851 Καὶ
2924 3797 3139 3869 πρῶτον
3175 3797 3273 3868 τὴν
3297 3799 3396 3852 τοῦ
3427 3799 3643 3863 λέοντος

2056 3889 2441 3961 θεωρήσομεν·
2477 3888 2592 3941 ἔστι
2635 3887 2744 3959 γὰρ
2770 3889 2799 3940 6
2826 3887 2964 3942 λέων
3005 3889 3336 3958 ἡγεμονικὸν
3386 3893 3481 3945 καὶ
3538 3896 3644 3963 ῥω-

2057 3982 2251 4053 μαλέον
2282 3981 2403 4034 καθ’
2432 3980 2612 4043 ἑαυτὸ,
2637 3981 2732 4032 καὶ
2764 3977 2872 4032 ἀπὸ
2915 3979 3026 4032 τῶν
3067 3979 3242 4033 ἄλλων
3289 3981 3637 4052 ἀδάμαστον·

2053 4074 2146 4127 καὶ
2193 4071 2584 4143 περικαλύπτει
2631 4071 2700 4124 τά
2735 4070 2847 4124 τῶν
2888 4071 3064 4124 ποδῶν
3108 4072 3251 4142 ἴχνη,
3281 4072 3374 4125 διὰ
3401 4072 3504 4142 τῆς
3542 4074 3641 4125 ἀλ-

2052 4167 2210 4229 καίας
2239 4164 2423 4226 αὑτοῦ,
2454 4161 2697 4234 δηλονότι
2733 4163 2832 4233 τῆς
2868 4162 3036 4234 οὐρᾶς
3079 4162 3300 4234 (ἀλκαία
3333 4164 3392 4217 δὲ
3431 4164 3638 4235 ἐκλήθη

2052 4259 2086 4329 ή
2132 4257 2226 4311 τοῦ
2264 4257 2475 4319 λέοντος
2521 4255 2678 4327 οὐρὰ,
2737 4255 2904 4318 διότι,
2949 4255 3009 4308 ὲν
3057 4255 3195 4326 αὐτῇ
3241 4255 3344 4320 τὰς
3391 4257 3639 4328 πλευρὰς

2053 4346 2414 4418 περικρούων,
2445 4346 2544 4416 τὴν
2579 4345 2806 4417 καρδίαν
2835 4341 2945 4399 οἷον
2975 4345 3195 4413 ὲξυπνοῖ
3217 4347 3312 4399 καὶ
3334 4345 3636 4411 ἀναζωπυ-

379 4429 497 4486 Non
540 4433 867 4501 exprimitur
905 4446 1084 4492 autem
1119 4454 1339 4510 gressus
1364 4442 1483 4512 ejus
1513 4441 1566 4496 in
1602 4451 1746 4499 terra
1795 4463 1932 4504 more

2161 4436 2299 4508 πρὸς
2336 4437 2435 4508 τὴν
2475 4437 2584 4489 τῶν
2630 4436 3020 4508 ἐπιτιθεμένων
3067 4437 3440 4509 ἀνασὸὅησιν).
3473 4440 3636 4492 Ἐστι

377 4533 696 4577 cancrorum
724 4525 1058 4592 animalium,
1081 4544 1181 4584 nec
1199 4540 1396 4586 terram
1435 4547 1607 4602 eaque
1647 4551 1767 4604 qua:
1796 4539 1932 4594 humi

2140 4530 2228 4582 καὶ
2256 4531 2288 4600 ἡ
2321 4531 2514 4601 πορεία
2549 4531 2738 4584 τούτου
2775 4527 3073 4597 ἀνατατικὴ
3093 4567 3107 4590 ,
3133 4529 3192 4581 οὐ
3225 4530 3371 4582 κατά
3397 4530 3469 4583 τὰ
3495 4531 3636 4584 ἄλλα

377 4619 506 4666 sunt
538 4622 769 4683 spectat.
805 4617 901 4672 Est
928 4626 985 4673 et
1009 4619 1064 4672 in
1097 4620 1308 4690 angelis
1336 4635 1468 4676 suus
1503 4623 1837 4695 principatus
1884 4643 1932 4681 at

2140 4639 2185 4684 κ,
2216 4621 2350 4691 πρὸς
2378 4623 2481 4692 γῆν
2509 4622 2604 4674 καὶ
2626 4620 2696 4673 τά
2718 4620 2844 4692 περὶ
2873 4619 2976 4688 γῆν
3006 4618 3315 4688 βλέποντος.
3345 4620 3508 4672 Ἔστι
3539 4621 3632 4672 καὶ

376 4701 543 4756 robur
584 4703 652 4757 ad
694 4719 813 4774 qua:
857 4718 1228 4775 assumuntur,
1274 4721 1330 4766 et
1362 4713 1526 4769 rebus
1575 4715 1932 4772 materialibus

2158 4714 2268 4774 τοῖς
2318 4712 2568 4779 ἀγγέλοις
2622 4710 2883 4782 ἡγεμονία
2934 4710 3027 4762 καὶ
3087 4711 3444 4783 ῥωμαλεότης
3490 4712 3631 4782 πρὸς

373 4805 535 4865 atque
564 4800 808 4854 externis
838 4803 1082 4858 edomari
1117 4815 1414 4873 nequeunt.
1447 4805 1513 4861 Et
1537 4807 1662 4876 quia
1699 4807 1828 4862 illud
1862 4810 1944 4863 di-

370 4889 556 4943 'vinum
585 4905 844 4945 arcanum
879 4893 1150 4949 inell‘abile
1189 4909 1311 4950 esse
1351 4897 1532 4963 debet,
1574 4899 1850 4953 occultant
1893 4907 1946 4954 et

374 4980 475 5050 ipsi
516 4995 743 5049 prorsus
773 4984 1040 5053 spiritalia
1091 5002 1191 5042 sua
1224 4987 1448 5057 vestigia
1493 4991 1558 5043 ad
1589 4991 1941 5046 imitationem

372 5073 502 5135 Dei,
527 5071 683 5140 iuxta
727 5076 870 5144 quod
899 5078 966 5130 de
1001 5077 1109 5133 Deo
1152 5079 1396 5134 dicitur:
1439 5077 1505 5133 In
1533 5081 1671 5134 mari
1705 5083 1789 5135 via
1825 5093 1940 5147 tua,

369 5167 420 5212 et
447 5163 648 5216 semita
678 5171 786 5217 tua:
825 5168 881 5218 in
923 5165 1077 5234 aquis
1120 5168 1323 5232 multis,
1359 5178 1412 5221 et
1439 5169 1652 5238 vestigia
1698 5180 1790 5224 tua
1837 5188 1939 5225 non

229 5257 256 5280 θ
368 5264 814 5321 cognoscentur“.
847 5255 1318 5322 Quemadmodum
1363 5258 1511 5313 enim
1558 5260 1641 5313 via
1686 5261 1739 5315 in
1781 5263 1938 5332 aquis

368 5356 475 5395 non
506 5353 778 5411 servatur,
806 5361 981 5416 neque
1004 5349 1228 5420 vestigia
1255 5349 1428 5405 leonis
1448 5362 1742 5407 venatores
1769 5353 1938 5410 latere

368 5433 658 5502 cupientis,
692 5439 771 5492 sic
805 5454 982 5509 neque
1021 5439 1138 5496 Dei.
1188 5441 1247 5495 Si
1297 5441 1484 5511 itaque
1529 5444 1603 5510 id,
1652 5445 1795 5514 quod
1839 5461 1938 5516 per

367 5531 686 5591 expressum
704 5541 947 5596 gressum
971 5529 1165 5584 divinae
1186 5537 1396 5586 ruentes
1417 5532 1734 5602 suscipiunt,
1759 5535 1936 5592 denuo

523 5697 544 5735 ⁸
567 5699 748 5755 Amos.
779 5718 810 5758 v
835 5741 847 5769 ,
877 5703 930 5759 8.
1007 5713 1034 5740 υ
1068 5689 1404 5762 ΡεεΙ.ἰ.κκγι
1429 5747 1442 5772 ,
1472 5706 1561 5762 20.

2049 4801 2193 4872 ἆπερ
2228 4802 2613 4872 ὑποδέχονται,
2658 4803 2756 4854 καὶ
2782 4801 3080 4871 ἀδάμαστοι
3117 4803 3224 4854 εἰσι
3262 4807 3380 4867 τοῖς
3423 4803 3629 4867 ὑλικοῖς

2043 4909 2104 4945 τε
2147 4895 2242 4946 καὶ⁹
2271 4893 2492 4959 ἔξωθεν.
2521 4895 2631 4947 Καὶ
2669 4893 2856 4964 ἐπειδὴ
2891 4892 2952 4945 τὸ
2980 4893 3219 4965 ἄρρητον
3259 4895 3292 4965 ἡ
3335 4894 3458 4948 θεῖα
3494 4913 3628 4966 κρυ-

2047 4987 2238 5059 φιὸτης
2275 4986 2480 5056 ὀφείλει
2523 4985 2688 5056 ἔχειν,
2739 4985 3200 5058 περικαλύπτουσι
3243 4987 3341 5039 καὶ
3369 4982 3516 5041 οὗτοι
3557 4988 3630 5040 τὰ

2042 5077 2205 5149 νοερά
2234 5077 2354 5148 ἴχνη
2393 5077 2738 5149 θεομιμήτως
2785 5079 3038 5140 πάντως,
3086 5077 3210 5129 καθ’
3243 5077 3272 5129 ὃ
3315 5079 3445 5149 περὶ
3484 5077 3624 5131 Θεοῦ

2042 5168 2256 5240 εἴρηται
2278 5185 2291 5198 °
2334 5170 2438 5223 Ἐν
2463 5169 2538 5238 τῇ
2565 5169 2846 5237 θαλάσσῃ
2873 5172 2910 5237 ἡ
2941 5168 3081 5234 ὁδός
3109 5185 3249 5232 σου,
3281 5171 3380 5223 καί
3412 5173 3469 5223 al
3498 5172 3622 5238 τρί-

2044 5262 2134 5314 ϐοι
2180 5277 2300 5314 σου
2329 5261 2400 5313 ἐν
2439 5261 2620 5314 ὕδασι
2660 5260 2941 5324 πολλοῖς,
2981 5261 3079 5312 καὶ
3111 5260 3186 5313 τὰ
3218 5261 3364 5329 ῑχνη
3391 5278 3510 5314 σου
3549 5263 3622 5313 οὐ

2043 5350 2517 5420 τνωσθήσονταε.
2547 5351 2760 5421 Ὥσπερ
2785 5349 2896 5421 γὰρ
2921 5348 3038 5412 ὁδὸς
3079 5349 3144 5402 ἐν
3187 5349 3374 5405 ὕδασιν
3412 5351 3473 5404 οὐ
3517 5349 3624 5402 σώ-

2044 5442 2191 5508 ζεται
2211 5483 2226 5509 ,
2261 5441 2386 5496 οὕτε
2415 5442 2538 5512 ἴχνη
2565 5442 2777 5506 λέοντος
2808 5441 3131 5512 βουλομένου
3173 5443 3458 5497 λανθάνειν
3491 5443 3620 5504 τοὺς

2043 5533 2348 5605 θηρευτὰς,
2383 5532 2554 5596 οὕτως
2581 5533 2700 5586 οὐδὲ
2745 5526 2901 5587 Θεοῦ.
2946 5534 3009 5585 Ei.
3052 5534 3184 5600 γοῦν
3225 5536 3366 5608 ὅπερ
3389 5534 3473 5589 διὰ
3518 5534 3617 5604 τῆς
