3734 6376
84 398 182 457 SOI

83 511 415 580 ἀνατατικῆς
459 508 684 581 πορείας
729 509 776 559 οἱ
815 506 950 559 θεῖοι
993 505 1112 568 νάες
1151 500 1662 572 καταλαμϐάνουσι,
1697 500 1742 557 Α

81 607 240 660 τοῦτο
271 603 430 657 πάλιν
463 599 925 670 περικαλύπτουσι
958 594 1236 667 μυστικῶς
1268 593 1361 646 καὶ
1391 590 1671 661 ἀνεκπόμ-

82 717 258 754 πευτα
312 692 626 765 διατηροῦσι
654 732 667 755 ,
727 690 777 742 τί
827 691 890 742 ἂν
940 689 1023 759 εἴη
1092 687 1302 748 τούτοις
1345 685 1408 738 τὸ
1467 683 1673 736 ἀκατά-

79 791 310 860 ληπτον,
343 789 434 839 καὶ
459 783 520 836 τὸ
545 783 650 836 τῶν
677 782 835 835 θείων
859 780 993 833 ὁδῶν
1019 778 1414 848 ἀνεξιχνίαστον
1441 793 1454 841 ;

164 882 230 934 Ἦ
258 879 315 933 δὲ
340 877 433 932 τοῦ
464 876 583 947 βοὸς
608 874 821 927 εἰκασία
849 872 956 926 τῶν
985 872 1228 940 ἀγγέλων
1247 869 1308 923 τὸ
1329 869 1546 940 ἰσχυρὸν
1579 868 1672 922 καὶ

75 975 320 1043 ἀκμαῖον
370 969 552 1041 δηλοῖ,
608 966 727 1020 καθ’
777 965 804 1017 ὃ
861 963 952 1017 κα⁴ι
1003 964 1129 1026 τους
1175 963 1393 1033 νοεροὺς
1431 960 1670 1025 αὔλακας

73 1059 391 1133 ἀρσενικῶς
410 1098 424 1122 ,
468 1057 546 1121 ὡς
573 1057 768 1120 εἰπεῖν,
803 1053 1179 1126 ἀνευρύνουσι,
1206 1052 1306 1116 τὰς
1336 1054 1538 1116 οἰκείας
1571 1053 1668 1123 δη-

71 1155 215 1225 λαδὴ
262 1151 535 1214 διανοίας,
579 1151 658 1212 είς
710 1147 975 1218 ὑποδοχὴν
1021 1147 1129 1200 τῶν
1171 1146 1533 1226 γονιμοποιῶν
1574 1146 1670 1199 καὶ

70 1245 246 1297 θείων
274 1241 496 1312 δμϐρων
518 1254 532 1270 ·
560 1237 630 1292 τὰ
652 1225 709 1290 δὲ
739 1237 944 1308 κέρατα
972 1234 1188 1307 δηλοῦσι
1213 1235 1274 1288 τὸ
1307 1235 1668 1307 φρουρητικὺν

71 1333 174 1386 καὶ
207 1333 519 1404 ἀκράτητον
538 1348 551 1360 ·
584 1329 944 1402 φρουροῦνται
971 1328 1081 1399 γὰρ
1109 1329 1156 1380 οἱ
1185 1327 1303 1398 βόες
1331 1327 1420 1380 διὰ
1440 1327 1665 1392 τούτων,

69 1425 171 1476 καὶ
203 1423 265 1475 τὸ
304 1420 456 1492 παρά
484 1419 592 1472 τῶν
618 1419 790 1472 ἀλλων
829 1419 1139 1489 ἀκράτητον
1168 1416 1369 1487 ἔχουσι.

141 1513 290 1583 Φέρε
317 1553 332 1576 ,
382 1511 477 1564 καὶ
509 1510 608 1582 τὴν
637 1509 732 1562 τοῦ
787 1509 945 1562 ἀετοῦ
997 1508 1180 1562 εἰκόνα
1221 1509 1548 1578 κατίδωμεν.
1596 1509 1669 1563 Τὸ

71 1603 363 1673 βασιλικὸν
398 1602 506 1674 γὰρ
542 1604 634 1656 καὶ
666 1601 926 1673 ὕψιφόρον
961 1600 1141 1670 ἔχουσι
1174 1600 1268 1653 καὶ
1311 1601 1359 1652 οἱ
1404 1599 1624 1669 ἄγγελοι
1650 1641 1664 1663 ,

69 1697 167 1749 καὶ
192 1695 257 1748 τὸ
285 1696 589 1766 ταχυπετὲς
619 1694 838 1767 ὁμοίιος.
872 1695 980 1747 Καὶ
1016 1692 1204 1765 ὥσπερ
1232 1694 1449 1757 ἐκεῖνοι,
1507 1691 1665 1764 ὑψόθι

68 1790 176 1859 τὴν
223 1789 424 1858 πτῆσιν
465 1787 814 1858 ποιούμενοι,
858 1787 997 1853 ὀξεῖς
1029 1789 1134 1840 είσι
1161 1787 1255 1840 καὶ
1285 1787 1541 1858 νηφαλέοι
1573 1787 1666 1840 καὶ

68 1881 377 1952 ὲντρεχεῖς,
405 1880 500 1932 καὶ
530 1879 826 1952 εὐμήχανοι
860 1881 940 1943 είς
975 1878 1036 1932 τὺ
1069 1879 1301 1951 θηρᾶσαι
1333 1881 1430 1952 τὴν
1457 1881 1663 1952 τροφὴν
1697 1889 1740 1942 Β

70 1971 238 2040 (ὅθεν
278 1970 404 2023 οὐδὲ
443 1970 635 2040 λέληθε
669 1970 893 2035 τούτους
921 1970 1013 2041 ὕψι
1049 1970 1380 2043 πετομένους
1425 1973 1520 2025 καὶ
1561 1971 1668 2026 ὑπὸ

67 2063 306 2133 Θάμνων
335 2062 708 2133 κρυπτόμενον
736 2061 904 2134 ζῶον)
925 2080 937 2092 ·
970 2062 1141 2126 οὕτως
1170 2065 1408 2116 κάκεῖνοι
1439 2063 1670 2117 τοιοῦτοί

68 2157 182 2208 εισι
211 2153 356 2227 πρὸς
379 2156 476 2226 τὴν
507 2156 718 2219 ἑαυτοῖς
745 2158 1124 2228 προσήκουσαν
1147 2157 1240 2210 καὶ
1263 2156 1413 2210 Θείαν
1440 2159 1665 2230 τροφήν.

71 2246 228 2315 Πλὴν
261 2240 410 2298 οὗτοι
454 2245 552 2315 μὲν
594 2244 837 2298 κάτωθεν
872 2245 970 2316 τὴν
1008 2246 1216 2318 τροφὴν
1256 2247 1667 2318 ὲκπορίζονται,

68 2340 187 2399 τοῖς
217 2335 276 2389 δὲ
311 2337 567 2404 ἀγγέλοις
600 2336 807 2390 ἀνωθεν
833 2337 979 2389 ἐστιν
1007 2338 1040 2408 ἡ
1065 2336 1422 2408 δυναμοποιὸς
1459 2341 1632 2410 τροφή
1651 2356 1666 2369 ⁸

69 2430 232 2480 πᾶσα
279 2426 391 2499 γὰρ
427 2427 644 2498 τροφὴ,
696 2427 769 2498 μὴ
819 2426 976 2497 μόνον
1006 2426 1202 2497 ἄρτος,
1252 2427 1350 2498 τὴν
1387 2429 1481 2481 τοῦ
1533 2427 1670 2493 ζώου

71 2518 312 2591 καρδίαν
338 2519 599 2590 στηρίξει.
627 2519 851 2587 Ἔχουσι
878 2518 972 2570 καὶ
997 2515 1058 2570 τὸ
1086 2518 1416 2590 θεωρητικὸν
1440 2521 1672 2586 ἀκλινῶς

70 2611 217 2682 πρὸς
249 2612 354 2682 τὴν
383 2610 611 2679 ἄφθονον
657 2611 751 2663 καὶ
779 2609 1074 2680 πολύχυτον
1115 2611 1308 2664 ἀκτῖνα
1349 2613 1447 2683 τῆς
1485 2613 1672 2684 θεῖκῆς

68 2702 391 2775 ἠλιοόυλίας
416 2703 472 2754 ὲν
537 2705 657 2765 ταῖς
701 2702 1025 2773 εὑρωστίαις
1066 2701 1174 2764 τῶν
1207 2703 1446 2756 ὀπτικῶν
1492 2706 1671 2761 αὐτῶν

64 2796 367 2865 δυνάμεων
388 2810 401 2823 ·
435 2793 594 2862 λόγος
630 2793 738 2866 γὰρ
758 2834 772 2858 ,
805 2795 931 2857 τοὺς
961 2793 1153 2858 ἀετοὺς
1188 2793 1297 2846 τῶν
1339 2795 1672 2867 τικτομένων

63 2887 134 2939 τὰ
163 2889 377 2956 γνήσια
403 2886 466 2937 ὲκ
494 2885 604 2938 τῶν
639 2885 808 2939 νόθων
851 2885 993 2938 οὕτω
1027 2886 1321 2958 διακρίνειν
1339 2895 1352 2917 ⁸
1399 2887 1523 2941 Ἐἀν
1551 2890 1673 2942 ἀτε-

63 2975 302 3028 νίσωσιν
331 2975 748 3045 ἀσκαρδαμυκτὶ
787 2975 923 3046 πρὸς
951 2974 1042 3029 τὸν
1069 2975 1240 3046 ἥλιον,
1273 2977 1473 3047 γνήσιά
1499 2979 1635 3031 εἰσιν
1654 2996 1668 3011 ο

64 3070 111 3120 εί
142 3069 210 3134 δὲ
251 3067 328 3137 μὴ
356 3107 370 3129 ,
414 3068 489 3130 ὡς
526 3067 654 3120 νόθα
701 3068 794 3121 καὶ
831 3068 988 3138 ξένης
1033 3070 1194 3140 γονῆς
1219 3109 1232 3133 ,
1275 3069 1666 3124 ἀποϐάλλονται

63 3161 167 3230 τῆς
207 3159 428 3222 καλιᾶς.
458 3147 644 3222 θῦε-ως
675 3154 765 3212 οὖν
794 3159 888 3211 καὶ
915 3161 944 3212 ὁ
967 3159 1040 3230 μὴ
1059 3159 1351 3229 δυνάμενος
1377 3159 1456 3230 τῷ
1494 3159 1658 3230 Ἡλίῳ

61 3252 165 3322 τῆς
210 3249 569 3320 δικαιοσύνης
594 3250 860 3315 ἀτενίσαι,
891 3249 1042 3313 νόθος
1072 3250 1169 3321 τῆς
1211 3249 1374 3303 αὐτοῦ
1419 3248 1672 3319 γνώσεως

60 3344 398 3414 εὑρίσκεται
415 3358 428 3371 ·
452 3345 499 3394 οί
519 3342 576 3393 δὲ
602 3342 734 3395 θεῖοι
755 3342 899 3407 νόες,
921 3342 1336 3414 ἀσκαρδαμυκτὶ
1355 3342 1429 3406 ὡς
1451 3341 1674 3412 ἐφικτὸν

62 3434 428 3498 ἀτενίζοντες
448 3474 462 3498 ,
497 3434 708 3505 γνήσιοί
741 3435 897 3486 εἰσιν.

144 3528 222 3579 Ἦ
255 3526 316 3577 δὲ
347 3524 458 3577 τῶν
488 3525 671 3579 ἵππων
717 3525 880 3578 εἰκὼν
901 3526 962 3579 τὸ
999 3526 1245 3590 εὐπειθὲς
1282 3524 1535 3596 σημαίνει
1579 3529 1673 3580 καὶ

61 3620 295 3688 εὐήνιον
322 3615 434 3668 τῶν
458 3615 725 3684 ἀγγέλων,
754 3615 876 3669 καθ’
911 3617 940 3668 ὃ
968 3617 1179 3688 εἴρηται
1196 3633 1208 3646 ο
1244 3617 1301 3668 ὐ
1328 3616 1544 3687 κρατῶν
1573 3615 1672 3679 τὰς

61 3711 235 3779 ἡνίας
273 3707 386 3760 τῶν
422 3707 703 3778 ἀχράντων
740 3708 1045 3778 δυνάμεων.
1091 3707 1200 3762 Καὶ
1241 3706 1450 3760 λευκῶν
1481 3707 1668 3771 ὄντων,

57 3804 120 3855 τὸ
146 3799 417 3871 λαμπρὸν
445 3799 744 3869 παραδηλοῖ
771 3800 865 3851 καὶ
893 3800 968 3863 ὡς
1015 3800 1246 3870 μάλιστα
1288 3801 1547 3868 συγγενὲς
1575 3799 1669 3852 τοῦ

61 3893 216 3944 θείου
269 3889 486 3958 φωτός*
541 3888 754 3941 κυανῶν
800 3889 894 3953 δὲ,
935 3891 1096 3942 οἱονεὶ
1129 3889 1400 3960 μελάνων,
1429 3891 1490 3942 τὸ
1532 3889 1669 3961 κρύ-

60 4000 231 4052 φιον·
290 3982 355 4035 τὸ
407 3981 516 4053 γὰρ
584 3982 747 4052 μέλαν
819 3982 911 4034 καὶ
959 3982 1227 4035 σκοτεινὸν
1275 3984 1367 4035 καὶ
1418 3981 1666 4053 κρύφιον.

73 4076 376 4148 Ἐρυθρῶν
403 4075 461 4128 δὲ
479 4115 494 4137 ,
522 4075 646 4128 ἐπεὶ
683 4075 776 4127 καὶ
799 4073 860 4126 τὸ
891 4075 1002 4145 πῦρ
1032 4074 1280 4146 ἐρυθρὸν,
1309 4073 1370 4126 τὸ
1401 4073 1668 4144 πυρῶδες,

60 4170 166 4221 καὶ
201 4167 304 4219 διὰ
327 4166 488 4219 τοῦτο
517 4166 837 4238 δραστήριον
859 4183 873 4197 ·
909 4167 1231 4236 συμμίκτων
1255 4165 1312 4218 δὲ
1342 4164 1449 4217 ἀπὸ
1475 4163 1668 4217 λευκοῦ

60 4278 122 4311 τε
148 4262 257 4312 καὶ
292 4259 540 4329 μέλανος,
563 4246 802 4329 δηλονότι
833 4258 1028 4326 φαιῶν,
1059 4259 1166 4310 τῶν
1198 4257 1519 4309 συνδετικῶν
1561 4256 1670 4308 τῶν

61 4356 265 4425 ἄκρων
297 4354 362 4404 ὲν
394 4355 460 4421 τῇ
509 4351 972 4422 διαπορθμευτικῇ
1017 4351 1276 4421 δυνάμει,
1325 4350 1446 4403 καθ’
1495 4351 1560 4420 ῆν
1603 4349 1670 4402 τὰ

62 4449 274 4519 πρῶτα
307 4450 426 4510 τοῖς
471 4448 742 4518 δευτέροις
774 4445 1148 4518 προνοητικῶς
1168 4486 1181 4509 ,
1208 4445 1302 4498 καὶ
1340 4444 1409 4498 τά
1443 4442 1669 4515 δεύτερα

59 4543 182 4603 τοῖς
219 4537 466 4610 πρώτοις
494 4538 929 4609 ἐπιστρεπτικῶς
965 4537 1345 4591 συνάπτονται.

1699 3221 1740 3278 C

156 4826 307 4881 Ἀλλ’
340 4827 391 4878 εἰ
425 4826 498 4897 μὴ
537 4814 1042 4894 κατεστοχαξόμεθα
1077 4824 1174 4894 τῆς
1208 4821 1546 4895 συμμετρίας
1573 4823 1666 4876 τοῦ

61 4921 238 4988 λόγου
277 4918 479 4987 (κόρος
506 4917 614 4987 γὰρ
647 4916 805 4983 λόγου
846 4914 1097 4985 πολέμιος
1124 4914 1386 4984 ἀκοαῖς),
1435 4916 1529 4968 καὶ
1569 4915 1668 4977 τὰς

65 5010 218 5062 κατὰ
261 5010 428 5078 μέρος
465 5007 730 5076 ἰδιότητας
761 5006 869 5058 τῶν
900 5006 1072 5070 ζώων,
1105 5008 1198 5060 καὶ
1234 5007 1411 5069 πάσας
1441 5005 1539 5068 τάς
1566 5023 1669 5058 σω-

65 5096 321 5167 ματικὰς
367 5093 548 5146 αὐτῶν
589 5095 942 5158 διαπλάσεις,
995 5095 1384 5165 ἐφηρμόσαμεν
1433 5094 1499 5148 ἂν
1548 5099 1666 5158 ταῖς

62 5188 366 5259 οὐρανίαις
407 5186 700 5256 δυνάμεσιν
739 5185 1047 5254 ἀναλόγως,
1094 5185 1234 5238 κατά
1271 5185 1369 5248 τὰς
1412 5186 1666 5258 ῥηθείσας

64 5279 373 5350 ἀνομοίους
411 5277 734 5347 ὁμοιότητας
766 5277 1082 5349 (ἀνομοίους
1119 5268 1237 5349 μὲν,
1266 5280 1347 5331 ὃτι
1379 5282 1430 5332 αἱ
1460 5280 1666 5342 εἰκόνες

63 5373 268 5423 ὑλικαὶ
326 5371 422 5422 καὶ
473 5369 606 5421 πολὺ
665 5369 1141 5439 ἀπεμφαίνουσαιο
1194 5369 1516 5441 ὁμοιότητας
1568 5371 1665 5435 δὲ,

65 5463 216 5515 κατὰ
241 5462 349 5530 τὴν
379 5460 672 5532 νοουμένην
696 5459 1018 5531 ἀλληγορίαν
1049 5462 1141 5514 καὶ
1166 5463 1263 5533 τὴν
1289 5465 1666 5533 προσήκουσαν

63 5558 182 5616 τοῖς
219 5553 612 5622 ὑτωκειμὲνοις
651 5552 965 5622 πράγμασιν
992 5553 1351 5623 ἀναγωγὴν),
1388 5553 1481 5605 καὶ
1522 5551 1666 5621 εἴχο-

65 5663 171 5714 μεν
203 5645 398 5712 λέγειν
423 5645 551 5713 περὶ
577 5643 670 5696 τοῦ
709 5644 1022 5713 θυμοειδοῦς
1055 5644 1240 5708 αὐτοῦ,
1272 5645 1352 5697 ὅτι
1395 5643 1555 5714 νοερά
1584 5659 1667 5705 τις

61 5735 279 5806 ἀνδρία
318 5734 460 5796 ἐστὶ,
504 5734 597 5786 καὶ
634 5734 729 5802 οὐχ
766 5732 948 5796 ἁπλῶς
978 5733 1157 5804 ψυχῆς
1188 5733 1355 5805 ἀρετὴ
1379 5772 1392 5794 ,
1428 5733 1561 5804 πρὸς
1600 5731 1667 5782 τὰ

67 5827 545 5902 παρεμπίπτοντα
594 5826 722 5895 ἡδέα
773 5827 1112 5899 καὶλυπηρὰ
1157 5828 1240 5880 ἀεὶ
1276 5825 1538 5896 μενούσης
1573 5824 1664 5877 ἐπὶ

373 5920 646 5979 Puncta
695 5920 810 5980 Gn.
857 5919 962 5980 ll].

586 389 672 447 DE
709 375 1033 446 C(ELESTI
1068 383 1511 448 HIERARCHIA,
1549 381 1670 438 CAP

1831 383 1852 434 “.
1889 409 1958 420 -—
1989 379 2336 434 PARAPHR.
2373 366 2842 434 ΡᾹΟΠΫΜΕΒΑΞ.

2483 35 3062 50 m-.—_.___—_.——-—-—-.—.—
3083 37 3090 40 .
3133 36 3166 39 —_.
3199 35 3212 38 .-

3236 368 3340 434 38-1

1774 501 2004 569 mystice
2035 499 2329 561 occultent,
2361 507 2415 550 ct
2457 497 2572 550 sine
2602 498 2965 572 ostentatione
2999 508 3340 563 conservent,

1773 591 2033 656 quidnam
2064 590 2132 641 iis
2164 603 2282 641 esse
2315 590 2483 656 possit
2507 589 3067 657 incomprehensibile,
3099 599 3152 643 et
3179 590 3231 643 in
3261 592 3345 644 di-

1777 681 1918 734 vinis
1942 681 2041 733 viis
2072 679 2482 747 investigabile?

1844 771 2012 826 Porro
2040 771 2192 824 bovis
2224 769 2395 825 forma
2420 811 2434 835 ,
2463 775 2780 840 angelorum
2814 774 2978 828 robur
3010 789 3074 828 ac
3100 773 3341 844 vigorem

1774 865 1970 934 signat,
1997 878 2103 933 quo
2136 863 2417 933 spiritales
2454 865 2635 919 sulcos
2662 865 2910 931 viriliter,
2947 876 3005 922 ut
3034 869 3112 923 sic
3140 869 3344 931 dicam,

1773 955 2022 1018 dilatant,
2078 957 2346 1024 preprias,
2398 955 2652 1024 inquam,
2697 970 2927 1024 mentes,
2972 962 3036 1014 ad
3077 961 3341 1018 fecundos

1773 1047 2091 1115 divinosque
2124 1047 2324 1101 imbres
2351 1049 2762 1117 suscipiendos;
2810 1066 3009 1105 cornua
3048 1067 3177 1108 vero
3221 1072 3342 1109 ser-

1773 1138 2038 1192 vatricem
2072 1138 2440 1209 invictamque
2467 1140 2573 1194 vim
2601 1141 2899 1209 declarant,
2950 1145 3213 1214 siquidem
3254 1149 3341 1204 his

1770 1228 1936 1283 boves
1974 1245 2032 1284 se
2060 1230 2374 1298 defendunt,
2420 1246 2482 1286 ac
2527 1233 2731 1288 habent
2760 1242 2818 1289 ut
2850 1239 2918 1292 ab
2945 1237 3065 1292 aliis
3093 1242 3338 1309 superarl

1770 1332 1876 1372 non
1904 1320 2137 1389 possint.

1845 1493 2004 1565 ιω
2042 1495 2172 1564 Age,
2211 1496 2374 1549 etiam
2405 1498 2596 1562 aquilae
2627 1499 2916 1571 imaginem
2963 1516 3338 1563 contueamur.

1772 1585 1994 1653 Regiam
2022 1587 2163 1638 enim
2189 1587 2509 1655 dignitatem
2532 1599 2586 1644 et
2607 1592 2891 1648 sublimem
2917 1597 3152 1653 volatum
3175 1603 3338 1656 etiam

1770 1677 1972 1731 habent
1998 1678 2199 1747 angeli,
2239 1679 2316 1732 uti
2353 1689 2406 1733 et
2440 1681 2800 1740 velocitatem.
2836 1687 2905 1741 Et
2934 1690 3077 1744 sicut
3121 1695 3341 1762 aqttilzn,

1769 1767 1893 1821 dum
1925 1769 1977 1822 in
2009 1769 2226 1823 sublimi
2261 1770 2461 1837 volant,
2494 1787 2652 1829 acres
2683 1786 2832 1838 sunt,
2865 1789 2919 1832 et
2949 1781 3257 1850 vigilantes,
3286 1797 3344 1840 et

1772 1859 2025 1926 intentae,
2080 1861 2375 1930 facilesque
2411 1863 2476 1918 ad
2525 1868 2759 1932 praedam
2799 1877 3145 1938 quaerendam
3177 1879 3343 1945 (unde

1778 1951 1923 2021 ipsas
1959 1952 2014 2006 in
2051 1953 2267 2008 sublimi
2297 1956 2584 2013 volitantes
2610 1975 2785 2029 neque
2809 1963 2913 2018 Sub
2943 1967 3179 2024 arbustis
3216 1971 3340 2025 lati;

1775 2051 1895 2097 tans
1927 2044 2315 2099 animalculum
2363 2047 2555 2117 fugit);
2590 2051 2670 2106 sic
2708 2062 2761 2107 et
2793 2055 2876 2125 ips
2940 2061 3171 2127 expediti
3216 2075 3337 2116 sunt

1773 2134 1839 2187 ad
1880 2136 2289 2190 convenientem
2337 2139 2438 2192 sibi
2489 2155 2553 2195 ac
2597 2139 2835 2198 divinum
2887 2149 3064 2203 cibum
3117 2154 3339 2221 capien-

1773 2226 1920 2281 dum.
1953 2227 2150 2282 Verum
2180 2233 2376 2299 aquilae
2404 2233 2656 2287 deorsum
2686 2238 2977 2306 exquirunt
3001 2241 3336 2308 alimentum,

1774 2327 1830 2371 at
1876 2319 2083 2386 angelis
2126 2333 2337 2375 sursuin
2389 2335 2471 2378 est
2519 2326 2672 2379 cibus
2725 2330 3122 2398 potentiﬁcus:
3163 2339 3340 2392 omnis

1772 2411 1916 2464 enim
1952 2412 2124 2479 cibus,
2155 2424 2210 2468 et
2263 2430 2367 2469 non
2399 2416 2546 2474 solus
2593 2423 2768 2489 panis,
2798 2438 2892 2477 cor
2921 2426 3169 2485 animalis
3203 2447 3338 2486 con-

1775 2503 1971 2558 ﬁrmat.
2003 2497 2215 2562 Habent
2243 2523 2458 2578 quoque
2502 2512 2632 2577 vim,
2683 2516 2920 2572 robustis
2949 2519 3229 2576 oculorum
3262 2525 3342 2578 in-

1774 2596 2130 2662 tentionibus,
2159 2599 2408 2656 irreﬁexe
2446 2605 2842 2674 contemplandi
2877 2608 3210 2668 uberrimum
3261 2615 3344 2670 la-

1777 2697 1937 2758 teque
1970 2689 2223 2746 dilhisttm
2265 2693 2497 2767 radium,
2527 2710 2683 2764 quem
2710 2712 2777 2752 ex
2808 2713 2868 2754 se
2891 2701 3105 2759 divinus
3145 2707 3232 2762 ille
3261 2712 3339 2765 sol

1773 2778 1984 2833 evibrat
2019 2795 2034 2833 :
2067 2781 2247 2834 terunt
2274 2782 2444 2847 enim,
2472 2783 2681 2851 aquilas
2707 2787 2881 2855 pullos
2919 2804 3048 2846 suos
3079 2798 3344 2863 genuinos

1775 2886 1802 2923 a
1837 2874 2020 2928 nothis
2052 2875 2123 2927 ita
2156 2875 2492 2934 discernere.
2539 2882 2595 2936 Si
2626 2884 2910 2940 irretortos
2942 2889 3212 2945 oculos'in
3250 2909 3343 2948 so-

1773 2964 1878 3018 lem
1923 2967 2239 3034 intendnnt,
2291 2973 2512 3039 genuini
2565 2974 2861 3043 habentur;
2917 2981 2998 3034 sin
3037 2995 3237 3052 secus,
3287 2996 3343 3043 ut

1776 3058 1924 3112 nothi
1966 3068 2020 3112 et
2062 3061 2351 3116 adulterini
2381 3079 2410 3118 e
2441 3065 2567 3118 nido
2597 3063 2970 3130 deturbantur.
3018 3073 3214 3130 Eadem
3251 3080 3341 3133 ita-

1788 3165 1891 3216 que
1922 3152 2147 3216 ratione,
2178 3154 2267 3223 qui
2309 3154 2532 3224 justitiaa
2573 3157 2686 3212 Soli
2723 3175 2828 3234 non
2861 3162 3004 3218 valet
3032 3167 3266 3234 obtueri,
3312 3187 3339 3224 ο

1777 3241 2083 3311 cognitione
2112 3243 2231 3312 ejus
2263 3246 2476 3303 alienus
2505 3264 2568 3304 ac
2595 3253 2795 3306 nothus
2819 3257 3116 3327 reperitur;
3160 3277 3340 3318 verum

1777 3330 1880 3385 illa:
1930 3334 2126 3390 divina:
2171 3346 2409 3404 mentes,
2458 3357 2577 3410 qua:
2609 3343 2756 3398 illum
2792 3346 3047 3404 irretorta
3081 3364 3341 3422 quantum

1775 3421 1857 3479 fas
1887 3436 1969 3480 est
1999 3429 2115 3482 acie
2141 3431 2606 3499 contemplantur,
2635 3437 2882 3506 genuinae
2917 3450 3064 3496 sunt.

1847 3513 2126 3582 Equorum
2179 3528 2358 3572 autem
2414 3521 2584 3591 ﬁgura
2649 3526 2922 3596 signiﬁcat
2979 3532 3341 3592 obedientiam

1774 3611 1828 3656 et
1854 3605 2256 3662 observantiam
2281 3611 2621 3678 angelorum,
2650 3612 2802 3682 juxta
2828 3618 2970 3687 quod
2996 3621 3197 3676 dictum
3222 3637 3335 3681 est:

1774 3694 1874 3762 Qui
1938 3699 2180 3754 continet
2236 3699 2389 3754 frena
2441 3703 2883 3762 intemeratarum
2941 3712 3223 3768 virtutum.
3282 3718 3343 3772 Et

1774 3793 2020 3874 alborum
2057 3799 2276 3867 quidem
2314 3801 2604 3854 candorem
2643 3803 2902 3868 denotat,
2938 3813 3128 3874 utpote
3163 3808 3342 3864 divine

1775 3873 1962 3943 [umidi
2003 3891 2236 3945 maxime
2271 3891 2528 3958 amnem;
2563 3895 2916 3948 caeruleorutn
2943 3912 3093 3962 vero,
3126 3908 3179 3953 et
3213 3915 3332 3969 quo-

1771 3981 2060 4035 dammodo
2100 3984 2378 4051 nigrorum
2404 4023 2419 4046 ,
2458 3985 2697 4038 divinum
2755 3986 2884 4039 illud
2935 4003 3227 4056 arcanum;
3266 3993 3341 4046 si-

1772 4073 1985 4139 quidem
2024 4074 2074 4127 id
2109 4075 2253 4142 quod
2291 4076 2503 4144 nigrum
2529 4113 2545 4140 ,
2582 4086 2634 4130 et
2668 4076 2957 4132 obscurum
3011 4089 3094 4134 est
3140 4092 3197 4134 et
3248 4097 3340 4137 oe-

1772 4164 2018 4220 cultum:
2059 4167 2348 4220 rubrorum
2387 4176 2590 4233 autem,
2624 4185 2747 4222 cum
2783 4169 2945 4224 etiam
2994 4173 3134 4242 ignis
3182 4175 3346 4232 ruber

1771 4257 1859 4319 sit,
1896 4258 2023 4325 quid
2060 4259 2274 4327 igneum
2305 4268 2469 4330 atque
2516 4263 2650 4316 adeo
2683 4262 2870 4318 eﬁicax
2903 4281 2915 4317 :
2954 4265 3078 4320 albo
3112 4267 3339 4337 denique

1772 4347 2034 4416 nigroque
2067 4348 2249 4404 colore
2298 4353 2759 4421 commistorum,
2809 4370 2901 4409 seu
2954 4359 3229 4413 l‘nscornm
3280 4361 3332 4414 ﬁ-

1771 4454 1923 4507 gura,
1965 4439 2235 4510 signiﬁcat
2291 4441 2342 4494 id
2391 4445 2532 4510 quod
2580 4454 2822 4498 extrema
2859 4447 2910 4500 vi
2965 4447 3198 4516 quad-am
3237 4458 3344 4504 tra-

1773 4527 1907 4580 duce
1941 4530 2240 4596 connectit,
2272 4533 2569 4585 secundum
2608 4549 2771 4602 quam
2821 4538 2992 4604 prima
3031 4525 3344 4606 poSteriori-

1775 4620 1874 4673 bus
1910 4621 2281 4691 providendo,
2329 4632 2385 4676 et
2420 4625 2723 4695 posteriora
2761 4629 2950 4695 primis
2985 4637 3342 4688 convertenda

1773 4724 2196 4768 connectuntur.

1848 4803 2042 4860 Verum
2083 4808 2184 4862 nisi
2219 4810 2489 4864 sermonis
2537 4812 2754 4864 modum
2809 4828 3178 4880 qnmreremus
3227 4815 3340 4884 (sa-

1774 4897 1934 4952 tietas
1983 4899 2124 4952 enim
2161 4899 2414 4953 dictionis
2443 4901 2663 4954 inimica
2695 4913 2779 4956 est
2815 4904 3200 4975 auditoribus),
3231 4905 3320 4958 sint

1773 4990 1927 5056 gulas
1949 4991 2110 5043 etiam
2139 4991 2453 5045 animalium
2484 4994 2865 5061 proprietates,
2889 5010 3186 5063 omnesque
3220 5010 3330 5049 cor-

1771 5095 1966 5150 poreas
2013 5096 2198 5136 eorum
2245 5083 2473 5151 cﬁigies,
2525 5087 2840 5140 coelestibus
2891 5087 3184 5140 virtutibus
3217 5102 3334 5155 pro-

1772 5173 2021 5241 portione
2057 5175 2288 5243 quadam
2327 5177 2486 5229 dictis
2520 5176 2873 5232 dissimilibus
2897 5177 3337 5234 similitudinilms

1773 5267 2315 5322 accommodaremus
2361 5268 2754 5338 (dissimilibus
2787 5270 3045 5338 quidem,
3081 5271 3333 5339 quoniam

1773 5357 2036 5424 imagines
2087 5358 2395 5412 materiales
2459 5358 2686 5412 multum
2744 5361 2812 5413 ab
2871 5361 2936 5413 iis
2991 5361 3335 5430 discrepant;

1772 5447 2216 5502 similitudinibus
2267 5457 2481 5516 tamen,
2518 5449 2668 5516 juxta
2706 5452 2983 5520 cognitam
3019 5452 3334 5520 allegoriam

1771 5551 1824 5596 et
1893 5539 2309 5595 convenientem
2378 5543 2542 5596 rebus
2603 5543 2890 5611 propositis
2945 5559 3228 5610 anagogen
3269 5542 3326 5616 ):

1770 5650 2162 5704 posscmusque
2211 5634 2392 5688 dicere
2438 5636 2504 5689 de
2552 5635 2764 5689 illorum
2818 5637 3138 5702 iracundia,
3190 5636 3332 5689 illam

1770 5743 1892 5781 esse
1927 5726 2224 5795 spiritalem
2264 5727 2554 5792 quamdam
2591 5727 2979 5790 fortitudinem,
3017 5727 3176 5799 149
3211 5742 3328 5780 ουιι·

1772 5836 1831 5875 ea
1864 5836 1966 5874 non
2001 5818 2224 5886 simplex
2262 5819 2332 5874 sit
2365 5821 2536 5875 tirtus
2571 5821 2782 5886 aninnc,
2821 5821 2871 5875 in
2910 5821 3097 5873 eodem
3127 5823 3341 5887 semper

2950 5914 3024 5972 1‘2
