3722 6374
321 3140 338 3163 ο
377 3118 592 3186 Accipit
630 3117 939 3180 materiam,
984 3113 1038 3188 id
1070 3121 1153 3167 est
1181 3111 1500 3182 sanguinem
1526 3111 1956 3181 praecordialem,

352 3478 567 3551 'rando,
600 3482 941 3554 passionibus
970 3482 1327 3549 moderando,
1357 3498 1445 3540 res
1484 3484 1741 3539 honestas
1781 3497 1951 3537 aemu-

318 5848 349 5878 ἲ,

406 324 513 382 36$
1572 331 1651 385 ⁷
1690 330 1988 386 DlONYSll
2022 329 2484 386 AREOPAGiTz-E
3555 340 3651 396 ὅσοι

407 452 553 500 statu
592 442 962 514 permanentis
996 442 1124 523 sive
1165 441 1405 511 jucunda
1463 444 1577 500 sive
1623 448 1793 503 tristia
1840 449 1877 501 ir

2178 448 2300 501 αὐτὸ
2324 489 2337 511 ,
2369 450 2508 520 μήτε
2554 452 2666 513 τοῖς
2704 449 2855 520 ἡδέσι
2902 453 3278 526 χαυνουμένης
3303 496 3316 519 ,
3366 458 3499 529 μήτε
3548 462 3648 523 τοῖς

408 538 562 600 dant,
597 545 656 589 ut
689 550 866 604 neque
890 531 1144 601 jucundis
1190 535 1352 590 rebus
1398 537 1752 603 dissolvatur,
1796 554 1878 594 net

2183 543 2337 611 ηροῖς
2390 540 2864 611 καταπιπτούσης·
2934 538 3152 615 ἧστινος
3222 547 3325 617 τῆς
3374 548 3653 621 ἀνδρίαςό

408 628 660 682 tristibus
718 624 1034 693 dejiciatur,
1090 625 1242 694 cujus
1292 627 1631 685 fortitudinis
1691 632 1877 686 iracun

2181 632 2246 696 .b;
2275 634 2499 703 ἔσχατόν
2526 636 2673 687 ἐστιν
2702 636 2994 707 ἁπήχημα.
3047 636 3210 692 ’Λλλά
3249 641 3469 712 πρῶτον
3501 644 3651 696 eima-

402 718 679 789 qnoddam
709 726 1014 771 extremum
1043 724 1128 771 est
1163 719 1475 788 vestigium.
1510 720 1684 776 Porro
1725 723 1872 778 dicar

2187 763 2200 787 ,
2227 724 2344 787 πῶς
2369 724 2431 777 τὸ
2473 723 2753 795 Θυμοειδὲς
2783 727 2863 789 είς
2901 726 3122 798 ἀνδρίαν
3156 730 3650 802 παραλαμϐάνεται,

402 813 679 882 primum,
736 811 1008 880 quomodo
1043 810 1324 866 iracundia
1370 828 1468 882 pro
1514 814 1865 883 fortitudine,

2202 816 2301 868 οὐκ
2353 816 2432 878 είς
2464 813 2629 885 ἄλλην
2678 816 2803 869 τινὰ
2850 818 3068 891 ἀρετήν.
3141 821 3374 888 Ἱστέον,
3417 824 3494 878 ὅτι
3537 824 3652 896 τρία

404 920 512 958 non
564 920 660 973 pro
696 902 797 957 alia
849 903 1050 955 virtute
1083 902 1265 971 aliqua
1311 905 1634 974 accipiatur.
1683 906 1874 961 Sciend

2180 924 2219 976 ιη
2253 907 2359 959 εἰσὶ
2399 907 2499 977 τῆς
2540 905 2719 976 ψυχῆς
2740 945 2753 970 ,
2795 906 3032 975 λογικὸν,
3062 908 3317 982 θυμικὸν,
3351 914 3443 966 καὶ
3473 915 3650 968 ἐπιθυ-

404 1007 515 1052 tres
556 1012 677 1052 esse
713 998 909 1052 animm
956 997 1273 1067 portiones,
1322 996 1641 1053 rationalem
1688 998 1874 1054 videlic

2181 996 2339 1050 εικόνο
2392 998 2485 1050 καλ⁹
2529 997 2794 1067 τέσσαρες
2838 997 3053 1065 γενικαὶ
3090 1000 3328 1071 ἀρεταὶ,
3368 1001 3651 1073 φρόνησις,

401 1093 730 1148 ἱταεοίὺίιθιη
783 1102 839 1149 et
892 1093 1414 1161 concupiscibilem;
1468 1102 1524 1147 et
1578 1102 1812 1163 quatuor
1858 1109 1871 1147 t

2184 1091 2289 1162 ρία,
2326 1088 2645 1160 σωφροσύνη
2697 1090 2792 1142 καὶ
2814 1089 3150 1162 δικαιοσύνη.
3185 1092 3300 1145 Μία
3331 1094 3509 1147 τοίνυν
3534 1096 3654 1149 ἐκά-

398 1186 632 1240 virtutes
676 1186 993 1255 originales,
1028 1185 1238 1240 scilicet
1279 1186 1661 1255 prudentiam,
1698 1185 1868 1240 fortitt

2210 1182 2319 1236 τῶν
2350 1181 2564 1253 ἀρετῶν
2598 1179 2827 1234 ἕκαστον
2856 1182 3022 1254 μέρος
3043 1184 3144 1254 τῆς
3174 1183 3355 1256 ψυχῆς
3386 1189 3652 1257 κοσμεῖτε

399 1294 559 1345 nem,
596 1278 1017 1348 temperantiam
1053 1286 1107 1332 et
1134 1277 1422 1347 justitiam.
1477 1278 1826 1346 Unaquaeque

2199 1273 2426 1337 εὐθετεῖ,
2462 1275 2495 1344 ἡ
2531 1271 2791 1344 φρόνησις
2824 1271 2886 1326 τὸ
2930 1273 3166 1342 λογικὸν,
3202 1278 3234 1348 ή
3271 1277 3465 1350 ἀνδρία
3487 1280 3546 1333 τὸ
3573 1281 3656 1334 Θυ-

396 1386 503 1440 que
546 1371 720 1424 virtus
767 1370 1064 1439 quamlibet
1110 1370 1303 1423 anima:
1359 1370 1661 1439 portionem
1716 1379 1866 1425 ornat

2182 1364 2257 1429 ὸν,
2294 1365 2326 1435 ή
2373 1362 2693 1435 σωφροσύνη
2732 1363 2792 1416 τὸ
2830 1364 3257 1437 ἐπιθυμητικόν
3297 1370 3330 1441 ἡ
3366 1369 3427 1422 δὲ
3458 1370 3652 1423 δικαιο-

393 1463 603 1534 dirigit,
631 1462 921 1533 prudentia
954 1459 1297 1525 rationalem,
1336 1459 1596 1517 fortitudo
1625 1462 1971 1531 irascibilem,

398 1555 755 1626 temperantia
781 1555 1258 1624 concupiscibilem
1283 1573 1296 1621 ;
1321 1555 1534 1624 justitia
1566 1570 1695 1610 vero
1728 1571 1976 1611 commu-

2079 1453 2210 1525 σύνη
2239 1453 2391 1523 κοινὴ
2417 1454 2581 1506 πᾶσίν
2608 1456 2773 1508 ἑστιν.
2813 1456 2941 1508 Ὅτε
2974 1456 3082 1529 γὰρ
3115 1460 3146 1529 ή
3178 1459 3276 1530 μὲν
3311 1461 3577 1532 φρόνησις
3603 1464 3657 1516 τὸ

2076 1542 2290 1611 λογικὸν
2314 1545 2534 1612 κοσμεῖ,
2561 1545 2593 1614 ἡ
2627 1543 2683 1596 δὲ
2705 1544 2896 1615 ἀνδρία
2918 1546 2978 1599 τὸ
3008 1546 3257 1619 ουμικὸν,
3294 1553 3327 1622 ὴ
3354 1551 3411 1604 δὲ
3449 1569 3658 1625 σωφροο

396 1649 480 1703 nis
512 1657 598 1702 est
625 1645 896 1701 omnibus.
926 1645 1155 1712 Quando
1192 1646 1335 1701 enim
1382 1647 1671 1715 prudentia
1706 1647 1866 1701 ratior

2187 1652 2211 1705 η
2241 1634 2305 1686 τὸ
2337 1633 2753 1704 ἐπιθυμητικὸν,
2790 1635 3016 1702 δικαίως
3046 1640 3166 1693 τότε
3189 1644 3217 1695 ὁ
3248 1642 3541 1715 ἄνθρωπος
3576 1664 3657 1700 πο-

393 1750 592 1803 ornat,
640 1739 902 1812 fortitudo
955 1746 1133 1791 autem
1183 1738 1558 1803 iracundiam,
1611 1748 1863 1809 tempera!

2194 1726 2379 1791 ύεται,
2420 1729 2515 1781 καὶ
2559 1729 2765 1796 δίκαιος
2809 1734 2877 1787 ἂν
2915 1734 3145 1803 λέγοιτο.
3190 1736 3434 1800 Εἰκότως
3472 1732 3572 1790 οὗν
3602 1738 3659 1789 τὸ

391 1848 525 1888 vero
557 1830 1080 1899 concupiscentiam,
1112 1840 1241 1885 tunc
1269 1833 1431 1884 homo
1475 1844 1544 1883 ex
1574 1828 1784 1897 justitia
1821 1846 1861 1884 τι

2190 1818 2300 1873 ικὸν
2322 1821 2402 1884 εἰς
2428 1822 2526 1894 τὴν
2552 1824 2863 1893 κοσμοῦσαν
2897 1828 3030 1882 αὐτὸ
3054 1829 3276 1898 ἀνδρίαν
3308 1829 3660 1901 μταλαμὸἀο

395 1937 502 1992 tur,
537 1923 792 1992 etjustus
840 1921 949 1976 dici
986 1921 1179 1990 possit.
1215 1920 1411 1976 Merito
1440 1922 1603 1992 igitur
1631 1921 1865 1975 iracundi

2189 1927 2230 1962 ο.
2265 1911 2474 1982 Ἀπὴχη
2482 1930 2557 1982 μα
2575 1913 2631 1965 δέ
2655 1915 2802 1968 ἐστιν
2817 1916 3041 1987 ἔσχατον
3056 1920 3083 1972 ὁ
3104 1919 3272 1990 θυμὸς
3290 1920 3395 1990 τῆς
3410 1921 3659 1993 ἀνδρίας,

2070 2000 2246 2054 οὔτωο
2285 2001 2453 2073 ουμός
2503 2004 2621 2058 ἐστι
2662 2006 2809 2071 ζέσις
2853 2008 2947 2063 τοῦ
2989 2011 3341 2083 περικαρδίου
3389 2015 3659 2084 αἵματος,

2072 2094 2208 2165 πρὸς
2252 2093 2433 2165 ὄρεξιν
2477 2095 2911 2171 ἀντιλυπήσεως.
2965 2101 3150 2155 Ἔστιν
3195 2097 3290 2156 οὖν
3338 2102 3435 2155 τοῦ
3483 2103 3661 2175 θυμοῦ

2072 2185 2171 2257 ὕλη
2225 2187 2322 2257 μὲν
2373 2188 2660 2259 σωματικὴ
2710 2189 2771 2243 τὸ
2822 2192 3169 2263 περικάρδιον
3215 2186 3389 2263 αἷμα·
3427 2190 3575 2258 εἶδος
3604 2196 3662 2249 δὲ

2068 2278 2296 2349 ψυχικὸν
2330 2280 2423 2333 καὶ
2461 2280 2752 2351 ἀσώματον
2788 2284 2820 2353 ἡ
2853 2282 3033 2354 ὄρεξις
3073 2284 3171 2354 τῆς
3200 2282 3661 2356 ἀντιλυπήσεωςδ

2066 2374 2127 2427 τὸ
2160 2374 2215 2426 δὲ
2248 2374 2478 2445 θυμικὸν
2505 2376 2607 2446 τῆς
2629 2376 2827 2448 ψυχῆς,
2850 2377 3013 2447 μέρος
3044 2376 3221 2447 ψυχῆς
3238 2376 3365 2429 ἐστι
3388 2377 3483 2429 καὶ
3514 2377 3665 2430 ἀσώ-

2071 2483 2257 2536 ματον.
2301 2467 2364 2519 Ἡ
2398 2463 2491 2520 οὖν
2521 2468 2733 2538 ἀνδρία,
2777 2467 2890 2533 ἕξις
2921 2468 3016 2521 καὶ
3047 2468 3217 2539 ἀρετὴ
3244 2462 3413 2532 οὖσα,
3454 2471 3560 2525 καὶ
3606 2471 3667 2522 τὸ

2067 2558 2295 2629 Θυμικὸν
2322 2559 2590 2613 τάττουσα
2613 2560 2707 2613 καὶ
2724 2558 3025 2630 κοσμοῦσα,
3051 2559 3111 2612 οὐ
3139 2558 3469 2630 μεταϐάλλει
3497 2559 3668 2612 τοῦτο

2066 2651 2204 2722 πρὸς
2231 2650 2614 2722 μαλθακότητά
2635 2668 2776 2716 τινα,
2802 2652 2897 2704 καὶ
2923 2645 3033 2704 οἷον
3057 2651 3155 2722 τῆς
3183 2650 3401 2720 φύσεως
3432 2650 3632 2722 ὲξιστᾷ
3650 2668 3667 2681 ο

2064 2743 2185 2797 ὅθεν
2228 2743 2320 2797 καὶ
2362 2743 2557 2814 ἀφίησι
2596 2742 2753 2796 τοῦτο
2782 2745 2848 2814 τῇ
2893 2743 3070 2813 οἰκείᾳ
3121 2742 3350 2813 ἰδιότητι
3390 2741 3667 2812 χρῆσθαι,

2064 2838 2205 2911 πλὴν
2247 2839 2632 2910 προσηκόντως
2666 2839 2759 2891 καλ⁵
2804 2838 2880 2901 ὼς
2921 2837 3018 2890 δεῖ.
3045 2836 3328 2907 Λαμϐἀνει
3359 2835 3462 2909 τὴν
3495 2834 3668 2906 ὓλην,

2062 2930 2123 2984 τὸ
2161 2931 2509 3003 περικάρδιον
2550 2930 2747 3002 δηλαδὴ
2787 2925 2959 3001 αἷμα,
3008 2927 3151 2982 θέλει
3198 2929 3549 3000 είδοποιῆσαι
3598 2930 3669 2997 τῇ

2063 3024 2255 3095 ἀνδρίᾳ
2308 3022 2675 3094 διοικούμενον
2724 3022 2905 3094 ὄρεξεν
2956 3039 3078 3075 τινα
3124 3026 3513 3092 προσήκουσαν
3571 3021 3672 3073 καὶ

2064 3115 2318 3186 ἐπωφελῆ
2340 3156 2354 3181 ,
2389 3115 2799 3187 καταφρονῆσαι
2833 3114 3113 3185 λυπηρῶν,
3147 3112 3419 3182 ἀλογῆσαι
3456 3113 3669 3183 ἡδέων,

2062 3210 2396 3282 καρτερῆσαι
2427 3208 2638 3271 δεινῶν,
2670 3207 3100 3279 ὲμφιλοσοφῆσαι
3139 3206 3254 3268 τοίς
3301 3204 3528 3268 πάθεσι,
3565 3204 3673 3273 ζη-

2057 3310 2229 3365 λῶσαι
2264 3309 2403 3381 πρὸς
2441 3307 2511 3361 τὰ
2540 3306 2713 3371 καλὰ,
2755 3303 3149 3378 παραζηλῶσαι
3185 3302 3326 3374 πρὸς
3367 3301 3439 3354 ea
3482 3305 3669 3369 κακὰ,

2058 3402 2367 3476 ἀμύνασθαι
2398 3401 2490 3454 τὸν
2521 3400 2689 3464 ὅντως
2725 3398 3014 3468 πολέμιον’
3051 3395 3087 3449 ἃ
3126 3394 3191 3466 δὴ
3226 3396 3407 3449 πάντα
3429 3433 3444 3459 ,
3488 3396 3548 3447 εἰ
3588 3396 3674 3467 μὴ

2056 3496 2204 3549 ἔστιν
2246 3498 2278 3567 ή
2331 3496 2460 3565 περὶ
2505 3492 2606 3565 τὴν
2644 3490 2871 3563 καρδίαν
2921 3490 3149 3559 αἵματος
3202 3486 3389 3550 ζέσις,
3436 3487 3550 3540 οὐκ
3599 3488 3673 3539 ἂν

373 3576 555 3642 lando,
591 3592 676 3632 res
709 3591 907 3646 pravas
938 3577 1228 3643 abolendo,
1262 3591 1451 3632 verum
1497 3578 1704 3632 hostem
1734 3591 1843 3646 prol

2196 3586 2367 3639 οθείεν
2413 3584 2614 3646 ποσῶς.
2658 3581 2828 3635 Τοῦτο
2859 3579 2967 3652 γὰρ
2992 3580 3020 3633 ὃ
3060 3578 3157 3633 καὶ
3195 3580 3225 3631 ό
3256 3577 3425 3630 Δαὸὶδ
3456 3578 3627 3647 λέγει
3650 3594 3666 3606 ·

369 3671 577 3736 sando,
620 3684 743 3739 qua:
778 3669 965 3739 utique
994 3669 1214 3735 omnia,
1264 3670 1372 3725 nisi
1412 3673 1616 3725 circum
1652 3684 1839 3739 praecm

2202 3679 2392 3732 καυσέ
2416 3693 2494 3747 με
2536 3678 2568 3729 ὁ
2610 3674 2789 3743 ζῆλός
2829 3688 2979 3727 σου·
3032 3672 3149 3734 καὶ,
3209 3671 3271 3723 '0
3315 3668 3503 3737 ζῆλος
3551 3670 3672 3724 τοῦ

368 3761 587 3831 sanguis
604 3759 1005 3825 ell‘ervesceret,
1023 3774 1363 3830 nequaquam
1378 3760 1622 3831 profecto
1638 3774 1838 3817 success

2199 3788 2219 3823 α
2249 3784 2365 3823 σου
2398 3766 2692 3837 κατέφαγτέ
2719 3783 2815 3835 με.
2865 3764 2994 3817 Ἰδοὺ
3027 3763 3159 3831 γοῦν
3180 3803 3194 3827 ,
3231 3763 3504 3834 κειμένης
3556 3764 3669 3835 τῆς

370 3864 575 3907 rectum
595 3852 948 3908 sortirentur.
975 3848 1089 3904 Hoc
1117 3854 1262 3909 enim
1286 3863 1339 3909 et
1358 3854 1525 3909 David
1544 3856 1622 3909 ait
1648 3871 1663 3908 :
1697 3856 1840 3909 Acca:

2213 3860 2767 3932 είδοποιηθησομένης
2800 3857 2942 3911 κατὰ
2980 3856 3192 3919 ταῦτα,
3241 3855 3563 3926 ὁπέρχεταί
3612 3875 3672 3909 τι

365 3964 446 4000 me
480 3947 622 4002 zelus
648 3958 769 4002 tuus
790 3956 819 3987 ν
845 3967 858 4014 ;
891 3955 946 4003 et
977 3964 991 4001 :
1018 3946 1177 4003 Zelus
1205 3949 1391 4002 domus
1423 3958 1527 4001 tua:
1547 3948 1768 4003 comedit
1796 3966 1835 4002 η

2200 3973 2234 4008 ιν
2268 3951 2427 4018 εἶδος,
2461 3956 2494 4024 ἡ
2520 3954 2618 4025 τῆς
2652 3951 3058 4022 ἀντιλυπήσεως
3091 3948 3272 4020 ὄρεξις
3294 3966 3308 3979 °
3349 3950 3443 4002 καὶ
3477 3950 3551 4001 τὸ
3579 3952 3670 4014 είς

370 4041 507 4096 Ecce
530 4041 733 4110 itaque,
758 4042 1035 4111 proposita
1063 4042 1288 4097 materia
1310 4042 1614 4098 secundum
1646 4044 1763 4099 haec
1789 4042 1840 4098 ei

2204 4063 2267 4100 αν
2288 4044 2737 4115 οἰκονομούμενον
2770 4042 2936 4113 Θυμὸς
2958 4041 3191 4110 γίνεται.
3231 4041 3511 4094 Εἰδοποιεί
3543 4042 3673 4113 γὰρ

367 4144 510 4188 mata
534 4173 550 4200 ,
586 4136 834 4203 quaedam
882 4134 992 4188 alia
1033 4134 1244 4203 species
1274 4133 1581 4201 subintrat,
1616 4150 1813 4206 nempe

2202 4142 2331 4205 ζέσιν
2375 4138 2469 4192 τοῦ
2500 4139 2733 4209 αἵματος
2768 4139 2802 4207 ἡ
2852 4133 3031 4205 ὄρεξις
3053 4173 3067 4197 ,
3101 4131 3216 4186 ἀλλ’
3244 4132 3304 4185 ὲν
3347 4132 3499 4202 ἄλλῳ
3543 4136 3672 4185 τινὶ

365 4228 569 4295 petitus
615 4226 868 4281 vindicta:
900 4242 914 4280 :
950 4236 1003 4280 et
1036 4226 1179 4295 quod
1214 4227 1283 4281 ad
1330 4225 1708 4283 fortitudinem
1754 4228 1835 4283 dir

2203 4234 2442 4303 φαίνοντι
2468 4249 2481 4262 ·
2509 4232 2599 4285 διὰ
2639 4230 2796 4284 τοῦτο
2827 4228 3039 4296 λέγεται
3078 4226 3106 4277 ὁ
3147 4225 3319 4295 θυμὸς
3359 4225 3673 4297 ἀπήχημα

368 4329 473 4386 tur,
503 4318 564 4373 fit
600 4317 905 4373 iracundia.
953 4316 1249 4388 Sanguinis
1279 4320 1424 4374 enim
1460 4319 1729 4376 fervorem
1772 4321 1838 4375 in1

2197 4324 2426 4396 ὶνδρίας,
2455 4323 2531 4387 ὡς
2561 4323 2625 4376 ἄν
2652 4339 2739 4385 τις
2772 4319 2915 4372 εἴποι
2943 4316 3128 4387 φωνῆς
3161 4317 3435 4388 ἀπήχημα
3478 4312 3667 4387 ἦχον,

363 4419 478 4466 mat
529 4412 845 4481 appetitus,
899 4410 996 4466 sed
1053 4412 1108 4465 in
1169 4410 1278 4465 alio
1337 4412 1575 4481 quodam
1636 4412 1833 4467 dissimi

2201 4431 2266 4485 ίον
2292 4414 2351 4466 τὸ
2370 4413 2522 4476 τέλος
2544 4412 2642 4483 τῆς
2669 4409 2852 4480 φωνῆς
2870 4424 2884 4438 ο
2918 4406 3069 4469 τέλος
3089 4403 3200 4476 γὰρ
3227 4405 3413 4475 φωνῆς
3434 4404 3505 4457 τὸ
3548 4422 3671 4477 ση-

360 4508 580 4571 propter
640 4499 786 4571 quod
852 4501 933 4556 ira
990 4500 1191 4556 dicitur
1238 4510 1547 4558 extremum
1602 4502 1829 4558 fortitud

2201 4505 2211 4558 Ξ
2254 4522 2327 4557 τι.
2387 4503 2543 4557 Οὕτω
2597 4503 2691 4556 καὶ
2737 4498 2970 4554 ἐνταῦθα
3024 4496 3173 4560 ξέσις
3228 4495 3511 4565 αἵματος,
3578 4498 3671 4567 μὴ

358 4593 672 4663 vestigium,
704 4592 964 4663 150_ac
990 4593 1035 4650 si
1063 4596 1185 4665 quis
1231 4605 1538 4651 extremum
1588 4597 1738 4651 vocis
1764 4612 1827 4653 ve

2205 4616 2239 4651 at
2267 4597 2328 4650 τὸ
2355 4598 2550 4650 οἰκεῖον
2572 4595 2723 4660 τέλος
2743 4612 2756 4625 ·
2778 4593 2928 4655 τέλος
2954 4589 3031 4654 δὲ,
3060 4589 3167 4643 πᾶν
3190 4586 3416 4656 ἀγαθὸν,
3444 4587 3675 4653 καθὼς

357 4686 527 4756 gium,
560 4696 716 4743 vocet
741 4702 957 4752 sonum,
989 4702 1113 4741 cum
1159 4688 1310 4744 vocis
1353 4688 1514 4742 finem
1547 4704 1652 4743 non
1691 4689 1827 4743 habe

2204 4692 2248 4763 ᾦ
2299 4688 2656 4762 Ἀριστοτέλει
2688 4687 2853 4739 δοκεῖ.
2890 4678 3016 4751 Εἶχε
3051 4680 3108 4733 δὲ
3138 4678 3202 4731 τὸ
3246 4677 3403 4740 τέλος
3427 4716 3443 4741 ,
3480 4679 3545 4730 εἰ
3600 4680 3674 4731 τὸ

356 4794 483 4834 nam
533 4779 683 4835 vocis
730 4778 854 4834 finis
890 4787 974 4834 est
1016 4778 1297 4849 quidpiam
1350 4780 1679 4848 significare.
1728 4779 1826 4833 Εο(

2213 4784 2312 4855 τὴν
2346 4782 2569 4855 ἀνδρίαν
2602 4778 2738 4843 εἶδος
2770 4775 3144 4847 ἀπελάμϐανε,
3179 4774 3275 4827 καὶ
3308 4772 3495 4835 καλῶς
3522 4774 3676 4826 ἐκι-

357 4872 516 4927 modo
549 4871 638 4926 hic
670 4871 853 4928 fervor
884 4874 1166 4943 sanguinis
1190 4913 1205 4939 ,
1249 4889 1370 4928 cum
1405 4888 1512 4927 non
1543 4872 1740 4926 habent
1769 4871 1823 4925 fit

2213 4877 2349 4951 πρὸς
2380 4877 2408 4929 ὃ
2442 4876 2642 4948 ἐχρῆν,
2688 4874 2781 4927 καὶ
2815 4871 2889 4933 ὡς
2923 4869 3052 4923 ἔδει.
3088 4866 3258 4921 Πάλιν
3296 4866 3397 4937 τὴν
3430 4866 3674 4919 ἐπιου-

355 4964 668 5033 proprium;
712 4964 838 5018 linis
877 4973 1057 5018 autem
1098 4964 1236 5032 ejus,
1276 4974 1360 5021 est
1414 4979 1575 5019 omne
1623 4964 1824 5018 bonum

2210 4970 2429 5042 εἴχομεν
2459 4967 2654 5035 ἀνάξαι
2682 4968 2761 5030 είς
2796 4965 2936 5018 Θείον
2982 4962 3182 5033 ἔρωτα.
3222 4959 3326 5013 Διά
3346 4958 3399 5012 τί
3430 4957 3497 5011 δὲ
3546 4961 3680 5013 οὐκ

355 5059 632 5113 Aristoteli
650 5059 847 5128 placet.
872 5058 1073 5112 ilabnit
1094 5060 1275 5127 itaque
1294 5060 1479 5124 finem,
1498 5059 1542 5114 si
1564 5077 1591 5112 a
1614 5058 1825 5113 fortituc

2204 5062 2516 5136 ›φροσύνην,
2552 5061 2626 5125 ὡς
2650 5060 2742 5113 καὶ
2772 5057 2833 5110 τὸ
2867 5054 3097 5127 θυμικὸν
3130 5054 3211 5116 εἰς
3235 5052 3337 5123 τὴν
3362 5050 3630 5121 ἀνδρίαν
3656 5069 3674 5115 ;

357 5154 588 5206 fortnam
617 5151 913 5221 acceperit,
946 5160 999 5204 et
1026 5154 1251 5205 honeste
1276 5153 1341 5205 ad
1374 5152 1426 5205 id
1456 5154 1598 5219 quod
1623 5152 1827 5221 oportet

2243 5155 2343 5226 μὲν
2376 5154 2607 5227 θυμικὸν
2644 5153 2706 5205 οὐ
2750 5149 2888 5223 πρός
2933 5164 2985 5198 τι
3033 5144 3285 5214 λέγεται·
3341 5141 3462 5195 οὐδὲ
3530 5142 3680 5215 γὰρ

353 5251 409 5295 et
446 5258 511 5297 ea
540 5257 662 5312 quae
686 5243 913 5298 decebat
941 5243 1151 5296 ratione
1173 5252 1317 5297 mota
1344 5240 1527 5297 fuerit.
1565 5241 1811 5297 Rursum

2208 5252 2247 5303 ιί
2298 5267 2440 5313 τινος
2490 5250 2815 5321 πράγματος
2872 5240 3134 5312 Θυμικόν·
3192 5239 3315 5292 ὅθεν
3359 5236 3453 5290 καὶ
3510 5238 3678 5289 καθ’

355 5337 633 5403 piditatem
678 5338 746 5389 ad
789 5335 1033 5390 divinum
1069 5349 1308 5389 amorem
1348 5336 1607 5391 reducere
1643 5337 1825 5392 debem

2210 5342 2256 5396 iv
2289 5344 2369 5405 είς
2389 5342 2488 5414 τὴν
2518 5341 2741 5412 ἀνδρίαν
2770 5334 3177 5409 μετεὸιϐἀζετο,
3212 5328 3502 5401 ἀρκούσης
3546 5328 3680 5399 τῆς

359 5430 554 5497 thuid
609 5437 791 5483 autem
825 5445 929 5483 non
969 5430 1036 5486 ad
1064 5429 1503 5497 temperantiam,
1532 5429 1674 5484 sicut
1704 5429 1829 5485 iracu

2214 5453 2235 5498 ;
2271 5436 2352 5499 είς
2384 5435 2484 5505 τὴν
2515 5432 2704 5487 τούτου
2739 5427 3035 5498 ἀναγωγήν
3056 5442 3070 5456 °
3109 5424 3170 5478 τὸ
3204 5423 3262 5476 δὲ
3296 5419 3684 5491 ἐπιθυμητι-

356 5521 496 5575 diam
550 5522 618 5575 ad
678 5520 1098 5577 fortitudinem?
1147 5521 1278 5591 quia
1326 5521 1586 5576 nimirunt
1642 5522 1826 5578 iracun

2208 5528 2287 5590 σός
2314 5544 2366 5579 τι
2387 5526 2600 5595 λέγεται
2634 5523 2881 5595 ὲραστὸν,
2915 5518 2944 5571 ὃ
2975 5518 3073 5571 καὶ
3098 5511 3509 5586 ἐπιθυμητικὸν
3557 5511 3678 5566 λέ-

358 5628 463 5668 non
490 5613 687 5669 dicitur
715 5615 782 5669 ad
812 5614 1039 5685 aliquid,
1075 5627 1251 5683 neque
1278 5614 1423 5666 enim
1453 5615 1653 5669 dicitur
1687 5616 1828 5686 alicui

2252 5624 2310 5676 '0
2355 5622 2486 5694 γοῦν
2532 5622 2803 5696 χρησίμου
2829 5660 2842 5683 ,
2878 5615 3225 5689 ἐπιθυμητοῦ
3260 5614 3353 5669 καὶ
3384 5612 3682 5684 ἐραστεῡὺ

393 2018 642 2086 accipere
696 2016 857 2070 liceat
905 2028 1008 2083 pro
1057 2012 1378 2068 fortitudine
1412 2028 1532 2082 quae
1568 2013 1738 2082 ipsam
1786 2024 1966 2067 ornat.

391 2108 485 2163 Sic
525 2121 655 2162 vero
700 2105 778 2159 ira
818 2102 1070 2157 ultimum
1120 2101 1410 2169 vestigium
1458 2109 1541 2155 est
1596 2099 1966 2164 fortitudinis,

387 2203 514 2273 quia
553 2202 633 2255 ira
659 2209 742 2255 est
777 2198 1024 2267 quaadam
1067 2196 1318 2251 ebullitio
1351 2193 1636 2265 sanguinis
1657 2193 1805 2250 circa
1833 2208 1969 2263 prte—

386 2294 597 2358 cordia,
635 2308 702 2348 ex
749 2291 991 2361 appetitu
1028 2288 1304 2345 vindictze.
1338 2288 1611 2358 Corporea
1656 2287 1841 2356 itaque
1875 2288 1969 2340 ira:

386 2386 641 2449 materia,
667 2393 754 2439 est
782 2382 1001 2460 sanguis
1028 2380 1122 2450 qui
1147 2382 1293 2434 circa
1321 2377 1619 2447 praecordia
1646 2388 1764 2444 est;
1794 2376 1967 2431 forma

382 2490 521 2531 vero
544 2473 809 2545 spiritalis
829 2482 884 2527 et
908 2472 1252 2540 incorporea,
1280 2480 1361 2525 cst
1386 2468 1656 2540 appetitus
1681 2470 1962 2533 vindictzc;

384 2567 679 2623 irascibilis
724 2573 907 2620 autem
947 2564 1125 2634 portio
1156 2562 1383 2627 anima,
1415 2577 1541 2631 pars
1574 2569 1657 2615 est
1688 2560 1882 2614 animae
1911 2569 1966 2615 et

386 2662 737 2729 incorporea.
782 2655 1067 2710 Fortitudo
1114 2655 1303 2724 igitur,
1356 2668 1482 2709 cum
1530 2652 1751 2707 habitus
1797 2652 1869 2706 sit
1909 2661 1966 2707 et

382 2746 597 2810 virtus,
645 2742 1092 2812 irascibilemque
1146 2754 1349 2796 motum
1403 2740 1622 2796 ordinet
1668 2748 1723 2797 et
1769 2751 1963 2808 ornet,

381 2837 613 2892 minime
650 2836 913 2891 transfert
943 2834 1095 2889 illum
1129 2833 1196 2887 ad
1232 2833 1468 2901 aliquam
1511 2832 1830 2900 mollitiem,
1871 2842 1965 2888 aut

380 2930 539 3002 quasi
566 2945 595 2983 a
624 2938 817 2984 natura
847 2928 1065 2983 abducit
1094 2945 1109 2981 :
1139 2926 1281 2981 unde
1308 2926 1471 2981 etiam
1496 2926 1628 2980 sinit
1656 2926 1806 2981 illum
1837 2940 1964 2997 pro-

378 3024 613 3094 prietate
633 3038 729 3079 sua
758 3023 855 3088 uti,
880 3028 1253 3076 verumtamen
1278 3020 1554 3086 decenter,
1575 3030 1629 3075 et
1651 3032 1708 3074 ut
1727 3029 1958 3089 oportet.

372 3207 598 3276 vultque
621 3205 909 3261 efformare
936 3203 1233 3273 appetitum
1254 3202 1547 3270 quemdam
1572 3201 1755 3257 utilem
1781 3215 1844 3257 ac
1867 3201 1960 3257 de-

375 3307 615 3363 centem,
638 3299 729 3369 qui
756 3298 1081 3354 fortitudine
1106 3307 1346 3368 regatur,
1370 3297 1436 3351 ad
1462 3308 1549 3351 res
1567 3297 1750 3350 tristes
1773 3294 1956 3365 despi-

372 3392 595 3450 ciendas
611 3390 951 3459 etjucundas
976 3389 1426 3456 contemnendas,
1464 3390 1517 3444 in
1548 3389 1736 3443 arduis
1758 3389 1956 3457 perdu-

521 5784 697 5845 'l'sal.
724 5806 955 5851 Lxxvut.
983 5790 1017 5844 5
1119 5789 1316 5854 ιΡδιιΙ.
1349 5806 1512 5848 vam
1537 5836 1551 5856 ,
1597 5792 1683 5849 10.
