3734 6368
141 362 247 419 365

628 354 713 409 DE
753 350 1081 411 C(ELESTI
1114 349 1563 415 IllERARCHIA,
1612 349 1767 406 CAP.
1808 350 1925 405 XV.
1962 382 2031 391 —-—
2061 350 2410 409 PARAPHR.
2443 350 2919 408 PACHYMERE.

3314 347 3423 405 566

143 470 424 543 ὶπιθυμῶν
461 467 693 541 σώφρων
726 467 793 522 ἂν
816 466 1048 536 λέγοιτο,
1084 468 1180 520 καὶ¹
1205 467 1327 520 ὅσον
1361 467 1479 519 ἐστί
1510 466 1571 519 τὸ
1604 466 1617 518 ἐ

1944 466 2270 521 iracundia?
2306 468 2449 522 unde
2474 483 2599 523 cum
2645 470 2943 525 secundum
2985 481 3045 521 se
3083 467 3174 528 sit.
3207 468 3275 520 ad
3304 466 3417 522 lor-

145 563 386 637 θνμητδν
409 561 634 632 ὑψηλὸν,
654 560 909 614 τοσοῦτον
933 559 1133 631 μᾶλλον
1158 558 1389 631 σώφρων
1415 559 1640 621 ἐκεῖνος.
1659 559 1726 611 Τί

144 660 198 713 δὲ
228 656 323 709 τοῦ
361 654 506 708 θείου
551 654 754 725 ἔρωτος
786 652 1149 724 ὑψηλότερον;
1184 651 1354 715 οὕτως
1383 650 1601 722 εἴχομεν
1634 649 1725 702 λέ-

143 767 259 818 γειν
283 748 376 801 καὶ
401 746 530 818 περὶ
549 744 759 799 τούτου.
790 747 900 799 Kal.
940 742 1126 807 ἁπλῶς
1159 744 1353 805 εἰπεῖν,
1387 742 1605 806 ἁπάσας
1625 739 1725 805 τὰς

145 843 427 914 αἰσθήσεις
466 857 527 893 τε
568 840 661 892 καὶ
695 835 1057 909 πολυμερείας
1083 835 1193 888 τῶν
1225 832 1433 902 ἀλόγων
1469 832 1622 896 ζώων
1645 833 1727 895 είς

142 934 241 999 τὰς
280 933 475 997 ἀύλους
506 932 764 1002 δυνάμεις
805 927 1218 1001 μεταϐιϐάζειν,
1253 928 1348 981 καὶ
1388 927 1610 995 ἀνάγειν
1645 926 1725 988 εἰς

141 1026 202 1080 τὸ
235 1025 466 1089 ὲνοειδὲς
506 1025 601 1078 καὶ
633 1022 841 1078 ἁπλοῦν
878 1022 948 1075 τά
985 1021 1248 1076 σύνθετα’
1279 1020 1392 1073 ἀλλ’
1420 1021 1579 1093 ἀρκεῖ
1615 1021 1728 1082 τοῖς

141 1119 431 1189 ἐχέφροσιν
454 1119 513 1171 οὐ
548 1116 722 1170 ταῦτα
757 1117 914 1186 μόνον
948 1113 1149 1186 (ταῦτα
1186 1111 1293 1184 γὰρ
1322 1112 1451 1175 ἴσως
1484 1109 1727 1181 πολλὰ),

141 1213 281 1268 ἀλλά
335 1214 429 1265 καὶ
475 1214 602 1283 μιᾶς
644 1210 851 1273 εἰκόνος
890 1209 1151 1279 ἀναγωγὴ
1174 1248 1188 1272 ,
1226 1208 1294 1278 ἧν
1319 1224 1481 1277 φησιν
1511 1204 1733 1260 ἀνακά-

145 1313 384 1377 θαρσιν,
419 1307 495 1370 ὡς
536 1305 671 1378 πρὸς
692 1305 753 1357 τὸ
777 1302 1005 1365 ἑνοειδὲς
1025 1301 1391 1372 ἀναγομένην,
1416 1301 1511 1353 καὶ
1542 1297 1730 1369 νοητὸν

144 1402 203 1453 ἐν
244 1400 327 1469 τῷ
356 1399 457 1469 τῆς
488 1396 684 1466 ὑλικῆς
725 1392 1025 1465 ὲμφερείας
1059 1391 1487 1462 ἀποκαθαίρεται
1511 1408 1523 1419 ’
1573 1392 1734 1462 ἀρκεῖ

141 1491 277 1560 γοῦν
319 1491 411 1543 καὶ
444 1490 572 1560 μιᾶς
609 1487 815 1550 εἰκόνος
847 1484 1217 1555 ἀνακάθαρσις
1255 1484 1349 1536 καὶ
1382 1484 1462 1545 εἰς
1495 1480 1591 1552 τὴν
1622 1480 1732 1533 τῶν

140 1584 345 1638 λοιπῶν
377 1582 775 1652 διασάφησινομ

1834 559 2123 613 titudinein
2160 559 2467 624 translata,
2513 569 2630 625 est,
2661 562 2807 631 quod
2838 560 3073 618 sufﬁciat
3122 560 3310 614 virtuti
3360 570 3423 613 ut

1834 648 1902 702 ad
1930 649 2073 702 hanc
2118 650 2445 717 reducatur;
2478 652 2919 722 concupiscentia
2963 662 3144 707 autem
3178 652 3422 707 reiertur

1836 740 1903 792 ad
1938 740 2139 809 aliquid
2170 743 2432 808 amabile,
2463 745 2607 812 quod
2638 755 2695 799 et
2722 746 3017 815 appetibiie
3045 744 3269 801 dicitur.
3315 744 3423 811 Qui

1837 833 2023 903 itaque
2053 849 2167 889 rem
2203 835 2415 900 utilem,
2449 837 2795 906 appetibilem
2823 849 2878 892 et
2903 839 3190 893 amabilem
3219 854 3423 893 concu-

1836 924 2031 992 piscit,
2064 934 2379 993 temperans
2418 926 2522 980 dici
2557 928 2771 995 possit;
2810 937 2865 983 et
2902 938 3110 997 quanto
3162 944 3251 984 res
3298 926 3424 998 qua:

1839 1019 2112 1087 appetitur
2135 1019 2426 1073 sublimior
2456 1020 2668 1082 existit,
2704 1030 2856 1075 tanto
2883 1037 3099 1092 quoque
3127 1023 3244 1093 ipse
3286 1033 3425 1077 teni-

1838 1115 2141 1181 perantior.
2196 1112 2340 1179 Quid
2396 1124 2575 1168 autem
2624 1116 2809 1172 divino
2858 1133 3045 1174 amore
3104 1119 3425 1174 sublimius?

1840 1207 1957 1261 haec
1989 1206 2175 1276 itaque
2204 1206 2272 1261 de
2304 1206 2390 1261 bis
2418 1206 2678 1262 diximus.
2712 1208 2813 1274 Et,
2846 1210 3175 1280 simpliciter
3203 1211 3425 1281 loquen-

1840 1300 1910 1354 do
1929 1340 1944 1364 ,
1972 1314 2256 1369 possemus
2279 1301 2522 1354 omnium
2565 1302 2926 1357 animantium
2974 1305 3203 1361 rationis
3230 1322 3424 1374 exper-

1843 1390 1983 1445 tium
2016 1401 2073 1445 et
2100 1406 2295 1447 sensus
2321 1401 2377 1447 et
2406 1392 2577 1447 multa
2623 1394 2872 1449 membra
2910 1395 2978 1449 ad
3030 1396 3424 1453 immateriales

1842 1483 1963 1539 illas
2003 1484 2236 1540 virtutes
2268 1488 2599 1553 transferre,
2631 1496 2686 1543 et
2714 1502 2777 1542 ea
2814 1504 2934 1558 quae
2966 1493 3268 1560 composita
3299 1504 3427 1549 sunt

1843 1576 1911 1629 ad
1958 1577 2393 1633 uniformitatetn
2434 1579 2955 1651 simplicitatemque
2983 1585 3302 1650 traducere;
3330 1589 3428 1642 sed

140 1676 508 1748 prudentibus
548 1691 654 1730 non
702 1675 819 1728 haec
862 1673 1036 1728 solum
1078 1669 1359 1741 (quoniam
1409 1670 1529 1724 haec
1569 1666 1713 1723 forte
1766 1667 1958 1755 multa)
1998 1672 2134 1725 satis
2161 1680 2311 1737 sunt,
2358 1686 2551 1727 verum
2605 1673 2770 1729 etiam
2810 1674 2895 1729 vel
2947 1676 3110 1735 unius
3171 1678 3427 1751 imaginis

138 1784 429 1840 anagege,
472 1783 634 1838 quam
684 1766 1089 1837 ἀνακάθαρσιν,
1141 1778 1237 1818 seu
1284 1761 1712 1828 expurgationem
1759 1771 1985 1828 vocant,
2010 1772 2068 1816 ut
2100 1777 2222 1832 quae
2250 1762 2320 1816 ad
2352 1762 2783 1820 uniformitatem
2830 1767 3089 1832 adducat,
3148 1779 3206 1824 et
3263 1771 3428 1826 intel-

146 1859 353 1929 ligendi
388 1857 786 1912 facultatemin
850 1852 1121 1909 rnateriali
1170 1850 1527 1906 similitudine
1580 1848 1869 1918 puriﬁcat;
1927 1854 2010 1908 vel
2050 1854 2213 1909 unius
2268 1852 2457 1924 itaque
2512 1854 2768 1927 imaginis
2815 1859 3119 1916 enucleatio
3147 1862 3217 1916 ad
3260 1871 3427 1919 caete-

144 1965 337 2005 rarum
374 1966 591 2021 quoque
621 1949 1041 2019 explicationem
1078 1947 1214 2002 satis
1246 1956 1349 2001 est.

218 2045 248 2116 §
294 2046 388 2098 IX.
442 2042 837 2097 Ἐπισκεπτέον
859 2042 915 2096 δὲ
944 2042 1038 2095 καὶ
1059 2038 1246 2104 τᾶλλα,
1280 2039 1408 2102 τοὺς
1440 2037 1692 2108 ποταμοῦ

1990 2032 2081 2087 1X.
2123 2034 2395 2092 Caeterum
2440 2037 2837 2095 consideranda
2872 2058 3088 2114 quoque
3131 2057 3263 2101 sunt
3298 2049 3428 2105 reli-

141 2141 238 2193 καὶ
268 2139 400 2201 τοὺς
428 2135 678 2209 τροχοὺς,
705 2135 797 2189 καὶ
834 2134 904 2188 τά
934 2132 1259 2205 συνημμένα
1292 2133 1414 2194 ταῖς
1453 2130 1733 2202 οὐρανίαις

140 2228 360 2290 οὐσίαις
394 2226 631 2299 ἅρματα.
674 2227 735 2279 Οἱ
787 2227 885 2299 μὲν
922 2220 1017 2279 οὖν
1049 2223 1312 2296 ὲμπύριοι
1355 2220 1591 2293 ποταμοὶ
1636 2220 1736 2285 τὰς

141 2320 447 2393 θεαρχικάς
491 2320 831 2393 πλημμύρας
854 2317 1337 2391 ὑποσημαίνουσιν,
1368 2314 1601 2385 ἄφθονον
1642 2315 1737 2367 καὶ

138 2414 531 2478 ἅνεξάλειπτον
586 2413 852 2484 ὲπιῤῥοὴν
900 2409 1271 2484 βραδευούσας
1311 2410 1429 2470 ταῖς
1458 2405 1736 2478 οὐρανίαις

136 2506 464 2576 δυνάμεσιν.
513 2504 667 2559 Ἐπεὶ
701 2501 757 2557 δὲ
791 2502 1053 2569 ζωοποιὸν
1082 2502 1144 2555 τὸ
1176 2500 1287 2571 πῦρ
1321 2502 1491 2561 ἐστιν,
1525 2499 1586 2551 οὐ
1614 2496 1736 2550 καθ’

135 2598 166 2649 ὃ
214 2597 354 2669 πῦρ,
392 2596 527 2651 ἀλλά
576 2596 700 2651 καθ’
750 2597 778 2649 ὃ
831 2595 1034 2668 θερμὸν
1076 2594 1173 2648 καὶ
1224 2592 1515 2665 θρεπτικόν
1566 2592 1734 2654 ἔστιν,

138 2692 287 2744 είσὶν
318 2694 374 2745 αἱ
402 2690 647 2745 τοιαῦται
681 2690 821 2744 θεῖαι
862 2687 1193 2759 πλημμύραν.
1226 2686 1319 2739 καὶ
1358 2682 1612 2748 ζωοποιοὶ
1644 2681 1738 2735 καὶ

138 2784 439 2856 θρεπτικαὶ
461 2785 562 2854 τῆς
583 2783 693 2837 τῶν
717 2782 965 2852 ἀγγέλων
993 2779 1367 2851 γονιμότητος.
1405 2777 1486 2830 Τά
1515 2776 1737 2848 ἆρματα

136 2878 239 2949 τὴν
294 2877 559 2947 συζυγίαν
612 2879 704 2931 καὶ
758 2877 820 2930 τὸ
874 2874 1210 2929 κοινωνικόν.
1265 2872 1375 2925 Καὶ
1400 2871 1452 2924 τί
1500 2870 1610 2942 γὰρ
1670 2869 1738 2924 ἂν

134 2956 293 3041 λέγοι
324 2988 409 3035 τις
446 2971 605 3024 τοῦτο
643 2972 730 3024 ἐπ’
767 2969 1001 3033 ἐκείνοις
1041 2968 1175 3021 ὅπου
1216 2967 1312 3019 καὶ
1348 2965 1406 3018 ὲν
1449 2966 1579 3035 ἡμῖν
1617 2962 1741 3033 φαί-

134 3080 334 3129 vetat;
379 3062 714 3133 Συμϐολικὸν
756 3057 909 3133 οἶμαι
940 3061 1036 3113 καὶ
1075 3059 1233 3112 τοῦτο
1271 3059 1371 3130 τῆς
1414 3056 1734 3121 κοινωνίας⁶

132 3156 234 3209 δύο
280 3159 473 3227 χεῖρας
509 3154 712 3225 ἔχουσι,
752 3154 845 3207 καὶ
879 3152 973 3206 δύο
1004 3151 1279 3224 ῥώθωνας,
1308 3149 1517 3203 καὶδύο
1541 3148 1740 3218 ὀφθαλ-

138 3249 283 3318 μοὺς
311 3288 327 3313 ,
360 3249 454 3300 καὶ
500 3247 592 3300 δύο
639 3241 773 3311 ὦτα,
815 3248 909 3300 καὶ
947 3245 1041 3299 δύο
1068 3244 1265 3309 πόδας,
1300 3244 1392 3297 καὶ
1414 3244 1598 3316 διττὴν
1628 3242 1737 3296 τῶν

130 3338 373 3393 ὀδόντων
419 3341 515 3393 καὶ
547 3338 657 3392 τῶν
688 3339 910 3410 χειλέων
954 3339 1170 3402 πλάσιν,
1204 3339 1300 3392 καὶ
1325 3338 1512 3400 τᾶλλα,
1542 3337 1629 3390 ἵνα
1660 3336 1733 3408 μὴ

1840 2142 1971 2197 qua,
2006 2129 2137 2197 quid
2163 2129 2267 2184 sibi
2299 2131 2473 2185 velint
2509 2132 2760 2197 ﬂumina,
2798 2143 2949 2199 rotzc,
2982 2148 3038 2191 et
3063 2153 3284 2204 currus,
3308 2155 3430 2209 quae

1840 2222 2162 2277 cmlestibus
2190 2224 2447 2278 essentiis
2495 2224 2780 2294 conjuncta
2832 2229 3212 2296 perhibentur.
3262 2233 3425 2305 ignea

1843 2312 2073 2379 proinde
2101 2312 2325 2368 [lumina
2372 2314 2589 2369 divinos
2636 2317 2783 2373 rivos
2816 2319 3123 2389 declarant,
3155 2339 3276 2393 qua:
3314 2326 3422 2380 lar-

1844 2418 1971 2473 gum
2025 2418 2431 2475 perennemque
2490 2404 2700 2461 ﬂuxum
2752 2410 3070 2467 cmlestibus
3136 2415 3429 2471 virtutibus

1844 2496 2220 2565 suppeditant.
2270 2497 2407 2551 Cum
2452 2509 2636 2553 autem
2686 2500 2830 2567 ignis
2879 2502 2951 2556 sit
2991 2504 3284 2573 vivitieus,
3319 2524 3426 2563 non

1843 2587 2064 2655 quidem
2095 2588 2153 2643 in
2193 2598 2456 2658 quantum
2492 2591 2635 2660 ignis
2663 2602 2769 2658 est,
2809 2594 2905 2648 sed
2942 2595 2997 2649 in
3041 2609 3305 2665 quantum
3336 2615 3431 2655 ca-

1843 2676 1988 2733 lidus
2039 2688 2095 2735 et
2144 2681 2447 2737 nutritivus
2496 2682 2727 2749 existit,
2778 2685 2948 2741 divini
3001 2704 3222 2761 quoque
3263 2704 3432 2750 :cstns

1844 2771 2156 2827 istiusmodi
2201 2784 2367 2841 atque
2408 2775 2801 2832 inundationes
2844 2780 3127 2836 viviticant
3160 2785 3324 2840 simul
3366 2802 3435 2843 ac

1845 2864 2096 2919 nutriunt
2137 2858 2532 2921 fecunditatem
2581 2868 2921 2937 angelorum.
2968 2873 3177 2931 Currus
3220 2878 3431 2950 signiﬁ-

1843 2964 1975 3010 cant
2020 2958 2339 3012 eorumdem
2388 2956 2829 3025 coniunctionem
2867 2977 2933 3017 ac
2964 2967 3428 3025 communionem.

1843 3047 2235 3103 Verumtamen
2271 3049 2460 3117 quidni
2495 3052 2562 3106 de
2608 3051 2719 3107 illis
2768 3053 3042 3123 quispiam
3100 3058 3152 3111 id
3204 3058 3428 3125 dixerit,

1843 3157 1967 3197 cum
2003 3150 2058 3197 et
2092 3142 2146 3195 in
2183 3143 2341 3198 nobis
2381 3144 2484 3199 hoc
2519 3145 2820 3214 appareat?
2848 3148 2990 3214 Quin
3037 3158 3092 3203 et
3126 3148 3257 3205 illud
3291 3166 3433 3222 quo-

1844 3248 1953 3305 que
1997 3232 2304 3304 symbolum
2350 3232 2757 3294 communionis
2788 3240 3066 3308 existimo,
3102 3245 3247 3313 quod
3291 3244 3431 3301 duas

1848 3343 2043 3383 manus
2072 3328 2349 3396 habeant,
2393 3341 2448 3385 et
2481 3333 2619 3387 duas
2653 3349 2838 3399 nares,
2885 3344 2943 3391 et
2970 3336 3106 3392 duos
3131 3338 3337 3404 oculos,
3372 3351 3434 3395 et

131 3432 262 3485 καθ’
315 3432 546 3485 ἕκαστον
579 3404 963 3503 διατρίϐωμεν.
1007 3432 1069 3485 Οἱ
1107 3432 1167 3485 δὲ
1207 3431 1426 3503 τροχοὶ,
1471 3429 1595 3483 ἐπεὶ

1953 3436 1971 3474 s
2013 3420 2193 3487 aures,
2229 3431 2287 3476 et
2328 3423 2463 3479 duos
2489 3426 2679 3495 pedes,
2728 3426 2883 3497 151
2914 3438 2971 3483 et
3004 3429 3273 3500 duplicem
3318 3441 3427 3486 tatu

130 3526 454 3597 πτερωτοὶ,
485 3523 580 3577 καὶ
610 3524 703 3577 ἐπὶ
725 3522 795 3576 τὰ
824 3522 1131 3594 ἔμπροσθεν
1168 3520 1401 3585 ἀκλινῶς
1432 3520 1733 3592 πορευόμε-

131 3637 215 3672 νοι
237 3658 253 3683 ,
282 3618 387 3690 τὴν
410 3617 634 3688 δύναμιν
662 3616 910 3689 δηλοῦσι·
943 3616 1003 3669 τὸ
1036 3615 1146 3686 γὰρ
1176 3613 1291 3682 τὴν
1322 3614 1459 3686 πρὸς
1486 3613 1547 3666 τὸ
1575 3612 1732 3665 δύνα-

135 3729 232 3783 μιν
263 3710 583 3773 ἀποδοτέον,
606 3708 687 3768 ,τά
728 3707 773 3761 δ’
816 3707 950 3761 ἄλλα
978 3707 1068 3761 διὰ
1116 3707 1304 3779 μέσου.
1345 3706 1456 3779 Τὴν
1496 3704 1728 3775 δύναμιν

129 3805 325 3858 τοίνυν
358 3802 576 3873 δηλοῦσι
600 3802 702 3872 τῆς
729 3803 851 3854 κατ’
882 3800 1096 3853 εὐθεῖαν
1124 3798 1265 3861 όδοῦ,
1290 3799 1384 3851 καὶ
1423 3796 1603 3869 ὄρθιον
1634 3796 1735 3867 τῆς

135 3894 487 3967 πρευτικῆς
535 3892 714 3945 αὐτῶν
755 3889 1053 3962 ἐνεργείας.
1096 3888 1223 3953 Πῶς
1269 3888 1328 3940 δὲ
1371 3888 1467 3941 καὶ
1499 3885 1734 3956 κυκλικὴ

131 3989 231 4041 καὶ
260 3987 390 4039 κατ’
422 3984 697 4055 εὐθεῖανὴ
738 3982 889 4047 ὀδός;
934 3979 1184 4051 Κυκλικὴ
1204 4021 1218 4044 ,
1250 3981 1332 4033 ὅτι
1364 3977 1505 4032 κατά
1536 3976 1736 4031 κύκλον

132 4078 509 4152 ἐπορεύοντο·
551 4077 672 4130 κατ’
700 4075 913 4129 εὐθεῖαν
954 4073 1043 4137 δὲ,
1083 4075 1165 4126 ὅτι
1203 4070 1615 4143 ἀνεπιστρόφως
1643 4072 1738 4125 καὶ

128 4175 222 4226 ἀεὶ
272 4173 376 4226 ἐπὶ
415 4170 477 4225 τὸ
517 4170 845 4243 ἔμπροσθεν,
889 4169 982 4222 καὶ
1014 4168 1076 4221 ού
1115 4168 1245 4221 ποτὲ
1291 4167 1391 4237 μὲν
1428 4165 1736 4239 ἔμπροσθεν

132 4266 275 4319 ποτὲ
306 4264 368 4317 δὲ
388 4264 631 4327 ὄπισθεν,
666 4264 698 4333 ἥ
724 4262 818 4315 ἐπὶ
841 4260 992 4328 δεξιά
1017 4260 1049 4331 ἢ
1074 4261 1167 4313 ἐπὶ
1193 4259 1393 4331 θάτερα
1416 4276 1429 4289 ο
1463 4258 1549 4312 διά
1578 4258 1739 4311 τοῦτο

134 4357 232 4409 καὶ
274 4354 377 4407 ἐπὶ
402 4354 491 4407 τὸν
520 4352 683 4405 αὑτὸν
716 4352 810 4405 καὶ
843 4349 1095 4420 ίθύτομον
1115 4344 1269 4419 οἷμον
1300 4350 1334 4418 ἡ
1364 4348 1526 4417 νοητὴ
1556 4344 1735 4398 αὐτῶν

130 4450 345 4522 τροχιά
374 4445 760 4519 ὑπερκοσμίως
792 4442 1049 4496 ἰθύνεται.

132 4562 308 4609 sum,
369 4543 454 4596 vel
510 4543 857 4597 dextrorsum
912 4537 997 4593 vel
1043 4535 1420 4591 sinistrorsum

135 4650 367 4693 rectam
396 4636 732 4703 arduamqne
765 4633 1282 4702 supermundialiter
1310 4633 1588 4702 dirigitur.

1842 3513 2085 3568 dentium
2110 3528 2274 3582 quam
2299 3515 2567 3571 labiorum
2592 3520 2864 3586 ordinem,
2896 3530 2952 3576 et
2976 3531 3197 3588 caatera,
3226 3539 3293 3579 ne
3313 3525 3431 3579 siu—

1842 3606 1984 3673 gulis
2007 3608 2385 3663 immoremur.
2414 3609 2565 3665 nota:
2588 3624 2792 3678 autem,
2813 3630 2937 3669 cum
2964 3625 3214 3686 pennata:
3243 3619 3355 3672 sint
3378 3627 3436 3671 ct

1840 3702 1908 3756 ad
1962 3701 2237 3757 anteriora
2283 3703 2401 3757 sine
2438 3701 2732 3761 inﬂexione
2774 3710 3118 3776 procedant,
3171 3712 3430 3767 virtutem

1842 3795 2109 3850 denotant
2138 3814 2152 3849 :
2192 3812 2317 3850 nam
2360 3796 2629 3853 articulus
2660 3802 2762 3869 τήν
2798 3801 2864 3855 ad
2896 3803 3152 3857 virtutem
3185 3803 3433 3859 referen-

1844 3888 1945 3943 dus
1980 3899 2094 3953 est,
2151 3901 2351 3945 caetera
2400 3906 2532 3947 vero
2582 3893 2906 3947 iutermcdia
2954 3903 3100 3950 sunt.
3157 3894 3427 3950 Virtutem

1844 3981 2028 4051 itaque
2056 3982 2372 4051 signiﬁcant
2424 3984 2529 4037 via:
2572 3995 2762 4049 rectas,
2814 3996 2870 4039 et
2914 3986 3302 4041 rectitudinem
3337 4002 3431 4040 eo-

1844 4076 2088 4128 rumdem
2136 4076 2495 4143 operationis.
2545 4076 2829 4142 Quomodo
2872 4085 3055 4132 autem
3105 4093 3293 4133 eorum
3343 4079 3431 4134 via

1843 4165 2134 4221 circularis
2161 4176 2269 4231 est,
2302 4176 2356 4221 et
2383 4168 2569 4221 recta?
2596 4168 2898 4225 Circularis
2928 4179 3033 4237 est,
3065 4172 3327 4241 quoniam
3375 4173 3431 4227 in

1844 4257 2077 4312 circuitu
2104 4259 2497 4326 ambulabant;
2530 4273 2677 4316 recta
2710 4278 2864 4328 vero,
2903 4263 3031 4333 quia
3082 4265 3204 4320 sine
3252 4267 3433 4321 reditu

1844 4361 1899 4405 et
1924 4366 2142 4422 semper
2174 4354 2239 4407 ad
2282 4355 2573 4409 anteriora-
2594 4358 2912 4425 pergebant,
2962 4374 3069 4413 non
3100 4369 3281 4413 autem
3331 4360 3433 4414 ali-

1843 4444 2069 4511 quando
2096 4446 2317 4513 quidem
2353 4459 2691 4515 antrorsnm,
2726 4451 3053 4521 quandoque
3077 4468 3205 4507 vero
3230 4464 3433 4508 retror-

1472 4550 1486 4587 :
1531 4534 1737 4589 idcirco
1756 4536 1923 4591 etiam
1949 4538 2287 4596 intellectilis
2339 4556 2529 4597 eorum
2559 4544 2824 4601 volutatio
2874 4546 2929 4600 in
2978 4548 3229 4601 eamdem
3286 4547 3431 4602 viain

212 4736 392 4787 Ἐστι
413 4732 472 4785 δὲ
495 4734 589 4785 καὶ
615 4733 734 4784 κατ’
761 4731 927 4802 ἄλλην
955 4730 1292 4801 ἀνακαθᾶραι
1324 4729 1613 4801 ἀναγωγὴν
1640 4730 1686 4784 τί

1959 4730 2063 4783 icet
2094 4727 2257 4784 etiam
2299 4725 2403 4781 alio
2441 4742 2602 4782 sensu
2647 4730 2945 4799 anagogico
2984 4730 3286 4788 istiusmodi
3338 4752 3428 4789 ru-

132 4831 413 4899 τοιαύτην
465 4826 576 4880 τῶν
627 4826 851 4899 τροχῶν
885 4826 1088 4878 εἰκόνα.
1144 4825 1445 4897 Ἐπεκλήθη
1502 4825 1611 4896 γὰρ
1647 4826 1743 4878 αὑ-

130 4929 277 4988 τοῖς,
302 4897 385 4980 ὡς
414 4924 443 4974 ὁ
489 4897 775 4991 προφήτης
817 4897 972 4989 φησι,
1015 4918 1244 4986 Γελγέλ
1269 4935 1280 4947 ·
1328 4918 1486 4970 τοῦτο
1531 4916 1742 4971 δὲκαθ’

141 5014 419 5088 Ἐϐραῖδα
438 5014 845 5083 ἁνακυλισμοὺς
894 5012 987 5065 καὶ
1033 5011 1400 5081 ἀνακαλύψεις
1447 5011 1737 5081 σημαίνει·

134 5108 563 5178 ἁνακυλισμοὺς
588 5105 698 5178 γὰρ
726 5106 906 5177 ἔχουσι
931 5103 1001 5157 τά
1028 5105 1254 5176 οὐράνια
1278 5107 1346 5175 τῇ
1373 5107 1500 5176 περὶ
1525 5104 1585 5157 τὸ
1613 5105 1743 5157 ταὺ-

135 5207 234 5257 τὺν
276 5201 495 5270 ἀγαθὸν
530 5200 825 5271 ἀεικινήτῳ
853 5202 1149 5270 συστροφῇ,
1182 5198 1543 5268 ἀνακαλύψεις
1582 5199 1637 5251 δὲ
1670 5201 1736 5269 τῇ

133 5297 249 5348 τῶν
288 5293 548 5367 κρυφίων
589 5292 939 5363 ὲκφαντορία.
986 5292 1072 5344 Ἑν
1104 5285 1148 5359 ᾧ
1192 5290 1301 5361 γὰρ
1343 5291 1392 5343 οἱ
1425 5292 1607 5362 τροχοὶ
1643 5308 1738 5343 κυ-

134 5386 397 5449 λίονται,
439 5384 509 5437 τὰ
547 5384 804 5439 ὑποκάτω
844 5382 1345 5445 ἁνακαλύπτονται,
1388 5383 1480 5435 καὶ
1520 5382 1589 5436 τὰ
1626 5383 1738 5436 ἄνω

138 5482 303 5537 κάτω
352 5477 617 5547 γίνονται.
672 5477 983 5546 Ἀνάγονται
1016 5476 1193 5530 τοίνυν
1228 5477 1298 5530 τά
1330 5476 1620 5548 περιπέζια
1648 5478 1742 5529 καὶ

138 5574 211 5626 τὰ
239 5572 488 5642 δεύτερα
527 5569 670 5623 κατά
697 5570 795 5641 τὴν
828 5573 908 5636 είς
932 5571 993 5624 τὸ
1021 5570 1173 5625 Θεῖον
1205 5570 1327 5624 καθ’
1355 5572 1582 5624 ’ἑκαστον
1618 5569 1743 5624 τού-

136 5686 253 5721 των
302 5666 636 5737 ἀναγωγὴν,
686 5666 779 5718 καὶ
826 5668 880 5719 αἱ
932 5666 1137 5736 ὑψηλαὶ
1167 5664 1460 5737 ὲλλάμψεις
1511 5668 1590 5730 εἰς
1642 5666 1741 5736 τὴν

139 5759 465 5834 ὑφειμένην
486 5762 553 5830 τῇ
578 5760 803 5831 προνοίᾳ
828 5762 1291 5825 καταϐιϐάζονται.

1847 4828 2023 4874 tarum
2056 4819 2475 4888 descriptionem
2511 4820 2876 4888 interpretari.
2910 4822 3116 4877 Numen
3155 4827 3297 4879 enim
3326 4828 3429 4891 eis,

1847 4919 1902 4964 ut
1943 4912 2016 4965 ait
2062 4911 2359 4979 pmpbeta,
2392 4907 2567 4978 Gelgel
2610 4910 2918 4978 impositura
2980 4924 3084 4982 est,
3135 4918 3277 4986 quod
3322 4919 3431 4974 lic-

1847 5006 2031 5059 nraico
2067 5018 2320 5058 sermone
2375 5004 2714 5057 revolutiones
2744 5006 3081 5061 revelationes
3124 5024 3230 5079 que
3257 5011 3431 5082 signi-

1846 5098 2017 5150 iicat:
2061 5095 2301 5172 eteies'tia
2351 5096 2494 5149 enim
2548 5095 2914 5153 revolutiones
2960 5113 3085 5153 suas
3129 5101 3331 5157 habent
3367 5120 3434 5158 eo

1848 5200 2019 5252 tuom,
2048 5203 2156 5257 quo
2196 5188 2400 5240 circum
2430 5187 2629 5241 bonum
2674 5188 2850 5258 ipsum
2896 5202 3155 5262 perpetua
3201 5210 3410 5251 conver

1846 5280 2003 5336 sione
2049 5290 2377 5342 versantur;
2436 5279 2795 5335 revelationes
2855 5296 3023 5348 vero,
3076 5284 3435 5338 obscurarum

1845 5392 2026 5431 rerum
2072 5372 2532 5429 manifestatione.
2576 5374 2631 5427 In
2664 5382 2926 5444 quantum
2968 5377 3111 5429 enim
3143 5387 3278 5432 rotae
3316 5380 3433 5431 vol-

1848 5479 2068 5534 vuntur,
2102 5467 2360 5523 inferiora
2406 5468 2733 5532 revelantur,
2774 5476 2829 5521 et
2857 5469 3136 5537 superiora
3181 5472 3314 5524 linnt
3349 5473 3435 5523 in-

1847 5563 2069 5618 feriora.
2120 5560 2418 5615 Humiliora
2470 5562 2650 5631 itaque
2699 5571 2751 5615 et
2805 5561 3086 5629 inferiora,
3129 5565 3433 5619 secundum

1846 5657 2133 5727 cujuslibet
2173 5657 2367 5711 herum
2407 5654 2473 5707 ad
2507 5656 2747 5710 diVinum
2779 5658 2986 5712 Numen
3025 5660 3433 5725 adductionem,

1849 5752 2154 5822 eriguntur,
2187 5760 2245 5807 et
2264 5751 2524 5806 sublimes
2556 5749 2657 5804 illac
2699 5751 3086 5807 illustrationes
3113 5767 3210 5823 per
3246 5754 3431 5824 previ-

1850 5846 2084 5901 dentiatn
2127 5844 2423 5901 remissiori
2450 5844 2618 5914 gradu
2645 5845 3022 5901 demittuntur.
