3734 6328
320 317 423 376 367

394 433 584 486 Restat
614 428 771 484 nobis
813 423 1100 482 dicendum
1129 424 1195 480 de
1243 423 1460 494 gaudio,
1491 423 1643 491 juxta
1668 421 1810 490 quod
1843 421 1895 474 in
1931 426 1976 480 Α

319 523 626 593 Evangeliis
658 523 730 575 ait
775 519 1070 574 Dominus:
1107 515 1352 571 Gaudent
1395 515 1569 582 angeli
1598 529 1754 579 super
1794 528 1898 565 uno

319 625 590 686 peccatore
620 613 980 684 pwnitentiam
1007 619 1194 678 agente
1217 616 1266 662 ἵ.
1295 606 1578 673 Quodnam
1609 605 1794 672 itaque
1818 613 1902 658 est

323 709 573 777 gaudium
615 702 966 775 angelorum?
1011 713 1186 768 neque
1227 699 1370 752 enim
1415 695 1536 764 quis
1579 694 1801 753 dixerit.
1846 693 1898 746 in

322 799 526 870 angelis
566 799 856 850 lutmanam
885 807 1006 847 esse
1037 789 1351 861 passibilcm
1385 787 1620 855 aliquam
1652 785 1901 854 volupta-

325 895 450 949 tem,
499 885 661 938 veluti
708 881 994 936 affectione
1035 881 1176 933 circa
1218 891 1413 946 corpus
1450 875 1608 930 facile
1651 875 1896 928 mutabili

321 983 681 1033 constantem,
717 974 812 1028 sed
838 973 948 1026 Deo
971 971 1226 1024 dicuntur
1249 966 1592 1038 congaudere
1617 966 1687 1020 ob
1709 978 1896 1019 eorum

319 1069 409 1136 qui
453 1066 727 1137 perierant
770 1063 1163 1127 inventionem,
1195 1061 1375 1115 divina
1415 1060 1625 1114 scilicet
1662 1059 1899 1114 delecta-

321 1165 486 1227 téone,
509 1157 963 1229 quemadmodum
990 1156 1041 1209 in
1077 1152 1384 1224 Evangeliis
1414 1152 1746 1223 accepimus.
1768 1153 1902 1207 Pro-

320 1252 693 1325 portionaliter
721 1250 905 1318 itaque
927 1248 994 1302 de
1020 1247 1226 1318 angelis
1250 1261 1445 1300 nomen
1472 1247 1576 1300 hoc
1617 1243 1898 1318 ῥᾳστώνης

317 1362 410 1401 seu
448 1343 814 1399 oblectationis
850 1340 1223 1409 accipiendum
1260 1347 1342 1392 est
1385 1354 1399 1390 :
1454 1336 1702 1410 ῥᾳστώνη
1756 1336 1898 1390 enim

317 1449 404 1494 est
443 1438 705 1508 spiritalis
755 1436 1006 1503 quaedam
1049 1432 1284 1487 facilitas
1328 1431 1804 1501 tranquillitasque
1846 1432 1897 1483 in

318 1531 500 1600 quiete
540 1529 886 1600 passionibus
936 1535 1180 1582 vacante.
1232 1525 1457 1580 Ponitur
1500 1532 1681 1576 autem
1734 1523 1898 1577 etiam

316 1639 417 1693 pro
441 1624 506 1677 iis
532 1623 621 1691 qtti
667 1621 913 1676 laborare
956 1620 1162 1686 nolunt,
1192 1619 1288 1673 sed
1320 1617 1690 1673 indifferenter
1715 1617 1903 1672 vivere

318 1717 548 1788 eligunt,
578 1715 962 1784 signiﬁcatque
991 1712 1108 1766 haec
1146 1710 1310 1765 dictio
1341 1711 1391 1764 id
1422 1710 1564 1780 quod
1611 1709 1771 1763 facile
1815 1719 1900 1764 est

319 1819 376 1864 et
407 1808 630 1862 minime
677 1807 1038 1860 laboriosum:
1086 1803 1139 1859 in
1178 1805 1384 1876 angelis
1427 1812 1607 1858 autem
1660 1802 1896 1857 insinuat

319 1902 537 1954 beatum
567 1906 621 1952 et
652 1897 906 1967 passione
930 1896 1346 1964 turbationeque
1375 1910 1621 1948 vacuum.
1649 1893 1892 1964 Congau-

318 1993 449 2046 dent
463 1993 644 2060 itaque
663 1989 910 2044 deiformi
928 1989 1158 2058 quadam
1176 1986 1537 2042 oblectatione
1556 1986 1761 2056 angelis
1775 2001 1902 2039 con-

316 2086 591 2148 veniente,
619 2081 822 2138 idcirco
862 2085 1029 2136 etiam
1067 2081 1205 2135 dixit
1229 2079 1479 2134 deiformi
1502 2097 1517 2134 :
1544 2080 1719 2147 angeli
1752 2080 1921 2134 cnim-

317 2195 438 2233 cum
472 2178 582 2234 sint
606 2177 751 2232 inter
780 2177 943 2233 Deum
975 2174 1335 2243 hominesque
1363 2174 1550 2240 medii,
1576 2175 1738 2228 rebus
1779 2174 1898 2244 qui-

318 2274 439 2328 dem
478 2269 826 2326 inferioribus
851 2269 1180 2338 eﬂigiantur,
1214 2266 1587 2336 superioribus
1617 2267 1774 2337 152
1799 2283 1898 2320 au-

318 2371 425 2417 tem
468 2362 838 2415 insinuantur.
879 2358 1347 2425 Quemadmodum
1382 2358 1550 2427 igitur
1594 2359 1758 2412 etiam
1793 2359 1896 2414 alia

321 2464 540 2506 terreno
582 2453 802 2522 quidem
854 2467 1004 2506 more
1050 2451 1346 2515 dicuntur,
1404 2450 1501 2504 sed
1561 2449 1899 2506 deiformiter

320 2546 685 2616 accipiuntur,
716 2545 789 2598 ita
817 2545 890 2598 sit
918 2544 1082 2598 etiam
1111 2543 1162 2595 in
1203 2544 1305 2597 hoc
1349 2543 1568 2597 nomine
1613 2540 1898 2614 ῥᾳστώνης

320 2655 418 2694 seu
460 2637 818 2692 oblectationis
851 2659 861 2692 :
895 2645 980 2691 est
1005 2637 1149 2692 enim
1177 2636 1281 2690 illis
1307 2636 1562 2705 gaudium
1589 2638 1896 2707 copiosum,

318 2744 374 2786 (ιι
401 2733 546 2786 bono
595 2732 706 2785 Deo
745 2732 1099 2795 conveniens,
1153 2733 1220 2784 de
1275 2729 1449 2785 salute
1497 2730 1778 2784 hominum
1829 2729 1894 2783 ad

319 2823 486 2878 Deum
514 2837 925 2886 conversorum,
956 2831 1011 2876 et
1039 2824 1106 2875 ad
1140 2821 1241 2875 hoc
1270 2835 1299 2874 a
1341 2821 1521 2876 divina
1551 2815 1896 2889 Providentia

317 2917 693 2970 deductorum.
742 2911 1120 2967 Convertimim’
1160 2911 1228 2963 ad
1280 2927 1382 2973 me,
1420 2910 1593 2980 inquit
1638 2911 1896 2965 Dominus

316 3005 386 3060 iis
414 3005 504 3072 qui
539 3006 719 3059 adhuc
743 3004 845 3058 sub
875 3013 1218 3073 peccatorum
1252 3002 1516 3055 servitute
1558 3000 1895 3062 detinentur,

1491 307 1548 364 s.
1584 300 1885 363 DIONYSII
1924 284 2394 361 AREOPAGI'NE

3501 307 3591 368 568

2075 422 2272 484 Λοιπὺς
2317 422 2448 490 ἡμῖν
2487 419 2515 471 ὁ
2554 417 2684 490 περὶ
2724 417 2825 488 τῆς
2868 420 3041 491 χαρᾶς
3090 419 3265 490 λόγος,
3309 415 3498 485 καθὼς
3547 432 3598 482 ὲν

2004 511 2355 580 Εὑαγγελίοις
2394 513 2556 581 φησὶν
2591 513 2618 563 ὁ
2648 509 2878 582 Κύριος·
2905 513 3233 580 Χαίρουσιν
3265 517 3319 569 οἱ
3352 514 3595 584 ἄγγελοι

2002 604 2100 657 ἐπὶ
2132 605 2221 658 ἑνὶ
2266 603 2595 686 ἁμαρτωλῷ
2626 605 3040 671 μετανοοῦντι.
3090 605 3186 670 Τίς
3226 607 3358 674 γοῦν
3390 610 3423 678 ἡ
3453 608 3596 679 χαρά

2002 697 2113 749 τῶν
2168 695 2449 764 ἀγγέλων;
2500 696 2560 747 οὐ
2607 694 2716 767 γὰρ
2744 695 2809 748 ἂν
2840 696 2983 750 είποι
3019 713 3103 761 τις
3138 697 3314 768 χαρὰν
3355 700 3456 752 ἐπὶ
3491 699 3595 752 τῶν

2003 789 2248 858 ἀγγέλων
2280 789 2417 842 εἶναι
2455 789 2552 860 τὴν
2593 787 2815 860 ὲμπαθῆ
2856 789 3047 861 ἡδονὴν
3067 829 3081 854 ,
3111 790 3208 862 τὴν
3242 791 3597 866 ἀνθρωπίνην

2002 881 2226 952 ταύτην,
2262 882 2336 945 ὡς
2362 882 2427 952 τῇ
2469 880 2597 952 περὶ
2629 881 2788 948 σῶμα
2813 879 3153 954 εὐαλλοιώτῳ
3180 883 3453 955 εὐπαθείᾳ⁵
3484 903 3596 939 συν-

2005 974 2298 1046 ισταμένην
2320 991 2332 1003 ·
2367 973 2502 1027 ἀλλά
2531 975 2846 1046 συγχαίρειν
2868 975 3116 1044 λέγονται
3138 976 3217 1047 τῷ
3241 975 3361 1048 Θεῷ
3392 982 3464 1050 τῇ
3489 979 3600 1033 τῶν

2002 1067 2356 1121 ἀπολωλότων
2391 1068 2641 1139 εὑρέσει,
2672 1067 2854 1133 καθὼς
2885 1071 2943 1120 ὲν
2973 1069 3329 1138 Εὐαγγελίοις
3380 1073 3594 1142 μανθά-

2002 1176 2165 1230 νομεν
2184 1200 2198 1224 ,
2249 1160 2391 1212 κατὰ
2431 1159 2530 1230 τὴν
2575 1160 2782 1232 θεοειδῆ
2830 1159 3135 1232 ῥᾳστώνην.
3188 1163 3499 1232 Ἀναλόγως
3540 1164 3596 1217 δὲ

2002 1253 2093 1306 ἐπὶ
2127 1252 2372 1320 ἀγγέλων
2418 1252 2638 1323 νοητέον
2672 1253 2732 1306 τὸ
2777 1254 2875 1324 τῆς
2921 1253 3205 1326 ῥᾳστώνης
3235 1247 3445 1326 ὄνομα·
3495 1261 3592 1329 ῥα-

2003 1344 2176 1415 στώνη
2221 1346 2329 1416 γάρ
2361 1345 2507 1397 ἐστιν
2543 1346 2576 1416 ή
2606 1344 2814 1416 ψυχικὴ
2847 1345 3071 1399 εὐκολία
3105 1348 3200 1399 καὶ
3232 1347 3511 1420 εὐμάρεια
3536 1352 3596 1402 ὲν

2001 1437 2304 1492 ἀναπαύσει
2337 1435 2475 1507 μετά
2505 1436 2791 1500 ἀπαθείας.
2826 1435 3046 1490 Τίθεται
3069 1437 3126 1491 δὲ
3153 1438 3380 1491 ἐπὶτῶν
3410 1444 3594 1493 πονεῖν

2004 1531 2078 1602 μὴ
2125 1529 2484 1600 βουλομένων,
2527 1528 2642 1581 ἀλλ’
2687 1528 2998 1600 ἀδιαφόρως
3036 1529 3138 1600 ζῇν
3170 1529 3467 1602 ἑλομένων,
3502 1533 3596 1585 καὶ

2003 1622 2254 1693 σημαίνει
2301 1623 2333 1693 ἡ
2379 1621 2524 1688 λέξις
2557 1621 2617 1674 τὸ
2648 1620 2870 1693 εὐχερὲς
2906 1621 2999 1673 καὶ
3027 1621 3127 1673 οὐκ
3169 1622 3463 1676 ἐπίπονον·
3504 1623 3597 1675 ἐπὶ

2000 1713 2057 1766 δὲ
2089 1712 2198 1766 τῶν
2221 1713 2469 1782 ἀγγέλων
2506 1712 2569 1766 τὸ
2608 1713 2876 1784 μακάριον
2907 1712 3001 1766 καὶ
3030 1713 3241 1777 ἀπαθὲς
3269 1715 3361 1766 καί
3392 1714 3600 1785 ἀόχλη-

1999 1823 2090 1860 τον
2132 1807 2441 1877 ὑποφαίνει.
2485 1806 2848 1877 Συγχαίρουσι
2892 1804 3025 1874 γοῦν
3065 1806 3208 1860 κατά
3236 1808 3334 1878 τὴν
3382 1807 3601 1879 θεοειδῆ

2002 1899 2291 1972 ῥᾳστώνην
2313 1900 2412 1970 τὴν
2433 1902 2544 1964 τοῖς
2572 1900 2823 1968 ἀγγέλοις
2857 1899 3237 1972 προσήκουσαν
3258 1941 3273 1964 ,
3316 1901 3404 1954 διὰ
3433 1900 3602 1954 τοῦτο

1999 1997 2092 2049 καὶ
2130 1995 2337 2066 θεοειδῆ
2366 1991 2486 2048 εἷπε
2511 2011 2523 2022 ·
2563 1994 2724 2066 μέσον
2752 1995 2862 2067 γὰρ
2903 1995 3039 2049 Θεοῦ
3078 1995 3174 2049 καὶ
3210 1995 3518 2067 ἀνθρώπων
3544 1997 3598 2049 οἱ

2000 2088 2133 2142 θεῖοι
2159 2086 2380 2154 ἄγγελοι
2407 2085 2580 2148 ὄντες,
2609 2087 2722 2149 τοῖς
2745 2085 2898 2138 κάτω
2933 2087 3031 2157 μὲν
3067 2086 3447 2152 εἰκονίζονται,
3480 2090 3602 2151 τοῖς.

2001 2182 2118 2235 ἀνω
2152 2179 2208 2231 δὲ
2249 2179 2698 2248 ὑπεμφαίνονται.
2758 2179 2844 2240 Ὠς
2885 2177 3016 2247 γοῦν
3051 2178 3145 2232 καὶ
3181 2178 3347 2232 τᾶλλα
3383 2180 3603 2249 γηῖνως

2004 2271 2106 2341 μὲν
2152 2268 2431 2335 λέγονται,
2482 2267 2731 2331 θεοειδῶς
2785 2267 2843 2319 δὲ
2895 2267 3361 2339 ὲκλαμϐάνονται,
3418 2268 3600 2332 οὕτως

2001 2359 2140 2413 ἔστω
2170 2360 2263 2412 καὶ
2291 2359 2384 2412 ἐπὶ
2418 2359 2517 2428 τῆς
2559 2357 2877 2430 ῥᾳστώνης·
2916 2358 3034 2412 ἐστι
3074 2359 3184 2432 γὰρ
3225 2357 3461 2428 ἄφθονος
3504 2359 3603 2410 εὖ-

2000 2451 2242 2524 φροσύνη
2269 2449 2500 2516 τούτοις,
2528 2451 2624 2504 καὶ
2664 2449 2744 2520 τῷ
2787 2449 2975 2520 ἀγαθῷ
3010 2450 3130 2521 Θεῷ
3165 2451 3471 2522 πρέπουσα,
3501 2446 3603 2502 ἐπὶ

1999 2549 2064 2617 τῇ
2099 2544 2348 2616 σωτηρίᾳ.
2381 2545 2490 2596 τῶν
2536 2544 2629 2596 ἐπὶ
2655 2542 2788 2596 Θεὸν
2813 2543 3315 2614 ὲπιστρεφομένων,
3349 2544 3442 2596 καὶ
3467 2541 3603 2612 6611-

1999 2637 2282 2707 γουμένων
2310 2637 2387 2698 είς
2414 2633 2575 2688 τοῦτο
2617 2633 2769 2706 παρά
2799 2635 2900 2704 τῆς
2935 2633 3082 2696 θείας
3118 2633 3393 2704 προνοίας.
3441 2633 3604 2685 Ἐπιο

1999 2728 2302 2798 amcis-mre
2337 2727 2488 2794 πρὸς
2511 2725 2622 2795 μὲ,
2669 2726 2833 2796 φησὶν
2877 2725 2905 2777 ὁ
2949 2725 3152 2796 Κύριος
3186 2727 3298 2786 τοῖς
3335 2723 3415 2776 ἐτι
3471 2725 3603 2786 ταῖς

1999 2821 2292 2892 ἁμαρτίαις
2317 2817 2750 2888 δεδουλωμένοις,
2774 2817 2870 2871 καὶ
2885 2816 3408 2886 επιστιέαερήσομαι
3439 2818 3604 2883 πρὸς

1997 2912 2174 2982 ὑμᾶς.
2206 2913 2318 2966 Καὶ
2355 2911 2514 2964 τοῦτό
2554 2912 2672 2963 ἐστι
2715 2909 2776 2962 τὸ
2815 2909 2968 2981 παρά
3008 2909 3085 2979 τῷ
3124 2909 3341 2980 μεγάλῳ
3387 2909 3601 2979 Παύλῳ

1999 3005 2348 3076 δηλούμενον,
2385 3004 2467 3057 ὅτι
2493 3003 2729 3075 Χριστὸς
2772 3002 2912 3074 ὑπὲρ
2951 3002 3106 3073 ἡμῶν
3136 3000 3481 3074 ἁμαρτωλῶν
3515 3003 3598 3054 ἑτι

317 3109 364 3151 ct
389 3108 666 3151 convertar
695 3097 764 3149 ad
789 3112 875 3149 vos
903 3105 952 3149 κ.
977 3095 1041 3147 Et
1063 3095 1166 3148 hoc
1190 3101 1271 3148 cst
1292 3093 1434 3162 quod
1465 3107 1494 3144 a
1520 3107 1712 3158 magno
1731 3089 1870 3144 Pauli

2075 3112 2170 3149 των
2213 3094 2472 3148 ἀπέθανε.
2509 3093 2616 3145 Καὶ
2652 3092 2810 3163 χάρις
2837 3094 2904 3161 τῇ
2940 3090 3102 3144 αὐτοῦ
3132 3091 3344 3162 ἀπείρῳ
3374 3107 3602 3160 μακροί

316 3189 679 3258 significatur,
708 3187 983 3242 Christum
1018 3201 1115 3255 pro
1146 3185 1323 3248 nobis,
1347 3201 1470 3238 cum
1497 3183 1673 3236 adhuc
1705 3197 1900 3252 pecea-

322 3291 464 3335 tores
496 3295 764 3345 essemus,
793 3289 1064 3334 mortuum
1105 3292 1246 3332 esse.
1288 3277 1595 3346 Gratiaeque
1629 3276 1738 3330 sint
1776 3276 1897 3329 infi-

317 3373 445 3427 nita:
475 3372 592 3440 ejus
616 3370 1016 3440 longanimitati
1052 3381 1108 3423 et
1135 3369 1387 3435 bonitati,
1413 3369 1554 3438 quod
1586 3383 1690 3423 non
1720 3367 1893 3423 solum

320 3471 598 3533 acceptam
646 3462 845 3515 habeat
893 3460 1291 3529 pmnilentiam,
1326 3467 1508 3514 verum
1554 3459 1716 3511 etiam
1769 3473 1894 3523 pro-

319 3561 475 3606 vocet
498 3561 553 3604 et
584 3559 865 3607 convertat
897 3551 963 3603 ad
991 3548 1390 3618 paenitentiam.
1421 3548 1532 3619 Etsi
1565 3548 1744 3616 itaque
1774 3562 1895 3615 pas-

318 3644 401 3697 sio
425 3659 530 3698 non
556 3643 626 3697 sit
656 3642 709 3696 in
742 3640 970 3710 angelis,
1000 3650 1083 3695 est
1113 3650 1291 3693 tamen
1322 3639 1373 3692 in
1403 3639 1468 3693 iis
1488 3639 1628 3693 bona
1656 3637 1891 3692 affectio.

319 3735 383 3788 Et
406 3733 657 3806 quamvis
688 3733 790 3787 boc
815 3747 1009 3787 nomen
1041 3747 1070 3785 a
1104 3731 1262 3786 nobis
1291 3730 1632 3800 desumptum
1660 3729 1752 3795 sit,
1779 3744 1898 3782 ma-

318 3828 401 3896 gis
458 3838 639 3880 tamen
685 3834 769 3880 est
808 3823 1150 3893 proprium~z
1205 3822 1478 3893 ὲμπάθεια
1522 3823 1664 3876 enim
1715 3831 1895 3877 motus

316 3921 538 3990 quidam
575 3927 809 3974 estcum
851 3916 1107 3987 passione
1136 3915 1480 3986 conjunctus,
1513 3915 1606 3968 sed
1633 3913 1895 3966 εὐπάθεια

317 4011 531 4065 habitus
567 4018 653 4065 est
695 4007 1002 4064 affectionis
1042 4009 1218 4062 bonae.
1263 4005 1406 4060 Bene
1454 4007 1632 4073 itaque
1675 4002 1896 4058 affectos

318 4118 441 4158 esse
469 4102 715 4172 angelés,
743 4102 1012 4171 significat
1036 4114 1133 4154 eos
1166 4100 1304 4153 bene
1332 4112 1392 4153 se
1424 4097 1624 4152 habere
1653 4112 1749 4165 per
1774 4112 1896 4150 om-

326 4195 513 4258 nia,et
539 4193 862 4248 incolumem
883 4207 1068 4247 eorum
1095 4200 1295 4246 statum
1328 4190 1584 4243 existere.
1625 4189 1892 4244 Gaudium

320 4288 489 4356 igitur
518 4286 768 4354 designat
810 4282 1138 4337 ineffabilem
1186 4279 1332 4333 illum
1378 4278 1628 4333 affectum
1671 4281 1892 4341 bonum,

319 4379 474 4446 cujus
496 4378 658 4432 etiam
682 4389 1053 4444 szepenumero
1080 4372 1374 4442 participes
1402 4372 1553 4426 fuere
1579 4371 1774 4436 sancti,
1800 4385 1896 4439 per

2001 3184 2170 3255 θυμία
2203 3184 2298 3236 καὶ
2335 3181 2668 3251 ἀγαθότητι,
2709 3180 2793 3233 ὅτι
2829 3180 2902 3251 μὴ
2946 3179 3106 3252 μόνον
3153 3180 3436 3250 προσίεται
3489 3177 3598 3249 τὴν

2002 3279 2309 3350 μετάνοιαν,
2355 3273 2490 3328 ἀλλά
2523 3275 2618 3328 καὶ
2655 3274 3081 3346 προσκαλεῖται,
3125 3270 3218 3322 καὶ
3265 3270 3597 3340 ἐπιστρέφει

1999 3371 2135 3443 πρὸς
2176 3369 2272 3440 τὴν
2322 3369 2630 3440 μετάνοιαν.
2681 3369 2745 3420 Ei
2789 3365 2919 3434 γοῦν
2953 3366 3046 3418 καὶ
3089 3365 3150 3417 τὸ
3197 3362 3444 3434 ἐμπαθὲς
3491 3363 3598 3415 οὐκ

1998 3462 2142 3515 ἔστιν
2195 3461 2290 3514 ἐπὶ
2333 3461 2441 3513 τῶν
2487 3459 2769 3528 ἀγγέλων,
2817 3458 2878 3510 τὸ
2912 3456 3147 3519 εὐπαθές
3183 3457 3349 3508 ἐστιν.
3395 3455 3463 3506 ΕΞ
3502 3457 3599 3508 καὶ

1995 3554 2154 3608 τοῦτο
2177 3555 2242 3606 ὲκ
2270 3553 2380 3606 τῶν
2415 3552 2536 3606 καθ’
2571 3553 2737 3623 ἡμᾶς,
2764 3550 2876 3604 ἀλλ’
2903 3547 2994 3604 οὖν
3015 3548 3340 3616 οἰκειότερον
3360 3563 3372 3575 ·
3408 3547 3597 3616 ἐμπά-

1998 3648 2117 3702 θεια
2158 3648 2267 3719 γάρ
2321 3649 2436 3698 ἐστι
2489 3645 2701 3714 κίνησις
2755 3642 2893 3714 μετά
2928 3643 3172 3705 πάθους,
3217 3639 3490 3693 εὐπάθεια
3539 3640 3598 3694 δὲ

1995 3742 2107 3809 ἕξις
2132 3737 2190 3794 εὖ
2227 3740 2444 3810 ἔχουσα.
2475 3738 2549 3791 Τὸ
2575 3733 2633 3791 εὖ
2664 3736 2854 3789 παθεῖν
2881 3734 3011 3803 γοῦν
3043 3734 3169 3796 τοὺς
3205 3731 3476 3801 ἀγγέλους
3501 3733 3597 3802 δη-

1996 3834 2078 3887 λοῖ
2098 3833 2160 3885 τὸ
2192 3827 2249 3885 εὖ
2278 3831 2421 3902 ἔχειν
2443 3827 2531 3882 διὰ
2565 3827 2788 3891 παντὸς,
2821 3827 2915 3882 καὶ
2948 3825 3045 3895 τὴν
3075 3825 3334 3893 ἀπήμονα
3370 3825 3597 3893 ἐκείνην

1996 3923 2350 3977 κατάστασιν.
2377 3919 2540 3991 Δηλοῖ
2559 3917 2688 3987 γοῦν
2721 3918 2754 3986 ἡ
2778 3915 2921 3986 χαρά
2958 3915 3053 3984 τὴν
3093 3915 3330 3985 ᾶῤῥητον
3370 3915 3594 3985 ἐκείνην

1995 4014 2314 4077 εὐπάθειαν,
2359 4007 2426 4083 ἦς
2471 4012 2529 4062 ἐν
2568 4009 2781 4081 μεθέξει
2818 4007 3077 4069 πολλάκις
3122 4013 3379 4073 γεγόνασι
3413 4007 3510 4058 καὶ
3541 4007 3593 4058 οἱ

1997 4106 2144 4175 ἅγιοι
2190 4105 2333 4159 κατά
2374 4103 2474 4168 τὰς
2520 4101 2670 4165 θείας
2717 4101 3092 4171 ὲπιφοιτὴσεις
3125 4098 3235 4151 τῶν
3283 4097 3445 4150 θείων
3496 4101 3593 4152 καὶ

1997 4197 2152 4260 θεοὺς
2189 4194 2572 4268 ἐργαζομένων
2598 4192 2914 4262 ὲλλάμψεων
2934 4208 2946 4220 ·
2985 4190 3110 4244 καθ’
3146 4190 3213 4259 ἣν
3240 4189 3462 4252 πάντως
3495 4188 3589 4241 εὖ-

1995 4287 2151 4355 λογόν
2179 4289 2325 4340 ἐστιν
2353 4284 2716 4356 ἐκλαμϐάνειν
2742 4286 2835 4337 καὶ
2867 4283 2928 4336 τὸ
2952 4283 3096 4354 ἱερὸν
3123 4281 3217 4360 τοῦ
3245 4282 3590 4350 Εὐαγγελίου

2001 4379 2160 4453 ῥητόν
2183 4395 2197 4409 ⁸
2243 4377 2585 4447 Ἐχάρησιιν
2623 4377 2738 4431 οὖν
2781 4380 2835 4430 οἱ
2881 4375 3139 4446 μαθηταί
3161 4414 3175 4439 ,
3211 4373 3444 4441 ἰδόντες
3480 4375 3591 4428 τὸν

318 4469 544 4538 illapsus
573 4467 787 4522 divinos
837 4465 1145 4520 divinarum
1187 4461 1612 4532 deificarumque
1656 4462 1866 4516 illustra

2075 4472 2218 4539 iptor
2234 4487 2248 4501 ⁸
2281 4471 2343 4522 οὐ
2361 4468 2469 4540 γάρ
2496 4465 2632 4522 εἶδον
2656 4467 2863 4533 ἁπλῶς,
2887 4470 2961 4533 ὼς
2984 4469 3078 4521 καὶ⁵
3109 4467 3296 4521 ἄλλοτε
3331 4467 3588 4534 ἔϐλεπον,

318 4564 523 4616 tionum
568 4580 580 4614 :
614 4574 720 4629 quo
746 4573 910 4612 sensu
946 4557 1110 4610 etiam
1143 4564 1292 4609 recte
1321 4555 1441 4623 capi
1477 4554 1645 4623 possit
1677 4569 1888 4609 sacrum

318 4655 446 4708 illud
490 4652 696 4707 dictum
741 4650 1017 4720 Evangelii
1055 4671 1066 4703 :
1112 4647 1290 4702 Cavisi
1327 4657 1447 4701 sunt
1493 4646 1760 4716 discipuli,
1783 4648 1891 4701 uiso

319 4747 544 4802 Domino
573 4758 621 4798 ει.
667 4743 783 4798 Non
815 4745 959 4796 enim
991 4741 1221 4811 simplici
1269 4742 1481 4794 ratione
1520 4739 1773 4793 videbant
1803 4738 1887 4807 ip-

317 4855 436 4893 suzn
464 4838 541 4892 uti
566 4836 722 4904 alias,
740 4836 833 4890 sed
857 4844 977 4904 post
1003 4842 1233 4889 mortem
1258 4835 1459 4897 vivum,
1487 4841 1542 4886 et
1571 4846 1634 4885 cx
1665 4830 1892 4883 mortuis

316 4941 438 5000 post
489 4929 848 4999 sepulturam,
897 4933 950 4980 et
995 4941 1119 4978 cum
1169 4925 1405 4978 humano
1453 4923 1648 4978 decore
1697 4920 1894 4974 divinis

317 5037 535 5092 quoque
564 5022 780 5076 dotibus
817 5018 1105 5073 illustrem.
1141 5017 1376 5071 Pulchre
1414 5015 1536 5080 hoc,
1574 5014 1650 5067 uti
1693 5025 1750 5068 et
1790 5013 1896 5066 alia

317 5113 595 5183 complura
627 5126 656 5166 a
691 5121 883 5166 sancto
913 5111 1015 5165 hoc
1046 5111 1164 5162 viro
1197 5123 1354 5163 sacro
1377 5122 1442 5162 ac
1479 5104 1692 5162 sublimi
1733 5105 1893 5160 modo

319 5204 591 5274 disputata
631 5213 794 5270 sunt;
843 5203 984 5257 unde
1031 5200 1194 5254 etiam
1239 5199 1570 5255 concludens
1615 5213 1892 5253 sermones

317 5309 444 5349 suos
479 5294 557 5348 ait
604 5317 616 5350 ;
654 5293 780 5347 llmc
811 5292 1033 5362 quidem
1063 5294 1130 5346 de
1160 5291 1267 5358 bis,
1301 5305 1420 5360 qua:
1457 5291 1581 5344 licet
1619 5291 1685 5345 ab
1730 5304 1892 5344 accu-

321 5395 437 5438 rata
464 5387 790 5441 tractatione
815 5383 1018 5448 absint,
1045 5393 1224 5436 tamen
1254 5382 1304 5437 id
1325 5381 1580 5447 eﬂicient,
1605 5383 1680 5434 uti
1706 5396 1883 5450 spero,

318 5492 388 5532 ne
437 5478 644 5547 abjccte
694 5477 834 5549 typis
877 5477 1248 5539 immorcmur,
1300 5472 1519 5544 quando
1569 5476 1636 5528 de
1683 5473 1891 5542 angelis

319 5569 596 5640 quidpiam
632 5568 684 5621 in
715 5568 1014 5639 Scripturis
1041 5569 1344 5624 audiemus.
1375 5567 1528 5634 Quod
1567 5567 1610 5620 si
1638 5567 1887 5637 objicias,

423 5734 452 5776 1
477 5739 612 5782 Luc.
649 5746 714 5781 κν
741 5771 753 5794 ,
786 5730 869 5784 10.
952 5739 972 5765 ι
1003 5729 1168 5784 Ζιοιι.
1201 5747 1251 5796 ι,
1284 5729 1336 5784 5.
1415 5741 1438 5770 α
1470 5728 1624 5785 Joan.
1660 5748 1755 5799 xx,
1781 5730 1870 5786 ‘20.

1999 4559 2136 4612 ἀλλά
2172 4559 2311 4630 μετά
2351 4559 2576 4613 θάνατον
2603 4558 2800 4624 ζῶντα,
2829 4559 2923 4611 καὶ
2965 4561 3031 4611 ὲκ
3067 4557 3278 4630 νεκρῶν
3312 4559 3455 4629 μετά
3485 4559 3587 4630 τὴν

1997 4655 2207 4726 ταφὴν,
2251 4655 2347 4708 καὶ
2375 4653 2513 4726 μετά
2547 4655 2614 4708 τὰ
2654 4654 3091 4726 ἀνθρωποπρεπῆ
3126 4653 3310 4706 ἐκείνά
3351 4653 3424 4707 τά
3464 4652 3588 4706 θεῖα

1997 4753 2092 4806 καὶ
2126 4752 2267 4824 ὑπὲρ
2297 4751 2580 4823 ἄνθρωπον
2619 4750 2826 4821 ἔχοντα.
2865 4749 3062 4812 Καλῶς
3100 4748 3162 4801 τὸ
3202 4747 3328 4810 καὶ,
3366 4748 3450 4802 ὅτι
3487 4750 3587 4802 καὶ

1996 4844 2130 4898 ἀλλα
2156 4841 2326 4896 πολλὰ
2353 4842 2510 4912 ίερῶς
2544 4842 2637 4895 καὶ
2662 4840 2879 4911 ὑψηλῶς
2915 4839 2992 4910 τῷ
3016 4839 3157 4910 ἁγίῳ
3190 4838 3587 4908 medico-dequ-

1995 4952 2117 4989 ται·
2156 4934 2278 4988 ὅθεν
2323 4935 2416 4987 καὶ
2457 4933 2795 5004 ἀποθέμενος
2830 4932 2955 4995 τοὺς
2995 4930 3188 4999 λόγους
3226 4930 3410 4999 λέγει·
3441 4933 3584 4984 Τοσ-

1997 5025 2139 5080 αῦτα
2160 5026 2254 5079 καὶ
2295 5027 2422 5098 περὶ
2453 5025 2655 5078 τούτων
2675 5064 2689 5088 ,
2715 5025 2813 5095 τῆς
2843 5024 2939 5094 μὲν
2973 5023 3258 5094 ἀκριϐείας
3283 5023 3582 5076 ἀπολειπό-

2001 5133 2157 5187 μενα,
2195 5115 2549 5168 συντελοῦντα
2581 5115 2671 5180 δὲ,
2699 5115 2773 5179 ὼς
2807 5113 3172 5185 ὑπολαμϐάνω
3191 5155 3205 5179 ,
3243 5113 3381 5185 πρὸς
3405 5114 3465 5170 τὸ
3497 5115 3582 5186 μὴ

1995 5207 2266 5271 ταπεινῶς
2303 5209 2451 5278 ἡμᾶς
2489 5207 2838 5278 ὲναπομένειν
2885 5209 2997 5271 τοῖς
3043 5206 3267 5271 τύποις,
3313 5208 3404 5260 ὅτε
3449 5206 3586 5277 περὶ·

1989 5300 2099 5354 τῶν
2135 5298 2380 5368 ἀγγέλων
2404 5299 2461 5352 ἐν
2485 5302 2606 5362 ταῖς
2632 5301 2805 5371 ἱεραῖς
2829 5299 2870 5351 Γ
2877 5301 3072 5371 ραφαῖς
3099 5299 3391 5370 ἀκούομεν.
3430 5301 3488 5352 ΕΞ
3514 5300 3579 5353 δὲ

1991 5390 2201 5460 λέγεις,
2230 5384 2274 5443 ὧ
2305 5391 2559 5460 ἀγαπητὲ
2596 5390 2853 5461 Τιμόθεε,
2897 5391 2972 5454 ὡς
3013 5391 3072 5443 οὐ
3107 5390 3215 5445 τῶν
3242 5393 3483 5452 πάντων,
3539 5391 3578 5445 ἃ

1990 5482 2054 5554 δὴ
2094 5483 2150 5536 ὲν
2188 5486 2308 5547 ταῖς
2356 5485 2527 5554 ἱεραῖς
2562 5483 2803 5555 Γραφαῖς
2843 5484 2970 5556 περὶ
3015 5482 3260 5551 ἀγγέλων
3303 5483 3578 5552 λεγόμενα

1993 5573 2368 5646 εὑρίσκονται,
2421 5573 2608 5645 μνείαν
2651 5574 3058 5648 ἐποιησάμεθα·
3099 5575 3277 5628 ἐκεῖνὸ
3314 5591 3395 5629 στι
3427 5576 3576 5630 dmo-
