3722 6306
246 344 346 402 ἔτι

1426 328 1480 384 ε.
1517 324 1817 383 DiONYSll
1848 318 2311 378 AREOPAGlTxE

3424 303 3526 360 579.

244 479 318 522 ex
364 456 897 532 supermnndialibus
941 459 997 507 et
1026 448 1417 506 sacratissimis
1465 448 1704 502 oraculis

2065 440 2340 514 ρκοσμίων
2382 436 2476 490 καὶ
2511 432 2822 507 ἱερωτάτων
2853 431 3000 503 ἡμᾶς
3030 423 3306 490 ἀποδεῖξαι
3327 423 3525 492 λογίων

247 553 666 612 monstrandum
690 548 847 603 nobis
867 554 952 602 est
974 545 1063 612 iis,
1079 543 1171 614 qui
1193 557 1261 597 ex
1291 541 1647 596 hierarchicis
1668 539 1828 612 155,

245 642 530 715 mysteriis
567 637 1068 704 traditionibusque
1108 647 1267 688 sacro
1296 641 1423 688 sunt
1464 632 1569 685 hoc
1605 647 1830 686 munere

247 735 472 790 initiati.
515 733 620 786 Sed
669 731 793 784 vide
828 744 900 783 ne
939 725 1199 795 explodas
1245 725 1448 778 Sancta
1493 731 1828 786 sanctorum,

249 827 380 894 quin
414 825 593 894 potius
621 836 821 876 arcana
872 819 963 874 Dei
996 815 1350 876 revereberis.
1386 830 1450 869 ac
1491 813 1832 884 spiritalibus

252 912 844 984 inaspectabilibnsque
868 907 1182 964 notionibus
1208 905 1528 968 celebrabis,
1554 904 1834 960 inaccessa

251 1006 470 1076 quidem
522 1001 771 1073 profanis
814 1001 900 1054 illa
953 1009 1009 1055 et
1056 999 1261 1053 intacta
1305 995 1662 1058 reservanda,
1705 993 1836 1049 solis

251 1115 384 1154 vero
411 1098 617 1154 sanctis
644 1112 770 1152 cunt
813 1109 968 1149 sacra
1001 1093 1258 1160 quadam,
1291 1093 1367 1145 uti
1411 1090 1493 1146 fas
1533 1097 1638 1156 est,
1669 1088 1838 1144 clari-

254 1202 367 1246 tate
392 1206 484 1246 res
514 1203 702 1244 sacras
733 1184 1208 1243 communicando.
1248 1183 1338 1238 Sic
1367 1183 1534 1247 enim,
1567 1181 1641 1234 uti
1685 1180 1840 1234 nobis

255 1282 453 1337 divinis
504 1279 1025 1349 contetnplatoribus
1066 1277 1292 1332 tradidit
1345 1273 1634 1343 theologia,
1675 1273 1840 1326 etiam

255 1373 486 1441 ipsemet
510 1369 668 1428 Jesus
707 1369 1019 1439 (divinitate
1046 1363 1440 1420 transcenderis
1483 1377 1547 1416 ac
1591 1376 1844 1430 superes-

255 1464 502 1519 sentialis
547 1479 720 1526 meus,
765 1463 1034 1518 universa:
1071 1459 1438 1516 ordinationis
1487 1471 1678 1521 sacrm,
1719 1471 1845 1510 san-

259 1557 642 1626 ctimoniteqne
693 1571 759 1610 ac
809 1556 1006 1622 divina:
1051 1553 1354 1609 {unctionis
1411 1548 1736 1619 principium
1791 1558 1848 1601 et

259 1647 523 1713 essentia,
556 1649 841 1717 virtusque
895 1645 1260 1715 divinissima)
1296 1644 1473 1698 beatis
1515 1641 1631 1696 istis
1665 1639 1852 1695 nobis-

261 1758 368 1812 que
398 1743 570 1797 multo
592 1741 1066 1812 prazstantioribus
1094 1741 1301 1793 naturis
1323 1735 1665 1792 manifestius
1689 1731 1852 1788 simul

1939 534 2046 604 χρὴ
2097 534 2212 595 τοῖς
2252 531 2351 601 τῆς
2413 529 2566 599 ἱερᾶς
2614 522 3001 597 μυσταγωγίας
3043 521 3142 591 τὴν
3193 516 3420 587 τελετὴν
3468 513 3530 577 ἐξ

1940 629 1984 678 is
1995 623 2272 697 ραρχικῶν
2286 617 2613 697 μυστηρίων
2629 618 2724 670 καὶ
2737 633 2815 670 πα
2823 607 3389 687 ραδόσεωντετελεσμέ
3397 624 3526 669 νοις.

1948 696 2088 772 Ἀλλ’
2122 719 2225 789 ὅρα
2257 696 2406 776 ὅπως
2437 712 2538 764 οὑκ
2583 709 2854 781 ὲξορχήσῃ
2899 704 2969 759 τὰ
3001 704 3130 773 ἅγια
3166 703 3274 755 τῶν
3315 699 3490 768 ἁγίων
3511 713 3528 728 ·

1937 809 2291 882 εὑλαϐηθήσῃ
2317 806 2405 872 δὲ,
2447 805 2542 860 καὶ
2581 802 2651 857 τὰ
2683 801 2779 854 τοῦ
2813 798 3046 871 κρυφίου
3077 793 3212 849 Θεοῦ
3244 797 3366 857 ταῖς
3407 808 3532 845 νοε-

1940 907 2062 976 ραῖς
2083 904 2129 935 ⁷⁸
2185 902 2278 954 καὶ
2325 899 2576 971 ἁοράτοις
2621 894 2860 965 γνώσεσι
2921 890 3196 960 τιμήσεις,
3248 885 3533 957 ἀμέθεκτα

1943 999 2042 1069 μὲν
2099 995 2239 1049 αὑτὰ
2278 994 2375 1047 καὶ
2429 993 2674 1064 ἄκραντα
2705 991 2823 1051 τοῖς
2869 984 3177 1044 ἀτελέστοις
3217 978 3531 1050 διατηρῶν·

1945 1092 2114 1162 ἱεροῖς
2154 1089 2211 1142 δὲ
2261 1086 2443 1158 μόνοις
2483 1083 2592 1137 τῶν
2648 1079 2810 1154 ἱερῶν
2859 1078 2976 1150 μεθ’
3023 1076 3173 1146 ἱερᾶς
3207 1072 3534 1143 ὲλλάμψεως

1944 1180 2289 1255 ἱεροπρεπῶς
2321 1177 2595 1232 κοινωνῶν
2641 1175 2796 1228 Οὕτω
2823 1171 2950 1244 γὰρ,
2973 1171 3048 1234 ὡς
3079 1171 3113 1240 ἡ
3139 1165 3390 1234 θεολογία
3419 1168 3537 1227 τοῖς

1945 1273 2238 1336 θιασώταις
2293 1273 2425 1342 ἡμῖν
2461 1268 2831 1340 παραδέδωκε,
2869 1266 2960 1318 καὶ
2993 1263 3156 1325 αὑτὸς
3197 1259 3445 1330 Ἰησοῦς,
3479 1258 3538 1327 (ὁ

1947 1365 2384 1439 θεαρχικώτατος
2408 1362 2532 1425 νοῦς
2566 1362 2658 1414 καὶ
2691 1359 3034 1428 ὑπερούσιος,
3071 1357 3104 1427 ἡ
3137 1354 3321 1423 πάσης
3358 1353 3542 1422 ἱεραρ-

1947 1461 2092 1530 χίας,
2111 1455 2425 1525 ἁγιαστείας
2445 1471 2502 1506 τε
2529 1453 2620 1506 καὶ
2645 1449 2935 1520 θεουργίας
2958 1447 3099 1518 ἁρχὴ
3127 1445 3221 1498 καὶ
3240 1442 3421 1503 οὑσία,
3445 1441 3542 1493 καὶ

1951 1549 2366 1621 θεαρχικωτάτη
2401 1544 2674 1616 δύναμις,)
2700 1546 2820 1606 ταῖς
2840 1559 2901 1593 τε
2925 1538 3228 1612 μακαρίαις
3254 1536 3352 1589 καὶ
3381 1534 3542 1606 ἡμῶν

1952 1645 2255 1717 κρείττοσιν
2286 1641 2493 1704 οὑσίαις
2516 1638 2915 1710 ἐμφανέστερον
2941 1635 3056 1706 ἅμα
3089 1632 3183 1686 καὶ
3206 1627 3545 1701 νοερὼτερον

1954 1738 2238 1807 ἐλλάμπει,
2274 1736 2367 1788 καὶ
2403 1733 2535 1805 πρὸς
2567 1732 2628 1784 τὸ
2672 1732 2873 1783 οἰκεῖον
2907 1727 3077 1788 αὑτὰς
3108 1724 3367 1795 ἀφομοιοῖ
3401 1720 3548 1774 κατὰ

261 1810 318 1891 et
366 1810 801 1906 intelligibilibus
837 1833 1078 1902 afl'ulget,
1113 1841 1169 1884 et
1217 1833 1284 1885 ad
1328 1829 1628 1899 pr0priam,
1670 1843 1731 1896 qu

2079 1845 2182 1898 ιμιν
2215 1824 2331 1895 φῶς
2350 1842 2363 1854 ·
2402 1822 2556 1894 ἡμῶν
2580 1838 2640 1874 τε
2666 1820 2745 1892 τῷ
2781 1820 2917 1891 πρὸς
2948 1817 3108 1870 αὑτὸν
3139 1810 3549 1884 ἀνατεινομένῳ

264 1929 383 1984 fieri
415 1938 615 1999 potest,
647 1943 742 1981 eas
771 1925 947 1980 lucem
974 1924 1233 1980 informat
1262 1947 1274 1980 :
1306 1923 1436 1993 quin
1474 1929 1527 1976 et
1559 1923 1767 1974 intento
1798 1919 1849 1971 in

263 2037 387 2076 eum
417 2021 590 2075 amori
621 2029 828 2085 nostro,
868 2028 923 2074 et
951 2020 1020 2074 ad
1065 2034 1154 2073 res
1195 2032 1296 2072 nos
1339 2015 1538 2086 probas
1579 2011 1850 2074 incitanti,

268 2115 586 2185 frequentes
617 2112 885 2168 admiscet
908 2113 1223 2174 varietates,
1249 2120 1414 2178 atque
1434 2108 1500 2161 ad
1525 2105 1852 2160 uniformetn

267 2214 331 2264 a’c
351 2209 599 2263 divinant
618 2223 717 2262 nos
737 2208 904 2260 vitam
934 2206 1252 2268 instituens,
1270 2200 1644 2256 habitudinem
1667 2212 1855 2266 quatu-

266 2304 415 2368 dam,
448 2312 504 2357 et
541 2317 746 2365 rerum,
778 2301 856 2354 uti
903 2315 1001 2368 par
1046 2308 1149 2370 est,
1197 2311 1480 2351 sacrarum
1523 2292 1854 2347 effectricem

269 2394 435 2449 diVini
459 2391 753 2448 sacerdotii
783 2391 1035 2445 virtutem
1060 2387 1394 2457 impertitur;
1415 2400 1521 2456 qua
1548 2386 1613 2438 ad
1641 2398 1855 2438 sacram

269 2485 560 2540 sacerdotii
612 2483 948 2538 functionem
1006 2479 1370 2544 accedentes,
1421 2478 1642 2548 ipsimet
1691 2477 1856 2532 etiam

272 2577 546 2646 supremis
570 2577 690 2632 istis
713 2575 1018 2646 spiritibus,
1041 2573 1185 2629 sacri
1213 2573 1428 2628 illorum
1461 2582 1658 2636 status,
1685 2587 1856 2641 quan-

274 2680 387 2723 tum
413 2670 564 2735 licet,
595 2669 857 2724 imitando
881 2667 1244 2723 constantiam
1277 2681 1340 2721 ac
1370 2665 1706 2726 firmitatem,
1732 2679 1860 2733 pro-

274 2763 590 2833 pinquiores
645 2763 982 2828 evadamus,
1027 2763 1272 2830 adeoque
1327 2759 1393 2812 ad
1454 2757 1581 2812 Jesu
1637 2770 1858 2826 quoque

275 2860 493 2911 beatam
525 2854 670 2908 illam
705 2855 1055 2924 divinamque
1092 2854 1268 2908 lucem
1297 2852 1644 2924 aspicientes,
1675 2864 1854 2917 sacro,

275 2950 454 3016 quoad
499 2949 698 3004 intueri
739 2948 824 3003 fas
863 2960 970 3015 est,
1022 2948 1128 3002 ritu
1175 2947 1544 3016 speculantes,
1585 2945 1858 3000 visionum

278 3041 468 3107 etiam,
493 3041 651 3108 juxta
697 3038 982 3111 mysticam
1024 3041 1328 3104 scientiam,
1375 3038 1629 3093 illustrati
1673 3037 1861 3107 (βοειιὶ-

283 3135 450 3202 tione,
498 3134 804 3190 consecrati
856 3149 921 3189 ac
967 3141 1377 3196 eonsecrantes,
1431 3130 1741 3186 luciformes
1796 3145 1860 3185 ac

281 3229 484 3297 deiﬁci,
523 3228 751 3299 perfecti
793 3242 858 3281 ac
891 3227 1228 3297 perfectores
1264 3226 1496 3280 evadere
1538 3225 1859 3295 poterimus.

1953 1923 2046 1976 καὶ
2077 1921 2224 1991 ἡμᾶς
2257 1918 2587 1972 ἀνατείνοντι
2621 1913 2730 1967 τῶν
2763 1911 2943 1966 καλῶν
2976 1910 3159 1982 ἔρωτι,
3197 1905 3549 1978 συμπτύσσει

1952 2016 2053 2080 τὰς
2088 2013 2286 2076 πολλὰς
2335 2010 2690 2082 ἑτερότητας,
2742 2007 2836 2060 καὶ
2879 2005 2959 2068 είς
3011 2001 3216 2073 ένοειδῆ
3251 2000 3347 2054 καὶ
3395 1998 3550 2053 θείαν

1955 2107 2356 2170 ἁποτελειὼσας
2378 2106 2546 2178 ζωὴν,
2563 2104 2676 2170 ἕξιν
2699 2120 2760 2155 τε
2787 2101 2881 2155 καὶ
2913 2098 3215 2170 ἐνέργειαν,
3237 2093 3548 2166 ἱεροπρεπῆ

1953 2205 2207 2276 δωρεῖται
2247 2201 2347 2271 τῆς
2381 2177 2533 2260 θείας
2587 2192 2890 2267 ἱερωσύνης
2934 2191 3034 2262 τὴν
3083 2188 3346 2257 δύναμιν·
3387 2183 3448 2250 ἐξ
3481 2177 3551 2253 ἧς

1956 2298 2050 2350 ἐπὶ
2081 2296 2180 2367 τὴν
2213 2293 2376 2363 ἁγίαν
2421 2289 2704 2362 ἐρχόμενοι
2752 2286 2853 2356 τῆς
2909 2281 3182 2355 ἱερατείας
3223 2277 3550 2347 ἐνέργειαν,

1957 2399 2243 2469 ἐγγύτεροι
2277 2396 2374 2467 μὲν
2417 2393 2572 2449 αὐτοὶ
2597 2388 2915 2460 γινόμεθα⁷²
2949 2386 3057 2440 τῶν
3100 2383 3245 2455 ὑπὲρ
3277 2382 3430 2453 ἡμᾶς
3457 2380 3555 2431 οὑ-

1959 2489 2090 2544 σιῶν
2121 2491 2188 2559 τῇ
2217 2485 2360 2541 κατὰ
2385 2484 2612 2554 δύναμιν
2631 2479 2967 2552 ἁφομοιὼσει
2990 2475 3084 2530 τοῦ
3113 2475 3345 2547 μονίμου
3375 2489 3438 2524 τε
3460 2471 3557 2524 καὶ

1957 2579 2353 2645 ἀνεξαλλὰκτου
2385 2577 2484 2646 τῆς
2515 2573 2694 2628 αὑτῶν
2726 2573 2876 2644 ἱερᾶς
2911 2569 3173 2642 ἱδρύσεως
3196 2607 3211 2632 ,
3247 2565 3346 2620 καὶ
3379 2562 3558 2635 ταύτῃ

1958 2673 2098 2746 πρὸς
2141 2671 2240 2742 τὴν
2287 2667 2563 2742 μακαρίαν
2609 2662 2784 2736 Ἰησοῦ
2829 2662 2924 2716 καὶ
2967 2659 3266 2732 θεαρχικὴν
3321 2654 3494 2726 αὑτὴν
3511 2654 3559 2684 ⁷³

1959 2761 2398 2831 ἀναϐλέψαντες,
2446 2761 2546 2812 ὅσα
2576 2775 2638 2810 τε
2674 2756 2802 2809 ἱδείν
2842 2753 3062 2823 ἐφικτὸν
3110 2748 3560 2810 ἐποπτεύσαντες

1963 2855 2124 2928 ἱερῶς
2147 2857 2212 2919 ⁷⁵,
2248 2854 2342 2907 καὶ
2379 2853 2478 2923 τῆς
2523 2850 2809 2921 θεαμάτων
2841 2845 3095 2917 γνώσεως
3128 2840 3560 2913 ὲλλαμφθέντες,

1959 2947 2057 3017 τὴν
2094 2946 2362 3018 μυστικὴν
2402 2944 2715 3013 ἐπιστήμην
2761 2935 3132 3010 ἀφιερωμένοι
3179 2933 3276 2987 καὶ
3309 2933 3557 3001 ἀφιερω-

1962 3041 2072 3104 ταὶ,
2110 3038 2420 3109 φωτοειδεῖς
2453 3036 2548 3090 καὶ
2575 3033 2885 3107 θεουργικοὶ
2907 3032 2976 3096 ⁷³,
3029 3025 3412 3098 τετελεσμένοι
3461 3020 3560 3076 καὶ

1966 3131 2336 3204 τελεσιουργοὶ
2367 3127 2623 3200 γενέσθαι
2654 3122 3016 3199 δυνησόμεθα.

1844 3405 1872 3478 §
1911 3413 1973 3474 ll.

360 3557 624 3626 Quisnam
661 3559 733 3612 sit
768 3571 900 3628 ergo
948 3569 1107 3611 sacer
1130 3553 1450 3624 angelorum
1483 3562 1539 3607 et
1572 3553 1830 3620 archange

2099 3549 2135 3612 ῖς
2177 3549 2276 3619 μὲν
2308 3540 2402 3600 οὖν
2446 3545 2481 3614 ἡ
2511 3543 2628 3596 τῶν
2653 3541 2900 3611 ἀγγέλων
2925 3539 3043 3592 ἐστὶ
3075 3501 3174 3591 καὶ¹
3203 3535 3569 3608 ἁρχαγγέλων

288 3653 465 3708 lorum
513 3651 670 3714 ordo,
705 3664 808 3704 nec
859 3663 966 3702 non
1029 3646 1548 3716 supernntndialiutn
1601 3643 1876 3714 principa-

294 3757 443 3798 tuum
470 3757 531 3798 ae
555 3748 907 3813 potestatum,
934 3741 1308 3812 virtutumque
1331 3755 1395 3793 ac
1417 3739 1872 3805 dominationum,

291 3848 347 3893 et
375 3839 694 3893 thronorum
725 3836 1035 3891 divinorum
1067 3834 1468 3904 mqualiumque
1517 3833 1729 3889 thronis
1776 3849 1874 3887 na-

295 3942 563 3992 turarum,
593 3945 730 4000 quas
778 3932 998 3986 assiduo
1025 3937 1400 3998 perpetuoque
1439 3928 1585 3982 circa
1622 3927 1789 3982 Deum
1819 3937 1880 3981 et

295 4039 420 4076 cum
468 4022 579 4077 Deo
618 4024 825 4078 versari
877 4022 1149 4094 theologia
1195 4022 1381 4083 tradit,
1424 4008 1710 4075 cherubim
1755 4018 1878 4073 illas

297 4117 524 4171 Hebraeo
563 4115 830 4172 vocabulo
878 4132 942 4172 ac
992 4116 1266 4185 seraphim
1306 4113 1610 4183 appellans,
1652 4127 1715 4167 ea
1757 4127 1880 4181 quae

298 4210 365 4262 de
411 4207 587 4262 sacris
648 4205 932 4262 beatarum
981 4210 1214 4262 istarum
1270 4205 1533 4261 mentium
1596 4205 1880 4260 Ordinibus

298 4317 364 4356 ac
414 4301 857 4358 distinctionibus
901 4319 930 4355 a
977 4303 1134 4356 nobis
1175 4301 1484 4370 conscripta
1531 4310 1676 4364 sunt,
1723 4299 1877 4354 evol-

299 4394 474 4447 vendo
505 4393 834 4462 compcries;
879 4393 933 4446 in
968 4393 1163 4461 quibus
1203 4393 1304 4446 etsi
1355 4407 1461 4446 non
1509 4407 1607 4460 pro
1662 4389 1878 4452 merito,

301 4502 399 4556 pro
442 4486 584 4540 virili
625 4499 775 4572 certe
814 4498 1021 4555 nostra,
1065 4496 1120 4542 et
1157 4488 1335 4558 quoad
1377 4486 1870 4542 sacratissimorum

304 4579 569 4650 theologia
621 4579 1029 4651 Scripturaruut
1081 4579 1432 4648 explanavit,
1488 4594 1710 4633 sacrum
1766 4577 1882 4630 illas

303 4687 423 4726 rum
452 4671 700 4726 ordinem
729 4670 1260 4726 concelebravimus.
1292 4669 1428 4723 Illud
1479 4679 1658 4723 tamen
1696 4668 1881 4723 dicere

304 4780 528 4820 necesse
556 4766 948 4835 est,quomodo
979 4781 1104 4820 cum
1135 4763 1245 4826 ille,
1271 4776 1380 4817 tum
1407 4765 1584 4818 omnis
1608 4767 1700 4834 qui
1729 4761 1889 4816 modo

303 4875 334 4913 a
362 4861 519 4916 nobis
543 4860 941 4928 deprzedicatur
962 4873 1118 4912 sacer
1141 4859 1295 4922 ordo,
1324 4873 1486 4910 unam
1516 4855 1712 4910 habeat
1738 4870 1888 4908 eant-

307 4953 537 5023 detnque
569 4953 623 5008 in
667 4951 814 5006 omni
852 4966 1010 5006 sacra
1059 4966 1160 5005 sua
1197 4949 1476 5004 functione
1522 4948 1801 5008 virtutem,
1831 4956 1888 5000 ut

304 5055 361 5099 et
387 5045 613 5114 ipsemet
645 5044 789 5098 sacri
814 5042 1026 5097 ordinis
1052 5042 1302 5108 antistes,
1335 5057 1433 5110 pro
1463 5040 1545 5094 sui
1574 5049 1769 5101 status,
1800 5037 1885 5090 di-

308 5138 529 5206 gnitatis
550 5137 760 5194 ordinis
779 5139 1014 5204 ratione,
1036 5135 1236 5190 divinis
1254 5133 1414 5204 155
1432 5134 1676 5187 initietur
1693 5146 1757 5184 ac
1779 5131 1888 5183 Deo

311 5230 546 5297 uniatur,
577 5232 932 5302 subditosque
961 5243 1111 5295 suos,
1144 5243 1242 5298 pro
1290 5226 1555 5297 cujusque
1595 5225 1880 5295 dignitate.

1980 3642 2255 3714 ἱεραρχία,
2281 3641 2373 3693 καὶ
2408 3636 2517 3691 τῶν
2551 3633 2938 3707 ὑπερκοσμίων
2971 3629 3157 3702 ἀρχῶν
3189 3645 3272 3691 τε,
3299 3629 3394 3681 καὶ¹
3416 3627 3570 3692 ἐξου-

1979 3734 2130 3798 σιῶν,
2165 3731 2260 3785 καὶ
2288 3730 2592 3800 δυνάμεων,
2618 3726 2712 3780 καὶ
2745 3723 3084 3796 κυριοτήτων
3109 3739 3194 3786 τε,
3220 3722 3314 3774 καὶ
3340 3718 3502 3773 θείων
3523 3718 3570 3749 ’⁵

1979 3828 2185 3899 θρόνων
2205 3865 2220 3888 ,
2255 3825 2287 3896 ἢ
2315 3823 2421 3876 τῶν
2453 3819 2740 3892 ὁμοταγῶν
2776 3819 2888 3880 τοῖς
2919 3814 3128 3886 θρόνοις
3163 3812 3366 3866 οὐσιῶν
3389 3853 3404 3877 ,
3437 3811 3504 3874 ἃς
3537 3813 3571 3881 ἡ

1980 3920 2229 3988 θεολογία
2261 3914 2544 3990 πῳσεχῶς
2584 3913 2679 3967 καὶ
2721 3912 2807 3965 ἀεὶ
2850 3910 2977 3981 περὶ
3008 3907 3138 3960 Θεόν
3169 3923 3229 3959 τε
3281 3902 3424 3958 εἶναι
3475 3907 3573 3958 καὶ

1985 4012 2125 4084 μετὰ
2164 4008 2298 4063 Θεοῦ
2349 4006 2718 4079 παραδίδωσι,
2770 3999 3049 4072 Χερουϐὶμ
3085 3996 3253 4060 αὑτὰς
3297 3995 3573 4067 Ἑϐραίωβ

1984 4107 2136 4175 φωνῇ
2171 4104 2265 4156 xui.
2292 4099 2541 4172 Σεραφὶμ
2573 4094 2933 4166 ὀνομάζουσα,
2965 4087 3085 4154 ταῖς
3116 4090 3225 4142 τῶν
3254 4089 3574 4158 διακόσμων

1985 4197 2164 4252 αὑτῶν
2197 4196 2290 4248 καὶ
2321 4191 2613 4265 ἱεραρχιῶν
2654 4189 2836 4259 ἁγίαις
2878 4187 3066 4251 τάξεσι
3115 4184 3211 4238 καὶ
3265 4182 3574 4253 διαιρέσεσι

1985 4288 2416 4362 περιτυγχάνων,
2439 4285 2690 4356 εὑρήσεις
2706 4283 2764 4334 ἐν
2788 4280 2994 4341 τούτοις
3017 4277 3192 4348 ἡμῶν,
3215 4275 3318 4328 οὑκ
3334 4271 3574 4338 ἐπαξίως

1989 4387 2107 4457 μὲν,
2130 4383 2206 4446 ὡς
2225 4379 2446 4450 ἐφικτὸν
2469 4379 2548 4442 δὲ,
2569 4377 2665 4430 καὶ
2680 4377 2756 4440 ὡς
2781 4378 2814 4445 η
2845 4371 3092 4439 θεολογία
3113 4369 3223 4422 τῶν
3260 4366 3575 4439 ἱερωτάτων

1984 4477 2216 4552 Γραφῶν
2274 4475 2627 4545 ὑφηγήσατο,
2685 4471 2785 4542 τὴν
2848 4467 2966 4522 κατ’
3023 4464 3220 4526 αὑτοὺς
3288 4458 3575 4532 ἱεραρχίαν

1988 4571 2308 4645 ὑμνηκότων
2323 4570 2392 4622 ⁷⁷.
2437 4565 2704 4620 Τοσοῦτον
2748 4563 2804 4615 δὲ
2837 4562 2986 4631 ὅμως
3026 4558 3202 4610 εἰπεῖν
3250 4554 3574 4620 ἀναγκαῖον,

1986 4669 2062 4732 ὠς
2087 4665 2272 4734 ἐκείνη
2293 4680 2376 4725 τε,
2412 4662 2506 4716 καὶ
2547 4661 2696 4712 πᾶσα
2711 4658 2758 4688 ⁷⁸
2790 4659 2822 4727 ἠ
2862 4653 2956 4705 νῦν
2991 4648 3308 4721 ὑμνουμένη
3344 4645 3477 4717 παρ’
3511 4645 3577 4714 ή-

1993 4759 2107 4832 μῶν
2133 4755 2404 4828 ἱεραρχία,
2427 4753 2554 4824 μίαν
2580 4750 2693 4820 ἔχει
2719 4747 2813 4802 καὶ
2833 4745 2931 4816 τὴν
2955 4741 3122 4812 αὐτὴν
3144 4739 3233 4794 διὰ
3267 4739 3450 4808 πάσης
3477 4736 3578 4805 τῆς

1995 4851 2314 4925 ἱεραρχικῆς
2348 4843 2731 4918 πραγματείας
2761 4840 2858 4908 τὴν
2890 4837 3134 4906 δύναμιν,
3182 4832 3349 4887 αὑτὸν
3395 4847 3453 4883 τε
3488 4829 3579 4881 τὸν

1997 4944 2278 5014 ἱεράρχην,
2301 4940 2375 5002 ὡς
2403 4941 2434 5010 ἡ
2469 4938 2588 4990 κατ’
2621 4934 2778 4987 αὑτὸν
2811 4931 2986 4991 οὑσία,
3019 4927 3114 4981 καὶ
3146 4925 3412 4991 ἀναλογία
3433 4965 3447 4987 ,
3487 4921 3580 4975 καὶ

1995 5037 2147 5100 τάξις
2181 5035 2292 5104 ἔχει
2331 5030 2646 5100 τελεσθῆναι
2674 5025 2816 5081 κατὰ
2859 5023 2928 5076 τὰ
2955 5023 3105 5084 θεῖα,
3148 5021 3242 5072 καὶ
3276 5017 3577 5086 θεωθῆναι,

1997 5129 2090 5182 καὶ
2115 5129 2226 5189 τοῖς
2250 5122 2612 5193 ὑποϐεϐηκόσι
2644 5115 2984 5190 μεταδοῦναι,
3005 5113 3124 5164 κατ’
3148 5109 3303 5175 ἀξίαν
3339 5107 3578 5175 ἑκάστῳ,

1997 5221 2098 5290 τῆς
2141 5217 2497 5288 ἐγγινομένης
2529 5211 2678 5284 αὑτῴ
2725 5208 2905 5263 θεόθεν
2953 5205 3104 5276 ἱερᾶς
3137 5200 3421 5263 θεώσεως·
3456 5197 3580 5258 τούς

1609 5423 1838 5478 VARIAS
1879 5419 2285 5477 LECTIONES.

383 5597 427 5628 τί
461 5600 583 5660 ταῖς
620 5596 813 5663 ἱεραῖς.
891 5596 936 5625 ⁷³
971 5593 1252 5663 ἐγγυτέρω

311 5668 357 5698 τ’
394 5657 620 5736 corrigit
655 5657 715 5720 ν.
774 5657 969 5736 major,
1013 5657 1238 5736 'aioyﬁv._
1263 5657 1328 5736 νε
1363 5659 1563 5736 minor.
1623 5657 1814 5736 ᾁρχήν-

315 5738 358 5768 ³⁸
421 5735 525 5788 hoc
542 5726 667 5789 ’καί
703 5751 808 5788 nou
847 5726 1044 5788 habent
1082 5726 1280 5785 liftlh.
1312 5730 1370 5782 1’.
1402 5731 1458 5781 ὃ.
1499 5726 1556 5783 Β,

315 5807 414 5862 Ch.
445 5805 538 5864 Ρ..
585 5808 630 5840 ⁷⁸
665 5807 778 5859 καί.

1329 5589 1385 5640 ὲν
1417 5587 1571 5638 αὑτοὶ
1600 5582 1910 5653 γενοίμεθα,
1953 5586 2012 5637 D.
2045 5582 2148 5653 Ch.
2179 5577 2318 5653 γενό)

1634 5649 1814 5724 Ξιρχήν.
1893 5657 1938 5686 ⁷ἰ
1970 5671 2061 5724 γρ.
2106 5649 2382 5724 κάκριϐῶς.
2455 5649 2505 5724 1⁵
2540 5649 2631 5724 καὶ
2672 5649 2950 5724 -θεουργοί,
3109 5649 3307 5721 mittor,
3370 5649 3491 5714 ιλιι..

1638 5710 1835 5778 τθῖασ
1872 5710 2060 5786 am;
2103 5723 2161 5775 υ.
2195 5710 2325 5774 με.
2363 5721 2423 5774 ιι.
2451 5710 2991 5786 διτηάνυμνηέότων»
3015 5710 3074 5764 V-
3104 5712 3284 5766 “'m‘”
3305 5719 3362 5763 c‘
3389 5710 3582 5774 ""‘jcr’

2325 5579 2483 5648 μεοα,
2520 5574 2704 5648 διεδ.-
2728 5573 2787 5625 P.
2820 5572 2955 5648 Bnd.
2990 5570 3243 5648 corrigit.
3269 5562 3581 5648 yavtbpee'a.

2459 5633 2505 5680 7"
2540 5645 2631 5698 καὶ
2672 5643 2950 5715 -θεουργοί,
3109 5633 3307 5715 mittor,
3370 5633 3491 5714 Ch.-
3519 5633 3579 5685 Ρ.
