3734 6350
150 304 271 360 515

1274 294 1359 349 DE
1380 292 1664 350 ECCLES.
1703 287 2102 355 HIERARCH.,
2138 286 2291 343 CAP.
2327 286 2363 341 l.

3345 284 3439 337 δη

151 438 219 475 τε
257 420 671 489 ὑποϐεϐηκὸτας
704 418 935 471 ἕπεσθαι
983 417 1079 488 μὲν
1113 415 1224 479 τοῖς
1257 413 1591 483 κρείττοσιν,
1624 412 1754 464 ἁνα-

1930 407 2057 461 datae
2091 406 2194 461 sibi
2237 404 2497 459 divinitus
2522 403 2711 457 ‘sacrae
2751 395 3109 455 deiiicatiouis
3143 395 3440 465 participes

150 513 363 565 τείνειν
399 511 455 565 δὲ
499 511 626 575 τοὺς
660 512 858 581 ἥττους
894 510 988 563 ἐπὶ
1022 507 1093 561 τὰ
1130 506 1345 579 πρόσω*
1393 505 1519 568 τοὺς
1559 503 1616 557 δὲ
1660 504 1754 556 καὶ

152 602 438 675 προῖἐναι,
468 604 562 655 καὶ
591 604 666 666 ὼς
697 602 922 656 δυνατὸν
956 600 1163 673 ἑτέροις
1185 598 1436 670 ἡγεῖσθαι
1457 598 1526 663 ⁷³,
1550 597 1643 650 καὶ
1664 594 1755 650 διὰ

150 695 368 765 ταύτης
385 694 485 765 τῆς
510 692 695 746 ἐνθέου
726 694 819 747 καὶ
850 691 1173 763 ίεραρχικῆς
1219 689 1485 762 ἁρμονίας
1540 687 1634 740 τοῦ
1669 686 1754 739 δν-

149 806 270 851 τως
304 788 458 851 ὄντος
490 784 656 840 καλοῦ
689 786 785 840 καὶ
818 783 982 856 σοφοῦ
1028 785 1122 839 καὶ
1163 781 1367 852 ἀγαθοῦ
1415 780 1660 853 μετέχειν
1701 779 1755 832 Ξ-

154 898 366 933 καστον
400 880 501 951 ὅση
534 878 780 951 δύναμις.
1460 880 1472 893 ⁸

242 1142 386 1198 Ἀλλ’
419 1146 474 1197 αἰ
507 1143 605 1215 μὲν
638 1143 782 1215 ὑπὲρ
814 1143 962 1215 ἡμᾶς
987 1143 1167 1197 οὐσίαι
1196 1144 1292 1197 καὶ
1313 1143 1526 1207 τάξεις,
1550 1137 1626 1198 ῶν
1653 1144 1753 1215 ἤδη

158 1236 393 1307 μνήμην
438 1233 589 1305 ἱερὰν
624 1234 1004 1303 ἐποιησάμην,
1048 1232 1329 1303 ἀσώματοί
1382 1233 1441 1285 τέ
1488 1235 1630 1297 εἰσι,
1661 1236 1754 1288 καὶ

154 1328 332 1399 νοητὴ
368 1329 461 1381 καὶ
487 1326 856 1400 ὑπερκόσμιός
884 1326 1031 1380 ἐστιν
1058 1328 1091 1397 ἡ
1123 1327 1241 1380 κατ’
1276 1326 1442 1390 αὐτάς
1470 1328 1750 1398 ἰεραρχία·

153 1422 263 1492 τὴν
297 1421 421 1474 καθ’
450 1422 597 1491 ἡμᾶς
624 1419 681 1474 δὲ
712 1418 928 1491 ὁρῶμεν
972 1419 1251 1487 ἀναλόγως
1295 1421 1425 1490 ἡμῖν
1460 1421 1640 1484 αὐτοῖς
1686 1424 1752 1492 τῇ

152 1513 271 1567 τῶν
331 1513 603 1583 αἰσθητῶν
657 1511 939 1583 συμϐόλων
992 1511 1236 1581 ποικιλίᾳ
1287 1511 1668 1583 πληθυομενην
1686 1513 1751 1577 ⁸ο,

156 1607 253 1676 ὑφ’
282 1600 359 1660 ὧν
394 1604 725 1677 ἰεραρχικῶς
750 1606 846 1658 ἐπὶ
875 1604 972 1676 τὴν
997 1603 1198 1674 ὲνοειδῆ
1231 1603 1424 1659 θέωσιν
1449 1607 1505 1657 ἐν
1541 1622 1753 1676 συμμε-

154 1698 292 1771 τρίᾳ
314 1700 382 1769 τῇ
410 1697 533 1752 καθ’
564 1699 711 1772 ἡμᾶς
750 1695 1086 1768 ἁναγόμεθα,
1120 1695 1252 1749 Θεόν
1289 1715 1353 1751 τε
1383 1699 1474 1753 καὶ
1503 1698 1651 1751 θείαν
1694 1700 1755 1751 ά-

1856 503 2049 558 reddat
2073 520 2088 569 ;
2118 501 2197 556 sic
2221 508 2280 554 ιιι
2307 496 2505 553 subditi
2534 495 2844 566 superiores
2871 491 3087 562 quidem
3116 502 3438 561 sequantur,

1858 600 1934 655 ita
1965 608 2146 654 tamen
2176 606 2235 650 ut
2269 604 2327 650 et
2374 594 2478 664 ipsi
2525 589 2681 647 simul
2726 588 3025 644 inferiores.
3054 586 3122 639 ad
3163 591 3439 640 anteriora

1860 696 2241 762 promoveant,
2272 687 2363 757 qui
2393 686 2506 757 jam
2538 682 2781 753 pr0vecti
2814 681 2938 735 aliis
2966 680 3129 734 etiam
3163 692 3263 748 pro
3295 677 3441 732 Virili

1856 783 2112 837 ducatum
2142 785 2429 850 przestent,
2457 786 2622 847 atque
2651 775 2753 830 hac
2779 773 2963 829 divina
2995 784 3266 843 sacraque
3296 770 3444 825 ordi-
3490 787 3505 804 ι

1857 874 1945 928 nis
1992 872 2393 936 consensione,
2442 883 2539 938 pro
2586 865 2807 921 modqu
2856 866 3090 935 quisque
3138 879 3270 931 suo,
3310 877 3443 922 vere

1857 966 2099 1022 essentia
2150 979 2247 1020 sua
2291 961 2529 1035 pulchri,
2573 959 2836 1031 sapientis
2882 973 2946 1013 ac
2989 957 3118 1014 boni
3165 955 3443 1029 particeps

1856 1056 2076 1111 existat.

1928 1148 2200 1205 Czeterum
2253 1146 2604 1203 sublimiores
2656 1143 2772 1199 istae
2826 1152 3035 1197 naturae
3086 1130 3441 1210 ordinesque,

1857 1257 2088 1314 quarum
2133 1241 2504 1296 venerandam
2550 1252 2712 1305 supra
2743 1234 2847 1290 feci
2884 1233 3235 1295 mentionem,
3266 1242 3322 1286 et
3351 1232 3441 1285 in-

1859 1350 2137 1405 corporea:
2164 1343 2312 1399 sunt,
2336 1340 2390 1387 et
2417 1329 2682 1401 spiritalis
2707 1344 2771 1383 ac
2800 1326 3263 1399 supermundialis
3289 1339 3441 1381 sacer

1860 1427 2071 1482 illarum
2095 1425 2441 1498 magistratus
2466 1422 2683 1487 existit;
2723 1430 2967 1476 nostrum
2991 1432 3121 1475 vero
3145 1419 3441 1483 cernimus,

1858 1522 2069 1576 diversa
2099 1521 2167 1575 ab
2196 1520 2329 1589 ipsis
2352 1518 2585 1581 ratione,
2612 1514 2950 1571 sensibilium
2972 1514 3241 1570 varietate
3264 1513 3441 1585 signo-

1857 1627 1977 1667 rum
2012 1608 2385 1680 multiplicari,
2417 1608 2618 1676 quibus
2644 1614 2994 1661 sacrosancte
3019 1606 3085 1659 ad
3113 1605 3440 1660 uniformem

1859 1703 2277 1758 deiformitatem
2318 1717 2416 1771 pro
2454 1709 2615 1771 captu
2661 1709 2873 1764 nostro,
2906 1708 2962 1755 et
3006 1700 3072 1752 ad
3105 1698 3273 1754 Deum
3302 1690 3442 1753 divi-

159 1794 349 1865 ρετήν.
379 1792 445 1843 Αἰ
475 1790 597 1862 μὲν,
631 1791 707 1853 ὼς
737 1791 876 1854 νόες,
910 1789 1092 1845 νοοῦσι
1121 1790 1261 1846 κατὰ
1298 1791 1359 1843 τὸ
1388 1792 1576 1855 αὑταῖς
1610 1791 1754 1863 θεμι-

1930 1812 2100 1865 mque
2125 1796 2381 1850 virtutem
2413 1808 2820 1857 promovemur.
2848 1792 2968 1847 Ista:
2989 1792 3235 1861 quidem,
3258 1798 3445 1860 utpote

155 1883 281 1936 τόν’
334 1884 494 1955 ἡμεῖς
532 1883 587 1937 δὲ
629 1882 913 1954 αἰσθηταῖς
955 1883 1160 1937 εἰκόσιν
1208 1885 1299 1937 ἐπὶ
1329 1884 1428 1950 τὰς
1471 1885 1652 1950 θείας,
1681 1886 1755 1950 ὡς

155 1975 410 2039 δυνατὸν,
459 1975 773 2046 άναγόμεθα
807 1976 1060 2049 θεωρίας.
1093 1977 1332 2049 Ἀληθῶς
1362 1995 1421 2031 τε
1467 1979 1661 2044 εἰπεῖν,
1699 1979 1758 2032 ἒν

162 2068 265 2141 μέν
308 2068 457 2120 ἐστιν
480 2108 494 2132 ,
524 2061 584 2120 οὗ
623 2068 825 2133 πάντες
857 2071 907 2125 οἱ
938 2068 1191 2134 θεοειδεῖς
1212 2070 1253 2101 ⁸¹
1285 2071 1527 2139 ἐφίενται
1548 2112 1562 2137 ,
1599 2073 1758 2143 μετέ-

158 2178 321 2231 χουσι
355 2161 413 2213 δὲ
445 2162 544 2232 οὐχ
577 2162 795 2226 ὲνιαίως
824 2162 1023 2216 ταὺτοῦ
1056 2182 1115 2217 τε
1148 2164 1241 2218 καὶ¹
1274 2164 1393 2228 ἐνὸς
1432 2165 1604 2231 ὄντος,
1641 2167 1755 2221 ἀλλ’

159 2254 236 2318 ὡς
280 2253 500 2324 ἑκάστῳ
531 2253 601 2307 τὰ
644 2253 764 2309 θεῖα
810 2255 953 2325 ζυγὰ
1000 2257 1251 2329 διανέμει
1289 2258 1412 2313 κατ’
1461 2259 1617 2325 ἀξίαν
1658 2261 1757 2331 τὴν

160 2346 377 2418 άποκλή
388 2363 573 2419 ρωσιν.

244 2616 407 2670 Ἀλλά
442 2619 615 2673 ταῦτα
650 2622 750 2693 μὲν
782 2625 914 2696 ἡμῖν
946 2625 1006 2677 ἐν
1154 2625 1283 2697 περὶ
1310 2627 1516 2697 νοητῶν
1564 2645 1624 2680 τε
1664 2627 1756 2680 καὶ

158 2707 437 2778 αἰσθητῶν
463 2715 816 2789 πραγματείᾳ
843 2714 1282 2788 διεξοδικώτερον
1303 2717 1547 2789 εἴρηταιο
1577 2719 1671 2773 νῦν
1698 2719 1756 2772 δὲ

157 2801 260 2871 τὴν
282 2800 565 2872 καθ’ήμᾶς
600 2804 901 2876 ἱεραρχίαν,
928 2806 1105 2878 ἀρχὴν
1133 2825 1193 2861 τε
1220 2808 1392 2880 αὐτῆς
1423 2810 1515 2863 καὶ
1546 2809 1753 2871 οὐσίαν,

155 2892 232 2956 ῶς
272 2887 385 2946 οἷόν
426 2912 517 2959 τε,
554 2896 731 2949 εἰπεῖν
768 2898 1130 2968 πειράσομαι,
1190 2900 1291 2970 τὴν
1340 2901 1529 2954 πασῶν
1571 2903 1756 2973 ἱεραρ-

156 2985 292 3059 χιῶν
334 2986 508 3061 ἀρχήν
551 3006 611 3041 τε
656 2991 747 3044 καὶ
790 2991 1101 3057 τελείωσιν,
1156 2991 1365 3063 Ἰησοῦν
1400 2993 1753 3061 ’ἐπικαλεσά-

160 3091 341 3144 μενος.

1862 1899 2095 1955 mentes,
2128 1898 2292 1958 prout
2342 1886 2449 1941 illis
2479 1886 2561 1941 fas
2605 1895 2688 1941 est
2732 1886 3079 1957 intelligunt;
3120 1901 3220 1941 nos
3256 1898 3385 1940 vero
3414 1900 3439 1939 ε

1857 1996 2019 2037 sensu
2078 1980 2347 2052 perceptis
2395 1980 2727 2050 imaginibus
2781 1980 2848 2035 ad
2897 1979 3131 2045 divinas,
3177 1987 3441 2047 quantuu.

1857 2092 2170 2148 possumus,
2206 2074 2694 2144 contemplationes
2726 2071 3099 2127 sublevamur.
3131 2070 3201 2127 Et
3230 2079 3290 2124 ut
3319 2084 3443 2123 vere

1858 2172 2058 2236 dicam,
2091 2184 2262 2222 unum
2296 2167 2513 2238 quidem
2548 2176 2652 2230 est,
2693 2165 2838 2236 quod
2879 2178 3070 2219 omnes
3112 2162 3207 2234 qui
3242 2162 3442 2218 deifor-

1862 2275 1980 2315 mes
2007 2268 2134 2313 sunt
2165 2265 2444 2329 appetunt,
2474 2255 2592 2326 ejus
2616 2265 2823 2322 tamen,
2851 2256 2994 2325 quod
3026 2254 3251 2309 omnino
3277 2269 3443 2306 unum

1860 2361 2023 2424 atque
2073 2351 2214 2405 idem
2259 2358 2362 2415 est,
2394 2365 2499 2404 non
2553 2348 2808 2403 unimode
2850 2348 3143 2418 participes
3182 2348 3443 2414 existunt,

1859 2447 1954 2501 sed
1986 2456 2147 2516 prout
2169 2447 2389 2502 cuilibet
2416 2459 2515 2515 pro
2568 2446 2765 2501 merito
2794 2453 2996 2503 sortem
3028 2444 3214 2499 divina
3240 2442 3442 2497 trutina

1860 2536 2162 2591 distribuit.

1933 2626 2134 2682 Verum
2182 2628 2283 2683 ista
2326 2628 2377 2681 in
2417 2642 2582 2697 opere
2621 2629 2689 2683 de
2722 2626 2790 2682 iis
2816 2640 2938 2697 quae
2966 2624 3068 2681 sub
3112 2624 3442 2681 intellectum

1859 2731 1924 2772 ac
1961 2732 2183 2773 sensum
2227 2718 2451 2781 cadunt,
2481 2718 2654 2773 fusius
2687 2732 2717 2771 a
2762 2717 2920 2771 nobis
2960 2715 3243 2771 enucleate
3286 2723 3441 2781 sunt;

1860 2810 2021 2863 modo
2066 2825 2197 2863 vero
2238 2822 2452 2861 sacrum
2496 2816 2743 2863 nostrum
2783 2807 3054 2870 ordinem,
3095 2806 3445 2876 ejusdemque

1858 2899 2126 2968 originem
2157 2906 2210 2952 et
2247 2898 2567 2963 essentiam,
2600 2898 2777 2966 quoad
2804 2896 3036 2951 facultas
3061 2896 3317 2965 suppetit,
3350 2910 3443 2949 ex-

1856 3005 2061 3060 ponere
2098 2992 2362 3055 couabor,
2396 2991 2643 3045 omnium
2674 3005 2959 3045 sacrorum
3000 2990 3254 3044 ordinum
3287 2988 3442 3058 priu-

1860 3085 2060 3154 cipium
2088 3099 2152 3140 ac
2176 3084 2707 3141 consummationem
2738 3084 2999 3138 invocans
3024 3080 3226 3137 Iesum.

1695 3249 1865 3323 §lll.

227 3386 389 3437 Ἐστι
421 3386 520 3456 μὲν
556 3388 809 3459 ἰεραρχία
834 3391 1005 3453 πᾶσα,
1049 3387 1191 3442 κατὰ
1218 3388 1279 3443 τὸ
1312 3391 1511 3445 σεπτὸν
1551 3392 1649 3462 τῆς
1686 3393 1750 3462 ἡ-

1930 3390 2024 3445 Est
2056 3389 2365 3444 hierarcbia
2415 3404 2508 3444 seu
2539 3389 2675 3443 ordo
2705 3403 2864 3469 sacer
2890 3388 3071 3445 omnis
3091 3387 3246 3458 juxta
3278 3402 3438 3444 vene-

159 3476 276 3547 μῶν
332 3478 680 3549 παραδόσεως
698 3480 763 3545 ⁸³,
817 3482 845 3533 ὁ
879 3482 987 3545 πᾶς
1023 3482 1133 3536 τῶν
1174 3484 1551 3553 ὑποκειμένων
1589 3483 1752 3555 ἱερῶν

156 3571 334 3639 λόγος,
370 3571 784 3644 καθολικωτάτη
802 3574 847 3605 ⁸³
872 3574 983 3628 τῶν
1008 3575 1170 3646 τῆσδε
1198 3578 1360 3647 τυχὸν
1379 3575 1682 3649 ἱεραρχίας,
1717 3576 1749 3647 ἢ

154 3663 319 3733 τῆσδε
360 3662 524 3734 ἱερῶν
555 3664 1047 3733 συγκεφαλαίωσις.
1078 3666 1142 3719 Ἠ
1180 3666 1301 3720 καθ’
1338 3668 1487 3738 ἡμᾶς
1530 3662 1624 3719 οὖν
1674 3667 1750 3717 ἰε-

155 3756 359 3829 ραρχία
380 3755 599 3824 λέγεται
630 3758 727 3810 καὶ
770 3756 917 3810 ἔστιν
952 3760 985 3829 ὴ
1031 3759 1354 3831 περιεκτικὴ
1378 3759 1487 3812 τῶν
1511 3759 1631 3813 κατ’
1655 3758 1752 3811 αὺ-

153 3848 250 3919 τὴν
285 3847 543 3901 ἁπάντων
570 3848 733 3920 ἱερῶν
760 3851 1114 3920 πραγματεία
1133 3892 1147 3916 ,
1186 3852 1395 3922 καθ’ἥν
1424 3854 1452 3905 ὁ
1486 3852 1626 3915 θεῖος
1671 3852 1748 3904 ἰε-

156 3940 367 4012 ράρχης
386 3940 732 4011 τελούμενος,
760 3941 1018 3995 ἁπάντων
1042 3942 1154 4009 ἕξει
1181 3945 1291 3998 τῶν
1320 3946 1441 3998 κατ’
1472 3946 1636 3998 αὑτὸν
1671 3946 1748 3997 ἰε-

156 4032 413 4102 ρωτάτων
439 4032 540 4105 τὴν
580 4032 828 4105 μέθεξιν,
874 4032 950 4098 ὡς
988 4036 1270 4107 ἱεραρχίας
1306 4036 1613 4109 ἐπώνυμος.
1662 4040 1749 4103 Ὡς

153 4124 258 4195 γὰρ
305 4125 590 4196 ἱεραρχίαν
635 4127 663 4178 ὁ
703 4128 902 4198 φήσας,
954 4127 1208 4182 ἁπάντων
1266 4127 1401 4198 ὁμοῦ
1448 4128 1748 4202 συλλήϐδην

152 4214 253 4286 ἔφη
284 4216 385 4287 τὴν
414 4216 524 4270 τῶν
569 4217 730 4288 ἱερῶν
767 4217 1158 4289 διακόσμησιν⁸
1195 4218 1369 4283 οὕτως
1415 4220 1681 4292 ἱεράρχην
1719 4222 1748 4274 ὀ

153 4308 322 4375 λέγων
345 4308 499 4379 δηλοῖ
526 4310 618 4363 τὸν
650 4309 831 4362 ἕνθεόν
859 4328 917 4363 τε
942 4313 1036 4364 xat
1060 4310 1203 4363 θεῖον
1230 4310 1420 4382 ἄνδρα,
1437 4310 1531 4365 τὸν
1566 4313 1747 4385 πάσης

154 4402 304 4473 ἱεράς
332 4404 674 4474 ἐπιστήμονα
700 4403 974 4473 γνώσεως,
999 4406 1058 4457 ὲν
1089 4397 1133 4472 ᾧ
1157 4407 1251 4459 καὶ
1279 4406 1537 4478 καθαρῶς
1564 4409 1596 4477 ἡ
1623 4407 1743 4460 κατ’

152 4497 310 4549 αὑτὸν
340 4498 599 4569 ίεραρχία
637 4499 789 4552 πᾶσα
820 4498 1058 4552 τελεῖται
1092 4500 1185 4553 καὶ
1211 4500 1564 4569 γινώσκεται.
1598 4503 1744 4556 Ταύ-

151 4604 247 4660 της
284 4588 429 4659 ἀρχὴ
463 4590 563 4660 τῆς
608 4591 895 4662 ἱεραρχίας
919 4594 952 4662 ὴ
986 4593 1138 4663 πηγὴ
1174 4592 1275 4663 τῆς
1307 4592 1486 4665 ζωῆς,
1523 4596 1556 4666 ἡ
1588 4597 1744 4649 οὐσία

152 4680 244 4750 τῆς
271 4680 629 4751 ἀγαθότητοςν
656 4683 688 4753 ἡ
716 4683 817 4753 μία
846 4683 956 4737 τῶν
983 4683 1155 4737 ὄντων
1189 4685 1341 4739 αἰτία
1365 4687 1561 4758 Τριὰς,
1591 4690 1650 4755 ἐξ
1676 4685 1743 4761 ἧς

1855 3486 2082 3536 randam
2110 3481 2269 3538 nobis
2293 3489 2702 3537 sacrosanctam
2721 3482 3097 3548 traditionem,
3118 3479 3439 3537 universalis

1855 3590 2039 3630 rerum
2063 3588 2347 3630 sacrarum
2376 3575 2458 3629 illi
2489 3575 2862 3645 subjectarum
2894 3574 3060 3640 ratio,
3089 3588 3185 3629 seu
3215 3588 3436 3639 genera-

1852 3666 2062 3723 lissima
2089 3682 2306 3733 eorum,
2338 3684 2459 3738 quze
2486 3667 2588 3723 sub
2619 3668 2866 3722 ordinem
2899 3666 3122 3731 cadunt,
3151 3666 3203 3719 id
3225 3673 3309 3719 est
3352 3679 3437 3717 sa-

1852 3776 2071 3817 crorum
2097 3777 2335 3816 summa.
2382 3761 2556 3817 Sacer
2584 3760 2750 3831 igitur
2773 3760 2908 3813 ordo
2935 3768 3123 3814 noster
3155 3756 3359 3811 dicitur
3384 3763 3437 3809 et

1850 3862 1937 3907 est
1958 3853 2192 3920 functio,
2226 3858 2482 3908 universa
2520 3868 2678 3907 sacra
2710 3853 2764 3906 in
2800 3866 2859 3906 se
2892 3851 3289 3919 complectens,
3328 3861 3434 3915 qua

1851 3944 2069 4000 divinus
2112 3946 2352 4015 pontifex
2408 3945 2673 4011 initiatus,
2715 3945 2959 3999 omnium
3008 3958 3107 4012 per
3151 3957 3210 3997 se
3254 3955 3435 3995 rerum

1851 4038 2347 4092 sacratissimarum
2392 4038 2663 4107 particeps
2701 4037 2906 4103 existit,
2953 4037 3005 4090 in
3060 4043 3323 4105 quantum
3346 4048 3432 4088 sa-

1850 4130 2044 4185 cerdos
2093 4145 2343 4184 summus
2372 4129 2698 4199 appellatur.
2736 4128 2889 4184 Sicut
2916 4131 3060 4183 enim
3093 4126 3182 4197 qui
3214 4140 3433 4181 sacrum

1849 4222 2097 4278 ordinem
2130 4224 2456 4289 nominavit,
2485 4223 2731 4277 omnium
2777 4220 2940 4276 simul
2984 4219 3304 4288 compendio
3344 4232 3432 4273 sa-

1849 4330 2067 4371 crorum
2100 4315 2242 4371 dixit
2284 4315 2779 4386 dispensationem;
2815 4313 2888 4367 ita
2921 4311 3014 4382 qtti
3045 4325 3316 4365 summum
3348 4323 3432 4371 sa-

1847 4409 2125 4464 cerdotem
2167 4408 2425 4478 appellat,
2460 4408 2569 4463 Deo
2602 4408 2794 4462 intime
2842 4405 3056 4460 unitum
3089 4419 3155 4459 ac
3184 4404 3432 4458 divinum

1847 4504 2007 4574 plane
2039 4506 2214 4559 virum
2244 4504 2541 4575 signiﬁcat,
2566 4504 2715 4557 omni
2744 4517 2901 4558 sacra
2941 4501 3255 4572 cognitione
3303 4512 3431 4566 per-

1848 4597 2097 4666 politum,
2120 4598 2174 4651 in
2200 4612 2308 4667 quo
2332 4597 2536 4662 omnis,
2561 4611 2683 4665 qua:
2710 4595 2787 4649 illi
2817 4596 2976 4658 inest,
3007 4602 3246 4661 potestas
3273 4602 3430 4643 sacra

1846 4701 2259 4745 consummatur
2287 4700 2451 4760 atque
2478 4690 2847 4759 cognoscitur.
2888 4686 3056 4753 Hujus
3099 4684 3252 4753 origo
3285 4681 3430 4735 sacri

151 4774 238 4825 καὶ
271 4774 333 4827 τὸ
366 4769 505 4827 εἶναι
540 4776 634 4828 καὶ
661 4777 720 4828 τὸ
748 4772 807 4830 εὖ
841 4773 980 4831 εἶναι
1014 4780 1126 4842 τοῖς
1161 4774 1280 4833 οὖσι
1311 4780 1379 4833 δι’
1404 4782 1734 4855 ἁγαθότητα.

1933 4783 2183 4854 ncipatus
2226 4782 2348 4839 fons
2380 4794 2464 4839 est
2493 4784 2637 4849 vitae,
2678 4780 2841 4851 156
2869 4780 3104 4835 essentia
3144 4775 3429 4840 bonitatis,

150 4867 331 4941 Ταύτῃ
363 4868 422 4921 δὲ
455 4872 523 4939 τῇ
560 4870 776 4922 πάντων
815 4870 1073 4924 ἐπέκεινα
1104 4872 1520 4947 θεαρχικωτάτῃ
1558 4893 1736 4946 μακα-

154 4960 375 5030 ριότητι,
398 4962 466 5032 τῇ
490 4965 685 5032 τρισσῇ
707 4964 773 5033 τῇ
809 4963 997 5033 μονάδι
1024 4965 1089 5034 τῇ
1112 4964 1282 5026 ὅντως
1306 4963 1464 5037 οὔσῃ,
1502 4967 1643 5021 κατὰ
1674 4969 1736 5021 τὸ

151 5051 272 5121 ἡμῖν
304 5053 405 5122 μὲν
432 5053 742 5121 ἀνέφικτον,
777 5056 916 5126 αὑτῇ
950 5055 1007 5108 δὲ
1039 5058 1350 5127 ἐπιστητὸν,
1387 5057 1600 5129 θέλημα
1635 5061 1734 5130 μέν

150 5145 290 5197 ἐστιν
323 5147 356 5216 ἡ
389 5144 582 5218 λογικὴ
635 5148 876 5220 σωτηρία
920 5150 1042 5202 καθ’
1086 5152 1233 5221 ἡμᾶς
1253 5152 1300 5183 ⁸⁸
1344 5169 1401 5205 τε
1451 5153 1544 5206 καὶ¹
1594 5154 1733 5226 ὑπὲρ

149 5238 289 5306 ἡμᾶς
315 5238 545 5292 οὐσιῶν·
582 5242 616 5311 ἡ
642 5240 697 5293 δὲ
732 5242 833 5311 οὐχ
860 5242 1063 5313 ἑτέρως
1097 5242 1351 5312 γενέσθαι
1379 5244 1622 5312 δύναται,
1655 5248 1729 5319 μὴ

1846 4890 1953 4929 una
1986 4890 2168 4931 rerum
2197 4876 2440 4932 omnium
2472 4889 2638 4930 causa
2669 4872 2934 4938 Trinitas,
2966 4886 3037 4927 ex
3066 4885 3172 4937 qua
3201 4882 3303 4940 per
3330 4867 3430 4922 bo-

1846 4970 2036 5026 nitatis
2082 4971 2500 5025 redundantiam
2540 4978 2597 5025 et
2631 4970 2812 5039 ipsum
2854 4983 2999 5034 esse,
3033 4983 3098 5023 ac
3131 4966 3271 5021 bene
3306 4979 3431 5021 esse

1844 5065 2027 5120 rebus.
2058 5064 2193 5119 Huic
2212 5074 2393 5120 autem
2416 5063 2598 5120 omnia
2628 5061 3037 5118 transcendenti
3068 5057 3428 5115 divinissima:

1843 5160 2188 5226 beatitudini,
2215 5162 2375 5215 trime
2398 5160 2615 5225 unitati,
2642 5177 2770 5216 vere
2811 5158 3088 5224 existenti,
3117 5154 3279 5210 modo
3306 5152 3399 5222 qui

1842 5251 1965 5305 dem
2003 5249 2162 5305 nobis
2198 5249 2682 5322 incomprehenso,
2730 5250 2829 5319 ipsi
2875 5261 3060 5305 autem
3109 5243 3421 5303 notissimo,

1464 5429 1696 5486 VARUE
1739 5431 2138 5492 LECTIONES.

155 5576 910 5717 ωέοξτέῧωςίηῇίσῖξγὲἓθαὲτι
921 5584 1000 5706 :1.
1037 5585 1096 5687 ἓξ
1135 5586 1727 5711 3.·ξοττίεἰιέτέροίρ
1764 5595 2286 5693 ⁸ουπληθυσνομένην,
2329 5594 2393 5650 ν.
2432 5594 2632 5661 minor,
2679 5594 2743 5689 ρ.
2790 5592 2890 5649 Ch.
2945 5590 3011 5674 .⁸¹
3046 5587 3316 5653 ἑνοειδεῖς,
3344 5587 3418 5673 'V.

319 5691 336 5716 ,
432 5690 443 5701 ρ
517 5686 529 5704 .
574 5694 587 5706 .
666 5696 677 5709 .
781 5692 795 5707 .
883 5692 895 5708 .
952 5694 968 5709 .
1124 5675 1224 5711 κα..
1299 5660 1358 5713 τὸ
1398 5663 1594 5715 σει..ὸν
1668 5682 1756 5717 ..τις
1812 5683 1969 5717 ηαων
2026 5684 2175 5717 una:
2225 5666 2593 5717 παραδόσεως.
2651 5666 2806 5717 \teu.
2854 5679 2981 5717 mal.
3039 5663 3101 5717 Β.
3141 5659 3416 5714 Ρ.8.δι·.

175 5652 336 5729 pejor,
380 5652 454 5729 DL
487 5652 677 5729 Citii".
841 5656 996 5729 Sara
1044 5658 1087 5687 θ’
1124 5658 1267 5711 κατὰ
1299 5660 1358 5713 τὸ
1379 5652 1594 5715 νσεπτὸν

156 5718 273 5846 iung
295 5724 505 5793 νοερᾶς,
544 5726 644 5780 ch.
722 5726 766 5758 ⁸³
804 5726 1101 5800 ἱερωσύνης
1155 5729 1329 5798 λέγω

1602 5659 1614 5744 ᾇ
1658 5664 1756 5749 τῇς
1812 5659 1979 5749 ἡμῶν.
2026 5659 2175 5749 ἱερᾶς
2222 5659 2623 5749 παραδόσεως,
2651 5665 2806 5749 Viqu
2854 5663 2981 5745 tua].
3039 5663 3116 5749 ΒΛ..

1388 5734 1418 5802 ἡ
1462 5733 1646 5787 καθολ.
1692 5731 1789 5792 Ch.
1834 5731 1898 5791 ἶ).
1935 5736 2025 5805 Μ.;
2070 5731 2211 5808 ἰέρδς
2251 5731 2408 5807 λό’γος
2465 5738 2523 5793 Ρ.
2565 5736 2685 5793 Sar.
2768 5737 2810 5767 θδ
2840 5731 2952 5789 τῶν
2995 5733 3116 5788 καθ’
3151 5732 3314 5801 ἡμᾶς.
3358 5731 3419 5784 υ·
