3734 6372
304 244 372 299 75
560 211 565 215 ’
1475 244 1532 300 s.
1562 243 1861 300 momsn
1896 245 2361 300 AREOPAGITJE

3450 252 3523 269 π-

3452 252 3523 269 η-

3452 252 3567 306 bis

268 363 329 417 in
358 361 501 418 votis
531 359 747 429 quidem
778 368 862 414 est
891 359 1171 415 rationalis
1202 348 1511 429 (creatura)
1537 361 1708 428 salus,
1733 371 1841 415 tam
1874 413 1878 421 Α

2039 357 2254 430 ηυμένων
2304 362 2413 414 τῶν
2462 360 2798 433 σωζομένων.
2855 364 2918 416 Ἡ
2962 362 3019 416 δὲ
3060 362 3257 429 θεωοις
3310 363 3483 417 ἐστιν
3532 367 3568 431 ἡ

264 461 462 508 nostra
512 468 677 524 quam
722 454 986 509 mentium
1032 468 1427 523 supernarum;
1470 464 1846 533 verumtamen

273 540 390 599 haec
424 545 572 600 salus
620 545 687 601 iis
716 544 809 613 qui
852 544 1141 600 salvantur
1182 543 1400 600 nonnisi
1440 543 1552 612 jam
1582 544 1849 601 deiﬁcatis

279 644 456 709 potest
500 635 802 706 obtingere.
855 635 951 690 Est
997 646 1179 690 autem
1238 637 1353 692 haec
1401 636 1698 702 deiﬁcatio,
1755 634 1849 691 Dei

279 729 548 795 quaedam,
592 728 769 797 quoad
820 727 939 783 ﬁeri
986 738 1183 799 potest,
1221 729 1541 786 assimilatio
1592 729 1848 797 unioque.

280 819 439 875 Otnni
466 832 627 887 porro
654 810 832 877 ordini
864 833 1022 875 sacro
1046 820 1351 875 communis
1376 836 1574 890 scopus
1597 830 1700 886 est,
1726 836 1852 890 erga

279 911 448 978 Deum
473 921 526 968 et
555 927 640 967 res
661 913 876 968 divinas
897 913 1158 969 continua
1182 914 1426 979 dilectio,
1452 929 1574 984 quae
1596 915 1858 968 divinitus

339 1005 564 1071 seritur,
600 1016 653 1060 et
680 1021 778 1076 per
805 1000 923 1075 ejus
952 1007 1205 1062 unionem
1244 1015 1672 1070 consummatur,
1707 1022 1856 1075 qua:-

281 1111 387 1165 que
416 1096 521 1151 hac
560 1097 710 1165 prior
744 1107 850 1163 est,
887 1099 964 1153 illi
999 1098 1410 1154 adversantium
1455 1098 1768 1152 omnimoda
1800 1109 1856 1153 et

279 1184 662 1248 irreverlibilis
713 1186 860 1259 fuga,
916 1189 1158 1259 cognitio
1204 1204 1384 1244 rerum
1436 1203 1540 1258 qua
1576 1204 1665 1249 res
1709 1199 1854 1256 sunt,

279 1296 451 1334 sacra:
486 1271 736 1336 veritatis
780 1283 913 1339 visio
952 1281 1319 1350 scientiaque,
1364 1280 1633 1350 simplicis
1677 1280 1856 1351 perfe-

1959 454 2094 523 πρὸς
2126 452 2286 517 Θεὸν,
2325 454 2402 519 ὡς
2444 455 2697 525 ἐφικτὸν,
2735 455 3071 527 ἁφομοίωσίς
3098 472 3159 508 τε
3186 455 3285 509 καὶ
3320 455 3565 519 ἓνωσις.

1967 544 2212 614 Ἀπάσης
2248 544 2305 598 δὲ
2338 544 2495 597 τοῦτο
2530 546 2707 599 κοινὸν
2756 545 3098 618 ἱεραρχίας⁸⁸
3144 546 3206 599 τὸ
3257 545 3483 618 πέρας,
3530 550 3568 615 ἡ

1958 635 2096 708 πρὸς
2122 635 2254 690 Θεόν
2286 655 2345 690 τε
2370 639 2462 692 καὶ
2486 637 2556 691 τὰ
2582 638 2700 693 θεῖα
2727 638 2999 711 προσεχὴς
3014 638 3318 711 ἀγάπησις,
3348 637 3569 707 ὲνθέως

1954 744 2013 781 τε
2040 727 2134 782 καὶ
2165 728 2378 793 ὲνιαίως
2405 731 2847 803 ίερουργουμένη,
2873 731 2966 785 καὶ
2994 730 3096 803 πρό
3112 749 3175 800 γε
3208 730 3427 784 τούτου
3455 728 3570 783 τῶν

1958 822 2215 874 ἐναντίων
2246 824 2278 895 ἡ
2317 821 2582 894 παντελὴς
2614 825 2707 877 καὶ
2732 824 3122 896 ἀνεπίστροφος
3156 823 3567 890 ἀποφοὶτησις.

1962 916 1995 986 ἡ
2020 913 2224 983 γνῶσις
2261 914 2368 967 τῶν
2394 914 2561 967 ὄντων
2657 915 2785 968 ὄντα
2811 916 2958 969 ἐστὶν
2977 957 2992 980 ,
3029 919 3062 986 ἡ
3096 917 3192 987 τῆς
3219 917 3391 988 ἱερᾶς
3434 916 3571 985 ἀλη-

1962 1003 2115 1068 θείας
2154 1004 2344 1076 ὅρασίς
2385 1022 2446 1057 τε
2487 1007 2580 1058 καὶ
2620 1007 2927 1078 ἐπιστήμη,
2963 1009 2997 1079 ὴ
3030 1008 3129 1077 τῆς
3163 1007 3453 1070 ὲνοειδοῦς
3479 1023 3570 1059 τε·

1961 1095 2231 1159 λειώσεως
2265 1095 2448 1161 ἔνθεος
2474 1096 2709 1168 μέθεξις,
2745 1097 2909 1151 αὑτοῦ
2942 1098 3036 1152 τοῦ
3062 1099 3179 1163 ἑνὸς
3200 1098 3279 1163 ὡς
3304 1098 3567 1168 ἐφικτόν

1964 1190 1998 1259 ὴ
2023 1187 2125 1258 τῆς
2151 1188 2385 1258 ὲποψίας
2412 1190 2676 1254 ἑστίασις,
2701 1191 2975 1262 τρέφουσα
3008 1192 3213 1262 νοητῶς
3237 1193 3335 1246 καὶ
3358 1189 3573 1244 θεοῦσα

1963 1282 2141 1334 πάντα
2161 1280 2252 1333 τὸν
2286 1282 2365 1345 είς
2388 1281 2559 1353 αὐτὴν
2586 1282 3016 1354 ἀνατεινόμενον.

282 1376 478 1443 ctionis
512 1376 630 1446 ejus
659 1378 750 1448 qui
781 1391 991 1433 summe
1052 1376 1280 1445 simplex
1350 1382 1453 1439 est,
1485 1373 1664 1430 divina
1734 1372 2106 1444 participatio;
2152 1374 2335 1430 fruitio
2377 1374 2697 1440 intuitionis,
2727 1390 2849 1445 qua:
2894 1389 3116 1432 omnem
3166 1378 3254 1433 sui
3299 1385 3585 1433 contem,

283 1469 544 1543 piatorem
580 1468 810 1540 spiritali
844 1469 1002 1524 modo
1028 1469 1205 1524 reiicit
1226 1468 1575 1538 deiﬁcatque.

1828 1546 1855 1657 ξ
1898 1582 2003 1642 IV.

359 1736 604 1791 Dicimus
645 1734 871 1803 itaque,
916 1733 1008 1789 Dei
1049 1731 1405 1801 principalem
1451 1730 1865 1794 beatitudinem,

2041 1731 2361 1804 Λέγωμεν³⁶
2385 1733 2586 1799 τοίνυν,
2622 1736 2654 1803 ἡ
2692 1734 2957 1807 θεαρχικὴ
2995 1735 3357 1809 μακαριότης,
3401 1737 3440 1808 ἡ
3470 1735 3580 1804 φύ-

287 1845 409 1899 quae
440 1839 628 1891 natura
663 1829 843 1883 Deitas
874 1837 978 1893 est,
1009 1824 1332 1896 principium
1381 1821 1765 1887 deiﬁcationis,
1795 1836 1862 1875 ex

289 1937 397 1993 quo
432 1919 469 1975 ii
499 1920 591 1991 qui
619 1919 903 1975 deiﬁcandi
946 1928 1071 1973 sunt
1110 1917 1457 1979 tleilicantur,
1497 1915 1676 1970 divina
1719 1914 1872 1968 boni-

290 2022 401 2069 tate
446 2027 663 2067 sacrum
702 2010 973 2072 ordinem.
1007 2011 1059 2063 in
1097 2009 1326 2065 salutem
1367 2016 1421 2062 et
1473 2006 1868 2060 deiﬁcationem

287 2104 551 2169 omnium,
584 2116 705 2157 cum
734 2100 1078 2155 rationalium
1104 2108 1214 2152 tum
1242 2096 1564 2166 spiritalium
1594 2094 1870 2151 essentia-

289 2180 433 2264 rum,
468 2196 825 2250 concessisse.
856 2195 934 2247 Ac
968 2189 1179 2260 superis
1201 2188 1419 2258 quidem
1465 2186 1732 2255 beateque
1762 2186 1873 2239 otio

290 2285 622 2354 fruentibus,
654 2287 815 2341 modo
848 2284 1019 2355 magis
1064 2281 1432 2336 immateriato
1466 2294 1528 2334 ac
1558 2276 1873 2348 spiritalitiri

291 2379 421 2452 (non
469 2380 614 2434 enim
643 2380 986 2434 extrinsecus
1019 2390 1114 2431 eos
1161 2375 1306 2430 Deus
1345 2375 1410 2428 ad
1451 2372 1633 2435 divitia
1672 2380 1870 2434 movet,

292 2471 388 2525 sed
439 2470 761 2539 intelligibili
823 2470 1074 2536 ratione,
1125 2477 1291 2537 atque
1346 2466 1675 2519 intrinsecus
1741 2477 1875 2533 pura

294 2561 610 2632 liquidaque
650 2560 1017 2617 illustratione
1060 2555 1455 2613 divinissimam
1514 2556 1580 2611 iis
1626 2556 1876 2611 volunta-

297 2665 404 2711 tem
434 2654 769 2717 irradiando)
800 2654 956 2708 nobis
996 2662 1199 2720 autem,
1244 2651 1388 2721 quod
1432 2648 1735 2719 simplicius
1770 2649 1879 2704 illis

296 2748 677 2817 collectitnque
722 2748 1049 2817 prrslitum,
1089 2762 1154 2804 ex
1205 2745 1465 2800 divinitus
1512 2743 1727 2797 traditis
1763 2741 1873 2796 elo-

297 2840 461 2910 quiis,
491 2855 590 2911 pro
626 2850 786 2909 captu
822 2849 1028 2904 nostro,
1064 2837 1416 2895 divisibilium
1446 2836 1709 2896 varietate
1737 2833 1879 2887 mul-

299 2931 637 3002 titudineque
661 2934 939 3003 signorum
970 2931 1229 2985 donatum
1260 2938 1367 2984 est.
1392 2926 1708 2980 Substantia
1732 2930 1877 2977 enim

299 3023 623 3080 tnierarchia:
669 3035 867 3080 nostra:
909 3032 1039 3078 sunt
1079 3020 1339 3076 divinitus
1388 3019 1582 3072 tradita
1630 3015 1873 3071 oracula.

301 3117 532 3173 Maxime
557 3133 685 3174 vero
707 3119 805 3172 ista
833 3116 1051 3171 oracula
1080 3088 1309 3168 dici‘mus
1337 3110 1669 3175 veneranda,
1700 3123 1818 3177 quae
1848 3123 1877 3159 a
1906 3105 1948 3161 C

299 3211 469 3264 sacris
494 3210 701 3266 nostris
728 3208 1095 3271 initiatoribus
1125 3205 1309 3260 divino
1343 3202 1549 3273 Spiritu
1578 3200 1795 3265 amatis,
1822 3200 1877 3252 in

303 3302 603 3373 Scripturis
646 3301 821 3359 sacris
854 3300 1114 3368 librisque
1140 3296 1451 3367 theologicis
1492 3295 1689 3348 tradita
1726 3292 1884 3347 nobis

304 3403 468 3461 sunt;
498 3394 576 3448 uti
617 3404 674 3448 et
701 3393 789 3447 illa
817 3407 937 3462 qua:
979 3395 1047 3448 ab
1072 3391 1259 3445 iisdem
1300 3390 1432 3443 viris
1467 3387 1675 3442 sanctis
1707 3385 1881 3440 subti-

305 3487 455 3552 iiori,
482 3501 586 3540 non
614 3486 839 3542 omnino
863 3485 1054 3543 dissita
1084 3486 1151 3539 ab
1176 3483 1368 3539 ordine
1396 3481 1607 3537 cmlesti
1636 3479 1881 3534 insinua-

306 3578 475 3643 tione,
506 3577 572 3631 de
603 3586 785 3635 mente
815 3576 870 3631 in
898 3586 1156 3641 mentem,
1185 3562 1462 3629 mediante.
1487 3574 1674 3636 verbo,
1701 3586 1890 3640 corpo-

311 3684 410 3724 reo
455 3669 671 3738 quidem
716 3669 844 3735 illo,
891 3669 1050 3723 simul
1100 3678 1274 3722 tamen
1321 3665 1725 3730 immateriato,
1770 3665 1888 3719 sine

311 3761 631 3832 scriptione,
660 3762 1008 3819 institutores
1038 3759 1208 3825 nostri
1246 3773 1404 3814 sacra
1433 3758 1666 3827 quadam
1696 3758 1888 3811 tradu-

312 3856 492 3910 ctione
523 3863 650 3909 sunt
677 3854 880 3911 edocti.
916 3852 1104 3922 Neque
1138 3863 1266 3905 vero
1311 3850 1417 3904 ista
1460 3848 1647 3903 divino
1680 3847 1886 3917 Spiritu

1976 1843 2056 1880 σει
2079 1825 2345 1898 Θεότης,ή
2371 1827 2512 1899 ἀρχὴ
2536 1827 2635 1897 τῆς
2655 1825 2919 1893 θεώσεως,
2936 1827 2996 1893 ἐξ
3013 1822 3081 1901 ἧς
3096 1828 3156 1881 τὸ
3172 1827 3439 1881 θεοῦσθαι
3458 1831 3581 1891 τοῖς

1974 1916 2286 1989 θεουμένοις
2309 1918 2607 1991 ἁγαοότητι
2634 1918 2753 1992 θείᾳ⁴
2768 1920 2811 1953 ⁸⁷
2846 1921 2947 1993 τὴν
2984 1921 3287 1993 ἱεραρχίαν,
3326 1921 3429 1973 ἐπὶ
3467 1938 3576 1973 σω-

1972 2030 2037 2084 τη
2049 2011 2139 2085 ρίᾳ
2162 2013 2259 2065 καὶ
2282 2010 2474 2065 θεώσει
2511 2012 2728 2066 πάντων
2760 2012 2868 2066 τῶν
2894 2012 3126 2082 λογικῶν
3153 2029 3213 2064 τε
3239 2011 3333 2063 καὶ
3357 2009 3578 2081 νοερῶ

1974 2103 2542 2177 οὐσιῶν,ὲδωρήσατο.
2585 2106 2696 2159 Καὶ
2750 2107 2872 2168 ταῖς
2913 2104 3009 2176 μὲν
3046 2103 3449 2176 ὑπερκοσμίοις
3481 2102 3579 2156 καὶ

1980 2188 2278 2269 μακαρίαις
2321 2196 2560 2269 λήξεσιν,
2634 2195 2918 2268 ἀῦλοτερόν
2965 2214 3026 2249 τε
3082 2197 3175 2250 καὶ
3209 2193 3575 2267 νοερώτερον,

1978 2285 2060 2355 (οὐ
2079 2284 2126 2315 ⁸³
2145 2284 2253 2357 γὰρ
2277 2284 2475 2350 ἔξωθεν
2496 2284 2666 2349 αὑτὰς
2697 2288 2726 2339 ό
2747 2285 2883 2349 Θεὸς
2907 2285 2999 2338 ἐπὶ
3021 2283 3090 2337 τὰ
3116 2284 3232 2338 θεῖα
3267 2286 3437 2345 κινεῖ,
3453 2301 3577 2353 νοη-

1976 2373 2084 2438 τῶς
2109 2374 2186 2439 δὲ,
2211 2376 2305 2428 καὶ
2331 2374 2538 2430 ἔνδοθεν
2560 2374 2986 2447 ἐλλαμπομένων
3012 2374 3189 2427 αὐτῶν
3214 2375 3270 2425 ἐν
3298 2373 3449 2443 αὐγῇ
3472 2390 3577 2426 κα-

1981 2472 2125 2544 θαρᾷ
2149 2475 2243 2527 καὶ
2270 2473 2417 2545 ἁῦλῳ
2441 2474 2540 2545 τὴν
2576 2473 2860 2545 θειοτάτην
2902 2472 3157 2545 βούλησιν
3177 2513 3192 2538 ,
3215 2471 3233 2544 )
3269 2474 3406 2542 ἡμῖν
3433 2471 3491 2524 δὲ
3517 2472 3578 2522 τὸ

1982 2566 2219 2629 ἐκείναις
2258 2565 2474 2628 ὲνιαίως
2511 2581 2572 2617 τε
2605 2566 2699 2618 καὶ
2737 2563 3191 2634 συνεπτυγμένως
3214 2561 3466 2634 δωρηθέν
3512 2563 3577 2614 ἐκ

1982 2654 2090 2710 τῶν
2118 2655 2527 2729 θεοπαραδότων
2549 2655 2764 2725 λογίων,
2791 2655 2866 2719 ὼς
2879 2656 3010 2726 ἡμῖν
3035 2652 3278 2724 ἐφικτὸν,
3305 2653 3362 2704 ὲν
3394 2669 3573 2705 ποικι-

1981 2748 2073 2821 λίᾳ.
2106 2749 2201 2801 καὶ
2235 2747 2429 2818 πλήθει
2459 2748 2747 2820 διαιρετῶν
2778 2746 3061 2820 συμϐόλων
3100 2744 3426 2816 δεδώρηται.
3472 2744 3577 2796 Οὑ-

1987 2841 2077 2893 σία
2101 2838 2209 2912 γὰρ
2233 2840 2329 2911 τῆς
2352 2838 2470 2896 καθ’
2496 2841 2642 2911 ἡμᾶς
2668 2824 2949 2910 ίεραρχίας
2969 2837 3086 2890 ἐστὶ
3106 2835 3176 2888 τὰ
3203 2834 3577 2906 θεοπαράδοτα

1983 2932 2158 3001 λόγια.
2196 2932 2507 2985 Σεπτότατα
2528 2917 2595 2985 δὲ
2628 2932 2787 3000 λόγια
2817 2930 2995 2993 ταῦτά
3029 2946 3241 3000 φαμεν,
3286 2928 3390 2981 ὅσα
3441 2926 3575 2997 πρὸς

1982 3025 2091 3079 τῶν
2123 3024 2320 3079 ἐνθέων
2354 3024 2511 3097 ἡμῶν
2548 3024 2928 3097 ίεροτελεστῶν
2962 3026 3017 3076 ὲν
3052 3020 3416 3093 ἀγιογράφοις
3450 3021 3578 3091 ἡμῖν

1986 3122 2080 3183 καὶ
2113 3120 2450 3189 θεολογικαῖς
2472 3119 2770 3190 δεδώρηται
2794 3118 3000 3182 δέλτοις
3018 3134 3030 3147 ·
3052 3116 3146 3171 καὶ
3173 3115 3277 3186 μὴν
3311 3114 3414 3166 ὅσα
3445 3112 3577 3182 πρὸς

1986 3212 2097 3267 τῶν
2122 3211 2301 3266 αὐτῶν
2338 3211 2499 3284 ἱερῶν
2534 3210 2744 3282 ἀνδρῶν
2789 3207 3056 3281 ἀῦλοτέρᾳ
3085 3208 3302 3280 μυήσει,
3343 3205 3438 3258 καὶ
3461 3203 3573 3271 γεία

1986 3305 2100 3359 τονί
2145 3323 2262 3368 πως
2303 3304 2406 3377 ἥδη
2440 3304 2538 3373 τῆς
2569 3302 2825 3375 οὐρανίας
2866 3300 3148 3373 ἱεραρχίας
3171 3338 3186 3361 ,
3225 3300 3289 3349 ὲκ
3326 3296 3448 3359 νοὸς
3497 3294 3574 3355 εἰς

1988 3394 2135 3459 νοῦν,
2160 3394 2247 3448 διὰ
2273 3378 2440 3466 μέσου
2463 3392 2624 3463 λόγου
2646 3434 2660 3458 ,
2691 3390 3006 3462 σωματικοῦ
3037 3391 3155 3461 μὲν,
3201 3386 3494 3457 ἁῦλότέρου
3522 3385 3575 3445 δὲ

1989 3488 2158 3559 ὅμως,
2188 3487 2405 3564 γραφῆς
2444 3484 2600 3550 ἐκτὸς
2620 3526 2635 3551 ,
2677 3485 2727 3538 οἱ
2754 3481 3130 3563 καθηγεμόνες
3153 3479 3310 3552 ἡμῶν
3336 3477 3575 3551 ἐμυήθη·

1992 3595 2110 3632 σαν.
2141 3579 2275 3632 Οὐδὲ
2299 3577 2469 3631 ταῦτα
2497 3576 2605 3630 τῶν
2638 3574 2837 3629 ἐνθέων
2865 3572 3139 3647 ἱεραρχῶν
3161 3574 3244 3635 είς
3276 3569 3339 3624 τδ
3369 3570 3472 3640 τῆς
3507 3571 3572 3623 is-

1996 3670 2253 3743 ρουργίας
2284 3669 2462 3725 κοινὸν
2494 3667 2981 3740 ἀπαρακαλύπτως
2997 3666 3043 3699 δ’
3066 3666 3334 3736 νοήσεσιν,
3370 3660 3486 3715 ἀλλ’
3523 3663 3574 3713 ἐν

1995 3761 2286 3834 συμῦόλοις
2334 3764 2500 3834 ἱεροῖς
2547 3758 3040 3832 παραδεδωκότων·
3084 3757 3198 3811 ἔστι
3230 3754 3341 3826 γὰρ
3375 3754 3434 3806 οὐ
3475 3754 3575 3816 πᾶς

1999 3851 2173 3923 ἱερὸς,
2198 3851 2321 3905 οὐδὲ
2350 3850 2587 3915 πάντων,
2622 3849 2698 3913 ὡς
2726 3847 2796 3901 τὰ
2820 3847 2980 3916 λόγιά
3005 3864 3200 3919 φησιν,
3228 3847 3261 3916 ή
3286 3844 3505 3914 γνῶσις.

313 3948 616 4009 aﬂlatorum
646 3963 925 4003 sacrorum
951 3945 1236 4017 praasulum
1298 3950 1665 4006 monumenta,
1712 3941 1764 3996 in
1819 3944 1959 3998 sacri
1998 3945 2207 3999 ordinis
2250 3957 2537 3999 commune
2581 3943 2804 4005 bonum,
2846 3941 3142 4011 propatulls
3186 3936 3571 4009 inteliigentiis.

314 4044 409 4099 sed
431 4042 691 4114 symbolis
730 4040 1049 4110 quibusdam
1095 4039 1269 4097 sacris
1296 4039 1543 4095 traducta
1586 4044 1748 4102 sunt;
1807 4051 1916 4092 non
1955 4038 2100 4092 enim
2150 4038 2377 4107 quilibet
2421 4036 2698 4102 sacerdos,
2747 4033 2906 4109 157
2975 4047 3150 4107 neque
3211 4032 3472 4097 omnium,
3519 4041 3572 4082 nt

319 4138 541 4208 eloquia
575 4136 821 4201 tradunt,
843 4134 1071 4191 scientia
1098 4142 1205 4188 est.

1876 4270 2013 4345 §V.

393 4413 721 4470 Necessario
743 4412 910 4483 igitur
953 4411 1114 4486 primi
1143 4410 1285 4469 sacri
1335 4410 1543 4475 ordinis
1575 4410 1745 4466 nostri
1782 4423 1901 4462 mo-

2097 4407 2437 4476 Ἀναγκαίως
2467 4402 2560 4461 οὖν
2593 4408 2641 4460 οἱ
2688 4405 2894 4477 πρῶτοι
2927 4405 3024 4477 τῆς
3067 4405 3188 4459 καθ’
3222 4404 3367 4475 ἡμᾶς
3413 4403 3577 4474 ἱεραρθ

322 4512 631 4568 deratores.
665 4482 1209 4574 supersnbstantialis
1240 4502 1332 4556 Dei
1371 4503 1710 4573 principatus
1740 4516 1878 4556 sacri

2039 4498 2145 4569 (ίας
2165 4497 2557 4569 καθηγεμόνες,
2578 4498 2643 4550 ἐκ
2662 4497 2761 4568 τῆς
2794 4496 3116 4568 ὑπερουσίου
3140 4495 3414 4567 θεαρχίας,
3438 4493 3577 4547 αὐτοί

323 4602 698 4671 ἰυείμηυηετθ
741 4595 904 4666 pleni,
932 4595 1064 4649 etin
1095 4603 1340 4665 posteros
1367 4593 1497 4648 illud
1547 4594 1724 4662 ipsum
1757 4594 1901 4648 deri-

325 4700 507 4744 vatum
541 4704 572 4743 a
611 4687 794 4742 divina
823 4685 1067 4744 bonitate
1097 4685 1269 4748 missi,
1301 4700 1424 4740 cum
1464 4693 1519 4740 et
1557 4684 1679 4753 ipsi,
1716 4692 1904 4755 utpote

325 4780 516 4845 divini,
569 4781 966 4850 promotionem
1007 4777 1518 4846 deiﬁcatiouemque
1563 4784 1903 4845 posterorum

327 4868 533 4925 aﬂ'atim
562 4871 963 4934 desiderarent,
1016 4869 1366 4925 sensibilibus
1396 4869 1585 4938 ﬁguris
1629 4882 1909 4937 superetn-

329 4970 510 5035 Sestia,
547 4979 603 5024 et
629 4968 775 5039 quod
809 4968 1017 5026 unitate
1057 4966 1344 5022 collectum
1373 4975 1457 5021 est
1502 4965 1650 5019 varia
1680 4981 1802 5020 cum
1827 4965 1909 5018 di-

326 5061 622 5120 stinctione
653 5071 764 5115 tum
792 5059 1156 5124 multitudine,
1187 5074 1286 5115 nec
1328 5073 1434 5113 non
1463 5056 1517 5112 in
1545 5056 1798 5112 humanis
1827 5056 1910 5110 di-

330 5156 484 5220 vina,
511 5163 567 5208 et
593 5153 644 5206 in
678 5149 923 5207 materiis
958 5150 1340 5215 immateriata,
1373 5156 1537 5217 atque
1562 5146 1616 5200 in
1650 5145 1911 5201 nostrati—

332 5250 432 5304 bus
466 5247 628 5302 rebus
655 5241 1227 5314 supersubstantialia,
1261 5258 1368 5312 qua
1414 5240 1638 5308 scriptis
1666 5253 1771 5307 qua
1803 5252 1909 5291 non

331 5340 555 5411 scriptis
577 5336 1030 5399 institutionibus,
1054 5335 1108 5388 in
1139 5334 1529 5389 sacratissimis
1554 5330 1788 5387 oraculis
1816 5343 1915 5383 no-

2015 4608 2081 4644 τε
2115 4590 2553 4658 ἀναπλησθέντες
2588 4588 2681 4643 τοῦ
2730 4589 2873 4661 ἱεροῦ
2916 4587 3120 4660 δώρου,
3145 4589 3238 4641 καὶ
3270 4589 3350 4650 είς
3388 4585 3445 4639 τὺ
3466 4585 3579 4655 ἑξῆς

2020 4684 2153 4739 αὐτὸ
2186 4687 2519 4756 προαγαγεῖν
2542 4682 2648 4736 ὑπὸ
2667 4665 2769 4754 τῆς.
2798 4680 3091 4761 θεαρχικῆς
3119 4678 3447 4750 ᾁγαθότητος
3468 4680 3578 4730 das-

2022 4775 2332 4846 σταλμένοι,
2368 4774 2462 4827 καὶ
2492 4773 2648 4826 αὐτοὶ
2677 4772 2734 4825 δὲ
2782 4771 3029 4841 ἀφθόνως
3052 4769 3306 4841 ἐρῶντες,
3337 4766 3411 4830 ὡς
3441 4765 3576 4826 θεῖοι,

2016 4867 2117 4937 τῆς
2147 4865 2259 4919 τῶν
2285 4864 2401 4937 μετ’
2436 4865 2635 4926 αὐτοὺς
2662 4862 2952 4932 ἀναγωγῆς
2983 4859 3077 4913 καὶ
3108 4857 3374 4920 θεώσεως,
3409 4855 3572 4925 αἰσθη-

2017 4961 2141 5022 ταῖς
2184 4956 2355 5010 είκόσι
2399 4956 2467 5009 τὰ
2500 4955 2888 5031 ὑπερουρὰνια,
2924 4954 3018 5006 καὶ
3056 4950 3426 5022 ποικιλίαςκαὶ
3455 4946 3575 5015 πλή-

2019 5047 2101 5102 θει
2149 5048 2212 5100 τὸ
2268 5030 2722 5115 συνεπτυγμένον,
2770 5042 2863 5095 καὶ
2903 5042 2962 5094 ὲν
3019 5037 3379 5111 ἀνθρωπίνοις
3418 5050 3473 5086 τε
3517 5030 3575 5084 τὰ

2018 5141 2158 5205 θεῖα,
2194 5140 2289 5192 καὶ
2334 5136 2539 5201 ὲνύλοις
2569 5135 2641 5189 τὰ
2684 5134 2843 5197 ᾰῦλα,
2900 5134 2994 5187 καὶ
3035 5134 3147 5194 τοῖς
3183 5127 3306 5183 καθ’
3332 5128 3471 5198 ἡμᾶς
3517 5123 3572 5177 τὰ

2018 5232 2340 5306 ὑπερούσια,
2395 5235 2515 5295 ταῖς
2546 5229 2843 5300 ἐγγράφοις
2873 5243 2934 5281 τε
2966 5225 3145 5279 αὐτῶν
3191 5224 3285 5276 καὶ
3335 5221 3573 5294 ἀγράφοις

2023 5329 2276 5400 μυήσεσι,
2312 5325 2455 5380 κατὰ
2497 5324 2622 5387 τοὺς
2656 5322 2835 5393 ἱεροὺς
2875 5322 3010 5392 ἡμῖν
3042 5318 3231 5371 ἔδοσαν
3262 5315 3309 5349 ’⁸
3344 5310 3552 5384 θεσμοὺς

1622 5487 1861 5544 ἾΑΒΙᾸΞ
1901 5483 2309 5542 LECTIONES.

401 5622 449 5656 ει
492 5616 544 5670 in
574 5615 735 5669 dandi
771 5629 899 5669 casu
943 5614 1130 5684 ἁπάσῃ
1160 5608 1542 5684 ἰεραρχὶᾳην.
1580 5606 1777 5684 minor,
1812 5602 1924 5684 Clu;
1952 5601 2015 5656 D.
2063 5602 2122 5659 S.
2199 5602 2243 5633 ⁸⁸
2297 5575 2545 5669 λέγομεν,
2582 5594 2641 5650 Ρ.
2677 5594 2738 5648 D.
2794 5594 2893 5651 Ch.
2969 5591 3013 5624 ⁸⁷
3055 5606 3144 5660 γρ.
3183 5586 3356 5642 θείαν.
3425 5585 3463 5617 ⁸⁸
3491 5595 3563 5653 γρ.

334 5694 459 5761 ρὲξέ
557 5686 601 5717 δ”
636 5672 1361 5755 ἁπερικαλύπτοιςξ’[).’οὶι’ξ
1398 5672 1409 5682 ’
1435 5675 1845 5749 θθιπαρέδοπσενι
1890 5673 1949 5727 D-
