3734 6376
117 363 213 418 ιη
819 358 907 412 ne
936 357 1221 414 access.
1256 341 1584 413 meamet

1923 399 1926 410 .
1972 389 2036 398 -—
2065 357 2388 414 CORDERll
2437 355 2666 411 NOTAE.
3293 363 3397 420 573

117 479 176 530 οὐ
206 474 309 528 τῶν
349 474 580 546 ἀνιέρων
630 472 795 528 ἕνεκα
830 472 1014 542 μόνον,
1049 466 1130 536 οἷς
1183 473 1304 526 οὐδὲ
1342 474 1453 528 τῶν
1503 493 1591 546 cui

1937 473 2275 526 tradiderunt
2309 488 2322 525 :
2369 487 2469 526 nec
2507 473 2556 526 id
2598 480 2818 540 pr0pter
2851 473 3108 540 protauos
3157 483 3391 532 tantum.

115 568 216 623 λων
249 566 516 620 ἅπτεσθαι
571 565 810 636 θεμιτὸν,
842 564 955 617 ἀλλ’
1006 566 1088 617 ὅτι
1140 567 1232 617 καὶ
1290 566 1589 637 συμϐολική

1923 582 2012 619 aus
2057 566 2142 620 vel
2180 567 2293 634 ipsa
2345 567 2496 633 signa
2533 575 2758 636 tangere
2790 565 2945 620 nefas
2989 566 3078 630 sil,
3112 567 3207 620 sed
3255 571 3397 638 quod

114 663 276 724 ἐστιν,
306 660 443 729 ὅπερ
477 656 632 728 ἔφην,
662 653 942 721 ἀναλόγως
964 655 1097 726 ἡμῖν
1129 654 1312 718 αὐτοῖς
1345 657 1376 727 ἡ
1416 655 1588 726 καθ’ή

1922 663 2020 721 ter,
2053 663 2112 706 ut
2143 653 2276 718 dixi,
2321 669 2476 707 sacra
2507 655 2792 709 ordinandi
2841 656 2997 721 ritus,
3026 671 3146 709 cum
3182 656 3396 711 illorum

115 750 378 823 ἱεραρχία,
408 747 636 819 δεομένη
660 746 768 800 τῶν
791 745 1065 817 αἰσθητῶν
1099 747 1180 810 εἰς
1211 745 1307 820 τὴν
1334 748 1392 813 ἐξ
1414 747 1589 800 αὐτῶν

1923 756 2184 813 ιρςιιοιιιιιε,
2237 747 2569 817 symbolicus
2618 749 2840 811 existat,
2884 749 3183 803 sensilibus
3230 752 3397 818 signis

116 846 181 897 τὰ
209 841 372 916 νοητὰ
420 841 697 911 θειοτέραν
730 838 890 912 ἡμῶν
934 840 1247 909 ἀναγωγήν.
1301 840 1590 892 Ἀνακεκαὶ

1924 855 1942 893 s
1976 841 2203 902 habens,
2237 843 2303 894 ad
2338 841 2666 894 diviniorem
2701 843 2870 896 nostri
2906 857 2969 894 ex
2998 841 3105 894 illis
3141 846 3205 894 ad
3242 843 3398 896 intel-

114 941 262 1012 μένοι
284 937 338 990 δὲ
365 937 512 1006 ὅμως
543 934 680 986 εἰσὶν
710 935 758 991 οἱ
785 931 893 985 τῶν
918 949 980 985 συ
990 933 1202 1003 μϐόλων
1225 933 1372 1002 λόγοι
1405 937 1518 996 τοῖς
1542 933 1588 986 θε

1921 933 2037 985 uilia
2089 932 2549 989 sublimationem.
2594 935 2847 988 Attamen
2903 936 3204 988 manifestae
3236 937 3395 988 simul

113 1031 524 1105 ἱεροτελεσταῖς,
560 1025 652 1090 οὓς
703 1027 764 1078 οὐ
799 1026 1014 1097 θεμιτὸν
1069 1025 1284 1096 ἐξάγειν
1320 1029 1400 1090 εἰς
1448 1026 1575 1090 τοὺς

1924 1035 1934 1078 t
1961 1027 2397 1080 sacerdotalibus
2427 1027 2714 1096 signorum
2741 1027 3004 1090 rationes,
3053 1044 3188 1096 quas
3211 1045 3398 1082 sacro-

111 1123 514 1194 τελειουμένους
562 1121 628 1182 ⁹¹,
656 1119 866 1184 εἰδότας
903 1121 978 1182 ὼς
1009 1120 1059 1172 οἱ
1090 1118 1198 1174 τῶν
1243 1119 1402 1190 ἱερῶν
1436 1119 1585 1172 θεοπε

1920 1139 1925 1168 ι
1973 1118 2268 1172 etiamdum
2325 1116 2635 1171 candidatis
2685 1117 2979 1185 eitplanare
3026 1119 3196 1184 nefas,
3252 1123 3394 1188 quod

109 1219 274 1280 δότως
300 1217 344 1248 ⁹¹
369 1212 676 1285 νομοθέται,
701 1214 822 1274 ταῖς
843 1210 952 1263 τῶν
975 1210 1284 1281 διακόσμων
1305 1211 1583 1264 εὑσταθέσι

1922 1212 2150 1265 loratum
2194 1210 2286 1276 sit,
2323 1225 2608 1265 sacrorum
2658 1210 2919 1265 divinitus
2969 1213 3289 1267 traditurum
3323 1215 3396 1268 le-

108 1307 486 1380 ἁσυμφύρτοις
519 1306 725 1372 τάξεσι,
761 1305 854 1357 καὶ
887 1306 1006 1366 ταῖς
1029 1302 1123 1356 τοῦ
1151 1304 1365 1376 ἑκάστῳ
1399 1306 1518 1357 κατ’
1547 1306 1580 1358 ἁ

1919 1311 2119 1366 atores,
2169 1302 2462 1357 stabilibus
2521 1312 2685 1368 atque
2748 1303 3102 1370 impermistis
3145 1305 3393 1359 ordinum

107 1402 480 1473 arporqxovm;
513 1399 796 1468 ἁναλόγοις
838 1399 933 1451 καὶ
969 1399 1140 1468 ἱεραῖς
1184 1399 1576 1470 ἀπονεμήσεσι,

1925 1395 2274 1460 inctionibus,
2315 1395 2576 1464 cujusque
2606 1396 2803 1449 merito
2837 1397 3397 1463 accmnmodatis,dis-

109 1495 397 1566 ἱεραρχίαν
424 1491 752 1558 διετάξαντο.
779 1491 869 1544 Διὸ
900 1493 992 1544 καὶ
1017 1493 1138 1553 ταῖς
1154 1494 1273 1554 σαῖς
1309 1492 1480 1562 ἱεραῖς
1510 1495 1581 1563 ὀμ

1920 1487 2078 1542 ilibus
2146 1503 2212 1542 ac
2255 1489 2429 1542 sacris
2459 1486 2847 1557 partitionibus
2893 1502 3109 1540 sacrum
3150 1490 3394 1540 ordinem

106 1584 257 1652 γίαις
286 1582 528 1646 πεισθεὶς
563 1583 896 1655 (ἀναμνῆσαι
928 1581 1036 1654 γὰρ
1069 1582 1248 1635 αὐτῶν
1301 1585 1554 1656 εὐαγὲς),

1921 1579 2169 1636 ribuisse.
2227 1581 2568 1649 Quapropter
2631 1580 2706 1633 tui
2757 1580 2920 1632 etiam
2981 1580 3150 1648 ipsius
3208 1596 3395 1634 sacro-

106 1677 331 1746 ἁπάσης
357 1675 454 1746 μὲν
487 1675 890 1747 ὑπερκειμένης
931 1675 1249 1746 ἱεραρχικῆς
1280 1674 1576 1746 ἰερολογίας

1926 1672 2007 1727 τιίε
2041 1673 2387 1743 pactionibus
2431 1688 2726 1741 persuasus
2765 1673 2976 1743 (earum
3006 1674 3155 1725 enim
3206 1673 3400 1727 memi~

106 1767 444 1840 μεταδώσεις
490 1768 681 1839 ἑτέρῳ,
715 1766 866 1839 παρά
888 1767 1013 1828 τοὺς
1036 1768 1324 1836 ὁμοταγείς
1347 1784 1428 1820 σοι
1452 1768 1580 1820 θεοει

1926 1785 1955 1824 e
1999 1772 2280 1840 sanctum)
2343 1773 2692 1840 episcoliatus
2749 1770 2971 1838 quidem
3024 1769 3295 1836 ordinem,
3343 1781 3399 1825 ut

108 1859 501 1932 ἱεροτελεστάς·
557 1859 754 1922 αὐτούς
810 1875 869 1910 τε
920 1859 1128 1922 πείσεις
1184 1859 1514 1930 ὁμολογῆσαι
1562 1879 1582 1912 ›

1926 1865 2024 1918 aris
2057 1866 2512 1932 praestantiorem,
2554 1878 2900 1932 nequaquam
2946 1861 3102 1915 alteri
3156 1879 3400 1916 commu-

104 1953 309 2023 θεσμὸν
359 1950 690 2023 ἱεραρχικὸν,
725 1949 987 2021 καθαρῶν
1027 1951 1124 2020 μὲν
1170 1949 1428 2022 καθαρῶς
1460 1953 1578 2021 ἐφὰτ

1925 1955 2039 2020 ibis,
2081 1963 2446 2024 praeterquam
2495 1956 2569 2007 tui
2605 1955 2875 2009 similibus
2921 1955 3277 2009 deilormihus
3308 1967 3399 2005 sa-

104 2044 254 2105 σθαι,
279 2047 557 2097 κοινωνεῖν
579 2043 635 2096 δὲ
661 2042 842 2113 μόνοις
871 2041 978 2093 τῶν
1006 2041 1342 2114 θεουργικῶν
1373 2047 1488 2107 τοῖς
1513 2045 1570 2098 θε

1924 2047 2154 2110 lotibus;
2209 2049 2454 2119 ipsisque
2513 2051 2870 2118 persuadebis
2919 2057 2976 2103 ut
3027 2046 3180 2115 juxta
3235 2045 3398 2098 ritum

103 2133 343 2187 καὶτῶν
389 2133 610 2186 τελείων
656 2131 1037 2196 τελειωτικοῖς,
1067 2133 1244 2200 ἁγίοις
1275 2152 1332 2186 τε
1373 2135 1482 2189 τῶν
1528 2155 1577 2190 7::

1927 2141 2216 2194 ’archicum
2273 2140 2656 2210 profiteantur,
2710 2152 2896 2197 sancta
2947 2141 3165 2211 quidem
3212 2147 3401 2190 sancte

102 2225 411 2293 γεστάτων,
438 2224 609 2280 ἄλλων
636 2242 695 2277 τε
738 2223 1064 2295 ἱεραρχικῶν
1087 2223 1133 2255 ⁸³
1159 2243 1239 2278 σοι
1273 2228 1365 2280 καὶ
1388 2227 1575 2284 τούτου

1924 2246 2179 2305 trectare,
2204 2237 2336 2292 solis
2367 2247 2548 2292 autem
2580 2237 2772 2292 deiﬁca
2806 2239 3024 2303 divinis,
3065 2232 3398 2304 perﬁcientia

103 2319 387 2375 ταδέδωκα
416 2320 511 2374 τοῦ
538 2320 720 2374 ἐνθέου
749 2319 940 2392 δώρου.

1929 2329 2171 2386 Γεριίοιιῑε
2194 2331 2512 2400 capacibus,
2545 2332 2864 2401 sanctisque
2889 2330 3233 2385 sanctissima
3259 2342 3403 2379 com-

103 2416 395 2475 municare
449 2432 462 2468 :
522 2429 644 2468 nam
669 2422 868 2484 prieter
924 2413 1028 2468 alia
1096 2429 1378 2468 sacrorum
1405 2416 1658 2474 ordinum
1715 2437 1963 2483 munera.
1993 2423 2096 2480 hoc
2140 2439 2359 2494 quoque
2409 2425 2652 2480 divinum
2707 2424 2804 2481 tibi
2861 2440 3058 2480 munus
3103 2422 3401 2479 demanda-

105 2526 249 2566 mus-

1177 2667 1338 2739 158
1391 2667 1926 2726 ADNOTATIONES
1981 2669 2340 2760 CURDERla

186 2808 218 2881 δ
248 2807 306 2881 l.
329 2807 468 2881 Nota
497 2809 693 2881 primo,
728 2806 990 2881 sublimes
1024 2805 1146 2881 illas
1188 2806 1462 2881 loquendi
1489 2805 1778 2881 formulas,
1817 2807 2020 2881 quibus
2068 2809 2435 2881 luerareniam
2471 2822 2563 2881 seu
2597 2821 2813 2881 sacrum
2839 2807 3098 2881 ordinem
3147 2818 3395 2881 nostrum

103 2876 372 2951 describit
399 2879 427 2951 ᾗ
460 2876 718 2951 ιζιίίεειιε
743 2879 896 2951 illum
925 2893 1048 2932 esse
1083 2876 1181 2948 τῆς
1207 2876 1413 2939 ἐνθέου,
1452 2876 1503 2951 id
1531 2891 1577 2930 et

1925 2889 1984 2930 ta:
2007 2895 2098 2951 seu
2123 2880 2373 2951 indeatrc,
2404 2878 2503 2933 καὶ
2529 2878 2712 2944 θείας,
2737 2889 2784 2930 et
2813 2879 3046 2951 divinte,‘
3063 2879 3162 2951 atat
3196 2883 3399 2951 080vp.

102 2949 306 3024 γικῆς,
328 2960 374 3002 et
402 2945 615 3024 Hei/ica:
641 2949 789 3024 (quia
818 2965 914 3019 per
935 2945 1300 3024 sacramenta,
1321 2945 1776 3024 qiuefunetiloues
1800 2961 1922 3024 sunt
1946 2950 2180 3024 ordinis,
2204 2950 2402 3024 divinae
2421 2957 2636 3024 natura:
2654 2959 2938 3024 cnousortes
2965 2948 3254 3024 ciliciinnr,
3283 2945 3395 3024 πιέ-

100 3016 300 3075 ἱΙὶιιιιιθ
320 3020 495 3090 gratia
516 3016 893 3075 sanctiﬁcante
916 3034 1080 3086 quam
1104 3017 1412 3090 conferunt)
1432 3017 1574 3090 ἐπιρ-

1927 3019 2067 3082 ntitc,
2086 3019 2185 3090 καὶ
2201 3019 2524 3089 ἐνεργείας,
2544 3029 2591 3090 et
2621 3019 2900 3088 a/ﬂationis
2921 3021 3023 3089 (sic
3041 3020 3185 3072 enim
3215 3023 3401 3090 potius

101 3087 460 3153 vertendum,
494 3105 656 3159 quam
701 3091 1054 3155 operationis,
1097 3088 1356 3156 quoniam
1405 3088 1552 3159 sacri
1586 3089 1810 3159 ordines
1861 3105 1956 3158 per
1992 3087 2413 3144 insulilationem
2466 3099 2520 3143 et
2555 3087 2796 3157 Spiritus
2829 3087 3006 3143 sancti
3045 3087 3398 3148 donationem

99 3161 474 3218 conferuntur
505 3158 524 3213 ξ
571 3161 698 3215 hinc
731 3159 1112 3231 ὲνεργούμενοι
1139 3170 1424 3231 vocantur,
1465 3158 1556 3226 qui
1601 3158 1797 3224 spiritu
1829 3159 2013 3228 aliquo
2061 3162 2228 3214 alllati
2280 3170 2429 3224 sunt,
2475 3161 2591 3213 sive
2624 3160 2792 3223 bono,
2828 3170 2886 3213 ut
2924 3161 2984 3213 ﬁt
3017 3161 3066 3213 in
3110 3162 3398 3231 ordinibus

103 3249 239 3286 cum
281 3232 554 3300 accipitur
605 3229 840 3299 Spiritus
877 3229 1120 3294 sanctus,
1169 3229 1260 3297 qui
1297 3238 1552 3296 tanquam
1583 3244 1751 3296 agens
1785 3232 2093 3298 praecipuus
2148 3246 2243 3299 per
2297 3231 2614 3284 sacerdotes
2665 3239 3013 3284 sacramenta
3050 3229 3402 3286 conterentes

99 3311 377 3370 operatur
420 3301 946 3367 sanctiticationepi;
981 3303 1097 3355 sive
1137 3300 1302 3362 malo,
1333 3310 1394 3352 ut
1434 3299 1494 3352 tit
1528 3301 1579 3352 in
1610 3301 1866 3370 obsessis,
1895 3302 1984 3366 qui
2034 3317 2064 3353 a
2095 3302 2344 3355 daemone
2371 3302 2746 3369 exagitantur,
2779 3312 2831 3354 et
2859 3304 2911 3353 in
2959 3303 3158 3370 quibus
3186 3303 3400 3355 daemon

98 3369 295 3441 potius
328 3374 440 3441 agit
469 3387 630 3441 quam
680 3371 805 3439 ipsi)
829 3371 928 3425 καὶ
960 3370 1422 3444 τελειώσεωςηει
1461 3369 1800 3444 perfectionis
1843 3371 1962 3425 sive
2013 3373 2425 3426 consecrationis
2475 3386 2604 3444 esse,
2631 3380 2742 3424 etc.
2767 3372 2902 3426 Vide
2948 3369 3112 3440 supra
3139 3372 3190 3425 in
3239 3388 3406 3442 gene-

102 3444 325 3496 ralibus
358 3443 836 3497 observationibus
866 3445 1123 3512 primam,
1145 3442 1452 3512 secundam
1472 3452 1540 3512 et
1575 3441 1814 3495 tertiam.
2065 3489 2079 3495 ..

180 3513 323 3567 Nota
353 3514 595 3566 secundo
627 3513 816 3578 etiam,
849 3510 1012 3583 quam
1045 3510 1229 3566 divina
1263 3511 1650 3583 sublimiaquer

1930 3512 2008 3567 let
2036 3513 2278 3578 Christo,
2306 3514 2498 3567 dicens
2528 3529 2542 3568 :
2596 3513 2841 3583 Ἰησοῦς
2865 3515 2897 3566 ὁ
2931 3513 3404 3582 θεαρχικὼτιῑτος

97 3585 277 3650 νοῦς,
318 3583 419 3636 καὶ
450 3585 832 3652 ὺπερούσιος,
867 3582 1025 3637 Jesus
1053 3583 1335 3636 divinitate
1369 3582 1770 3643 transcenderis,
1789 3599 1885 3639 seu
1913 3585 2247 3640 divinissima
2279 3594 2325 3637 et
2352 3582 2813 3653 superessentialis
2839 3600 2932 3638 seu
2969 3586 3403 3652 supernatat-alis

99 3671 296 3719 mens;
325 3657 533 3725 quippe
576 3655 667 3722 qui
704 3657 884 3707 omnis
924 3654 1229 3725 divinitatis
1259 3667 1324 3725 ac
1355 3653 1675 3725 substantia-
1702 3667 1794 3706 seu
1843 3666 2053 3708 natura:
2078 3671 2106 3706 ιι
2143 3655 2297 3725 nobis
2341 3657 2721 3725 conceptibilis
2753 3655 3074 3722 dignitatem
3115 3655 3272 3725 longe
3306 3673 3403 3709 su-

97 3736 302 3795 peret;
352 3725 391 3794 ή
427 3723 632 3792 πάσης
684 3725 1005 3793 ἱεραρχίας,
1041 3723 1387 3793 ἀγιαστείας
1421 3739 1484 3795 τε
1517 3723 1616 3776 καὶ
1674 3725 1984 3793 θεουργίας
2034 3723 2214 3792 ἁρχὴ,
2253 3725 2351 3778 καὶ
2403 3723 2604 3786 οὐσίἀ,
2663 3730 2762 3780 καὶ
2816 3723 3252 3794 θείιρχικωτάτῆ
3300 3725 3404 3779 6:}-

96 3793 311 3865 a’aptc,
348 3793 611 3848 universa:
654 3795 1010 3848 ordinationis
1057 3811 1224 3848 sacra:
1267 3793 1735 3862 sanctimonique
1765 3810 1827 3845 ac
1870 3797 2065 3848 divinae
2101 3797 2392 3865 [unctionis
2431 3799 2749 3863 principium
2781 3807 2828 3850 et
2854 3799 3108 3859 essentia,
3136 3797 3404 3865 virtusque

98 3863 476 3920 .lioinissima.
517 3865 770 3920 Christus
813 3865 958 3919 enim
991 3881 1095 3933 qua
1133 3867 1271 3920 Deus
1314 3867 1495 3926 homo,
1532 3875 1617 3917 est
1648 3873 1840 3918 auctor
1870 3876 1924 3919 et
1958 3874 2124 3933 caput
2172 3863 2452 3929 Ecclesiae,
2486 3877 2543 3921 et
2577 3868 2857 3922 institutor
2900 3863 3400 3929 sacramentorum,

98 3939 317 4002 quibus
346 3937 458 4006 vim
491 3936 871 4006 sanctilicandi
899 3936 1116 4002 indidit,
1150 3944 1207 3988 et
1233 3937 1283 3988 in
1325 3933 1525 4006 quibus
1550 3945 1607 3985 ut
1654 3935 1973 4006 principalis
2021 3950 2284 4003 operaus,
2315 3937 2504 3990 eadem
2541 3941 2775 4006 ipsemet
2805 3944 3086 4005 operatur,
3114 3946 3172 3988 ut
3203 3937 3403 3989 docent

103 4005 360 4077 theologi
407 4020 532 4077 cum
569 4005 632 4058 υ.
659 4007 869 4060 Thoma
901 4016 1058 4077 parte
1088 4021 1169 4070 ιιι,
1205 4015 1401 4073 quaest.
1442 4005 1532 4071 64,
1559 4015 1664 4058 art.
1701 4005 1755 4059 2.
1791 4003 2279 4077 Sacrameutorum
2309 4006 2452 4059 enim
2500 4003 2770 4061 institutio
2807 4003 3044 4074 pertinet
3088 4009 3156 4059 ad
3199 4022 3400 4059 munus

101 4074 434 4131 Sacerdotii
469 4078 697 4139 Christi,
727 4076 819 4144 qui
848 4087 902 4130 et
935 4087 993 4129 ut
1019 4075 1162 4131 Deus
1190 4087 1245 4130 et
1266 4085 1323 4129 ut
1357 4077 1522 4129 homo
1561 4086 1821 4144 operatur
1861 4077 2175 4129 interiorem
2204 4074 2454 4127 ell'ectum
2487 4081 2820 4130 sacramenti
2848 4093 2860 4137 ;
2900 4085 2957 4128 ιιι
2986 4078 3125 4128 Deus
3156 4078 3402 4143 quidem,

99 4156 396 4218 poteState
417 4148 792 4209 auctoritatis;
815 4157 872 4199 ut
889 4147 1053 4201 homo
1075 4163 1226 4212 vero,
1249 4157 1522 4213 potestate
1539 4147 1860 4216 excellentis
1886 4146 2196 4199 ministerii.
2218 4144 2468 4218 _l_’ote_stas
2490 4159 2670 4213 autem
2698 4147 3047 4200 auctoritatis
3068 4157 3151 4200 est
3171 4147 3258 4199 illa
3285 4163 3406 4216 qua)

98 4215 342 4272 immitto
378 4218 755 4286 independens
782 4227 888 4283 est,
927 4229 980 4272 et
1016 4218 1115 4273 soli
1151 4218 1261 4272 Deo
1293 4218 1592 4271 convenit:
1631 4215 1876 4286 potestas
1916 4232 2044 4268 vero
2082 4215 2416 4270 excellentia:
2453 4219 2703 4271 consistit
2733 4220 2785 4271 in
2835 4232 2924 4279 eo,
2955 4218 3099 4286 quod
3137 4215 3402 4270 nimirum

101 4289 380 4343 Christus
409 4289 585 4356 primo
620 4290 860 4358 potuerit
905 4299 1256 4342 sacramenta
1292 4286 1624 4354 instituere;
1681 4291 1924 4342 secundo
1953 4288 2100 4355 quod
2147 4286 2262 4339 suis
2300 4287 2514 4341 meritis
2555 4303 2772 4341 onmem
2825 4289 2892 4341 iis
2923 4289 3030 4340 vim
3077 4290 3404 4353 contulerit;

101 4360 303 4424 tertio,
340 4358 486 4428 quod
526 4359 579 4412 in
611 4357 730 4428 ejus
769 4359 990 4413 nomine
1018 4369 1421 4413 consecrentur
1461 4367 1516 4411 et
1543 4359 1800 4412 dicantur
1832 4366 2178 4416 sacramenta
2224 4357 2453 4421 Christi,
2485 4369 2540 4412 et
2579 4359 2815 4414 ministri
2851 4368 3058 4411 tantum
3089 4361 3207 4427 ejus
3234 4361 3405 4413 vicem

108 4439 360 4500 gerant;
395 4438 592 4506 quarto
615 4432 760 4500 quod
784 4432 949 4506 etiam
993 4435 1198 4500 absque
1255 4430 1621 4484 sacramentis
1652 4439 1867 4499 poterat
1894 4431 2126 4499 gratiam
2177 4428 2448 4483 conferre.
2485 4428 2617 4483 Vide
2646 4431 2801 4506 plura
2835 4432 2976 4500 apud
3022 4431 3205 4490 divum
3260 4431 3408 4483 'l'ho.

102 4515 265 4570 mam
305 4515 472 4570 supra
501 4500 732 4555 citatum
762 4508 866 4554 art.
893 4500 950 4556 5.

191 4569 332 4624 Nota
364 4569 552 4635 tertio,
578 4587 741 4640 quam
777 4572 1006 4639 pulchre
1037 4572 1296 4626 virtutem
1323 4574 1661 4625 sacramenti
1688 4571 1902 4634 ordinis
1933 4571 2231 4633 describat,
2265 4572 2454 4626 dicens
2480 4589 2495 4626 :
2527 4572 2668 4637 Quin
2703 4582 2752 4625 et
2782 4573 2984 4625 intento
3010 4572 3065 4626 in
3091 4587 3210 4624 enm
3233 4571 3407 4624 amori

100 4651 301 4695 nostra
333 4641 634 4710 frequentes
663 4643 915 4695 admiscet
949 4644 1248 4707 varietates,
1293 4641 1484 4696 Grmce
1522 4642 1872 4711 ἑτερότητας
1907 4644 1957 4695 id
1990 4644 2384 4696 estalteiitutes
2408 4659 2501 4695 seu
2535 4645 2865 4699 diversitates
2898 4658 2915 4699 :
2947 4659 3050 4696 non
3100 4644 3244 4696 enim
3275 4647 3408 4700 sim-

100 4711 246 4778 plici
286 4712 946 4767 rationesanctilicamur
976 4724 1034 4767 ut
1059 4716 1260 4782 angeli,
1286 4715 1380 4767 sed
1403 4729 1496 4782 per
1522 4715 1770 4768 diversas
1801 4715 2160 4768 caeremonias
2179 4724 2232 4768 et
2260 4715 2403 4768 ritus
2432 4724 2920 4777 sacramentorum,
2946 4727 3068 4781 qua?
3103 4714 3205 4766 sub
3236 4713 3406 4779 signis

100 4790 172 4854 et
214 4783 480 4853 symbolis
507 4784 889 4837 conteruntur.
918 4785 1212 4852 Additque,
1245 4794 1445 4851 praeter
1483 4785 1714 4853 gratiam
1748 4783 2211 4849 sanctilieautem,
2263 4786 2642 4854 sacerdotibus
2686 4795 2940 4838 Virtutem
2973 4785 3266 4851 quamdam
3303 4786 3404 4834 ba-

104 4852 388 4924 bjtualem
416 4854 750 4908 sacramenti
779 4855 989 4908 ordinis
1037 4857 1313 4924 propriam
1355 4852 1616 4918 conferri,
1649 4872 1754 4924 qua
1784 4856 2154 4922 disponuntur
2201 4857 2267 4908 ad
2316 4852 2660 4908 sacramenta
2712 4865 2903 4907 sancte
2947 4854 3402 4924 administramla.

99 4921 262 4980 Hinc
296 4929 662 4999 continuatur
692 4927 969 4999 sententia
1009 4921 1386 4999 theologorum
1417 4929 1471 4978 in
1521 4921 1681 4993 parte
1705 4942 1793 4999 ιιι,
1823 4921 1887 4994 (ιζ
1909 4926 2005 4989 62,
2037 4935 2144 4978 art.
2173 4926 2230 4988 Ξ,
2259 4928 2595 4999 docentium,
2628 4925 3096 4999 praeter-“gratiast:
3144 4923 3404 4999 habitum

101 5001 312 5050 temet
342 4995 575 5048 virtutes
608 5005 659 5050 et
690 4997 856 5059 dona,
894 4997 1108 5066 singula
1134 4993 1482 5051 sacramenta
1516 4993 2080 5065 cont’erre'quoddam
2115 4999 2386 5050 auxiliqu
2439 4996 2698 5064 speciale,
2740 4995 3057 5066 ordinatum
3109 4993 3176 5066 ad
3209 5007 3407 5045 conse-

100 5067 403 5132 quendum
447 5069 729 5135 proprium
766 5067 912 5122 illius
942 5065 1270 5122 sacramenti
1311 5068 1495 5133 linem,
1531 5067 1606 5120 ita
1635 5077 1696 5121 ut
1731 5083 1783 5124 ν.
1827 5085 1882 5137 g.
1923 5068 2254 5134 baptismus,
2293 5076 2490 5137 praeter
2521 5067 2657 5118 dona
2696 5065 2993 5119 habitualia
3037 5065 3245 5137 gratim,
3272 5078 3375 5137 con

101 5137 268 5188 [erat
297 5139 463 5190 etiam
491 5138 731 5205 speciale
754 5137 1016 5192 auxilium
1047 5141 1114 5192 ad
1146 5144 1588 5192 conservandam
1621 5135 2050 5200 nov-.un'vitam,
2088 5148 2144 5192 et
2199 5141 2266 5192 ad
2295 5135 2420 5191 'alia
2477 5148 2821 5192 sacramenta
2872 5138 2976 5189 rite
3017 5135 3365 5202 suscipienda
3388 5173 3406 5198 ,

103 5208 484 5278 conﬁrmatio
517 5212 587 5261 ad
619 5211 780 5262 tidem
827 5212 1216 5278 protitemtam,
1250 5209 1587 5264 eucharistia
1617 5211 1684 5262 ad
1721 5211 2084 5264 crescendum
2134 5210 2185 5262 in
2218 5210 2518 5271 charitate,
2566 5209 2703 5260 ordo
2755 5208 2823 5260 ad
2883 5217 3228 5259 sacramenta
3277 5220 3412 5257 cou-

99 5276 385 5351 tici‘enda,
436 5276 878 5350 velpl’uuctionés
925 5281 1137 5334 ordinis
1175 5281 1442 5351 cujusque
1495 5281 1599 5332 rite
1639 5283 1941 5346 obeundas,
1997 5292 2054 5334 et
2108 5283 2188 5334 sic
2233 5283 2302 5335 de
2365 5281 2608 5351 caeteris.
2661 5281 2795 5351 Cum
2848 5279 2994 5351 enim
3061 5285 3410 5330 sacramenta

99 5347 455 5402 ordinentur
481 5347 550 5405 ad
581 5351 764 5404 varios
791 5352 1020 5407 etl’ectus
1049 5362 1105 5405 et
1137 5347 1473 5413 functiones,
1521 5355 1812 5406 conterunt
1841 5356 2006 5405 etiam
2047 5351 2266 5406 diversa
2308 5351 2508 5404 auxilia
2547 5350 2614 5402 ad
2655 5350 2776 5403 Illos
2810 5349 3059 5402 etl'ectus.

199 5416 238 5488 Ξ
259 5418 314 5472 '2.
357 5421 520 5486 Nota,
545 5436 612 5492 ex
642 5436 708 5474 eo
740 5425 884 5491 quod
911 5424 1044 5476 dicit
1077 5440 1092 5476 :
1119 5424 1311 5477 Omnes
1363 5440 1527 5476 unum
1555 5434 1829 5492 appetunt,
1879 5423 1997 5491 ejus
2031 5435 2206 5476 tamen
2252 5427 2390 5492 quod
2444 5437 2608 5475 unum
2657 5431 2730 5474 est
2778 5429 2883 5472 non
2907 5491 2912 5492 γ
2933 5419 3181 5471 unimode
3233 5416 3376 5486 parti
3405 5445 3409 5448 -

99 5490 273 5560 αἱροῦ
305 5497 557 5558 existunt,
604 5490 842 5562 liquere,
882 5508 1103 5548 onmem
1143 5496 1512 5550 ditl'erentiam
1549 5490 2034 5563 participationum
2087 5508 2156 5547 ex
2207 5490 2516 5550 dttl'erentia
2568 5491 3014 5563 participautium
3063 5492 3308 5543 existere
3355 5496 3410 5541 et

1489 5655 1714 5710 vanus
1751 5651 2148 5711 LECTIONES.
2184 5623 2189 5636 ’

193 5837 255 5881 ³³
282 5839 647 5917 τελουμένους,
686 5843 744 5898 υ.
783 5845 842 5900 Ρ.
921 5848 964 5879 ⁹²
997 5845 1426 5918 θεοπαραδότων,
1466 5846 1563 5900 Ch.
1643 5846 1688 5875 -"-‘
1722 5841 2069 5927 ἱερξρχικῶς,
2107 5840 2168 5893 D.
