3734 6354
52 403 167 459 581

642 396 730 454 DE
766 395 1046 454 ECCLES.
1084 395 1490 463 HIERARCH.,
1527 396 1684 453 CAP.
1719 395 1760 450 l.
1814 427 1884 438 —-
1932 396 2284 453 PABAPHR.
2326 397 2795 454 PACHYMEIUE.

3251 398 3357 454 382

1130 509 1619 568 PARAPHRASIS
1655 512 2107 572 PACHYMEBAE
2145 515 2279 585 (22).

128 740 305 794 Μετὰ
354 738 452 810 τὴν
507 738 765 810 οὐρανίαν
821 740 1102 812 ἱεραρχίαν
1149 739 1510 812 διαλαμϐάνει
1573 759 1602 795 κ

1848 744 1980 801 Post
2000 745 2281 801 caelestem
2299 742 2665 799 hicrarcbiam
2687 752 2885 799 tractat
2901 744 3067 799 etiam
3090 744 3156 800 de
3171 752 3356 800 nostra

47 833 200 904 περὶ
221 832 325 903 τῆς
348 830 470 884 καθ’
502 831 651 902 ἡμᾶς
692 831 997 903 ίεραρχίας,
1027 833 1094 903 ἢν
1139 832 1240 886 ούκ
1280 828 1401 888 εἷπε
1448 835 1664 906 γηῒνην·

45 926 98 977 εἰ
137 925 259 995 γὰρ
306 924 398 976 καὶ
439 923 498 976 ὲν
532 926 602 994 γῇ
631 923 989 988 πολιτεύεται,
1031 924 1146 978 ἀλλ’
1176 926 1204 978 ὁ
1248 925 1450 990 σκοπὸς
1481 928 1574 980 καὶ
1607 927 1670 980 τὸ

46 1016 220 1080 τέλος
255 1016 430 1086 αὐτῆς
473 1015 722 1086 οὐράνιός
761 1017 944 1079 ἐστιν,
988 1017 1080 1079 είς,
1115 1015 1347 1087 μίμησιν
1395 1017 1488 1070 τοῦ
1531 1017 1668 1072 Θεοῦ

43 1111 284 1177 ἄγουσα
331 1108 421 1160 τὸν
457 1107 763 1179 ἄνθρωπον,
809 1105 990 1170 καθὼς
1019 1107 1203 1178 ἐκείνη
1243 1107 1342 1172 τὰς
1387 1107 1538 1172 Θείας
1573 1110 1670 1164 καὶ

41 1200 357 1274 οὐρανίους
399 1199 674 1270 δυνάμεις
722 1199 1147 1270 προηγουμένως
1195 1199 1304 1270 γὰρ
1339 1202 1432 1255 καὶ
1464 1202 1669 1274 κυρίως

42 1294 111 1345 τὸ
148 1291 467 1362 καθαίρειν,
489 1289 551 1341 τὸ
575 1288 850 1358 φωτίζειν,
872 1290 934 1342 τὸ
957 1289 1217 1355 τελειοῦν,
1244 1291 1337 1344 τοῦ
1361 1291 1496 1345 Θεοῦ
1523 1284 1660 1346 ἐστι·

42 1383 344 1454 δευτέρως
365 1381 421 1434 δὲ
448 1381 540 1434 καὶ
567 1378 676 1432 τῶν
717 1380 985 1449 ἀγγέλων,
1027 1381 1168 1434 κατὰ
1197 1382 1380 1453 τρίτον
1416 1383 1472 1436 δὲ
1509 1383 1667 1452 λόγον

44 1478 156 1530 καὶ
192 1475 385 1529 αὐτῶν
409 1475 517 1528 τῶν
545 1473 869 1546 ἀνθρώπων·
903 1475 1076 1528 ταῦτα
1103 1476 1211 1548 γάρ
1243 1478 1349 1528 είσι
1371 1476 1439 1529 τὰ
1466 1477 1593 1549 τρία
1631 1479 1665 1548 ἡ

39 1570 153 1639 τῆς
185 1568 484 1640 ἰεραρχίας
516 1568 784 1640 ἐνέργεια.
829 1567 1015 1620 Ταῦτα
1058 1567 1211 1639 παρὰ
1247 1569 1343 1639 μὲν
1390 1571 1511 1632 ταῖς
1553 1569 1665 1623 ἄνω

40 1661 283 1725 οὐσίαις
311 1659 635 1731 τελούμενα,
678 1662 726 1714 εί
767 1661 861 1714 καὶ
907 1660 1182 1732 μυστήρια
1211 1663 1371 1724 εἰσιν,
1409 1662 1484 1725 ὡς
1527 1661 1663 1715 Θεοῦ

39 1756 202 1826 ἔργα
233 1755 543 1827 ὑπέρτατα,
579 1754 694 1809 ἀλλ’
722 1750 817 1808 οῦν
855 1755 915 1807 ού
964 1755 1237 1825 μυστήρια
1269 1756 1374 1808 είσι
1400 1755 1537 1826 πρὸς
1568 1755 1663 1808 ἁλ-

39 1847 256 1917 λήλας·
287 1847 461 1900 πᾶσαι
494 1846 603 1918 γὰρ
632 1846 784 1916 ἆγιαι
819 1847 912 1899 καὶ
954 1846 1304 1917 μεμυημέναι
1335 1847 1440 1900 είσὶ
1469 1850 1536 1918 τῇ
1569 1860 1668 1918 χά-

39 1957 167 2012 ριτι
194 1937 300 1992 τοῦ
328 1938 486 2002 Θεοῦ,
510 1941 558 1992 εί
587 1940 680 1992 καὶ
705 1937 838 2008 ἄλλη
864 1920 1030 2009 ἄλλης
1065 1938 1286 2009 προέχει
1313 1938 1453 1991 κατὰ
1479 1940 1540 1991 τὸ
1570 1940 1665 2009 μέ-

34 2050 185 2105 τρον
214 2033 324 2103 τῆς
359 2035 476 2086 ἐκεῖ
514 2031 623 2084 εἴτε
660 2029 888 2096 τάξεως,
931 2030 1041 2083 εἴτε
1088 2029 1192 2102 μὴν
1227 2031 1320 2084 καὶ
1355 2030 1660 2102 δυνάμεως

1779 837 2128 903 hierarchia,
2170 852 2334 906 quam
2373 852 2479 890 non
2519 836 2654 890 dixit
2706 847 3013 902 terrenam;
3045 838 3195 905 quia,
3228 837 3357 891 licet

1771 929 1826 983 in
1860 937 2004 982 terra
2047 927 2458 983 administretur
2480 966 2497 992 ,
2534 941 2732 994 scapus
2767 935 2944 981 tamen
2978 937 3032 981 et
3069 927 3194 981 ﬁnis
3236 943 3357 995 eius

1769 1023 2016 1080 caelestis
2044 1031 2150 1087 est,
2195 1037 2317 1076 cum
2355 1023 2421 1075 ad
2456 1021 2779 1074 imitandum
2811 1020 2980 1074 Deum
3012 1021 3237 1076 inducat
3258 1022 3356 1076 ho-

1771 1115 1998 1179 minem,
2021 1129 2125 1168 non
2161 1127 2321 1167 secus
2345 1127 2409 1168 ac
2441 1111 2528 1165 illa
2554 1112 2767 1167 divinas
2795 1110 3153 1181 cmlestesque
3185 1113 3357 1166 virtu-

1774 1216 1877 1272 tes,
1909 1205 2179 1274 siquidem
2213 1204 2592 1274 principaliter
2622 1219 2686 1258 ac
2726 1204 2970 1274 proprie,
3002 1205 3248 1274 expiare,
3285 1205 3354 1258 il-

1770 1297 2064 1363 luminare,
2137 1296 2422 1368 perﬁcere,
2476 1297 2572 1350 Dei
2631 1305 2742 1362 eSt;
2793 1297 3119 1351 secundario
3173 1305 3354 1352 autem

1771 1388 1939 1443 etiam
1971 1387 2310 1456 angelorum,
2338 1389 2637 1442 secundum
2677 1401 2806 1440 vero
2831 1388 3043 1440 tertiam
3080 1387 3350 1442 rationem

1770 1480 1936 1534 etiam
1975 1481 2217 1550 ipsorum
2274 1480 2590 1544 hominum,
2624 1480 2884 1549 quoniam
2923 1479 3037 1532 haec
3087 1480 3189 1533 tria
3227 1490 3356 1544 sunt

1770 1587 1970 1625 munus
2003 1571 2349 1627 hierarchim.
2386 1570 2512 1625 llaec
2551 1572 2679 1624 dum
2733 1571 2785 1623 in
2837 1571 3091 1638 supernis
3134 1569 3353 1639 quidem

1769 1663 2023 1717 essentiis
2053 1663 2429 1731 perﬁciuntur,
2458 1663 2672 1718 tametsi
2696 1662 2806 1717 sint
2839 1661 3119 1732 mysteria,
3155 1661 3356 1730 quippe

1770 1756 1866 1810 Dei
1911 1769 2080 1824 opera
2125 1755 2544 1822 sublimissima,
2587 1765 2964 1809 verumtamen
3012 1753 3191 1823 quoad
3238 1752 3357 1808 illas

1770 1863 1878 1902 non
1911 1859 2044 1902 sunt
2074 1849 2367 1919 mysteria;
2404 1849 2660 1917 quoniam
2693 1863 2884 1902 omnes
2915 1856 3118 1901 sanctae
3145 1856 3274 1899 sunt
3302 1855 3359 1901 et

1771 1940 1945 2009 gratia
1994 1939 2086 1994 Dei
2142 1949 2503 2003 consecrata),
2547 1939 2799 2006 quamvis
2851 1939 3021 1993 altera
3069 1938 3142 1992 sit
3184 1938 3356 1991 altera

1771 2029 2147 2100 prmstantior,
2177 2031 2474 2085 secundum
2513 2031 2781 2085 rationem
2813 2047 2933 2101 qua:
2961 2031 3070 2084 illic
3098 2040 3208 2094 est,
3239 2030 3358 2085 sive

39 2127 190 2198 παρ’
228 2127 366 2197 ἡμῖν
403 2124 458 2176 δὲ
500 2124 820 2194 τελούμενα,
855 2123 1130 2194 μυστήρια
1158 2122 1437 2190 λέγονται,
1469 2125 1527 2175 ού
1560 2139 1602 2190 γλ

1847 2122 1981 2178 dinis
2007 2123 2124 2176 sive
2155 2123 2408 2192 virtutis;
2442 2138 2564 2192 qua:
2597 2110 2726 2179 vero
2751 2123 2893 2192 apud
2925 2107 3025 2177 nos
3054 2123 3352 2192 perﬁciun-

37 2220 269 2282 πάντες
316 2217 583 2289 καθαροὶ,
631 2214 756 2268 οὔτε
809 2216 914 2286 μὴν
966 2217 1330 2287 μεμυημένοι.
1376 2215 1537 2270 Ὅθεν
1577 2216 1672 2268 καὶ

36 2311 189 2383 παρ’
225 2310 468 2372 ἐκείναις
499 2309 598 2379 μὲν
640 2308 882 2370 ἁπάσαις
911 2307 1084 2360 ταῦτα
1129 2311 1288 2374 είσιν,
1334 2310 1382 2361 εί
1428 2309 1524 2361 καὶ
1566 2307 1671 2360 ἀνὰ

40 2405 231 2476 μέρος
261 2403 360 2456 καὶ
388 2402 766 2474 καθαίρονται,
795 2401 888 2453 καὶ
915 2399 1259 2469 φωτίζονται,
1287 2401 1381 2454 καὶ
1404 2399 1670 2454 τελειοῦν-

33 2516 137 2552 ται
159 2515 174 2527 ·
220 2498 358 2567 παρ’
385 2497 518 2567 ἡμῖν
552 2496 610 2548 δὲ
653 2494 713 2547 ού
743 2495 929 2556 πᾶσιν,
959 2493 1096 2546 ἀλλά
1120 2511 1254 2558 τισι,
1295 2493 1478 2558 καθὼς
1520 2494 1616 2548 καὶ
1642 2495 1670 2546 ὁ

35 2592 188 2656 Θεὸς
229 2590 324 2644 διὰ
365 2589 460 2643 τοῦ
502 2591 783 2661 προφήτου
827 2589 995 2657 λέγει·
1049 2589 1116 2643 Τὸ
1166 2589 1509 2658 μυστήριόν
1549 2605 1670 2658 μου

33 2684 183 2754 ἐμοὶ
211 2681 320 2735 καὶ
348 2681 664 2750 τοῖςέμοῐς·
694 2682 880 2751 ἐμοὺς
905 2681 1080 2750 λέγων
1111 2682 1328 2744 πάντως
1351 2681 1478 2744 τοὺς
1503 2682 1668 2752 ἱερεῖς

34 2778 69 2846 ἦ
130 2775 280 2838 τοὺς
330 2773 734 2845 μεμυημένους.
786 2774 896 2846 Τὴν
953 2771 1084 2842 γοῦν
1135 2772 1244 2825 τῶν
1292 2772 1668 2844 προκειμένων

34 2864 383 2934 κεφαλαίων
407 2863 754 2919 διδασκαλίαν
793 2864 936 2918 κατὰ
959 2864 1134 2917 διττὸν
1171 2865 1405 2916 ποιεῖται
1442 2863 1664 2936 τρόπον.

34 2960 289 3033 Πρῶτον
319 2959 431 3030 γὰρ
453 2959 722 3012 ἐκτίθεται
753 2959 834 3023 τὸ,
871 2958 988 3022 πῶς
1012 2957 1248 3011 τελεῖται
1274 2957 1336 3010 τὸ
1372 2957 1668 3028 μυστήριον

31 3074 137 3126 τοῦ
171 3071 508 3142 κεφαλαίου·
536 3073 630 3126 καὶ
659 3051 960 3142 μετέπειτα
987 3070 1190 3142 θεωρία
1229 3069 1336 3122 τινὶ
1371 3067 1531 3121 τοῦτο
1558 3085 1666 3120 πα-

34 3164 377 3236 ραδίδωσιν.
444 3158 600 3229 Οἷον,
670 3165 972 3236 μυστηρίου
1042 3162 1394 3232 φωτίσματος
1451 3159 1666 3222 ἕκθεσις

34 3253 303 3326 πρῶτον,
351 3246 469 3304 εἶτα
510 3252 737 3324 δευτέρα
775 3257 808 3325 ἡ
839 3253 1042 3325 θεωρία
1087 3251 1274 3306 αὐτοῦ·
1323 3250 1509 3317 πάλιν,
1561 3268 1666 3321 μυ-

33 3345 290 3418 στηρίου
341 3345 614 3412 συνάξεως
667 3345 916 3408 ἔκθεσις,
961 3340 1080 3398 εἶτα
1135 3346 1168 3415 ἡ
1219 3342 1423 3415 θεωρία
1476 3340 1662 3395 αὐτοῦ.

45 3438 225 3490 Ἐπεὶ
256 3435 374 3506 γὰρ
410 3435 589 3489 διπλοῖ
621 3437 790 3507 ἐσμεν
829 3437 921 3489 καὶ
959 3438 1158 3506 ἡμεῖς,
1201 3435 1390 3506 ὀρατοὶ
1428 3432 1571 3487 κατὰ
1606 3433 1666 3486 τὸ

1775 2226 1888 2283 tur,
1930 2216 2186 2286 mysteria
2213 2231 2306 2271 seu
2358 2228 2700 2273 sacramenta
2741 2216 3018 2279 dicuntur,
3069 2230 3176 2270 non
3207 2217 3354 2270 enim

1772 2323 1965 2365 omnes
1987 2309 2108 2378 puri
2141 2316 2294 2375 sunt,
2324 2324 2503 2378 neque
2530 2308 2692 2363 etiam
2721 2309 2944 2362 initiati.
2977 2307 3133 2364 Unde
3169 2310 3222 2362 in
3249 2307 3356 2362 illis

1772 2403 2028 2458 omnibus
2059 2403 2160 2457 ista
2196 2412 2346 2466 sunt,
2379 2403 2479 2457 etsi
2511 2417 2608 2472 per
2629 2411 2813 2471 partes
2841 2403 3006 2457 etiam
3039 2401 3352 2472 expientur,

1771 2505 1828 2552 et
1849 2497 2225 2552 illuminentur
2253 2507 2415 2565 atque
2448 2495 2837 2564 perﬁciantur;
2865 2493 3007 2562 apud
3039 2508 3138 2547 nos
3171 2502 3352 2546 autem

1771 2592 1959 2645 nonin
1989 2592 2264 2655 omnibus,
2297 2591 2393 2645 sed
2424 2590 2475 2644 in
2499 2589 2848 2660 quibusdam,
2895 2588 3356 2658 quemadmodum

1771 2685 1936 2738 etiam
1967 2683 2107 2739 Deus
2138 2699 2233 2754 per
2257 2684 2577 2752 prophetam
2621 2683 2738 2747 ait,
2773 2681 3116 2753 mysterium,
3149 2695 3243 2735 seu
3273 2695 3358 2732 se-

1771 2787 1968 2831 cretum
2003 2785 2175 2831 meum
2211 2776 2337 2830 mihi
2368 2777 2394 2816 ιι
2424 2788 2471 2830 et
2522 2777 2682 2841 ineis;
2716 2792 2856 2828 meos
2899 2775 3108 2838 dicens,
3166 2772 3358 2841 utique

1771 2867 2084 2925 sacerdotes
2115 2869 2196 2922 Vel
2233 2868 2505 2923 initiatos.
2535 2867 2946 2937 Propositorum
2989 2867 3174 2935 itaque
3200 2866 3353 2935 capi--

1773 2959 2010 3014 tulorum
2067 2959 2372 3014 doctrinam
2423 2959 2622 3029 duplici
2672 2958 2833 3014 modo
2879 2958 3064 3013 tradit.
3113 2957 3354 3010 Primum

1769 3053 1920 3107 enim
1967 3051 2296 3121 exponitur,
2347 3053 2619 3122 quomodo
2660 3050 2979 3122 mysterium
3020 3064 3116 3104 seu
3167 3063 3354 3103 sacra-

1772 3155 2018 3201 mentum
2051 3146 2157 3200 isto
2189 3145 2372 3214 capite
2418 3144 2763 3214 propositum
2812 3151 3243 3204 consummetur,
3290 3155 3358 3193 ac

1770 3236 1966 3291 deinde
1994 3251 2092 3307 per
2124 3235 2640 3306 contemplationem
2674 3235 2965 3305 quamdam
3011 3233 3143 3287 illud
3174 3233 3356 3304 expli-

1770 3337 1879 3383 cat.
1915 3327 2076 3384 Verbi
2117 3329 2334 3398 gratia,
2384 3340 2469 3383 est
2513 3328 2781 3397 expositio
2834 3326 3218 3382 illustrationis
3260 3341 3358 3380 seu

1770 3421 2138 3492 baptismatis,
2170 3422 2366 3476 deinde
2389 3420 2744 3490 subsequitur
2774 3419 2891 3490 ejus
2929 3419 3356 3490 contemplatio;

32 3527 243 3598 σῶμα,
269 3501 382 3578 ’κάι
426 3501 708 3597 νοούμενοῖ
746 3527 890 3579 κατὰ
1163 3501 1326 3596 διπλῆ
1351 3527 1446 3579 καὶ
1471 3527 1505 3596 ἠ
1544 3542 1602 3578 κο

1847 3513 2034 3569 niliter
2078 3515 2350 3585 expositio
2394 3512 2729 3568 sacramenti
2767 3526 3041 3582 synaxeos
3078 3525 3172 3566 seu
3202 3525 3358 3564 com-

32 3622 200 3692 ἡμᾶς
234 3620 493 3691 ίεραρχία
512 3659 526 3682 ,
555 3619 788 3692 αἰσθητὴ
831 3619 920 3673 διὰ
948 3619 1056 3674 τῶν
1083 3620 1497 3692 ἐνεργουμένων
1532 3637 1670 3690 συμ-

32 3711 264 3773 ϐόλων,
306 3711 512 3782 νοητὴ,
556 3709 646 3764 διὰ
682 3711 784 3781 τῆς
847 3711 1097 3782 θεωρίας.
1146 3712 1360 3783 Θεωρία
1417 3710 1473 3764 δέ
1521 3712 1668 3764 ἐστιν

31 3799 287 3872 ἐπιϐολὴ
319 3800 442 3864 νοὸς
475 3801 679 3871 ἄμεσος
704 3802 799 3854 καὶ
820 3801 948 3872 ψιλὴ
977 3802 1084 3855 τῶν
1109 3801 1412 3874 αἰσθήσεων
1438 3800 1574 3872 πρὸς
1599 3801 1669 3854 τὰ

34 3892 426 3962 ὑποκείμενα.
473 3893 586 3962 Τῆς
637 3891 769 3961 γοῦν
812 3893 1070 3964 τοιαύτης
1121 3893 1409 3966 ἱεραρχίας
1459 3894 1554 3946 καὶ
1597 3893 1667 3946 τὰ

35 3983 314 4056 σύμϐολα
345 3984 623 4056 μυστήριά
646 3986 753 4036 είσι
782 3986 917 4056 πρὸς
940 3987 1069 4050 τοὺς
1093 3985 1277 4052 ξένους
1303 3986 1401 4056 τῆς
1438 3984 1666 4055 Ἐκκλη-

34 4079 170 4140 aia;
200 4076 308 4129 xui.
344 4076 644 4147 ἀμυήτουςο
675 4073 811 4129 ἀλλὰ
839 4078 934 4129 καὶ
963 4079 996 4148 ἡ
1024 4077 1250 4149 θεωρία,
1280 4078 1356 4142 ὡς
1382 4077 1664 4150 ὑπερτάτη

33 4170 284 4238 γνῶσις,
326 4170 422 4220 καὶ
457 4169 687 4240 δεομένη
715 4171 970 4235 πίστεως,
1011 4174 1306 4243 μυστήριον
1350 4171 1548 4241 λέγοιτ’
1577 4173 1662 4238 ἂν,

33 4261 241 4325 καθὼς
291 4262 391 4314 καὶ
427 4262 457 4313 ὁ
507 4247 825 4328 Ἀπόστολος
860 4263 1052 4332 λέγει’
1095 4262 1446 4332 Μυστήριον
1508 4263 1666 4333 λέγω

32 4356 216 4424 ὑμῖν·
264 4353 499 4422 πάντες
542 4356 654 4422 μὲν
695 4359 766 4411 οὐ
805 4357 1310 4425 κοιμηθησόμεθα,
1346 4355 1568 4422 πάντες
1597 4357 1666 4409 δὲ

31 4447 557 4515 ἀλλαγησόμεθα.
603 4447 742 4500 Ἀλλ’
771 4449 921 4519 ὅμως
944 4446 1028 4500 τὰ’
1057 4445 1302 4518 σύμϐολα
1333 4447 1493 4517 μόνον
1517 4446 1664 4516 λέγει

35 4537 341 4608 μυστήρια
389 4538 530 4608 πρὸς
573 4539 702 4603 τοὺς
745 4539 1045 4610 ἀμυήτους,
1078 4538 1154 4601 ὼς
1195 4536 1432 4610 εἴρηται·
1469 4537 1569 4600 τὰς
1607 4536 1663 4589 δὲ

33 4630 356 4698 ἁναγωγὰς
385 4629 569 4681 αὐτῶν
617 4630 850 4704 θεωρίας
877 4631 1062 4702 φησὶν,
1091 4630 1166 4693 ὡς
1191 4630 1284 4682 τὸν
1323 4629 1447 4682 νοῦν
1484 4628 1664 4682 αὐτῶν

31 4724 376 4795 ἁναγούσας
416 4724 486 4777 τὰ
523 4728 697 4780 οίκεῖα
727 4728 950 4800 θεωρεῖν
990 4725 1175 4791 καθὼς
1206 4727 1444 4798 ἔχουσιν,
1481 4727 1530 4780 εί
1569 4727 1664 4779 καὶ

1772 3605 2078 3670 tuunionis,
2105 3606 2301 3660 deinde
2329 3604 2719 3674 contemplatio
2736 3604 3006 3672 ejusdem.
3031 3602 3165 3656 Cum
3196 3601 3356 3672 161

1769 3700 1916 3753 enim
1932 3710 1987 3754 et
2002 3714 2098 3754 nos
2113 3700 2308 3769 duplici
2327 3715 2390 3766 pa
2400 3708 2479 3754 rte
2497 3695 3037 3763 constemus,visibili
3055 3697 3356 3751 secundum

1770 3805 1992 3859 corpus,
2038 3801 2093 3844 et
2135 3791 2441 3846 intellectili
2491 3790 2790 3845 secundum
2840 3789 3080 3843 animam
3106 3828 3122 3853 ,
3156 3787 3358 3856 duplex

1769 3891 1854 3938 est
1902 3882 2066 3936 etiam
2114 3884 2257 3952 apud
2305 3897 2406 3936 nos
2449 3883 2782 3948 hierarchia,
2818 3881 3037 3936 sensilis
3071 3881 3357 3942 nimirum,

1767 3982 1991 4043 propter
2034 3973 2279 4044 symbola
2323 3989 2444 4040 quae
2485 3973 2844 4036 exhibentur;
2893 3979 2946 4023 et
2994 3968 3354 4035 intellectilis,

1768 4073 1991 4134 propter
2020 4065 2560 4136 contemplationem.
2592 4062 2998 4132 Contemplatio
3049 4071 3230 4116 autent
3273 4072 3357 4114 est

1770 4158 2092 4231 immediata_
2134 4159 2332 4213 mentis
2374 4169 2426 4212 et
2476 4158 2635 4213 exilis
2667 4173 2926 4213 sensuum
2958 4157 3250 4228 applicatio
3287 4156 3355 4210 ad

1769 4263 1833 4302 ea
1871 4265 1993 4318 qua:
2024 4259 2424 4318 preponuntur.
2472 4247 2782 4304 Istiusmodi
2835 4249 3000 4318 igitur
3033 4247 3358 4301 hierarchizn

1768 4342 2041 4412 symbola,
2071 4342 2315 4412 prnfanis
2341 4353 2394 4396 et
2417 4344 2486 4397 ab
2515 4342 2759 4398 Ecclesia
2790 4343 3066 4396 extraneis
3097 4341 3358 4412 mysteria

1769 4450 1987 4503 quoque
2017 4445 2146 4489 sunt
2180 4452 2194 4487 :
2225 4445 2600 4490 verumtamen
2632 4435 3052 4504 contemplatio,
3095 4446 3355 4502 tanquam

1768 4543 2020 4596 suprema
2047 4528 2308 4598 cognitio,
2339 4543 2566 4598 qumque
2595 4528 2701 4583 lide
2731 4542 2866 4596 opus
2900 4525 3120 4588 habeat,
3158 4535 3358 4595 myste-

1769 4621 1913 4673 rium
1965 4620 2292 4689 appellatur,
2344 4622 2498 4690 juxta
2561 4620 2702 4688 quod
2756 4629 2809 4672 et
2857 4618 3148 4687 Apostolus
3204 4616 3281 4668 ait
3340 4629 3352 4664 :

1769 4709 2090 4779 Mysterium
2138 4713 2282 4764 vobis
2326 4713 2617 4764 dico:uon
2671 4726 2848 4763 omnes
2897 4710 3110 4778 quidem
3159 4707 3355 4758 obdor-

32 4818 228 4881 ἄλλως
271 4815 368 4870 διὰ
415 4817 697 4888 συμϐόλων
738 4819 1112 4889 ὲμφαίνονται.
1161 4817 1221 4871 '0
1261 4817 1371 4890 γὰρ
1429 4817 1602 4888 μυηθε

1847 4823 2016 4871 emus,
2048 4806 2137 4859 sed
2168 4822 2346 4859 omnes
2393 4805 2796 4858 immutabimur
2830 4804 2875 4856 ἱ.
2906 4806 3161 4855 Attamen
3207 4814 3357 4869 sym—

31 4911 136 4962 m‘t
178 4908 346 4971 ἐντὸς
374 4909 667 4980 γενόμενος
693 4910 794 4980 τῆς
819 4910 983 4978 ἁγίας
1024 4910 1252 4980 σκηνῆς,
1282 4906 1668 4976 ἀνακεκαλυμ-

37 5003 197 5071 μένῳ
228 4999 516 5072 προσώπῳ
547 5001 749 5071 ὀφείλει
773 5000 1000 5074 θεωρεῖν
1027 5000 1098 5054 τὰ
1133 5001 1233 5072 τῆς
1259 5001 1500 5063 πίστεως
1529 4999 1670 5070 μετὰ

35 5108 321 5155 πιστεως.

1772 4898 1894 4953 bola
1925 4908 2132 4952 tantum
2165 4907 2324 4952 vocat
2351 4897 2635 4966 mysteria,
2665 4895 2845 4964 quoad
2885 4909 2980 4947 cos
3020 4891 3231 4946 scilicet
3263 4888 3357 4958 qui

1770 4993 2000 5046 necdum
2035 4991 2231 5046 initiati
2269 5000 2416 5056 sunt,
2452 4990 2529 5043 uti
2561 4991 2767 5043 dictum
2801 4996 2925 5041 est:
2958 5002 3143 5041 eormn
3175 4994 3356 5037 autem

1769 5103 2082 5159 anagogas,
2134 5085 2372 5155 appellat
2425 5082 2952 5151 contemplationes,
2991 5079 3192 5149 quippe
3239 5089 3359 5146 quae

34 5198 298 5239 mentem
344 5184 560 5254 erigant
594 5186 662 5240 ad
703 5201 887 5240 rerum
921 5187 1192 5255 ipsarum,
1226 5192 1286 5238 ut
1342 5184 1396 5238 in
1439 5198 1500 5238 se
1569 5190 1718 5249 sunt,
1761 5179 2309 5248 contemplationem,
2343 5179 2472 5231 licet
2519 5175 2681 5229 aliter
2733 5177 2900 5232 etiam
2954 5189 3050 5242 per
3107 5169 3357 5241 symbola

37 5280 433 5334 insinuentur.
469 5279 568 5345 Qui
603 5280 747 5334 enim
780 5281 1029 5334 initiatus
1059 5289 1145 5334 est
1207 5287 1266 5333 et
1295 5278 1436 5332 intra
1466 5292 1686 5332 sacrum
1753 5275 1930 5330 velum
1977 5275 2280 5344 ingressus,
2316 5271 2549 5326 revelata
2590 5269 2736 5326 faeie
2777 5283 2901 5324 cum
2952 5267 3060 5321 ﬁde
3115 5275 3359 5320 contem-

34 5375 188 5443 plari
225 5374 397 5429 debet
427 5389 490 5427 ea
525 5390 646 5444 quae
680 5385 808 5429 sunt
837 5374 982 5429 ﬁdei.

89 5468 120 5538 ᾗ
149 5469 198 5520 ι.
233 5468 365 5520 Ὅτι
388 5467 544 5538 μὲνὴ
567 5467 690 5521 καθ’
712 5468 859 5538 ἡμᾶς
876 5466 1150 5538 ἱεραρχία,
1173 5465 1222 5518 εἰ
1246 5466 1342 5518 καὶ
1363 5465 1485 5518 καθ’
1513 5466 1659 5535 ἡμᾶς

32 5559 295 5628 λέγεται,
327 5559 447 5612 ἀλλ’
471 5554 564 5612 οὖν
589 5559 686 5613 καὶ
715 5559 855 5629 αὑτὴ
882 5559 978 5611 καὶ
1002 5557 1124 5611 θεία
1153 5558 1272 5611 ἐστὶ
1310 5557 1432 5610 καθ’
1463 5557 1656 5628 αὐτὴν,

151 5717 184 5757 h
217 5714 327 5768 ιω.
368 5727 518 5778 xxiv,
555 5713 654 5776 16.
689 5728 803 5769 sec.
829 5712 1086 5784 Septuag.
1121 5711 1174 5767 in
1203 5711 1412 5782 aliquot
1443 5709 1602 5766 codd.

1847 5461 1875 5532 ἓ
1918 5464 1959 5516 Ι.
2009 5459 2386 5514 Hierarchiam
2435 5466 2700 5519 nostram,
2737 5455 2862 5510 licet
2899 5461 3081 5508 nostra
3121 5451 3358 5515 dicatur,

1764 5565 2003 5608 attamen
2028 5561 2084 5606 et
2108 5552 2277 5622 ipsam
2315 5567 2411 5621 per
2438 5565 2498 5607 se
2522 5547 2764 5605 divinam
2805 5559 2948 5612 esse,
2977 5558 3085 5600 non
3113 5556 3274 5597 secus
3294 5552 3356 5596 ac

1689 5711 1705 5749 ί
1745 5706 1765 5760 l
1794 5708 1920 5763 Cor.
1953 5721 2043 5774 xv,
2076 5705 2167 5762 5L

117 5875 249 5931 (ﬂii
297 5873 434 5929 Vide
480 5872 698 5930 S.holia
745 5873 801 5928 ὃ.
849 5872 1066 5928 Maximi
1131 5883 1262 5930 tom.
1309 5871 1378 5937 ll,
1428 5888 1547 5942 cap.
1598 5871 1618 5924 i
1695 5869 1894 5926 Eccles.
1937 5867 2088 5920 Hier.
