  <div class='ocr_page' id='page_1' title='image "/cluster/home/n/w/nwhite01/storage/ocr_20150623/3/hvd.32044014713192/199.png"; bbox 0 0 3722 6292; ppageno 0'>
   <div class='ocr_carea' id='block_1_1' title="bbox 414 334 518 389">
    <p class='ocr_par' dir='ltr' id='par_1_1' title="bbox 414 334 518 389">
     <span class='ocr_line' id='line_1_1' title="bbox 414 334 518 389; baseline 0.01 -1"><span class='ocrx_word' id='word_1_1' title='bbox 414 334 518 389; x_wconf 68' lang='grc'><strong>583</strong></span> 
     </span>
    </p>
   </div>
   <div class='ocr_carea' id='block_1_2' title="bbox 1600 327 2500 384">
    <p class='ocr_par' dir='ltr' id='par_1_2' title="bbox 1600 327 2500 384">
     <span class='ocr_line' id='line_1_2' title="bbox 1600 327 2500 384; baseline -0.003 -2"><span class='ocrx_word' id='word_1_2' title='bbox 1600 327 1656 382; x_wconf 91' lang='lat' dir='ltr'><strong>S.</strong></span> <span class='ocrx_word' id='word_1_3' title='bbox 1700 327 1998 383; x_wconf 65' lang='lat' dir='ltr'><strong>DIONYSH</strong></span> <span class='ocrx_word' id='word_1_4' title='bbox 2037 327 2500 384; x_wconf 38' lang='lat' dir='ltr'><strong>AREOI‘AGlTs-E</strong></span> 
     </span>
    </p>
   </div>
   <div class='ocr_carea' id='block_1_3' title="bbox 3586 326 3680 382">
    <p class='ocr_par' dir='ltr' id='par_1_3' title="bbox 3586 326 3680 382">
     <span class='ocr_line' id='line_1_3' title="bbox 3586 326 3680 382; baseline 0.021 -2"><span class='ocrx_word' id='word_1_5' title='bbox 3586 326 3680 382; x_wconf 64' lang='lat'><strong>534</strong></span> 
     </span>
    </p>
   </div>
   <div class='ocr_carea' id='block_1_4' title="bbox 415 435 2019 511">
    <p class='ocr_par' dir='ltr' id='par_1_4' title="bbox 415 437 2007 504">
     <span class='ocr_line' id='line_1_4' title="bbox 415 437 2007 504; baseline -0.006 -5"><span class='ocrx_word' id='word_1_6' title='bbox 415 446 695 499; x_wconf 67' lang='lat' dir='ltr'><strong>cwl&#39;estcm</strong></span> <span class='ocrx_word' id='word_1_7' title='bbox 728 441 1119 498; x_wconf 83' lang='lat' dir='ltr'><strong>bicrarcniam.</strong></span> <span class='ocrx_word' id='word_1_8' title='bbox 1139 447 1194 494; x_wconf 87' lang='lat' dir='ltr'><strong>et</strong></span> <span class='ocrx_word' id='word_1_9' title='bbox 1223 454 1249 490; x_wconf 89' lang='lat' dir='ltr'><strong>a</strong></span> <span class='ocrx_word' id='word_1_10' title='bbox 1279 437 1390 492; x_wconf 90' lang='lat' dir='ltr'><strong>Deo</strong></span> <span class='ocrx_word' id='word_1_11' title='bbox 1422 437 1669 504; x_wconf 88' lang='lat' dir='ltr'><strong>insitam,</strong></span> <span class='ocrx_word' id='word_1_12' title='bbox 1709 438 2007 492; x_wconf 81' lang='lat' dir='ltr'><strong>secundum</strong></span> 
     </span>
    </p>
   </div>
   <div class='ocr_carea' id='block_1_5' title="bbox 2146 435 3681 511">
    <p class='ocr_par' dir='ltr' id='par_1_5' title="bbox 2146 437 3681 511">
     <span class='ocr_line' id='line_1_5' title="bbox 2146 437 3681 511; baseline 0.002 -23"><span class='ocrx_word' id='word_1_13' title='bbox 2146 455 2190 500; x_wconf 90' lang='grc' dir='ltr'><strong>›ς</strong></span> <span class='ocrx_word' id='word_1_14' title='bbox 2213 437 2305 489; x_wconf 72' lang='grc' dir='ltr'>καὶ</span> <span class='ocrx_word' id='word_1_15' title='bbox 2329 438 2361 507; x_wconf 82' lang='grc' dir='ltr'>ἡ</span> <span class='ocrx_word' id='word_1_16' title='bbox 2386 437 2612 507; x_wconf 73' lang='grc' dir='ltr'>οὐρανία</span> <span class='ocrx_word' id='word_1_17' title='bbox 2640 437 2910 508; x_wconf 82' lang='grc' dir='ltr'>ἱεραρχία,</span> <span class='ocrx_word' id='word_1_18' title='bbox 2943 439 3034 491; x_wconf 78' lang='grc' dir='ltr'><strong>καὶ</strong></span> <span class='ocrx_word' id='word_1_19' title='bbox 3067 437 3265 503; x_wconf 77' lang='grc' dir='ltr'>ἔνθεος,</span> <span class='ocrx_word' id='word_1_20' title='bbox 3296 437 3436 490; x_wconf 87' lang='grc' dir='ltr'><strong>κατά</strong></span> <span class='ocrx_word' id='word_1_21' title='bbox 3462 444 3681 511; x_wconf 67' lang='grc' dir='ltr'>μετοχὴν</span> 
     </span>
    </p>
   </div>
   <div class='ocr_carea' id='block_1_6' title="bbox 418 529 2008 605">
    <p class='ocr_par' dir='ltr' id='par_1_6' title="bbox 418 529 2008 605">
     <span class='ocr_line' id='line_1_6' title="bbox 418 529 2008 605; baseline -0.004 -15"><span class='ocrx_word' id='word_1_22' title='bbox 418 536 891 605; x_wconf 77' lang='lat' dir='ltr'><strong>participationem</strong></span> <span class='ocrx_word' id='word_1_23' title='bbox 926 549 1107 586; x_wconf 92' lang='lat' dir='ltr'><strong>rerum</strong></span> <span class='ocrx_word' id='word_1_24' title='bbox 1135 531 1350 585; x_wconf 90' lang='lat' dir='ltr'><strong>illarum</strong></span> <span class='ocrx_word' id='word_1_25' title='bbox 1382 529 1715 594; x_wconf 80' lang='lat' dir='ltr'><strong>divinarum,</strong></span> <span class='ocrx_word' id='word_1_26' title='bbox 1743 529 2008 598; x_wconf 72' lang='lat' dir='ltr'><strong>juxtaque</strong></span> 
     </span>
    </p>
   </div>
   <div class='ocr_carea' id='block_1_7' title="bbox 415 622 2008 693">
    <p class='ocr_par' dir='ltr' id='par_1_7' title="bbox 415 622 2008 693">
     <span class='ocr_line' id='line_1_7' title="bbox 415 622 2008 693; baseline -0.004 -9"><span class='ocrx_word' id='word_1_27' title='bbox 415 645 629 684; x_wconf 80' lang='lat' dir='ltr'><strong>sacram</strong></span> <span class='ocrx_word' id='word_1_28' title='bbox 671 627 816 679; x_wconf 84' lang='lat' dir='ltr'><strong>illam</strong></span> <span class='ocrx_word' id='word_1_29' title='bbox 853 625 1145 678; x_wconf 86' lang='lat' dir='ltr'><strong>scientiam</strong></span> <span class='ocrx_word' id='word_1_30' title='bbox 1191 633 1247 678; x_wconf 93' lang='lat' dir='ltr'><strong>et</strong></span> <span class='ocrx_word' id='word_1_31' title='bbox 1287 624 1692 692; x_wconf 85' lang='lat' dir='ltr'><strong>operationem,</strong></span> <span class='ocrx_word' id='word_1_32' title='bbox 1727 625 1807 677; x_wconf 92' lang='lat' dir='ltr'><strong>sui</strong></span> <span class='ocrx_word' id='word_1_33' title='bbox 1841 622 2008 693; x_wconf 85' lang='lat' dir='ltr'><strong>parti-</strong></span> 
     </span>
    </p>
   </div>
   <div class='ocr_carea' id='block_1_8' title="bbox 413 715 2009 788">
    <p class='ocr_par' dir='ltr' id='par_1_8' title="bbox 413 715 2009 788">
     <span class='ocr_line' id='line_1_8' title="bbox 413 715 2009 788; baseline -0.001 -17"><span class='ocrx_word' id='word_1_34' title='bbox 413 721 565 788; x_wconf 80' lang='lat' dir='ltr'><strong>cipes</strong></span> <span class='ocrx_word' id='word_1_35' title='bbox 609 719 870 772; x_wconf 80' lang='lat' dir='ltr'><strong>deificare</strong></span> <span class='ocrx_word' id='word_1_36' title='bbox 924 730 1088 788; x_wconf 86' lang='lat' dir='ltr'><strong>atque</strong></span> <span class='ocrx_word' id='word_1_37' title='bbox 1143 717 1446 788; x_wconf 84' lang='lat' dir='ltr'><strong>perficere,</strong></span> <span class='ocrx_word' id='word_1_38' title='bbox 1499 730 1564 770; x_wconf 79' lang='lat' dir='ltr'><strong>ex</strong></span> <span class='ocrx_word' id='word_1_39' title='bbox 1616 715 2009 770; x_wconf 84' lang='lat' dir='ltr'><strong>sacratissimis</strong></span> 
     </span>
    </p>
   </div>
   <div class='ocr_carea' id='block_1_9' title="bbox 416 808 2007 877">
    <p class='ocr_par' dir='ltr' id='par_1_9' title="bbox 416 808 2007 877">
     <span class='ocr_line' id='line_1_9' title="bbox 416 808 2007 877; baseline 0.003 -18"><span class='ocrx_word' id='word_1_40' title='bbox 416 810 716 877; x_wconf 69' lang='lat' dir='ltr'><strong>Scripturis</strong></span> <span class='ocrx_word' id='word_1_41' title='bbox 741 808 1232 863; x_wconf 89' lang='lat' dir='ltr'><strong>demonstrandum</strong></span> <span class='ocrx_word' id='word_1_42' title='bbox 1266 817 1376 868; x_wconf 87' lang='lat' dir='ltr'><strong>est;</strong></span> <span class='ocrx_word' id='word_1_43' title='bbox 1419 823 1526 861; x_wconf 94' lang='lat' dir='ltr'><strong>non</strong></span> <span class='ocrx_word' id='word_1_44' title='bbox 1557 815 1737 861; x_wconf 90' lang='lat' dir='ltr'><strong>tamen</strong></span> <span class='ocrx_word' id='word_1_45' title='bbox 1784 809 2007 863; x_wconf 89' lang='lat' dir='ltr'><strong>omnino</strong></span> 
     </span>
    </p>
   </div>
   <div class='ocr_carea' id='block_1_10' title="bbox 415 901 2007 972">
    <p class='ocr_par' dir='ltr' id='par_1_10' title="bbox 415 901 2007 972">
     <span class='ocr_line' id='line_1_10' title="bbox 415 901 2007 972; baseline 0.003 -20"><span class='ocrx_word' id='word_1_46' title='bbox 415 901 694 965; x_wconf 87' lang='lat' dir='ltr'><strong>omnibus,</strong></span> <span class='ocrx_word' id='word_1_47' title='bbox 726 903 820 955; x_wconf 76' lang='lat' dir='ltr'><strong>sed</strong></span> <span class='ocrx_word' id='word_1_48' title='bbox 863 901 1000 956; x_wconf 92' lang='lat' dir='ltr'><strong>solis</strong></span> <span class='ocrx_word' id='word_1_49' title='bbox 1039 902 1126 968; x_wconf 87' lang='lat' dir='ltr'><strong>iis,</strong></span> <span class='ocrx_word' id='word_1_50' title='bbox 1167 903 1255 970; x_wconf 92' lang='lat' dir='ltr'><strong>qui</strong></span> <span class='ocrx_word' id='word_1_51' title='bbox 1295 918 1394 972; x_wconf 87' lang='lat' dir='ltr'><strong>per</strong></span> <span class='ocrx_word' id='word_1_52' title='bbox 1426 902 1750 957; x_wconf 85' lang='lat' dir='ltr'><strong>traditiones</strong></span> <span class='ocrx_word' id='word_1_53' title='bbox 1784 912 2007 970; x_wconf 86' lang='lat' dir='ltr'><strong>aposto-</strong></span> 
     </span>
    </p>
   </div>
   <div class='ocr_carea' id='block_1_11' title="bbox 419 995 2007 1067">
    <p class='ocr_par' dir='ltr' id='par_1_11' title="bbox 419 995 2007 1067">
     <span class='ocr_line' id='line_1_11' title="bbox 419 995 2007 1067; baseline 0.001 -19"><span class='ocrx_word' id='word_1_54' title='bbox 419 995 598 1050; x_wconf 81' lang='lat' dir='ltr'><strong>lorum</strong></span> <span class='ocrx_word' id='word_1_55' title='bbox 635 996 946 1051; x_wconf 80' lang='lat' dir='ltr'><strong>istiusmodi</strong></span> <span class='ocrx_word' id='word_1_56' title='bbox 987 997 1332 1052; x_wconf 89' lang='lat' dir='ltr'><strong>institutione</strong></span> <span class='ocrx_word' id='word_1_57' title='bbox 1361 997 1508 1067; x_wconf 85' lang='lat' dir='ltr'><strong>digni</strong></span> <span class='ocrx_word' id='word_1_58' title='bbox 1541 1004 1667 1050; x_wconf 91' lang='lat' dir='ltr'><strong>sunt</strong></span> <span class='ocrx_word' id='word_1_59' title='bbox 1699 996 1894 1050; x_wconf 84' lang='lat' dir='ltr'><strong>habiti.</strong></span> <span class='ocrx_word' id='word_1_60' title='bbox 1929 995 2007 1050; x_wconf 88' lang='lat' dir='ltr'><strong>Tu</strong></span> 
     </span>
    </p>
   </div>
   <div class='ocr_carea' id='block_1_12' title="bbox 420 1089 2006 1159">
    <p class='ocr_par' dir='ltr' id='par_1_12' title="bbox 420 1089 2006 1159">
     <span class='ocr_line' id='line_1_12' title="bbox 420 1089 2006 1159; baseline 0.004 -19"><span class='ocrx_word' id='word_1_61' title='bbox 420 1097 601 1141; x_wconf 86' lang='lat' dir='ltr'><strong>autem</strong></span> <span class='ocrx_word' id='word_1_62' title='bbox 637 1089 893 1151; x_wconf 80' lang='lat' dir='ltr'><strong>observa,</strong></span> <span class='ocrx_word' id='word_1_63' title='bbox 923 1100 1109 1144; x_wconf 90' lang='lat' dir='ltr'><strong>sancte</strong></span> <span class='ocrx_word' id='word_1_64' title='bbox 1139 1089 1235 1152; x_wconf 80' lang='lat' dir='ltr'><strong>fili.</strong></span> <span class='ocrx_word' id='word_1_65' title='bbox 1274 1104 1342 1144; x_wconf 90' lang='lat' dir='ltr'><strong>ne</strong></span> <span class='ocrx_word' id='word_1_66' title='bbox 1369 1093 1452 1146; x_wconf 93' lang='lat' dir='ltr'><strong>vel</strong></span> <span class='ocrx_word' id='word_1_67' title='bbox 1475 1089 1629 1159; x_wconf 80' lang='lat' dir='ltr'><strong>juxta</strong></span> <span class='ocrx_word' id='word_1_68' title='bbox 1659 1107 1856 1146; x_wconf 90' lang='lat' dir='ltr'><strong>novum</strong></span> <span class='ocrx_word' id='word_1_69' title='bbox 1893 1107 2006 1147; x_wconf 77' lang='lat' dir='ltr'><strong>mo-</strong></span> 
     </span>
    </p>
   </div>
   <div class='ocr_carea' id='block_1_13' title="bbox 417 1181 2010 1252">
    <p class='ocr_par' dir='ltr' id='par_1_13' title="bbox 417 1181 2010 1252">
     <span class='ocr_line' id='line_1_13' title="bbox 417 1181 2010 1252; baseline 0.001 -18"><span class='ocrx_word' id='word_1_70' title='bbox 417 1195 558 1244; x_wconf 91' lang='lat' dir='ltr'><strong>rem,</strong></span> <span class='ocrx_word' id='word_1_71' title='bbox 590 1181 672 1233; x_wconf 85' lang='lat' dir='ltr'><strong>vel</strong></span> <span class='ocrx_word' id='word_1_72' title='bbox 710 1195 808 1250; x_wconf 89' lang='lat' dir='ltr'><strong>per</strong></span> <span class='ocrx_word' id='word_1_73' title='bbox 837 1182 1092 1235; x_wconf 89' lang='lat' dir='ltr'><strong>ordinem</strong></span> <span class='ocrx_word' id='word_1_74' title='bbox 1122 1181 1383 1236; x_wconf 64' lang='lat' dir='ltr'><strong>doctrinae</strong></span> <span class='ocrx_word' id='word_1_75' title='bbox 1423 1181 1645 1252; x_wconf 84' lang='lat' dir='ltr'><strong>(patres</strong></span> <span class='ocrx_word' id='word_1_76' title='bbox 1691 1182 1835 1238; x_wconf 90' lang='lat' dir='ltr'><strong>enim</strong></span> <span class='ocrx_word' id='word_1_77' title='bbox 1883 1192 2010 1236; x_wconf 90' lang='lat' dir='ltr'><strong>sunt</strong></span> 
     </span>
    </p>
   </div>
   <div class='ocr_carea' id='block_1_14' title="bbox 416 1273 2005 1343">
    <p class='ocr_par' dir='ltr' id='par_1_14' title="bbox 416 1273 2005 1343">
     <span class='ocr_line' id='line_1_14' title="bbox 416 1273 2005 1343; baseline 0.001 -19"><span class='ocrx_word' id='word_1_78' title='bbox 416 1273 824 1343; x_wconf 80' lang='lat' dir='ltr'><strong>praeceptores)</strong></span> <span class='ocrx_word' id='word_1_79' title='bbox 877 1273 1105 1328; x_wconf 78' lang='lat' dir='ltr'><strong>ridicule</strong></span> <span class='ocrx_word' id='word_1_80' title='bbox 1162 1283 1216 1328; x_wconf 91' lang='lat' dir='ltr'><strong>et</strong></span> <span class='ocrx_word' id='word_1_81' title='bbox 1277 1275 1646 1330; x_wconf 89' lang='lat' dir='ltr'><strong>irreverenter</strong></span> <span class='ocrx_word' id='word_1_82' title='bbox 1697 1273 2005 1330; x_wconf 87' lang='lat' dir='ltr'><strong>istiusmodi</strong></span> 
     </span>
    </p>
   </div>
   <div class='ocr_carea' id='block_1_15' title="bbox 417 1365 2006 1438">
    <p class='ocr_par' dir='ltr' id='par_1_15' title="bbox 417 1365 2006 1438">
     <span class='ocr_line' id='line_1_15' title="bbox 417 1365 2006 1438; baseline 0.003 -18"><span class='ocrx_word' id='word_1_83' title='bbox 417 1367 678 1438; x_wconf 85' lang='lat' dir='ltr'><strong>mysteria</strong></span> <span class='ocrx_word' id='word_1_84' title='bbox 713 1367 1002 1422; x_wconf 78' lang='lat' dir='ltr'><strong>manifesta</strong></span> <span class='ocrx_word' id='word_1_85' title='bbox 1033 1365 1203 1422; x_wconf 80' lang='lat' dir='ltr'><strong>facias</strong></span> <span class='ocrx_word' id='word_1_86' title='bbox 1224 1369 1480 1422; x_wconf 88' lang='lat' dir='ltr'><strong>omnibus</strong></span> <span class='ocrx_word' id='word_1_87' title='bbox 1507 1367 1768 1438; x_wconf 85' lang='lat' dir='ltr'><strong>profanis,</strong></span> <span class='ocrx_word' id='word_1_88' title='bbox 1801 1371 1890 1438; x_wconf 90' lang='lat' dir='ltr'><strong>qui</strong></span> <span class='ocrx_word' id='word_1_89' title='bbox 1919 1384 2006 1425; x_wconf 87' lang='lat' dir='ltr'><strong>res</strong></span> 
     </span>
    </p>
   </div>
   <div class='ocr_carea' id='block_1_16' title="bbox 418 1458 2003 1528">
    <p class='ocr_par' dir='ltr' id='par_1_16' title="bbox 418 1458 2003 1528">
     <span class='ocr_line' id='line_1_16' title="bbox 418 1458 2003 1528; baseline 0.002 -18"><span class='ocrx_word' id='word_1_90' title='bbox 418 1458 636 1512; x_wconf 92' lang='lat' dir='ltr'><strong>divinas</strong></span> <span class='ocrx_word' id='word_1_91' title='bbox 695 1459 1066 1528; x_wconf 83' lang='lat' dir='ltr'><strong>mysticasque</strong></span> <span class='ocrx_word' id='word_1_92' title='bbox 1127 1460 1271 1515; x_wconf 86' lang='lat' dir='ltr'><strong>risus</strong></span> <span class='ocrx_word' id='word_1_93' title='bbox 1325 1460 1675 1516; x_wconf 82' lang='lat' dir='ltr'><strong>occasionem</strong></span> <span class='ocrx_word' id='word_1_94' title='bbox 1730 1460 2003 1524; x_wconf 83' lang='lat' dir='ltr'><strong>facerent;</strong></span> 
     </span>
    </p>
   </div>
   <div class='ocr_carea' id='block_1_17' title="bbox 417 1547 2005 1620">
    <p class='ocr_par' dir='ltr' id='par_1_17' title="bbox 417 1547 2005 1620">
     <span class='ocr_line' id='line_1_17' title="bbox 417 1547 2005 1620; baseline 0.003 -19"><span class='ocrx_word' id='word_1_95' title='bbox 417 1549 513 1603; x_wconf 87' lang='lat' dir='ltr'><strong>sed</strong></span> <span class='ocrx_word' id='word_1_96' title='bbox 545 1564 810 1604; x_wconf 88' lang='lat' dir='ltr'><strong>venerare</strong></span> <span class='ocrx_word' id='word_1_97' title='bbox 858 1547 1001 1614; x_wconf 90' lang='lat' dir='ltr'><strong>illas,</strong></span> <span class='ocrx_word' id='word_1_98' title='bbox 1034 1551 1175 1605; x_wconf 90' lang='lat' dir='ltr'><strong>sicut</strong></span> <span class='ocrx_word' id='word_1_99' title='bbox 1199 1567 1412 1620; x_wconf 62' lang='lat' dir='ltr'><strong>aequum</strong></span> <span class='ocrx_word' id='word_1_100' title='bbox 1451 1559 1556 1618; x_wconf 88' lang='lat' dir='ltr'><strong>est,</strong></span> <span class='ocrx_word' id='word_1_101' title='bbox 1589 1553 1829 1609; x_wconf 90' lang='lat' dir='ltr'><strong>silentio.</strong></span> <span class='ocrx_word' id='word_1_102' title='bbox 1861 1554 1930 1606; x_wconf 86' lang='lat' dir='ltr'><strong>At</strong></span> <span class='ocrx_word' id='word_1_103' title='bbox 1961 1553 2005 1607; x_wconf 88' lang='lat' dir='ltr'><strong>si</strong></span> 
     </span>
    </p>
   </div>
   <div class='ocr_carea' id='block_1_18' title="bbox 417 1642 2008 1712">
    <p class='ocr_par' dir='ltr' id='par_1_18' title="bbox 417 1642 2008 1712">
     <span class='ocr_line' id='line_1_18' title="bbox 417 1642 2008 1712; baseline 0.004 -19"><span class='ocrx_word' id='word_1_104' title='bbox 417 1642 636 1710; x_wconf 83' lang='lat' dir='ltr'><strong>quando</strong></span> <span class='ocrx_word' id='word_1_105' title='bbox 660 1643 824 1696; x_wconf 91' lang='lat' dir='ltr'><strong>etiam</strong></span> <span class='ocrx_word' id='word_1_106' title='bbox 857 1657 992 1712; x_wconf 91' lang='lat' dir='ltr'><strong>opus</strong></span> <span class='ocrx_word' id='word_1_107' title='bbox 1023 1643 1092 1696; x_wconf 91' lang='lat' dir='ltr'><strong>sit</strong></span> <span class='ocrx_word' id='word_1_108' title='bbox 1122 1643 1430 1697; x_wconf 87' lang='lat' dir='ltr'><strong>istiusmodi</strong></span> <span class='ocrx_word' id='word_1_109' title='bbox 1473 1647 1900 1711; x_wconf 87' lang='lat' dir='ltr'><strong>communicare,</strong></span> <span class='ocrx_word' id='word_1_110' title='bbox 1941 1662 2008 1700; x_wconf 90' lang='lat' dir='ltr'><strong>ne</strong></span> 
     </span>
    </p>
   </div>
   <div class='ocr_carea' id='block_1_19' title="bbox 419 1735 2008 1806">
    <p class='ocr_par' dir='ltr' id='par_1_19' title="bbox 419 1735 2008 1806">
     <span class='ocr_line' id='line_1_19' title="bbox 419 1735 2008 1806; baseline 0.004 -19"><span class='ocrx_word' id='word_1_111' title='bbox 419 1735 797 1790; x_wconf 83' lang='lat' dir='ltr'><strong>communices</strong></span> <span class='ocrx_word' id='word_1_112' title='bbox 826 1736 1171 1798; x_wconf 86' lang='lat' dir='ltr'><strong>rudioribus;</strong></span> <span class='ocrx_word' id='word_1_113' title='bbox 1203 1737 1297 1790; x_wconf 91' lang='lat' dir='ltr'><strong>sed</strong></span> <span class='ocrx_word' id='word_1_114' title='bbox 1337 1739 1568 1801; x_wconf 89' lang='lat' dir='ltr'><strong>sanctis,</strong></span> <span class='ocrx_word' id='word_1_115' title='bbox 1599 1739 1761 1806; x_wconf 89' lang='lat' dir='ltr'><strong>idque</strong></span> <span class='ocrx_word' id='word_1_116' title='bbox 1793 1739 1895 1792; x_wconf 91' lang='lat' dir='ltr'><strong>illis</strong></span> <span class='ocrx_word' id='word_1_117' title='bbox 1920 1755 2008 1794; x_wconf 84' lang='lat' dir='ltr'><strong>sa-</strong></span> 
     </span>
    </p>
   </div>
   <div class='ocr_carea' id='block_1_20' title="bbox 419 1806 2082 1893">
    <p class='ocr_par' dir='ltr' id='par_1_20' title="bbox 419 1806 2082 1893">
     <span class='ocr_line' id='line_1_20' title="bbox 419 1806 2082 1893; baseline 0.004 -14"><span class='ocrx_word' id='word_1_118' title='bbox 419 1836 708 1882; x_wconf 82' lang='lat' dir='ltr'><strong>crosancte</strong></span> <span class='ocrx_word' id='word_1_119' title='bbox 761 1837 968 1882; x_wconf 90' lang='lat' dir='ltr'><strong>etcum</strong></span> <span class='ocrx_word' id='word_1_120' title='bbox 1018 1843 1172 1883; x_wconf 85' lang='lat' dir='ltr'><strong>sacra</strong></span> <span class='ocrx_word' id='word_1_121' title='bbox 1219 1829 1614 1893; x_wconf 84' lang='lat' dir='ltr'><strong>illustratioue,</strong></span> <span class='ocrx_word' id='word_1_122' title='bbox 1653 1830 1874 1886; x_wconf 89' lang='lat' dir='ltr'><strong>minime</strong></span> <span class='ocrx_word' id='word_1_123' title='bbox 1907 1833 2008 1887; x_wconf 87' lang='lat' dir='ltr'><strong>im-</strong></span> <span class='ocrx_word' id='word_1_124' title='bbox 2043 1806 2082 1862; x_wconf 70' lang='grc' dir='ltr'><strong>Β</strong></span> 
     </span>
    </p>
   </div>
   <div class='ocr_carea' id='block_1_21' title="bbox 419 1922 2010 1994">
    <p class='ocr_par' dir='ltr' id='par_1_21' title="bbox 419 1922 2010 1994">
     <span class='ocr_line' id='line_1_21' title="bbox 419 1922 2010 1994; baseline 0.003 -19"><span class='ocrx_word' id='word_1_125' title='bbox 419 1923 684 1976; x_wconf 89' lang='lat' dir='ltr'><strong>morando</strong></span> <span class='ocrx_word' id='word_1_126' title='bbox 717 1924 890 1994; x_wconf 87' lang='lat' dir='ltr'><strong>typis,</strong></span> <span class='ocrx_word' id='word_1_127' title='bbox 931 1925 1024 1978; x_wconf 88' lang='lat' dir='ltr'><strong>sed</strong></span> <span class='ocrx_word' id='word_1_128' title='bbox 1076 1922 1489 1993; x_wconf 89' lang='lat' dir='ltr'><strong>inaspectabilia</strong></span> <span class='ocrx_word' id='word_1_129' title='bbox 1526 1923 1847 1978; x_wconf 88' lang='lat' dir='ltr'><strong>illustrando</strong></span> <span class='ocrx_word' id='word_1_130' title='bbox 1884 1944 1896 1980; x_wconf 91' lang='lat'>:</span> <span class='ocrx_word' id='word_1_131' title='bbox 1932 1927 2010 1980; x_wconf 89' lang='lat' dir='ltr'><strong>sic</strong></span> 
     </span>
    </p>
   </div>
   <div class='ocr_carea' id='block_1_22' title="bbox 417 2015 2008 2080">
    <p class='ocr_par' dir='ltr' id='par_1_22' title="bbox 417 2015 2008 2080">
     <span class='ocr_line' id='line_1_22' title="bbox 417 2015 2008 2080; baseline 0.004 -13"><span class='ocrx_word' id='word_1_132' title='bbox 417 2015 561 2067; x_wconf 86' lang='lat' dir='ltr'><strong>enim</strong></span> <span class='ocrx_word' id='word_1_133' title='bbox 604 2015 769 2070; x_wconf 91' lang='lat' dir='ltr'><strong>etiam</strong></span> <span class='ocrx_word' id='word_1_134' title='bbox 811 2016 966 2071; x_wconf 92' lang='lat' dir='ltr'><strong>nobis</strong></span> <span class='ocrx_word' id='word_1_135' title='bbox 1011 2017 1077 2070; x_wconf 91' lang='lat' dir='ltr'><strong>ad</strong></span> <span class='ocrx_word' id='word_1_136' title='bbox 1129 2017 1312 2071; x_wconf 88' lang='lat' dir='ltr'><strong>divina</strong></span> <span class='ocrx_word' id='word_1_137' title='bbox 1363 2017 1677 2080; x_wconf 84' lang='lat' dir='ltr'><strong>conversis,</strong></span> <span class='ocrx_word' id='word_1_138' title='bbox 1711 2018 1794 2072; x_wconf 87' lang='lat' dir='ltr'><strong>vel</strong></span> <span class='ocrx_word' id='word_1_139' title='bbox 1827 2019 2008 2073; x_wconf 75' lang='lat' dir='ltr'><strong>divina</strong></span> 
     </span>
    </p>
   </div>
   <div class='ocr_carea' id='block_1_23' title="bbox 418 2106 2006 2180">
    <p class='ocr_par' dir='ltr' id='par_1_23' title="bbox 418 2106 2006 2180">
     <span class='ocr_line' id='line_1_23' title="bbox 418 2106 2006 2180; baseline 0.006 -24"><span class='ocrx_word' id='word_1_140' title='bbox 418 2106 840 2162; x_wconf 82' lang='lat' dir='ltr'><strong>concinentibus</strong></span> <span class='ocrx_word' id='word_1_141' title='bbox 864 2109 1088 2178; x_wconf 84' lang='lat' dir='ltr'><strong>collegis</strong></span> <span class='ocrx_word' id='word_1_142' title='bbox 1121 2109 1318 2162; x_wconf 85' lang='lat' dir='ltr'><strong>tradita</strong></span> <span class='ocrx_word' id='word_1_143' title='bbox 1352 2109 1591 2162; x_wconf 77' lang='lat' dir='ltr'><strong>fuerunt.</strong></span> <span class='ocrx_word' id='word_1_144' title='bbox 1621 2109 1758 2175; x_wconf 89' lang='lat' dir='ltr'><strong>Quin</strong></span> <span class='ocrx_word' id='word_1_145' title='bbox 1783 2121 1839 2164; x_wconf 93' lang='lat' dir='ltr'><strong>et</strong></span> <span class='ocrx_word' id='word_1_146' title='bbox 1867 2111 2006 2180; x_wconf 85' lang='lat' dir='ltr'><strong>ipse-</strong></span> 
     </span>
    </p>
   </div>
   <div class='ocr_carea' id='block_1_24' title="bbox 419 2198 2012 2269">
    <p class='ocr_par' dir='ltr' id='par_1_24' title="bbox 419 2198 2012 2269">
     <span class='ocr_line' id='line_1_24' title="bbox 419 2198 2012 2269; baseline 0.003 -17"><span class='ocrx_word' id='word_1_147' title='bbox 419 2208 530 2254; x_wconf 85' lang='lat' dir='ltr'><strong>met</strong></span> <span class='ocrx_word' id='word_1_148' title='bbox 569 2198 744 2265; x_wconf 89' lang='lat' dir='ltr'><strong>Deus,</strong></span> <span class='ocrx_word' id='word_1_149' title='bbox 784 2201 875 2269; x_wconf 88' lang='lat' dir='ltr'><strong>qui</strong></span> <span class='ocrx_word' id='word_1_150' title='bbox 918 2217 1072 2256; x_wconf 91' lang='lat' dir='ltr'><strong>mens</strong></span> <span class='ocrx_word' id='word_1_151' title='bbox 1121 2214 1206 2255; x_wconf 84' lang='lat' dir='ltr'><strong>eSt</strong></span> <span class='ocrx_word' id='word_1_152' title='bbox 1256 2199 1346 2253; x_wconf 89' lang='lat' dir='ltr'><strong>illa</strong></span> <span class='ocrx_word' id='word_1_153' title='bbox 1395 2201 1683 2255; x_wconf 90' lang='lat' dir='ltr'><strong>divinitate</strong></span> <span class='ocrx_word' id='word_1_154' title='bbox 1731 2211 2012 2256; x_wconf 86' lang='lat' dir='ltr'><strong>transcen-</strong></span> 
     </span>
    </p>
   </div>
   <div class='ocr_carea' id='block_1_25' title="bbox 419 2289 2009 2359">
    <p class='ocr_par' dir='ltr' id='par_1_25' title="bbox 419 2289 2009 2359">
     <span class='ocr_line' id='line_1_25' title="bbox 419 2289 2009 2359; baseline 0.003 -16"><span class='ocrx_word' id='word_1_155' title='bbox 419 2292 578 2356; x_wconf 90' lang='lat' dir='ltr'><strong>dens,</strong></span> <span class='ocrx_word' id='word_1_156' title='bbox 605 2289 698 2358; x_wconf 86' lang='lat' dir='ltr'><strong>qui</strong></span> <span class='ocrx_word' id='word_1_157' title='bbox 729 2291 908 2344; x_wconf 91' lang='lat' dir='ltr'><strong>omnis</strong></span> <span class='ocrx_word' id='word_1_158' title='bbox 932 2291 1316 2344; x_wconf 77' lang='lat' dir='ltr'><strong>sanctimonia:</strong></span> <span class='ocrx_word' id='word_1_159' title='bbox 1345 2290 1654 2359; x_wconf 74' lang='lat' dir='ltr'><strong>divinmque</strong></span> <span class='ocrx_word' id='word_1_160' title='bbox 1677 2292 2009 2358; x_wconf 79' lang='lat' dir='ltr'><strong>operationis</strong></span> 
     </span>
    </p>
   </div>
   <div class='ocr_carea' id='block_1_26' title="bbox 419 2382 2011 2451">
    <p class='ocr_par' dir='ltr' id='par_1_26' title="bbox 419 2382 2011 2451">
     <span class='ocr_line' id='line_1_26' title="bbox 419 2382 2011 2451; baseline -0.001 -14"><span class='ocrx_word' id='word_1_161' title='bbox 419 2398 582 2437; x_wconf 83' lang='lat' dir='ltr'><strong>causa</strong></span> <span class='ocrx_word' id='word_1_162' title='bbox 617 2382 807 2436; x_wconf 74' lang='lat' dir='ltr'><strong>existit</strong></span> <span class='ocrx_word' id='word_1_163' title='bbox 839 2382 988 2451; x_wconf 91' lang='lat' dir='ltr'><strong>(cum</strong></span> <span class='ocrx_word' id='word_1_164' title='bbox 1033 2383 1178 2436; x_wconf 90' lang='lat' dir='ltr'><strong>enim</strong></span> <span class='ocrx_word' id='word_1_165' title='bbox 1225 2382 1537 2436; x_wconf 88' lang='lat' dir='ltr'><strong>bierarcbia</strong></span> <span class='ocrx_word' id='word_1_166' title='bbox 1573 2382 1805 2437; x_wconf 88' lang='lat' dir='ltr'><strong>scientia</strong></span> <span class='ocrx_word' id='word_1_167' title='bbox 1855 2386 1926 2437; x_wconf 87' lang='lat' dir='ltr'><strong>sit</strong></span> <span class='ocrx_word' id='word_1_168' title='bbox 1958 2394 2011 2437; x_wconf 86' lang='lat' dir='ltr'><strong>et</strong></span> 
     </span>
    </p>
   </div>
   <div class='ocr_carea' id='block_1_27' title="bbox 420 2472 2008 2542">
    <p class='ocr_par' dir='ltr' id='par_1_27' title="bbox 420 2472 2008 2542">
     <span class='ocr_line' id='line_1_27' title="bbox 420 2472 2008 2542; baseline -0.001 -15"><span class='ocrx_word' id='word_1_169' title='bbox 420 2473 688 2542; x_wconf 83' lang='lat' dir='ltr'><strong>operatio,</strong></span> <span class='ocrx_word' id='word_1_170' title='bbox 714 2472 1136 2527; x_wconf 84' lang='lat' dir='ltr'><strong>sanctimoniam</strong></span> <span class='ocrx_word' id='word_1_171' title='bbox 1163 2473 1382 2542; x_wconf 88' lang='lat' dir='ltr'><strong>quidem</strong></span> <span class='ocrx_word' id='word_1_172' title='bbox 1409 2473 1475 2526; x_wconf 91' lang='lat' dir='ltr'><strong>ad</strong></span> <span class='ocrx_word' id='word_1_173' title='bbox 1503 2473 1788 2527; x_wconf 82' lang='lat' dir='ltr'><strong>scientiam</strong></span> <span class='ocrx_word' id='word_1_174' title='bbox 1817 2473 2008 2537; x_wconf 81' lang='lat' dir='ltr'><strong>refert,</strong></span> 
     </span>
    </p>
   </div>
   <div class='ocr_carea' id='block_1_28' title="bbox 420 2564 2009 2637">
    <p class='ocr_par' dir='ltr' id='par_1_28' title="bbox 420 2564 2009 2637">
     <span class='ocr_line' id='line_1_28' title="bbox 420 2564 2009 2637; baseline 0 -19"><span class='ocrx_word' id='word_1_175' title='bbox 420 2565 516 2619; x_wconf 83' lang='lat' dir='ltr'><strong>Dei</strong></span> <span class='ocrx_word' id='word_1_176' title='bbox 551 2580 679 2620; x_wconf 91' lang='lat' dir='ltr'><strong>vero</strong></span> <span class='ocrx_word' id='word_1_177' title='bbox 715 2565 872 2637; x_wconf 79' lang='lat'><strong>162</strong></span> <span class='ocrx_word' id='word_1_178' title='bbox 905 2565 1283 2634; x_wconf 87' lang='lat' dir='ltr'><strong>operationem</strong></span> <span class='ocrx_word' id='word_1_179' title='bbox 1306 2564 1372 2618; x_wconf 89' lang='lat' dir='ltr'><strong>ad</strong></span> <span class='ocrx_word' id='word_1_180' title='bbox 1399 2564 1695 2619; x_wconf 84' lang='lat' dir='ltr'><strong>ellicaciam</strong></span> <span class='ocrx_word' id='word_1_181' title='bbox 1717 2580 1809 2618; x_wconf 92' lang='lat' dir='ltr'><strong>seu</strong></span> <span class='ocrx_word' id='word_1_182' title='bbox 1837 2566 2009 2619; x_wconf 87' lang='lat' dir='ltr'><strong>aetio-</strong></span> 
     </span>
    </p>
   </div>
   <div class='ocr_carea' id='block_1_29' title="bbox 420 2654 2009 2725">
    <p class='ocr_par' dir='ltr' id='par_1_29' title="bbox 420 2654 2009 2725">
     <span class='ocr_line' id='line_1_29' title="bbox 420 2654 2009 2725; baseline 0.001 -18"><span class='ocrx_word' id='word_1_183' title='bbox 420 2654 569 2725; x_wconf 87' lang='lat' dir='ltr'><strong>nem)</strong></span> <span class='ocrx_word' id='word_1_184' title='bbox 593 2656 917 2711; x_wconf 71' lang='lat' dir='ltr'><strong>cmlestibus</strong></span> <span class='ocrx_word' id='word_1_185' title='bbox 949 2655 1246 2710; x_wconf 79' lang='lat' dir='ltr'><strong>virtutibus</strong></span> <span class='ocrx_word' id='word_1_186' title='bbox 1272 2654 1615 2710; x_wconf 83' lang='lat' dir='ltr'><strong>manifestius</strong></span> <span class='ocrx_word' id='word_1_187' title='bbox 1649 2655 1810 2710; x_wconf 90' lang='lat' dir='ltr'><strong>simul</strong></span> <span class='ocrx_word' id='word_1_188' title='bbox 1842 2666 1896 2710; x_wconf 91' lang='lat' dir='ltr'><strong>et</strong></span> <span class='ocrx_word' id='word_1_189' title='bbox 1927 2657 2009 2710; x_wconf 88' lang='lat' dir='ltr'><strong>in-</strong></span> 
     </span>
    </p>
   </div>
   <div class='ocr_carea' id='block_1_30' title="bbox 422 2747 2008 2818">
    <p class='ocr_par' dir='ltr' id='par_1_30' title="bbox 422 2747 2008 2818">
     <span class='ocr_line' id='line_1_30' title="bbox 422 2747 2008 2818; baseline 0 -16"><span class='ocrx_word' id='word_1_190' title='bbox 422 2747 764 2817; x_wconf 83' lang='lat' dir='ltr'><strong>telligibilius</strong></span> <span class='ocrx_word' id='word_1_191' title='bbox 811 2747 1037 2818; x_wconf 77' lang='lat' dir='ltr'><strong>alIulget</strong></span> <span class='ocrx_word' id='word_1_192' title='bbox 1085 2748 1469 2818; x_wconf 80' lang='lat' dir='ltr'><strong>(intelligimus</strong></span> <span class='ocrx_word' id='word_1_193' title='bbox 1499 2750 1644 2802; x_wconf 89' lang='lat' dir='ltr'><strong>enim</strong></span> <span class='ocrx_word' id='word_1_194' title='bbox 1673 2758 1727 2803; x_wconf 93' lang='lat' dir='ltr'><strong>et</strong></span> <span class='ocrx_word' id='word_1_195' title='bbox 1756 2764 1874 2812; x_wconf 92' lang='lat' dir='ltr'><strong>nos,</strong></span> <span class='ocrx_word' id='word_1_196' title='bbox 1915 2749 2008 2804; x_wconf 91' lang='lat' dir='ltr'><strong>sed</strong></span> 
     </span>
    </p>
   </div>
   <div class='ocr_carea' id='block_1_31' title="bbox 423 2841 2008 2910">
    <p class='ocr_par' dir='ltr' id='par_1_31' title="bbox 423 2841 2008 2910">
     <span class='ocr_line' id='line_1_31' title="bbox 423 2841 2008 2910; baseline 0.003 -19"><span class='ocrx_word' id='word_1_197' title='bbox 423 2853 530 2893; x_wconf 90' lang='lat' dir='ltr'><strong>non</strong></span> <span class='ocrx_word' id='word_1_198' title='bbox 570 2848 629 2892; x_wconf 89' lang='lat' dir='ltr'><strong>ut</strong></span> <span class='ocrx_word' id='word_1_199' title='bbox 657 2841 795 2908; x_wconf 67' lang='lat' dir='ltr'><strong>islaa)</strong></span> <span class='ocrx_word' id='word_1_200' title='bbox 822 2856 959 2910; x_wconf 91' lang='lat' dir='ltr'><strong>quas</strong></span> <span class='ocrx_word' id='word_1_201' title='bbox 990 2841 1158 2895; x_wconf 88' lang='lat' dir='ltr'><strong>etiam</strong></span> <span class='ocrx_word' id='word_1_202' title='bbox 1201 2841 1268 2893; x_wconf 89' lang='lat' dir='ltr'><strong>ad</strong></span> <span class='ocrx_word' id='word_1_203' title='bbox 1307 2841 1582 2910; x_wconf 91' lang='lat' dir='ltr'><strong>propriam</strong></span> <span class='ocrx_word' id='word_1_204' title='bbox 1633 2857 1788 2896; x_wconf 91' lang='lat' dir='ltr'><strong>suam</strong></span> <span class='ocrx_word' id='word_1_205' title='bbox 1835 2842 2008 2898; x_wconf 86' lang='lat' dir='ltr'><strong>lucem</strong></span> 
     </span>
    </p>
   </div>
   <div class='ocr_carea' id='block_1_32' title="bbox 425 2929 2008 3004">
    <p class='ocr_par' dir='ltr' id='par_1_32' title="bbox 425 2929 2008 3004">
     <span class='ocr_line' id='line_1_32' title="bbox 425 2929 2008 3004; baseline 0.006 -22"><span class='ocrx_word' id='word_1_206' title='bbox 425 2929 713 2995; x_wconf 86' lang='lat' dir='ltr'><strong>informat,</strong></span> <span class='ocrx_word' id='word_1_207' title='bbox 739 2942 796 2985; x_wconf 93' lang='lat' dir='ltr'><strong>ut</strong></span> <span class='ocrx_word' id='word_1_208' title='bbox 828 2935 1086 2986; x_wconf 89' lang='lat' dir='ltr'><strong>nimirum</strong></span> <span class='ocrx_word' id='word_1_209' title='bbox 1119 2935 1284 2987; x_wconf 90' lang='lat' dir='ltr'><strong>etiam</strong></span> <span class='ocrx_word' id='word_1_210' title='bbox 1326 2935 1461 2988; x_wconf 88' lang='lat' dir='ltr'><strong>alios</strong></span> <span class='ocrx_word' id='word_1_211' title='bbox 1495 2934 1820 3002; x_wconf 72' lang='lat' dir='ltr'><strong>illuminent,</strong></span> <span class='ocrx_word' id='word_1_212' title='bbox 1855 2935 2008 3004; x_wconf 80' lang='lat' dir='ltr'><strong>juxta</strong></span> 
     </span>
    </p>
   </div>
   <div class='ocr_carea' id='block_1_33' title="bbox 419 3022 2010 3092">
    <p class='ocr_par' dir='ltr' id='par_1_33' title="bbox 419 3022 2010 3092">
     <span class='ocr_line' id='line_1_33' title="bbox 419 3022 2010 3092; baseline 0.004 -16"><span class='ocrx_word' id='word_1_213' title='bbox 419 3022 681 3078; x_wconf 73' lang='lat' dir='ltr'><strong>virtutem</strong></span> <span class='ocrx_word' id='word_1_214' title='bbox 709 3026 1038 3092; x_wconf 88' lang='lat' dir='ltr'><strong>spiritalium</strong></span> <span class='ocrx_word' id='word_1_215' title='bbox 1073 3035 1127 3081; x_wconf 91' lang='lat' dir='ltr'><strong>et</strong></span> <span class='ocrx_word' id='word_1_216' title='bbox 1151 3027 1549 3082; x_wconf 83' lang='lat' dir='ltr'><strong>intellectilium</strong></span> <span class='ocrx_word' id='word_1_217' title='bbox 1582 3044 1806 3082; x_wconf 90' lang='lat' dir='ltr'><strong>suarum</strong></span> <span class='ocrx_word' id='word_1_218' title='bbox 1849 3040 2010 3084; x_wconf 89' lang='lat' dir='ltr'><strong>natu-</strong></span> 
     </span>
    </p>
   </div>
   <div class='ocr_carea' id='block_1_34' title="bbox 420 3119 2006 3191">
    <p class='ocr_par' dir='ltr' id='par_1_34' title="bbox 420 3119 2006 3191">
     <span class='ocr_line' id='line_1_34' title="bbox 420 3119 2006 3191; baseline 0.006 -25"><span class='ocrx_word' id='word_1_219' title='bbox 420 3130 624 3182; x_wconf 86' lang='lat' dir='ltr'><strong>rarum,</strong></span> <span class='ocrx_word' id='word_1_220' title='bbox 643 3132 749 3171; x_wconf 92' lang='lat' dir='ltr'><strong>non</strong></span> <span class='ocrx_word' id='word_1_221' title='bbox 770 3129 950 3174; x_wconf 89' lang='lat' dir='ltr'><strong>autem</strong></span> <span class='ocrx_word' id='word_1_222' title='bbox 974 3119 1272 3174; x_wconf 89' lang='lat' dir='ltr'><strong>secundum</strong></span> <span class='ocrx_word' id='word_1_223' title='bbox 1295 3120 1552 3172; x_wconf 84' lang='lat' dir='ltr'><strong>virtutem</strong></span> <span class='ocrx_word' id='word_1_224' title='bbox 1579 3121 1780 3174; x_wconf 88' lang='lat' dir='ltr'><strong>suimet</strong></span> <span class='ocrx_word' id='word_1_225' title='bbox 1808 3121 2006 3191; x_wconf 89' lang='lat' dir='ltr'><strong>ipsius;</strong></span> 
     </span>
    </p>
   </div>
   <div class='ocr_carea' id='block_1_35' title="bbox 419 3208 2007 3282">
    <p class='ocr_par' dir='ltr' id='par_1_35' title="bbox 419 3208 2007 3282">
     <span class='ocr_line' id='line_1_35' title="bbox 419 3208 2007 3282; baseline 0.005 -23"><span class='ocrx_word' id='word_1_226' title='bbox 419 3221 547 3260; x_wconf 88' lang='lat' dir='ltr'><strong>nam</strong></span> <span class='ocrx_word' id='word_1_227' title='bbox 601 3208 742 3263; x_wconf 90' lang='lat' dir='ltr'><strong>Deus</strong></span> <span class='ocrx_word' id='word_1_228' title='bbox 797 3209 1023 3264; x_wconf 62' lang='lat' dir='ltr'><strong>inﬁnitae</strong></span> <span class='ocrx_word' id='word_1_229' title='bbox 1073 3211 1292 3265; x_wconf 91' lang='lat' dir='ltr'><strong>virtutis</strong></span> <span class='ocrx_word' id='word_1_230' title='bbox 1336 3220 1440 3264; x_wconf 89' lang='lat' dir='ltr'><strong>est.</strong></span> <span class='ocrx_word' id='word_1_231' title='bbox 1482 3211 1623 3278; x_wconf 90' lang='lat' dir='ltr'><strong>Quin</strong></span> <span class='ocrx_word' id='word_1_232' title='bbox 1671 3221 1727 3267; x_wconf 82' lang='lat' dir='ltr'><strong>et</strong></span> <span class='ocrx_word' id='word_1_233' title='bbox 1770 3222 2007 3282; x_wconf 89' lang='lat' dir='ltr'><strong>nostras,</strong></span> 
     </span>
    </p>
   </div>
   <div class='ocr_carea' id='block_1_36' title="bbox 420 3300 2010 3367">
    <p class='ocr_par' dir='ltr' id='par_1_36' title="bbox 420 3300 2010 3367">
     <span class='ocr_line' id='line_1_36' title="bbox 420 3300 2010 3367; baseline 0.005 -16"><span class='ocrx_word' id='word_1_234' title='bbox 420 3314 543 3367; x_wconf 75' lang='lat' dir='ltr'><strong>qua:</strong></span> <span class='ocrx_word' id='word_1_235' title='bbox 578 3300 763 3355; x_wconf 77' lang='lat' dir='ltr'><strong>multa:</strong></span> <span class='ocrx_word' id='word_1_236' title='bbox 795 3310 947 3366; x_wconf 90' lang='lat' dir='ltr'><strong>sunt,</strong></span> <span class='ocrx_word' id='word_1_237' title='bbox 985 3303 1300 3366; x_wconf 86' lang='lat' dir='ltr'><strong>varietates,</strong></span> <span class='ocrx_word' id='word_1_238' title='bbox 1335 3310 1392 3356; x_wconf 81' lang='lat' dir='ltr'><strong>et</strong></span> <span class='ocrx_word' id='word_1_239' title='bbox 1422 3303 1786 3359; x_wconf 87' lang='lat' dir='ltr'><strong>multiformes</strong></span> <span class='ocrx_word' id='word_1_240' title='bbox 1817 3321 2010 3362; x_wconf 89' lang='lat' dir='ltr'><strong>carna-</strong></span> 
     </span>
    </p>
   </div>
   <div class='ocr_carea' id='block_1_37' title="bbox 422 3390 2008 3468">
    <p class='ocr_par' dir='ltr' id='par_1_37' title="bbox 422 3390 2008 3468">
     <span class='ocr_line' id='line_1_37' title="bbox 422 3390 2008 3468; baseline 0.007 -25"><span class='ocrx_word' id='word_1_241' title='bbox 422 3390 555 3452; x_wconf 85' lang='lat' dir='ltr'><strong>lium</strong></span> <span class='ocrx_word' id='word_1_242' title='bbox 587 3393 988 3449; x_wconf 85' lang='lat' dir='ltr'><strong>desideriorum</strong></span> <span class='ocrx_word' id='word_1_243' title='bbox 1035 3411 1218 3461; x_wconf 87' lang='lat' dir='ltr'><strong>curas,</strong></span> <span class='ocrx_word' id='word_1_244' title='bbox 1262 3411 1402 3464; x_wconf 89' lang='lat' dir='ltr'><strong>quas</strong></span> <span class='ocrx_word' id='word_1_245' title='bbox 1435 3397 1693 3466; x_wconf 84' lang='lat' dir='ltr'><strong>prohibet</strong></span> <span class='ocrx_word' id='word_1_246' title='bbox 1726 3399 2008 3468; x_wconf 82' lang='lat' dir='ltr'><strong>Dominus,</strong></span> 
     </span>
    </p>
   </div>
   <div class='ocr_carea' id='block_1_38' title="bbox 423 3486 2008 3560">
    <p class='ocr_par' dir='ltr' id='par_1_38' title="bbox 423 3486 2008 3560">
     <span class='ocr_line' id='line_1_38' title="bbox 423 3486 2008 3560; baseline 0.004 -18"><span class='ocrx_word' id='word_1_247' title='bbox 423 3488 494 3544; x_wconf 78' lang='lat' dir='ltr'><strong>ad</strong></span> <span class='ocrx_word' id='word_1_248' title='bbox 527 3486 862 3542; x_wconf 88' lang='lat' dir='ltr'><strong>uniformem</strong></span> <span class='ocrx_word' id='word_1_249' title='bbox 895 3489 1252 3560; x_wconf 89' lang='lat' dir='ltr'><strong>divinamque</strong></span> <span class='ocrx_word' id='word_1_250' title='bbox 1279 3493 1446 3546; x_wconf 85' lang='lat' dir='ltr'><strong>vitam</strong></span> <span class='ocrx_word' id='word_1_251' title='bbox 1488 3492 1718 3558; x_wconf 85' lang='lat' dir='ltr'><strong>reducit,</strong></span> <span class='ocrx_word' id='word_1_252' title='bbox 1745 3504 1804 3547; x_wconf 93' lang='lat' dir='ltr'><strong>ut</strong></span> <span class='ocrx_word' id='word_1_253' title='bbox 1847 3495 2008 3548; x_wconf 87' lang='lat' dir='ltr'><strong>nimi-</strong></span> 
     </span>
    </p>
   </div>
   <div class='ocr_carea' id='block_1_39' title="bbox 421 3583 2008 3657">
    <p class='ocr_par' dir='ltr' id='par_1_39' title="bbox 421 3583 2008 3657">
     <span class='ocr_line' id='line_1_39' title="bbox 421 3583 2008 3657; baseline 0.003 -20"><span class='ocrx_word' id='word_1_254' title='bbox 421 3597 541 3637; x_wconf 82' lang='lat' dir='ltr'><strong>rum</strong></span> <span class='ocrx_word' id='word_1_255' title='bbox 585 3596 899 3651; x_wconf 67' lang='lat' dir='ltr'><strong>quaeramus</strong></span> <span class='ocrx_word' id='word_1_256' title='bbox 945 3583 1181 3652; x_wconf 88' lang='lat' dir='ltr'><strong>primum</strong></span> <span class='ocrx_word' id='word_1_257' title='bbox 1225 3601 1451 3657; x_wconf 83' lang='lat' dir='ltr'><strong>regnum</strong></span> <span class='ocrx_word' id='word_1_258' title='bbox 1485 3585 1604 3654; x_wconf 88' lang='lat' dir='ltr'><strong>Dei,</strong></span> <span class='ocrx_word' id='word_1_259' title='bbox 1652 3595 1706 3642; x_wconf 92' lang='lat' dir='ltr'><strong>et</strong></span> <span class='ocrx_word' id='word_1_260' title='bbox 1739 3587 2008 3656; x_wconf 89' lang='lat' dir='ltr'><strong>justitiam</strong></span> 
     </span>
    </p>
   </div>
   <div class='ocr_carea' id='block_1_40' title="bbox 419 3672 2008 3750">
    <p class='ocr_par' dir='ltr' id='par_1_40' title="bbox 419 3672 2008 3750">
     <span class='ocr_line' id='line_1_40' title="bbox 419 3672 2008 3750; baseline 0.002 -20"><span class='ocrx_word' id='word_1_261' title='bbox 419 3672 558 3741; x_wconf 78' lang='lat' dir='ltr'><strong>ejus.</strong></span> <span class='ocrx_word' id='word_1_262' title='bbox 607 3674 665 3728; x_wconf 91' lang='lat' dir='ltr'><strong>Id</strong></span> <span class='ocrx_word' id='word_1_263' title='bbox 715 3684 898 3729; x_wconf 91' lang='lat' dir='ltr'><strong>autem</strong></span> <span class='ocrx_word' id='word_1_264' title='bbox 931 3692 1040 3746; x_wconf 92' lang='lat' dir='ltr'><strong>quo</strong></span> <span class='ocrx_word' id='word_1_265' title='bbox 1084 3677 1163 3732; x_wconf 89' lang='lat' dir='ltr'><strong>sic</strong></span> <span class='ocrx_word' id='word_1_266' title='bbox 1207 3679 1390 3732; x_wconf 90' lang='lat' dir='ltr'><strong>anima</strong></span> <span class='ocrx_word' id='word_1_267' title='bbox 1431 3678 1762 3750; x_wconf 85' lang='lat' dir='ltr'><strong>disponitur,</strong></span> <span class='ocrx_word' id='word_1_268' title='bbox 1791 3693 2008 3733; x_wconf 84' lang='lat' dir='ltr'><strong>sacrum</strong></span> 
     </span>
    </p>
   </div>
   <div class='ocr_carea' id='block_1_41' title="bbox 424 3765 2013 3838">
    <p class='ocr_par' dir='ltr' id='par_1_41' title="bbox 424 3765 2013 3838">
     <span class='ocr_line' id='line_1_41' title="bbox 424 3765 2013 3838; baseline 0.003 -18"><span class='ocrx_word' id='word_1_269' title='bbox 424 3765 668 3821; x_wconf 85' lang='lat' dir='ltr'><strong>habitum</strong></span> <span class='ocrx_word' id='word_1_270' title='bbox 713 3767 1050 3836; x_wconf 89' lang='lat' dir='ltr'><strong>appellavit,</strong></span> <span class='ocrx_word' id='word_1_271' title='bbox 1101 3769 1196 3838; x_wconf 90' lang='lat' dir='ltr'><strong>qui</strong></span> <span class='ocrx_word' id='word_1_272' title='bbox 1226 3769 1313 3826; x_wconf 85' lang='lat' dir='ltr'><strong>vel</strong></span> <span class='ocrx_word' id='word_1_273' title='bbox 1352 3770 1587 3825; x_wconf 82' lang='lat' dir='ltr'><strong>maxime</strong></span> <span class='ocrx_word' id='word_1_274' title='bbox 1637 3770 2013 3826; x_wconf 88' lang='lat' dir='ltr'><strong>sacerdotibus</strong></span> 
     </span>
    </p>
   </div>
   <div class='ocr_carea' id='block_1_42' title="bbox 424 3862 2009 3934">
    <p class='ocr_par' dir='ltr' id='par_1_42' title="bbox 424 3862 2009 3934">
     <span class='ocr_line' id='line_1_42' title="bbox 424 3862 2009 3934; baseline 0.001 -20"><span class='ocrx_word' id='word_1_275' title='bbox 424 3868 510 3915; x_wconf 85' lang='lat' dir='ltr'><strong>est</strong></span> <span class='ocrx_word' id='word_1_276' title='bbox 538 3869 974 3915; x_wconf 86' lang='lat' dir='ltr'><strong>consentaneus.</strong></span> <span class='ocrx_word' id='word_1_277' title='bbox 1004 3863 1355 3932; x_wconf 86' lang='lat' dir='ltr'><strong>Accipientes</strong></span> <span class='ocrx_word' id='word_1_278' title='bbox 1379 3863 1560 3932; x_wconf 90' lang='lat' dir='ltr'><strong>itaque</strong></span> <span class='ocrx_word' id='word_1_279' title='bbox 1588 3862 1657 3919; x_wconf 87' lang='lat' dir='ltr'><strong>ab</strong></span> <span class='ocrx_word' id='word_1_280' title='bbox 1689 3863 1806 3934; x_wconf 91' lang='lat' dir='ltr'><strong>ipso</strong></span> <span class='ocrx_word' id='word_1_281' title='bbox 1835 3863 2009 3916; x_wconf 86' lang='lat' dir='ltr'><strong>virtu-</strong></span> 
     </span>
    </p>
   </div>
   <div class='ocr_carea' id='block_1_43' title="bbox 425 3953 2015 4023">
    <p class='ocr_par' dir='ltr' id='par_1_43' title="bbox 425 3953 2015 4023">
     <span class='ocr_line' id='line_1_43' title="bbox 425 3953 2015 4023; baseline 0.004 -19"><span class='ocrx_word' id='word_1_282' title='bbox 425 3963 560 4016; x_wconf 86' lang='lat' dir='ltr'><strong>tem,</strong></span> <span class='ocrx_word' id='word_1_283' title='bbox 595 3953 987 4023; x_wconf 87' lang='lat' dir='ltr'><strong>progredimur</strong></span> <span class='ocrx_word' id='word_1_284' title='bbox 1033 3956 1100 4008; x_wconf 85' lang='lat' dir='ltr'><strong>ad</strong></span> <span class='ocrx_word' id='word_1_285' title='bbox 1150 3955 1475 4010; x_wconf 77' lang='lat' dir='ltr'><strong>bierarcbizn</strong></span> <span class='ocrx_word' id='word_1_286' title='bbox 1525 3955 1861 4010; x_wconf 89' lang='lat' dir='ltr'><strong>functionem</strong></span> <span class='ocrx_word' id='word_1_287' title='bbox 1905 3974 1919 4010; x_wconf 89' lang='lat'><strong>:</strong></span> <span class='ocrx_word' id='word_1_288' title='bbox 1961 3967 2015 4010; x_wconf 87' lang='lat' dir='ltr'><strong>et</strong></span> 
     </span>
    </p>
   </div>
   <div class='ocr_carea' id='block_1_44' title="bbox 422 4045 2013 4120">
    <p class='ocr_par' dir='ltr' id='par_1_44' title="bbox 422 4045 2013 4120">
     <span class='ocr_line' id='line_1_44' title="bbox 422 4045 2013 4120; baseline 0 -20"><span class='ocrx_word' id='word_1_289' title='bbox 422 4045 526 4100; x_wconf 85' lang='lat' dir='ltr'><strong>hoc</strong></span> <span class='ocrx_word' id='word_1_290' title='bbox 559 4047 721 4100; x_wconf 91' lang='lat' dir='ltr'><strong>modo</strong></span> <span class='ocrx_word' id='word_1_291' title='bbox 749 4047 959 4100; x_wconf 88' lang='lat' dir='ltr'><strong>sanctis</strong></span> <span class='ocrx_word' id='word_1_292' title='bbox 1008 4046 1216 4116; x_wconf 84' lang='lat' dir='ltr'><strong>angelis</strong></span> <span class='ocrx_word' id='word_1_293' title='bbox 1252 4048 1737 4120; x_wconf 74' lang='lat' dir='ltr'><strong>approximamus,</strong></span> <span class='ocrx_word' id='word_1_294' title='bbox 1766 4049 2013 4103; x_wconf 86' lang='lat' dir='ltr'><strong>illorum-</strong></span> 
     </span>
    </p>
   </div>
   <div class='ocr_carea' id='block_1_45' title="bbox 423 4139 2014 4211">
    <p class='ocr_par' dir='ltr' id='par_1_45' title="bbox 423 4139 2014 4211">
     <span class='ocr_line' id='line_1_45' title="bbox 423 4139 2014 4211; baseline 0.001 -16"><span class='ocrx_word' id='word_1_295' title='bbox 423 4151 530 4204; x_wconf 81' lang='lat' dir='ltr'><strong>que</strong></span> <span class='ocrx_word' id='word_1_296' title='bbox 577 4153 680 4208; x_wconf 88' lang='lat' dir='ltr'><strong>ope</strong></span> <span class='ocrx_word' id='word_1_297' title='bbox 717 4139 783 4193; x_wconf 90' lang='lat' dir='ltr'><strong>ad</strong></span> <span class='ocrx_word' id='word_1_298' title='bbox 833 4139 1285 4209; x_wconf 69' lang='lat' dir='ltr'><strong>divinamJucem</strong></span> <span class='ocrx_word' id='word_1_299' title='bbox 1325 4140 1731 4211; x_wconf 88' lang='lat' dir='ltr'><strong>suspicientes,</strong></span> <span class='ocrx_word' id='word_1_300' title='bbox 1775 4142 2014 4210; x_wconf 87' lang='lat' dir='ltr'><strong>indeque</strong></span> 
     </span>
    </p>
   </div>
   <div class='ocr_carea' id='block_1_46' title="bbox 423 4233 2017 4307">
    <p class='ocr_par' dir='ltr' id='par_1_46' title="bbox 423 4233 2017 4307">
     <span class='ocr_line' id='line_1_46' title="bbox 423 4233 2017 4307; baseline 0.003 -21"><span class='ocrx_word' id='word_1_301' title='bbox 423 4233 652 4287; x_wconf 73' lang='lat' dir='ltr'><strong>scientia</strong></span> <span class='ocrx_word' id='word_1_302' title='bbox 679 4235 1013 4304; x_wconf 86' lang='lat' dir='ltr'><strong>cognitionis</strong></span> <span class='ocrx_word' id='word_1_303' title='bbox 1037 4235 1478 4305; x_wconf 84' lang='lat' dir='ltr'><strong>spectaculorum</strong></span> <span class='ocrx_word' id='word_1_304' title='bbox 1502 4234 1761 4290; x_wconf 87' lang='lat' dir='ltr'><strong>illustrati</strong></span> <span class='ocrx_word' id='word_1_305' title='bbox 1784 4238 2017 4307; x_wconf 86' lang='lat' dir='ltr'><strong>(specta-</strong></span> 
     </span>
    </p>
   </div>
   <div class='ocr_carea' id='block_1_47' title="bbox 423 4326 2014 4400">
    <p class='ocr_par' dir='ltr' id='par_1_47' title="bbox 423 4326 2014 4400">
     <span class='ocr_line' id='line_1_47' title="bbox 423 4326 2014 4400; baseline 0.003 -21"><span class='ocrx_word' id='word_1_306' title='bbox 423 4326 546 4386; x_wconf 84' lang='lat' dir='ltr'><strong>cula</strong></span> <span class='ocrx_word' id='word_1_307' title='bbox 595 4337 776 4380; x_wconf 89' lang='lat' dir='ltr'><strong>autem</strong></span> <span class='ocrx_word' id='word_1_308' title='bbox 811 4339 971 4384; x_wconf 87' lang='lat' dir='ltr'><strong>vocat</strong></span> <span class='ocrx_word' id='word_1_309' title='bbox 1005 4329 1288 4384; x_wconf 89' lang='lat' dir='ltr'><strong>doctrinas</strong></span> <span class='ocrx_word' id='word_1_310' title='bbox 1332 4329 1397 4383; x_wconf 90' lang='lat' dir='ltr'><strong>de</strong></span> <span class='ocrx_word' id='word_1_311' title='bbox 1434 4329 1576 4394; x_wconf 87' lang='lat' dir='ltr'><strong>Deo,</strong></span> <span class='ocrx_word' id='word_1_312' title='bbox 1625 4345 1747 4400; x_wconf 82' lang='lat' dir='ltr'><strong>quae</strong></span> <span class='ocrx_word' id='word_1_313' title='bbox 1793 4347 1900 4384; x_wconf 91' lang='lat' dir='ltr'><strong>non</strong></span> <span class='ocrx_word' id='word_1_314' title='bbox 1948 4347 2014 4384; x_wconf 80' lang='lat' dir='ltr'><strong>ex</strong></span> 
     </span>
    </p>
   </div>
   <div class='ocr_carea' id='block_1_48' title="bbox 425 4422 2014 4489">
    <p class='ocr_par' dir='ltr' id='par_1_48' title="bbox 425 4422 2014 4489">
     <span class='ocr_line' id='line_1_48' title="bbox 425 4422 2014 4489; baseline 0.003 -14"><span class='ocrx_word' id='word_1_315' title='bbox 425 4422 568 4476; x_wconf 89' lang='lat' dir='ltr'><strong>nudo</strong></span> <span class='ocrx_word' id='word_1_316' title='bbox 597 4423 886 4478; x_wconf 89' lang='lat' dir='ltr'><strong>verborum</strong></span> <span class='ocrx_word' id='word_1_317' title='bbox 937 4423 1151 4489; x_wconf 89' lang='lat' dir='ltr'><strong>auditu,</strong></span> <span class='ocrx_word' id='word_1_318' title='bbox 1185 4424 1271 4480; x_wconf 92' lang='lat' dir='ltr'><strong>vel</strong></span> <span class='ocrx_word' id='word_1_319' title='bbox 1306 4439 1594 4479; x_wconf 79' lang='lat' dir='ltr'><strong>sacrarum</strong></span> <span class='ocrx_word' id='word_1_320' title='bbox 1642 4427 2014 4480; x_wconf 88' lang='lat' dir='ltr'><strong>doctrinarum</strong></span> 
     </span>
    </p>
   </div>
   <div class='ocr_carea' id='block_1_49' title="bbox 2117 525 3678 601">
    <p class='ocr_par' dir='ltr' id='par_1_49' title="bbox 2117 525 3678 601">
     <span class='ocr_line' id='line_1_49' title="bbox 2117 525 3678 601; baseline 0.004 -24"><span class='ocrx_word' id='word_1_321' title='bbox 2117 525 2224 578; x_wconf 85' lang='grc' dir='ltr'><strong>τῶν</strong></span> <span class='ocrx_word' id='word_1_322' title='bbox 2267 525 2426 578; x_wconf 80' lang='grc' dir='ltr'>θείων</span> <span class='ocrx_word' id='word_1_323' title='bbox 2461 525 2706 590; x_wconf 75' lang='grc' dir='ltr'>ἐκείνων,</span> <span class='ocrx_word' id='word_1_324' title='bbox 2744 527 2840 580; x_wconf 69' lang='grc' dir='ltr'><strong>καὶ</strong></span> <span class='ocrx_word' id='word_1_325' title='bbox 2885 530 3002 580; x_wconf 88' lang='grc' dir='ltr'>κατ’</span> <span class='ocrx_word' id='word_1_326' title='bbox 3032 529 3244 600; x_wconf 84' lang='grc' dir='ltr'>ἐκείνην</span> <span class='ocrx_word' id='word_1_327' title='bbox 3267 529 3364 600; x_wconf 78' lang='grc' dir='ltr'><strong>τὴν</strong></span> <span class='ocrx_word' id='word_1_328' title='bbox 3397 528 3546 601; x_wconf 77' lang='grc' dir='ltr'>ἱερὰν</span> <span class='ocrx_word' id='word_1_329' title='bbox 3568 531 3678 584; x_wconf 83' lang='grc' dir='ltr'>ἐπι-</span> 
     </span>
    </p>
   </div>
   <div class='ocr_carea' id='block_1_50' title="bbox 2119 619 3678 696">
    <p class='ocr_par' dir='ltr' id='par_1_50' title="bbox 2119 619 3678 696">
     <span class='ocr_line' id='line_1_50' title="bbox 2119 619 3678 696; baseline 0.004 -25"><span class='ocrx_word' id='word_1_330' title='bbox 2119 621 2216 690; x_wconf 84' lang='grc' dir='ltr'><strong>στή</strong></span> <span class='ocrx_word' id='word_1_331' title='bbox 2227 637 2334 690; x_wconf 88' lang='grc' dir='ltr'><strong>μην</strong></span> <span class='ocrx_word' id='word_1_332' title='bbox 2367 622 2461 672; x_wconf 72' lang='grc' dir='ltr'><strong>καὶ</strong></span> <span class='ocrx_word' id='word_1_333' title='bbox 2489 620 2768 691; x_wconf 77' lang='grc' dir='ltr'>ἐνέργειαν</span> <span class='ocrx_word' id='word_1_334' title='bbox 2796 619 2952 685; x_wconf 78' lang='grc' dir='ltr'>θεοὺς</span> <span class='ocrx_word' id='word_1_335' title='bbox 2992 622 3246 675; x_wconf 84' lang='grc' dir='ltr'>ἀποτελεί</span> <span class='ocrx_word' id='word_1_336' title='bbox 3277 624 3402 687; x_wconf 74' lang='grc' dir='ltr'>τοὺς</span> <span class='ocrx_word' id='word_1_337' title='bbox 3436 624 3678 696; x_wconf 79' lang='grc' dir='ltr'><strong>μετόχους</strong></span> 
     </span>
    </p>
   </div>
   <div class='ocr_carea' id='block_1_51' title="bbox 2114 713 3679 786">
    <p class='ocr_par' dir='ltr' id='par_1_51' title="bbox 2114 713 3679 786">
     <span class='ocr_line' id='line_1_51' title="bbox 2114 713 3679 786; baseline 0.002 -20"><span class='ocrx_word' id='word_1_338' title='bbox 2114 713 2284 781; x_wconf 73' lang='grc' dir='ltr'>αὐτῆς</span> <span class='ocrx_word' id='word_1_339' title='bbox 2320 714 2414 766; x_wconf 77' lang='lat' dir='ltr'><strong>xai.</strong></span> <span class='ocrx_word' id='word_1_340' title='bbox 2442 713 2670 778; x_wconf 86' lang='grc' dir='ltr'>τελειοῖ,</span> <span class='ocrx_word' id='word_1_341' title='bbox 2708 715 2771 766; x_wconf 85' lang='grc' dir='ltr'><strong>ἐκ</strong></span> <span class='ocrx_word' id='word_1_342' title='bbox 2813 713 2922 767; x_wconf 91' lang='grc' dir='ltr'><strong>τῶν</strong></span> <span class='ocrx_word' id='word_1_343' title='bbox 2966 717 3269 784; x_wconf 84' lang='grc' dir='ltr'>ἱερωτάτων</span> <span class='ocrx_word' id='word_1_344' title='bbox 3301 715 3531 786; x_wconf 67' lang='grc' dir='ltr'>Γραφῶν</span> <span class='ocrx_word' id='word_1_345' title='bbox 3561 717 3679 769; x_wconf 86' lang='grc' dir='ltr'>ἀπο-</span> 
     </span>
    </p>
   </div>
   <div class='ocr_carea' id='block_1_52' title="bbox 2113 804 3677 877">
    <p class='ocr_par' dir='ltr' id='par_1_52' title="bbox 2113 804 3677 877">
     <span class='ocr_line' id='line_1_52' title="bbox 2113 804 3677 877; baseline 0.001 -19"><span class='ocrx_word' id='word_1_346' title='bbox 2113 804 2280 868; x_wconf 81' lang='grc' dir='ltr'>δεῖξαι</span> <span class='ocrx_word' id='word_1_347' title='bbox 2324 806 2427 876; x_wconf 83' lang='grc' dir='ltr'><strong>χρή</strong></span> <span class='ocrx_word' id='word_1_348' title='bbox 2451 822 2463 837; x_wconf 80' lang='grc'><strong><em>⁸</em></strong></span> <span class='ocrx_word' id='word_1_349' title='bbox 2494 805 2608 858; x_wconf 85' lang='grc' dir='ltr'>ἀλλ’</span> <span class='ocrx_word' id='word_1_350' title='bbox 2637 805 2697 857; x_wconf 83' lang='grc' dir='ltr'><strong>ού</strong></span> <span class='ocrx_word' id='word_1_351' title='bbox 2740 806 2957 870; x_wconf 88' lang='grc' dir='ltr'>πάντως</span> <span class='ocrx_word' id='word_1_352' title='bbox 2989 809 3173 870; x_wconf 80' lang='grc' dir='ltr'>πᾶσιν,</span> <span class='ocrx_word' id='word_1_353' title='bbox 3201 807 3336 860; x_wconf 73' lang='grc' dir='ltr'>ἀλλὰ</span> <span class='ocrx_word' id='word_1_354' title='bbox 3371 807 3548 877; x_wconf 84' lang='grc' dir='ltr'>μόνοις</span> <span class='ocrx_word' id='word_1_355' title='bbox 3579 812 3677 871; x_wconf 83' lang='grc' dir='ltr'>τοῖς</span> 
     </span>
    </p>
   </div>
   <div class='ocr_carea' id='block_1_53' title="bbox 2109 899 3675 970">
    <p class='ocr_par' dir='ltr' id='par_1_53' title="bbox 2109 899 3675 970">
     <span class='ocr_line' id='line_1_53' title="bbox 2109 899 3675 970; baseline 0.001 -18"><span class='ocrx_word' id='word_1_356' title='bbox 2109 899 2432 970; x_wconf 74' lang='grc' dir='ltr'><strong>ἠξιωμένοις</strong></span> <span class='ocrx_word' id='word_1_357' title='bbox 2461 899 2558 970; x_wconf 85' lang='grc' dir='ltr'>τῆς</span> <span class='ocrx_word' id='word_1_358' title='bbox 2592 899 2847 970; x_wconf 81' lang='grc' dir='ltr'><strong>τοιαύτης</strong></span> <span class='ocrx_word' id='word_1_359' title='bbox 2889 901 3276 970; x_wconf 88' lang='grc' dir='ltr'>μυσταγωγίας</span> <span class='ocrx_word' id='word_1_360' title='bbox 3314 899 3400 953; x_wconf 80' lang='grc' dir='ltr'>διὰ</span> <span class='ocrx_word' id='word_1_361' title='bbox 3425 901 3521 970; x_wconf 75' lang='grc' dir='ltr'>τῆς</span> <span class='ocrx_word' id='word_1_362' title='bbox 3554 903 3675 953; x_wconf 73' lang='grc' dir='ltr'>ἀπο-</span> 
     </span>
    </p>
   </div>
   <div class='ocr_carea' id='block_1_54' title="bbox 2116 993 3677 1066">
    <p class='ocr_par' dir='ltr' id='par_1_54' title="bbox 2116 993 3677 1066">
     <span class='ocr_line' id='line_1_54' title="bbox 2116 993 3677 1066; baseline 0.003 -21"><span class='ocrx_word' id='word_1_363' title='bbox 2116 993 2317 1047; x_wconf 81' lang='grc' dir='ltr'>στόλων</span> <span class='ocrx_word' id='word_1_364' title='bbox 2341 994 2714 1065; x_wconf 86' lang='grc' dir='ltr'>παραδόσεως.</span> <span class='ocrx_word' id='word_1_365' title='bbox 2753 995 2825 1048; x_wconf 80' lang='grc' dir='ltr'>Σὺ</span> <span class='ocrx_word' id='word_1_366' title='bbox 2859 993 2914 1047; x_wconf 88' lang='grc' dir='ltr'><strong>δέ</strong></span> <span class='ocrx_word' id='word_1_367' title='bbox 2956 995 3167 1057; x_wconf 85' lang='grc' dir='ltr'>σκόπει,</span> <span class='ocrx_word' id='word_1_368' title='bbox 3198 995 3309 1066; x_wconf 79' lang='grc' dir='ltr'>ἱερέ</span> <span class='ocrx_word' id='word_1_369' title='bbox 3337 999 3453 1060; x_wconf 85' lang='grc' dir='ltr'>παῖ,</span> <span class='ocrx_word' id='word_1_370' title='bbox 3492 996 3523 1066; x_wconf 76' lang='grc' dir='ltr'>ἢ</span> <span class='ocrx_word' id='word_1_371' title='bbox 3549 997 3677 1049; x_wconf 77' lang='grc' dir='ltr'><strong>κατά</strong></span> 
     </span>
    </p>
   </div>
   <div class='ocr_carea' id='block_1_55' title="bbox 2111 1085 3678 1160">
    <p class='ocr_par' dir='ltr' id='par_1_55' title="bbox 2111 1085 3678 1160">
     <span class='ocr_line' id='line_1_55' title="bbox 2111 1085 3678 1160; baseline 0.003 -21"><span class='ocrx_word' id='word_1_372' title='bbox 2111 1085 2171 1140; x_wconf 80' lang='grc' dir='ltr'><strong>τὸ</strong></span> <span class='ocrx_word' id='word_1_373' title='bbox 2205 1087 2486 1158; x_wconf 80' lang='grc' dir='ltr'>νεώτερον,</span> <span class='ocrx_word' id='word_1_374' title='bbox 2517 1088 2550 1160; x_wconf 83' lang='grc' dir='ltr'>ἦ</span> <span class='ocrx_word' id='word_1_375' title='bbox 2577 1087 2718 1141; x_wconf 76' lang='grc' dir='ltr'>κατὰ</span> <span class='ocrx_word' id='word_1_376' title='bbox 2750 1088 2849 1160; x_wconf 81' lang='grc' dir='ltr'>τὴν</span> <span class='ocrx_word' id='word_1_377' title='bbox 2876 1088 3028 1156; x_wconf 77' lang='grc' dir='ltr'>τάξιν</span> <span class='ocrx_word' id='word_1_378' title='bbox 3054 1089 3152 1159; x_wconf 74' lang='grc' dir='ltr'><strong>τῆς</strong></span> <span class='ocrx_word' id='word_1_379' title='bbox 3185 1088 3528 1152; x_wconf 74' lang='grc' dir='ltr'><strong>διδασκαλίας</strong></span> <span class='ocrx_word' id='word_1_380' title='bbox 3555 1090 3678 1160; x_wconf 64' lang='grc' dir='ltr'><strong>(ποι⁸</strong></span> 
     </span>
    </p>
   </div>
   <div class='ocr_carea' id='block_1_56' title="bbox 2110 1179 3675 1252">
    <p class='ocr_par' dir='ltr' id='par_1_56' title="bbox 2110 1179 3675 1252">
     <span class='ocr_line' id='line_1_56' title="bbox 2110 1179 3675 1252; baseline 0 -21"><span class='ocrx_word' id='word_1_381' title='bbox 2110 1179 2266 1249; x_wconf 84' lang='grc' dir='ltr'>τέρες</span> <span class='ocrx_word' id='word_1_382' title='bbox 2325 1179 2433 1252; x_wconf 74' lang='grc' dir='ltr'>γὰρ</span> <span class='ocrx_word' id='word_1_383' title='bbox 2491 1182 2538 1232; x_wconf 82' lang='grc' dir='ltr'>οἱ</span> <span class='ocrx_word' id='word_1_384' title='bbox 2598 1179 2977 1252; x_wconf 84' lang='grc' dir='ltr'>διδάσκαλοι),</span> <span class='ocrx_word' id='word_1_385' title='bbox 3027 1181 3174 1244; x_wconf 85' lang='grc' dir='ltr'>ὅπως</span> <span class='ocrx_word' id='word_1_386' title='bbox 3229 1181 3302 1251; x_wconf 79' lang='grc' dir='ltr'>μὴ</span> <span class='ocrx_word' id='word_1_387' title='bbox 3356 1181 3675 1249; x_wconf 78' lang='grc' dir='ltr'>παιγνιωδῶς</span> 
     </span>
    </p>
   </div>
   <div class='ocr_carea' id='block_1_57' title="bbox 2114 1272 3677 1346">
    <p class='ocr_par' dir='ltr' id='par_1_57' title="bbox 2114 1272 3677 1346">
     <span class='ocr_line' id='line_1_57' title="bbox 2114 1272 3677 1346; baseline 0.001 -23"><span class='ocrx_word' id='word_1_388' title='bbox 2114 1272 2206 1324; x_wconf 78' lang='grc' dir='ltr'>καὶ</span> <span class='ocrx_word' id='word_1_389' title='bbox 2243 1273 2557 1338; x_wconf 75' lang='grc' dir='ltr'>ἀνευλαϐῶς</span> <span class='ocrx_word' id='word_1_390' title='bbox 2607 1274 2841 1345; x_wconf 80' lang='grc' dir='ltr'>ποιήσῃς</span> <span class='ocrx_word' id='word_1_391' title='bbox 2883 1276 2999 1338; x_wconf 86' lang='grc' dir='ltr'>τοῖς</span> <span class='ocrx_word' id='word_1_392' title='bbox 3041 1275 3277 1346; x_wconf 84' lang='grc' dir='ltr'>ἀνιέροις</span> <span class='ocrx_word' id='word_1_393' title='bbox 3313 1275 3587 1344; x_wconf 63' lang='grc' dir='ltr'>καταφανῆ</span> <span class='ocrx_word' id='word_1_394' title='bbox 3620 1273 3677 1324; x_wconf 72' lang='grc' dir='ltr'>τὰ</span> 
     </span>
    </p>
   </div>
   <div class='ocr_carea' id='block_1_58' title="bbox 2110 1365 3674 1440">
    <p class='ocr_par' dir='ltr' id='par_1_58' title="bbox 2110 1365 3674 1440">
     <span class='ocr_line' id='line_1_58' title="bbox 2110 1365 3674 1440; baseline 0.003 -25"><span class='ocrx_word' id='word_1_395' title='bbox 2110 1365 2333 1418; x_wconf 86' lang='grc' dir='ltr'>τοιαῦτα</span> <span class='ocrx_word' id='word_1_396' title='bbox 2363 1369 2665 1438; x_wconf 76' lang='grc' dir='ltr'><strong>μυστήρια,</strong></span> <span class='ocrx_word' id='word_1_397' title='bbox 2697 1367 2932 1436; x_wconf 83' lang='grc' dir='ltr'><strong>γέλωτος</strong></span> <span class='ocrx_word' id='word_1_398' title='bbox 2967 1368 3220 1440; x_wconf 81' lang='grc' dir='ltr'>ἀφορμὴν</span> <span class='ocrx_word' id='word_1_399' title='bbox 3248 1367 3582 1438; x_wconf 85' lang='grc' dir='ltr'>ποιουμένοις</span> <span class='ocrx_word' id='word_1_400' title='bbox 3616 1365 3674 1417; x_wconf 77' lang='grc' dir='ltr'><strong>τὰ</strong></span> 
     </span>
    </p>
   </div>
   <div class='ocr_carea' id='block_1_59' title="bbox 2113 1453 3674 1530">
    <p class='ocr_par' dir='ltr' id='par_1_59' title="bbox 2113 1453 3674 1530">
     <span class='ocr_line' id='line_1_59' title="bbox 2113 1453 3674 1530; baseline 0.002 -22"><span class='ocrx_word' id='word_1_401' title='bbox 2113 1453 2232 1508; x_wconf 89' lang='grc' dir='ltr'>θεῖα</span> <span class='ocrx_word' id='word_1_402' title='bbox 2260 1457 2353 1509; x_wconf 74' lang='grc' dir='ltr'><strong>καὶ</strong></span> <span class='ocrx_word' id='word_1_403' title='bbox 2381 1459 2645 1527; x_wconf 79' lang='grc' dir='ltr'>μυστικά·</span> <span class='ocrx_word' id='word_1_404' title='bbox 2675 1457 2810 1510; x_wconf 74' lang='grc' dir='ltr'>ἀλλὰ</span> <span class='ocrx_word' id='word_1_405' title='bbox 2835 1459 3062 1530; x_wconf 77' lang='grc' dir='ltr'>τίμησον</span> <span class='ocrx_word' id='word_1_406' title='bbox 3085 1458 3245 1520; x_wconf 74' lang='grc' dir='ltr'>αὐτὰ,</span> <span class='ocrx_word' id='word_1_407' title='bbox 3263 1457 3410 1511; x_wconf 87' lang='grc' dir='ltr'>ῶσπε</span> <span class='ocrx_word' id='word_1_408' title='bbox 3421 1476 3450 1530; x_wconf 91' lang='grc' dir='ltr'><strong>ρ</strong></span> <span class='ocrx_word' id='word_1_409' title='bbox 3473 1458 3621 1527; x_wconf 89' lang='grc' dir='ltr'>λόγον</span> <span class='ocrx_word' id='word_1_410' title='bbox 3642 1463 3674 1516; x_wconf 79' lang='grc'>⁸,</span> 
     </span>
    </p>
   </div>
   <div class='ocr_carea' id='block_1_60' title="bbox 2113 1548 3677 1622">
    <p class='ocr_par' dir='ltr' id='par_1_60' title="bbox 2113 1548 3677 1622">
     <span class='ocr_line' id='line_1_60' title="bbox 2113 1548 3677 1622; baseline 0.001 -23"><span class='ocrx_word' id='word_1_411' title='bbox 2113 1552 2179 1619; x_wconf 81' lang='grc' dir='ltr'>τῇ</span> <span class='ocrx_word' id='word_1_412' title='bbox 2229 1551 2428 1619; x_wconf 83' lang='grc' dir='ltr'>σιωπῇ.</span> <span class='ocrx_word' id='word_1_413' title='bbox 2469 1551 2531 1602; x_wconf 71' lang='lat' dir='ltr'><strong>Et</strong></span> <span class='ocrx_word' id='word_1_414' title='bbox 2574 1549 2631 1602; x_wconf 88' lang='grc' dir='ltr'><strong>δέ</strong></span> <span class='ocrx_word' id='word_1_415' title='bbox 2680 1568 2780 1604; x_wconf 86' lang='grc' dir='ltr'><strong>που</strong></span> <span class='ocrx_word' id='word_1_416' title='bbox 2828 1552 2922 1606; x_wconf 74' lang='grc' dir='ltr'>καὶ</span> <span class='ocrx_word' id='word_1_417' title='bbox 2963 1550 3144 1622; x_wconf 87' lang='grc' dir='ltr'>δεήσει</span> <span class='ocrx_word' id='word_1_418' title='bbox 3190 1548 3571 1611; x_wconf 76' lang='grc' dir='ltr'>κοινώσασθαι,</span> <span class='ocrx_word' id='word_1_419' title='bbox 3614 1552 3677 1620; x_wconf 68' lang='grc' dir='ltr'><strong>μή</strong></span> 
     </span>
    </p>
   </div>
   <div class='ocr_carea' id='block_1_61' title="bbox 2110 1639 3677 1712">
    <p class='ocr_par' dir='ltr' id='par_1_61' title="bbox 2110 1639 3677 1712">
     <span class='ocr_line' id='line_1_61' title="bbox 2110 1639 3677 1712; baseline 0.001 -22"><span class='ocrx_word' id='word_1_420' title='bbox 2110 1641 2223 1700; x_wconf 87' lang='grc' dir='ltr'>τοῖς</span> <span class='ocrx_word' id='word_1_421' title='bbox 2260 1639 2565 1703; x_wconf 76' lang='grc' dir='ltr'>ἀτελέστοις</span> <span class='ocrx_word' id='word_1_422' title='bbox 2597 1640 2800 1694; x_wconf 79' lang='grc' dir='ltr'>τούτων</span> <span class='ocrx_word' id='word_1_423' title='bbox 2845 1639 3124 1705; x_wconf 85' lang='grc' dir='ltr'>κοινώνει,</span> <span class='ocrx_word' id='word_1_424' title='bbox 3175 1639 3310 1694; x_wconf 78' lang='grc' dir='ltr'>ἀλλὰ</span> <span class='ocrx_word' id='word_1_425' title='bbox 3355 1643 3463 1704; x_wconf 86' lang='grc' dir='ltr'>τοῖς</span> <span class='ocrx_word' id='word_1_426' title='bbox 3506 1643 3677 1712; x_wconf 81' lang='grc' dir='ltr'>ἱεροῖς,</span> 
     </span>
    </p>
   </div>
   <div class='ocr_carea' id='block_1_62' title="bbox 2114 1731 3676 1806">
    <p class='ocr_par' dir='ltr' id='par_1_62' title="bbox 2114 1731 3676 1806">
     <span class='ocr_line' id='line_1_62' title="bbox 2114 1731 3676 1806; baseline 0 -22"><span class='ocrx_word' id='word_1_427' title='bbox 2114 1732 2389 1796; x_wconf 85' lang='grc' dir='ltr'>κάκείνοις</span> <span class='ocrx_word' id='word_1_428' title='bbox 2445 1732 2788 1806; x_wconf 78' lang='grc' dir='ltr'>ἱεροπρεπῶς</span> <span class='ocrx_word' id='word_1_429' title='bbox 2839 1733 2932 1786; x_wconf 72' lang='grc' dir='ltr'><strong>καὶ</strong></span> <span class='ocrx_word' id='word_1_430' title='bbox 2987 1731 3105 1804; x_wconf 80' lang='grc' dir='ltr'>μεθ’</span> <span class='ocrx_word' id='word_1_431' title='bbox 3146 1733 3296 1803; x_wconf 78' lang='grc' dir='ltr'>ἱερᾶς</span> <span class='ocrx_word' id='word_1_432' title='bbox 3345 1733 3676 1804; x_wconf 64' lang='grc' dir='ltr'>ἐλλάμψεως,</span> 
     </span>
    </p>
   </div>
   <div class='ocr_carea' id='block_1_63' title="bbox 2116 1823 3678 1896">
    <p class='ocr_par' dir='ltr' id='par_1_63' title="bbox 2116 1823 3678 1896">
     <span class='ocr_line' id='line_1_63' title="bbox 2116 1823 3678 1896; baseline 0 -19"><span class='ocrx_word' id='word_1_433' title='bbox 2116 1826 2190 1896; x_wconf 80' lang='grc' dir='ltr'>μὴ</span> <span class='ocrx_word' id='word_1_434' title='bbox 2216 1825 2567 1896; x_wconf 85' lang='grc' dir='ltr'>ἐναπομένων</span> <span class='ocrx_word' id='word_1_435' title='bbox 2601 1828 2713 1890; x_wconf 89' lang='grc' dir='ltr'>τοῖς</span> <span class='ocrx_word' id='word_1_436' title='bbox 2744 1823 2936 1888; x_wconf 84' lang='grc' dir='ltr'>τύποις</span> <span class='ocrx_word' id='word_1_437' title='bbox 2960 1865 2973 1889; x_wconf 91' lang='grc'><strong>,</strong></span> <span class='ocrx_word' id='word_1_438' title='bbox 3007 1824 3142 1878; x_wconf 79' lang='grc' dir='ltr'>ἀλλὰ</span> <span class='ocrx_word' id='word_1_439' title='bbox 3167 1825 3236 1878; x_wconf 82' lang='grc' dir='ltr'>τὰ</span> <span class='ocrx_word' id='word_1_440' title='bbox 3261 1826 3460 1879; x_wconf 80' lang='grc' dir='ltr'>ἀθέατα</span> <span class='ocrx_word' id='word_1_441' title='bbox 3493 1823 3678 1895; x_wconf 79' lang='grc' dir='ltr'>ἐλλαμ-</span> 
     </span>
    </p>
   </div>
   <div class='ocr_carea' id='block_1_64' title="bbox 2114 1917 3679 1990">
    <p class='ocr_par' dir='ltr' id='par_1_64' title="bbox 2114 1917 3679 1990">
     <span class='ocr_line' id='line_1_64' title="bbox 2114 1917 3679 1990; baseline -0.002 -18"><span class='ocrx_word' id='word_1_442' title='bbox 2114 1920 2345 1989; x_wconf 88' lang='grc' dir='ltr'>πόμενος</span> <span class='ocrx_word' id='word_1_443' title='bbox 2364 1937 2375 1948; x_wconf 89' lang='grc'><strong>·</strong></span> <span class='ocrx_word' id='word_1_444' title='bbox 2406 1919 2546 1973; x_wconf 71' lang='grc' dir='ltr'>οὕτω</span> <span class='ocrx_word' id='word_1_445' title='bbox 2577 1918 2685 1990; x_wconf 78' lang='grc' dir='ltr'>γὰρ</span> <span class='ocrx_word' id='word_1_446' title='bbox 2710 1919 2805 1971; x_wconf 74' lang='grc' dir='ltr'>καὶ</span> <span class='ocrx_word' id='word_1_447' title='bbox 2831 1919 2962 1989; x_wconf 77' lang='grc' dir='ltr'>ἡμῖν</span> <span class='ocrx_word' id='word_1_448' title='bbox 2993 1921 3105 1982; x_wconf 88' lang='grc' dir='ltr'>τοῖς</span> <span class='ocrx_word' id='word_1_449' title='bbox 3147 1919 3274 1990; x_wconf 70' lang='grc' dir='ltr'>περὶ</span> <span class='ocrx_word' id='word_1_450' title='bbox 3313 1919 3381 1971; x_wconf 77' lang='grc' dir='ltr'>τὰ</span> <span class='ocrx_word' id='word_1_451' title='bbox 3418 1917 3529 1971; x_wconf 88' lang='grc' dir='ltr'>θεῖα</span> <span class='ocrx_word' id='word_1_452' title='bbox 3569 1919 3679 1969; x_wconf 84' lang='grc' dir='ltr'>ἐπε-</span> 
     </span>
    </p>
   </div>
   <div class='ocr_carea' id='block_1_65' title="bbox 2114 2009 3680 2082">
    <p class='ocr_par' dir='ltr' id='par_1_65' title="bbox 2114 2009 3680 2082">
     <span class='ocr_line' id='line_1_65' title="bbox 2114 2009 3680 2082; baseline 0 -22"><span class='ocrx_word' id='word_1_453' title='bbox 2114 2009 2500 2081; x_wconf 86' lang='grc' dir='ltr'>στραμμένοις,</span> <span class='ocrx_word' id='word_1_454' title='bbox 2528 2010 2560 2082; x_wconf 80' lang='grc' dir='ltr'><strong>ἢ</strong></span> <span class='ocrx_word' id='word_1_455' title='bbox 2585 2009 2653 2062; x_wconf 80' lang='grc' dir='ltr'>τὰ</span> <span class='ocrx_word' id='word_1_456' title='bbox 2677 2009 2795 2062; x_wconf 88' lang='grc' dir='ltr'>θεῖα</span> <span class='ocrx_word' id='word_1_457' title='bbox 2830 2009 3013 2081; x_wconf 80' lang='grc' dir='ltr'>ᾅδουσι</span> <span class='ocrx_word' id='word_1_458' title='bbox 3053 2011 3338 2082; x_wconf 82' lang='grc' dir='ltr'>χορευταῖς</span> <span class='ocrx_word' id='word_1_459' title='bbox 3357 2049 3370 2072; x_wconf 93' lang='grc'><strong>,</strong></span> <span class='ocrx_word' id='word_1_460' title='bbox 3400 2009 3680 2080; x_wconf 63' lang='grc' dir='ltr'>παρεδόθη-</span> 
     </span>
    </p>
   </div>
   <div class='ocr_carea' id='block_1_66' title="bbox 2115 2098 3678 2172">
    <p class='ocr_par' dir='ltr' id='par_1_66' title="bbox 2115 2098 3678 2172">
     <span class='ocr_line' id='line_1_66' title="bbox 2115 2098 3678 2172; baseline 0.001 -20"><span class='ocrx_word' id='word_1_461' title='bbox 2115 2118 2229 2153; x_wconf 86' lang='grc' dir='ltr'>σαν.</span> <span class='ocrx_word' id='word_1_462' title='bbox 2282 2101 2391 2154; x_wconf 76' lang='grc' dir='ltr'>Καὶ</span> <span class='ocrx_word' id='word_1_463' title='bbox 2439 2101 2600 2164; x_wconf 80' lang='grc' dir='ltr'>αυτὸς</span> <span class='ocrx_word' id='word_1_464' title='bbox 2657 2103 2685 2154; x_wconf 89' lang='grc' dir='ltr'><strong>ό</strong></span> <span class='ocrx_word' id='word_1_465' title='bbox 2731 2098 3169 2172; x_wconf 83' lang='grc' dir='ltr'>θεαρχικὼτατος</span> <span class='ocrx_word' id='word_1_466' title='bbox 3223 2100 3347 2164; x_wconf 90' lang='grc' dir='ltr'>νοῦς</span> <span class='ocrx_word' id='word_1_467' title='bbox 3395 2102 3422 2154; x_wconf 85' lang='grc' dir='ltr'>ὁ</span> <span class='ocrx_word' id='word_1_468' title='bbox 3471 2101 3678 2170; x_wconf 78' lang='grc' dir='ltr'>Θεὸς,ἡ</span> 
     </span>
    </p>
   </div>
   <div class='ocr_carea' id='block_1_67' title="bbox 2113 2193 3679 2266">
    <p class='ocr_par' dir='ltr' id='par_1_67' title="bbox 2113 2193 3679 2266">
     <span class='ocr_line' id='line_1_67' title="bbox 2113 2193 3679 2266; baseline 0 -19"><span class='ocrx_word' id='word_1_469' title='bbox 2113 2194 2294 2263; x_wconf 78' lang='grc' dir='ltr'>πάσης</span> <span class='ocrx_word' id='word_1_470' title='bbox 2336 2193 2644 2264; x_wconf 80' lang='grc' dir='ltr'>ἁγιωσύνης</span> <span class='ocrx_word' id='word_1_471' title='bbox 2690 2195 2782 2247; x_wconf 75' lang='grc' dir='ltr'><strong>καὶ</strong></span> <span class='ocrx_word' id='word_1_472' title='bbox 2814 2193 3102 2266; x_wconf 80' lang='grc' dir='ltr'>θεουργὶας</span> <span class='ocrx_word' id='word_1_473' title='bbox 3132 2193 3297 2258; x_wconf 82' lang='grc' dir='ltr'>αἰτία,</span> <span class='ocrx_word' id='word_1_474' title='bbox 3346 2194 3493 2265; x_wconf 75' lang='grc' dir='ltr'>(ἐπεὶ</span> <span class='ocrx_word' id='word_1_475' title='bbox 3518 2193 3622 2264; x_wconf 74' lang='grc' dir='ltr'>γὰρ</span> <span class='ocrx_word' id='word_1_476' title='bbox 3652 2194 3679 2261; x_wconf 77' lang='grc' dir='ltr'><strong>ἡ</strong></span> 
     </span>
    </p>
   </div>
   <div class='ocr_carea' id='block_1_68' title="bbox 2115 2286 3680 2359">
    <p class='ocr_par' dir='ltr' id='par_1_68' title="bbox 2115 2286 3680 2359">
     <span class='ocr_line' id='line_1_68' title="bbox 2115 2286 3680 2359; baseline -0.001 -21"><span class='ocrx_word' id='word_1_477' title='bbox 2115 2287 2365 2358; x_wconf 84' lang='grc' dir='ltr'>ἱεραρχία</span> <span class='ocrx_word' id='word_1_478' title='bbox 2393 2288 2670 2357; x_wconf 71' lang='grc' dir='ltr'>ἐπιστήμη</span> <span class='ocrx_word' id='word_1_479' title='bbox 2705 2286 2822 2338; x_wconf 75' lang='grc' dir='ltr'>ἐστὶ</span> <span class='ocrx_word' id='word_1_480' title='bbox 2848 2286 2945 2338; x_wconf 73' lang='grc' dir='ltr'><strong>καὶ</strong></span> <span class='ocrx_word' id='word_1_481' title='bbox 2979 2286 3251 2359; x_wconf 83' lang='grc' dir='ltr'>ἐνέργεια,</span> <span class='ocrx_word' id='word_1_482' title='bbox 3286 2287 3387 2358; x_wconf 83' lang='grc' dir='ltr'>τὴν</span> <span class='ocrx_word' id='word_1_483' title='bbox 3421 2287 3514 2357; x_wconf 83' lang='grc' dir='ltr'><strong>μὲν</strong></span> <span class='ocrx_word' id='word_1_484' title='bbox 3535 2287 3680 2353; x_wconf 73' lang='grc' dir='ltr'><strong>όιγιω⁴</strong></span> 
     </span>
    </p>
   </div>
   <div class='ocr_carea' id='block_1_69' title="bbox 2116 2377 3678 2452">
    <p class='ocr_par' dir='ltr' id='par_1_69' title="bbox 2116 2377 3678 2452">
     <span class='ocr_line' id='line_1_69' title="bbox 2116 2377 3678 2452; baseline 0 -22"><span class='ocrx_word' id='word_1_485' title='bbox 2116 2377 2280 2449; x_wconf 74' lang='grc' dir='ltr'>σύνην</span> <span class='ocrx_word' id='word_1_486' title='bbox 2325 2379 2461 2448; x_wconf 75' lang='grc' dir='ltr'>πρὸς</span> <span class='ocrx_word' id='word_1_487' title='bbox 2494 2380 2592 2450; x_wconf 83' lang='grc' dir='ltr'>τὴν</span> <span class='ocrx_word' id='word_1_488' title='bbox 2621 2380 2932 2452; x_wconf 79' lang='grc' dir='ltr'>ἐπιστήμην</span> <span class='ocrx_word' id='word_1_489' title='bbox 2962 2379 3252 2450; x_wconf 73' lang='grc' dir='ltr'>λαμϐάνει,</span> <span class='ocrx_word' id='word_1_490' title='bbox 3288 2381 3386 2452; x_wconf 80' lang='grc' dir='ltr'><strong>τὴν</strong></span> <span class='ocrx_word' id='word_1_491' title='bbox 3419 2379 3473 2432; x_wconf 82' lang='grc' dir='ltr'>δὲ</span> <span class='ocrx_word' id='word_1_492' title='bbox 3506 2379 3678 2449; x_wconf 84' lang='grc' dir='ltr'>θεουρ-</span> 
     </span>
    </p>
   </div>
   <div class='ocr_carea' id='block_1_70' title="bbox 2113 2470 3680 2545">
    <p class='ocr_par' dir='ltr' id='par_1_70' title="bbox 2113 2470 3680 2545">
     <span class='ocr_line' id='line_1_70' title="bbox 2113 2470 3680 2545; baseline -0.002 -23"><span class='ocrx_word' id='word_1_493' title='bbox 2113 2471 2236 2537; x_wconf 87' lang='grc' dir='ltr'>γίαν</span> <span class='ocrx_word' id='word_1_494' title='bbox 2279 2471 2413 2542; x_wconf 83' lang='grc' dir='ltr'>πρὸς</span> <span class='ocrx_word' id='word_1_495' title='bbox 2455 2472 2552 2542; x_wconf 73' lang='grc' dir='ltr'><strong>τὴν</strong></span> <span class='ocrx_word' id='word_1_496' title='bbox 2599 2471 2910 2545; x_wconf 73' lang='grc' dir='ltr'>ἐνέργειαν)</span> <span class='ocrx_word' id='word_1_497' title='bbox 2946 2474 3067 2536; x_wconf 87' lang='grc' dir='ltr'>ταῖς</span> <span class='ocrx_word' id='word_1_498' title='bbox 3113 2471 3395 2543; x_wconf 73' lang='grc' dir='ltr'>οὐρανίαις</span> <span class='ocrx_word' id='word_1_499' title='bbox 3435 2470 3680 2540; x_wconf 79' lang='grc' dir='ltr'>ἐλλάμπει</span> 
     </span>
    </p>
   </div>
   <div class='ocr_carea' id='block_1_71' title="bbox 2111 2560 3680 2638">
    <p class='ocr_par' dir='ltr' id='par_1_71' title="bbox 2111 2560 3680 2638">
     <span class='ocr_line' id='line_1_71' title="bbox 2111 2560 3680 2638; baseline -0.002 -24"><span class='ocrx_word' id='word_1_500' title='bbox 2111 2562 2371 2634; x_wconf 87' lang='grc' dir='ltr'>δυνάμεσι</span> <span class='ocrx_word' id='word_1_501' title='bbox 2412 2561 2733 2634; x_wconf 84' lang='grc' dir='ltr'>τρανότερόν</span> <span class='ocrx_word' id='word_1_502' title='bbox 2758 2581 2817 2617; x_wconf 88' lang='grc' dir='ltr'><strong>τε</strong></span> <span class='ocrx_word' id='word_1_503' title='bbox 2845 2565 2940 2618; x_wconf 71' lang='grc' dir='ltr'><strong>καὶ</strong></span> <span class='ocrx_word' id='word_1_504' title='bbox 2965 2563 3293 2638; x_wconf 82' lang='grc' dir='ltr'>νοερώτερον</span> <span class='ocrx_word' id='word_1_505' title='bbox 3317 2561 3557 2634; x_wconf 80' lang='grc' dir='ltr'>(νοοῦμεν</span> <span class='ocrx_word' id='word_1_506' title='bbox 3585 2560 3680 2629; x_wconf 71' lang='grc' dir='ltr'><strong>γὰρ</strong></span> 
     </span>
    </p>
   </div>
   <div class='ocr_carea' id='block_1_72' title="bbox 2114 2655 3680 2727">
    <p class='ocr_par' dir='ltr' id='par_1_72' title="bbox 2114 2655 3680 2727">
     <span class='ocr_line' id='line_1_72' title="bbox 2114 2655 3680 2727; baseline -0.003 -17"><span class='ocrx_word' id='word_1_507' title='bbox 2114 2655 2208 2710; x_wconf 75' lang='grc' dir='ltr'><strong>καὶ</strong></span> <span class='ocrx_word' id='word_1_508' title='bbox 2238 2657 2401 2726; x_wconf 78' lang='grc' dir='ltr'>ἡμεῖς</span> <span class='ocrx_word' id='word_1_509' title='bbox 2425 2695 2438 2718; x_wconf 93' lang='grc'><strong>,</strong></span> <span class='ocrx_word' id='word_1_510' title='bbox 2478 2656 2589 2709; x_wconf 77' lang='grc' dir='ltr'>ἀλλ’</span> <span class='ocrx_word' id='word_1_511' title='bbox 2619 2657 2680 2711; x_wconf 78' lang='grc' dir='ltr'><strong>οὐ</strong></span> <span class='ocrx_word' id='word_1_512' title='bbox 2721 2657 2842 2710; x_wconf 81' lang='grc' dir='ltr'>κατ’</span> <span class='ocrx_word' id='word_1_513' title='bbox 2877 2656 3122 2727; x_wconf 85' lang='grc' dir='ltr'>ἐκείνας)</span> <span class='ocrx_word' id='word_1_514' title='bbox 3147 2696 3160 2720; x_wconf 93' lang='grc'><strong>,</strong></span> <span class='ocrx_word' id='word_1_515' title='bbox 3197 2658 3290 2710; x_wconf 77' lang='grc' dir='ltr'><strong>καὶ</strong></span> <span class='ocrx_word' id='word_1_516' title='bbox 3326 2655 3522 2718; x_wconf 84' lang='grc' dir='ltr'>ταύτας</span> <span class='ocrx_word' id='word_1_517' title='bbox 3558 2655 3680 2725; x_wconf 76' lang='grc' dir='ltr'>πρὸς</span> 
     </span>
    </p>
   </div>
   <div class='ocr_carea' id='block_1_73' title="bbox 2112 2746 3678 2820">
    <p class='ocr_par' dir='ltr' id='par_1_73' title="bbox 2112 2746 3678 2820">
     <span class='ocr_line' id='line_1_73' title="bbox 2112 2746 3678 2820; baseline -0.001 -22"><span class='ocrx_word' id='word_1_518' title='bbox 2112 2746 2173 2798; x_wconf 76' lang='grc' dir='ltr'>τὸ</span> <span class='ocrx_word' id='word_1_519' title='bbox 2215 2748 2413 2800; x_wconf 76' lang='grc' dir='ltr'>οἰκεῖον</span> <span class='ocrx_word' id='word_1_520' title='bbox 2473 2746 2620 2817; x_wconf 71' lang='grc' dir='ltr'>φῶς,</span> <span class='ocrx_word' id='word_1_521' title='bbox 2667 2749 2753 2801; x_wconf 84' lang='grc' dir='ltr'><strong>ἵνα</strong></span> <span class='ocrx_word' id='word_1_522' title='bbox 2788 2749 2880 2802; x_wconf 74' lang='grc' dir='ltr'><strong>καὶ</strong></span> <span class='ocrx_word' id='word_1_523' title='bbox 2907 2749 3064 2802; x_wconf 74' lang='grc' dir='ltr'>αὑταὶ</span> <span class='ocrx_word' id='word_1_524' title='bbox 3105 2747 3303 2820; x_wconf 74' lang='grc' dir='ltr'>δηλαδὴ</span> <span class='ocrx_word' id='word_1_525' title='bbox 3349 2748 3472 2810; x_wconf 73' lang='grc' dir='ltr'>τοὺς</span> <span class='ocrx_word' id='word_1_526' title='bbox 3508 2746 3678 2808; x_wconf 77' lang='grc' dir='ltr'>ἄλλους</span> 
     </span>
    </p>
   </div>
   <div class='ocr_carea' id='block_1_74' title="bbox 2117 2838 3678 2913">
    <p class='ocr_par' dir='ltr' id='par_1_74' title="bbox 2117 2838 3678 2913">
     <span class='ocr_line' id='line_1_74' title="bbox 2117 2838 3678 2913; baseline -0.004 -19"><span class='ocrx_word' id='word_1_527' title='bbox 2117 2839 2425 2910; x_wconf 75' lang='grc' dir='ltr'>φωτίζωσιν</span> <span class='ocrx_word' id='word_1_528' title='bbox 2450 2881 2462 2903; x_wconf 91' lang='grc'><strong>,</strong></span> <span class='ocrx_word' id='word_1_529' title='bbox 2514 2842 2801 2913; x_wconf 82' lang='grc' dir='ltr'>ἀφομοιοῖ,</span> <span class='ocrx_word' id='word_1_530' title='bbox 2840 2841 2982 2894; x_wconf 83' lang='grc' dir='ltr'><strong>κατά</strong></span> <span class='ocrx_word' id='word_1_531' title='bbox 3022 2841 3249 2912; x_wconf 88' lang='grc' dir='ltr'>δύναμιν</span> <span class='ocrx_word' id='word_1_532' title='bbox 3283 2841 3460 2894; x_wconf 81' lang='grc' dir='ltr'>αὐτῶν</span> <span class='ocrx_word' id='word_1_533' title='bbox 3495 2840 3555 2908; x_wconf 79' lang='grc' dir='ltr'>δὴ</span> <span class='ocrx_word' id='word_1_534' title='bbox 3585 2838 3678 2889; x_wconf 85' lang='grc' dir='ltr'><strong>τῶν</strong></span> 
     </span>
    </p>
   </div>
   <div class='ocr_carea' id='block_1_75' title="bbox 2114 2932 3674 3006">
    <p class='ocr_par' dir='ltr' id='par_1_75' title="bbox 2114 2932 3674 3006">
     <span class='ocr_line' id='line_1_75' title="bbox 2114 2932 3674 3006; baseline -0.004 -18"><span class='ocrx_word' id='word_1_535' title='bbox 2114 2932 2316 3006; x_wconf 89' lang='grc' dir='ltr'>νοερῶν</span> <span class='ocrx_word' id='word_1_536' title='bbox 2343 2950 2406 2985; x_wconf 86' lang='grc' dir='ltr'><strong>τε</strong></span> <span class='ocrx_word' id='word_1_537' title='bbox 2433 2933 2529 2986; x_wconf 73' lang='grc' dir='ltr'><strong>καὶ</strong></span> <span class='ocrx_word' id='word_1_538' title='bbox 2554 2933 2759 3005; x_wconf 80' lang='grc' dir='ltr'>νοητῶν</span> <span class='ocrx_word' id='word_1_539' title='bbox 2782 2933 3002 2998; x_wconf 78' lang='grc' dir='ltr'>οὐσιῶν,</span> <span class='ocrx_word' id='word_1_540' title='bbox 3039 2935 3100 2988; x_wconf 79' lang='grc' dir='ltr'><strong>ού</strong></span> <span class='ocrx_word' id='word_1_541' title='bbox 3136 2935 3244 3006; x_wconf 79' lang='grc' dir='ltr'>γὰρ</span> <span class='ocrx_word' id='word_1_542' title='bbox 3278 2932 3417 2988; x_wconf 83' lang='grc' dir='ltr'><strong>κατά</strong></span> <span class='ocrx_word' id='word_1_543' title='bbox 3450 2934 3542 3004; x_wconf 82' lang='grc' dir='ltr'>τὴν</span> <span class='ocrx_word' id='word_1_544' title='bbox 3565 2934 3674 2984; x_wconf 78' lang='grc' dir='ltr'>ἐαυ-</span> 
     </span>
    </p>
   </div>
   <div class='ocr_carea' id='block_1_76' title="bbox 2115 3024 3674 3100">
    <p class='ocr_par' dir='ltr' id='par_1_76' title="bbox 2115 3024 3674 3100">
     <span class='ocr_line' id='line_1_76' title="bbox 2115 3024 3674 3100; baseline -0.003 -22"><span class='ocrx_word' id='word_1_545' title='bbox 2115 3025 2207 3079; x_wconf 88' lang='grc' dir='ltr'><strong>τοῦ</strong></span> <span class='ocrx_word' id='word_1_546' title='bbox 2242 3025 2470 3098; x_wconf 83' lang='grc' dir='ltr'>δύναμιν</span> <span class='ocrx_word' id='word_1_547' title='bbox 2494 3043 2507 3056; x_wconf 87' lang='grc'><strong>·</strong></span> <span class='ocrx_word' id='word_1_548' title='bbox 2555 3026 2994 3100; x_wconf 83' lang='grc' dir='ltr'>ἀπειροδύναμος</span> <span class='ocrx_word' id='word_1_549' title='bbox 3037 3027 3146 3098; x_wconf 61' lang='grc' dir='ltr'><strong>γὰρ</strong></span> <span class='ocrx_word' id='word_1_550' title='bbox 3180 3029 3208 3079; x_wconf 86' lang='grc' dir='ltr'>ὁ</span> <span class='ocrx_word' id='word_1_551' title='bbox 3239 3026 3391 3089; x_wconf 79' lang='grc' dir='ltr'>θεός.</span> <span class='ocrx_word' id='word_1_552' title='bbox 3433 3024 3604 3095; x_wconf 83' lang='grc' dir='ltr'>Ἦμῶν</span> <span class='ocrx_word' id='word_1_553' title='bbox 3627 3040 3674 3074; x_wconf 86' lang='grc' dir='ltr'><strong>τε</strong></span> 
     </span>
    </p>
   </div>
   <div class='ocr_carea' id='block_1_77' title="bbox 2115 3115 3676 3192">
    <p class='ocr_par' dir='ltr' id='par_1_77' title="bbox 2115 3115 3676 3192">
     <span class='ocr_line' id='line_1_77' title="bbox 2115 3115 3676 3192; baseline -0.004 -20"><span class='ocrx_word' id='word_1_554' title='bbox 2115 3118 2215 3184; x_wconf 87' lang='grc' dir='ltr'><strong>τάς</strong></span> <span class='ocrx_word' id='word_1_555' title='bbox 2247 3119 2448 3184; x_wconf 80' lang='grc' dir='ltr'>πολλάς</span> <span class='ocrx_word' id='word_1_556' title='bbox 2473 3121 2817 3192; x_wconf 80' lang='grc' dir='ltr'>ἑτερότητας,</span> <span class='ocrx_word' id='word_1_557' title='bbox 2852 3119 2950 3184; x_wconf 75' lang='grc' dir='ltr'><strong>τὰς</strong></span> <span class='ocrx_word' id='word_1_558' title='bbox 2977 3118 3271 3183; x_wconf 83' lang='grc' dir='ltr'>πολυειδεῖς</span> <span class='ocrx_word' id='word_1_559' title='bbox 3293 3118 3400 3170; x_wconf 86' lang='grc' dir='ltr'><strong>τῶν</strong></span> <span class='ocrx_word' id='word_1_560' title='bbox 3428 3115 3676 3187; x_wconf 85' lang='grc' dir='ltr'>σαρκικῶν</span> 
     </span>
    </p>
   </div>
   <div class='ocr_carea' id='block_1_78' title="bbox 2115 3211 3673 3287">
    <p class='ocr_par' dir='ltr' id='par_1_78' title="bbox 2115 3211 3673 3287">
     <span class='ocr_line' id='line_1_78' title="bbox 2115 3211 3673 3287; baseline -0.004 -23"><span class='ocrx_word' id='word_1_561' title='bbox 2115 3211 2420 3285; x_wconf 76' lang='grc' dir='ltr'>ἐπιθυμιῶν</span> <span class='ocrx_word' id='word_1_562' title='bbox 2457 3213 2746 3287; x_wconf 85' lang='grc' dir='ltr'>μερίμνας,</span> <span class='ocrx_word' id='word_1_563' title='bbox 2779 3213 2844 3278; x_wconf 69' lang='grc' dir='ltr'>ἃς</span> <span class='ocrx_word' id='word_1_564' title='bbox 2877 3211 3215 3285; x_wconf 84' lang='grc' dir='ltr'>ἀπαγορεύει</span> <span class='ocrx_word' id='word_1_565' title='bbox 3249 3211 3277 3262; x_wconf 82' lang='grc' dir='ltr'>ὁ</span> <span class='ocrx_word' id='word_1_566' title='bbox 3309 3211 3537 3282; x_wconf 82' lang='grc' dir='ltr'>Κύριος,</span> <span class='ocrx_word' id='word_1_567' title='bbox 3568 3225 3673 3260; x_wconf 88' lang='grc' dir='ltr'>συν-</span> 
     </span>
    </p>
   </div>
   <div class='ocr_carea' id='block_1_79' title="bbox 2114 3301 3675 3378">
    <p class='ocr_par' dir='ltr' id='par_1_79' title="bbox 2114 3301 3675 3378">
     <span class='ocr_line' id='line_1_79' title="bbox 2114 3301 3675 3378; baseline -0.008 -15"><span class='ocrx_word' id='word_1_568' title='bbox 2114 3308 2237 3376; x_wconf 79' lang='grc' dir='ltr'>άγει</span> <span class='ocrx_word' id='word_1_569' title='bbox 2272 3310 2352 3371; x_wconf 88' lang='grc' dir='ltr'><strong>είς</strong></span> <span class='ocrx_word' id='word_1_570' title='bbox 2387 3307 2591 3378; x_wconf 78' lang='grc' dir='ltr'>ἑνοειδῆ</span> <span class='ocrx_word' id='word_1_571' title='bbox 2631 3307 2727 3362; x_wconf 80' lang='grc' dir='ltr'><strong>καὶ</strong></span> <span class='ocrx_word' id='word_1_572' title='bbox 2757 3307 2909 3360; x_wconf 82' lang='grc' dir='ltr'>θείαν</span> <span class='ocrx_word' id='word_1_573' title='bbox 2941 3305 3108 3376; x_wconf 75' lang='grc' dir='ltr'>ζωὴν,</span> <span class='ocrx_word' id='word_1_574' title='bbox 3144 3305 3204 3358; x_wconf 83' lang='grc' dir='ltr'><strong>τὸ</strong></span> <span class='ocrx_word' id='word_1_575' title='bbox 3239 3303 3422 3376; x_wconf 75' lang='grc' dir='ltr'>ζητεῖν</span> <span class='ocrx_word' id='word_1_576' title='bbox 3461 3301 3675 3374; x_wconf 70' lang='grc' dir='ltr'>δηλονότι</span> 
     </span>
    </p>
   </div>
   <div class='ocr_carea' id='block_1_80' title="bbox 2118 3393 3675 3472">
    <p class='ocr_par' dir='ltr' id='par_1_80' title="bbox 2118 3393 3675 3472">
     <span class='ocr_line' id='line_1_80' title="bbox 2118 3393 3675 3472; baseline -0.005 -21"><span class='ocrx_word' id='word_1_577' title='bbox 2118 3401 2176 3451; x_wconf 85' lang='grc' dir='ltr'><strong>ἐν</strong></span> <span class='ocrx_word' id='word_1_578' title='bbox 2214 3398 2453 3472; x_wconf 82' lang='grc' dir='ltr'>πρώτοις</span> <span class='ocrx_word' id='word_1_579' title='bbox 2479 3401 2579 3470; x_wconf 82' lang='grc' dir='ltr'><strong>τὴν</strong></span> <span class='ocrx_word' id='word_1_580' title='bbox 2609 3399 2888 3471; x_wconf 85' lang='grc' dir='ltr'>βασιλείαν</span> <span class='ocrx_word' id='word_1_581' title='bbox 2911 3396 3004 3451; x_wconf 90' lang='grc' dir='ltr'><strong>τοῦ</strong></span> <span class='ocrx_word' id='word_1_582' title='bbox 3041 3396 3199 3461; x_wconf 85' lang='grc' dir='ltr'>Θεοῦ,</span> <span class='ocrx_word' id='word_1_583' title='bbox 3242 3396 3336 3449; x_wconf 69' lang='grc' dir='ltr'><strong>καὶ</strong></span> <span class='ocrx_word' id='word_1_584' title='bbox 3373 3395 3470 3464; x_wconf 79' lang='grc' dir='ltr'>τὴν</span> <span class='ocrx_word' id='word_1_585' title='bbox 3501 3393 3675 3446; x_wconf 84' lang='grc' dir='ltr'>δικαιο-</span> 
     </span>
    </p>
   </div>
   <div class='ocr_carea' id='block_1_81' title="bbox 2117 3483 3673 3561">
    <p class='ocr_par' dir='ltr' id='par_1_81' title="bbox 2117 3483 3673 3561">
     <span class='ocr_line' id='line_1_81' title="bbox 2117 3483 3673 3561; baseline -0.009 -16"><span class='ocrx_word' id='word_1_586' title='bbox 2117 3491 2279 3561; x_wconf 85' lang='grc' dir='ltr'>σύνην</span> <span class='ocrx_word' id='word_1_587' title='bbox 2306 3489 2490 3545; x_wconf 78' lang='grc' dir='ltr'>αὑτοῦ.</span> <span class='ocrx_word' id='word_1_588' title='bbox 2519 3492 2591 3544; x_wconf 84' lang='grc' dir='ltr'>Τὸ</span> <span class='ocrx_word' id='word_1_589' title='bbox 2613 3491 2669 3544; x_wconf 80' lang='grc' dir='ltr'>δὲ</span> <span class='ocrx_word' id='word_1_590' title='bbox 2693 3491 2834 3544; x_wconf 78' lang='grc' dir='ltr'>οὓτω</span> <span class='ocrx_word' id='word_1_591' title='bbox 2862 3487 3204 3542; x_wconf 84' lang='grc' dir='ltr'>πεποιῶσθαι</span> <span class='ocrx_word' id='word_1_592' title='bbox 3238 3486 3337 3558; x_wconf 79' lang='grc' dir='ltr'>τὴν</span> <span class='ocrx_word' id='word_1_593' title='bbox 3361 3485 3551 3558; x_wconf 68' lang='grc' dir='ltr'>ψυχὴν,</span> <span class='ocrx_word' id='word_1_594' title='bbox 3577 3483 3673 3547; x_wconf 68' lang='grc' dir='ltr'>ἕξιν</span> 
     </span>
    </p>
   </div>
   <div class='ocr_carea' id='block_1_82' title="bbox 2117 3577 3674 3656">
    <p class='ocr_par' dir='ltr' id='par_1_82' title="bbox 2117 3577 3674 3656">
     <span class='ocr_line' id='line_1_82' title="bbox 2117 3577 3674 3656; baseline -0.008 -16"><span class='ocrx_word' id='word_1_595' title='bbox 2117 3583 2268 3656; x_wconf 77' lang='grc' dir='ltr'>ἱερὰν</span> <span class='ocrx_word' id='word_1_596' title='bbox 2291 3584 2649 3649; x_wconf 85' lang='grc' dir='ltr'>ἀπεκάλεσεν,</span> <span class='ocrx_word' id='word_1_597' title='bbox 2685 3585 2806 3654; x_wconf 83' lang='grc' dir='ltr'>ἦτις</span> <span class='ocrx_word' id='word_1_598' title='bbox 2842 3586 2936 3638; x_wconf 72' lang='grc' dir='ltr'>καὶ</span> <span class='ocrx_word' id='word_1_599' title='bbox 2973 3583 3206 3656; x_wconf 85' lang='grc' dir='ltr'>μάλιστα</span> <span class='ocrx_word' id='word_1_600' title='bbox 3239 3582 3352 3643; x_wconf 86' lang='grc' dir='ltr'>τοῖς</span> <span class='ocrx_word' id='word_1_601' title='bbox 3379 3577 3674 3649; x_wconf 81' lang='grc' dir='ltr'>ἱερωμένοις</span> 
     </span>
    </p>
   </div>
   <div class='ocr_carea' id='block_1_83' title="bbox 2117 3671 3673 3751">
    <p class='ocr_par' dir='ltr' id='par_1_83' title="bbox 2117 3671 3673 3751">
     <span class='ocr_line' id='line_1_83' title="bbox 2117 3671 3673 3751; baseline -0.005 -19"><span class='ocrx_word' id='word_1_602' title='bbox 2117 3677 2409 3750; x_wconf 84' lang='grc' dir='ltr'>πρεπώδης</span> <span class='ocrx_word' id='word_1_603' title='bbox 2433 3679 2567 3732; x_wconf 83' lang='grc' dir='ltr'>ἐστί.</span> <span class='ocrx_word' id='word_1_604' title='bbox 2611 3678 2994 3751; x_wconf 77' lang='grc' dir='ltr'>Λαμϐάνοντες</span> <span class='ocrx_word' id='word_1_605' title='bbox 3034 3676 3166 3747; x_wconf 90' lang='grc' dir='ltr'>γοῦν</span> <span class='ocrx_word' id='word_1_606' title='bbox 3193 3676 3323 3749; x_wconf 85' lang='grc' dir='ltr'>παρ’</span> <span class='ocrx_word' id='word_1_607' title='bbox 3359 3673 3557 3727; x_wconf 88' lang='grc' dir='ltr'>ἐκείνου</span> <span class='ocrx_word' id='word_1_608' title='bbox 3591 3671 3673 3740; x_wconf 60' lang='grc' dir='ltr'><strong>τὴν</strong></span> 
     </span>
    </p>
   </div>
   <div class='ocr_carea' id='block_1_84' title="bbox 2115 3766 3673 3842">
    <p class='ocr_par' dir='ltr' id='par_1_84' title="bbox 2115 3766 3673 3842">
     <span class='ocr_line' id='line_1_84' title="bbox 2115 3766 3673 3842; baseline -0.006 -18"><span class='ocrx_word' id='word_1_609' title='bbox 2115 3769 2344 3842; x_wconf 83' lang='grc' dir='ltr'>δύναμιν</span> <span class='ocrx_word' id='word_1_610' title='bbox 2405 3769 2800 3842; x_wconf 84' lang='grc' dir='ltr'>προχωροῦμεν</span> <span class='ocrx_word' id='word_1_611' title='bbox 2857 3772 2950 3825; x_wconf 76' lang='grc' dir='ltr'>καὶ</span> <span class='ocrx_word' id='word_1_612' title='bbox 2997 3772 3090 3825; x_wconf 80' lang='grc' dir='ltr'><strong>ἐπὶ</strong></span> <span class='ocrx_word' id='word_1_613' title='bbox 3133 3771 3232 3842; x_wconf 84' lang='grc' dir='ltr'>τὴν</span> <span class='ocrx_word' id='word_1_614' title='bbox 3274 3770 3372 3841; x_wconf 83' lang='grc' dir='ltr'>τῆς</span> <span class='ocrx_word' id='word_1_615' title='bbox 3429 3766 3673 3838; x_wconf 77' lang='grc' dir='ltr'>ίεραρχίας</span> 
     </span>
    </p>
   </div>
   <div class='ocr_carea' id='block_1_85' title="bbox 2117 3859 3672 3938">
    <p class='ocr_par' dir='ltr' id='par_1_85' title="bbox 2117 3859 3672 3938">
     <span class='ocr_line' id='line_1_85' title="bbox 2117 3859 3672 3938; baseline -0.02 -21"><span class='ocrx_word' id='word_1_616' title='bbox 2117 3863 2434 3935; x_wconf 83' lang='grc' dir='ltr'>ἐνέργειαν·</span> <span class='ocrx_word' id='word_1_617' title='bbox 2475 3865 2572 3917; x_wconf 74' lang='grc' dir='ltr'>καὶ</span> <span class='ocrx_word' id='word_1_618' title='bbox 2618 3865 2792 3929; x_wconf 72' lang='grc' dir='ltr'>οὕτως</span> <span class='ocrx_word' id='word_1_619' title='bbox 2827 3862 3119 3938; x_wconf 78' lang='grc' dir='ltr'>ἐγγίζομεν</span> <span class='ocrx_word' id='word_1_620' title='bbox 3159 3867 3272 3928; x_wconf 78' lang='grc' dir='ltr'>τοῖς</span> <span class='ocrx_word' id='word_1_621' title='bbox 3307 3863 3574 3931; x_wconf 54' lang='grc' dir='ltr'>ἀγγέλοις,</span> <span class='ocrx_word' id='word_1_622' title='bbox 3618 3859 3672 3924; x_wconf 64' lang='grc' dir='ltr'><strong>τῇ</strong></span> 
     </span>
    </p>
   </div>
   <div class='ocr_carea' id='block_1_86' title="bbox 2121 3951 3675 4030">
    <p class='ocr_par' dir='ltr' id='par_1_86' title="bbox 2121 3951 3675 4030">
     <span class='ocr_line' id='line_1_86' title="bbox 2121 3951 3675 4030; baseline -0.004 -19"><span class='ocrx_word' id='word_1_623' title='bbox 2121 3958 2258 4030; x_wconf 83' lang='grc' dir='ltr'>πρὸς</span> <span class='ocrx_word' id='word_1_624' title='bbox 2305 3957 2502 4022; x_wconf 73' lang='grc' dir='ltr'>αὐτοὺς</span> <span class='ocrx_word' id='word_1_625' title='bbox 2553 3957 2889 4029; x_wconf 69' lang='grc' dir='ltr'>ἀφομοιώσει</span> <span class='ocrx_word' id='word_1_626' title='bbox 2915 3999 2928 4024; x_wconf 91' lang='grc'><strong>,</strong></span> <span class='ocrx_word' id='word_1_627' title='bbox 2982 3959 3076 4013; x_wconf 76' lang='grc' dir='ltr'><strong>καὶ</strong></span> <span class='ocrx_word' id='word_1_628' title='bbox 3118 3957 3186 4010; x_wconf 82' lang='grc' dir='ltr'>δι’</span> <span class='ocrx_word' id='word_1_629' title='bbox 3227 3957 3403 4010; x_wconf 75' lang='grc' dir='ltr'>αὐτῶν</span> <span class='ocrx_word' id='word_1_630' title='bbox 3441 3954 3563 4024; x_wconf 74' lang='grc' dir='ltr'>πρὸς</span> <span class='ocrx_word' id='word_1_631' title='bbox 3593 3951 3675 4018; x_wconf 67' lang='grc' dir='ltr'><strong>τὴν</strong></span> 
     </span>
    </p>
   </div>
   <div class='ocr_carea' id='block_1_87' title="bbox 2120 4046 3672 4122">
    <p class='ocr_par' dir='ltr' id='par_1_87' title="bbox 2120 4046 3672 4122">
     <span class='ocr_line' id='line_1_87' title="bbox 2120 4046 3672 4122; baseline 0.003 -20"><span class='ocrx_word' id='word_1_632' title='bbox 2120 4049 2416 4122; x_wconf 83' lang='grc' dir='ltr'>Θεαρχικὴν</span> <span class='ocrx_word' id='word_1_633' title='bbox 2470 4051 2645 4121; x_wconf 76' lang='grc' dir='ltr'>αὐγὴν</span> <span class='ocrx_word' id='word_1_634' title='bbox 2699 4051 3137 4122; x_wconf 72' lang='grc' dir='ltr'>ἀναϐλέψαντες,</span> <span class='ocrx_word' id='word_1_635' title='bbox 3183 4051 3277 4104; x_wconf 82' lang='lat' dir='ltr'><strong>xai.</strong></span> <span class='ocrx_word' id='word_1_636' title='bbox 3316 4046 3672 4119; x_wconf 69' lang='grc' dir='ltr'>ὲλλαμφθέντες</span> 
     </span>
    </p>
   </div>
   <div class='ocr_carea' id='block_1_88' title="bbox 2119 4133 3675 4218">
    <p class='ocr_par' dir='ltr' id='par_1_88' title="bbox 2119 4133 3675 4218">
     <span class='ocr_line' id='line_1_88' title="bbox 2119 4133 3675 4218; baseline -0.003 -24"><span class='ocrx_word' id='word_1_637' title='bbox 2119 4143 2328 4197; x_wconf 86' lang='grc' dir='ltr'>ἐκεῖθεν</span> <span class='ocrx_word' id='word_1_638' title='bbox 2359 4144 2458 4216; x_wconf 82' lang='grc' dir='ltr'>τὴν</span> <span class='ocrx_word' id='word_1_639' title='bbox 2498 4144 2812 4218; x_wconf 80' lang='grc' dir='ltr'>ἐπιστήμην</span> <span class='ocrx_word' id='word_1_640' title='bbox 2844 4144 2943 4215; x_wconf 84' lang='grc' dir='ltr'><strong>τῆς</strong></span> <span class='ocrx_word' id='word_1_641' title='bbox 2975 4133 3090 4198; x_wconf 57' lang='grc' dir='ltr'><strong>Σ’τῶν</strong></span> <span class='ocrx_word' id='word_1_642' title='bbox 3123 4143 3413 4215; x_wconf 83' lang='grc' dir='ltr'>θεαμάτων</span> <span class='ocrx_word' id='word_1_643' title='bbox 3453 4139 3675 4210; x_wconf 85' lang='grc' dir='ltr'>γνώσεως</span> 
     </span>
    </p>
   </div>
   <div class='ocr_carea' id='block_1_89' title="bbox 2122 4228 3674 4308">
    <p class='ocr_par' dir='ltr' id='par_1_89' title="bbox 2122 4228 3674 4308">
     <span class='ocr_line' id='line_1_89' title="bbox 2122 4228 3674 4308; baseline 0.001 -21"><span class='ocrx_word' id='word_1_644' title='bbox 2122 4235 2404 4308; x_wconf 85' lang='grc' dir='ltr'>(θεάματα</span> <span class='ocrx_word' id='word_1_645' title='bbox 2428 4235 2484 4288; x_wconf 84' lang='grc' dir='ltr'><strong>δὲ</strong></span> <span class='ocrx_word' id='word_1_646' title='bbox 2517 4235 2586 4289; x_wconf 75' lang='grc' dir='ltr'>τὰ</span> <span class='ocrx_word' id='word_1_647' title='bbox 2612 4238 2740 4308; x_wconf 76' lang='grc' dir='ltr'>περὶ</span> <span class='ocrx_word' id='word_1_648' title='bbox 2779 4235 2915 4289; x_wconf 84' lang='grc' dir='ltr'>Θεοῦ</span> <span class='ocrx_word' id='word_1_649' title='bbox 2964 4253 3098 4307; x_wconf 79' lang='grc' dir='ltr'>φησι</span> <span class='ocrx_word' id='word_1_650' title='bbox 3122 4235 3459 4306; x_wconf 82' lang='grc' dir='ltr'>διδάγματα·</span> <span class='ocrx_word' id='word_1_651' title='bbox 3497 4230 3549 4284; x_wconf 78' lang='grc' dir='ltr'><strong>οὐ</strong></span> <span class='ocrx_word' id='word_1_652' title='bbox 3584 4228 3674 4297; x_wconf 71' lang='grc' dir='ltr'>γὰρ</span> 
     </span>
    </p>
   </div>
   <div class='ocr_carea' id='block_1_90' title="bbox 2119 4319 3677 4400">
    <p class='ocr_par' dir='ltr' id='par_1_90' title="bbox 2119 4319 3677 4400">
     <span class='ocr_line' id='line_1_90' title="bbox 2119 4319 3677 4400; baseline -0.015 -7"><span class='ocrx_word' id='word_1_653' title='bbox 2119 4326 2246 4398; x_wconf 84' lang='grc' dir='ltr'>ἄχρι</span> <span class='ocrx_word' id='word_1_654' title='bbox 2271 4328 2433 4399; x_wconf 67' lang='grc' dir='ltr'>ψιλῆς</span> <span class='ocrx_word' id='word_1_655' title='bbox 2473 4329 2573 4400; x_wconf 82' lang='grc' dir='ltr'>τῆς</span> <span class='ocrx_word' id='word_1_656' title='bbox 2610 4328 2719 4381; x_wconf 89' lang='grc' dir='ltr'><strong>τῶν</strong></span> <span class='ocrx_word' id='word_1_657' title='bbox 2757 4328 2933 4400; x_wconf 90' lang='grc' dir='ltr'>λόγων</span> <span class='ocrx_word' id='word_1_658' title='bbox 2965 4328 3134 4399; x_wconf 82' lang='grc' dir='ltr'>ἀκοῆς</span> <span class='ocrx_word' id='word_1_659' title='bbox 3173 4327 3206 4397; x_wconf 81' lang='grc' dir='ltr'>ἢ</span> <span class='ocrx_word' id='word_1_660' title='bbox 3253 4326 3591 4398; x_wconf 80' lang='grc' dir='ltr'>ἐκφωνήσεως</span> <span class='ocrx_word' id='word_1_661' title='bbox 3619 4319 3677 4370; x_wconf 71' lang='grc' dir='ltr'><strong>τὰ</strong></span> 
     </span>
    </p>
   </div>
   <div class='ocr_carea' id='block_1_91' title="bbox 2120 4413 3675 4493">
    <p class='ocr_par' dir='ltr' id='par_1_91' title="bbox 2120 4413 3675 4493">
     <span class='ocr_line' id='line_1_91' title="bbox 2120 4413 3675 4493; baseline 0.001 -22"><span class='ocrx_word' id='word_1_662' title='bbox 2120 4419 2228 4472; x_wconf 89' lang='grc' dir='ltr'><strong>τῶν</strong></span> <span class='ocrx_word' id='word_1_663' title='bbox 2265 4419 2424 4492; x_wconf 77' lang='grc' dir='ltr'>ἱερῶν</span> <span class='ocrx_word' id='word_1_664' title='bbox 2457 4420 2710 4493; x_wconf 84' lang='grc' dir='ltr'>μυήσεὼν</span> <span class='ocrx_word' id='word_1_665' title='bbox 2734 4423 2838 4474; x_wconf 89' lang='grc' dir='ltr'>εἰσι</span> <span class='ocrx_word' id='word_1_666' title='bbox 2862 4421 2934 4491; x_wconf 76' lang='grc' dir='ltr'>ο),</span> <span class='ocrx_word' id='word_1_667' title='bbox 2957 4421 3210 4489; x_wconf 81' lang='grc' dir='ltr'>γενέσθαι</span> <span class='ocrx_word' id='word_1_668' title='bbox 3244 4417 3583 4491; x_wconf 80' lang='grc' dir='ltr'>δυνησόμεθα,</span> <span class='ocrx_word' id='word_1_669' title='bbox 3612 4413 3675 4473; x_wconf 77' lang='grc' dir='ltr'><strong>ὡς</strong></span> 
     </span>
    </p>
   </div>
   <div class='ocr_carea' id='block_1_92' title="bbox 427 4507 2019 4589">
    <p class='ocr_par' dir='ltr' id='par_1_92' title="bbox 427 4516 2016 4589">
     <span class='ocr_line' id='line_1_92' title="bbox 427 4516 2016 4589; baseline 0.005 -25"><span class='ocrx_word' id='word_1_670' title='bbox 427 4516 879 4582; x_wconf 85' lang='lat' dir='ltr'><strong>pronuntiatione</strong></span> <span class='ocrx_word' id='word_1_671' title='bbox 907 4518 1175 4588; x_wconf 83' lang='lat' dir='ltr'><strong>existunt)</strong></span> <span class='ocrx_word' id='word_1_672' title='bbox 1203 4521 1440 4574; x_wconf 88' lang='lat' dir='ltr'><strong>evadere</strong></span> <span class='ocrx_word' id='word_1_673' title='bbox 1468 4519 1794 4589; x_wconf 84' lang='lat' dir='ltr'><strong>poterimus,</strong></span> <span class='ocrx_word' id='word_1_674' title='bbox 1828 4529 1886 4575; x_wconf 92' lang='lat' dir='ltr'><strong>ut</strong></span> <span class='ocrx_word' id='word_1_675' title='bbox 1921 4535 2016 4588; x_wconf 58' lang='lat' dir='ltr'><strong>pa.</strong></span> 
     </span>
    </p>
   </div>
   <div class='ocr_carea' id='block_1_93' title="bbox 2146 4507 3678 4589">
    <p class='ocr_par' dir='ltr' id='par_1_93' title="bbox 2146 4507 3678 4585">
     <span class='ocr_line' id='line_1_93' title="bbox 2146 4507 3678 4585; baseline -0.004 -20"><span class='ocrx_word' id='word_1_676' title='bbox 2146 4513 2387 4577; x_wconf 64' lang='grc' dir='ltr'>παθόντες</span> <span class='ocrx_word' id='word_1_677' title='bbox 2436 4514 2536 4585; x_wconf 86' lang='grc' dir='ltr'><strong>μὲν</strong></span> <span class='ocrx_word' id='word_1_678' title='bbox 2580 4513 2648 4567; x_wconf 84' lang='grc' dir='ltr'>τὰ</span> <span class='ocrx_word' id='word_1_679' title='bbox 2697 4515 2910 4568; x_wconf 89' lang='grc' dir='ltr'>ἐκεῖθεν</span> <span class='ocrx_word' id='word_1_680' title='bbox 2968 4513 3142 4578; x_wconf 79' lang='grc' dir='ltr'>καλὰ,</span> <span class='ocrx_word' id='word_1_681' title='bbox 3187 4511 3569 4585; x_wconf 80' lang='grc' dir='ltr'>ἀφιερωμένοι,</span> <span class='ocrx_word' id='word_1_682' title='bbox 3599 4507 3678 4575; x_wconf 72' lang='grc' dir='ltr'>δη-</span> 
     </span>
    </p>
   </div>
   <div class='ocr_carea' id='block_1_94' title="bbox 425 4604 2011 4676">
    <p class='ocr_par' dir='ltr' id='par_1_94' title="bbox 425 4604 2011 4676">
     <span class='ocr_line' id='line_1_94' title="bbox 425 4604 2011 4676; baseline -0.001 -18"><span class='ocrx_word' id='word_1_683' title='bbox 425 4604 628 4660; x_wconf 89' lang='lat' dir='ltr'><strong>tientes</strong></span> <span class='ocrx_word' id='word_1_684' title='bbox 659 4606 880 4674; x_wconf 89' lang='lat' dir='ltr'><strong>quidem</strong></span> <span class='ocrx_word' id='word_1_685' title='bbox 923 4622 1046 4676; x_wconf 80' lang='lat' dir='ltr'><strong>quae</strong></span> <span class='ocrx_word' id='word_1_686' title='bbox 1097 4606 1170 4660; x_wconf 91' lang='lat' dir='ltr'><strong>ibi</strong></span> <span class='ocrx_word' id='word_1_687' title='bbox 1215 4605 1445 4676; x_wconf 88' lang='lat' dir='ltr'><strong>pulchra</strong></span> <span class='ocrx_word' id='word_1_688' title='bbox 1495 4617 1642 4670; x_wconf 89' lang='lat' dir='ltr'><strong>sunt,</strong></span> <span class='ocrx_word' id='word_1_689' title='bbox 1681 4606 2011 4670; x_wconf 87' lang='lat' dir='ltr'><strong>consecrati,</strong></span> 
     </span>
    </p>
   </div>
   <div class='ocr_carea' id='block_1_95' title="bbox 425 4696 2014 4768">
    <p class='ocr_par' dir='ltr' id='par_1_95' title="bbox 425 4696 2014 4768">
     <span class='ocr_line' id='line_1_95' title="bbox 425 4696 2014 4768; baseline -0.001 -17"><span class='ocrx_word' id='word_1_690' title='bbox 425 4712 622 4767; x_wconf 90' lang='lat' dir='ltr'><strong>nempe</strong></span> <span class='ocrx_word' id='word_1_691' title='bbox 645 4700 766 4768; x_wconf 90' lang='lat' dir='ltr'><strong>puri</strong></span> <span class='ocrx_word' id='word_1_692' title='bbox 797 4709 852 4754; x_wconf 84' lang='lat' dir='ltr'><strong>et</strong></span> <span class='ocrx_word' id='word_1_693' title='bbox 883 4698 1227 4765; x_wconf 85' lang='lat' dir='ltr'><strong>luciformes,</strong></span> <span class='ocrx_word' id='word_1_694' title='bbox 1261 4707 1316 4751; x_wconf 93' lang='lat' dir='ltr'><strong>et</strong></span> <span class='ocrx_word' id='word_1_695' title='bbox 1343 4696 1605 4766; x_wconf 88' lang='lat' dir='ltr'><strong>perfecti;</strong></span> <span class='ocrx_word' id='word_1_696' title='bbox 1643 4697 1788 4751; x_wconf 90' lang='lat' dir='ltr'><strong>velut</strong></span> <span class='ocrx_word' id='word_1_697' title='bbox 1817 4697 2014 4752; x_wconf 88' lang='lat' dir='ltr'><strong>habitu</strong></span> 
     </span>
    </p>
   </div>
   <div class='ocr_carea' id='block_1_96' title="bbox 423 4789 2018 4858">
    <p class='ocr_par' dir='ltr' id='par_1_96' title="bbox 423 4789 2018 4858">
     <span class='ocr_line' id='line_1_96' title="bbox 423 4789 2018 4858; baseline -0.001 -16"><span class='ocrx_word' id='word_1_698' title='bbox 423 4804 552 4843; x_wconf 82' lang='lat' dir='ltr'><strong>vero</strong></span> <span class='ocrx_word' id='word_1_699' title='bbox 591 4791 695 4844; x_wconf 86' lang='lat' dir='ltr'><strong>hoc</strong></span> <span class='ocrx_word' id='word_1_700' title='bbox 741 4790 1078 4857; x_wconf 90' lang='lat' dir='ltr'><strong>obtinentes,</strong></span> <span class='ocrx_word' id='word_1_701' title='bbox 1108 4800 1272 4858; x_wconf 89' lang='lat' dir='ltr'><strong>atque</strong></span> <span class='ocrx_word' id='word_1_702' title='bbox 1317 4790 1510 4844; x_wconf 88' lang='lat' dir='ltr'><strong>eadem</strong></span> <span class='ocrx_word' id='word_1_703' title='bbox 1553 4789 1677 4843; x_wconf 89' lang='lat' dir='ltr'><strong>aliis</strong></span> <span class='ocrx_word' id='word_1_704' title='bbox 1711 4789 2018 4842; x_wconf 88' lang='lat' dir='ltr'><strong>communi-</strong></span> 
     </span>
    </p>
   </div>
   <div class='ocr_carea' id='block_1_97' title="bbox 421 4881 2018 4950">
    <p class='ocr_par' dir='ltr' id='par_1_97' title="bbox 421 4881 2018 4950">
     <span class='ocr_line' id='line_1_97' title="bbox 421 4881 2018 4950; baseline -0.003 -13"><span class='ocrx_word' id='word_1_705' title='bbox 421 4896 551 4937; x_wconf 84' lang='lat' dir='ltr'><strong>care</strong></span> <span class='ocrx_word' id='word_1_706' title='bbox 584 4881 856 4946; x_wconf 89' lang='lat' dir='ltr'><strong>valentes,</strong></span> <span class='ocrx_word' id='word_1_707' title='bbox 909 4891 1362 4946; x_wconf 81' lang='lat' dir='ltr'><strong>consecraturos,</strong></span> <span class='ocrx_word' id='word_1_708' title='bbox 1412 4889 1467 4934; x_wconf 91' lang='lat' dir='ltr'><strong>et</strong></span> <span class='ocrx_word' id='word_1_709' title='bbox 1517 4881 1654 4935; x_wconf 91' lang='lat' dir='ltr'><strong>lucis</strong></span> <span class='ocrx_word' id='word_1_710' title='bbox 1698 4890 2018 4950; x_wconf 83' lang='lat' dir='ltr'><strong>Operatores</strong></span> 
     </span>
    </p>
   </div>
   <div class='ocr_carea' id='block_1_98' title="bbox 423 4972 2016 5044">
    <p class='ocr_par' dir='ltr' id='par_1_98' title="bbox 423 4972 2016 5044">
     <span class='ocr_line' id='line_1_98' title="bbox 423 4972 2016 5044; baseline -0.001 -18"><span class='ocrx_word' id='word_1_711' title='bbox 423 4987 519 5027; x_wconf 83' lang='lat' dir='ltr'><strong>seu</strong></span> <span class='ocrx_word' id='word_1_712' title='bbox 569 4973 993 5038; x_wconf 87' lang='lat' dir='ltr'><strong>illuminatores,</strong></span> <span class='ocrx_word' id='word_1_713' title='bbox 1049 4982 1104 5028; x_wconf 90' lang='lat' dir='ltr'><strong>et</strong></span> <span class='ocrx_word' id='word_1_714' title='bbox 1154 4974 1522 5044; x_wconf 88' lang='lat' dir='ltr'><strong>perfectores;</strong></span> <span class='ocrx_word' id='word_1_715' title='bbox 1580 4973 1695 5028; x_wconf 63' lang='lat' dir='ltr'><strong>haec</strong></span> <span class='ocrx_word' id='word_1_716' title='bbox 1748 4972 2016 5041; x_wconf 87' lang='lat' dir='ltr'><strong>siquidem</strong></span> 
     </span>
    </p>
   </div>
   <div class='ocr_carea' id='block_1_99' title="bbox 425 5066 1301 5137">
    <p class='ocr_par' dir='ltr' id='par_1_99' title="bbox 425 5066 1301 5137">
     <span class='ocr_line' id='line_1_99' title="bbox 425 5066 1301 5137; baseline -0.001 -17"><span class='ocrx_word' id='word_1_717' title='bbox 425 5066 530 5120; x_wconf 88' lang='lat' dir='ltr'><strong>tria</strong></span> <span class='ocrx_word' id='word_1_718' title='bbox 569 5077 697 5121; x_wconf 86' lang='lat' dir='ltr'><strong>sunt</strong></span> <span class='ocrx_word' id='word_1_719' title='bbox 731 5067 1062 5122; x_wconf 83' lang='lat' dir='ltr'><strong>bierarchiae</strong></span> <span class='ocrx_word' id='word_1_720' title='bbox 1090 5079 1301 5137; x_wconf 87' lang='lat' dir='ltr'><strong>partes.</strong></span> 
     </span>
    </p>
   </div>
   <div class='ocr_carea' id='block_1_100' title="bbox 499 5155 2019 5232">
    <p class='ocr_par' dir='ltr' id='par_1_100' title="bbox 499 5155 2019 5232">
     <span class='ocr_line' id='line_1_100' title="bbox 499 5155 2019 5232; baseline -0.005 -19"><span class='ocrx_word' id='word_1_721' title='bbox 499 5158 528 5232; x_wconf 68' lang='grc' dir='ltr'><strong>ς</strong></span> <span class='ocrx_word' id='word_1_722' title='bbox 557 5159 622 5215; x_wconf 91' lang='lat' dir='ltr'><strong>ll.</strong></span> <span class='ocrx_word' id='word_1_723' title='bbox 653 5160 790 5216; x_wconf 86' lang='lat' dir='ltr'><strong>Cum</strong></span> <span class='ocrx_word' id='word_1_724' title='bbox 824 5171 1006 5216; x_wconf 89' lang='lat' dir='ltr'><strong>autem</strong></span> <span class='ocrx_word' id='word_1_725' title='bbox 1035 5161 1124 5213; x_wconf 86' lang='lat' dir='ltr'><strong>hic</strong></span> <span class='ocrx_word' id='word_1_726' title='bbox 1149 5175 1330 5214; x_wconf 87' lang='lat' dir='ltr'><strong>sermo</strong></span> <span class='ocrx_word' id='word_1_727' title='bbox 1359 5158 1494 5212; x_wconf 80' lang='lat' dir='ltr'><strong>duas</strong></span> <span class='ocrx_word' id='word_1_728' title='bbox 1523 5165 1782 5224; x_wconf 81' lang='lat' dir='ltr'><strong>agnoscat</strong></span> <span class='ocrx_word' id='word_1_729' title='bbox 1809 5155 2019 5209; x_wconf 87' lang='lat' dir='ltr'><strong>bierar-</strong></span> 
     </span>
    </p>
   </div>
   <div class='ocr_carea' id='block_1_101' title="bbox 424 5247 2020 5320">
    <p class='ocr_par' dir='ltr' id='par_1_101' title="bbox 424 5247 2020 5320">
     <span class='ocr_line' id='line_1_101' title="bbox 424 5247 2020 5320; baseline -0.006 -12"><span class='ocrx_word' id='word_1_730' title='bbox 424 5251 602 5318; x_wconf 76' lang='lat' dir='ltr'><strong>Chias,</strong></span> <span class='ocrx_word' id='word_1_731' title='bbox 633 5253 932 5308; x_wconf 91' lang='lat' dir='ltr'><strong>secundum</strong></span> <span class='ocrx_word' id='word_1_732' title='bbox 956 5251 1428 5320; x_wconf 80' lang='lat' dir='ltr'><strong>participationem</strong></span> <span class='ocrx_word' id='word_1_733' title='bbox 1448 5247 1800 5303; x_wconf 78' lang='lat' dir='ltr'><strong>divinissima:</strong></span> <span class='ocrx_word' id='word_1_734' title='bbox 1830 5259 2020 5299; x_wconf 83' lang='lat' dir='ltr'><strong>essen-</strong></span> 
     </span>
    </p>
   </div>
   <div class='ocr_carea' id='block_1_102' title="bbox 428 5338 2016 5408">
    <p class='ocr_par' dir='ltr' id='par_1_102' title="bbox 428 5338 2016 5408">
     <span class='ocr_line' id='line_1_102' title="bbox 428 5338 2016 5408; baseline -0.004 -9"><span class='ocrx_word' id='word_1_735' title='bbox 428 5347 517 5401; x_wconf 64' lang='lat' dir='ltr'><strong>tia:</strong></span> <span class='ocrx_word' id='word_1_736' title='bbox 548 5347 730 5402; x_wconf 90' lang='lat' dir='ltr'><strong>omnis</strong></span> <span class='ocrx_word' id='word_1_737' title='bbox 768 5345 1095 5402; x_wconf 72' lang='lat' dir='ltr'><strong>hierarcbite</strong></span> <span class='ocrx_word' id='word_1_738' title='bbox 1128 5344 1248 5408; x_wconf 89' lang='lat' dir='ltr'><strong>Dei,</strong></span> <span class='ocrx_word' id='word_1_739' title='bbox 1281 5342 1396 5396; x_wconf 89' lang='lat' dir='ltr'><strong>vult</strong></span> <span class='ocrx_word' id='word_1_740' title='bbox 1417 5341 1579 5396; x_wconf 86' lang='lat' dir='ltr'><strong>Pater</strong></span> <span class='ocrx_word' id='word_1_741' title='bbox 1606 5341 1695 5396; x_wconf 86' lang='lat' dir='ltr'><strong>hic</strong></span> <span class='ocrx_word' id='word_1_742' title='bbox 1719 5338 2016 5404; x_wconf 87' lang='lat' dir='ltr'><strong>declarare,</strong></span> 
     </span>
    </p>
   </div>
   <div class='ocr_carea' id='block_1_103' title="bbox 430 5429 2019 5503">
    <p class='ocr_par' dir='ltr' id='par_1_103' title="bbox 430 5429 2019 5503">
     <span class='ocr_line' id='line_1_103' title="bbox 430 5429 2019 5503; baseline -0.004 -16"><span class='ocrx_word' id='word_1_743' title='bbox 430 5436 563 5502; x_wconf 88' lang='lat' dir='ltr'><strong>quid</strong></span> <span class='ocrx_word' id='word_1_744' title='bbox 600 5437 705 5490; x_wconf 89' lang='lat' dir='ltr'><strong>illis</strong></span> <span class='ocrx_word' id='word_1_745' title='bbox 736 5449 1027 5492; x_wconf 87' lang='lat' dir='ltr'><strong>commune</strong></span> <span class='ocrx_word' id='word_1_746' title='bbox 1071 5441 1126 5489; x_wconf 86' lang='lat' dir='ltr'><strong>et</strong></span> <span class='ocrx_word' id='word_1_747' title='bbox 1165 5433 1296 5502; x_wconf 90' lang='lat' dir='ltr'><strong>quid</strong></span> <span class='ocrx_word' id='word_1_748' title='bbox 1324 5431 1606 5503; x_wconf 88' lang='lat' dir='ltr'><strong>proprium</strong></span> <span class='ocrx_word' id='word_1_749' title='bbox 1641 5429 1732 5493; x_wconf 91' lang='lat' dir='ltr'><strong>sit,</strong></span> <span class='ocrx_word' id='word_1_750' title='bbox 1763 5429 2019 5497; x_wconf 90' lang='lat' dir='ltr'><strong>quocirca</strong></span> 
     </span>
    </p>
   </div>
   <div class='ocr_carea' id='block_1_104' title="bbox 433 5521 2019 5595">
    <p class='ocr_par' dir='ltr' id='par_1_104' title="bbox 433 5521 2019 5595">
     <span class='ocr_line' id='line_1_104' title="bbox 433 5521 2019 5595; baseline -0.002 -17"><span class='ocrx_word' id='word_1_751' title='bbox 433 5525 566 5579; x_wconf 86' lang='lat' dir='ltr'><strong>dicit</strong></span> <span class='ocrx_word' id='word_1_752' title='bbox 597 5541 612 5579; x_wconf 92' lang='lat'><strong>:</strong></span> <span class='ocrx_word' id='word_1_753' title='bbox 645 5527 775 5593; x_wconf 70' lang='lat' dir='ltr'><strong>Qure</strong></span> <span class='ocrx_word' id='word_1_754' title='bbox 809 5527 1030 5595; x_wconf 89' lang='lat' dir='ltr'><strong>quidem</strong></span> <span class='ocrx_word' id='word_1_755' title='bbox 1059 5525 1308 5581; x_wconf 76' lang='lat' dir='ltr'><strong>ccelestis</strong></span> <span class='ocrx_word' id='word_1_756' title='bbox 1333 5523 1403 5578; x_wconf 90' lang='lat' dir='ltr'><strong>sit</strong></span> <span class='ocrx_word' id='word_1_757' title='bbox 1429 5521 1740 5577; x_wconf 88' lang='lat' dir='ltr'><strong>hierarchia</strong></span> <span class='ocrx_word' id='word_1_758' title='bbox 1767 5522 1896 5575; x_wconf 89' lang='lat' dir='ltr'><strong>alibi</strong></span> <span class='ocrx_word' id='word_1_759' title='bbox 1930 5536 2019 5576; x_wconf 90' lang='lat' dir='ltr'><strong>re-</strong></span> 
     </span>
    </p>
   </div>
   <div class='ocr_carea' id='block_1_105' title="bbox 435 5612 2020 5685">
    <p class='ocr_par' dir='ltr' id='par_1_105' title="bbox 435 5612 2020 5685">
     <span class='ocr_line' id='line_1_105' title="bbox 435 5612 2020 5685; baseline -0.002 -16"><span class='ocrx_word' id='word_1_760' title='bbox 435 5617 636 5685; x_wconf 87' lang='lat' dir='ltr'><strong>peries,</strong></span> <span class='ocrx_word' id='word_1_761' title='bbox 668 5619 761 5672; x_wconf 90' lang='lat' dir='ltr'><strong>ubi</strong></span> <span class='ocrx_word' id='word_1_762' title='bbox 791 5619 919 5673; x_wconf 90' lang='lat' dir='ltr'><strong>licet</strong></span> <span class='ocrx_word' id='word_1_763' title='bbox 949 5634 1054 5672; x_wconf 91' lang='lat' dir='ltr'><strong>non</strong></span> <span class='ocrx_word' id='word_1_764' title='bbox 1089 5632 1191 5685; x_wconf 93' lang='lat' dir='ltr'><strong>pro</strong></span> <span class='ocrx_word' id='word_1_765' title='bbox 1215 5616 1503 5684; x_wconf 78' lang='lat' dir='ltr'><strong>dignitate,</strong></span> <span class='ocrx_word' id='word_1_766' title='bbox 1533 5628 1632 5683; x_wconf 90' lang='lat' dir='ltr'><strong>pro</strong></span> <span class='ocrx_word' id='word_1_767' title='bbox 1663 5612 1804 5667; x_wconf 80' lang='lat' dir='ltr'><strong>virili</strong></span> <span class='ocrx_word' id='word_1_768' title='bbox 1841 5622 2020 5667; x_wconf 78' lang='lat' dir='ltr'><strong>tzuneu</strong></span> 
     </span>
    </p>
   </div>
   <div class='ocr_carea' id='block_1_106' title="bbox 438 5704 2020 5776">
    <p class='ocr_par' dir='ltr' id='par_1_106' title="bbox 438 5704 2020 5776">
     <span class='ocr_line' id='line_1_106' title="bbox 438 5704 2020 5776; baseline -0.001 -16"><span class='ocrx_word' id='word_1_769' title='bbox 438 5715 649 5771; x_wconf 90' lang='lat' dir='ltr'><strong>nostra,</strong></span> <span class='ocrx_word' id='word_1_770' title='bbox 684 5709 748 5762; x_wconf 91' lang='lat' dir='ltr'><strong>de</strong></span> <span class='ocrx_word' id='word_1_771' title='bbox 786 5709 890 5759; x_wconf 66' lang='lat' dir='ltr'><strong>illis</strong></span> <span class='ocrx_word' id='word_1_772' title='bbox 925 5711 1266 5776; x_wconf 89' lang='lat' dir='ltr'><strong>disputatum</strong></span> <span class='ocrx_word' id='word_1_773' title='bbox 1293 5716 1416 5771; x_wconf 89' lang='lat' dir='ltr'><strong>est;</strong></span> <span class='ocrx_word' id='word_1_774' title='bbox 1451 5704 1504 5758; x_wconf 92' lang='lat' dir='ltr'><strong>in</strong></span> <span class='ocrx_word' id='word_1_775' title='bbox 1541 5720 1649 5774; x_wconf 89' lang='lat' dir='ltr'><strong>quo</strong></span> <span class='ocrx_word' id='word_1_776' title='bbox 1674 5705 1936 5760; x_wconf 83' lang='lat' dir='ltr'><strong>Tractatu</strong></span> <span class='ocrx_word' id='word_1_777' title='bbox 1971 5706 2020 5758; x_wconf 89' lang='lat' dir='ltr'><strong>id</strong></span> 
     </span>
    </p>
   </div>
   <div class='ocr_carea' id='block_1_107' title="bbox 403 5787 2024 5870">
    <p class='ocr_par' dir='ltr' id='par_1_107' title="bbox 403 5787 2024 5870">
     <span class='ocr_line' id='line_1_107' title="bbox 403 5787 2024 5870; baseline 0.003 -19"><span class='ocrx_word' id='word_1_778' title='bbox 403 5787 409 5793; x_wconf 77' lang='grc'><strong>’</strong></span> <span class='ocrx_word' id='word_1_779' title='bbox 441 5811 608 5854; x_wconf 75' lang='lat' dir='ltr'><strong>eitum</strong></span> <span class='ocrx_word' id='word_1_780' title='bbox 634 5798 866 5857; x_wconf 61' lang='lat' dir='ltr'><strong>dicimus</strong></span> <span class='ocrx_word' id='word_1_781' title='bbox 910 5799 1296 5858; x_wconf 83' lang='lat' dir='ltr'><strong>observatione</strong></span> <span class='ocrx_word' id='word_1_782' title='bbox 1346 5800 1588 5869; x_wconf 82' lang='lat' dir='ltr'><strong>dignum,</strong></span> <span class='ocrx_word' id='word_1_783' title='bbox 1621 5801 1762 5870; x_wconf 89' lang='lat' dir='ltr'><strong>quod</strong></span> <span class='ocrx_word' id='word_1_784' title='bbox 1796 5815 1918 5857; x_wconf 80' lang='lat' dir='ltr'><strong>cum</strong></span> <span class='ocrx_word' id='word_1_785' title='bbox 1970 5798 2024 5856; x_wconf 90' lang='lat' dir='ltr'><strong>in</strong></span> 
     </span>
    </p>
   </div>
   <div class='ocr_carea' id='block_1_108' title="bbox 2117 4603 3672 4682">
    <p class='ocr_par' dir='ltr' id='par_1_108' title="bbox 2117 4603 3672 4682">
     <span class='ocr_line' id='line_1_108' title="bbox 2117 4603 3672 4682; baseline -0.004 -23"><span class='ocrx_word' id='word_1_786' title='bbox 2117 4607 2292 4662; x_wconf 87' lang='grc' dir='ltr'>λονότι</span> <span class='ocrx_word' id='word_1_787' title='bbox 2330 4607 2594 4682; x_wconf 67' lang='grc' dir='ltr'>καθαροὶ,</span> <span class='ocrx_word' id='word_1_788' title='bbox 2643 4610 2736 4662; x_wconf 74' lang='grc' dir='ltr'><strong>καὶ</strong></span> <span class='ocrx_word' id='word_1_789' title='bbox 2789 4608 3103 4680; x_wconf 77' lang='grc' dir='ltr'>φωτοειδεῖς</span> <span class='ocrx_word' id='word_1_790' title='bbox 3127 4648 3143 4673; x_wconf 88' lang='grc'><strong>,</strong></span> <span class='ocrx_word' id='word_1_791' title='bbox 3180 4610 3274 4662; x_wconf 75' lang='grc' dir='ltr'><strong>καὶ</strong></span> <span class='ocrx_word' id='word_1_792' title='bbox 3306 4603 3672 4676; x_wconf 79' lang='grc' dir='ltr'>τετελεσμένοι-</span> 
     </span>
    </p>
   </div>
   <div class='ocr_carea' id='block_1_109' title="bbox 2121 4693 3678 4772">
    <p class='ocr_par' dir='ltr' id='par_1_109' title="bbox 2121 4693 3678 4772">
     <span class='ocr_line' id='line_1_109' title="bbox 2121 4693 3678 4772; baseline -0.002 -21"><span class='ocrx_word' id='word_1_793' title='bbox 2121 4699 2196 4762; x_wconf 87' lang='grc' dir='ltr'>ὼς</span> <span class='ocrx_word' id='word_1_794' title='bbox 2230 4698 2352 4755; x_wconf 81' lang='grc' dir='ltr'>καθ’</span> <span class='ocrx_word' id='word_1_795' title='bbox 2389 4699 2502 4764; x_wconf 69' lang='grc' dir='ltr'>ἕξιν</span> <span class='ocrx_word' id='word_1_796' title='bbox 2544 4701 2601 4754; x_wconf 83' lang='grc' dir='ltr'><strong>δὲ</strong></span> <span class='ocrx_word' id='word_1_797' title='bbox 2635 4701 2852 4772; x_wconf 77' lang='grc' dir='ltr'>ἔχοντες</span> <span class='ocrx_word' id='word_1_798' title='bbox 2889 4699 3062 4754; x_wconf 89' lang='grc' dir='ltr'>ταῦτα</span> <span class='ocrx_word' id='word_1_799' title='bbox 3087 4741 3101 4766; x_wconf 94' lang='grc'><strong>,</strong></span> <span class='ocrx_word' id='word_1_800' title='bbox 3133 4702 3228 4754; x_wconf 76' lang='grc' dir='ltr'><strong>καὶ</strong></span> <span class='ocrx_word' id='word_1_801' title='bbox 3261 4701 3393 4772; x_wconf 81' lang='grc' dir='ltr'>δρᾷν</span> <span class='ocrx_word' id='word_1_802' title='bbox 3428 4697 3508 4751; x_wconf 77' lang='grc' dir='ltr'>ἐπ’</span> <span class='ocrx_word' id='word_1_803' title='bbox 3547 4693 3678 4748; x_wconf 79' lang='grc' dir='ltr'>ἄλλον</span> 
     </span>
    </p>
   </div>
   <div class='ocr_carea' id='block_1_110' title="bbox 2122 4787 3677 4867">
    <p class='ocr_par' dir='ltr' id='par_1_110' title="bbox 2122 4787 3677 4867">
     <span class='ocr_line' id='line_1_110' title="bbox 2122 4787 3677 4867; baseline -0.001 -23"><span class='ocrx_word' id='word_1_804' title='bbox 2122 4793 2434 4864; x_wconf 88' lang='grc' dir='ltr'>δυνάμενοι,</span> <span class='ocrx_word' id='word_1_805' title='bbox 2473 4795 2778 4867; x_wconf 76' lang='grc' dir='ltr'>ἀφιερωταὶ</span> <span class='ocrx_word' id='word_1_806' title='bbox 2810 4795 2904 4850; x_wconf 73' lang='grc' dir='ltr'><strong>καὶ</strong></span> <span class='ocrx_word' id='word_1_807' title='bbox 2929 4795 3316 4867; x_wconf 73' lang='grc' dir='ltr'>φωτουργικοὶ,</span> <span class='ocrx_word' id='word_1_808' title='bbox 3343 4793 3439 4846; x_wconf 78' lang='grc' dir='ltr'>εἴτ’</span> <span class='ocrx_word' id='word_1_809' title='bbox 3471 4787 3554 4844; x_wconf 73' lang='grc' dir='ltr'><strong>οὖν</strong></span> <span class='ocrx_word' id='word_1_810' title='bbox 3582 4803 3677 4854; x_wconf 68' lang='grc' dir='ltr'><strong>φω-</strong></span> 
     </span>
    </p>
   </div>
   <div class='ocr_carea' id='block_1_111' title="bbox 2119 4880 3676 4960">
    <p class='ocr_par' dir='ltr' id='par_1_111' title="bbox 2119 4880 3676 4960">
     <span class='ocr_line' id='line_1_111' title="bbox 2119 4880 3676 4960; baseline -0.001 -22"><span class='ocrx_word' id='word_1_811' title='bbox 2119 4887 2378 4949; x_wconf 74' lang='grc' dir='ltr'>τιστικοὶ,</span> <span class='ocrx_word' id='word_1_812' title='bbox 2411 4886 2506 4939; x_wconf 78' lang='grc' dir='ltr'>καὶ</span> <span class='ocrx_word' id='word_1_813' title='bbox 2542 4887 2910 4960; x_wconf 81' lang='grc' dir='ltr'>τελεσιουργοί</span> <span class='ocrx_word' id='word_1_814' title='bbox 2929 4907 2941 4919; x_wconf 73' lang='grc' dir='ltr'><strong><em>ο</em></strong></span> <span class='ocrx_word' id='word_1_815' title='bbox 2981 4886 3154 4941; x_wconf 86' lang='grc' dir='ltr'>ταῦτα</span> <span class='ocrx_word' id='word_1_816' title='bbox 3189 4886 3300 4958; x_wconf 77' lang='grc' dir='ltr'>γὰρ</span> <span class='ocrx_word' id='word_1_817' title='bbox 3323 4887 3390 4939; x_wconf 86' lang='grc' dir='ltr'><strong>τά</strong></span> <span class='ocrx_word' id='word_1_818' title='bbox 3420 4884 3534 4956; x_wconf 84' lang='grc' dir='ltr'>τρία</span> <span class='ocrx_word' id='word_1_819' title='bbox 3560 4880 3676 4951; x_wconf 77' lang='grc' dir='ltr'>μέρη</span> 
     </span>
    </p>
   </div>
   <div class='ocr_carea' id='block_1_112' title="bbox 2123 4980 2726 5053">
    <p class='ocr_par' dir='ltr' id='par_1_112' title="bbox 2123 4980 2726 5053">
     <span class='ocr_line' id='line_1_112' title="bbox 2123 4980 2726 5053; baseline -0.002 -19"><span class='ocrx_word' id='word_1_820' title='bbox 2123 4980 2222 5052; x_wconf 77' lang='grc' dir='ltr'>τῆς</span> <span class='ocrx_word' id='word_1_821' title='bbox 2261 4982 2302 5034; x_wconf 85' lang='grc' dir='ltr'><strong>ίε</strong></span> <span class='ocrx_word' id='word_1_822' title='bbox 2314 4981 2542 5053; x_wconf 80' lang='grc' dir='ltr'>ραρχίας</span> <span class='ocrx_word' id='word_1_823' title='bbox 2570 4982 2726 5036; x_wconf 77' lang='grc' dir='ltr'>εἰσίν.</span> 
     </span>
    </p>
   </div>
   <div class='ocr_carea' id='block_1_113' title="bbox 2199 5157 3678 5235">
    <p class='ocr_par' dir='ltr' id='par_1_113' title="bbox 2199 5157 3678 5235">
     <span class='ocr_line' id='line_1_113' title="bbox 2199 5157 3678 5235; baseline -0.004 -20"><span class='ocrx_word' id='word_1_824' title='bbox 2199 5159 2228 5231; x_wconf 80' lang='lat'><strong>§</strong></span> <span class='ocrx_word' id='word_1_825' title='bbox 2254 5159 2312 5214; x_wconf 91' lang='grc' dir='ltr'><strong>ΙΙ.</strong></span> <span class='ocrx_word' id='word_1_826' title='bbox 2352 5161 2572 5233; x_wconf 76' lang='grc' dir='ltr'>Ἐπειδὴ</span> <span class='ocrx_word' id='word_1_827' title='bbox 2597 5161 2689 5214; x_wconf 82' lang='grc' dir='ltr'><strong>δύο</strong></span> <span class='ocrx_word' id='word_1_828' title='bbox 2725 5161 3007 5235; x_wconf 82' lang='grc' dir='ltr'>ἱεραρχίας</span> <span class='ocrx_word' id='word_1_829' title='bbox 3031 5164 3058 5215; x_wconf 83' lang='grc' dir='ltr'><strong>ό</strong></span> <span class='ocrx_word' id='word_1_830' title='bbox 3085 5160 3240 5229; x_wconf 89' lang='grc' dir='ltr'>λόγος</span> <span class='ocrx_word' id='word_1_831' title='bbox 3266 5157 3380 5213; x_wconf 76' lang='grc' dir='ltr'>οἶδε</span> <span class='ocrx_word' id='word_1_832' title='bbox 3405 5157 3534 5212; x_wconf 75' lang='grc' dir='ltr'>κατά</span> <span class='ocrx_word' id='word_1_833' title='bbox 3557 5168 3678 5230; x_wconf 61' lang='grc' dir='ltr'>μετοτ</span> 
     </span>
    </p>
   </div>
   <div class='ocr_carea' id='block_1_114' title="bbox 2124 5237 3677 5324">
    <p class='ocr_par' dir='ltr' id='par_1_114' title="bbox 2124 5237 3677 5324">
     <span class='ocr_line' id='line_1_114' title="bbox 2124 5237 3677 5324; baseline 0.002 -19"><span class='ocrx_word' id='word_1_834' title='bbox 2124 5253 2225 5324; x_wconf 82' lang='grc' dir='ltr'>χὴν</span> <span class='ocrx_word' id='word_1_835' title='bbox 2259 5253 2357 5324; x_wconf 82' lang='grc' dir='ltr'>τῆς</span> <span class='ocrx_word' id='word_1_836' title='bbox 2386 5252 2831 5324; x_wconf 86' lang='grc' dir='ltr'>θεαρχικωτάτης</span> <span class='ocrx_word' id='word_1_837' title='bbox 2853 5253 3040 5319; x_wconf 71' lang='grc' dir='ltr'>οὐσίας</span> <span class='ocrx_word' id='word_1_838' title='bbox 3065 5255 3284 5324; x_wconf 82' lang='grc' dir='ltr'>ἁπάσης</span> <span class='ocrx_word' id='word_1_839' title='bbox 3312 5249 3574 5323; x_wconf 82' lang='grc' dir='ltr'>ίεραρχίας</span> <span class='ocrx_word' id='word_1_840' title='bbox 3599 5237 3677 5295; x_wconf 56' lang='grc' dir='ltr'><strong>τοῦ</strong></span> 
     </span>
    </p>
   </div>
   <div class='ocr_carea' id='block_1_115' title="bbox 2123 5329 3676 5416">
    <p class='ocr_par' dir='ltr' id='par_1_115' title="bbox 2123 5329 3676 5416">
     <span class='ocr_line' id='line_1_115' title="bbox 2123 5329 3676 5416; baseline -0.003 -18"><span class='ocrx_word' id='word_1_841' title='bbox 2123 5345 2260 5398; x_wconf 85' lang='grc' dir='ltr'>Θεοῦ</span> <span class='ocrx_word' id='word_1_842' title='bbox 2281 5386 2295 5410; x_wconf 93' lang='grc'><strong>,</strong></span> <span class='ocrx_word' id='word_1_843' title='bbox 2331 5343 2632 5415; x_wconf 85' lang='grc' dir='ltr'>βούλεταιὸ</span> <span class='ocrx_word' id='word_1_844' title='bbox 2658 5346 2849 5416; x_wconf 69' lang='grc' dir='ltr'>Πατὴρ</span> <span class='ocrx_word' id='word_1_845' title='bbox 2893 5345 2952 5398; x_wconf 89' lang='grc' dir='ltr'><strong>τό</strong></span> <span class='ocrx_word' id='word_1_846' title='bbox 2998 5363 3058 5398; x_wconf 90' lang='grc' dir='ltr'><strong>τε</strong></span> <span class='ocrx_word' id='word_1_847' title='bbox 3096 5346 3275 5399; x_wconf 78' lang='grc' dir='ltr'>ἰοινὸν</span> <span class='ocrx_word' id='word_1_848' title='bbox 3318 5345 3488 5398; x_wconf 82' lang='grc' dir='ltr'>αὐτῶν</span> <span class='ocrx_word' id='word_1_849' title='bbox 3521 5340 3598 5393; x_wconf 74' lang='grc' dir='ltr'>καὶ</span> <span class='ocrx_word' id='word_1_850' title='bbox 3625 5329 3676 5384; x_wconf 75' lang='grc' dir='ltr'>τδ</span> 
     </span>
    </p>
   </div>
   <div class='ocr_carea' id='block_1_116' title="bbox 2128 5423 3675 5511">
    <p class='ocr_par' dir='ltr' id='par_1_116' title="bbox 2128 5423 3675 5511">
     <span class='ocr_line' id='line_1_116' title="bbox 2128 5423 3675 5511; baseline -0.006 -22"><span class='ocrx_word' id='word_1_851' title='bbox 2128 5438 2259 5490; x_wconf 74' lang='grc' dir='ltr'>[διον</span> <span class='ocrx_word' id='word_1_852' title='bbox 2291 5436 2661 5506; x_wconf 74' lang='grc' dir='ltr'>διασαφῆσαι,</span> <span class='ocrx_word' id='word_1_853' title='bbox 2698 5437 2790 5489; x_wconf 81' lang='grc' dir='ltr'>διὰ</span> <span class='ocrx_word' id='word_1_854' title='bbox 2826 5437 2984 5491; x_wconf 84' lang='grc' dir='ltr'>τοῦτο</span> <span class='ocrx_word' id='word_1_855' title='bbox 3029 5437 3175 5507; x_wconf 80' lang='grc' dir='ltr'>λεγει</span> <span class='ocrx_word' id='word_1_856' title='bbox 3199 5455 3212 5468; x_wconf 71' lang='grc' dir='ltr'><strong>ο</strong></span> <span class='ocrx_word' id='word_1_857' title='bbox 3259 5439 3356 5502; x_wconf 85' lang='grc' dir='ltr'><strong>Τίς</strong></span> <span class='ocrx_word' id='word_1_858' title='bbox 3385 5437 3477 5509; x_wconf 81' lang='grc' dir='ltr'><strong>μέν</strong></span> <span class='ocrx_word' id='word_1_859' title='bbox 3499 5436 3618 5486; x_wconf 82' lang='grc' dir='ltr'>ἐστιν</span> 
     </span>
    </p>
   </div>
   <div class='ocr_carea' id='block_1_117' title="bbox 2125 5517 3674 5602">
    <p class='ocr_par' dir='ltr' id='par_1_117' title="bbox 2125 5517 3674 5602">
     <span class='ocr_line' id='line_1_117' title="bbox 2125 5517 3674 5602; baseline -0.006 -19"><span class='ocrx_word' id='word_1_860' title='bbox 2125 5530 2352 5602; x_wconf 81' lang='grc' dir='ltr'>οὐρανία</span> <span class='ocrx_word' id='word_1_861' title='bbox 2405 5526 2694 5596; x_wconf 82' lang='grc' dir='ltr'>ἱεραρχία,</span> <span class='ocrx_word' id='word_1_862' title='bbox 2747 5530 3001 5600; x_wconf 79' lang='grc' dir='ltr'>εὑρήσεις</span> <span class='ocrx_word' id='word_1_863' title='bbox 3056 5530 3112 5581; x_wconf 87' lang='grc' dir='ltr'><strong>ἐν</strong></span> <span class='ocrx_word' id='word_1_864' title='bbox 3168 5530 3387 5594; x_wconf 83' lang='grc' dir='ltr'>ἄλλοις,</span> <span class='ocrx_word' id='word_1_865' title='bbox 3438 5530 3557 5580; x_wconf 79' lang='grc' dir='ltr'>ὅπου</span> <span class='ocrx_word' id='word_1_866' title='bbox 3595 5517 3674 5571; x_wconf 76' lang='grc' dir='ltr'>οὐκ</span> 
     </span>
    </p>
   </div>
   <div class='ocr_carea' id='block_1_118' title="bbox 2128 5613 3670 5692">
    <p class='ocr_par' dir='ltr' id='par_1_118' title="bbox 2128 5613 3670 5692">
     <span class='ocr_line' id='line_1_118' title="bbox 2128 5613 3670 5692; baseline -0.024 4"><span class='ocrx_word' id='word_1_867' title='bbox 2128 5621 2294 5686; x_wconf 73' lang='grc' dir='ltr'><strong>ἀξίως</strong></span> <span class='ocrx_word' id='word_1_868' title='bbox 2332 5621 2450 5690; x_wconf 72' lang='grc' dir='ltr'><strong>μὲνν</strong></span> <span class='ocrx_word' id='word_1_869' title='bbox 2484 5617 2560 5681; x_wconf 70' lang='grc' dir='ltr'><strong>ὡς</strong></span> <span class='ocrx_word' id='word_1_870' title='bbox 2593 5619 2816 5685; x_wconf 56' lang='grc' dir='ltr'><strong>ὲἤεικτὸν</strong></span> <span class='ocrx_word' id='word_1_871' title='bbox 2840 5621 2894 5673; x_wconf 83' lang='grc' dir='ltr'><strong>δέ</strong></span> <span class='ocrx_word' id='word_1_872' title='bbox 2931 5622 3081 5690; x_wconf 84' lang='grc' dir='ltr'>ἡμῖν,</span> <span class='ocrx_word' id='word_1_873' title='bbox 3113 5621 3241 5692; x_wconf 73' lang='grc' dir='ltr'>περὶ</span> <span class='ocrx_word' id='word_1_874' title='bbox 3265 5619 3439 5673; x_wconf 78' lang='grc' dir='ltr'>αὐτῶν</span> <span class='ocrx_word' id='word_1_875' title='bbox 3464 5613 3670 5686; x_wconf 65' lang='grc' dir='ltr'>εἴρηταν</span> 
     </span>
    </p>
   </div>
   <div class='ocr_carea' id='block_1_119' title="bbox 2130 5703 3670 5783">
    <p class='ocr_par' dir='ltr' id='par_1_119' title="bbox 2130 5703 3670 5783">
     <span class='ocr_line' id='line_1_119' title="bbox 2130 5703 3670 5783; baseline -0.003 -22"><span class='ocrx_word' id='word_1_876' title='bbox 2130 5713 2185 5761; x_wconf 73' lang='grc' dir='ltr'><strong>ἐν</strong></span> <span class='ocrx_word' id='word_1_877' title='bbox 2298 5710 2352 5761; x_wconf 78' lang='grc' dir='ltr'>δὲ</span> <span class='ocrx_word' id='word_1_878' title='bbox 2398 5711 2674 5778; x_wconf 81' lang='grc' dir='ltr'>περικοπῇ</span> <span class='ocrx_word' id='word_1_879' title='bbox 2707 5707 2766 5762; x_wconf 76' lang='grc' dir='ltr'>ἓν</span> <span class='ocrx_word' id='word_1_880' title='bbox 2804 5727 2853 5763; x_wconf 80' lang='grc' dir='ltr'><strong>τι</strong></span> <span class='ocrx_word' id='word_1_881' title='bbox 2896 5709 3128 5779; x_wconf 83' lang='grc' dir='ltr'>λέγομεν</span> <span class='ocrx_word' id='word_1_882' title='bbox 3164 5710 3492 5767; x_wconf 80' lang='grc' dir='ltr'>ἐπιστάσεως</span> <span class='ocrx_word' id='word_1_883' title='bbox 3534 5703 3670 5765; x_wconf 73' lang='grc' dir='ltr'>ἄξιον·</span> 
     </span>
    </p>
   </div>
   <div class='ocr_carea' id='block_1_120' title="bbox 2129 5798 3671 5875">
    <p class='ocr_par' dir='ltr' id='par_1_120' title="bbox 2129 5798 3671 5875">
     <span class='ocr_line' id='line_1_120' title="bbox 2129 5798 3671 5875; baseline -0.021 3"><span class='ocrx_word' id='word_1_884' title='bbox 2129 5803 2208 5854; x_wconf 67' lang='grc' dir='ltr'><strong>ὅτι</strong></span> <span class='ocrx_word' id='word_1_885' title='bbox 2240 5805 2395 5875; x_wconf 68' lang='grc' dir='ltr'><strong>ἡμεῖς</strong></span> <span class='ocrx_word' id='word_1_886' title='bbox 2439 5799 2556 5869; x_wconf 75' lang='grc' dir='ltr'>μὲν,</span> <span class='ocrx_word' id='word_1_887' title='bbox 2595 5799 2736 5852; x_wconf 61' lang='grc' dir='ltr'>κατὰ</span> <span class='ocrx_word' id='word_1_888' title='bbox 2775 5803 2946 5857; x_wconf 72' lang='grc' dir='ltr'>πάντα</span> <span class='ocrx_word' id='word_1_889' title='bbox 2985 5801 3306 5875; x_wconf 78' lang='grc' dir='ltr'>προθέμενοι</span> <span class='ocrx_word' id='word_1_890' title='bbox 3345 5803 3452 5863; x_wconf 81' lang='grc' dir='ltr'>τοῖς</span> <span class='ocrx_word' id='word_1_891' title='bbox 3495 5798 3671 5866; x_wconf 74' lang='grc' dir='ltr'>ἀρχαιο-</span> 
     </span>
    </p>
   </div>
  </div>
