3734 6318
35 308 169 363 385

613 306 702 360 DE
735 303 1015 360 ECCLES.
1047 299 1448 367 HlEBAR-C-ﬂ.,

1828 299 2227 356 -'PARAPllR.
2273 301 2746 357 PACIIYMERJZ.

3253 299 3358 356 388

33 428 251 498 τέροις
283 423 727 486 κατακολουθεῖν,
763 424 821 475 ἐν
852 421 931 492 τῷ
966 420 1106 488 Περὶ
1132 418 1244 487 τῆς
1267 421 1450 486 εὗραν

1828 417 2033 470 nnibus
2061 417 2396 484 propositum
2431 417 2500 471 sit
2535 418 2689 473 nobis
2723 420 3066 489 antiquiores
3087 422 3260 492 sequi,
3298 416 3356 474 in

24 535 169 586 ραρ
179 519 324 585 χίας
352 516 578 588 εἴπομεν
604 515 724 569 κατ’
752 514 994 575 ἐκείνους
1021 512 1118 582 τὴν
1140 510 1248 564 τῶν
1282 511 1488 582 θρόνων
1510 509 1662 574 τάξιν

33 611 413 681 ὑψηλοτέραν
452 609 561 662 τῶν
595 607 788 662 ἄλλων.
823 605 1131 676 Σκοπητὲον
1163 605 1220 657 δέ
1254 606 1318 656 ἐκ
1362 602 1586 665 τούτων,
1612 604 1662 655 εἰ

32 702 252 765 καλῶς
307 700 542 770 ταύτην,
599 700 692 753 καὶ
727 699 787 752 οὺ
835 691 932 769 τὴν
968 695 1078 749 τῶν
1119 695 1385 767 σεραφίμ·
1430 693 1663 748 ἐνταῦθα

33 793 166 864 γὰρ
200 793 318 847 ἀπὸ
354 792 460 845 τῶν
495 792 738 863 ἐσχάτων
771 789 1082 859 διακόσμων
1117 787 1455 858 ἀρξάμενος,
1501 785 1661 858 μέχρι

32 887 148 937 καὶ
173 885 296 938 τῶν
326 885 566 956 σεραιρὶμ
591 882 874 952 κατέληξε.
905 881 1052 952 Πλὴν
1093 879 1207 933 ἀλλ’
1239 881 1386 944 ὅπως
1421 879 1486 932 ἂν
1526 879 1658 950 ἔχοι,

33 976 273 1030 νικάτω
317 977 377 1029 τὸ
434 974 810 1046 ἀρχαιότερον.
854 972 1120 1026 Τοσοῦτον
1158 973 1214 1026 δὲ
1252 974 1402 1044 ὅμως
1441 974 1468 1024 ό
1508 973 1661 1041 ἅγιος

31 1067 232 1134 λέγει,
259 1068 324 1120 τὸ
349 1068 524 1121 κοινὸν
547 1066 766 1138 ἁπάσης
793 1064 1072 1138 ίεραρχίας
1099 1064 1371 1129 συνιστὰς,
1399 1066 1480 1118 ὅτι
1510 1066 1660 1117 πᾶσα

32 1161 322 1231 ίεραρχία
345 1151 472 1230 μίαν
507 1159 620 1229 ἔχει
661 1159 760 1229 τὴν
797 1157 1048 1231 δύναμιν.
1086 1158 1159 1211 Τὸ
1190 1157 1370 1212 τοίνυν
1398 1158 1560 1210 αὐτόν
1601 1174 1660 1210 τε

29 1252 137 1304 τὸν
174 1253 447 1324 ἱεράρχην
473 1251 613 1304 κατὰ
643 1251 744 1322 τὴν
783 1250 915 1305 ἰδίαν
948 1251 1134 1304 οὐσίαν
1155 1267 1168 1281 '
1206 1251 1338 1323 άλλη
1363 1251 1472 1322 γὰρ
1497 1252 1662 1321 ἀγγέ-

28 1344 138 1397 λου
177 1345 485 1416 τελειότης,
524 1344 618 1397 καὶ
663 1344 798 1414 ἄλλη
835 1343 1155 1415 ἀνθρώπου·
1202 1345 1296 1398 καὶ
1323 1342 1479 1410 αὖθις
1521 1346 1662 1399 κατά

26 1440 144 1508 τὴν
188 1439 408 1493 οἰκείαν
435 1439 724 1509 ἀναλογίαν
762 1443 856 1494 καὶ
891 1438 1046 1506 τάξιν
1066 1457 1078 1470 ·
1107 1441 1200 1494 ἐπὶ
1222 1439 1332 1511 γὰρ
1356 1443 1468 1504 τοῖς
1497 1441 1662 1510 ούρα-

27 1534 188 1598 νίοις
219 1534 360 1606 άλλη
397 1535 495 1606 τῆς
530 1520 994 1607 ὑπερόεϐηκυίαξ,
1029 1535 1126 1588 καὶ
1158 1534 1292 1605 άλλη
1327 1534 1428 1604 τῆς
1461 1533 1660 1587 ὑποϐε-

31 1626 299 1697 ϐηκυίας
346 1627 552 1692 τάξεως
593 1630 625 1699 ἡ
672 1628 1034 1700 λαμπρότης·
1076 1627 1170 1680 ἐπὶ⁹
1199 1627 1256 1680 δέ
1299 1629 1413 1690 τοῖς
1451 1625 1662 1697 γηῖνοις

29 1721 184 1792 ἄλλη
222 1720 340 1774 τῶν
369 1723 709 1786 ἐπισκόπων,
747 1723 842 1776 καὶ¹
881 1722 1017 1794 ἄλλη
1053 1723 1162 1776 τῶν
1201 1721 1586 1794 πρεσϐυτέρων
1625 1723 1658 1793 ή

1769 508 1908 563 libro
1929 507 2002 564 De
2023 507 2230 563 Caelesti
2256 507 2574 563 llierarcltia
2600 511 2863 577 diximus,
2890 513 3035 568 inter
3058 513 3179 568 illos
3209 515 3358 569 thro-

1766 616 1962 656 norum
2011 603 2261 656 ordinem
2299 604 2516 658 caeteris
2547 619 2666 659 esse
2711 605 3112 662 sublimiorem.
3148 609 3354 665 Verum

1765 709 1831 748 ex
1863 696 1950 749 his
1977 695 2450 765 perpendendum,
2489 713 2618 750 num
2645 698 2794 754 illum
2832 711 3003 767 recte,
3034 713 3088 757 et
3129 720 3235 758 non
3267 719 3355 760 se-

1764 787 2016 856 raphim,
2061 786 2441 842 sublimiorem
2499 788 2748 844 ordinem
2795 806 3046 848 asserere
3099 795 3358 850 debueri-

1766 894 1884 932 mus
1929 895 1943 932 :
2001 878 2091 934 hic
2140 880 2286 934 enim
2334 879 2406 934 ab
2453 879 2662 935 ultimis
2715 882 3164 953 dispositionibus
3218 887 3356 941 inci—

1766 973 1939 1043 piens,
1975 976 2191 1027 tandem
2226 974 2280 1028 in
2311 974 2584 1043 seraphim
2620 975 2834 1029 desivit.
2867 976 3164 1046 Caeterum,
3197 981 3356 1052 quid-

1763 1066 1893 1134 quid
1933 1066 2034 1120 hac
2085 1066 2153 1120 de
2201 1082 2262 1121 re
2308 1065 2400 1130 sit,
2438 1066 2624 1125 vincat
2666 1068 2718 1122 id
2751 1069 2894 1138 quod
2937 1071 3217 1140 antiquius
3246 1083 3351 1127 est.

1763 1157 1896 1212 Illud
1942 1168 2094 1213 certe
2151 1168 2381 1214 sanctus
2436 1159 2525 1212 hic
2573 1159 2836 1227 allirmat,
2888 1178 3182 1218 commune
3230 1178 3354 1219 esse

1761 1251 1908 1306 omni
1931 1251 2252 1308 hierarchiae
2270 1251 2416 1322 quod
2432 1253 2611 1307 omnis
2635 1253 2782 1308 hiera
2793 1253 2943 1308 rchia
2966 1271 3130 1308 unam
3149 1255 3356 1310 habeat

1762 1345 2041 1400 virtutem.
2076 1344 2274 1400 Delinit
2312 1347 2497 1416 itaque
2531 1346 2898 1402 hierarchiam
2952 1347 3109 1418 163
3155 1349 3352 1418 partim

1763 1440 2066 1493 secundum
2105 1439 2390 1508 propriam
2423 1448 2701 1507 naturam,
2731 1441 2989 1508 quoniam
3014 1441 3122 1495 alia
3151 1453 3235 1496 est
3257 1457 3355 1496 an-

1766 1530 1896 1600 geli,
1927 1540 1982 1586 et
2017 1530 2120 1585 alia
2153 1531 2390 1586 hominis
2419 1531 2704 1600 perfectio,
2736 1533 2941 1602 partim
2976 1533 3140 1586 etiam
3169 1548 3356 1588 secun-

1765 1623 1894 1678 dum
1936 1624 2370 1694 proportionem-
2401 1634 2457 1678 et
2505 1623 2754 1678 ordinem
2803 1623 3001 1693 cuique
3037 1624 3349 1693 proprium:

1764 1716 2026 1784 quoniam
2073 1716 2128 1770 in
2183 1715 2500 1771 cwlestibus
2533 1715 2640 1770 alia
2681 1725 2766 1770 est
2809 1715 3135 1785 superioris,
3167 1725 3221 1770 et
3247 1716 3353 1770 alia

27 1813 232 1880 τάξις.
278 1815 355 1868 Τὸ
390 1815 671 1885 ἀναλόγως
710 1813 842 1884 γοῦν
893 1814 1212 1885 τελεσθῆναι
1249 1814 1343 1868 τὸν
1383 1816 1450 1886 ἱεε

1831 1801 2050 1856 ferioris
2108 1801 2317 1856 ordinis
2369 1800 2671 1866 claritudo;
2718 1801 2772 1854 in
2827 1801 3183 1856 terrestribus
3223 1817 3358 1857 vero

27 1907 135 1959 καὶ
190 1909 317 1970 τοῖς
369 1907 738 1979 ὑποϐεϐηκόσι
790 1907 1126 1978 μεταδιδόναι
1166 1907 1265 1978 τῆς
1303 1906 1660 1977 ἐγγινομένης

28 1999 200 2069 αὐτῷ
241 1999 434 2053 θεόθεν
461 1999 803 2070 ἐλλάμψεως,
836 1999 927 2051 καί
955 1999 1116 2053 πάλιν
1153 1999 1282 2063 τοὺς
1323 1997 1660 2069 ὑποϐεϐηκόα

27 2108 134 2154 τας
167 2094 296 2154 τοῖς
326 2092 600 2164 κρείττοσι
627 2093 724 2164 μὲν
747 2092 997 2156 ἕπεσθαι,
1035 2091 1141 2144 τῶν
1166 2091 1222 2144 δε
1249 2090 1486 2161 ἡττόνων
1511 2091 1661 2160 ἡγεῖ-

33 2184 191 2250 σθαι,
230 2183 401 2238 τοῦτό
425 2187 631 2258 ἐστινὴ
664 2187 816 2258 κοινὴ
855 2187 953 2258 τῆς
995 2184 1280 2257 ἱεραρχίας
1318 2185 1538 2255 ἀπάσης
1565 2183 1654 2236 δύ-

29 2296 230 2350 ναμις.
283 2279 361 2330 Οὐ
394 2279 500 2350 μὴν
521 2278 600 2341 δὲ,
642 2279 759 2332 ἀλλ’
784 2278 916 2332 ἴδιόν
939 2279 1086 2331 ἐστιν
1110 2277 1346 2350 ἑκατέρα
1381 2279 1655 2352 ἰεραρχίᾳ,

30 2371 115 2424 ὅτι
146 2374 183 2442 ἠ
222 2371 336 2442 μὲν
378 2371 605 2443 οὐρανία
642 2372 952 2444 ἀσωμάτων
991 2371 1109 2423 ἐστί
1143 2372 1238 2424 καὶ¹
1275 2370 1480 2442 νοητῶν
1520 2373 1657 2443 πρὸς

31 2465 191 2534 ἡμᾶς
235 2464 531 2533 (κάκεῖναι
557 2463 666 2536 γὰρ
695 2463 831 2537 πρὸς
860 2464 950 2519 τὸν
987 2463 1118 2517 Θεὸν
1141 2464 1325 2534 νοεραί
1370 2463 1536 2535 εἰσι),
1564 2463 1657 2518 καί

31 2556 120 2608 διὰ
149 2555 329 2608 τοῦτο
356 2558 450 2608 καὶ
487 2556 742 2628 ἱεραρχία
761 2556 940 2610 αὐτῶν
967 2555 1134 2628 νοητὴ
1162 2557 1256 2608 καὶ
1288 2556 1657 2628 ὑπερκόσμιός

32 2649 188 2700 ἐστιν
212 2664 228 2678 ο
283 2649 322 2718 ἡ
372 2647 498 2700 καθ’
529 2649 677 2720 ἡμᾶς
715 2649 771 2702 δὲ
809 2649 877 2701 δι’
905 2647 1180 2719 αἰσθητῶν
1213 2648 1515 2719 συμϐόλων,
1557 2649 1653 2720 δη-

30 2740 216 2793 λονότι
259 2739 642 2810 βαπτίσματος
668 2781 682 2805 ,
721 2740 1015 2808 συνάξεως,
1065 2741 1382 2805 κοινωνίας,
1416 2742 1509 2794 καὶ
1546 2741 1654 2795 τῶν

27 2830 249 2885 λοιπῶν
287 2831 680 2903 ποικιλλομὲνη
705 2831 1061 2902 πληθύνεται.
1100 2833 1252 2904 Ὄσῳ
1282 2833 1389 2905 γάρ
1412 2850 1496 2897 τις
1526 2833 1655 2887 ἀνά-

30 2940 194 2977 γεται
226 2925 321 2988 εἰς
354 2923 416 2976 τὸ
455 2924 678 2988 ἐνιαῖον,
720 2923 914 2994 φθάνει
951 2925 1050 2996 τῆς
1090 2925 1328 2996 νοήσεως
1357 2942 1371 2956 ο
1413 2927 1507 2978 καὶ
1545 2925 1654 2996 ὅσῳ

27 3014 144 3075 τοῖς
189 3010 484 3082 αἰσθητοῖς
518 3016 831 3084 προχωρεῖ,
874 3011 1206 3086 πληθύνεται
1236 3017 1348 3078 τοῖς
1378 3014 1653 3087 αἰσθητοῖς

28 3093 102 3152 ὧν
136 3101 494 3156 αἰσθάνεται.
557 3103 750 3174 Ἑτέρα
800 3100 956 3168 αὖθις
997 3104 1106 3158 τῶν
1147 3105 1242 3159 δύο
1281 3105 1536 3179 διάφορα,
1571 3107 1651 3160 ὅτι

1762 1894 2010 1961 alius,est
2036 1894 2277 1964 episcopi
2307 1904 2362 1949 et
2391 1895 2530 1949 alius
2558 1896 2695 1949 ordo
2723 1896 3197 1967 presbyterorum.
3225 1895 3352 1950 llic-

1762 1988 2038 2042 rarcbiam
2088 1988 2273 2057 itaque
2310 1987 2536 2052 initiari,
2579 1997 2635 2041 et
2680 1988 3038 2042 inferioribus
3062 1989 3176 2043 suis
3211 1989 3352 2050 insi-

1763 2089 1870 2134 tam
1923 2079 2028 2135 sibi
2090 2079 2354 2135 divinitus
2403 2079 2829 2135 illustrationem
2888 2081 3346 2144 communicare,

1759 2181 1927 2242 atque
1960 2173 2129 2227 etiam
2171 2171 2462 2230 inferiores
2513 2172 2892 2242 superioribus
2937 2173 3157 2243 quidem
3187 2175 3349 2230 obse-

1760 2266 1874 2336 qui,
1911 2274 1967 2320 et
2005 2265 2327 2320 inferiorum
2355 2281 2578 2320 suorum
2613 2265 2780 2319 duces
2805 2265 3064 2333 existere,
3095 2266 3208 2321 haec
3243 2267 3358 2320 νίτ-Δ

1761 2367 1850 2412 tus
1904 2359 2155 2428 quaedam
2210 2367 2290 2412 est
2353 2356 2577 2412 cuilibet
2630 2357 2958 2411 hierarchizc
3020 2358 3346 2412 communis.

1759 2451 2028 2506 Caeterum
2065 2465 2171 2504 non
2200 2464 2512 2513 commune,
2541 2449 2634 2504 sed
2665 2450 2944 2518 proprium
2973 2450 3202 2504 cuilibet
3234 2450 3352 2504 hie-

1761 2541 1996 2596 rarchia:
2032 2550 2140 2605 est,
2174 2540 2318 2608 quod
2347 2539 2589 2595 caelestis
2643 2539 2736 2593 illa
2785 2550 3034 2608 respectu
3068 2540 3242 2595 nostri
3281 2539 3353 2595 sit

1761 2647 1946 2686 rerum
1986 2632 2440 2703 incorporearum
2490 2643 2544 2688 et
2590 2632 3027 2704 intelligihilium
3066 2639 3216 2707 (nam
3267 2655 3352 2696 re-

1757 2735 1950 2794 Spectu
2002 2724 2098 2778 Dei
2150 2734 2205 2779 et
2266 2724 2368 2779 illa:
2418 2735 2546 2780 sunt
2594 2726 3030 2797 intelligentes);
3089 2731 3348 2799 quocirca

1758 2817 1924 2872 etiam
1963 2832 2152 2872 earum
2186 2817 2500 2872 hierarchia
2533 2818 2899 2887 intelligibilis
2927 2836 2992 2875 ac
3017 2836 3352 2892 supramun-

1762 2911 1925 2967 dialis
1951 2913 2141 2968 existit
2175 2932 2188 2968 :
2227 2923 2414 2968 nostra
2453 2923 2636 2968 autem
2679 2931 2775 2986 per
2816 2917 3067 2987 symboia
3103 2920 3347 2983 sensilia.

1755 3005 1965 3061 scilicet
1995 3005 2366 3073 baptismatis,
2402 3022 2695 3076 synaxeos,
2719 3010 3158 3073 communionis,
3188 3021 3349 3065 ρατιο-

1758 3101 1947 3170 risque
1982 3101 2261 3170 variegata
2291 3099 2709 3170 multiplicatur.
2741 3099 3018 3167 Quantum
3055 3105 3198 3157 enim
3226 3105 3357 3173 quii-

30 3195 120 3246 τὸν
163 3194 315 3247 Θεὸν
345 3196 438 3249 καὶ
474 3196 574 3268 τὴν
614 3196 763 3250 θείαν
802 3197 1004 3270 ἀρετὴν
1035 3200 1234 3252 ἐκεῖνοι
1282 3199 1380 3270 μὲν
1418 3199 1450 3251 ti

1833 3193 2052 3247 ducitur
2084 3194 2151 3248 ad
2180 3209 2343 3246 unum
2379 3193 2507 3248 illud
2540 3195 2856 3264 singulare,
2893 3206 3104 3250 tantum
3134 3200 3349 3254 accedit

31 3290 279 3355 νοοῦσιν,
310 3287 449 3343 ἀλλά
470 3291 592 3344 καθ’
610 3291 731 3344 ὅσον
755 3291 1043 3355 κάκείνους
1064 3294 1204 3346 νοεῖν
1230 3293 1376 3346 ἐστιν
1400 3294 1649 3363 ἐφικτόν

31 3383 196 3450 ἡμεῖς
224 3383 290 3436 δὲ
331 3381 388 3448 ἐξ
429 3381 705 3452 αἰσθητῶν
743 3382 992 3448 εἰκόνων,
1027 3383 1138 3435 τῶν
1162 3385 1220 3435 ἐν
1244 3386 1310 3456 τῇ
1357 3385 1652 3457 Ἐκκλησία

31 3476 394 3547 τελουμένων
427 3477 589 3548 φημὶ,
621 3477 716 3530 ἐπὶ
744 3476 834 3530 τὸν
867 3477 1002 3531 Θεὸν
1027 3477 1360 3549 ἀναγόμεθα.
1411 3480 1651 3552 Ἀληθῶς

31 3584 86 3619 τε
120 3571 339 3632 είπεῖν,
369 3567 429 3620 ἓν
462 3569 561 3640 μέν
591 3571 742 3622 ἐστιν
779 3565 842 3624 οὗ
882 3571 1083 3634 πάντες
1112 3571 1354 3640 ἐφίενται
1379 3589 1393 3601 ·
1431 3573 1569 3637 τέως
1595 3573 1652 3626 δέ

33 3659 280 3714 ἐνταῦθα
314 3660 452 3732 πρὸς
480 3661 571 3716 τὸν
605 3662 805 3716 σκοπὸν
845 3661 953 3714 τῶν
991 3661 1086 3715 δύο
1127 3662 1442 3734 ἰεραρχιῶν,
1476 3665 1650 3718 ἀπαν-

33 3767 119 3813 τες
153 3753 206 3804 οἰ
241 3751 504 3816 ἐνοειδεῖς
541 3750 817 3824 δηλονότι,
861 3754 908 3804 οἰ
950 3751 1093 3805 κατὰ
1133 3754 1327 3825 νοερὰν
1366 3754 1651 3826 ἐνέργειαν

37 3844 372 3916 ἐνιζόμενοι.
440 3845 528 3908 Ὠς
581 3844 690 3917 γὰρ
743 3846 903 3916 ἡμεῖς
946 3843 1234 3915 ἐνιζόμεθα
1286 3848 1648 3918 ἀναγόμενοι,

36 3938 176 3990 οὕτω
228 3937 335 3990 καὶ
384 3937 434 3988 οἰ
481 3936 614 3990 θεῖοι
663 3937 883 4006 ἄγγελοι
937 3939 1022 3992 ἔτι
1063 3939 1330 4005 ἐνίζοντάι
1377 3942 1514 4012 πρὸς
1548 3942 1649 4007 τὰς

37 4030 186 4094 θείας
230 4030 455 4099 νοήσεις
485 4030 833 4101 ἀναγόμενοι.
880 4031 1030 4096 Ἐνὸς
1057 4031 1165 4102 γὰρ
1191 4033 1344 4097 ὄντος
1385 4033 1480 4085 τοῦ
1523 4035 1650 4102 ἐφε-

37 4122 146 4187 τοῦ,
174 4123 281 4192 οὐχ
308 4120 526 4184 ἐνιαίως
550 4122 646 4175 καὶ
675 4123 800 4176 καθ’
828 4122 923 4175 ἕνα
952 4123 1159 4177 καὶτὸν
1182 4123 1344 4178 αύτδν
1365 4126 1566 4198 τρόπον
1599 4129 1646 4180 oi

38 4215 326 4286 ἐφιέμενοι
342 4213 606 4282 ἐφίενται,
631 4213 766 4268 ἀλλά
787 4215 931 4268 κατά
949 4216 1047 4287 τὴν
1067 4215 1206 4269 ίδίαν
1221 4217 1376 4283 ἀξίαν
1396 4219 1645 4283 ἕκαστος.

49 4308 208 4361 Ἀλλά
241 4305 423 4361 ταῦτα
449 4307 546 4378 μὲν
571 4308 628 4359 ἐν
653 4306 834 4371 ἄλλοις
862 4307 1078 4380 εἴρηται
1099 4325 1112 4338 ·
1158 4307 1253 4361 νῦν
1291 4310 1347 4363 δέ
1385 4311 1484 4382 τὴν
1525 4311 1647 4364 καθ’

38 4400 181 4470 ἡμεῖς
233 4398 549 4471 ίεραρχίαν,
595 4398 688 4451 καί
740 4397 840 4470 τὴν
882 4400 1062 4454 αἰτίαν
1099 4401 1196 4453 καὶ
1247 4401 1433 4456 οὐσίαν
1479 4405 1649 4476 αὐτῆς

41 4491 214 4563 (αὕτη
237 4491 301 4544 δέ
331 4492 480 4545 ἐστιν
502 4492 535 4562 ἡ
559 4491 973 4564 θεαρχικωτάτη
997 4491 1296 4565 δύναμις),
1330 4496 1504 4549 εἰπεῖν
1528 4511 1648 4549 πει-

44 4585 306 4655 ρασομαι,
341 4582 433 4638 τὸν
456 4583 688 4655 Σωτῆρα
713 4583 1180 4656 ἐπικαλεσάμενος
1222 4586 1450 4659 Ἰησοῦν.

1757 3286 1822 3340 ad
1850 3286 2282 3342 intellectioncm
2313 3304 2326 3340 :
2359 3298 2626 3358 quantum
2659 3304 2790 3342 vero
2815 3289 2881 3343 ab
2916 3305 2980 3344 co
3011 3292 3265 3357 discedit,
3292 3293 3346 3346 in

1758 3390 1967 3436 tantum
2008 3381 2406 3452 multiplicatur
2434 3399 2529 3437 seu
2569 3383 2899 3437 distrahitur
2926 3385 3088 3440 rebus
3111 3385 3345 3440 sensibi-

1756 3473 1921 3539 libus,
1959 3489 2098 3542 quas
2140 3475 2329 3529 sentit.
2361 3474 2478 3528 Alia
2519 3474 2716 3528 iterum
2759 3483 2844 3529 est
2883 3475 3080 3529 horum
3113 3477 3344 3532 duorum

1755 3564 2095 3628 differentia,
2133 3567 2276 3635 quod
2318 3566 2394 3620 illi
2439 3568 2684 3636 quidem,
2724 3576 2783 3621 ut
2824 3578 3061 3635 mentes,
3094 3569 3262 3623 Deum
3291 3581 3348 3625 et

1754 3658 1995 3713 divinam
2020 3659 2277 3713 virtutem
2305 3658 2635 3729 intelligant,
2655 3660 2706 3714 in
2734 3671 2997 3730 quantum
3031 3663 3242 3718 scilicet
3278 3666 3346 3719 iis

1754 3749 1838 3805 fas
1887 3751 2232 3822 intelligere;
2288 3767 2387 3806 nos
2419 3763 2602 3806 autem
2648 3769 2712 3807 ex
2760 3754 3116 3810 scnsibilibus
3152 3759 3353 3828 signis,

1754 3859 1898 3912 qua}.
1943 3845 2194 3913 inquam,
2226 3844 2278 3897 in
2313 3842 2558 3899 Ecclesia
2604 3857 3022 3914 consecrantur,
3073 3849 3138 3901 ad
3174 3850 3342 3904 Deum

1753 3937 2113 3991 adducamur.
2162 3937 2229 3990 Et
2263 3946 2320 3990 ut
2365 3952 2492 3990 tere
2526 3938 2742 4002 dicam,
2792 3955 2958 3992 unum
2995 3940 3212 4009 quidem
3260 3953 3344 3996 est

1752 4030 1896 4093 quod
1921 4043 2112 4080 omnes
2129 4035 2414 4096 appetunt,
2436 4029 2837 4098 scilicetquoad
2863 4046 3083 4099 scopum
3111 4033 3339 4088 duarum

1755 4119 2194 4173 hierarchiarum
2223 4162 2238 4187 ,
2274 4123 2338 4177 de
2375 4138 2482 4192 quo
2519 4122 2790 4178 hacrenus
2823 4124 2971 4194 agit,
3005 4140 3193 4180 omnes
3221 4129 3343 4182 uni—-

1755 4214 1958 4268 lormes
1987 4223 2113 4268 sunt
2143 4213 2233 4282 qui
2263 4231 2358 4284 per
2389 4215 2691 4285 spiritalem
2739 4217 3014 4273 actionem
3054 4219 3337 4278 uniuntur.

1754 4304 1910 4359 Sicut
1957 4306 2103 4359 enim
2153 4322 2255 4361 nos
2309 4307 2546 4372 unimur,
2599 4325 2721 4364 cum
2779 4311 3125 4377 adducimur,
3170 4314 3250 4369 sic
3286 4317 3346 4371 et

1751 4397 1930 4467 angeli
1985 4398 2154 4452 divini
2203 4399 2494 4466 uniuntur,
2533 4415 2655 4454 cum
2710 4403 2777 4455 ad
2827 4403 3043 4458 divinas
3092 4407 3346 4462 notiones

1753 4491 2120 4547 adducuntur.
2163 4491 2298 4546 Cum
2334 4493 2480 4548 enim
2529 4509 2696 4548 unum
2742 4496 2814 4550 sit
2848 4499 2992 4566 quod
3038 4501 3338 4570 appetitur,

1677 4575 1722 4630 D
1754 4604 1858 4643 11011
1915 4597 2095 4643 tamen
2153 4589 2409 4646 unimode
2446 4605 2545 4645 SCU
2591 4593 2904 4646 SCClllldllﬂ]
2956 4609 3123 4647 unum
3177 4610 3338 4648 eum-4

43 4678 279 4749 demque
329 4679 575 4744 modum,
617 4679 712 4748 qui
753 4678 806 4732 id
849 4685 1154 4749 appetunt,
1193 4680 1525 4748 aﬂiciuntur,
1592 4685 1692 4740 sed
1752 4684 1982 4753 quilibet
2038 4687 2334 4741 secundum
2388 4687 2673 4756 propriam
2729 4688 3071 4757 dignitatem.
3137 4690 3338 4746 Verum‘

44 4773 154 4827 haac
180 4772 321 4828 alibi
346 4772 492 4826 dicta
518 4783 648 4826 sunt
678 4788 693 4825 :
731 4775 898 4829 modo
926 4785 1110 4832 autem
1142 4789 1386 4833 nostram
1420 4779 1818 4845 hierarchiam,
1882 4789 1939 4835 et
1969 4780 2089 4850 ejus
2114 4797 2336 4838 causam
2373 4799 2437 4838 ac
2491 4787 2790 4840 essentiam
2845 4789 2988 4858 (quac
3041 4777 3124 4843 cst
3165 4789 3347 4845 virtus

47 4864 130 4918 illa
179 4865 556 4934 divinissima)
594 4880 872 4934 exponere
919 4871 1185 4934 conabor,
1235 4872 1490 4926 invocato
1519 4870 1808 4930 Salvatore
1838 4873 1991 4929 Jesu.

90 4958 116 5029 §
139 4960 234 5012 III.
255 4959 536 5031 Ἱεραρχία
559 4959 692 5025 ἐστὶ,
715 4961 950 5034 καθὼςὴ
975 4965 1147 5038 σεπτὴ
1171 4966 1201 5036 ἡ
1211 4965 1327 5036 μῶν
1344 4967 1643 5038 παράδοσις

47 5049 379 5124 παρίστησι,
427 5051 500 5104 τὰ
536 5051 844 5118 καθολικῶς
891 5053 1242 5129 θεωρούμενα
1294 5057 1327 5130 ἢ
1374 5057 1646 5131 λεγόμενα

48 5143 168 5211 περὶ
190 5142 309 5195 τῶν
333 5143 713 5215 ὑποκειμένων
753 5145 915 5218 ίερῶν
954 5151 1318 5220 πραγμάτων.
1359 5152 1645 5223 Συγκεφα-

49 5227 267 5288 λαίωσιν
299 5235 411 5308 γὰρ
436 5237 537 5308 τὴν
579 5235 676 5289 τοῦ
722 5237 846 5290 ὅλου
877 5239 1173 5314 περίληψιν
1218 5242 1408 5313 λέγει,
1453 5244 1642 5319 ὥσπερ

51 5327 518 5401 ἀνακεφαλαίωσιν
549 5329 782 5402 λέγομεν
816 5333 879 5386 τὸ
920 5334 1214 5389 ἀναλαϐεῖν
1245 5339 1302 5390 ἐν
1333 5337 1536 5407 ὀλίγοις
1573 5340 1644 5395 τὰ

52 5421 442 5493 πφλεχθέντα·
475 5423 732 5478 ἁπάντων
769 5423 879 5498 γὰρ
918 5425 1027 5493 ἕξει
1060 5426 1168 5482 τῶν
1199 5429 1324 5482 κατ“
1352 5430 1514 5484 αὐτὸν
1540 5433 1640 5505 τὴν

52 5509 374 5584 ἐπιστήμην,
402 5514 627 5569 καὶτῶν
653 5517 1062 5589 πρεσϐυτέρων,
1090 5520 1185 5573 καί
1213 5521 1321 5576 τῶν
1350 5521 1636 5593 διακόνων,

55 5601 139 5654 καὶ
171 5601 285 5657 τῶν
327 5606 553 5673 λοιπῶν,
582 5607 672 5662 διὰ
692 5606 853 5662 τοῦτο
891 5609 1000 5682 γὰρ
1024 5613 1119 5666 καὶ
1155 5614 1419 5688 ίεράρχης
1449 5619 1642 5674 ἐπονο-

57 5693 309 5763 μάζεται,
334 5698 430 5752 καὶ
454 5703 752 5775 σκοπητὲον
781 5704 839 5771 ἐξ
870 5703 1163 5774 ἀναλογίας
1189 5708 1298 5762 ἀπὸ
1326 5711 1425 5782 τῆς
1455 5712 1638 5786 ίεραρ-

55 5788 102 5854 χῖ
110 5805 187 5851 1;.
230 5791 318 5855 Ὠς
342 5790 474 5862 γοῦν
504 5792 642 5867 αὕτη
671 5795 739 5849 δι’
765 5797 886 5852 ὅλου
923 5798 1014 5852 καὶ
1045 5799 1136 5853 ἐπὶ
1163 5803 1296 5856 πᾶσι
1325 5806 1438 5868 τοῖς
1471 5805 1639 5878 ἱεροῖς

1828 4969 1974 5041 §IIL
2016 4971 2112 5025 Est
2147 4972 2478 5034 hierarchia.
2510 4975 2973 5043 quemadmodum
3022 4977 3340 5031 veneranda

1749 5074 1934 5118 nostra
1966 5067 2188 5120 traditio
2219 5068 2493 5137 proponit,
2517 5083 2578 5120 ea
2606 5083 2725 5136 qua:
2750 5070 3048 5124 universim
3077 5072 3343 5128 videntur

1746 5167 1840 5211 aut
1880 5157 2136 5212 dicuntur
2165 5160 2230 5213 de
2258 5160 2554 5228 propositis
2593 5161 2769 5215 sacris
2819 5164 3003 5216 rebus.
3049 5163 3333 5220 Summam

1745 5249 1891 5304 enim
1922 5265 2016 5306 seu
2044 5252 2430 5317 summarium,
2457 5262 2618 5307 vocat
2650 5255 2818 5309 totius
2855 5256 3297 5324 complexionem
3317 5297 3340 5323 ,υ

1745 5344 1890 5399 sicut
1927 5346 2444 5416 recapitulationem
2474 5347 2730 5408 dicimus.
2762 5365 2884 5404 cum
2911 5352 3099 5418 paucis
3127 5367 3188 5405 ea
3216 5368 3336 5420 quae

1746 5447 1877 5491 ante
1910 5438 2052 5492 dicta
2080 5447 2207 5492 sunt
2239 5449 2590 5508 repetuntur;
2627 5441 2883 5509 quoniam
2915 5443 3156 5496 omnium
3191 5444 3243 5497 in
3275 5457 3334 5498 se

1745 5529 2035 5584 scientiam
2090 5531 2347 5596 habebit;
2404 5548 2526 5587 cum
2561 5532 3034 5604 presbyterorum,
3069 5545 3179 5589 tum
3219 5537 3334 5590 dia-

1743 5636 2006 5677 conorum
2057 5622 2217 5695 164
2268 5635 2736 5694 ccclerorumque,
2761 5628 2905 5683 unde
2933 5629 3190 5684 nin'tirum
3217 5631 3333 5684 hie«

1743 5717 1942 5772 rarcha
1987 5719 2325 5786 nominatur,
2379 5721 2456 5774 uti
2492 5722 2751 5794 colligere
2799 5723 2926 5779 licet
2971 5740 3037 5780 ex
3077 5725 3331 5796 analogia

1692 5888 1696 5889 ν
1744 5810 1981 5868 nominis
2007 5810 2350 5870 hierarchiac.
2384 5813 2856 5880 Quemadmodum
2888 5816 3056 5888 igitur
3088 5818 3190 5874 hoc
3227 5831 3334 5872 nov
