3730 6292
381 285 481 343 587

1558 266 1617 322 S.
1647 262 1949 321 DIONYSH
1982 259 2448 318 AREOPAGITE

3551 250 3650 304 388

384 419 510 459 men
549 400 617 456 de
645 393 921 453 universis
952 400 1005 447 et
1031 387 1287 447 omnibus
1317 382 1490 441 sacris
1530 381 1857 438 ordinationi

2176 374 2387 444 μιόσμοις
2416 371 2657 439 λέγεται,
2684 368 2857 431 οῦτως
2880 368 2908 419 6
2935 363 3104 418 εἰπὼν
3129 360 3391 435 ἱερὰρχην
3415 359 3508 414 τὸν
3537 362 3649 413 ἑπι-

387 494 700 557 dicitur,ita
724 489 815 559 qui
840 484 1185 541 hierarcham
1210 478 1482 543 nominat,
1506 477 1684 530 virum
1706 474 1853 529 omni
1876 487 1964 527 sa-

388 606 480 647 cra
506 587 816 657 cognitione
838 583 1125 653 praeditum
1145 580 1435 651 signiﬁcat,
1456 577 1508 631 in
1526 590 1634 644 quo
1650 574 1830 628 omnis
1846 586 1968 641 qua:

388 684 465 737 illi
508 683 648 736 ine9t
684 676 995 734 hierarchia
1026 673 1233 742 liquido
1264 670 1634 741 cognoscitur.
1670 665 1786 722 Nisi
1820 665 1967 719 enim

391 774 507 843 ipse
536 772 752 841 penitus
781 778 833 823 et
872 769 926 821 in
970 763 1224 819 omnibus
1264 762 1473 833 peritus
1491 766 1770 823 existeret,
1790 767 1969 825 neque

389 867 622 922 scientia
650 863 814 919 etiam
850 857 1169 914 hierarchize
1201 864 1544 924 operaretur.
1595 852 1763 908 Nemo
1805 852 1971 921 igitur

390 962 537 1015 dicat
563 977 575 1013 :
603 956 801 1026 Ecquis
822 964 928 1008 tam
953 952 1229 1021 perfectus
1242 934 1361 1005 est?
1382 947 1499 1002 Non
1522 947 1665 1001 enim
1692 942 1975 1016 proposuit

392 1053 480 1107 hic
501 1052 666 1105 Pater
692 1050 759 1103 de
778 1049 877 1102 hoc
896 1047 980 1101 vel
1007 1046 1095 1100 illo
1116 1044 1401 1099 hierarcba
1429 1042 1631 1105 dicere,
1652 1040 1745 1095 sed
1768 1038 1974 1107 simpli—

391 1148 529 1202 citer
542 1147 605 1200 de
627 1144 932 1207 hierarcha,
950 1139 1128 1209 qualis
1150 1153 1273 1192 esse
1294 1136 1485 1190 debeat
1505 1136 1620 1189 sine
1637 1134 1844 1189 defectu
1869 1148 1885 1187 :
1910 1146 1975 1185 ac

393 1243 438 1297 si
458 1242 581 1311 quis
605 1238 929 1306 simpliciter
955 1236 1023 1290 de
1045 1234 1406 1304 grammatico
1433 1231 1678 1301 loquens,
1708 1243 1768 1284 ea
1787 1242 1977 1282 recen-

394 1344 513 1392 seat
539 1347 660 1403 qnze
696 1332 762 1386 ad
793 1328 1097 1383 absolutum
1139 1325 1553 1397 grammaticum
1601 1322 1972 1390 requiruntur,

395 1426 635 1497 alioquin
669 1424 1003 1481 cleudicaret
1029 1419 1407 1491 grammatica,
1441 1415 1543 1471 nisi
1574 1415 1975 1469 demonstrare-

396 1530 505 1585 tur,
533 1519 709 1590 qualis
756 1519 871 1587 ipsa
906 1515 1121 1569 tandem
1160 1511 1255 1565 sit.
1291 1505 1803 1579 llnjushierarchim
1819 1503 1976 1574 prin-

396 1608 914 1682 cipiumest'sancta
945 1623 1008 1663 ac
1047 1607 1203 1661 beata
1248 1602 1513 1666 Trinitas,
1556 1615 1675 1669 quae
1706 1611 1833 1652 vere
1871 1604 1973 1659 est,

397 1708 619 1776 solaque
634 1706 982 1775 semetipsam
998 1700 1298 1770 cognoscit,
1317 1707 1569 1765 tanquam
1587 1692 1790 1747 habens
1805 1688 1979 1767 notios

401 1818 523 1858 nem
546 1802 774 1871 propria:
796 1794 1261 1855 existentialemc
1283 1802 1460 1847 autem
1484 1789 1596 1844 vult
1618 1787 1828 1843 ratione
1848 1799 1981 1853 prae-

398 1897 635 1951 ditorum
681 1891 997 1961 angelorum
1048 1896 1103 1943 et
1145 1886 1422 1941 hominum
1472 1881 1697 1936 salutem
1722 1909 1746 1944 ,-
1788 1886 1979 1945 estque

399 1985 677 2042 deiﬁcatio
711 1980 1118 2037 salvandorum.
1164 1972 1629 2043 Quemadmodum
1678 1969 1823 2025 enim
1871 1968 1980 2022 alia

399 2080 632 2135 dicimus
661 2093 690 2131 a
720 2083 863 2131 metu
891 2070 1122 2135 servari,
1156 2070 1209 2123 id
1240 2076 1321 2123 est
1341 2066 1692 2123 securitatem
1720 2051 1977 2131 adipisci;

396 2185 455 2231 et
487 2189 517 2228 a
542 2174 688 2228 etede
712 2167 943 2233 servari,
973 2166 1026 2220 id
1066 2176 1151 2219 est
1172 2164 1339 2217 vitam
1372 2158 1622 2229 assequi;
1652 2166 1706 2210 et
1735 2173 1765 2210 a
1794 2155 1982 2209 morbo

396 2266 631 2332 servari,
673 2264 726 2318 id
761 2270 846 2317 est
878 2260 1062 2316 sanari
1100 2275 1113 2312 :
1144 2258 1225 2311 sic
1255 2255 1420 2311 etiam
1453 2253 1507 2305 in
1536 2248 1832 2320 propositis
1869 2261 1985 2303 ser-

401 2359 517 2412 vari
550 2358 619 2410 ab
657 2354 991 2409 alienatione
1022 2349 1142 2411 Dei,
1177 2355 1263 2403 est
1294 2343 1515 2412 adjnngi
1559 2340 1691 2405 Deo,
1738 2340 1984 2409 adeoque

401 2450 700 2507 deiﬁcatio.
732 2444 1060 2501 Omnimoda
1106 2451 1288 2495 autem
1322 2437 1643 2493 assimilatio
1674 2444 1729 2489 et
1757 2435 1886 2489 unio
1916 2434 1984 2487 ad

406 2545 597 2608 Deum,
646 2542 839 2609 utique
889 2527 1159 2590 terminus
1192 2547 1256 2586 ac
1295 2531 1420 2584 ﬁnis
1450 2539 1534 2584 est
1570 2527 1748 2581 omnis
1778 2527 1985 2580 hiet-ar-

404 2637 566 2701 chitc,
596 2649 716 2705 qua:
765 2632 833 2685 ad
882 2625 1053 2683 Deum
1098 2635 1184 2680 est
1229 2623 1492 2681 dilectio:
1526 2636 1646 2691 qua:
1678 2628 1733 2676 et
1781 2618 1986 2673 unitive

403 2733 841 2785 consummatur,
886 2719 1183 2777 secundum
1216 2718 1458 2772 divinam
1489 2723 1546 2769 et
1591 2715 1805 2768 unicam
1852 2712 1987 2766 sim-

405 2821 705 2892 plicitatem
732 2856 748 2882 ,
800 2814 1100 2871 secundum
1145 2825 1310 2881 quam
1363 2808 1506 2862 Dens
1552 2802 1637 2861 est
1674 2804 1984 2861 omnimoda

406 2912 631 2969 dilectio
669 2911 751 2980 (et
780 2923 889 2962 non
938 2905 1067 2960 huic
1125 2902 1377 2973 quidem,
1418 2899 1495 2953 illi
1541 2914 1673 2953 vero
1714 2912 1857 2962 non,
1891 2898 1987 2950 sed

407 3007 540 3076 quid
590 3017 761 3058 unum
814 2995 1179 3055 desiderabile
1224 2994 1505 3057 existens,
1556 2989 1719 3046 simul
1756 3002 1884 3059 erga
1929 3002 1989 3042 se

408 3099 579 3155 habet
622 3092 917 3153 desideria,
953 3103 1053 3161 pro
1098 3086 1296 3143 merito
1344 3086 1635 3154 studioque
1675 3082 1987 3138 desideran-

408 3215 565 3275 tium,
588 3207 853 3277 diversa),
895 3218 1097 3275 quique
1133 3202 1235 3256 bac
1263 3200 1413 3271 prior
1437 3208 1543 3265 est,
1579 3195 1925 3255 omnimodus
1956 3212 1987 3250 a

412 3302 716 3360 contrariis
764 3311 1037 3353 recessus.
1088 3294 1203 3348 Nisi
1252 3294 1397 3348 enim
1433 3292 1502 3346 ab
1530 3291 1677 3345 omni
1714 3290 1988 3345 materiali

408 3406 464 3452 ct
500 3395 719 3451 sordida
752 3390 1033 3457 voluptate
1062 3388 1279 3457 penitus
1316 3384 1524 3453 expiati
1554 3383 1841 3447 fuerimus,
1872 3382 1987 3437 veri

413 3489 539 3545 boni
582 3484 801 3540 dilectio
830 3497 937 3536 nou
987 3480 1093 3535 erit
1138 3478 1193 3531 in
1238 3477 1419 3531 nobis.
1471 3475 1699 3544 Quando
1750 3483 1929 3527 autem
1959 3489 1990 3527 a

410 3579 705 3639 contrariis
748 3573 1168 3631 discesserimus
1193 3612 1208 3635 ,
1261 3580 1374 3624 tum
1411 3584 1498 3624 res
1535 3570 1681 3637 ipsas
1706 3608 1721 3633 ,
1755 3575 1813 3622 ut
1841 3567 1893 3620 in
1932 3580 1992 3620 se

412 3686 562 3739 sunt,
598 3682 797 3727 natura
818 3683 915 3722 sua
965 3678 1406 3737 cognoscemus;
1454 3677 1649 3732 nempe
1701 3661 1988 3733 praesentia

418 3768 535 3824 hzec
572 3776 927 3834 temporanea
952 3773 1096 3824 esse,
1126 3772 1246 3827 quae
1276 3772 1407 3811 vero
1453 3757 1524 3810 ibi
1571 3763 1719 3819 sunt,
1761 3764 1994 3817 mterna,

415 3876 513 3915 nec
558 3858 893 3927 decipiemur
930 3856 1077 3909 circa
1112 3850 1241 3906 boni
1272 3847 1687 3919 apparentiam;
1724 3845 1991 3914 siquidem

414 3954 505 4010 illa
540 3967 646 4006 non
696 3960 778 4005 est
827 3948 1021 4004 notitia
1099 3960 1282 4000 rerum
1337 3957 1442 4011 qua
1499 3956 1585 3996 res
1634 3950 1789 4005 sunt;
1867 3948 1994 3994 tunc

413 4047 559 4101 enim
589 4046 655 4099 ad
686 4044 979 4113 ipsammet
1009 4039 1299 4094 veritatem
1329 4035 1664 4103 accedimus,
1686 4044 1850 4104 atque
1872 4034 1994 4087 uni-

418 4138 644 4188 t‘ormem
681 4129 1073 4200 perfectionem
1109 4126 1521 4196 participamns.
1556 4125 1694 4191 Quid
1726 4138 1890 4196 porro
1911 4135 1998 4178 est

419 4222 806 4278 nniforntitas?
840 4221 1070 4287 Quando
1106 4219 1366 4273 nimirum
1392 4234 1421 4271 a
1454 4219 1617 4272 rebus
1644 4218 1796 4273 hisce
1820 4217 1996 4272 sensi-

420 4316 621 4371 bilibus
648 4325 703 4371 et
733 4316 1058 4369 aerumnosis
1097 4312 1164 4366 ad
1196 4311 1436 4366 divinam
1480 4308 1636 4381 165
1680 4309 2000 4378 simplicita-

420 4421 529 4466 tem
565 4410 909 4472 adducimur,
942 4407 1033 4476 qui
1086 4414 1169 4460 est
1211 4403 1364 4459 cibus
1415 4403 1588 4458 beata:
1633 4402 1894 4467 visionis,
1942 4414 2002 4458 ιιι

2017 3122 2063 3184 C
2094 3120 2432 3190 ἐφιεμένων)
2461 3157 2475 3181 ,

2078 470 2320 540 στήμονα
2335 466 2512 536 πάσης
2540 467 2583 517 ξε
2591 465 2690 535 ρᾶς
2705 459 2960 530 γνώσεως
2975 458 3142 527 λέγει,
3160 458 3217 508 ἐν
3231 450 3275 523 ᾧ
3298 452 3555 526 καθαρῶς
3574 470 3651 521 γι-

2073 558 2343 613 νώσκεται
2379 558 2411 628 ἡ
2452 555 2574 609 καθ’
2592 554 2753 608 αὑτὸν
2774 552 2883 624 [ἵσ.
2903 551 3023 604 κατ’
3052 546 3235 619 αὑτὸν]
3269 543 3544 617 ἱεραρχία.
3566 544 3652 614 Μὴ

2069 650 2178 723 γὰρ
2206 649 2357 712 ὄντος
2400 647 2563 701 αὐτοῦ
2599 644 2828 699 καθόλου
2852 643 2945 697 καὶ
2967 642 3057 694 ἐπὶ
3081 640 3244 693 πᾶσιν
3268 639 3649 709 ἐπιστήμονος,

2069 740 2244 811 οὐδὲὴ
2272 740 2547 810 ἐπιστήμη
2587 736 2723 806 αὐτὴ
2761 736 2859 806 τῆς
2900 733 3181 805 ἱεραρχίας
3209 726 3646 801 ὲνεργηθήσεται.

2197 832 2327 902 γοῦν
2353 831 2495 884 εἴποι
2532 847 2614 894 τις
2637 845 2649 858 ·
2672 828 2781 880 Καὶ
2815 827 2964 888 ποῖος
2990 824 3131 877 οὓτω
3153 822 3357 883 τέλειος
3385 836 3399 885 ;
3426 818 3499 871 Οὐ
3527 834 3654 888 προ-

2078 924 2235 976 έθετο
2272 922 2381 995 γὰρ
2419 924 2446 976 6
2468 920 2657 991 Πατὴρ
2697 917 2825 989 περὶ
2846 916 2997 969 τοῦδε
3040 914 3072 985 ἢ
3115 912 3269 965 τοῦδε
3294 911 3550 983 ἱεράρχου
3582 910 3653 959 εί-

2074 1019 2215 1079 πεῖν,
2242 1015 2377 1069 ἀλλά
2399 1014 2526 1086 περὶ
2549 1010 2642 1067 τοῦ
2672 1010 2855 1073 ἁπλῶς
2884 1009 3159 1080 ἱεράρχου,
3190 1006 3248 1069 ὃς
3282 1003 3489 1073 ὀφείλει
3519 1002 3654 1071 ἔχειν

2074 1108 2375 1172 ἀνελλιπῶς
2427 1107 2496 1160 τὰ
2548 1104 2750 1158 αύτοῦο
2805 1103 2993 1173 ὥσπερ
3045 1101 3140 1153 καὶ
3197 1100 3244 1152 εἰ
3295 1097 3429 1168 περὶ⁹
3475 1092 3654 1155 ἁπλῶς

2075 1196 2463 1273 γραμματικοῦ
2489 1196 2692 1265 ἔλεγεν,
2731 1192 2921 1266 ἔμελλε
2948 1192 3126 1261 λέγειν
3153 1191 3335 1243 ἐκεῖνα
3357 1186 3484 1242 καθ’
3511 1185 3547 1240 ἃ
3570 1184 3657 1237 τὸν

2073 1291 2276 1344 τέλειον
2307 1289 2507 1359 ἀπῄτει
2535 1284 2918 1358 γραμματικόν
2939 1300 2952 1313 ·
2982 1284 3029 1335 εἰ
3055 1281 3099 1335 δ’
3131 1276 3221 1334 οὖν
3255 1278 3368 1332 ἀλλ’
3399 1276 3657 1347 ὲχώλευεν

2075 1382 2109 1452 ἡ
2138 1378 2501 1451 γραμματικὴ
2535 1377 2609 1448 μὴ
2638 1376 2834 1445 ἔχουσα
2858 1372 3136 1443 δειχθῆναι
3165 1370 3324 1423 ὁποία
3348 1370 3467 1421 ποτ’
3494 1368 3654 1420 ἐστίν.

2077 1471 2293 1543 Ταύτης
2308 1470 2408 1539 τῆς
2424 1468 2706 1540 ἱεραρχίας
2729 1466 2917 1537 ἁρχὴὴ
2940 1463 3071 1531 ἀγία
3093 1462 3187 1515 καὶ
3210 1460 3457 1532 μακαρία
3474 1458 3658 1530 Τριὰς,

2078 1567 2112 1636 ἡ
2143 1566 2311 1627 ὅντως
2359 1559 2525 1628 οὖσα,
2569 1561 2664 1615 κα)⁸
2707 1558 2846 1630 αὐτὴ
2888 1556 3023 1628 μόνη
3071 1555 3269 1625 ἑαυτὴν
3298 1551 3656 1622 ἐπισταμένη,

2077 1660 2152 1723 ὡς
2181 1658 2324 1730 ἔχειν
2353 1654 2648 1726 ἐπιστητὸν
2682 1653 2745 1706 τὸ
2772 1653 2870 1723 τῆς
2900 1648 3106 1711 οἰκείας
3145 1646 3459 1716 ὑπάρξεως.
3502 1645 3569 1697 Ἡ
3608 1644 3661 1695 δὲ

2008 1760 2051 1815 Β
2080 1750 2289 1823 θέλημα
2331 1748 2429 1820 μέν
2468 1748 2651 1809 ἐστιν,
2692 1747 2726 1816 ἡ
2763 1744 2873 1797 τῶν
2911 1740 3143 1811 λογικῶν
3181 1738 3433 1807 ἀγγέλων
3473 1753 3533 1788 τε
3575 1736 3663 1788 καὶ

2082 1840 2383 1916 ἀνθρώπων
2423 1838 2696 1910 σωτηρία·
2728 1838 2761 1909 ἡ
2791 1836 2868 1898 δὲ,
2900 1834 3093 1897 θέωσίς
3131 1833 3249 1884 ἐστι
3277 1829 3389 1883 τῶν
3431 1828 3667 1898 σωζομέ-

2080 1955 2205 1990 νων.
2247 1935 2457 2005 Ὥσπερ
2501 1931 2609 2003 γὰρ
2663 1928 2898 1982 ἐπὶτῶν
2946 1926 3120 1982 ἄλλων
3169 1922 3354 1995 φαμὲν
3406 1920 3666 1986 σώζεσθαι

2083 2026 2190 2081 ἀπὸ
2214 2026 2400 2095 φόϐου,
2428 2024 2595 2094 ἤγουν
2619 2024 2685 2093 τῇ
2717 2019 2917 2090 ἀφοόία
2950 2015 3369 2090 προσπελάζειν,
3405 2010 3669 2075 σώζεσθαι

2082 2114 2189 2168 ἀπὸ
2220 2112 2402 2182 φόνου,
2437 2112 2602 2182 ἧγουν
2644 2112 2709 2180 τῇ
2752 2109 2867 2178 ζωῇ
2911 2103 3346 2179 προσπελάζεινο
3398 2100 3662 2166 σώζεσθαι

2082 2206 2189 2260 ἀπὸ
2228 2205 2404 2268 νόσου,
2446 2204 2612 2274 ἤγουν
2653 2200 2803 2265 ἐντὸς
2840 2201 2938 2272 τῆς
2978 2198 3168 2268 ὑγείας
3205 2194 3455 2266 γίνεσθαι
3480 2211 3495 2226 ⁸
3535 2194 3670 2247 οὕτω

2084 2300 2178 2354 καὶ
2207 2297 2434 2351 ἐπὶτῶν
2466 2292 2842 2368 προκειμένων
2873 2292 2933 2345 τὸ
2962 2290 3229 2354 σώζεσθαι
3256 2289 3364 2343 ἀπὸ
3390 2285 3671 2361 ἀλλοτριώ-

2086 2402 2224 2449 σεως
2254 2383 2389 2437 Θεοῦ
2424 2383 2819 2455 προσπελάζειν
2848 2382 2926 2452 τῷ
2962 2380 3103 2451 Θεῷ,
3143 2381 3238 2434 καὶ
3275 2378 3473 2442 θέωσίς
3506 2379 3670 2429 ἐστιν.

2096 2476 2160 2528 Ἡ
2190 2475 2247 2527 δὲ
2280 2476 2498 2537 πάντως
2528 2473 2859 2544 ἀφομοίωσις
2888 2472 2983 2525 καὶ
3011 2470 3204 2534 ἓνωσις
3234 2470 3371 2541 πρὸς
3402 2468 3553 2531 Θεὸν,
3583 2470 3673 2521 καὶ

2084 2568 2149 2638 δὴ
2174 2567 2348 2641 πέρας
2377 2568 2471 2620 καὶ
2500 2565 2653 2629 τέλος
2686 2566 2832 2618 ἐστὶν
2860 2565 3080 2635 ἀπάσης
3112 2562 3399 2634 ἱεραρχίας
3424 2600 3438 2623 ,
3476 2564 3510 2631 ἡ
3543 2560 3674 2631 πρὸς

2086 2659 2219 2713 Θεὸν
2244 2659 2524 2729 ἀγάπησις
2548 2674 2561 2687 ο
2591 2658 2626 2727 ἢ
2655 2656 2719 2727 δὴ
2758 2657 2851 2710 καὶ
2888 2654 3103 2717 ἐνιαίως
3136 2654 3501 2726 ἱερουργεὴαι
3536 2650 3675 2705 κατά

2086 2753 2185 2825 τὴν
2220 2752 2370 2805 θείαν
2402 2752 2497 2805 καὶ
2541 2750 2746 2804 ἑνιαίαν
2794 2748 3074 2819 ἁπλότητα
3100 2786 3115 2810 ,
3159 2744 3279 2799 καθ’
3311 2747 3378 2816 ἣν
3412 2743 3675 2812 παντελὴς

2088 2843 2275 2913 ἀγάπη
2307 2842 2454 2894 ἐστὶν
2476 2842 2503 2893 6
2531 2840 2663 2903 Θεὸς
2704 2838 2837 2910 (καὶ
2873 2838 2932 2890 ού
2980 2837 3058 2908 τῷ
3103 2838 3222 2908 μὲν,
3247 2835 3328 2906 τῷ
3370 2835 3418 2889 δ’
3454 2833 3536 2898 οῦ,
3564 2832 3673 2885 ἀλλ’

2091 2936 2291 2988 ένιαῖον
2317 2932 2511 3002 ἐφετὸν
2534 2930 2630 2996 ὢν,
2658 2932 2808 3001 ὅμως
2832 2928 2931 2993 τὰς
2960 2928 3096 3000 πρὸς
3123 2927 3290 2980 αὑτὸν
3315 2926 3535 2997 ἐφέσεις
3566 2924 3674 2977 δια-

2095 3026 2295 3099 φόρους
2339 3024 2451 3095 έχει
2501 3023 2638 3095 πρὸς
2678 3022 2782 3093 τὴν
2820 3019 2977 3087 ἀξίαν
3016 3020 3110 3072 καὶ
3146 3018 3246 3088 τὴν
3294 3016 3530 3086 σπουδὴν
3572 3012 3676 3066 τῶν

2525 3117 2619 3169 καὶ
2667 3115 2774 3187 πρὸ
2824 3113 3014 3167 τούτου
3068 3114 3102 3183 ὴ
3163 3110 3526 3182 ἀποφοίτησις
3574 3106 3676 3160 τῶν

2093 3210 2353 3265 ἐναντίων
2388 3212 2421 3281 ἡ
2453 3208 2742 3280 παντελής.
2784 3207 2847 3259 Εἰ
2898 3206 2973 3278 μὴ
3022 3204 3133 3277 γὰρ
3172 3203 3538 3275 καθαρθῶμεν
3577 3200 3677 3253 ἀπὸ

2096 3306 2280 3375 πάσης
2311 3304 2498 3358 ὲνύλου
2538 3303 2633 3356 καλ⁸
2679 3302 2935 3374 ρυπαρᾶς
2965 3296 3243 3363 παντελῶς
3269 3297 3485 3368 ἡδονῆς,
3513 3294 3572 3347 ού
3609 3294 3679 3362 μὴ

2093 3400 2382 3471 γενήσεται
2425 3399 2459 3468 ὴ
2498 3396 2777 3466 ἀγάπησις
2825 3391 2945 3445 τοῦ-
2975 3391 3143 3455 ὅντως
3181 3388 3412 3460 ἀγαθοῦ.
3456 3388 3590 3440 Πότε
3627 3385 3679 3437 δὲ

2095 3490 2479 3562 ἀποφοιτῶμεν
2508 3488 2619 3542 τῶν
2655 3485 2948 3551 ὲναντίων;
2978 3485 3067 3537 ὅτε
3108 3481 3435 3553 γνωσόμεθα
3460 3478 3527 3533 τὰ
3557 3478 3678 3530 ὂντα

2095 3583 2275 3648 καθὼς
2296 3583 2476 3653 έχουσι
2509 3582 2746 3651 φύσεως,
2775 3578 2867 3631 ὅτε
2896 3576 2966 3629 τὰ
3005 3574 3246 3646 παρόντα
3267 3572 3598 3643 πρόσκαιρα,
3620 3565 3679 3618 τὸ

2095 3678 2141 3731 δ’
2164 3678 2343 3729 ἐκεῖσε
2368 3673 2582 3740 αἰώνια,
2607 3672 2681 3744 μὴ
2710 3668 3057 3740 ἀπατώμενοι
3088 3668 3218 3738 περὶ
3242 3665 3341 3737 τὴν
3362 3664 3579 3735 δόκησιν
3594 3658 3680 3712 τοῦ

2098 3765 2266 3821 καλοῦ
2289 3783 2302 3796 ο
2330 3764 2489 3818 τοῦτο
2516 3764 2624 3836 γὰρ
2654 3764 2754 3816 οὐκ
2779 3761 2895 3814 ἐστι
2928 3758 3131 3829 γνῶσις
3150 3757 3259 3811 τῶν
3285 3748 3509 3828 ὄντωνῇ
3537 3752 3681 3811 ὄντα,

2096 3860 2216 3914 τότε
2240 3859 2349 3931 γὰρ
2379 3858 2472 3911 καὶ
2488 3859 2554 3929 τῇ
2573 3855 2801 3928 ἀληθείᾳ
2826 3852 3247 3925 προσϐαίνομεν,
3274 3851 3369 3905 καὶ
3398 3848 3680 3921 μετέχομεν

2097 3953 2198 4023 τῆς
2238 3949 2505 4013 ὲνοειδοῦς
2558 3948 2914 4012 τελειώσεως.
2957 3948 3022 4000 Τί
3060 3947 3117 4000 δέ
3158 3948 3275 3999 ἐστι
3322 3944 3384 3997 τὸ
3431 3936 3680 3999 ένοειδές·

2114 4041 2455 4113 Ἀναγόμεθα
2492 4040 2734 4113 δηλονότι
2764 4042 2873 4095 ἀπὸ
2899 4042 3009 4095 τῶν
3049 4039 3327 4111 αἰσθητῶν
3368 4034 3569 4089 τούτων
3601 4030 3684 4084 καὶ

2105 4132 2392 4205 μοχθηρῶν
2438 4134 2517 4195 εἰς
2565 4131 2716 4185 θείαν
2767 4132 3075 4203 ἁπλότητα,
3118 4130 3146 4182 ὃ
3184 4128 3249 4201 δὴ
3293 4124 3530 4187 ὲστίασίς
3578 4124 3684 4173 ἐστι

2101 4225 2199 4295 τῆς
2238 4224 2471 4294 ἐποψίας
2497 4242 2510 4254 ·
2542 4223 2806 4297 τρέφεται
2840 4223 2950 4295 γάρ
2984 4221 3063 4292 τῷ
3099 4220 3276 4292 νοητῷ
3303 4219 3394 4272 τὸν
3422 4216 3563 4278 νοῦν,
3591 4230 3683 4266 κα-

2104 4315 2213 4381 θὼς
2256 4318 2349 4369 καὶ
2384 4316 2574 4370 ἄλλοτε
2619 4316 2902 4387 ἐλέγομεν.
2943 4315 3055 4368 Καὶ
3093 4312 3252 4366 τοῦτό
3290 4313 3435 4363 ἐστιν
3474 4308 3507 4378 ἡ
3543 4321 3681 4376 παρ-

2104 4412 2219 4473 τοῖς
2258 4409 2613 4477 Εὑαγγελίοις
2654 4408 2775 4461 θεία
2811 4408 2904 4460 καὶ⁹
2944 4405 3315 4477 ύπερκόσμιος
3352 4397 3618 4474 τράπεζα.

420 4518 540 4573 qua:
565 4513 798 4556 mentem
829 4516 886 4555 re
912 4499 1189 4555 intellecta
1218 4498 1412 4564 nutrit,
1447 4497 1593 4553 sicut
1616 4496 1745 4551 alibi
1770 4497 2028 4553 diximus.
2072 4503 2139 4557 Et
2169 4503 2284 4558 haec
2335 4517 2421 4558 est
2454 4504 2509 4557 in
2553 4501 2866 4572 Evangeliis
2902 4500 2992 4555 illa
3030 4499 3213 4555 divina
3274 4512 3341 4552 ac
3378 4506 3688 4565 supermun-

420 4597 578 4651 dialis
609 4610 815 4650 mensa.

496 4689 523 4762 §
560 4688 647 4743 IV.
693 4690 936 4744 Dicimus
957 4688 1167 4759 itaque,
1192 4689 1360 4742 Deum
1386 4686 1604 4742 dedisse
1628 4687 1969 4744 hierarehiar

2242 4685 2329 4741 ἰν.
2370 4686 2616 4757 Λέγομεν
2662 4686 2861 4750 τοίνυν,
2897 4685 2972 4749 ὡς
3017 4686 3046 4737 6
3091 4681 3225 4745 Θεὸς
3270 4680 3370 4753 τὴν
3420 4671 3688 4749 ἱεραρχίαν

423 4784 476 4839 in
530 4784 757 4839 salutent
808 4794 864 4840 et
910 4782 1310 4837 deificationem
1349 4796 1539 4836 eorum
1574 4783 1665 4851 qui
1714 4783 1832 4851 ejns
1876 4790 2003 4835 sunt

424 4878 736 4947 participes,
764 4887 931 4945 atque
974 4876 1182 4947 angelis
1224 4873 1441 4943 quidem
1480 4874 1794 4943 spiritaliori
1843 4874 2000 4927 modo

424 4979 478 5023 et
508 4970 679 5040 magis
709 4986 739 5024 a
787 4969 1014 5023 materia
1057 4978 1286 5033 remoto,
1320 4966 1477 5021 nobis
1513 4976 1695 5020 autem
1728 4980 1825 5033 per
1854 4979 2003 5034 sym-

426 5061 547 5117 bola
595 5080 609 5116 :
656 5062 923 5131 siquidem
971 5062 1219 5115 homines
1265 5061 1609 5114 extrinsecus
1663 5073 1693 5110 a
1740 5066 2006 5111 creaturae

426 5157 912 5225 contemplatione,
942 5155 1126 5209 verbis
1156 5153 1575 5217 doctrinalibus,
1601 5152 1828 5220 aliisque
1858 5167 2005 5222 sym-

428 5249 566 5304 bolis
594 5263 689 5301 seu
722 5248 915 5318 signis,
947 5262 1133 5301 veram
1179 5246 1543 5315 cognitionem
1577 5244 1866 5308 hauriunt;
1904 5260 2003 5297 an-

428 5334 531 5411 geli
563 5355 691 5395 vero
726 5341 872 5395 intus
897 5340 1201 5394 secundum
1229 5337 1527 5406 spiritalem
1562 5337 1821 5389 virtutem
1850 5351 2004 5389 suam

431 5433 891 5497 illnstrantur,ac
947 5430 1125 5484 divina
1180 5428 1456 5482 voluntate
1519 5426 1906 5494 insigniuntur,
1955 5425 2007 5479 id

429 5534 514 5581 est
560 5527 626 5580 ad
680 5526 920 5579 divinam
973 5523 1363 5583 imitationem,
1402 5534 1718 5588 rerumque,
1766 5534 1870 5588 qua
1919 5534 2008 5574 res

432 5627 579 5682 sunt,
606 5619 882 5671 notionem
930 5615 1305 5670 ell'ormantnr.
1339 5613 1473 5666 Cum
1519 5611 1662 5665 enim
1700 5610 2009 5681 intelligens

434 5702 651 5780 quidem
697 5711 769 5764 sit
818 5712 871 5765 id
908 5710 1052 5781 quod
1103 5708 1380 5778 intelligit,
1410 5705 1749 5775 intelligibile
1793 5719 1925 5758 vero
1957 5704 2011 5759 id

434 5807 577 5869 Quod
611 5803 950 5871 intelligitur,
979 5803 1131 5859 cibus
1172 5812 1353 5857 autem
1389 5810 1443 5856 et
1479 5800 1633 5870 quasi
1682 5798 2011 5854 sustentatio

2106 4781 2198 4833 ἐπὶ
2227 4778 2469 4851 σωτηρία
2500 4778 2595 4831 καὶ
2630 4775 2821 4831 θεώσει
2854 4778 2963 4831 τῶν
3016 4772 3394 4847 μετεχομένων
3428 4769 3691 4839 ἐδωρήσα-

2106 4890 2186 4937 το,
2224 4873 2318 4926 καὶ
2362 4875 2475 4936 τοῖς
2524 4872 2624 4942 μὲν
2667 4870 2918 4939 ἀγγέλοις
2967 4867 3297 4941 νοερώτερον
3341 4866 3434 4919 καὶ
3466 4860 3690 4916 ἀῦλώτε-

2110 4982 2220 5036 ρον,
2257 4967 2391 5038 ἡμῖν
2423 4965 2479 5017 δὲ
2512 4964 2600 5017 διά
2635 4964 2921 5037 συμϐόλων
2941 4980 2954 4993 ’
2982 4961 3260 5033 ἅνθρωποι
3299 4958 3396 5030 μὲν
3428 4955 3530 5025 γὰρ
3563 4952 3690 5018 ἐξιώ

2108 5054 2198 5108 θεν
2234 5056 2341 5109 ἀπὸ
2371 5055 2471 5123 τῆς
2505 5054 2648 5108 κατά
2678 5055 2778 5125 τὴν
2830 5054 3006 5106 κτίσιν
3052 5050 3310 5120 θεωρίας,
3348 5048 3438 5100 καὶ
3471 5043 3576 5098 ἀπὸ
3610 5042 3687 5093 16-

2106 5165 2218 5217 γων
2251 5147 2665 5211 διδασκαλικῶν,
2702 5146 2796 5200 καὶ
2845 5146 3045 5217 ἐτέρων
3084 5141 3367 5213 συμϐόλων
3399 5139 3493 5206 τὴν
3522 5132 3690 5195 ἀληθῆ

2107 5241 2307 5311 γνῶσιν
2342 5240 2709 5311 λαμϐάνουσιν
2735 5256 2749 5269 ·
2787 5237 3007 5307 ἄγγελοι
3040 5236 3096 5289 δὲ
3146 5234 3317 5305 αὐτὴν
3362 5229 3562 5285 ἔνδοθεν
3602 5232 3675 5297 τὴν

2107 5334 2301 5408 νοεράν
2352 5333 2531 5387 αὐτῶν
2581 5333 2950 5403 ὲλλάμπονται
3001 5329 3252 5399 δύναμιν,
3288 5326 3384 5379 καὶ
3423 5323 3516 5394 τὴν
3548 5319 3694 5372 θείαν

2109 5428 2527 5501 ὲνσημαίνονται
2584 5425 2858 5497 βούλησιν,
2893 5425 3061 5495 ἥγουν
3112 5419 3413 5474 τυποῦνται
3458 5414 3592 5487 πρὸς
3639 5410 3694 5460 τὸ

2110 5517 2439 5588 θεομίμητόν
2472 5533 2552 5579 τε,
2586 5515 2681 5567 καὶ
2714 5514 2777 5566 τὸ
2809 5513 2918 5566 τῶν
2951 5512 3141 5576 ὄντων,
3240 5512 3370 5564 ὄντα
3401 5506 3526 5565 ἐστὶ,
3552 5517 3694 5569 TW

2112 5611 2314 5664 στικόν.
2334 5608 2551 5680 Ἐπειδὴ
2573 5608 2681 5679 γὰρ
2702 5606 2887 5678 νοερὸν
2914 5606 3009 5676 μέν
3032 5607 3148 5657 ἐστι
3163 5604 3225 5657 τὸ
3245 5599 3416 5661 νοοῦν,
3440 5594 3621 5665 νοητὸν
3639 5592 3694 5643 δε

2110 5703 2172 5756 τὸ
2204 5703 2510 5774 νοούμενον,
2536 5700 2709 5771 τροφὴ
2731 5700 2787 5752 δὲ
2811 5698 2915 5752 καὶ·
2936 5698 3097 5749 οἱονεὶ
3124 5694 3381 5755 σύστασις
3400 5686 3490 5742 τοῦ
3512 5684 3693 5737 νοοῦν-

2112 5798 2202 5860 τός
2228 5799 2353 5850 ἐστι
2387 5797 2446 5849 τὸ
2480 5794 2793 5866 νοούμενον,
2819 5791 3043 5853 εἰκότως
3076 5789 3104 5841 6
3138 5787 3292 5850 Θεὸς,
3324 5784 3414 5838 ire
3446 5777 3575 5834 νόων
3610 5777 3684 5828 δν-
