3734 6346
133 335 232 392 5&9

693 331 782 386 DE
821 329 1100 387 ECCLES.
1143 328 1544 386 HIERARCH..
1585 328 1739 383 CAP.
1777 328 1816 382 l.
1848 360 1916 369 —
1943 327 2297 388 PARAPHR.
2337 327 2789 411 PACHYMERIE

3283 332 3390 389 590

134 476 236 511 «av
287 457 396 512 τῶν
447 458 774 527 ἀσωμάτων,
827 451 988 512 αὐτὸς
1043 446 1328 518 νοούμενος
1377 445 1472 498 καὶ
1521 444 1709 516 νοητὸς

1902 429 2171 515 eiligehtis
2224 443 2295 498 sit
2343 443 2395 497 id
2448 444 2590 512 quod
2626 443 2977 514 intelligitur,
3003 445 3200 500 merito
3227 445 3391 515 Deus,

133 550 332 612 αὐτοῖς,
354 545 535 611 καθὼς
571 544 936 615 ἐφικνοῦνται,
963 540 1264 610 γινόμενος,
1287 536 1488 589 ἔσωθεν
1513 535 1726 602 αὐτοὺς

133 642 416 712 ὲλλάμπει.
456 641 520 693 Ὀ
549 637 680 706 γοῦν
701 636 914 707 ἔχουσιν
946 635 1141 685 ἐκεῖνοι
1170 629 1384 692 ὲνιαῐως
1405 630 1499 682 καὶ
1521 643 1713 680 συνεπ-

131 733 415 803 τυγμένως
447 732 522 794 ὡς
555 729 726 792 άῦλοι,
761 725 919 780 τοῦτο
941 727 1100 797 ἡμεῖς
1132 722 1220 781 διὰ
1257 721 1537 792 συμϐόλων
1570 718 1710 772 διαι-

136 827 304 899 ρετῶν
347 827 440 879 καὶ
474 823 666 896 πλήθει
700 821 1066 891 λαμϐάνομεν.
1104 815 1352 888 Σύμϐολα
1384 813 1440 866 δὲ
1471 813 1714 886 διαιρετά

130 924 228 988 τὰς
279 925 376 994 τῆς
419 923 641 993 Γραφῆς
688 919 981 982 πολυειδεῖς
1025 917 1370 979 διδασκαλίας
1417 916 1600 986 φησίν.
1651 916 1713 967 Εἰ

131 1015 261 1085 γοῦν
295 1016 389 1068 καὶ
422 1013 613 1085 πρώην
639 1013 916 1082 ἐλέγομεν,
943 1011 1023 1064 ὅτι
1052 1010 1229 1081 πάσης
1257 1010 1537 1081 ἱεραρχίας
1559 1007 1715 1061 οὐσία

133 1109 281 1161 ἐστὶν
303 1107 330 1159 ὁ
355 1106 505 1170 Θεὸς,
535 1105 669 1159 ἀλλά
701 1105 801 1175 τῆς
834 1103 954 1157 καθ’
977 1104 1122 1175 ἡμᾶς
1149 1103 1292 1167 ίδίως
1319 1104 1411 1156 καὶ
1445 1102 1714 1174 προσεχὴς

129 1198 310 1260 οὐσία,
341 1197 412 1250 τὰ
445 1197 814 1269 θεοπαράδοτα
848 1197 1022 1264 λόγια,
1056 1195 1150 1249 καὶ
1185 1195 1382 1266 μᾶλλον
1414 1195 1616 1248 τούτων
1649 1194 1717 1247 τὰ

134 1291 437 1344 σεπτότατα
466 1289 573 1342 τῶν
606 1288 915 1341 ἀποστόλων
946 1287 1344 1358 διδάγματα.¹“0
1370 1285 1589 1357 γὰρ’τῇ
1607 1287 1716 1340 τῶν

132 1382 399 1455 οὐρανίων
433 1381 684 1453 ἱεραρχίᾳ
715 1381 874 1444 αὐτὸς
905 1382 934 1432 ὁ
966 1381 1116 1444 Θεὸς,
1152 1381 1348 1445 ἀΰλως,
1383 1381 1458 1444 ὡς
1497 1379 1716 1450 ἐφικτὸν

133 1479 345 1540 αὐτοῖς,
381 1474 687 1545 ὲνούμενος,
723 1473 816 1527 καὶ
863 1474 1067 1554 ταύτην
1117 1473 1414 1536 ἀποτελῶν,
1448 1473 1604 1526 τοῦτο
1651 1477 1715 1545 τῇ

130 1569 254 1622 καθ’
290 1570 436 1640 ἡμᾶς
469 1570 524 1621 αἱ
559 1569 792 1638 Γραφαὶ,
828 1566 894 1620 δι’
922 1560 996 1620 ὧν
1031 1567 1226 1637 ἔχομεν
1258 1566 1550 1635 ἀνάγεσθαι
1583 1567 1719 1638 πρὸς

127 1659 226 1732 τὴν
274 1662 424 1714 θείαν
471 1661 777 1732 ἁπλότητα·
814 1661 907 1712 καὶ
943 1658 1048 1730 μὴν
1081 1661 1174 1712 καὶ
1205 1659 1273 1712 τά
1305 1660 1404 1712 ὅσα
1449 1659 1513 1712 δι’
1548 1659 1708 1725 ἀῦγο-

130 1754 303 1825 τέρας
338 1755 609 1824 μυήσεως,
639 1753 738 1822 τῆς
771 1754 836 1806 ὲκ
867 1751 962 1803 τοῦ
997 1751 1312 1822 Πνεῦματος
1343 1750 1543 1822 δηλαδὴ
1577 1752 1720 1819 ἐγγι-

131 1847 366 1918 νομένης
410 1848 522 1909 τοῖς
571 1845 890 1908 ἀποστόλοις
935 1843 1189 1912 γνώσεως
1220 1843 1330 1896 τῶν
1362 1844 1462 1914 τῆς
1495 1843 1719 1916 Γραφῆς

131 1939 441 2012 νοημάτων,
477 1939 630 1990 αὐτοὶ
673 1940 787 2001 τοῖς
833 1937 1012 2001 ἄλλοις
1061 1937 1150 1992 διὰ
1191 1937 1370 2006 λόγου,
1408 1936 1719 2009 σωματικοῦ

134 2031 255 2100 μὲν,
295 2031 375 2084 ὅτι
422 2031 488 2084 δι’
521 2030 769 2102 ὀργάνων
815 2031 1143 2102 σωματικῶν
1175 2031 1444 2100 ἐλέγοντο,
1499 2030 1719 2084 άῦλοτέ-

134 2138 226 2191 pou
261 2122 321 2174 δὲ
341 2123 509 2192 ὅμως,
536 2123 616 2174 ὃτι
640 2120 782 2191 λόγῳ
821 2122 986 2193 μόνῳ,
1023 2124 1115 2176 καὶ
1146 2122 1235 2176 διὰ
1266 2123 1484 2195 γραφῆς
1505 2127 1518 2144 ⁶
1553 2123 1723 2194 παρέ-

129 2215 296 2268 δοσαν
333 2215 629 2286 μυστικῶς.
667 2216 976 2288 Παρέδοσαν
1007 2216 1064 2269 δὲ
1095 2217 1268 2271 ταῦτα
1300 2219 1399 2271 οὐκ
1433 2219 1723 2290 ἀπαρακα-

129 2304 357 2370 λύπτοις
391 2308 660 2379 νοήσεσιν,
697 2307 810 2360 ἀλλ’
829 2310 887 2361 ὲν
922 2310 1208 2381 συμϐόλοις
1241 2311 1381 2363 τισὶν
1418 2313 1602 2382 ἱεροῖς,
1620 2313 1720 2366 ὅσα

97 2393 333 2466 «δηλαδὴ
358 2397 414 2448 ὲν
444 2398 510 2467 τῇ
543 2396 674 2467 ἁγίᾳ⁴
704 2396 997 2470 Ἐκκλησία
1028 2397 1325 2461 τελοῦνται,
1344 2399 1500 2468 λόγον
1531 2400 1721 2470 έχοντα

127 2490 220 2542 τοῦ
258 2491 585 2561 φαινομένου
628 2491 956 2564 ὁπλότερον
1002 2492 1094 2546 καὶ
1140 2492 1428 2564 θειότερον.
1465 2493 1633 2547 Τοῦτο
1664 2493 1721 2546 δὲ

131 2587 489 2654 πεποιήκασι,
526 2586 618 2637 καὶ
657 2586 757 2637 οὐκ
790 2585 1144 2655 ἀπεκάλυψαν
1181 2585 1350 2638 ἅπασι
1382 2585 1451 2640 τὰ
1482 2587 1725 2659 ἀπόκρυ-

131 2692 227 2743 φα,
263 2675 347 2728 ὅτι
380 2675 438 2727 οὐ
475 2677 581 2739 πᾶς
617 2676 780 2748 ίερὸς,
814 2676 932 2729 οὐδὲ
969 2677 1186 2731 πάντων
1219 2678 1251 2747 ἡ
1286 2677 1518 2745 γνῶσις·
1565 2677 1724 2748 Ὑμῖν

129 2768 239 2836 γὰρ
269 2767 529 2834 δέδοται,
565 2772 728 2842 φησὶν
778 2772 807 2823 ὁ
855 2771 1060 2842 Κύριος
1104 2773 1217 2834 τοῖς
1265 2771 1583 2836 ἀποστόλοις
1629 2774 1723 2826 καὶ

1811 552 1934 590 cum
1985 543 2196 589 mentes
2243 535 2356 590 sint
2394 535 2750 605 incorporeas.
2784 536 3018 604 ipsemet
3062 535 3393 606 intelligens,

1811 637 1869 682 et
1899 627 2024 693 illis,
2059 635 2324 697 quantum
2366 642 2562 697 capere
2589 638 2841 698 possunt,
2870 627 3048 684 factus
3074 630 3394 700 intelligibi-

1813 721 1899 786 lis,
1929 721 2076 774 intus
2104 720 2249 789 ipsas
2283 720 2540 774 illustrat.
2575 721 2729 786 Quod
2755 722 2938 792 itaque
2972 723 3095 792 ipsi,
3135 731 3394 794 tanquam

1814 811 2226 875 immateriales,
2255 811 2404 864 unite
2457 810 2660 865 habent
2708 827 2770 866 ac
2807 822 3110 884 compacte,
3141 815 3246 870 hoc
3297 830 3398 869 nos

1816 901 1916 954 sub
1945 901 2238 955 divisorum
2266 899 2632 970 symbolorum
2678 903 3024 960 multitudine
3073 906 3396 976 accipimus.

1818 994 2073 1064 Symbola
2122 1010 2286 1064 porro
2333 995 2529 1060 divisa,
2560 1005 2722 1050 vocat
2771 997 3046 1053 doctrinas
3100 998 3399 1068 Scriptura:

1817 1089 2200 1143 multiformes.
2235 1088 2290 1143 Si
2319 1089 2522 1157 itaque,
2556 1097 2614 1141 ut
2661 1089 2824 1142 etiam
2869 1099 2996 1144 ante
3021 1091 3278 1154 diximus,
3307 1105 3390 1144 es-

1819 1183 1992 1236 sentia
2048 1183 2228 1237 omnis
2283 1183 2609 1240 bierarch'u‘.
2657 1181 2796 1236 Deus
2828 1191 2932 1247 est,
2964 1193 3166 1237 nostrae
3219 1197 3399 1238 tamen

1820 1279 2076 1348 proprie,
2107 1277 2262 1346 quasi
2325 1277 2574 1346 proxima
2620 1277 2872 1339 materia,
2915 1285 3042 1332 sunt
3090 1276 3310 1331 oracula
3368 1292 3399 1330 a

1822 1370 1931 1424 Deo
1957 1371 2176 1430 tradita.
2194 1369 2495 1439 prazscrtim
2522 1368 2894 1438 apostolorum
2929 1370 3195 1424 doctrina:
3225 1368 3401 1422 maxi-

1824 1477 1910 1517 me
1931 1462 2279 1519 venerandae.
2313 1461 2464 1528 Quod
2501 1463 2644 1517 enim
2684 1462 2897 1518 caelesti
2953 1461 3275 1516 bierarchim
3319 1471 3404 1516 est

1824 1559 1938 1628 ipse
1989 1557 2149 1620 Deus,
2183 1556 2640 1620 immaterialiter,
2675 1558 2852 1624 quoad
2901 1555 3017 1609 ﬁeri
3067 1565 3264 1624 potest,
3301 1555 3402 1624 ipsi

1823 1647 2008 1700 unitos
2051 1660 2280 1716 eamque
2328 1645 2639 1716 perliciens,
2683 1646 2789 1701 hoc
2838 1657 3036 1700 nostra:
3081 1645 3406 1699 bierarcbia:

1823 1747 1950 1792 sunt
1980 1736 2296 1807 Scriptura},
2331 1752 2428 1806 per
2456 1752 2594 1806 quas
2631 1739 2697 1790 ad
2723 1737 2961 1790 divinam
2994 1737 3404 1806 simplicitatem

1822 1830 2176 1894 adducimur;
2203 1834 2279 1882 utl
2325 1838 2379 1883 ct
2428 1829 2750 1882 traditiones
2778 1828 2903 1895 illae,
2940 1830 3140 1898 quibus
3184 1828 3407 1882 institu-

1823 1923 1971 1992 tione
2001 1921 2172 1990 magis
2221 1935 2251 1973 a
2300 1920 2529 1974 materia
2582 1929 2812 1981 semota,
2841 1935 2908 1974 ex
2941 1922 3116 1974 sancti
3167 1919 3406 1990 Spiritus

1825 2016 2105 2077 instinctu,
2141 2012 2370 2083 apostoli
2401 2028 2662 2066 sensuum
2691 2011 2990 2081 Scriptura:
3016 2012 3403 2082 cognitionem,

1825 2109 1914 2163 alii
1948 2107 2091 2174 aliis,
2122 2122 2373 2163 sermone
2420 2110 2642 2178 quidem
2686 2119 2974 2179 corporeo,
2999 2105 3125 2174 quia
3172 2120 3269 2174 per
3321 2105 3406 2158 in-

1823 2209 2125 2258 strumenta
2173 2215 2435 2270 corporea
2485 2200 2651 2256 locuti
2707 2209 2858 2263 sunt,
2891 2199 3068 2266 magis
3104 2207 3280 2250 tamen
3315 2196 3412 2250 im-

1829 2294 2121 2359 materiali,
2152 2294 2279 2364 quia
2304 2309 2559 2349 sermone
2588 2293 2706 2348 solo
2738 2303 2794 2350 et
2829 2308 2937 2347 non
2965 2291 3190 2361 scripto,
3225 2288 3411 2360 mysti-

1828 2405 1892 2444 ce
1920 2389 2278 2445 tradiderunt.
2308 2385 2660 2458 Nequaquam
2692 2398 2872 2444 autem
2925 2388 3037 2441 haec
3089 2383 3286 2456 patulis
3323 2385 3406 2437 in—

1831 2480 2143 2551 telligeuliis
2176 2481 2541 2547 tradiderunt,
2569 2481 2664 2536 sed
2703 2481 2755 2534 in
2799 2477 3060 2550 symbolis
3088 2477 3409 2547 quibusdam

1829 2574 2026 2636 sacris,
2058 2588 2180 2642 quae
2212 2572 2469 2626 nimirum
2525 2572 2580 2626 in
2630 2571 2872 2626 Ecclesia
2906 2580 3097 2626 sancta
3130 2567 3413 2624 celebran-

1833 2675 1940 2730 tur,
1971 2681 2094 2720 cum
2128 2666 2392 2719 rationem
2425 2665 2666 2722 habeant
2693 2679 2759 2720 eo
2799 2663 2944 2734 quod
2985 2670 3211 2732 apparet
3239 2661 3412 2716 subli—

1833 2756 2060 2811 miorem
2109 2765 2272 2826 atque
2315 2755 2658 2811 diviniorem.
2693 2754 2806 2810 lloc
2843 2763 3024 2808 autem
3055 2752 3330 2815 fecerunt,
3359 2757 3415 2805 et

128 2861 242 2921 τοῖς
295 2859 415 2928 μετ’
449 2859 644 2922 αὐτοὺς
687 2859 885 2928 ἁγίοις,
919 2857 1141 2928 γνῶναι
1172 2857 1244 2910 τὰ
1269 2855 1573 2927 μυστήρια
1612 2858 1722 2928 τῆς

1905 2854 2250 2921 udquaquam
2267 2852 2529 2906 omnibus
2560 2865 2760 2906 arcana
2788 2849 3123 2912 revelarunt,
3149 2849 3274 2916 quia
3304 2860 3413 2899 non

123 2949 458 3016 βασιλείας
480 2951 586 3004 τοῦ
618 2951 786 3005 Θεοῦ.

1829 2950 2008 3005 omnis
2044 2959 2293 3014 sanctus,
2330 2963 2507 3018 neque
2535 2945 2778 3002 omnium
2821 2945 3049 3001 scientia
3082 2951 3167 2998 est
3197 2959 3212 2996 :
3259 2938 3412 2994 Vobis

133 3041 302 3113 166
335 3044 496 3109 enim,
529 3043 701 3113 inquit
728 3043 986 3098 Dominus
1015 3042 1280 3110 apostolis
1303 3051 1358 3099 et
1385 3044 1791 3099 successoribus
1819 3043 2047 3111 sanctis,
2079 3044 2264 3097 datum
2302 3053 2377 3097 est
2416 3057 2567 3098 nosse
2595 3039 2840 3109 mysteria
2873 3037 3018 3108 regni
3050 3036 3147 3091 Dei
3166 3036 3217 3089 ιι.

199 3136 227 3208 §
258 3135 326 3188 ν.
383 3136 719 3205 Ἀναγκαίως
764 3136 943 3189 τοίνυν
976 3138 1024 3189 οἱ
1061 3137 1196 3207 ἱεροὶ
1229 3137 1536 3203 ἀπόστολοι,
1573 3138 1726 3191 αὐτοὶ

127 3227 574 3299 ἀναπλησθέντες
623 3226 717 3281 τοῦ
775 3227 919 3280 θείου
973 3227 1312 3299 χαρίσματος
1365 3225 1727 3297 (ὲθεώθησαν

126 3316 238 3388 γάρ
271 3319 342 3388 τῇ
379 3318 514 3388 πρὸς
546 3316 724 3369 αὐτῶν
760 3316 1100 3386 ἀγαπήσει),
1136 3318 1231 3369 καὶ
1265 3318 1345 3381 είς
1377 3317 1504 3380 τοὺς
1536 3317 1727 3381 ἄλλους

126 3407 534 3478 ἀπεσταλμένοι
582 3406 735 3479 παρά
782 3408 882 3479 τῆς
929 3407 1286 3480 ἀγαθότητος,
1323 3409 1418 3462 καὶ
1467 3409 1620 3462 αὐτοὶ
1668 3409 1726 3463 δὲ

127 3499 228 3570 ἥδη
267 3499 388 3553 θεοὶ
423 3501 724 3569 γεγονότες,
765 3500 840 3572 μὴ
874 3500 1195 3569 φθονοῦντες
1226 3503 1339 3564 τοῖς
1383 3503 1500 3571 μετ’
1533 3501 1728 3566 αὐτοὺς

127 3587 228 3654 τῆς
263 3587 521 3659 τοιαύτης
555 3588 802 3652 θεώσεως
828 3590 1125 3662 (ἀλλότριον
1147 3590 1255 3662 γάρ
1273 3593 1334 3643 τὸ
1351 3590 1610 3662 φθονερὸν
1632 3591 1728 3644 τοῦ

128 3678 319 3750 θεοῦ),
347 3681 624 3751 αἰσθητοῖς
646 3681 713 3734 τὰ
725 3683 910 3754 νοητὰ,
931 3684 1024 3735 καὶ
1042 3682 1244 3746 ὑλικοῖς
1261 3682 1329 3735 τά
1347 3683 1504 3747 άῦλα,
1521 3683 1616 3736 καὶ
1637 3683 1726 3736 ἀν-

130 3767 376 3840 θρώποις
400 3770 468 3824 τά
483 3771 627 3834 θεῖα,
651 3773 744 3825 καλ⁸
764 3772 1056 3844 ἐγγράφως
1077 3773 1172 3825 καὶ
1199 3773 1462 3844 ἀγράφως
1495 3773 1730 3844 παρέδο-

131 3875 254 3921 σαν,
280 3859 346 3911 οὐ
369 3860 529 3930 μόνον
546 3863 706 3932 χάριν
720 3861 829 3915 τῶν
846 3861 1074 3934 ἀνιέρων
1093 3861 1166 3934 (τί
1182 3861 1290 3935 γάρ
1308 3864 1438 3933 ἡμῖν
1455 3863 1729 3928 κάκείνοις

129 3953 338 4014 κοινὸν,
362 3953 411 4004 οἳ
436 3953 554 4006 οὐδὲ
578 3954 686 4006 τῶν
715 3954 997 4024 συμϐόλων
1019 3953 1191 4024 ψιλῶν
1223 3954 1498 4020 ἀξιοῦνται
1523 3954 1572 4025 ;)
1596 3954 1732 4008 ἀλλά

131 4045 225 4095 καὶ
267 4045 392 4097 κατ’
427 4044 584 4099 ἄλλον
629 4047 829 4118 τρόπον
863 4048 944 4099 ὅτι
979 4046 1257 4116 ἀναλόγως
1287 4049 1421 4117 ἡμῖν
1454 4046 1730 4117 αἰσθητοῖς

128 4129 271 4195 οὖσι,
313 4135 407 4187 καὶ
455 4135 706 4206 αἰσθήσει
758 4135 912 4201 ζῶσι,
949 4137 1045 4190 καὶ
1090 4138 1124 4208 ὴ
1180 4137 1429 4208 ἱεραρχία
1474 4137 1728 4192 τελεῖται.

130 4226 202 4276 0')
242 4225 357 4296 γὰρ
387 4220 497 4278 οἷόν
528 4243 587 4278 τε
619 4231 845 4298 γυμνοῖς
878 4229 1062 4292 αὐτοῖς
1104 4231 1220 4293 τοῖς
1265 4230 1429 4294 θείοις
1474 4231 1734 4302 πράγμα-

130 4335 216 4370 σιν
250 4319 629 4390 ἐντυγχάνειν,
665 4322 762 4374 καὶ
811 4321 1020 4393 νοητῶς
1055 4322 1443 4387 συνάπτεσθαι,
1478 4324 1731 4395 αἰσθήσει

1902 3137 1932 3210 5
1973 3137 2035 3194 γ.
2078 3135 2401 3193 Necessario
2465 3135 2630 3206 igitur
2681 3133 2864 3187 sancti
2914 3123 3144 3200 apostoli
3197 3127 3416 3197 ipsimct

1828 3231 2013 3286 divino
2043 3244 2268 3285 munere
2303 3227 2452 3300 pleni
2483 3231 2605 3298 (per
2627 3225 2976 3280 dilectionem
3008 3223 3153 3278 enim
3176 3219 3413 3274 deiﬁcau‘

1829 3327 2007 3392 erant)
2040 3329 2095 3376 et
2141 3322 2210 3377 ad
2267 3321 2404 3376 alios
2446 3319 2514 3375 ab
2549 3319 2664 3388 ipsa
2697 3315 2942 3371 bonitate
2979 3313 3156 3378 missi,
3200 3313 3330 3382 quin
3362 3321 3415 3366 et

1830 3416 1929 3487 ipsi
1953 3415 2064 3485 jam
2099 3416 2172 3471 dii
2203 3415 2359 3479 facti,
2390 3411 2804 3470 successoribus
2850 3407 3159 3464 istiusmodi
3194 3404 3417 3459 deiﬁca-

1833 3507 2034 3562 tionem
2065 3506 2293 3561 minime
2326 3503 2638 3560 invidentes
2677 3499 2879 3563 (aliena
2923 3499 3068 3554 enim
3100 3494 3303 3549 invidia
3332 3500 3417 3547 est

1830 3615 1859 3654 a
1889 3599 2062 3664 Deol,
2094 3599 2450 3654 scnsibilibus
2477 3595 2843 3661 intellectilia,
2873 3603 2930 3648 et
2974 3590 3278 3646 materiatis
3314 3589 3416 3643 im-

1831 3690 2159 3756 materialia,
2189 3700 2244 3746 et
2272 3689 2586 3745 hominibus
2616 3688 2820 3750 divina,
2865 3695 2974 3738 tam
3005 3683 3212 3750 scripto
3248 3693 3414 3750 quam

1831 3799 1940 3839 non
1975 3784 2180 3853 scripto
2211 3782 2576 3844 tradiderunt.
2612 3797 2716 3836 non
2750 3789 2973 3849 propter
3008 3775 3270 3846 profanos
3301 3783 3416 3826 tan-

1834 3884 1943 3928 tum
1975 3875 2129 3944 (quid
2153 3875 2298 3928 enim
2329 3872 2486 3927 nobis
2505 3881 2560 3926 et
2581 3872 2686 3926 illis
2708 3884 3017 3950 commune,
3048 3866 3140 3934 qui
3175 3879 3242 3919 ne
3267 3877 3416 3932 sym-

1831 3965 1970 4019 bolis
2024 3966 2244 4035 quidem
2305 3961 2466 4016 nudis
2531 3961 2686 4031 digni
2743 3969 2869 4014 sunt
2919 3956 3164 4023 habiti?)
3223 3966 3415 4008 verum

1832 4060 1996 4114 etiam
2025 4059 2095 4113 ob
2127 4058 2288 4111 aliam
2324 4057 2611 4121 rationem,
2647 4057 2791 4124 quod
2820 4053 3073 4108 nimirum
3110 4063 3416 4118 congruen-

1834 4163 1914 4208 ter
1957 4152 2114 4206 nobis
2161 4165 2325 4205 sensu
2371 4149 2677 4203 viventibus
2698 4158 2754 4202 et
2779 4144 3052 4202 sensitivis
3083 4139 3414 4206 ,bierarcbia

1835 4242 2302 4296 subministretur.
2338 4238 2456 4292 Non
2502 4239 2648 4292 enim
2679 4252 2777 4308 par
2803 4245 2912 4301 est,
2945 4244 3005 4289 ut
3037 4233 3092 4288 ln'
3127 4233 3219 4303 qui
3249 4247 3414 4286 sensu

1836 4338 2046 4401 vivunt,
2085 4335 2256 4389 nudas
2297 4334 2446 4404 ipsas
2479 4347 2566 4386 res
2591 4331 2806 4386 divinas
2843 4330 3212 4399 frequentem,
3250 4337 3306 4382 et
3333 4324 3416 4379 in-

130 4411 380 4474 ζῶντας·
419 4413 509 4465 διά
537 4413 696 4466 τοῦτο
744 4413 832 4468 διὰ
878 4415 1164 4486 συμϐόλων
1195 4415 1464 4470 τελεῖσθαι
1499 4419 1726 4490 ἐτάχθη-

1902 4427 2216 4483 llectualiter
2247 4427 2316 4481 iis
2341 4426 2776 4496 conjungantur;
2815 4423 3022 4478 idcirco
3053 4436 3149 4491 per
3175 4417 3414 4491 symbolo

133 4521 252 4572 μεν.
285 4504 440 4568 Τέως
472 4505 531 4558 δὲ
561 4507 710 4577 ὅμως
743 4509 792 4560 οἱ
824 4507 934 4561 τῶν
970 4506 1254 4578 συμϐόλων
1286 4507 1432 4576 λόγοι
1466 4509 1526 4561 οὐ
1562 4511 1726 4562 πᾶσίν

1902 4522 1967 4576 ssi
2014 4537 2204 4577 sumus
2251 4520 2476 4576 initiari.
2512 4521 2899 4576 Verumtamen
2930 4531 2997 4571 ne
3024 4515 3154 4586 ipsa:
3197 4513 3416 4584 quidem

129 4597 271 4649 εἰσιν
306 4597 820 4670 ἀνακεκαλυμμένοι
845 4602 938 4654 καὶ
962 4599 1248 4672 γνώριμοι,
1269 4600 1407 4654 ἀλλά
1427 4604 1539 4666 τοῖς
1564 4604 1729 4672 ἱεροῖς

126 4687 415 4759 ἀνδράσιν,
448 4689 542 4754 οὓς
591 4691 652 4744 οὐ
701 4690 919 4762 θεμιτόν
969 4694 1117 4745 ἐστιν
1165 4692 1380 4762 ἐξάγειν
1425 4694 1618 4757 αὐτοὺς
1651 4694 1728 4756 εἰς

127 4779 257 4842 τοὺς
313 4779 394 4832 ἔτι
447 4781 909 4853 κατηχουμένους,
947 4783 1174 4847 είδότας,
1209 4785 1290 4838 ὅτι
1343 4785 1731 4858 προσηκόντως

129 4871 353 4942 ἑκάστῳ
398 4872 542 4927 κατά
585 4876 687 4946 τὴν
730 4875 992 4947 οὐρανίαν
1036 4876 1190 4943 τάξιν
1232 4877 1331 4949 τὴν
1365 4878 1602 4948 εὐσταθῆ
1636 4879 1732 4931 καὶ

129 4964 492 5035 ἁσῦμφυρτον
535 4967 813 5037 ἀναλόγως
869 4969 969 5041 τὴν
1025 4970 1149 5024 καθ’
1194 4972 1341 5041 ἡμᾶς
1395 4970 1728 5034 διετάξαντο.

127 5058 219 5111 Διὸ
255 5058 505 5123 πεισθεὶς
536 5063 657 5124 ταῖς
688 5061 1003 5133 ὁμολογίαις
1033 5067 1155 5127 ταῖς
1189 5068 1330 5127 σαῖς,
1369 5063 1445 5126 ὡς
1477 5063 1576 5132 οὐχ
1607 5062 1732 5115 ἐτέ-

130 5167 209 5220 ρῳ
248 5150 613 5222 μεταδώσεις,
650 5154 700 5205 εί
736 5153 812 5225 μὴ
845 5158 958 5218 τοῖς
1003 5155 1146 5209 κατά
1195 5156 1253 5207 σὲ
1288 5159 1485 5226 ἰεροῖς’
1524 5155 1616 5207 καὶ
1650 5154 1732 5207 ὅτι

127 5243 426 5307 κάκείνους
474 5245 749 5318 ἀσφαλίσῃ
791 5245 1068 5311 τοιούτους
1119 5242 1260 5299 εἶναι
1309 5247 1438 5318 περὶ⁹
1482 5244 1552 5298 τά
1585 5245 1732 5309 θεῖα,

129 5329 240 5399 οἶος
278 5336 347 5388 σὺ
378 5336 540 5399 αὐτὸς
573 5332 710 5390 εἶναι
745 5339 873 5409 περὶ
904 5337 1077 5392 ταῦτα
1111 5339 1366 5409 ὑπισχνῇ,
1403 5336 1496 5390 καὶ
1536 5335 1728 5389 τούτου

132 5426 471 5498 μεταδίδωμί
505 5445 589 5481 σοι
619 5428 714 5482 τοῦ
746 5428 942 5502 δώρου.

211 5667 240 5705 Ιι
273 5663 444 5720 Marc.
474 5685 554 5740 tv,
581 5671 672 5728 11,

1832 4613 2202 4685 symbolarum
2234 4612 2473 4667 rationes
2499 4612 2754 4668 omnibus
2785 4617 2911 4664 sunt
2941 4606 3194 4662 revelata:
3224 4617 3290 4656 ac
3320 4614 3418 4654 no-

1839 4716 1926 4771 tae,
1957 4706 2052 4760 sed
2082 4705 2215 4760 viris
2245 4705 2477 4768 sanctis,
2502 4704 2706 4774 quibus
2739 4717 2843 4756 non
2871 4700 2997 4754 licet
3019 4711 3112 4752 eas
3143 4705 3418 4762 exponere

1836 4800 1903 4854 iis
1931 4800 2022 4870 qui
2052 4800 2230 4853 adhuc
2262 4797 2672 4862 catcchumcni;
2707 4809 2831 4849 cum
2853 4792 2996 4847 scire
3025 4790 3262 4844 debeant
3283 4800 3418 4840 con-

1836 4893 2122 4947 venienter
2157 4892 2474 4960 unicuique,
2506 4887 2806 4944 secundum
2838 4884 3086 4938 ordinem
3137 4878 3414 4934 crelestem

1837 4984 2081 5040 stabilem
2111 4993 2166 5038 et
2192 4982 2562 5046 inconfusum,
2589 4979 2655 5032 ad
2682 4985 2896 5046 captum
2925 4983 3170 5030 nostrum
3199 4971 3413 5025 bierar-

1837 5078 2017 5132 chiam
2043 5077 2216 5146 ipsam
2243 5075 2550 5130 ordinatam
2582 5085 2724 5126 esse.
2750 5070 3093 5138 Quapmpter
3120 5063 3283 5118 etiam
3312 5061 3418 5118 tuis

1839 5169 1952 5237 ipse
2004 5166 2440 5238 professionibus
2489 5176 2790 5234 persuasus
2833 5176 2915 5224 es,
2947 5172 3014 5212 ne
3059 5157 3204 5211 illam
3257 5154 3413 5210 alteri

1841 5263 2052 5326 tradas,
2085 5270 2450 5331 praeterquam
2484 5258 2560 5312 tui
2589 5255 2861 5312 similibus
2889 5251 3123 5316 sanctis;
3155 5257 3210 5306 et
3239 5249 3309 5306 ab
3337 5250 3420 5305 eis

1840 5360 1990 5421 petes
2018 5355 2353 5418 cautionem,
2394 5351 2542 5420 ipsos
2572 5349 2720 5405 circa
2753 5346 2934 5403 divina
2970 5344 3104 5400 tales
3135 5342 3419 5414 forc,qua«

1836 5441 1940 5497 lem
1973 5443 2088 5512 ipse
2116 5453 2168 5498 te
2192 5443 2340 5499 circa
2370 5441 2558 5498 eadem
2588 5441 2708 5497 fore
2735 5435 3008 5508 recepisti,
3040 5435 3202 5507 idque
3227 5449 3420 5492 inunc-

1834 5537 1911 5593 ris
1940 5535 2036 5591 tibi
2068 5537 2244 5592 trado.

210 5760 230 5778 '
262 5769 404 5840 Lege
432 5735 612 5840 καἱοὺ
645 5762 732 5816 διὰ
759 5767 995 5840 γραφῆς.
1026 5765 1085 5826 In
1121 5779 1267 5828 textu
1293 5769 1438 5826 cnim
1471 5767 1530 5825 S.
1574 5767 1726 5839 Dion}

1902 5766 2067 5837 igitur
2115 5767 2270 5832 ἐκτὸς
2319 5735 2564 5838 γραφῆς.
2599 5762 2952 5835 Negationem
2980 5778 3040 5814 ou
3072 5759 3201 5830 legit
3239 5760 3426 5813 ἰηιοιυιιΔ

137 5845 291 5888 Drcs.
326 5827 481 5883 Eutr.
506 5827 746 5888 PnnOL.
