3730 6352
342 265 448 322 595

1553 262 1610 319 S.
1656 259 1951 316 DlONYSll
2015 258 2477 317 AREOPAGITJB

3505 265 3535 290 η

3506 265 3535 290 'L'

3506 263 3607 317 L396

348 400 446 438 nec
494 396 604 439 non
654 380 777 433 vitae
825 378 1085 447 spiritalis
1134 376 1493 447 privationem
1536 377 1910 441 detesmntem,

2071 372 2121 425 δύ
2154 374 2320 437 ὅντως
2355 372 2540 436 καλοῦ,
2565 371 2659 444 τὴν
2680 373 2780 443 τῆς
2804 373 2986 427 ἐνθέου
3020 373 3165 445 ζωῆς
3196 375 3606 447 ἀνενεργηοίαν,

344 481 508 539 atque
554 477 741 521 sancta
778 467 896 534 ejus
932 468 1323 521 intercessione
1356 465 1449 521 Dei
1499 466 1915 535 divinorumque

340 571 644 629 ('muputem
679 560 793 613 ﬁeri
823 560 1206 629 postulantem,
1240 569 1560 630 praemonet,
1598 561 1810 631 integre
1838 560 1911 614 illi

346 650 505 721 169
547 651 611 704 ad
669 651 834 704 Deum
886 650 1253 706 accedendum
1306 667 1448 716 esse,
1474 661 1658 721 utpote
1690 667 1914 722 prorsus

340 744 637 809 perlectum
692 753 745 797 et
796 742 1205 797 immaculatum
1245 760 1259 797 :
1297 743 1684 814 propositaqne
1730 745 1912 800 divine

337 832 549 885 vivendi
599 848 817 898 norma,
846 850 947 888 nec
981 851 1083 889 non
1118 835 1457 905 interrogato
1487 852 1613 890 num
1640 853 1706 891 ex
1740 850 1802 890 ea
1835 836 1914 890 vi-

338 935 523 981 cturus
552 936 718 991 esset,
758 930 1077 984 assentienti
1129 945 1346 985 mamnn
1391 930 1555 1000 capiti
1585 931 1829 1002 imponit,
1866 941 1919 986 et

337 1018 665 1090 consignans
717 1034 864 1087 eum,
911 1022 1287 1076 sacerdotibus
1343 1023 1584 1086 mandat,
1636 1032 1693 1077 ut
1740 1023 1914 1079 virum

335 1122 815 1184 susceptoremque
839 1113 1171 1172 describant.

1218 1226 1247 1251 φ

2019 466 2294 531 ἀξιοῦντος
2326 484 2384 519 τε
2418 466 2503 518 διὰ
2535 465 2635 535 τῆς
2670 468 2821 537 ἱερᾶς
2854 467 3019 520 αὑτοῦ
3058 466 3333 538 μεσιτείας
3353 466 3489 520 Θεοῦ
3515 468 3608 521 καὶ

2020 560 2127 629 τῶν
2163 558 2324 611 θείων
2352 561 2551 628 τυχεῖν,
2579 558 2940 630 μαρτύρεται⁹
2960 560 3055 629 μὲν
3106 560 3257 630 αύτῷ
3329 560 3430 631 τὴν
3476 561 3611 627 degat-

2021 649 2251 721 λομένην
2285 649 2468 719 ὁλικὴν
2503 648 2754 717 γενέσθαι
2796 649 3167 720 προσέλευσιν,
3203 651 3279 714 ὼς
3314 652 3609 724 παντελείῳ

2024 741 2116 793 καὶ
2138 740 2355 810 ἀμώμῳ
2382 739 2494 791 ὄντι
2517 739 2665 810 Θεῷ·
2705 740 2801 792 καὶ
2832 740 2928 810 τὴν
2960 740 3137 795 ἔνθεον
3162 742 3312 813 αὐτῷ
3340 744 3609 797 πολιτείαν

2024 833 2468 903 ὑφηγησάμενοςν
2505 832 2598 884 καὶ
2644 835 3070 905 προσερωτήσας
3107 838 3154 888 ει
3188 835 3331 888 οὕτω
3369 837 3612 891 πολιτεύ-

2022 950 2194 993 σαιτο,
2236 936 2372 1003 μετά
2412 937 2508 1008 τὴν
2535 936 2847 1008 ὁμολογίαν,
2885 933 3188 1004 ἐπιτίθησιν
3217 933 3386 987 αὐτοῦ
3420 938 3485 1005 τῇ
3516 952 3609 987 κε-

2021 1024 2164 1095 φαλῇ
2200 1025 2297 1095 τὴν
2329 1031 2507 1099 χεῖρα,
2545 1028 2639 1081 καὶ
2686 1026 3147 1099 σφραγισάμενος,
3183 1026 3611 1099 ἀπογράψασθαι

2028 1117 2240 1170 κελεύει
2274 1122 2386 1183 τοῖς
2420 1120 2622 1193 ἱερεῦσι
2655 1120 2746 1173 τὸν
2776 1120 2943 1192 ἄνδρα
2976 1121 3069 1173 καὶ
3101 1121 3190 1173 τὸν
3223 1121 3503 1191 ἀνάδοχον.

1891 1280 2057 1353 §VI.

408 1388 618 1469 Quibus
647 1398 927 1466 ascriptis,
955 1410 1170 1451 sacram
1209 1396 1326 1450 iniit
1356 1402 1727 1467 precationem
1764 1413 1777 1450 :
1812 1412 1914 1466 qua

332 1510 441 1549 una
475 1509 599 1549 cum
626 1494 744 1562 ipso
778 1491 845 1545 ab
877 1490 1133 1545 universa
1163 1491 1589 1560 c0ngrcgatione
1620 1492 1913 1562 completa,

333 1587 483 1641 illum
542 1585 838 1655 discingit,
902 1592 957 1637 et
1012 1599 1111 1654 per
1152 1583 1435 1638 ministros
1489 1584 1661 1638 exuit.
1706 1583 1918 1639 Sistcns

2097 1401 2217 1453 Τῶν
2261 1401 2316 1454 δὲ
2363 1402 2859 1472 ἀπογραψαμένων,
2910 1402 3076 1473 εὐχὴν
3128 1402 3278 1474 ἱερὰν
3341 1407 3607 1460 ποιεῖται·

2025 1495 2120 1547 καὶ
2164 1494 2367 1563 ταύτην
2405 1494 2621 1564 ἀπάσης
2668 1493 2815 1563 αὐτῷ
2855 1494 2952 1564 τῆς
2998 1493 3328 1567 Ἐκκλησίας
3372 1497 3616 1571 συμπληο

2028 1589 2300 1659 ρωσάσης,
2340 1585 2559 1640 ὑπολύει
2606 1588 2648 1617 ¹⁰
2701 1586 2797 1657 μὲν
2848 1586 3027 1652 αὑτὸν,
3076 1589 3169 1641 καὶ
3201 1589 3613 1659 ἀπαμφιέννυσι

334 1680 533 1736 exinde
564 1680 741 1751 ipsum
790 1678 858 1733 ad
901 1677 1243 1733 occidentem
1291 1689 1755 1747 prospccmntem.
1802 1696 1910 1732 ma-

2073 1679 2106 1731 ἀ
2139 1664 2248 1732 τῶν
2275 1678 2627 1750 λειτουργῶν.
2656 1680 2790 1732 Εἶτα
2819 1682 3019 1749 στήσας
3053 1682 3142 1733 ἐπὶ
3182 1681 3417 1751 δυσμαῖς
3445 1700 3615 1754 προσ-

332 1791 548 1847 nusque
579 1790 768 1830 versus
800 1774 946 1828 illam
981 1772 1195 1842 plagam
1226 1786 1452 1826 aversas
1482 1773 1914 1840 protrudentem,

332 1872 495 1923 tertio
552 1866 814 1924 Satanam
883 1865 1161 1920 insumare
1206 1863 1405 1932 jubet,
1461 1874 1624 1932 atque
1693 1866 1919 1932 insuper

332 1959 826 2017 abrenuntiationis
884 1960 1051 2012 verba
1103 1956 1379 2027 proferre;
1431 1956 1592 2025 eique
1634 1965 1718 2011 ter
1761 1958 1918 2011 abre-

331 2051 693 2107 nuntiationis
715 2049 1049 2104 solemnibus
1080 2048 1259 2101 verbis
1284 2048 1595 2117 pr0positis,
1626 2062 1748 2101 cum
1775 2062 1918 2100 eam-

330 2146 453 2201 dem
486 2144 648 2199 toties
680 2142 963 2212 conceptis
993 2142 1180 2196 verbis
1213 2139 1603 2209 pronuntiavit,
1642 2140 1815 2209 ipsum
1848 2140 1915 2193 ad

328 2237 597 2292 orientem
648 2233 946 2299 transfert,
991 2243 1047 2287 et
1096 2234 1147 2287 in
1185 2234 1381 2287 cmlum
1429 2231 1761 2297 intuentem,
1809 2246 1917 2284 ma-

330 2344 545 2398 nusque
576 2329 937 2393 attollentem,
961 2326 1184 2381 Christo
1210 2327 1531 2395 cunctisque
1556 2326 1727 2381 sacris
1750 2342 1779 2379 a
1808 2324 1919 2380 Duo

332 2423 547 2479 traditis
578 2422 811 2493 eloquiis
832 2422 989 2493 jubet
1014 2420 1305 2477 assentire.

2018 1772 2209 1842 έχοντα
2230 1810 2244 1835 ,
2294 1772 2386 1824 καὶ
2420 1771 2522 1836 τὰς
2556 1774 2740 1844 χεῖρας
2760 1773 3083 1827 ἀπωθοῦντα
3121 1774 3159 1803 ¹¹
3204 1774 3344 1844 πρὸς
3376 1775 3474 1844 τὴν
3515 1776 3616 1827 αὐ-

2016 1865 2114 1936 τὴν
2141 1865 2604 1937 ἀπεστραμμένας
2628 1866 2828 1939 χώραν,
2850 1867 3161 1939 ἐμφυσῆσαι
3195 1866 3294 1939 μὲν
3313 1866 3462 1938 αὑτῷ
3490 1868 3615 1940 τρὶς

2018 1956 2394 2010 διακελεύεται
2417 1958 2494 2028 τῷ
2518 1959 2752 2029 Σατρνᾷ,
2782 1961 2875 2011 καὶ
2912 1958 3136 2029 προσέτι
3170 1958 3240 2010 τά
3271 1958 3373 2029 τῆς
3408 1959 3616 2012 ἀποτα-

2018 2049 2119 2119 γῆς
2131 2049 2460 2120 ὁμολογῆσαι
2480 2066 2492 2079 ·
2516 2050 2609 2102 καὶ
2627 2066 2657 2100 τ
2664 2049 2748 2120 ρὶς
2768 2049 2914 2120 αύτῷ
2928 2051 3023 2121 τὴν
3042 2051 3327 2119 ἀπο-σαγὴν
3343 2048 3620 2121 μαρτνρὸ-

2022 2158 2180 2211 μενος
2218 2142 2281 2205 ¹²,
2324 2141 2733 2212 ὁμολογήσαντα
2766 2142 2887 2212 τρὶς
2918 2140 3077 2194 τοῦτο
3118 2143 3181 2205 ¹³,
3212 2143 3440 2212 μετάγει
3475 2142 3618 2213 πρὸς

2018 2232 2214 2295 gummi.
2263 2234 2402 2304 πρὸς
2445 2234 2671 2304 οὐρανὸν
2714 2233 3112 2302 ἀναϐλέψαντα,
3150 2236 3245 2287 καὶ
3289 2236 3391 2298 τὰς
3427 2237 3620 2306 χεῖρας

2020 2325 2408 2389 ἀνατείναντα,
2459 2325 2672 2379 κελεύει
2724 2326 3085 2391 συντάξασθαι
3127 2326 3206 2396 τῷ
3253 2326 3474 2397 Χριστῷ
3520 2326 3622 2379 καὶ

2022 2419 2223 2481 πάσαις
2256 2420 2375 2482 ταῖς
2411 2417 2828 2490 θεοπαραδότοις
2858 2418 3202 2490 ίερολογίαις.

1864 2536 2061 2611 gvn.

401 2667 520 2735 Quo
544 2664 713 2731 facto,
748 2663 950 2719 trinam
984 2662 1057 2717 illi
1102 2664 1279 2718 denuo
1330 2663 1573 2732 prmeipit
1619 2661 1907 2732 professio-

328 2770 476 2823 nem,
509 2756 783 2826 tertioque
828 2754 1135 2825 professum
1178 2755 1551 2810 benedicendo
1578 2754 1792 2824 recipit,
1826 2756 1911 2809 ei-

321 2863 434 2919 que
481 2864 703 2902 manum
742 2848 990 2916 imponit.
1046 2848 1179 2900 Dum
1236 2864 1365 2901 vero
1417 2847 1651 2902 ministri
1699 2847 1913 2918 penitus

326 2957 449 2998 eum
468 2948 698 3007 exuunt,
713 2956 931 2995 sacrum
962 2941 1233 2996 unctionis
1262 2942 1437 2998 oleum
1468 2941 1701 2996 all'crunt
1728 2956 1914 2995 sacer-

327 3037 505 3093 dotes.
534 3036 788 3092 Pontifex
820 3050 950 3091 vero
996 3038 1140 3091 trino
1185 3036 1468 3107 signaculo
1512 3038 1773 3092 inclinans
1812 3051 1915 3089 un—

326 3134 594 3199 ctionem,
625 3132 1005 3189 sacerdOtibus
1032 3126 1310 3188 hominem
1340 3134 1503 3188 tradit
1539 3143 1653 3187 toto
1687 3147 1915 3202 corpore

324 3227 857 3297 inungendumgipse
876 3234 1055 3280 autem
1076 3226 1142 3280 ad
1164 3226 1470 3295 ad0ptionis
1490 3236 1715 3281 matrem
1733 3227 1807 3293 (id
1831 3234 1915 3280 est

324 3317 556 3389 funtetn)
586 3319 764 3386 vadit;
829 3319 982 3387 cujus
1035 3332 1206 3388 aquas
1236 3326 1521 3389 postquam
1556 3319 1728 3373 sacris
1756 3318 1911 3372 invo—

325 3413 639 3468 cationibus
673 3411 1067 3475 sanctiﬁcavit,
1101 3426 1200 3465 nec
1232 3427 1336 3464 non
1384 3410 1560 3465 tribus
1604 3409 1913 3464 sacratissi-

309 3504 404 3583 ,ιιιί
459 3505 721 3573 unguenti
782 3503 964 3558 crucis
1018 3502 1193 3558 forma
1246 3500 1635 3566 atl‘usionibns,
1688 3500 1910 3557 totidem

321 3596 467 3651 sacri
518 3596 783 3667 unguenti
832 3595 1267 3666 appositionibus
1334 3604 1743 3649 sacrosanctum
1801 3592 1913 3645 Deo

325 3687 628 3743 alllatorum
674 3688 1064 3758 prophetarum
1113 3686 1313 3742 divinae
1357 3684 1710 3755 aspirationis
1759 3684 1913 3754 bym-

324 3797 457 3835 ntnn
514 3781 902 3843 concinendo,
980 3778 1369 3843 consecravit,
1461 3776 1654 3830 adduci
1734 3775 1912 3827 virum

320 3874 515 3945 jubet;
586 3887 651 3928 ac
739 3870 1026 3926 sacerdote
1094 3869 1348 3939 quopiam
1424 3883 1455 3923 e
1514 3867 1720 3936 scripto
1786 3881 1908 3921 cum

324 3967 503 4037 ipsum
560 3975 672 4021 tum
719 3973 1095 4034 susceptorem
1160 3962 1569 4031 proclamante,
1612 3960 1910 4018 initiandus

320 4060 666 4114 sacerdotum
693 4058 946 4113 manibus
975 4057 1031 4112 in
1082 4071 1281 4125 aquam
1331 4056 1552 4111 ducitur
1596 4057 1661 4110 ad
1688 4071 1908 4111 manum

321 4150 641 4221 pontiﬁcis:
678 4150 770 4221 qui
806 4164 1044 4219 superne
1092 4159 1302 4214 astans,
1350 4150 1441 4203 ubi
1489 4150 1799 4204 sacerdotes
1826 4164 1907 4201 se-

2090 2661 2196 2714 Τοῦ
2240 2662 2294 2714 δὲ
2335 2662 2426 2714 καὶ
2460 2661 2623 2715 τοῦτο
2658 2660 3041 2732 πεποιηκότος,
3080 2661 3419 2733 μαρτύρεται
3452 2663 3622 2717 πάλιν

2018 2754 2167 2825 αὐτῷ
2200 2757 2321 2827 τρὶς
2355 2756 2453 2826 τὴν
2478 2754 2768 2826 ὁμολογίαν
2789 2771 2802 2782 ”
2841 2756 2932 2808 καὶ
2960 2754 3119 2817 πάλιν
3156 2754 3323 2807 αὑτοῦ
3347 2756 3469 2825 τρὶς
3494 2758 3623 2827 ὁμο-

1944 2877 1987 2937 C
2018 2847 2366 2917 λογήσαντος,
2397 2848 2762 2919 ἐπευξάμενος
2795 2844 3003 2927 εύλοτεῖ
3036 2847 3129 2898 καὶ
3164 2847 3488 2922 χειροθετεῖ.
3511 2850 3624 2903 Καὶ

2018 2940 2237 3002 τελείως
2273 2940 2741 3010 ἀπαμφιεσάντων
2767 2940 2927 2993 αὐτὸν
2952 2940 3061 2993 τῶν
3084 2941 3438 3012 λειτουργῶν,
3462 2943 3624 3013 κομί-

2018 3033 2166 3097 ζουσι
2189 3034 2285 3103 μὲν
2313 3033 2361 3085 οἱ
2413 3033 2580 3104 ἱερεῖς
2613 3033 2675 3085 τὸ
2713 3034 2811 3103 τῆς
2848 3033 3082 3103 χρίσεως
3117 3034 3271 3101 ἅγιον
3310 3034 3509 3087 ἔλαιον.
3562 3034 3621 3085 Ὀ

2015 3127 2070 3179 δὲ
2101 3126 2201 3196 τῆς
2223 3126 2457 3197 χρίσεως
2490 3124 2579 3178 διὰ
2610 3125 2703 3178 τοῦ
2744 3126 3041 3197 σφραγίσαι
3063 3126 3185 3196 τρὶς
3202 3126 3617 3196 ἀπαρξάμενος,

2014 3218 2075 3271 τὸ
2104 3217 2291 3271 λοιπὸν
2331 3222 2446 3282 τοῖς
2486 3217 2689 3290 ἱερεῦσι
2722 3219 2812 3271 τὸν
2853 3219 3021 3290 ἄνδρα
3059 3222 3245 3290 χρῖσαι
3300 3218 3623 3288 πανσώμως

2016 3312 2311 3383 παραδοὺς,
2345 3313 2506 3375 αὐτὸς
2531 3314 2622 3366 ἐπὶ
2664 3313 2764 3384 τὴν
2808 3311 3018 3383 μητέρα
3052 3311 3155 3380 τῆς
3204 3310 3478 3373 υἱοθεσίας
3526 3311 3622 3379 ἔρ-

2014 3420 2188 3473 χεται,
2231 3405 2324 3457 καὶ
2369 3404 2430 3458 τὸ
2473 3406 2680 3476 ταύτης
2725 3404 2868 3476 ὕδωρ
2911 3410 3030 3470 ταῖς
3082 3406 3255 3477 ἱεραῖς
3295 3407 3623 3477 ἐπικλήσεσι

2015 3494 2375 3563 καθαγιάσας,
2401 3498 2495 3549 καὶ
2516 3496 2664 3566 τρισὶ
2688 3495 2781 3549 τοῦ
2810 3498 3221 3565 παναγεστάτου
3251 3498 3425 3568 μύρου
3453 3514 3630 3550 σταυ-

2016 3587 2246 3657 ροειδέσι
2280 3588 2471 3657 χύσεσι
2505 3588 2798 3653 τελειώσας
2831 3590 2983 3654 αὐτὸ,
3013 3589 3106 3641 καὶ
3137 3592 3260 3652 ταῖς
3304 3588 3400 3641 τοῦ
3441 3589 3622 3661 μύρου

2014 3681 2296 3752 πανιέροις
2321 3682 2600 3747 ἐπιϐολαῖς
2638 3683 2940 3755 ίσαρίθμως
2971 3684 3031 3736 τὸ
3062 3683 3203 3754 ἱερὸν
3228 3684 3330 3753 τῆς
3362 3684 3473 3736 τῶν
3500 3683 3619 3735 θεοο

2013 3770 2233 3841 λὴπτων
2268 3773 2564 3845 προφητῶν
2606 3774 2893 3837 ἐπιπνοίας
2923 3773 3219 3844 μελῲδημα
3249 3774 3621 3839 συνεπιφθεγ-

2016 3861 2265 3934 ξάμενος,
2304 3864 2514 3918 κελεύει
2546 3865 2638 3918 τὸν
2663 3865 2833 3936 ἄνδρα
2868 3866 3342 3937 προσκομισθῆναι
3365 3883 3376 3894 ·
3410 3864 3505 3915 καί
3541 3881 3623 3914 τις-

2012 3973 2102 4019 νος
2129 3956 2318 4027 ἱερέως
2344 3958 2407 4009 ἐκ
2447 3956 2549 4027 τῆς
2575 3958 2901 4028 ἀπογραφῆς
2929 3959 3095 4010 αὐτόν
3130 3975 3189 4009 τε
3232 3960 3326 4010 καὶ
3363 3958 3455 4009 τὸν
3481 3958 3622 4010 ἀνά-

2012 4047 2164 4117 δοχον
2191 4048 2651 4119 άνακηρύξαντος,
2681 4050 2708 4101 ὁ
2747 4050 2843 4119 μὲν
2871 4050 2973 4101 ὑπὸ
3006 4048 3117 4101 τῶν
3164 4048 3355 4120 ἱερέων
3383 4048 3477 4099 ἐπὶ
3516 4047 3617 4101 τοῦ

2014 4124 2206 4205 ὓδατος
2246 4142 2456 4209 ἄγεται,
2496 4143 2631 4213 πρὸς
2671 4143 2771 4212 τὴν
2818 4142 2915 4194 τοῦ
2969 4142 3227 4213 ἱεράρχου
3271 4146 3427 4213 χεῖρα
3473 4142 3619 4211 729%;

324 4242 562 4296 cundum
609 4256 800 4311 aquas,
832 4256 1025 4296 versus
1069 4239 1379 4311 pontiﬁcem
1421 4240 1675 4294 initiandi
1712 4255 1905 4293 nomen

2071 4233 2173 4286 »τὸν
2219 4235 2725 4306 χειραγωγούμενος
2766 4235 2858 4266 ’¹⁴·
2908 4236 2936 4287 ὁ
2976 4235 3032 4288 δὲ
3084 4235 3349 4307 ἱεράρχης
3402 4234 3620 4287 ἄνωθεν

322 4331 758 4401 proclamarunt,
792 4342 875 4386 ter
898 4346 1023 4386 eum
1055 4330 1351 4402 immergit,
1380 4330 1483 4384 sub
1512 4339 1720 4384 lernam
1751 4331 1910 4382 istam

325 4424 737 4479 immersionem
767 4432 933 4493 atque
982 4423 1351 4478 emersionem
1382 4434 1493 4477 tres
1536 4422 1733 4475 divinae
1779 4423 1909 4475 bea—

328 4516 581 4571 titudinis
642 4514 914 4571 Personas
978 4516 1304 4570 invocando.
1364 4515 1518 4570 Tune
1577 4515 1912 4585 excipientes

325 4622 451 4661 eum
480 4606 669 4662 caeteri
709 4607 1047 4672 sacerdotes,
1078 4608 1302 4661 tradunt
1326 4607 1627 4677 susceptori
1675 4622 1766 4662 seu
1813 4606 1911 4660 ad-

324 4697 607 4754 missionis
640 4698 888 4766 auctori,
939 4707 994 4754 et
1045 4699 1135 4753 ubi
1192 4716 1297 4754 una
1345 4715 1469 4755 cum
1514 4714 1579 4754 eo
1632 4699 1908 4753 initiatum

324 4795 475 4842 veste
502 4802 744 4859 congrua
772 4788 1159 4854 amieiverunt,
1189 4806 1381 4846 rursus
1420 4790 1570 4844 illum
1608 4791 1675 4844 ad
1725 4792 1910 4861 ponti-

327 4880 483 4935 ﬁcem
533 4882 741 4938 ducunt
780 4898 792 4935 :
840 4882 954 4952 qui,
993 4882 1254 4938 divinitus
1298 4893 1517 4940 sacrato
1564 4884 1685 4938 oleo
1732 4885 1908 4937 virum

329 4974 680 5043 consignans,
709 4987 1074 5033 sacrosanctae
1100 4975 1455 5033 Eucbaristite
1474 4977 1793 5047 participem
1818 4979 1911 5030 de-

328 5065 522 5122 elarat.

2011 4325 2277 4397 ὲστηκὼς,
2308 4326 2725 4398 ἀναϐοησάντων
2749 4325 2909 4379 πάλιν
2933 4326 3026 4378 ἐπὶ
3058 4326 3153 4379 τοῦ
3184 4328 3441 4399 ίεράρχου
3468 4323 3617 4378 κατὰ

2009 4419 2070 4481 τὸ
2093 4419 2237 4491 ὕδωρ
2270 4419 2329 4472 τὸ
2362 4421 2533 4491 ὄνομα
2576 4420 2670 4473 τοῦ
2705 4419 3028 4490 τελουμένου
3070 4420 3179 4472 τῶν
3228 4420 3438 4489 ἱερέων,
3487 4417 3617 4487 τρὶς

2015 4513 2111 4583 μὲν
2143 4512 2304 4565 αὐτὸν
2338 4515 2366 4565 ὁ
2393 4513 2657 4585 ἱεράρχης
2687 4510 2959 4583 βαπτίζει,
2985 4515 3105 4575 ταῖς
3130 4513 3280 4583 τρισὶ
3305 4511 3396 4562 τοῦ
3423 4509 3618 4561 τελου·

2013 4604 2175 4675 μένου
2201 4605 2527 4657 καταδύσεσι
2555 4607 2649 4658 καὶ
2671 4606 3072 4677 ἀναδύσεσιτὴν
3099 4605 3328 4675 τρισσὴν
3342 4602 3439 4673 τῆς
3453 4601 3615 4662 θείας

2020 4698 2417 4771 μακαριότητος
2453 4698 2753 4771 ὲπιὸοήσας
2799 4699 3147 4751 Ὑπόστασιν.
3186 4694 3613 4766 Παραλαϐόντες

2013 4793 2071 4847 δὲ
2099 4793 2259 4846 αὑτὸν
2290 4795 2393 4845 ¹⁵οἱ
2422 4795 2607 4865 ἱερεῖς,
2637 4794 2999 4865 ἐγχειρίζουσι
3015 4791 3095 4861 τῷ
3115 4791 3216 4857 τῆς
3234 4789 3612 4858 προσαγωγῆς

2014 4884 2258 4955 ἀναδὸχῳ
2282 4901 2342 4937 τε
2380 4885 2474 4937 καὶ
2502 4884 2727 4955 ἡγεμόνι
2760 4904 2773 4918 ο
2804 4882 2898 4934 καὶ
2924 4882 3019 4933 σὺν
3050 4876 3198 4947 αὐτῷ
3218 4876 3613 4948 περιϐαλόντες

2015 4975 2217 5047 ἐσθῆτα
2260 4975 2338 5045 τῷ
2363 4975 2673 5046 τελουμένῳ
2700 4973 3055 5042 κατάλληλον,
3085 4970 3178 5022 ἐπὶ
3209 4969 3303 5021 τὸν
3343 4969 3611 5039 ίεράρχην

2016 5064 2170 5131 αὖθις
2216 5069 2519 5137 ἀπάγουσιν
2559 5069 2602 5099 ιδ
2628 5086 2643 5099 ·
2670 5070 2698 5118 ὁ
2720 5068 2775 5119 δὲ
2812 5066 2890 5135 τῷ
2924 5062 3376 5134 θεουργικωτάτῳ
3443 5062 3612 5131 μύρῳ

2016 5162 2104 5213 τον
2131 5160 2301 5231 ἄνδρα
2336 5161 2800 5231 σφραγισάμενος,
2852 5156 3078 5225 μέτοχον
3105 5154 3393 5221 ἀποφαίνει
3415 5152 3611 5205 λοιπὸν

2014 5254 2114 5323 τῆς
2145 5253 2721 5325 ίεροτελεστικαγτάτης
2772 5252 2813 5282 ³⁷
2848 5247 3230 5321 Εύχαριστίας.

1650 5405 1877 5460 νΑῐίΙᾹΞ
1918 5407 2324 5463 LECTIONES.

331 5561 432 5647 Ch.
469 5561 663 5620 'D.'V.'
698 5561 1159 5651 μαρτυρούμενος.
1222 5561 1283 5601 "3
1320 5569 1402 5624 τοί

333 5635 489 5724 Eata;
535 5655 1052 5724 ⁸γεἰρσχιιιζγουμενος
1096 5642 1275 5724 Κεῖρα,
1343 5644 1402 5697 S.

332 5705 454 5757 Sat.
535 5705 578 5737 ¹⁷⁷ί
607 5705 1061 5780 ῐῖροτελεστάτης,
1092 5705 1163 5764 Μ.

466 5500 752 5569 μαρτυρεῖ,
779 5497 850 5551 Μ.
909 5498 952 5569 Ψ
986 5496 1234 5563 ἀπολύει,
1271 5499 1371 5554 Ch.
1417 5498 1459 5529 ’ί
1537 5498 1630 5551 ἐπὶ
1663 5498 1902 5569 δυσμῶν,
1938 5502 2153 5555 αιυιττι
2188 5503 2418 5571 δυσμάς,
2463 5503 2523 5555 D.
2554 5501 2889 5563 ἀνωθοῦντα,
2940 5498 3010 5556 Μ.
3092 5501 3134 5530 ¹²

486 5566 545 5617 Ι).
575 5568 633 5617 ν.
699 5568 1159 5617 μαρτυρούμενος.
1241 5570 1283 5601 ’³
1320 5569 1530 5617 τοῦτον.
1589 5570 1733 5617 (Ηυξ
1796 5571 1980 5617 αὐτόν-
2045 5572 2100 5617 Ι)-
2184 5574 2225 5603 ιι
2258 5575 2351 5617 καὶ
2400 5571 2538 5617 inii:
2592 5573 2776 5617 αὐτόν-
2815 5573 2915 5617 M_:
2951 5570 3093 5617 πρὸς

3161 5497 3607 5582 eamea“??-

575 5566 662 5620 ν(
698 5566 1159 5651 μαρτυρούμενος.
1241 5570 1283 5601 ’³
1320 5569 1530 5651 τοῦτον,
1589 5570 1687 5622 Ch.
1721 5587 1733 5633 ;
1770 5566 1981 5651 Laut-6v,
2042 5572 2100 5625 Ρ.
2184 5574 2225 5603 ιδ
2258 5566 2351 5625 καὶ
2400 5571 2538 5642 πρὸς
2592 5573 2777 5634 αὐτόν,
2815 5573 2915 5633 Μ.;
2944 5570 3093 5651 ίπρὸς
3140 5566 3469 5651 αὐτῶνᾴίίει
3532 5567 3604 5647 [ξ.

1483 5640 2036 5713 ¹⁵καὶπαραλα66ντες
2069 5643 2263 5711 αὐτόν,
2299 5646 2401 5703 Ch.
2440 5636 2501 5699 Il.
2539 5642 2597 5699 Ρ.
2628 5646 2686 5699 S.
2712 5645 2835 5700 ειη.
2868 5643 2910 5674 ¹⁶
2937 5636 3181 5709 ἄγουσιν,
3211 5642 3310 5696 Cb.
3341 5640 3400 5693 Ι).
3431 5636 3494 5691 Ρ.
3529 5638 3607 5691 ὃ.
