3728 6332
139 294 243 350 397

1203 293 1292 351 DE
1329 291 1612 351 ECCLES.
1649 291 2051 360 HIERARCH.,
2092 294 2244 351 CAP.
2285 293 2349 347 ll.

3308 294 3421 349 ⁷598

1655 411 1682 483 §
1719 408 1883 473 Vlll.

209 550 395 606 Ταῦτα
426 550 483 605 δὲ
504 550 729 616 τελέσας
754 553 861 606 ἀπὸ
886 554 984 625 τῆς
1011 554 1104 606 ἐπὶ
1137 553 1206 607 τά
1226 554 1452 625 δεύτερα
1486 557 1728 627 προόδου,

1917 556 2076 627 170
2106 555 2199 610 llis
2249 556 2352 611 rite
2403 556 2662 625 peractis,
2692 569 2721 611 a
2769 571 2868 610 suo
2917 557 2983 610 ad
3012 558 3248 611 secunda
3299 572 3423 624 prn-

138 645 303 699 πάλιν
336 645 430 696 ἐπὶ
456 643 554 715 τὴν
575 644 685 697 τῶν
728 645 958 715 πρώτων
996 645 1334 699 ἀνατείνεται
1370 647 1622 718 θεωρίαν,
1659 650 1733 714 ὡς

137 734 283 789 κατά
312 735 515 806 μηδένα
540 736 733 806 καιρὸν
767 734 799 808 ἦ
832 738 1055 809 τρόπον,
1083 737 1171 791 ἐπ’
1209 736 1475 810 ἀλλοτρίῳ
1500 741 1606 793 τινὶ
1634 759 1735 793 πα-

139 828 211 900 ρὰ
232 828 304 881 τὰ
324 830 498 882 οἰκεῖα
518 830 994 901 τρεπόμενος,ἀλλ’
1012 832 1120 885 ἀπὸ
1150 830 1310 887 θείων
1335 835 1414 897 εἰς
1443 833 1560 888 θεῖα
1575 853 1738 907 προσ-

135 919 281 989 εχῶς
329 922 423 975 καὶ
471 922 559 978 ἀεὶ
622 924 703 988 τῷ
752 923 1031 997 θεαρχικῷ
1076 925 1357 997 Πνεύματι
1396 928 1726 999 μεταταττό-

139 1027 321 1080 μενος-
560 1032 563 1033 ν

745 1127 839 1182 ΙΙΙ.
884 1131 1136 1199 Θεωρία

1717 1290 1830 1368 ςι.

198 1483 356 1556 Αὕτη
393 1485 492 1556 μὲν
538 1479 632 1540 οὖν
675 1486 743 1551 ³⁸,
786 1486 862 1551 ὡς
905 1489 963 1540 ὲν
1007 1486 1316 1559 συμϐόλοις,
1360 1487 1394 1558 ἡ
1439 1487 1540 1558 τῆς
1577 1481 1725 1559 ἱερᾶς

130 1575 326 1646 τελετὴ
362 1575 701 1645 θεογενεσίας
728 1578 793 1640 ¹⁹,
821 1578 975 1630 οὐδὲν
1008 1578 1311 1649 ἀπρεπὲςῆ
1341 1578 1577 1649 ἀνίερον,
1606 1579 1729 1633 οὐδὲ

128 1668 243 1721 τῶν
270 1668 545 1742 αἰσθητῶν
578 1671 623 1701 ’θ
649 1669 848 1739 ἔχουσα
882 1670 1127 1734 εἰκόνων,
1161 1669 1277 1723 ἀλλ’
1315 1669 1559 1736 ἀξιοθέου
1596 1670 1730 1723 θεω-

132 1762 261 1833 ρίας
292 1762 589 1834 αἰνίγματα
634 1767 884 1833 φυσικοῖς
917 1764 1010 1817 καὶ
1047 1763 1573 1836 ἀνθρωπθπρεπὲσιν
1612 1763 1732 1816 ἐσό-

129 1872 332 1927 πτροις
354 1856 748 1927 είκονιζόμενα.
789 1855 855 1909 Τί
887 1856 995 1927 γάρ
1031 1856 1096 1911 ἂν
1125 1855 1321 1926 φανείη
1354 1857 1396 1887 ¹¹
1430 1855 1732 1927 διαμαρτά-

130 1965 325 2011 νουσα,
363 1947 571 2001 καὶτοῦ
600 1947 877 2019 θειοτέρου
911 1946 1073 2015 λόγου
1121 1948 1231 2000 τῶν
1274 1947 1615 2017 τελουμένων
1656 1964 1737 2000 σε-

132 2056 265 2110 σιγη
274 2039 458 2109 μένου,
479 2039 657 2093 πειθοῖ
666 2040 765 2092 καὶ
779 2037 1191 2111 θεορῤημοσύνῃ
1205 2037 1304 2109 τὴν
1312 2036 1407 2091 τοῦ
1423 2036 1737 2109 προσιόντος

130 2131 369 2195 εὐζωῖαν
394 2131 559 2202 ίερῶς
600 2133 1214 2205 διαπραγματευομένη,
1253 2134 1347 2186 καὶ
1378 2132 1477 2204 τὴν
1513 2133 1738 2202 ἀπάσης

129 2220 270 2291 ὁμοῦ
296 2222 494 2285 κακίας
520 2224 587 2276 δι’
604 2225 861 2295 ἐναρέτου
884 2226 980 2278 καὶ
1004 2224 1152 2289 θείας
1169 2225 1311 2295 ζωῆς
1334 2225 1735 2297 ἀποκάθαρσιν,

126 2317 192 2385 τῇ
228 2314 301 2367 δι’
330 2312 522 2379 ὓδατος
550 2321 751 2389 φυσικῇ
787 2318 1072 2390 καθάρσει,
1102 2318 1556 2390 σωματικώτερον
1587 2319 1737 2391 αὐτῷ

125 2407 529 2476 διαγγέλλουσα
540 2427 555 2475 ;

196 2500 355 2573 Αὐτὴ
381 2503 425 2533 ¹²
466 2502 510 2555 δ’
544 2497 659 2567 οὖν,
694 2504 743 2557 εἰ
783 2504 878 2557 καὶ
916 2502 1082 2575 μηδὲν
1118 2521 1172 2555 τι
1216 2501 1485 2575 θειότερον
1521 2499 1665 2573 εἶχεν
1699 2506 1732 2576 ή

127 2592 239 2646 τῶν
276 2594 619 2664 τελουμένων
655 2596 955 2668 συμϐολικὴ
1002 2595 1332 2667 παράδοσις,
1369 2596 1468 2647 οὐκ
1518 2595 1735 2667 ἀνίερος

126 2680 227 2756 ἦν,
266 2685 347 2749 ὡς
403 2682 576 2757 οἶμαι,
616 2673 963 2741 διδασκαλίαν
1001 2686 1100 2757 μὲν
1146 2684 1364 2738 εὐθέτου
1401 2685 1545 2756 ζωῆς
1584 2687 1734 2755 εἰση-

128 2779 400 2851 γουμένη,
428 2780 529 2853 τὴν
552 2780 794 2851 παντελῆ
822 2780 878 2833 δὲ
902 2779 1002 2850 τῆς
1025 2782 1082 2832 ὲν
1095 2778 1263 2851 κακίᾳ
1296 2778 1573 2842 πολιτείας
1589 2778 1728 2831 ἀπο-

1840 664 2054 719 gressu,
2082 650 2147 702 ad
2178 665 2359 703 rerum
2392 650 2589 703 iterum
2615 650 3013 718 przecipuarum
3037 650 3274 721 exigitur
3298 666 3423 704 enn-

1842 741 2276 811 templationem,
2306 754 2374 794 ne
2406 740 2514 794 ullo
2541 750 2785 811 tempore
2819 741 2901 796 vel
2936 740 3100 795 modo
3144 741 3422 809 quidpiam

1839 846 1870 886 a
1899 832 2016 887 suis
2043 832 2308 887 institutis
2341 840 2538 886 tractet
2578 830 2841 898 alienum,
2890 832 2985 887 sed
3032 831 3254 887 assidue
3298 845 3424 900 per-

1840 935 2118 996 petuoque
2142 926 2311 981 divini
2347 926 2586 996 Spiritus
2613 926 2775 981 ductu
2806 942 2835 980 a
2884 924 3084 982 divinis
3127 924 3199 980 ad
3243 924 3423 979 divina

1843 1018 2285 1075 transformetur.

2359 1128 2451 1184 ΙΙΙ.
2492 1128 2900 1198 Contemplatio.

1909 1484 2036 1540 ιιωο
2086 1485 2138 1538 in
2182 1481 2356 1539 sacris
2381 1485 2644 1555 symbolis
2692 1484 2888 1538 divina:
2917 1484 3294 1555 generationis
3327 1485 3427 1540 ini-

1838 1581 1997 1635 tiatio
2024 1578 2161 1634 nihil
2190 1579 2435 1635 indecori
2481 1579 2564 1635 vel
2606 1579 2819 1650 profani
2868 1579 3000 1648 quin
3050 1594 3151 1633 nec
3194 1582 3425 1633 sensiles

1840 1673 2046 1741 liguras
2089 1674 2373 1737 continet,
2416 1672 2510 1726 sed
2559 1672 2669 1727 Deo
2721 1672 2896 1741 dignae
2945 1671 3425 1740 contemplationis

1836 1764 2126 1833 aenigmata
2159 1764 2212 1818 in
2243 1762 2581 1819 naturalibus
2618 1763 2685 1817 ad
2714 1771 2931 1830 captum
2983 1761 3267 1815 hominum
3301 1776 3424 1830 spe-

1766 1893 1808 1948 B
1838 1856 1975 1911 culis
2008 1856 2261 1926 elligiata.
2301 1856 2443 1923 Quid
2485 1856 2631 1910 enim
2677 1856 2725 1909 ei
2757 1854 2998 1910 defuisse
3027 1853 3303 1918 videatur,
3336 1853 3421 1907 di-

1838 1948 2035 2004 viniori
2067 1950 2233 2001 etiam
2261 1949 2649 2017 mysteriorum
2679 1947 2897 2001 silentio
2929 1960 3226 2014 suppressa
3254 1945 3424 1997 ratio-

1836 2056 1926 2108 ne,
1958 2056 2082 2096 cum
2108 2042 2292 2094 divina
2321 2040 2666 2094 institutione
2692 2040 2826 2093 satis
2853 2041 3047 2109 probet
3081 2037 3420 2100 aceedentis,

1836 2146 1997 2201 quam
2030 2141 2221 2187 sancte
2262 2140 2545 2202 operatur,
2598 2132 2721 2188 vitae
2769 2131 3174 2201 integritatem,
3224 2139 3279 2185 et
3326 2144 3424 2197 per

1834 2224 2002 2279 vitam
2036 2225 2263 2294 probam
2300 2239 2367 2281 ac
2390 2226 2651 2292 divinam,
2686 2225 2958 2280 universae
2988 2223 3151 2280 simul
3201 2222 3423 2278 malitia:

1834 2316 2333 2387 perpurgationem,
2383 2317 2617 2372 naturali
2664 2318 3050 2373 emundatione
3098 2332 3252 2386 aqua:
3298 2330 3422 2370 cor-

1835 2409 2078 2480 poralius
2107 2409 2205 2476 ipsi
2234 2409 2554 2464 denuntiet?

1909 2498 1979 2557 Ut
2006 2501 2189 2572 itaque
2205 2501 2503 2573 symbolica
2534 2502 2900 2556 iniliationum
2917 2501 3139 2556 traditio
3160 2500 3296 2554 nihil
3317 2501 3422 2553 hoc

1836 2594 2076 2649 divinius
2116 2595 2366 2659 haberet,
2403 2609 2769 2665 nequaquam,
2799 2607 2855 2650 ut
2884 2610 3011 2650 reor
3040 2610 3237 2663 expers
3275 2604 3424 2649 esset

1833 2685 2162 2751 sanctitatis,
2188 2700 2311 2739 eum
2341 2696 2395 2741 et
2447 2696 2593 2741 recte
2627 2687 2839 2741 vivendi
2874 2686 3215 2755 disciplinam
3254 2686 3423 2740 intro-

1831 2780 2019 2843 ducat,
2040 2788 2097 2833 et
2116 2778 2486 2833 omnimodam
2512 2780 2564 2834 in
2593 2780 2740 2834 vitiis
2766 2788 3060 2834 transacta:
3084 2779 3207 2832 vitae
3229 2791 3425 2831 emun-

129 2872 425 2943 κάθαρσιν,
457 2874 654 2938 όλικῶς
694 2873 774 2945 τῷ
822 2871 1033 2944 σώματι
1068 2870 1453 2943 καθαιρομένῳ
1481 2871 1726 2941 φυσικῶς

1909 2872 2124 2936 tionem,
2162 2880 2277 2926 toto
2331 2886 2565 2942 corpore
2597 2887 2738 2944 aqua
2788 2874 3010 2943 penitus
3058 2882 3421 2944 perpurgato,

126 2970 196 3023 δι’
224 2969 423 3035 ὓδατος
449 2971 824 3042 αἰνισσομένη.

1826 2960 2149 3017 naturaliter
2174 2961 2439 3017 insinuet.

1727 3121 1868 3198 §ll.

209 3312 360 3366 Ἀλλ’
384 3312 528 3367 ἔστω
548 3314 648 3385 μὲν
682 3314 820 3386 αὕτη
855 3314 969 3377 τοῖς
993 3312 1241 3367 ἀτελέσιν
1266 3310 1603 3382 είσαγωγικὴ
1627 3311 1728 3382 ψυ-

1912 3310 2113 3366 Verum
2141 3311 2341 3382 sirhaee
2370 3311 2589 3382 quidem
2622 3312 2931 3370 rudiorib‘us
2955 3312 3286 3369 introductio
3311 3314 3426 3383 spi-

127 3405 406 3473 χαγωγία,
434 3406 503 3459 τά
537 3423 597 3458 τε
637 3405 927 3478 ίεραρχικά
951 3406 1045 3459 καὶ
1086 3404 1293 3475 ὲνοειδῆ
1332 3405 1432 3476 τῆς
1471 3403 1731 3476 πληθύος,

126 3497 202 3561 ὡς
239 3497 425 3568 θέμις,
461 3498 971 3563 ἀποδιαστέλλουσα,
1022 3500 1116 3552 καὶ
1166 3498 1555 3570 συμμετροῦσα
1607 3499 1730 3561 ταῖς

128 3590 274 3644 κατὰ
327 3592 492 3663 μέρος
541 3591 759 3659 τάξεσιν
806 3594 907 3664 τὴν
954 3592 1273 3664 ἐναρμόνιον
1325 3592 1614 3662 ἀναγωγήν
1641 3592 1687 3622 ²³
1715 3608 1729 3621 ·

129 3682 299 3752 ἡμεῖς
329 3682 407 3747 δὲ,
443 3683 773 3737 ἀναϐάσεσιν
809 3685 980 3756 ἱεραῖς
1006 3684 1099 3736 ἐπὶ
1123 3683 1223 3747 τὰς
1256 3683 1365 3737 τῶν
1390 3682 1731 3753 τελουμένων

132 3774 313 3845 ἀρχὰς
351 3776 776 3846 ἀναϐλέψαντες,
817 3778 913 3830 καὶ
960 3775 1164 3841 ταύτας
1204 3775 1367 3847 ἰερῶς
1411 3773 1729 3846 μυηθέντες,

133 3866 554 3938 ὲπιγνωσόμεθα
585 3869 746 3922 τίνων
772 3869 878 3921 εἰσί
901 3873 1263 3941 χαρακτήρων
1291 3866 1361 3921 τὰ
1401 3865 1731 3939 ὲκτυπώμα-

131 3976 219 4024 τα,
268 3960 371 4012 καὶ⁹
402 3961 565 4015 τίνων
606 3960 832 4031 ἀφανῶν
871 3964 926 4016 αἱ
957 3963 1183 4027 εἰκόνες.
1217 3963 1375 4016 Ἐστι
1418 3961 1549 4035 γὰρ,
1575 3960 1650 4025 ὡς
1673 3961 1732 4014 ὲν

132 4055 194 4123 τῇ
223 4055 368 4121 Περί
398 4053 637 4123 νοητῶν
680 4073 745 4109 τε
778 4057 876 4110 καὶ
908 4055 1210 4123 αἰσθητῶν
1250 4054 1602 4127 πραγματείᾳ
1639 4070 1734 4106 σα-

133 4147 249 4213 φῶς
274 4146 646 4219 διηγόρευται,
675 4147 745 4201 τά
779 4149 878 4219 μὲν
921 4147 1195 4219 αἰσθητῶς
1220 4147 1343 4220 ἱερά
1377 4149 1485 4202 τῶν
1522 4146 1733 4219 νοητῶν

133 4241 594 4313 ἀπεικονίσματα,
630 4243 727 4297 καὶ
758 4243 846 4295 ἐπ’
891 4242 1032 4297 αὐτά
1075 4243 1412 4316 χειραγωγία
1456 4242 1552 4296 καὶ
1575 4241 1692 4306 ὁδός
1716 4257 1730 4271 °

132 4334 201 4388 τὰ
230 4335 290 4388 δὲ
324 4332 514 4405 νοητὰ,
550 4335 661 4390 τῶν
688 4337 816 4389 κατ’
843 4334 1094 4406 αἴσθησιν
1119 4334 1450 4407 ἰεραρχικῶν
1473 4333 1616 4407 ἀρχὴ
1640 4336 1737 4389 καὶ

138 4427 331 4494 ἑπιστή
341 4444 441 4501 μη.

1832 3405 2027 3466 ritalis,
2061 3420 2181 3475 quin
2207 3415 2261 3460 et
2307 3415 2647 3460 sacramenta
2702 3417 2896 3463 sancto
2962 3415 3128 3476 atque
3170 3406 3421 3474 unitiva,

1836 3499 1913 3553 uti
1940 3500 2023 3554 l'as
2046 3511 2147 3564 est,
2176 3516 2205 3553 a
2232 3500 2556 3568 promiscuis
2583 3500 2898 3569 distinguat,
2928 3509 2982 3556 et
3020 3500 3248 3571 singulis
3274 3499 3425 3556 ordi-

1836 3594 1995 3648 nibus
2020 3594 2488 3650 accommodatam
2511 3592 2799 3646 concinnet
2825 3592 3295 3650 sublimationem:
3324 3609 3426 3648 nos

1835 3696 2055 3748 autem,
2101 3700 2223 3741 cum
2270 3685 2442 3739 sacris
2489 3684 2902 3740 aseensionibus
2952 3696 3423 3742 sacramentorum

1834 3777 2097 3848 principia
2146 3775 2604 3845 contemplantes,
2631 3789 2786 3829 sacro
2811 3775 2998 3829 eadem
3024 3775 3206 3831 alllatu
3232 3791 3423 3843 perce—

1832 3871 2109 3941 perimus,
2158 3881 2551 3938 cognoscemus
2596 3856 2826 3936 quorum
2881 3867 3262 3924 characterum
3311 3868 3425 3924 sint

1832 3962 2075 4033 elligies,
2125 3972 2179 4017 et
2230 3977 2462 4031 quarum
2514 3976 2695 4016 rerum
2758 3961 3094 4017 occultarum
3155 3962 3423 4032 imagines

1833 4054 2094 4109 existant.
2122 4052 2196 4109 Ut
2219 4053 2363 4108 enim
2395 4053 2449 4108 in
2479 4051 2657 4123 Opere
2684 4053 2761 4107 De
2783 4054 3205 4125 inlelligibilibus
3225 4072 3288 4109 ac
3310 4072 3422 4109 scn-

1833 4147 2021 4202 silibus
2046 4144 2331 4217 perspicue
2367 4146 2699 4201 declaratum
2745 4157 2863 4214 est,
2910 4147 3187 4204 sensibilia
3231 4164 3419 4204 sacra-

1836 4250 2044 4306 menta,
2073 4240 2360 4296 simulacra
2386 4247 2513 4294 sunt
2555 4239 2999 4312 intelligibilium,
3044 4243 3113 4296 ad
3156 4258 3276 4311 quae
3303 4258 3419 4296 ma-

1835 4335 2114 4391 nuducunt
2156 4347 2221 4388 ae
2256 4333 2396 4386 viam
2438 4340 2719 4398 sternunt;
2753 4334 3108 4403 intelligibilia
3151 4351 3305 4401 vero,
3334 4352 3422 4391 sa-

1835 4434 2239 4481 cramentorum
2290 4423 2628 4480 sensibilium
2698 4424 3025 4496 principium
3077 4436 3206 4482 sunt
3258 4437 3421 4500 atque

1834 4516 2084 4574 scientia.

1702 4681 1733 4754 ς
1763 4676 1875 4739 1n.

289 4846 554 4915 Λέγωμεν
585 4845 765 4898 τοίνυν
787 4844 855 4908 ’⁵,
890 4844 966 4907 ὡς
998 4844 1146 4897 ἔστιν
1176 4846 1211 4915 ἡ
1239 4844 1337 4915 τῆς
1380 4842 1530 4906 θείας
1556 4859 1728 4913 μακα-

1910 4841 2149 4897 Dicimus
2188 4841 2390 4911 itaque,
2439 4839 2637 4897 divinae
2690 4838 3045 4896 beatitudinis
3090 4838 3414 4905 bonitatem,

144 4933 390 5005 ριότητος
412 4934 685 5005 (hyali/nn;
711 4935 799 4987 ἀεὶ
824 4934 966 4988 κατά
986 4934 1159 4988 ταὺτά
1180 4935 1274 4988 καὶ
1304 4933 1563 4998 ὡσαύτως
1587 4932 1728 5004 ἔχου-

1909 4938 2081 4992 mdem
2110 4950 2328 5004 semper
2349 4944 2407 4991 et
2429 4934 2619 4991 eodem
2644 4933 2808 4989 modo
2832 4947 2895 4989 se
2911 4933 3226 4997 habentem,
3252 4933 3417 4987 bene-

145 5045 209 5081 σα
240 5028 343 5093 τὰς
380 5028 475 5081 τοῦ
510 5029 712 5083 οἰκείου
767 5029 945 5099 φωτὸς
986 5028 1444 5100 ἀγαθοεργέτιδας
1490 5029 1750 5093 ἀκτῖνας,

144 5122 234 5175 ἐπὶ
292 5123 471 5187 πάσας
520 5123 767 5192 ἀφθόνως
830 5120 1082 5176 ἀπλοῦσα
1147 5120 1247 5185 τὰς
1314 5119 1507 5193 νοερὰς
1562 5120 1735 5191 ὅψεις.

146 5216 256 5270 Εἶτ’
282 5213 377 5270 οὖν
401 5218 445 5248 ’³
471 5215 743 5286 ἀποσταίη
767 5214 861 5268 τοῦ
886 5213 1077 5286 νοητοῦ
1104 5214 1283 5284 φωτὸς
1318 5217 1352 5287 ἡ
1386 5215 1496 5267 τῶν
1532 5213 1733 5285 νοερῶν

1838 5028 1969 5081 ﬁcos
2028 5025 2166 5081 lueis
2212 5041 2321 5081 sua:
2369 5026 2557 5080 radios
2600 5023 2811 5079 cunctis
2870 5022 3045 5079 oculis
3093 5022 3418 5079 titentalibus

1834 5120 2177 5175 abundanter
2247 5117 2606 5187 expandisse;
2686 5118 2933 5185 adeoque
3002 5115 3047 5169 si
3118 5122 3415 5183 spontanea

1835 5223 2017 5269 mente
2043 5211 2392 5283 praaditorum
2437 5209 2647 5265 arbitrii
2678 5207 2905 5264 libertas
2947 5207 3192 5279 spiritale
3237 5204 3416 5259 lumen

1427 5384 1664 5445 ἾΑΒΙᾹΞ
1700 5386 2105 5445 LECTIONES.

229 5580 277 5623 .“’
301 5574 394 5632 οὖν
442 5593 548 5633 non
597 5575 798 5630 habent
846 5574 906 5628 P.
961 5574 1063 5630 Ch.
1120 5574 1179 5626 Ι).

1246 5572 1304 5626 S.
1353 5569 1444 5625 Sc.
1500 5568 1622 5623 Sar.
1662 5580 1716 5623 et
1753 5570 1786 5624 3
1815 5571 1970 5628 Vien.

149 5649 440 5721 αἰσθητῶν,
589 5647 678 5701 Se.
714 5648 801 5721 ﬂ“
835 5643 1225 5721 εἰκονιζομένηο
1256 5641 1398 5721 κατὰ
1420 5640 1471 5693 τί
1495 5639 1716 5721 γὰράν,
1746 5641 1815 5721 Μ,
1850 5642 1981 5721 Se.;_
2009 5639 2379 5721 ἐνεικονιζόμε

2077 5573 2119 5603 ¹⁹
2143 5569 2368 5640 τελετῆς
2418 5569 2753 5640 θεογενεσία,
2781 5565 2851 5620 Μ.
2883 5567 3067 5640 Scott
3220 5566 3294 5640 ἐκ
3311 5566 3420 5640 τῶν

2384 5659 2471 5704 να,
2502 5636 2559 5694 S.
2586 5639 2647 5692 Ρ.
2724 5641 2767 5670 ²²
2795 5636 3098 5710 ταᾼύτῃ,Μἰ
3129 5638 3227 5692 Ch.
3269 5637 3413 5710 [ΜΡ.

152 5694 449 5776 $3366
478 5694 755 5787 ἧῑίὶειῖ.“)ι
777 5694 1207 5787 ταέξ⁶
1229 5694 1415 5782 τάξεσι
1464 5694 1584 5783 silv.
1610 5694 1937 5785 ἐναρμόνιον
1951 5694 2201 5783 ἀγωγήν.
2255 5694 2326 5744 Ἀ
2354 5694 2586 5783 λέγομεν
2614 5710 2815 5773 τοίνυν,
2844 5694 3039 5766 ΟιιίἹ).
3075 5708 3196 5767 Sar.
3230 5718 3285 5763 et
3313 5708 3419 5777 duo

158 5787 309 5847 Vien.
384 5792 429 5824 "
453 5788 612 5855 είτις
644 5783 759 5854 οὖν,
785 5787 856 5843 Μ.
890 5787 949 5841 Ρ.
978 5787 1070 5843 Sc.
