3728 6300
343 249 449 309 599

1509 242 1566 299 S.
1599 240 1903 298 DlONYSll
1942 238 2410 297 AREOPAGITE

3501 238 3609 294 400

349 368 583 425 «luserat.
611 376 641 415 a
678 368 866 415 natura
896 356 995 412 sibi
1040 355 1228 410 insitas
1272 353 1377 408 luci
1423 356 1750 424 excipiendae
1779 356 1921 409 vires

2108 352 2341 423 ὶαίρετος
2373 351 2801 422 αὑτεξουσιότης,
2844 352 3040 417 κακίας
3076 350 3234 424 ἔρωτι
3269 352 3609 423 συμμύσασι

348 470 535 511 amore
581 453 729 525 pravi
770 450 1122 522 praeludens,
1153 446 1406 518 praasenti
1450 449 1667 516 quidem
1715 450 1815 503 luci
1858 464 1917 505 se

348 550 626 613 Subducit,
659 548 772 603 haec
805 555 979 599 tamen
1012 558 1129 598 eam
1161 542 1381 597 minime
1424 542 1685 607 destituit,
1714 542 1805 597 sed
1834 541 1917 597 vel

348 642 727 699 conniventem
784 635 1093 700 illuminat,
1141 644 1302 705 atque
1367 634 1639 689 aversanti
1686 634 1919 703 benigne

348 746 574 803 prorsus
603 728 864 785 occurrit.
906 728 1060 797 171
1096 726 1247 793 Quod
1273 726 1316 781 si
1355 725 1611 780 mediocri
1655 725 1915 780 instructa

348 822 565 879 videndi
598 819 855 874 facultate
882 821 1137 872 terminos
1180 816 1511 879 transilierit,
1540 816 1812 886 radiisque
1837 817 1917 867 vi-

347 930 466 972 sum
498 911 884 984 superantibus
930 919 1132 964 temere
1174 924 1305 963 ausa
1357 906 1521 962 fuerit
1565 908 1795 972 obtueri,
1830 909 1918 962 lux

349 1007 566 1077 quidem
600 1004 733 1059 nihil
769 1018 797 1055 a
829 1016 888 1057 se
921 1001 1155 1056 alienum
1186 1000 1367 1067 faciet,
1401 1014 1587 1053 verum
1632 999 1745 1068 ipsa
1793 1015 1917 1069 per-

348 1099 505 1154 fectis
537 1096 847 1167 imperfecte
877 1110 934 1149 se
965 1096 1237 1165 ingerens,
1269 1093 1444 1147 aliena
1490 1095 1799 1161 neutiquam
1828 1108 1919 1146 as-

350 1197 629 1258 sequetur,
658 1185 1033 1240 mediocritate
1060 1200 1221 1254 porro
1245 1198 1340 1238 sua
1391 1180 1689 1236 insolenter
1726 1196 1918 1251 super-

348 1282 524 1346 hiens,
570 1294 668 1335 sua
716 1278 871 1347 culpa
918 1277 1292 1332 frustrabitur.
1344 1273 1581 1345 Benigne
1630 1285 1831 1341 tamen,
1864 1283 1921 1329 ut

349 1372 482 1438 dixi,
529 1370 711 1425 divina
766 1370 855 1422 lux
901 1368 1229 1423 mentalibus
1272 1382 1487 1437 semper
1534 1367 1707 1421 oculis
1752 1376 1921 1435 patet,

347 1463 697 1534 ejusdemque
719 1460 1021 1530 praesentis,
1052 1467 1107 1514 et
1128 1459 1193 1513 ad
1218 1459 1327 1514 Deo
1351 1458 1568 1530 dignam
1595 1461 1677 1515 sui
1710 1474 1923 1529 semper

348 1552 901 1608 communicationem
945 1550 1318 1620 paratissimae,
1346 1551 1557 1620 copiam
1604 1551 1805 1605 habere
1856 1551 1922 1604 li-

347 1656 458 1703 cet.
503 1645 577 1699 Ad
610 1646 766 1717 hujus
799 1644 1158 1699 imitationem
1189 1642 1403 1697 divinus
1438 1642 1663 1698 antistes
1710 1643 1920 1715 effingi-

2016 444 2117 509 τὰς
2152 444 2395 513 φυσικῶς
2428 444 2838 517 ὲνεσπαρμένας
2872 447 3007 516 αὐτῇ
3044 446 3174 517 πρὸς
3196 444 3607 516 τόφωτίζεσθαι

2018 538 2295 608 δυνάμεις,
2318 538 2641 609 ,ἀπήρτηται
2688 537 2782 590 τοῦ
2816 538 3079 609 παρόντος
3119 539 3253 609 αὐτῇ
3292 540 3478 606 φωτὸς
3511 540 3609 591 οὐκ

2020 632 2373 695 ἀποστάντος,
2408 630 2520 685 ἀλλ’
2570 630 2967 701 ὲπιλάμποντος
3009 632 3142 702 αὐτῇ
3196 630 3606 702 μυωπαζούσῃ,

2019 724 2111 775 καὶ
2144 722 2592 793 ἀποστρεφομένη
2628 722 3052 793 προστρέχοντος
3094 721 3432 789 ἀγαθοειδῶς
3456 738 3471 751 ο
3502 724 3606 773 εἴτε

2018 813 2113 867 τοῦ
2149 813 2383 885 μετρίως
2408 814 2542 883 αὐτῇ
2570 812 2812 876 δοθέντος
2838 812 3034 884 ὁρατοῦ
3081 814 3207 875 τοὺς
3237 812 3403 883 ὄρους
3444 812 3609 880 ὑπερ-

2020 906 2271 977 πηδήσοι,
2298 905 2393 959 καὶ
2428 905 2564 977 πρὸς
2590 905 2687 969 τάς
2719 906 2859 976 ὑπὲρ
2892 904 2990 976 τὴν
3014 906 3136 957 κατ’
3162 905 3330 975 αὐτὴν
3364 903 3495 973 ὖψιν
3520 904 3608 955 αὖ·

2020 998 2121 1069 γάς
2144 998 2465 1069 αὐτωπῆσαι
2500 1000 2544 1032 ⁸⁸
2569 997 2854 1070 τολμηρῶς
2888 997 3245 1068 ὲπιχειρήσοι,
3268 997 3332 1050 τὸ
3366 998 3473 1067 μὲν
3496 997 3607 1067 φῶς

2020 1091 2303 1162 ἐνεργήσει
2340 1090 2491 1162 παρά
2521 1089 2591 1143 τὰ
2640 1088 2816 1158 φωτὸς
2853 1088 3038 1142 οὐδέν·
3075 1088 3210 1159 αὑτὴ
3243 1088 3329 1152 δὲ,
3362 1093 3484 1153 τοῖς
3522 1106 3604 1141 τε-

2020 1180 2184 1245 λείοις
2232 1180 2439 1244 ἀτελῶς
2484 1180 2867 1241 ὲπιδάλλουσα,
2903 1179 3012 1233 τῶν
3049 1180 3147 1251 μὲν
3183 1181 3475 1234 ἀνοικείων
3511 1181 3603 1233 οὐκ

2021 1272 2088 1325 ἂν
2121 1271 2379 1340 ἐφίκοιτο,
2406 1271 2500 1325 τοῦ
2545 1272 2761 1343 μετρίου
2800 1271 2856 1324 δὲ
2893 1270 3149 1341 ἀκόσμως
3185 1273 3603 1345 ὑπερφρονοῦσι

2021 1362 2085 1415 δι’
2114 1363 2311 1434 ἑαυτὴν
2344 1363 2715 1430 ἀποτεύξεται.
2767 1361 2934 1434 Πλὴν,
2969 1363 3105 1433 ὅπερ
3138 1363 3293 1435 ἔφην,
3336 1365 3604 1435 ἀγαθουρ-

2021 1454 2192 1521 γικῶς
2214 1455 2299 1507 ἀεὶ
2325 1458 2445 1518 ταῖς
2470 1461 2683 1527 νοεραῖς
2715 1458 2869 1527 ὄψεσι
2890 1457 2951 1512 τὸ
2986 1458 3139 1512 Θεῖον
3163 1456 3416 1528 ἤπλωται
3453 1455 3567 1525 φῶς
3588 1472 3599 1485 ·

2022 1545 2196 1600 ἔνεστί
2230 1565 2290 1600 τε
2317 1548 2505 1611 αὑταῖς
2529 1549 2908 1603 ἀντιλαϐέσθαι
2934 1551 2978 1581 ⁸⁷
3004 1551 3268 1622 παρόντος
3294 1548 3491 1608 αὑτοῦ,
3518 1548 3604 1601 καὶ

2023 1639 2108 1691 ἀεὶ
2142 1638 2278 1709 πρὸς
2301 1638 2574 1711 θεοπρεπῆ
2607 1639 2716 1695 τῶν
2740 1641 2954 1694 οἰκείων
2980 1642 3262 1713 μετάδοσιν
3289 1641 3448 1703 ὄντος
3482 1643 3606 1693 ἐτοι-

350 1749 460 1807 tur,
495 1738 704 1794 lucidos
735 1738 930 1791 divina:
960 1735 1278 1805 eruditionis
1320 1736 1501 1790 radios
1542 1750 1705 1804 super
1734 1750 1921 1790 omnes

2108 1730 2279 1783 ιάτου.
2322 1731 2466 1802 Πρὸς
2490 1732 2693 1803 ταύτην
2718 1736 2746 1787 ὁ
2772 1734 2912 1799 θεῖος
2946 1736 3202 1807 ίεράρχης
3229 1732 3607 1786 ἀποτυποῦται

347 1830 653 1886 luculenter
679 1828 978 1897 explicans,
1004 1837 1059 1883 et
1105 1842 1163 1883 se
1195 1826 1579 1881 accendentem
1610 1826 1703 1880 Dei
1745 1825 1925 1880 imita-

350 1923 499 1977 tione
524 1919 862 1974 illumiuandi
890 1920 1349 1989 promptissimus,
1376 1917 1519 1972 nulla
1548 1926 1705 1972 utens
1733 1916 1920 1986 objur-

348 2013 586 2082 gatione,
619 2011 703 2065 vel
733 2012 849 2065 dira
882 2020 1104 2082 propter
1147 2009 1386 2079 priorem
1431 2007 1787 2064 defectionem
1838 2006 1920 2063 vel

347 2106 821 2176 intemperantiam
870 2103 1282 2173 imprecatione,
1312 2103 1404 2155 sed
1431 2102 1684 2172 exemplo
1708 2102 1825 2167 Dei,
1852 2103 1918 2156 ad

346 2213 407 2255 se
432 2197 817 2253 accedentibus
861 2196 973 2251 suis
1009 2209 1226 2263 semper
1266 2194 1753 2249 illuminationibus
1782 2209 1921 2263 pon-

348 2288 625 2343 tificaliter
653 2287 919 2357 aﬂ‘ulgens
945 2300 1068 2340 eum
1096 2285 1294 2338 decore
1319 2293 1484 2353 atque
1511 2285 1721 2351 ordine,
1745 2292 1798 2339 et
1822 2297 1921 2355 pro

345 2380 615 2450 cujusque
640 2380 704 2433 ad
733 2394 887 2435 sacra
920 2376 1235 2448 capacitatis
1260 2376 1494 2431 ratione.

2025 1822 2125 1893 τὴν
2164 1822 2412 1894 μίμησιν,
2450 1824 2546 1889 τὰς
2581 1828 2885 1895 φωτοειδεῖς
2918 1828 3079 1882 αὐτοῦ
3113 1830 3211 1899 τῆς
3245 1826 3434 1880 ἐνθέου
3468 1827 3609 1879 διδα-

2028 1914 2251 1978 σκαλίας
2279 1915 2451 1984 αὐγὰς
2474 1918 2720 1986 ἀφθόνως
2754 1920 2849 1973 ἐπὶ
2881 1922 3095 1985 πάντας
3140 1919 3351 1982 ἁπλῶν,
3380 1920 3484 1972 καὶ
3521 1920 3609 1971 τὸν

2026 2006 2315 2077 προσιόντα
2366 2008 2597 2078 φωτίσαι
2640 2010 2981 2085 θεομιμήτως
3013 2013 3358 2083 ἑτοιμότατος
3394 2011 3509 2071 ὢν,
3552 2012 3608 2064 οὐ

2026 2097 2224 2169 φθόνῳ,
2259 2099 2379 2151 οὐδὲ
2411 2099 2609 2172 ἀνιέρῳ
2634 2103 2735 2173 τῆς
2781 2106 3052 2175 προτέρας
3095 2106 3140 2137 ’⁸
3180 2104 3527 2167 ἀποστασίας
3576 2104 3607 2172 ἦ

2024 2186 2290 2259 ἀμετρίας
2325 2188 2500 2260 μήνιδι
2520 2190 2818 2261 χρώμενος,
2843 2194 2955 2247 ἀλλ’
2971 2195 3167 2258 ὲνθέως
3189 2195 3273 2247 ἀεὶ
3297 2196 3413 2256 τοῖς
3443 2208 3609 2261 προσ-

2030 2278 2169 2333 ιοῦσι
2241 2284 2362 2344 ταῖς
2403 2282 2566 2337 αὐτοῦ
2608 2284 2991 2354 φωταγωγίαις
3035 2284 3361 2356 ίεραρχικῶς
3409 2282 3607 2351 suae-

2027 2389 2145 2427 πων
2178 2375 2235 2427 ὲν
2275 2374 2541 2447 εὐκοσμίᾳ
2575 2377 2667 2430 καὶ
2700 2377 2866 2442 τάξει,
2902 2380 2994 2431 καί
3031 2378 3293 2448 ἀναλογίᾳ
3336 2377 3441 2447 τῆς
3482 2376 3606 2429 ἐκά-

2028 2483 2156 2520 στου
2185 2466 2324 2538 πρὸς
2347 2466 2417 2521 τὰ
2444 2468 2563 2540 ἱερὰ
2598 2471 2953 2542 συμμετρίας.

1910 2598 1939 2674 ς
1969 2597 2073 2659 IV.

418 2782 526 2839 Sed
576 2781 834 2852 quoniam
880 2778 1119 2833 divinum
1164 2776 1377 2833 Numen
1427 2791 1598 2833 sacra:
1626 2776 1921 2846 disciplinae

346 2874 671 2947 principium
700 2871 933 2938 exsistit,
955 2887 1058 2940 qua
1103 2882 1306 2924 sanch
1330 2878 1540 2925 mentes
1570 2870 1621 2924 in
1646 2870 1727 2925 sui
1758 2871 1924 2924 deve-

2108 2778 2246 2833 Ἀλλ’
2279 2780 2509 2856 ἐπείπερ
2540 2784 2584 2816 ¹⁹
2617 2783 2868 2851 εὐταξίας
2906 2785 3052 2838 ἐστὶν
3084 2785 3223 2857 ἀρχὴ
3248 2786 3308 2838 τὸ
3344 2785 3501 2839 Θεῖον
3537 2787 3605 2838 ἱε-

2029 2869 2151 2949 ρᾶς,
2187 2874 2310 2929 καθ’
2347 2876 2414 2948 ἢν
2461 2876 2670 2931 ἑαυτῶν
2728 2876 3097 2950 ἐπιγνώμονες
3134 2880 3183 2931 οἰ
3225 2879 3360 2950 ἱεροὶ
3394 2880 3536 2942 νόες,
3578 2880 3604 2931 ό

347 2972 505 3026 niuut
533 2968 928 3038 cognitionem;
958 2964 1204 3035 quisquis
1244 2965 1312 3018 ad
1341 2964 1562 3019 insitum
1608 2975 1813 3019 naturae
1838 2963 1921 3018 luv-

2108 2970 2166 3035 δς
2206 2968 2269 3023 τὸ
2313 2970 2509 3024 οἰκεῖον
2552 2970 2650 3041 τῆς
2693 2970 2905 3039 φύσεως
2938 2970 3132 3041 ὁρατὸν
3172 2971 3508 3042 ἀνατρέχων,
3552 2973 3603 3022 ἐν

348 3078 470 3118 tuen
497 3058 814 3124 recurrerit,
843 3058 1112 3128 principio
1139 3058 1360 3126 quidem
1386 3057 1507 3125 quis
1539 3056 1759 3111 tandem
1807 3058 1925 3127 ipse

347 3155 421 3209 sit
448 3153 675 3217 videbit,
708 3154 919 3220 hocque
950 3150 1087 3204 lucis
1117 3148 1429 3203 accessione
1479 3162 1675 3202 munus
1707 3162 1923 3204 sacrum

348 3247 589 3311 referet;
622 3259 785 3313 porro
812 3243 902 3312 qui
934 3242 1147 3311 propria
1173 3256 1268 3295 sua
1305 3251 1449 3294 recte
1473 3239 1737 3295 irreﬂexis
1756 3240 1927 3296 oculis

348 3335 729 3399 cousiderarit,
761 3332 972 3387 abditas
1002 3332 1218 3400 quidem
1263 3331 1616 3400 ignorationis
1649 3331 1734 3384 sui
1777 3341 1927 3387 tene-

353 3427 477 3481 bras
501 3425 806 3480 eliminabit
838 3422 1250 3491 perfectissima:
1283 3433 1458 3475 tamen
1490 3420 1583 3475 Dei
1635 3422 1849 3475 unionis
1872 3429 1929 3476 et

348 3516 785 3587 partieipati’onis
835 3516 1010 3568 adhuc
1071 3528 1297 3577 exsors,
1348 3512 1589 3581 ejusdem
1655 3513 1927 3569 desiderio

350 3618 541 3679 sponte
568 3624 677 3663 non
706 3607 1005 3673 afIicietur;
1055 3606 1149 3660 sed
1190 3606 1391 3659 sensim
1440 3606 1669 3674 primum
1719 3620 1748 3657 a
1796 3620 1925 3675 pro—

349 3699 486 3769 priis
532 3698 598 3752 ad
630 3697 863 3769 potiora,
892 3709 947 3751 et
980 3712 1047 3752 ex
1099 3696 1167 3752 iis
1211 3696 1277 3751 ad
1324 3694 1625 3765 potissima,
1676 3708 1774 3749 nec
1819 3709 1925 3747 non

352 3788 754 3860 perfectusjam
785 3806 836 3844 Ill
863 3788 1181 3854 ordine,~ad
1233 3785 1588 3858 principalem
1641 3786 1732 3839 Dei
1767 3785 1931 3840 celsi-

351 3884 590 3938 tudinem
621 3897 781 3939 sacro
813 3880 1044 3951 quodam
1075 3881 1233 3935 modo
1261 3882 1541 3935 evehetnr.
1573 3878 1807 3949 Hujusce
1837 3893 1927 3933 ve-

350 3974 493 4031 nusti
540 3973 796 4042 sacrique
840 3972 1047 4027 ordinis
1077 3979 1455 4040 argumentum
1483 3980 1587 4034 est,
1617 3968 1925 4024 accedentis

348 4066 698 4129 verecundia,
727 4077 1019 4132 rerumque
1067 4062 1133 4116 ad
1181 4076 1239 4115 se
1272 4062 1630 4130 spectantium
1666 4061 1925 4130 cognitio,

353 4158 419 4211 ad
448 4170 718 4210 summum
764 4155 1104 4208 sacerdotem
1150 4155 1247 4207 via:
1302 4154 1491 4207 ducem
1540 4163 1696 4205 nacta
1744 4164 1928 4206 susce-

351 4235 580 4318 ptoretn.
617 4246 709 4302 Sic
736 4244 1046 4311 adductum,
1087 4243 1269 4297 divina
1297 4242 1575 4295 beatitudo
1616 4243 1682 4295 ad
1716 4242 1796 4296 sui
1828 4240 1926 4294 ad-

2026 3062 2167 3133 ἀρχῇ
2205 3060 2303 3132 μὲν
2331 3061 2479 3125 ὅστις
2510 3062 2639 3113 ποτέ
2671 3063 2837 3124 ἐστιν,
2871 3062 3031 3125 αὐτὸς
3075 3062 3284 3131 ὄψεται,
3324 3063 3419 3114 καὶ
3454 3062 3604 3115 τοῦτο

2025 3153 2251 3225 λήψεται
2287 3152 2500 3224 πρῶτον
2534 3153 2599 3205 ἐκ
2637 3152 2734 3223 τῆς
2771 3152 2904 3224 πρὸς
2937 3152 2998 3205 τὸ
3031 3153 3144 3222 φῶς
3171 3153 3509 3218 ἀνανεύσεως
3539 3155 3605 3204 ἰε-

2027 3244 2119 3316 ρὸν
2179 3242 2378 3313 δῶρον’
2437 3246 2466 3297 ὁ
2528 3242 2584 3296 δὲ
2624 3241 2693 3295 τὰ
2746 3244 2919 3296 οἰκεῖα
2976 3243 3155 3307 καλῶς
3200 3244 3603 3315 ἀπροσπαθέσιν

2025 3332 2320 3404 ὀφθαλμοῖς
2360 3334 2754 3403 ὲπισκοπήσας,
2788 3332 2897 3385 τῶν
2931 3332 3198 3403 ἀλαμπῶν
3236 3333 3334 3403 μὲν
3378 3334 3602 3402 ἀποφοιι

2024 3424 2179 3494 τήσει
2201 3423 2299 3495 τῆς
2321 3422 2592 3491 ἀγνωσίας
2610 3421 2797 3494 μυχῶν
2818 3440 2830 3453 ·
2854 3422 3171 3495 menses
3185 3424 3602 3498 τελειωτόντηςδθ

2026 3514 2269 3579 ἑνώσεως
2303 3516 2395 3568 καὶ
2429 3514 2694 3586 μεθέξεως
2727 3515 2919 3587 ἀτελὴς
2949 3515 3044 3581 ὢν,
3069 3518 3229 3582 αὐτὸς
3252 3518 3352 3570 οὐκ
3386 3520 3604 3575 αὐτόθεν

2026 3608 2374 3681 ἐπιθυμήσει,
2402 3610 2544 3663 κατά
2579 3610 2751 3681 βραχὺ
2787 3611 2842 3663 δὲ
2875 3610 2964 3663 δ.ἀ
2986 3612 3092 3664 τῶν
3122 3610 3285 3663 αὑτοῦ
3310 3612 3351 3642 ³¹
3377 3612 3602 3683 πρώτων

2026 3701 2118 3753 ἐπὶ
2150 3698 2219 3751 τὰ
2251 3699 2329 3752 ἔτι
2357 3700 2615 3772 πρότερα,
2641 3701 2732 3752 καὶ
2755 3699 2822 3753 δι’
2850 3699 3071 3753 ἐκείνων
3096 3701 3187 3753 ἐπὶ
3217 3700 3285 3753 τὰ
3304 3702 3600 3773 πρώτιστα,

2027 3791 2121 3843 καὶ
2152 3790 2455 3854 τελειωθεὶς
2496 3791 2589 3843 ἐπὶ
2621 3774 2719 3861 τὴν
2758 3792 3035 3863 ἀκρότητα
3079 3791 3177 3862 τὴν
3220 3790 3517 3864 θεαρχικὴν
3550 3795 3601 3844 ὲν

2024 3882 2173 3948 τάξει
2204 3880 2250 3915 ³¹
2282 3883 2375 3937 καὶ
2409 3884 2569 3957 ίερῶς
2593 3881 2973 3954 ἀναχθήσεται.
3003 3882 3217 3953 Ταύτης
3241 3884 3357 3936 ἐστὶ
3390 3885 3488 3954 τῆς
3525 3887 3603 3937 εὐε-

2027 3972 2232 4042 κόσμου
2261 3972 2305 4003 ⁸³
2338 3973 2431 4025 καὶ
2460 3974 2608 4042 ἱερᾶς
2640 3972 2845 4039 τάξεως
2881 3973 3042 4026 εἰκὼν
3084 3976 3117 4045 ὴ
3150 3974 3245 4027 τοῦ
3293 3978 3601 4046 προσιόντος

2027 4064 2209 4128 αἰδὼς,
2237 4064 2330 4117 καὶ
2368 4064 2477 4117 τῶν
2500 4063 2621 4117 καθ’
2669 4064 2860 4117 ἑαυτὸν
2900 4064 3333 4134 ἐπιγνωμοσύνη,
3378 4067 3481 4137 τῆς
3518 4067 3599 4117 ἐπὶ

2026 4156 2115 4207 τὸν
2146 4156 2404 4226 ίεράρχην
2428 4153 2547 4207 ὁδοῦ
2589 4155 2678 4207 τὸν
2710 4154 2966 4224 ἀνάδοχον
3001 4153 3198 4224 ἔχουσα
3234 4156 3596 4229 καθηγεμόνα.

2028 4247 2130 4299 Τὸν
2156 4247 2199 4299 δ’
2225 4246 2270 4277 ³⁸
2292 4246 2382 4299 οῦτ
2393 4265 2466 4309 ως
2496 4247 2826 4318 ἀναγόμενον
2850 4249 2883 4319 ἡ
2908 4246 3023 4299 θεία
3051 4248 3385 4319 μακαριότης
3410 4251 3491 4315 εἰς
3511 4252 3598 4319 την

352 4337 519 4393 mittit
563 4334 1120 4391 communicationem
1152 4332 1496 4401 propriaeque
1537 4331 1707 4397 lucis,
1758 4333 1921 4385 instat

2108 4338 2233 4408 υτῆς
2260 4338 2545 4408 μετουσίαν
2575 4338 2893 4408 εἰσδέχεται,
2923 4338 3015 4390 καὶ
3046 4338 3140 4391 τοῦ
3169 4339 3371 4393 οἰκείου
3410 4341 3593 4409 φωτὸς,

352 4430 491 4500 signi
521 4428 825 4498 cujusdam,
858 4428 1031 4497 ipsum
1060 4425 1374 4494 participat,
1404 4425 1512 4477 Deo
1538 4424 1785 4477 intimum
1810 4423 1930 4477 red-

353 4523 509 4588 dens,
539 4536 602 4576 ac
627 4530 935 4575 consortem
966 4530 1249 4570 munerum
1287 4515 1615 4579 divinorum,
1648 4528 1810 4584 atque
1833 4531 1926 4569 or-

354 4612 497 4667 diuis
530 4612 703 4677 sacri;
728 4625 958 4681 quorum
998 4623 1156 4665 sacra
1197 4618 1281 4662 est
1331 4618 1564 4673 tessera,
1610 4609 1805 4662 summi
1834 4623 1927 4663 sa-

354 4706 593 4761 cerdotis
642 4702 925 4758 accedenti
978 4703 1161 4756 datum
1217 4700 1556 4770 signaculum
1587 4738 1604 4766 ,
1667 4717 1767 4756 nec
1820 4719 1927 4758 non

353 4794 609 4849 salutaris
680 4791 974 4862 descriptio
1040 4790 1424 4858 sacerdoutm,
1470 4789 1746 4845 salvandis
1802 4805 1925 4847 eum

356 4899 675 4955 aggregans,
710 4895 872 4954 atque
919 4883 1095 4938 sacris
1129 4883 1378 4937 inserens
1425 4885 1790 4938 monumentis
1819 4899 1926 4938 una

357 4991 479 5031 cum
505 4988 901 5048 susceptorem,
933 4989 1189 5047 tanquam
1215 4975 1510 5034 salutiferae
1538 4977 1605 5031 ad
1634 4978 1924 5033 veritatem

2031 4432 2219 4502 ὥσπερ
2242 4432 2386 4495 τινὸς
2420 4431 2567 4502 αὐτῷ
2599 4433 2826 4502 σημείου
2869 4435 3234 4504 μεταδίδωσιν,
3263 4433 3443 4486 ἔνθεον
3475 4434 3596 4484 ἀπο-

2029 4521 2257 4574 τελοῦσα
2280 4523 2373 4576 καὶ
2399 4522 2651 4575 κοινωνὸν
2672 4523 2769 4593 τῆς
2797 4523 2906 4575 τῶν
2943 4525 3138 4578 ἐνθέων
3176 4524 3594 4595 ἀποκληρώσεως

2031 4615 2125 4667 καὶ
2151 4614 2300 4685 ἱερᾶς
2332 4613 2675 4679 κατατάξεως
2703 4630 2716 4643 °
2743 4607 2817 4666 ὧν
2851 4617 2965 4669 ἐστι
2992 4615 3257 4686 σύμϐολον
3286 4617 3424 4685 ἱερὸν
3456 4617 3488 4685 η
3511 4610 3592 4663 τοῦ

2034 4706 2285 4777 ἱεράρχου
2318 4705 2396 4775 τῷ
2431 4705 2707 4777 προσιόντι
2731 4705 3047 4778 δωρουμένη
3087 4698 3341 4779 σφραγὶς,
3372 4708 3461 4759 καὶ
3497 4705 3591 4756 τῶν

2034 4796 2222 4867 ἱερέων
2247 4798 2280 4867 ὴ
2306 4795 2656 4867 σωτηριὼδης
2681 4798 2997 4869 ἀπογραφὴ,
3024 4802 3134 4861 τοῖς
3153 4795 3477 4867 σωζομένοις
3508 4793 3591 4845 αὖ·

2028 4892 2121 4943 τὸν
2146 4891 2603 4960 ὲγκαταλέγουσα,
2621 4893 2715 4945 καὶ
2734 4910 2839 4963 μνη
2847 4892 3094 4963 μοσύνοις
3114 4893 3276 4963 ἱεροῖς
3296 4887 3590 4942 ἀνατιθεῖσα

2034 4983 2169 5055 πρὸς
2207 4982 2356 5053 αὐτῷ
2379 4983 2587 5037 καὶτὸν
2620 4984 2896 5053 ἀνάδοχον,
2935 4984 3009 5047 ὼς
3040 4984 3141 5053 τῆς
3180 4980 3443 5047 ζωοποιοῦ
3468 4977 3587 5047 πρὸς

1623 5224 1863 5281 νΑῐίΙΑΞ
1902 5223 2309 5281 LECTIONES.

391 5444 418 5459 _
444 5379 490 5411 “
514 5395 603 5449 γρ.
656 5379 994 5459 ἀντωπῆσαι.
1061 5382 1110 5459 _"
1137 5397 1243 5459 yp._
1268 5382 1807 5459 ἀντιλαμϐάνεσθαι.⁸
1848 5384 1919 5459 ⁵⁸⁸
1950 5386 2092 5459 hunc
2122 5384 2399 5459 locumita
2438 5382 2708 5459 haberi“.
2739 5391 2794 5459 et
2834 5380 3114 5459 vertitﬁc.
3152 5402 3164 5438 :
3356 5379 3578 5459 ﬁvtépmc

357 5449 489 5525 τῆς.-
507 5450 775 5525 προτέρας
805 5449 1186 5525 ἀποστασίας,
1218 5451 1250 5521 ἢ
1293 5449 1563 5525 ἀμετρίας
1597 5453 1759 5525 μηδὲν
1784 5453 1870 5525 ἀεὶ
1892 5452 2190 5525 χρώμενον,
2240 5452 2354 5525 ἀλλ’
2370 5452 2580 5525 γὲνθέως
2605 5453 2689 5507 ἀεὶ
2710 5456 2823 5516 τοῖς
2846 5451 3115 5525 προϊοῦσι.
3174 5454 3236 5525 μ²⁹
3253 5449 3368 5503 ἀλλ’
3405 5450 3575 5525 εἰπερ,

361 5516 423 5593 δέ
456 5518 511 5593 Β..
546 5516 634 5572 Sc.
668 5516 789 5593 δάι’.
813 5590 825 5593 _
869 5522 911 5549 ³⁰
940 5522 1055 5585 lege
1077 5516 1428 5591 τελεωτάτης.
1447 5516 1522 5577 Ὺ.
1561 5516 1942 5593 τελειοτάτηςξ’
1968 5516 2023 5554 ³¹’
2044 5524 2111 5576 δι’
2142 5524 2340 5585 αὐτῶν,
2368 5524 2436 5576 Μ.
2468 5524 2561 5577 Sc.
2592 5534 2645 5579 et
2670 5540 2791 5577 mox
2822 5516 2917 5593 pro
2942 5525 3033 5578 ἐπὶ
3057 5523 3145 5586 τά,
3171 5522 3380 5593 ἔπειτα.
3437 5516 3577 5593 ⁸⁸-ὲπὶ

357 5590 456 5661 τὴν
484 5590 781 5658 ἀκροτάτην
803 5590 1118 5661 θεαρχικην,
1148 5596 1211 5645 Μ.
1246 5595 1333 5646 Se.
1370 5590 1427 5647 l’.
1464 5593 1565 5647 Pro
1599 5593 1656 5645 ὲν
1690 5593 1751 5649 τό
1765 5590 1869 5659 Eat,
1895 5595 1951 5650 S.
1987 5604 2038 5650 et
2070 5596 2128 5650 l’.
2157 5594 2309 5659 τάξιν
2336 5596 2541 5652 habent

364 5659 422 5712 l'.
458 5663 577 5713 δίη.
692 5660 815 5713 δ’δδέ
843 5659 947 5714 non
975 5659 1133 5717 estin
1164 5667 1219 5717 ὃ.
1253 5662 1307 5715 Ρ.
1346 5665 1404 5717 υ.
1447 5663 1547 5717 Ch.
1580 5666 1702 5717 Sar.

2642 5596 2704 5670 ,³³
2731 5590 3023 5666 ἐγλίάσμου,
3055 5594 3122 5650 Μ.
3159 5593 3247 5651 Sc.
3287 5590 3573 5662 εὐκοσμίαν,
