3730 6316
151 347 228 404 ιοι

1184 341 1595 402 DE'ECCLES.
1631 343 2029 411 HIERARCH.,
2057 342 2214 401 CAP.
2250 341 2316 398 Ιῐ.

3270 340 3378 400 £0!

146 459 358 532 ἀλήθειαν
407 457 660 530 πορείας,
712 459 808 513 τὸν
858 459 976 531 μὲν,
1028 461 1262 533 ἐραστὴν
1310 462 1486 534 ἀληθῆ
1520 464 1564 494 ³³
1601 463 1688 517 καὶ

1866 478 1900 519 e
1931 477 1947 519 :
1977 462 2129 518 illum
2160 463 2409 532 quidem,
2442 469 2738 516 amatorem
2781 458 3056 514 sincerum
3099 474 3164 516 ac
3206 461 3374 518 comi-

148 550 395 605 συνοπαδὸν
436 552 708 622 ἡγεμόνος
747 550 932 606 ἐνθέου
949 570 962 582 ·
990 553 1080 606 τὸν
1108 554 1165 607 δὲ
1190 554 1404 626 ἀπλανῆ
1427 557 1548 620 ταῖς
1573 555 1692 610 θεο-

146 641 419 713 παραδότοις
450 643 688 716 ἡγήσεαι
720 644 818 699 τοῦ
843 645 1107 716 ἑπομένου
1136 645 1498 718 χειραγωγὸν.

1791 563 1900 610 tem
1924 556 2168 616 ductoris
2200 555 2398 621 divini;
2431 554 2576 609 hunc
2608 567 2733 608 vero
2759 553 2988 609 minime
3011 555 3375 610 errabundum

1792 647 2060 703 divinitus
2111 648 2271 718 172
2325 646 2540 702 traditis
2591 645 3026 702 institutionibus
3083 649 3373 718 sequendis

1794 741 2275 796 manuductorem.

1662 919 1813 996 ἐν.

203 1104 319 1159 Ἀλλ’
341 1106 436 1158 οὐκ
477 1103 661 1158 ἔνεστι
696 1105 809 1160 τῶν
842 1097 1034 1177 ἄκρως
1069 1105 1328 1162 ἐναντίων
1369 1108 1486 1181 ἅμα
1529 1109 1688 1181 μετὲ-

143 1216 228 1270 χειν
247 1199 302 1261 ³⁸,
326 1197 440 1250 οὐδὲ
473 1196 568 1250 τὸν
593 1197 888 1251 κοινωνίαν
911 1197 1031 1252 τινὰ
1065 1199 1201 1270 πρὸς
1225 1199 1286 1253 τὸ
1311 1199 1368 1254 ἓν
1389 1201 1686 1272 ἐσχηκότα,

146 1289 357 1360 μεμπτὰς
381 1288 525 1358 ἔχειν
556 1288 730 1353 ζωὰς,
757 1291 806 1342 εί
844 1289 944 1360 τῆς
980 1289 1074 1343 τοῦ
1121 1291 1238 1356 ἑνὸς
1279 1293 1566 1364 ἀντέχεται
1602 1293 1690 1365 βε-

141 1381 263 1446 ϐαίας
285 1381 548 1453 μεθέξεως
574 1398 589 1412 °
619 1381 741 1435 ἀλλ’
765 1383 993 1452 ἄσχετον
1017 1378 1157 1438 εἶναι
1183 1385 1277 1438 καὶ
1309 1387 1688 1442 ἀκατάτακτον

141 1475 183 1525 ὲν
197 1474 370 1536 πάσαις
398 1476 519 1537 ταῖς
551 1471 652 1525 τοῦ
688 1472 953 1537 ὲνοειδοῦς
976 1473 1302 1546 διαιρέσεσιν
1325 1493 1336 1506 ·
1364 1477 1500 1549 ὅπερ
1527 1476 1688 1549 ήτῶν

140 1565 373 1636 συμϐόλων
416 1565 725 1638 παράδοσις
762 1565 923 1637 ίερῶς
963 1569 1310 1641 αίνισσομένη
1340 1610 1355 1634 ,
1397 1570 1488 1623 τὸν
1518 1587 1686 1642 προσ-

141 1659 252 1710 ιόντα
278 1658 370 1729 τὴν
412 1651 524 1710 οἷον
570 1659 616 1689 ³⁷
660 1659 937 1730 προτέραν
984 1658 1130 1732 ζωὴν
1186 1660 1539 1715 ἀπεκδύσασα
1594 1663 1689 1716 καὶ

140 1749 264 1820 μέχρι
287 1749 387 1801 τῶν
415 1751 537 1804 κατ’
578 1750 804 1821 ἐκείνην
840 1752 1092 1822 ἐσχάτων
1133 1753 1371 1823 σχέσεων
1410 1753 1687 1808 ἀπολύσα-

139 1856 186 1892 σα
223 1842 277 1902 ³⁸,
301 1843 503 1913 γυμνὸν
552 1845 654 1897 καὶ
705 1844 1029 1898 ἀνυπόδετον
1074 1845 1254 1916 ἵστησι
1304 1847 1439 1916 πρὸς
1478 1846 1688 1918 δυσμὰς
1719 1868 1760 1924 Β

137 1935 394 2008 ἀοορῶντα,
437 1938 534 1991 καὶ
582 1941 652 2010 τῇ
705 1938 816 1991 τῶν
865 1937 1064 2009 χειρῶν
1110 1937 1320 1994 ἀπώσει
1355 1941 1398 1972 ³⁹
1440 1939 1539 2005 τάς
1586 1941 1686 2012 τῆς

136 2027 371 2097 ἀλαμποῦς
394 2031 600 2094 κακίας
623 2031 1001 2103 ’ἀναινόμενον
1027 2032 1332 2096 κοινωνίας,
1360 2033 1453 2086 καὶ
1474 2033 1572 2104 τὴν
1596 2034 1688 2102 ὲγ-

135 2119 380 2192 γενομένην
429 2121 585 2193 αὐτῷ
637 2122 744 2192 τῆς
790 2123 1169 2194 ἀνομοιότητος
1213 2122 1324 2190 ἕξιν
1368 2123 1556 2196 ὥσπερ
1595 2124 1690 2177 ὲκ-

134 2211 334 2274 πνὲοντα,
359 2215 453 2267 καὶ
499 2213 607 2277 τὰς
634 2213 825 2278 ὁλικάς
851 2213 1281 2286 ὁμολογήσαντα,
1322 2214 1456 2288 πρὸς
1496 2215 1558 2268 τὺ
1589 2213 1686 2268 τοῦ

133 2300 348 2368 ϐεοειδοῦς
371 2305 644 2365 ἐναντίον,
689 2307 991 2376 ἀππαγὰς.
1020 2307 1175 2361 Οὕτω
1201 2307 1480 2372 παντελῶς
1524 2307 1688 2379 ἄσχε-

129 2411 196 2448 τον
223 2399 366 2452 αὐτὸν
405 2402 500 2453 καὶ
540 2398 918 2471 ἀκοινώνητον
943 2399 1204 2469 γεγονότα
1241 2400 1378 2472 πρὸς
1411 2400 1485 2453 ἕω
1529 2400 1688 2471 μετά-

130 2505 193 2555 γει
213 2489 266 2551 ⁸⁸,
291 2491 384 2562 τήν
429 2491 488 2544 ὲν
516 2491 607 2563 τῷ
635 2491 768 2562 θείῳ
796 2492 936 2562 φωτὶ
966 2491 1155 2547 στάσιν
1179 2510 1238 2545 τε
1266 2493 1360 2546 καὶ
1401 2493 1686 2547 ἀνάνευσιν

133 2581 306 2635 ἔσεσθαι
331 2581 603 2655 καθαρῶς
629 2582 688 2635 ὲν
717 2584 785 2654 τῇ
825 2582 1080 2636 παντελεῖ
1099 2582 1199 2654 τῆς
1235 2582 1433 2646 κακίας
1459 2582 1686 2653 ἀποφοι-

128 2673 246 2743 τήσει
273 2673 694 2744 διαγγέλλουσα,
723 2675 820 2727 καὶ
843 2673 942 2739 τὰς
970 2673 1123 2746 ίεράς
1149 2674 1314 2728 αὐτοῦ
1339 2675 1442 2746 τῆς
1467 2675 1603 2746 πρὸς
1626 2675 1687 2730 τὸ

126 2761 168 2813 ἓν
199 2765 364 2838 unca;
407 2766 762 2831 συννεύσεως
798 2765 1120 2838 ὁμολογίας,
1157 2765 1421 2831 ἐνοειδοῢς
1460 2769 1681 2840 γενομέ-

126 2871 194 2907 νου
232 2858 530 2931 φιλαλήθως
579 2856 983 2927 ἀποδεχομένη.
1025 2856 1162 2910 Ἀλλ’
1201 2855 1315 2910 ἔστι
1363 2873 1467 2911 που
1503 2857 1685 2930 δῆλον,

125 2949 180 3011 ὡς
198 2945 349 3021 οἶμαι,
372 2955 487 3016 τοῖς
522 2951 644 3007 τῶν
675 2949 1004 3022 ἱεραρχικῶν
1040 2949 1420 3021 ὲπιστήμοσιν,
1447 2952 1527 3004 ὅτι
1565 2954 1689 3018 ταῖς

125 3036 380 3108 διηνεκέσιν
403 3043 465 3094 ὲν
494 3041 765 3112 συντονίᾳ
794 3040 930 3112 πρὸς
954 3039 1012 3092 ἓν
1039 3039 1081 3072 ⁸⁸
1107 3039 1423 3108 ἀνατάσεσι,
1447 3044 1547 3116 καὶ
1567 3046 1688 3109 ταῖς

123 3131 205 3185 τῶν
225 3134 464 3188 ἐναντίων
491 3133 718 3195 ὁλικαίς
758 3129 1055 3203 νεκρώσεσι
1093 3135 1188 3189 καὶ
1210 3135 1593 3206 ἀνυπαρξίαις,
1626 3137 1688 3190 τὸ

123 3220 433 3278 ἀναλλοίωτον
467 3224 625 3294 ἴσχει
659 3220 731 3275 τὰ
760 3220 924 3293 νοερὰ
960 3222 1062 3292 τῆς
1087 3221 1356 3289 θεωιδοῦς
1395 3225 1581 3291 ἕξεως.
1609 3225 1684 3278 Οὐ
1713 3211 1756 3269 C

123 3312 204 3385 γὰρ
225 3316 575 3389 ἀναχωρῆσαι
605 3315 714 3387 χρὴ
742 3313 902 3384 μόνον
929 3315 1036 3369 ἀπὸ
1056 3316 1254 3381 κακίας
1282 3319 1522 3391 ἀπάσης,
1553 3318 1690 3373 ἀλλά

123 3407 192 3458 καὶ
213 3409 542 3481 ἀρῤενωπῶς
599 3407 952 3478 ἀμάλθακτον
995 3405 1155 3474 εἶναι,
1206 3410 1250 3443 ⁸³
1298 3411 1567 3483 ἀφόδητον
1601 3412 1689 3465 ἀεὶ

122 3498 228 3568 πρὸς
263 3501 356 3572 τὴν
397 3501 487 3554 ἐπ’
517 3498 702 3570 αὐτὴν
739 3497 980 3569 ὀλέθριον
1026 3499 1237 3568 ὕφεσιν,
1262 3500 1384 3554 οὐδὲ
1418 3499 1513 3553 τοῦ
1539 3497 1686 3570 ἱεροῦ

122 3586 196 3654 τῆς
234 3589 483 3660 ἀληθείας
536 3589 753 3660 ἔρωτος
802 3589 858 3640 ὲν
908 3588 1198 3661 καταλήξει
1239 3591 1370 3643 ποτὲ
1413 3589 1685 3659 γενέσθαι,

123 3681 363 3755 προσεχιῖκ
396 3684 456 3738 δὲ
496 3684 606 3738 καὶ
637 3681 875 3745 αίωνίως
903 3682 988 3734 ἐπ’
1018 3682 1208 3754 αὐτὴν,
1237 3683 1336 3754 ὅση
1363 3682 1592 3754 δύναμις
1615 3683 1682 3749 ⁴⁵³,

123 3775 476 3844 ἀνατείνεσθαι,
502 3779 618 3850 τὴν
649 3759 758 3829 ἐπὶ.
787 3776 855 3832 τὰ
883 3777 1193 3850 τελειότερα
1216 3777 1264 3809 ⁸⁸
1297 3777 1399 3849 τῆς
1429 3776 1689 3850 θεαρχίας

121 3867 365 3946 ἀναγωγὴν
393 3872 568 3944 ίερῶς
596 3869 690 3924 ἀεὶ
709 3868 1314 3942 διαπραγματευόμενον

1865 1108 2136 1166 Caeterum
2169 1124 2276 1171 non
2309 1108 2436 1166 licet
2470 1123 2682 1166 summe
2706 1109 2976 1165 con-traria
3011 1108 3170 1165 simul
3202 1109 3372 1180 parti-

1793 1202 1999 1273 cipare,
2028 1218 2209 1274 neque
2246 1202 2796 1260 communicationem
2833 1201 3068 1272 aliquam
3111 1217 3234 1259 cum
3261 1219 3370 1269 uno

1794 1295 2012 1351 habenti
2047 1296 2251 1351 divisas
2277 1295 2482 1350 habere
2514 1295 2680 1359 vitas,
2706 1293 2751 1347 si
2781 1294 2940 1349 unius
2965 1293 3208 1350 stabilem
3235 1309 3371 1365 pra:-

1794 1388 1931 1443 ferat
1957 1389 2461 1458 participationem;
2492 1386 2585 1443 sed
2617 1395 2893 1442 exsortem
2925 1401 3047 1442 esse
3088 1386 3244 1442 decet
3269 1402 3368 1442 ex-

1791 1491 2110 1550 pertemque
2153 1480 2399 1536 omnium
2449 1477 2842 1534 uniforntitatis
2890 1478 3213 1534 divisionum
3259 1500 3272 1535 :
3316 1478 3370 1534 id

1791 1573 1935 1644 quod
1971 1574 2250 1643 signorum
2287 1572 2507 1626 traditio
2535 1586 2692 1627 sacra
2726 1569 2927 1634 innuit,
2955 1569 3080 1623 dum
3109 1569 3373 1624 acceden—

1791 1677 1898 1723 tem
1937 1667 2105 1737 priori
2139 1665 2540 1736 quodammodo
2581 1665 2692 1718 vita
2731 1677 2962 1725 exuens,
2995 1671 3050 1719 et
3089 1661 3156 1714 ad
3189 1669 3376 1716 extre-

1792 1775 1911 1814 mos
1941 1773 2114 1828 usque
2141 1756 2370 1812 allectus
2396 1756 2734 1827 exspolians,
2763 1756 2963 1810 nudum
2989 1765 3044 1811 et
3072 1754 3373 1811 discalcea-

1791 1862 1902 1908 tum
1933 1851 2121 1907 statuit
2151 1866 2339 1905 versus
2369 1851 2713 1906 occidentem
2748 1858 3108 1918 spectantem,
3138 1863 3238 1903 nec
3265 1862 3374 1902 nou

1789 1961 2049 2000 manuum
2083 1942 2380 2012 rejectione
2412 1940 2765 1996 tenebricosa:
2791 1938 3010 1994 malitiae
3034 1924 3389 1993 communio?

1788 2055 1910 2095 nem
1941 2039 2472 2102 abnuentem,atque
2493 2043 2748 2103 aguatum
2779 2031 2880 2086 sibi
2911 2029 3374 2085 dissimilitudinis

1788 2144 1988 2191 statum
2025 2132 2429 2204 quodammodo
2488 2129 2799 2194 eﬂlantem,
2855 2127 3155 2196 totalesque
3202 2122 3390 2196 proli?

1788 2237 1990 2282 tentem
2060 2224 2418 2280 deiformitati
2484 2220 2894 2277 adversantium
2942 2216 3375 2273 abrenuntiatio-

1787 2335 1906 2374 nes.
1943 2318 2035 2374 Sic
2058 2319 2279 2374 omnino
2307 2317 2480 2388 ipsum
2512 2313 2858 2383 all‘ectusjam
2882 2320 3160 2384 expertem
3185 2325 3376 2364 exsor-

1789 2422 2008 2481 temque
2042 2409 2277 2465 traducit
2309 2409 2376 2465 ad
2421 2409 2710 2474 orientem,
2753 2406 2951 2461 divina:
2992 2403 3130 2458 lucis
3170 2412 3372 2458 statum

1790 2505 1866 2560 illi
1893 2512 2304 2574 aspectumque,
2332 2504 2647 2560 omnimoda
2699 2498 2922 2554 malitiae
2955 2497 3099 2569 fuga,
3131 2495 3246 2552 fore
3275 2509 3381 2564 pu-

1789 2611 1910 2652 rum
1948 2597 2320 2662 anr.untians;
2352 2597 2638 2666 ipsumque
2669 2593 3058 2655 sacrosanctis,
3099 2605 3225 2646 cum
3268 2600 3380 2642 uno

1791 2688 2400 2759 totaliconspiratione,
2436 2686 2872 2758 professionibus
2916 2683 3248 2740 uniformem
3291 2679 3380 2736 ef-

1788 2781 2014 2846 fectum,
2041 2796 2172 2836 vere
2198 2790 2446 2835 amanter
2471 2779 2794 2850 suscipiens.
2824 2775 3048 2841 Verum,
3075 2789 3134 2829 ut
3156 2774 3370 2845 opinor,

1789 2889 2075 2932 sacrorum
2116 2873 2307 2945 peritis
2335 2871 2725 2943 principiorum
2774 2877 3120 2939 perspectum
3148 2873 3254 2932 est,
3282 2879 3380 2920 as-

1790 2963 1964 3021 siduis
2015 2963 2084 3019 ad
2135 2977 2302 3017 unum
2349 2960 2683 3016 connitendo
2733 2958 3178 3028 aspirationibus,
3210 2965 3376 3024 atque

1737 3123 1739 3126 η
1791 3051 2051 3109 totalibus
2093 3049 2499 3106 contrariorum
2551 3047 3064 3104 mortiﬁcationibus
3104 3056 3158 3101 et
3201 3045 3374 3102 aboli-

1794 3147 2054 3212 tionibus,
2082 3160 2167 3201 res
2194 3144 2468 3213 spiritales
2488 3153 2663 3200 status
2697 3142 2980 3198 deiformis
3013 3139 3371 3197 immutabili-

1791 3243 1902 3292 tate
1939 3237 2121 3307 potiri.
2146 3235 2264 3292 Non
2290 3237 2438 3292 enim
2475 3236 2543 3291 ab
2571 3235 2718 3290 omni
2749 3238 3015 3291 duntaxat
3051 3233 3257 3288 malitia
3290 3240 3375 3286 est

1790 3332 2174 3393 recedendum,
2222 3329 2318 3384 sed
2363 3329 2744 3384 obdurandum
2788 3327 3040 3393 viriliter,
3070 3334 3126 3380 et
3169 3324 3374 3394 imper-

1789 3424 1981 3479 territe
2006 3438 2222 3493 semper
2251 3423 2627 3479 obsistendqu
2678 3421 2779 3492 ipsi
2825 3422 3001 3476 noxiae
3030 3419 3371 3484 remissioni;

1789 3529 1890 3570 nec
1921 3530 1951 3568 a
1981 3530 2139 3570 sacro
2167 3524 2252 3570 est
2281 3530 2518 3585 unquam
2545 3529 2733 3572 amore
2759 3513 3105 3590 cessandum,
3129 3511 3223 3567 sed
3244 3524 3378 3565 con-

1793 3605 2030 3660 tineuter
2056 3621 2122 3661 ac
2161 3615 2420 3677 perpetuo
2460 3621 2559 3676 pro
2602 3605 2813 3661 viribus
2861 3603 2939 3659 illi
2993 3602 3373 3664 insistendum,

1796 3699 1865 3751 ad
1901 3699 2284 3766 perfectiorem
2330 3699 2500 3754 divini
2547 3700 2886 3770 principatus
2934 3696 3379 3756 sublimationetn

1793 3799 1981 3845 sancte
2008 3805 2222 3860 semper
2255 3790 2472 3861 negotia
2501 3804 2597 3845 sua
2625 3791 2900 3861 dirigenti.

1663 4057 1885 4133 §Vl.‘

182 4265 325 4340 Ὁρᾷς
341 4268 399 4322 δὲ
422 4268 531 4334 τὰς
554 4266 772 4322 τούτων
794 4267 1039 4340 ἀκριϐεῖς
1066 4269 1280 4333 εῐκὸνας
1301 4270 1358 4322 ὲν
1381 4271 1496 4331 τοῖς
1515 4267 1693 4340 ίεραρ-

117 4374 255 4426 ῖυιως
272 4363 635 4434 τελουμένοις
658 4378 674 4393 ·
719 4363 749 4414 ὁ
799 4361 896 4432 μὲν
937 4360 1046 4433 γὰρ
1083 4360 1318 4432 θεοειδὴς
1346 4361 1390 4393 ⁸⁵
1429 4362 1689 4433 ἱεράρχης

117 4449 385 4525 ἀπάρχεται
411 4457 520 4526 τῆς
553 4455 713 4525 ἱερᾶς
736 4452 983 4523 ἀλοιφῆς,
1009 4455 1058 4506 οἱ
1084 4453 1139 4506 δὲ
1167 4454 1332 4526 ἱερεῖς
1357 4455 1450 4508 ὑπ’
1475 4453 1624 4525 αὑτῷ
1645 4453 1689 4486 ’⁸⁸

1868 4263 2070 4320 l-lorum
2100 4273 2279 4320 autem
2306 4273 2526 4321 exactas
2550 4263 2729 4319 cernis
2756 4264 2807 4320 in
2842 4264 2909 4321 iis
2943 4279 3063 4337 quae
3093 4265 3382 4336 pontifica-

1796 4359 1920 4414 liler
1944 4359 2399 4414 administrantur
2429 4357 2696 4427 imagines
2734 4380 2746 4413 :
2789 4357 2904 4428 ipse
2951 4359 3216 4429 siquidem
3271 4374 3371 4414 an-

1799 4453 1954 4508 tistes
2015 4452 2297 4507 deiformis
2349 4466 2562 4506 sacram
2634 4451 2949 4518 auspicatur
3015 4449 3381 4516 unctionem,

117 4545 292 4601 τελοῦσι
315 4551 416 4622 τὴν
444 4551 554 4620 τῆς
588 4547 827 4618 χρίσεως
855 4547 1183 4618 ἱερουργίαν,
1212 4549 1306 4601 ἐπὶ
1337 4549 1464 4612 τοὺς
1511 4549 1688 4618 ἱεροὺς

1872 4560 1958 4600 am
2008 4544 2189 4598 cmteri
2251 4543 2446 4598 exinde
2495 4545 2813 4598 sacerdotes
2866 4552 3267 4609 consummant,
3305 4544 3382 4598 ad

116 4638 161 4689 ἐν
204 4640 350 4713 τύπῳ
414 4643 514 4696 τὸν
593 4637 919 4708 τελούμενον
989 4640 1206 4708 ἀγῶνας
1255 4640 1642 4711 ἐκκαλούμενοι
1669 4681 1684 4705 ,

117 4731 297 4797 καθόὒς
334 4734 428 4787 ὑπ’
471 4731 748 4801 ἀθλοθέτῃ
791 4728 1008 4803 Χριστῷ
1045 4732 1348 4802 γινόμενος,
1389 4732 1575 4805 ἐπειδὴ
1614 4733 1690 4799 ὼς

117 4821 219 4888 Θεός
245 4827 355 4881 ἐστι
396 4829 504 4899 τῆς
555 4826 882 4890 ἀθλοθεσίας
928 4825 1279 4897 δημιουργὸς,
1317 4825 1392 4890 ὡς
1430 4826 1592 4894 σοφὸς
1633 4826 1690 4878 δὲ

112 4917 211 4980 τὼς
233 4919 432 4990 νόμους
471 4919 653 4988 αὐτῆς
680 4917 948 4980 τέθεικεν,
989 4919 1284 4988 εἰργάσατο
1321 4917 1378 4970 δὲ
1419 4919 1495 4982 ὡς
1530 4919 1694 4983 καλὸς

117 5007 330 5082 εὐπρεπῆ
357 5013 404 5044 ἰτ
431 5015 552 5075 τοῖς
581 5010 780 5064 νικῶσι
803 5009 871 5062 τὰ
893 5010 1121 5064 ἔπαθλα.
1151 5013 1262 5065 Καὶ
1298 5012 1358 5064 τὸ
1389 5011 1469 5065 ἔτι
1495 5012 1696 5065 θειότε-

117 5115 205 5165 ρον,
242 5105 477 5175 ἐπείπερ
518 5103 600 5166 ὡς
637 5101 844 5169 ἀγαθὸς
885 5104 942 5154 ὲν
987 5106 1099 5167 τοῖς
1141 5103 1403 5174 ἀθληταῖς
1450 5103 1695 5171 ἐγεγόνει

119 5195 211 5256 μετ’
233 5196 412 5253 αὐτῶν
441 5196 635 5270 ἱερῶς,
664 5194 809 5266 ὑπὲρ
829 5195 926 5267 τῆς
953 5196 1134 5251 αὐτῶν
1157 5196 1472 5269 ἐλευθερίας
1496 5198 1592 5250 καὶ
1615 5196 1694 5251 νί-

1794 4652 1953 4694 sacra
1995 4653 2090 4710 per
2127 4639 2354 4709 tiguram
2403 4637 2543 4691 hanc
2589 4637 2892 4691 certamina
2922 4638 3192 4693 initiatum
3221 4638 3374 4692 exci-

1797 4741 1974 4786 tantes
2000 4731 2098 4785 sub
2121 4731 2338 4786 Christo
2365 4731 2676 4788 munerario
2699 4731 3080 4797 constitutum,
3110 4729 3200 4799 qui
3227 4728 3376 4785 vidc-

1795 4823 1922 4878 licet
1950 4834 2007 4878 ut
2040 4825 2180 4878 Deus
2211 4826 2571 4880 certaminum
2617 4825 2916 4890 exhibitor,
2946 4831 3004 4878 ut
3046 4823 3261 4890 sapiens
3291 4819 3371 4876 le-

1795 4933 1920 4987 gum
1980 4928 2299 4988 praeceptor,
2356 4919 2702 4989 praemiorum
2773 4917 3010 4986 denique
3074 4912 3374 4968 victoribus

1795 5012 2234 5065 convenientium
2287 5021 2344 5064 ut
2390 5010 2619 5081 pulcher
2659 5019 2972 5064 tnunerator
3023 5004 3262 5061 exsistit.
3308 5005 3375 5059 Et

1793 5103 1937 5172 quod
1968 5103 2054 5158 his
2101 5103 2335 5158 divinius
2377 5112 2482 5170 est,
2533 5117 2655 5157 cum
2710 5104 2763 5156 in
2794 5101 3042 5170 ipsismet
3099 5096 3374 5168 pugilibus

1796 5207 1856 5252 ut
1881 5197 2058 5253 bonus
2081 5196 2374 5263 exstiterit,
2399 5195 2873 5253 sacramentaliter
2912 5209 3012 5266 pro
3059 5192 3275 5248 illorum
3308 5191 3372 5246 li-

1431 5395 1672 5452 VARUS
1719 5393 2127 5455 LECTIONES.

188 5580 227 5654 f5
253 5581 496 5654 ἐραστὴν,
517 5589 651 5654 ⁸τῆς
679 5578 933 5654 ἀληθείας
956 5581 1148 5654 ἀληθῆ,
1177 5582 1234 5638 8.
1267 5583 1330 5638 Ρ.
1355 5583 1415 5638 Β.

114 5645 458 5720 ξ’ἀποτάσει,
481 5652 558 5708 Μ.
597 5645 694 5706 Sc.

111 5719 375 5793 Romam;
395 5763 413 5793 ,
441 5723 512 5778 ll.
542 5722 646 5777 Sc.

118 5783 152 5814 ⁸⁸
171 5788 248 5845 στ’
271 5783 447 5865 αὐτῷ,
468 5795 537 5851 Ρ.
567 5793 703 5850 Sar.
812 5791 854 5825 ’⁸⁷
884 5783 1182 5866 εὐπρεπής,
1211 5793 1282 5849 Μ.
1314 5785 1405 5850 Sc,

809 5649 854 5682 ‘°
873 5649 1066 5724 πρόσω
1093 5649 1336 5724 μετάγει,
1361 5654 1430 5708 Μ.
1467 5653 1557 5724 sc.
1592 5649 1668 5707 'iu
1717 5649 2088 5722 conspectum.

748 5719 794 5754 “
811 5719 1112 5794 τελεώτερα
1133 5763 1147 5788 ,
1290 5725 1415 5790 CIL;
1443 5723 1780 5792 τελεώτατα,
1810 5719 1877 5779 Μ.
1910 5725 2000 5782 Sc.

1515 5583 1560 5614 ³³
1591 5587 1899 5655 μετασχεῖν,
1929 5581 1986 5638 Ρ.
2063 5583 2106 5615 ³⁷
2135 5581 2317 5650 οίοδεί,
2355 5583 2421 5637 D.
2477 5585 2576 5655 Ch.
2621 5583 2700 5655 ﬂ”
2724 5583 3072 5651 ἀποδύσασα,
3125 5585 3186 5641 8.
3216 5585 3274 5640 Ρ.
3306 5588 3366 5643 Β.

2204 5657 2246 5726 ‘i
2274 5655 2410 5726 πρὸς
2424 5655 2485 5708 τὸ
2509 5654 2589 5718 ἓν,
2614 5653 2672 5708 8.
2705 5657 2768 5710 Ι).
2799 5655 2898 5709 Cll.
2972 5657 3016 5688 ⁸³
3041 5660 3152 5712 καὶ.
3228 5658 3272 5689 ’⁸³
3293 5657 3370 5724 ὡς

2114 5724 2158 5757 ⁵⁵
2183 5725 2290 5796 γάρ
2317 5724 2423 5781 nou
2459 5727 2663 5781 habent
2688 5726 2758 5781 M.
2791 5728 2890 5784 Cb‘.
2918 5727 3260 5798 ἀγαθοειδής,
3295 5731 3365 5782 Μ.
