3728 6304
307 358 411 415 41³5

1476 363 1538 420 S.
1589 363 1891 419 DIONYSII
1913 363 2384 420 AREUPAGITJE

3487 358 3594 415 401

308 476 520 530 bertate
546 483 709 545 atque
734 477 986 543 Victoria,
1021 478 1215 537 mortis
1274 492 1340 534 ac
1386 479 1753 551 corruptionis

2135 482 2269 555 πρὸς
2294 483 2355 535 τὸ
2376 479 2470 535 τοῦ
2495 480 2725 536 θανάτου
2753 481 2847 535 καὶ
2874 481 2974 552 τῆς
3020 480 3225 552 φθορᾶς
3255 477 3598 550 ἀγωνιζόμε-

308 569 521 638 perium
555 568 895 638 debellando,
928 571 983 626 in
1035 572 1333 628 certamina
1364 573 1583 644 quidem
1628 572 1892 644 gaudens,

309 670 498 731 utpote
527 662 684 732 173
713 663 919 730 divina,
952 664 1200 720 initiatus
1234 668 1486 721 ascendet
1511 707 1527 733 ,
1558 665 1766 736 legibus
1801 679 1900 718 au-

309 764 417 808 tem
495 754 758 824 sapientis
810 755 1069 825 insistet,
1141 755 1410 828 juxtaque
1466 756 1586 814 illas
1644 756 1900 813 inviolate

308 846 573 911 certabit,
630 847 922 905 illustrium
974 850 1324 921 praemiorum
1361 860 1509 905 certa
1554 866 1651 921 spe
1707 849 1896 916 fultus,

315 935 417 990 sub
448 936 591 993 bono
639 939 1001 995 certaminum
1050 939 1358 998 exhibitore
1392 939 1621 996 Domino
1671 955 1735 996 ac
1799 941 1901 995 du-

307 1040 462 1085 ctore
517 1033 897 1093 constitutus:
948 1034 1256 1106 divinisque
1318 1035 1623 1092 insistendo
1657 1035 1900 1106 chtigiis

307 1123 479 1193 ipsius
511 1125 770 1197 pugillum
821 1127 1071 1198 primatis
1115 1143 1214 1199 per
1259 1131 1611 1200 probitatem,
1664 1129 1730 1184 ad
1774 1128 1899 1184 imi-

311 1216 571 1272 tationem
638 1218 731 1274 Dei
799 1220 1194 1277 certaminibus
1247 1220 1580 1276 deiticationi
1625 1234 1737 1276 sua:
1800 1219 1899 1275 ad-

310 1320 594 1370 versantes
662 1313 891 1383 spiritus
948 1320 1113 1384 atque
1188 1314 1566 1386 suggestiones
1643 1312 1901 1384 supplan-

316 1405 516 1470 tando,
561 1405 955 1460 commorietur
1000 1404 1219 1462 Christo
1266 1407 1344 1479 (id
1396 1408 1502 1476 est)
1547 1406 1775 1479 mystice
1816 1404 1899 1463 lo-

312 1496 550 1562 quendo,
585 1508 835 1566 peccato,
869 1512 966 1568 per
989 1498 1345 1569 baptismum.

2001 591 2091 637 νος
2116 574 2335 646 κράτος,
2370 574 2483 637 τοῖς
2522 573 2620 643 μὲν
2655 572 2865 641 ἀγῶσιν
2902 572 2978 635 ὡς
3005 570 3167 635 θείοις
3194 570 3237 602 ’⁵⁸
3270 572 3301 623 ό
3334 568 3573 642 τελούμε

2000 684 2091 731 νος
2119 667 2435 739 ἐπιϐήσεται
2465 666 2689 738 χαίρων,
2723 665 2951 736 ἐμμένει
2990 664 3047 718 δέ
3074 664 3119 696 δ’
3144 666 3263 729 ταῖς
3287 662 3385 716 τοῦ
3431 679 3597 732 σοφο.

2002 759 2471 832 νομοθεσίαις,καί
2511 759 2631 815 κατ’
2657 759 2825 824 αὐτὰς
2857 760 2903 791 ⁵⁸
2931 757 3301 831 ἀπαραϐἀτως
3338 757 3596 825 ἀγωνιεῖ.

1997 872 2109 921 ται,
2160 856 2296 928 πρὸς
2331 855 2430 927 τὴν
2470 853 2581 907 τῶν
2618 852 2800 906 καλῶν
2842 851 3092 907 ἐπάθλων
3130 852 3321 904 ἐλπίδα
3360 849 3598 921 βεϐαίως

2002 941 2160 1013 ἔχων,
2187 942 2279 996 ὑπ’
2301 942 2492 1013 ἀγαθῷ
2525 934 2624 1013 τῆς
2659 940 2979 1005 ἀθλοθεσίας
3004 941 3193 1013 Κυρίῳ
3231 941 3328 994 καὶ
3365 941 3599 1012 ἡγεμόνι

2000 1034 2325 1106 ταττόμενος
2352 1052 2366 1067 ·
2388 1033 2583 1097 ἐπιϐὰς
2606 1032 2663 1085 δὲ
2688 1035 2801 1096 τοῖς
2825 1031 2991 1097 θείοις
3018 1032 3189 1102 ῐχνεσι
3224 1032 3599 1104 τοῦ,ἀθλητῶν

2001 1125 2220 1197 πρώτου
2253 1126 2322 1179 δι’
2348 1124 2678 1198 ἀγαθότητα,
2702 1126 2822 1187 ταῖς
2838 1123 3192 1197 θεομιμήτοις
3215 1125 3488 1198 ἀθλήσεσι
3507 1126 3599 1190 τὰς

2002 1217 2142 1289 πρὸς
2169 1216 2363 1272 θέωσιν
2398 1217 2644 1281 ἐναντίας
2681 1216 2833 1289 αὑτῷ
2874 1217 3290 1282 καταπαλαίσας
3315 1217 3599 1289 ἐνεργείας

1999 1328 2060 1365 τε
2094 1311 2188 1366 καὶ
2238 1310 2519 1383 ὑπάρξεις,
2562 1310 2991 1383 συναποθνήσκει
3018 1310 3261 1383 Χριστῷ,
3315 1310 3599 1381 μυστικῶς

2006 1407 2187 1460 εἰπεῖν
2212 1407 2278 1477 τῇ
2302 1404 2547 1478 ἁμαρτίᾳ
2569 1404 2712 1458 κατά
2733 1404 2795 1459 τὸ
2829 1403 3131 1475 βάπτισμα.

1871 1616 2066 1693 §vu.

386 1799 608 1857 Attento
648 1801 739 1856 hic
782 1800 967 1856 animo
1009 1801 1319 1871 perpende,
1349 1808 1690 1857 sacramenta
1722 1814 1858 1872 quan

2127 1800 2179 1854 αἰ
2206 1816 2297 1871 μοι
2324 1796 2563 1863 συνετῶς
2586 1796 2777 1861 ἐννόει,
2818 1795 2889 1850 τά
2930 1795 3055 1867 ἰερά
3081 1795 3199 1867 μεθ’
3227 1795 3362 1868 ὅσης
3395 1793 3599 1848 οἰκειό-

314 1893 559 1963 propriis
602 1892 845 1948 involuta
885 1892 995 1949 sint
1023 1892 1217 1963 signis.
1251 1892 1469 1949 Etenim
1501 1908 1625 1948 cum
1656 1892 1710 1947 in
1742 1890 1899 1947 nobis

314 2001 467 2040 mors
524 2001 630 2041 non
681 1984 790 2052 sit,
842 1993 905 2038 ut
950 1983 1277 2053 quibusdam
1322 1983 1533 2056 placet,
1576 1983 1903 2041 substantia:

316 2072 542 2127 abolitio
564 2111 583 2141 ,
625 2074 720 2128 sed
761 2070 1181 2140 conjunctarum
1211 2075 1448 2144 partium
1482 2076 1791 2145 separatio,
1831 2072 1901 2128 ad

314 2166 369 2219 id
401 2167 543 2236 quod
587 2181 685 2221 nos
714 2165 851 2222 latet
879 2167 1182 2234 abducens,
1209 2167 1446 2222 animam
1473 2168 1725 2236 quidem,
1744 2165 1900 2237 quasi

314 2274 547 2329 corpore
580 2270 845 2331 perpetuo
883 2262 1210 2331 privandam
1234 2306 1247 2327 ,
1292 2276 1492 2330 corpus
1531 2275 1696 2328 vero,
1752 2258 1905 2314 velut

315 2351 485 2406 humo
519 2353 762 2407 abditum
784 2396 800 2421 ,
834 2353 943 2408 alia
971 2354 1229 2424 quapiam
1258 2344 1583 2409 alteratione
1607 2366 1901 2423 corporea,

319 2459 387 2496 ex
425 2444 667 2499 humana
699 2445 883 2515 specie
913 2447 1389 2501 exterminandum
1421 2464 1437 2514 ;
1472 2460 1578 2500 non
1609 2443 1906 2515 improprie

317 2533 505 2588 tutalis
544 2533 647 2588 ista
690 2550 848 2605 aqua:
886 2536 1167 2606 coopertio
1203 2538 1257 2591 in
1298 2536 1493 2592 mortis
1530 2545 1693 2605 atque
1734 2534 1907 2589 inl‘or-

321 2626 429 2679 mis
461 2627 753 2695 sepultura:
785 2628 1017 2699 ﬁguram
1048 2628 1375 2698 accipiatur.
1413 2626 1905 2684 Sacramentaliter

319 2715 509 2787 itaque
567 2718 904 2789 baptizatum
959 2718 1261 2791 symbolica
1322 2719 1613 2789 disciplina
1676 2717 1906 2790 mystice

321 2812 484 2865 docet
514 2811 691 2868 tribus
722 2811 828 2867 illis
859 2811 913 2866 in
947 2827 1143 2882 aquam
1178 2812 1621 2868 immersionibus
1647 2819 1704 2867 et
1725 2823 1906 2865 emer-

320 2902 571 2959 sionibus
604 2905 846 2959 divinam
880 2905 1044 2960 trium
1081 2905 1296 2960 dierum
1332 2918 1397 2960 ac
1437 2903 1681 2959 noctium
1720 2900 1906 2972 sepul-

323 3005 460 3051 tura:
491 2996 618 3052 Jesn
652 2997 775 3051 vita:
807 2998 1055 3053 aucturis
1087 3005 1321 3052 mortem
1359 2997 1602 3062 imitari,
1635 3004 1906 3065 quatenus

2000 1906 2164 1962 τητος
2192 1888 2304 1960 ἔχει
2330 1888 2401 1941 τά
2425 1886 2690 1959 σύμϐολα.
2716 1885 2827 1940 Καὶ
2845 1886 2953 1958 γάρ
2978 1886 3166 1958 ἐπειδὴ
3190 1886 3427 1951 θάνατός
3452 1888 3603 1939 ἐστιν

2002 1980 2090 2050 ἐφ’
2122 1978 2281 2051 ἡμῶν
2306 1980 2367 2033 οὐ
2393 1978 2492 2049 τῆς
2535 1977 2723 2041 οὐσίας
2762 1976 3071 2049 ἀνυπαρξία
3087 1977 3129 2008 ⁸⁸
3158 1976 3302 2031 κατά
3341 1978 3406 2031 τὸ
3446 1977 3603 2043 δόξαν

2002 2073 2214 2145 ἑτέροις
2236 2114 2251 2138 ,
2297 2071 2413 2126 ἀλλ’
2455 2074 2490 2144 ὴ
2527 2071 2639 2124 τῶν
2666 2069 2960 2142 ὴνωμένων
2981 2071 3025 2102 ⁵¹
3064 2070 3375 2142 διάκρισις,
3428 2074 3513 2136 εἰς
3545 2073 3604 2125 τὸ

2000 2168 2135 2240 ἡμῖν
2162 2165 2367 2236 ἀφανὲς
2404 2163 2611 2233 ἄγουσα
2642 2164 2744 2235 τὴν
2770 2163 2949 2235 ψυχὴν
2978 2163 3097 2234 μὲν,
3123 2162 3199 2227 ὼς
3232 2165 3292 2216 ἐν
3341 2166 3602 2236 στερήσει

2004 2258 2257 2331 σώματος
2282 2258 2436 2329 ἀειδῆ
2463 2257 2810 2328 γιγνομένην,
2834 2256 2895 2310 τὸ
2919 2255 3080 2327 σῶμα
3116 2255 3192 2321 δὲ,
3219 2255 3295 2320 ὡς
3322 2258 3382 2311 ἐν
3405 2259 3484 2329 γῇ
3508 2274 3604 2310 κα-

2003 2351 2361 2421 λυπτόμενον,
2406 2350 2528 2403 καθ’
2555 2351 2746 2422 ἑτέραν
2781 2347 2905 2403 τινὰ
2940 2348 3049 2402 τῶν
3093 2349 3483 2419 σωματοειδῶν
3509 2351 3603 2404 ἀλ-

2003 2441 2275 2498 λοιώσεων
2291 2444 2358 2509 ⁸⁸,
2384 2444 2448 2495 ἐκ
2470 2443 2569 2514 τῆς
2605 2441 2727 2496 κατ’
2756 2440 3044 2513 ἄνθρωπον
3075 2440 3219 2505 ἰδέας
3258 2440 3604 2513 ἀφανιζόμε-

2005 2552 2126 2591 νονο
2154 2536 2369 2599 οἰκείως
2395 2537 2429 2606 ἡ
2452 2535 2520 2588 δι’
2549 2535 2740 2597 ὓδατος
2777 2536 2933 2607 όλικὴ
2968 2534 3202 2607 κάλυψις
3242 2538 3326 2599 εἰς
3365 2535 3475 2607 τὴν
3512 2535 3602 2589 τοῦ

2007 2628 2236 2683 θανάτου
2277 2628 2369 2681 καὶ
2390 2626 2484 2680 τοῦ
2520 2627 2618 2699 τῆς
2634 2629 2681 2659 ⁸⁸
2704 2629 2882 2699 ταφῆς
2922 2626 3137 2691 ἀειδοῦς
3180 2626 3369 2681 εἰκόνα
3410 2628 3604 2699 παρεί-

2005 2720 2233 2793 ληπται.
2260 2721 2362 2774 Τὸν
2386 2716 2478 2774 οὖν
2504 2719 2665 2792 ἰερῶς
2695 2719 3088 2791 βαπτιζόμενον
3112 2722 3146 2792 ἡ
3191 2719 3509 2792 συμϐολικὴ
3530 2720 3603 2773 δι-

2004 2813 2273 2868 δασκαλία
2298 2817 2651 2887 μυσταγωγεῖ
2689 2816 2809 2878 ταῖς
2847 2812 2907 2867 ἐν
2928 2811 3011 2884 τῷ
3048 2811 3201 2866 ῦδατι
3243 2812 3393 2883 τρισὶ
3437 2828 3603 2865 κατα-

2006 2903 2260 2957 δύσεσι⁵⁵
2305 2904 2397 2958 τὸν
2436 2903 2724 2975 θεαρχικὸν
2764 2901 2866 2973 τῆς
2906 2899 3373 2974 τριημερονύκτου
3424 2901 3601 2971 ταφῆς

2020 2995 2197 3069 Ἰησοῦ
2242 2995 2337 3051 τοῦ
2374 2996 2637 3062 ζωοδότου
2683 2995 2968 3068 μιμεῖσθαι
2998 2994 3247 3061 θάνατον,
3274 2993 3352 3058 ὡς
3381 2994 3600 3064 ἐφικτὸν

321 3090 637 3145 hominibus
668 3090 994 3145 conceditur
1020 3090 1142 3160 ejus
1176 3089 1412 3144 imitatio
1433 3129 1449 3156 ,
1483 3088 1535 3142 in
1571 3102 1680 3159 quo
1701 3130 1718 3157 ,
1745 3087 1793 3158 jt

2126 3089 2237 3143 adat
2262 3088 2322 3141 τὸ
2347 3088 2681 3161 θεομίμητον
2700 3129 2715 3153 ,
2744 3089 2803 3142 ἐν
2829 3081 2893 3155 ᾧ,
2925 3086 3069 3141 κατά
3094 3087 3193 3157 τὴν
3216 3085 3314 3139 τοῦ
3353 3086 3539 3155 λογίου
3557 3086 3598 3116 ⁸⁸

323 3182 611 3251 mySticam
641 3191 695 3236 ct
722 3197 981 3237 arcanam
1010 3180 1309 3252 Scriptum
1338 3180 1692 3236 traditionem
1712 3225 1726 3249 ,
1750 3195 1795 3250 p1

2124 3180 2372 3255 τηριώδη
2397 3182 2493 3236 καὶ
2518 3180 2756 3254 κρυφίαν
2780 3179 3101 3253 παράδοσιν,
3123 3179 3276 3233 οὐδὲν
3302 3178 3541 3251 εὕρηκεν
3558 3178 3596 3210 ⁸¹

324 3288 454 3345 ceps
497 3273 659 3343 hujus
699 3274 887 3329 mundi
918 3288 1030 3330 non
1063 3272 1273 3329 invenit
1297 3271 1621 3343 quidquam.

2011 3278 2041 3331 ὁ
2063 3274 2158 3331 τοῦ
2184 3274 2392 3348 κόσμου
2417 3274 2626 3348 ἄρχων.

1848 3430 1879 3506 §
1913 3427 2085 3494 VIII.

396 3566 660 3627 Candidis
694 3571 893 3628 deinde
928 3554 1275 3634 vestimentis
1314 3573 1545 3631 induunt
1584 3573 1860 3629 initiatum
1889 3589 1907 3630 :
1948 3640 1957 3651 γ

328 3660 470 3714 virili
503 3663 649 3717 enim
680 3678 747 3720 ac
778 3665 1032 3721 deiformi
1066 3682 1361 3737 pravorum
1392 3666 1689 3724 aﬂ‘ectuum
1723 3666 1911 3723 vacui-

328 3760 479 3821 tate,
523 3770 621 3810 nec
654 3772 759 3811 non
794 3758 1009 3815 intenta
1054 3760 1107 3814 in
1149 3775 1319 3816 unum
1361 3760 1535 3815 animi
1575 3757 1911 3824 aﬂ'ectione,

329 3859 452 3899 cum
489 3847 541 3901 id
576 3850 720 3919 quod
751 3858 951 3905 ornatu
981 3852 1204 3907 carebat
1234 3861 1489 3919 ornatur,
1524 3862 1640 3907 tum
1680 3851 1735 3905 id
1765 3849 1912 3920 quod

327 3936 577 3995 deforme
610 3951 733 3997 erat
767 3943 1055 4013 pulchrum
1098 3944 1354 4013 efﬁcitur,
1395 3945 1523 4000 dum
1556 3942 1760 3999 illustri
1793 3957 1915 3998 om-

328 4031 459 4086 nino
496 4034 610 4090 vita
668 4035 1024 4106 splendescit.
1064 4038 1307 4108 Denique
1342 4038 1606 4109 unguenti
1644 4036 1735 4092 illa
1776 4050 1913 4092 con-

329 4142 616 4184 summans
646 4133 831 4188 unctio
865 4147 988 4187 eum
1017 4135 1109 4203 qni
1141 4134 1390 4189 initiatur
1420 4133 1609 4189 odoris
1637 4130 1915 4188 suavitate

330 4218 612 4287 perfundit
641 4238 657 4287 ;
690 4237 846 4278 sacra
886 4225 1029 4281 enim
1071 4226 1269 4280 divinas
1310 4224 1685 4297 generationis
1722 4223 1913 4279 initia-

332 4309 411 4361 tio
438 4348 453 4374 ,
488 4324 549 4363 ea
581 4326 702 4379 quze
734 4312 947 4366 initiata
980 4323 1109 4367 sunt
1139 4315 1324 4370 divino
1352 4313 1583 4384 Spiritui
1610 4312 1915 4382 conjungit.

2091 3576 2250 3648 Ἑξῆς
2272 3576 2329 3630 δὲ
2353 3576 2666 3647 φωτοειδετς
2691 3574 2926 3646 ἐσθῆτας
2950 3574 3300 3630 ἐπιϐάλλουσι
3323 3574 3404 3647 τῷ
3427 3575 3598 3629 τελου-

2013 3668 2158 3741 μένῳ
2178 3686 2191 3701 ·
2206 3672 2273 3741 τῇ
2294 3669 2366 3737 γά
2375 3687 2407 3741 ρ
2429 3669 2657 3741 ἀνδρικῇ
2678 3668 2775 3721 καὶ
2802 3667 3029 3721 θεοειδεῖ
3050 3666 3159 3721 τῶν
3186 3668 3450 3721 ἐναντίων
3465 3669 3598 3721 ἀπα-

2011 3764 2255 3835 θείᾳ,καί
2270 3766 2337 3835 τῇ
2354 3764 2489 3835 πρὸς
2502 3763 2563 3816 τὸ
2576 3762 2634 3815 ἐν
2650 3763 2709 3815 ἐν
2722 3762 2973 3833 συντονίᾳ
2985 3762 3598 3833 συννεύσει,τὸὶκοσμον

2013 3857 2324 3926 κοσμεῖται,
2348 3856 2443 3908 καὶ
2466 3854 2529 3907 τὸ
2554 3852 2796 3909 ἀνείδεον
2818 3853 3167 3906 εἰδοποιεῖται
3187 3894 3201 3919 ,
3229 3856 3297 3925 τῇ
3323 3854 3598 3922 φωτοειδεῑ

2018 3948 2246 4001 καθόλου
2272 3947 2383 4019 ζωῇ
2411 3946 2883 4019 λαμπρυνόμενον.
2900 3946 2964 3999 Ἦ
2987 3945 3044 3999 δὲ
3062 3946 3157 3999 τοῦ
3186 3945 3360 4017 μύρου
3385 3945 3597 3998 τελειω-

2016 4042 2143 4115 τικὴ
2169 4043 2347 4114 χρίσις
2372 4040 2545 4113 εὐώδη
2573 4042 2719 4094 ποιεῖ
2741 4040 2834 4094 τὸν
2854 4038 3238 4110 τετελεσμένον
3255 4055 3269 4068 °
3292 4040 3325 4109 ή
3354 4038 3467 4109 γὰρ
3485 4036 3597 4109 ἰερά

2018 4135 2119 4206 τῆς
2165 4134 2511 4203 θεογενεσίας
2568 4131 2851 4197 τελείωσις
2895 4132 3009 4185 ἐνοϊ
3051 4130 3123 4184 τά
3162 4129 3483 4184 τελεσθέντα
3526 4128 3596 4199 τῷ

2020 4223 2299 4297 θεαρχικῷ
2336 4222 2637 4295 Πνεύματι.
2682 4221 2794 4293 Τὴν
2833 4221 2891 4276 δὲ
2918 4220 3127 4293 νοητῶς
3166 4220 3475 4273 εὐοδοποιὸν
3513 4220 3596 4273 καὶ

2020 4318 2396 4390 τελεσιουργὸν
2437 4315 2779 4387 ἐπιφοίτησιν
2796 4354 2813 4381 ,
2838 4315 3217 4387 ἀρρητοτὰτην
3252 4308 3417 4367 οὖσαν
3438 4354 3454 4377 ,
3483 4312 3589 4364 ἐπι·

331 4400 507 4456 Porro
543 4402 797 4483 illapsnm
837 4403 989 4457 illum
1011 4447 1026 4472 ,
1061 4406 1152 4475 qui
1193 4406 1495 4476 spiritalem
1534 4406 1695 4459 istam
1727 4405 1803 4459 odi

2123 4412 2228 4465 ivat
2255 4410 2456 4483 νοερῶς
2479 4409 2719 4483 παρίημι
2744 4412 2862 4473 τοῖς
2883 4408 3209 4479 ἠξιωμένοις
3230 4408 3332 4479 τῆς
3355 4406 3499 4459 κατὰ
3514 4405 3595 4457 τὸν

333 4496 662 4550 suavitatem
694 4494 891 4562 aliert,
926 4511 1048 4550 cum
1083 4497 1153 4550 sit
1182 4512 1407 4566 prorsus
1442 4496 1766 4561 ineﬂ‘abilis,
1798 4496 1915 4565 spi-

335 4585 568 4641 ritaliter
602 4583 849 4655 relinquo
889 4587 1326 4656 cognoscendum
1369 4588 1435 4643 iis
1473 4588 1564 4658 qui
1607 4586 1915 4643 secundum

334 4685 574 4732 mentem
621 4684 811 4733 sancta
852 4687 909 4733 et
962 4677 1155 4732 deiﬁca
1202 4677 1369 4732 divini
1405 4677 1643 4749 Spiritus
1674 4694 1920 4735 commu-

336 4772 504 4827 nione
538 4771 685 4843 digni
717 4782 844 4828 sunt
873 4772 1069 4829 habiti.
1101 4772 1330 4828 Demum
1357 4775 1613 4847 omnibus
1641 4775 1881 4844 peractis
1900 4815 1917 4842 ,

335 4877 461 4918 eum
484 4865 575 4934 qui
608 4864 853 4919 initiatus
881 4871 963 4919 est
990 4864 1060 4919 ad
1086 4863 1489 4919 sanctissimam
1510 4863 1921 4920 Eucharistiam

337 4967 537 5023 vocat,
569 4968 623 5011 et
657 4957 1049 5028 mysteriorum
1080 4957 1402 5023 perﬁciendi
1442 4956 1555 5013 vim
1598 4956 1918 5014 habentium

341 5050 786 5106 communionem
815 5050 895 5107 illi
932 5049 1119 5106 tradit.

2026 4504 2153 4560 νοῦν
2184 4504 2279 4559 τοῦ
2307 4505 2452 4559 θείου
2477 4504 2619 4559 Πνεύ
2630 4521 2795 4577 ματος
2822 4504 2974 4574 ἱερᾶς
3010 4503 3103 4555 καὶ
3128 4498 3388 4572 θεουργοῦ
3416 4515 3595 4551 κοινω-

2028 4600 2167 4664 νίας.
2214 4600 2301 4653 Ἐν
2322 4597 2468 4652 τέλει
2508 4599 2568 4652 δέ
2604 4598 2822 4653 πάντων
2845 4596 2874 4649 ὁ
2902 4594 3163 4667 ἰεράρχης
3188 4595 3282 4647 ἐπὶ
3316 4592 3413 4664 τὴν
3451 4594 3594 4661 ἱερω-

2025 4695 2196 4765 τάτην
2244 4691 2610 4764 Εὑχαριστίαν
2665 4691 2823 4745 καλεῖ
2881 4689 2976 4743 τὸν
3029 4684 3411 4756 τετελεσμένον
3431 4723 3447 4747 ,
3510 4680 3592 4741 καὶ

2025 4783 2126 4854 τῆς
2182 4781 2293 4837 τῶν
2332 4780 2661 4837 τελεστικῶν
2722 4778 3040 4854 μυστηρίων
3081 4774 3233 4847 αὑτῷ
3282 4772 3589 4846 μεταδίδωσι

2025 4874 2328 4939 κοινωνίας.

1615 5207 1855 5265 VARUS
1895 5205 2301 5264 LECTIONES.

415 5372 463 5407 ⁸⁸
497 5370 641 5446 θεός,
668 5370 741 5446 M_.
774 5370 919 5446 Sc.__
940 5368 985 5401 "
1009 5367 1072 5446 _I_n
1098 5441 1108 5446 _
1132 5370 1317 5428 futuro
1364 5372 1704 5446 Eppeysi,_5.
1730 5369 1924 5446 P._§3h.
1958 5369 2020 5424 D.
2045 5370 2107 5424 Β.
2133 5370 2258 5446 Sar.
2298 5441 2328 5446 _
2353 5366 2550 5446 ’[μεθ
2574 5367 2766 5446 αὐτ-ἀς,
2931 5363 3063 5446 “3t?
3089 5361 3189 5446 τῆς
3223 5360 3410 5446 οὐρίᾳς
3425 5354 3580 5446 ,αὗῂς

343 5427 673 5518 ἀνυπαρξία,
794 5455 848 5498 et
1006 5427 1382 5518 “jvaévwv
1398 5427 1481 5511 δέ,
1503 5427 1726 5518 ωδε,
1789 5442 1835 5518 [³
1863 5451 2181 5518 prmppnunt
2205 5441 2353 5518 71,8.
2370 5427 2449 5518 If:
2480 5441 2541 5494 Ι).
2571 5427 3577 5518 Β.ξιξ..8³1⁸.,“ἀλλ2ίωσιν-[ιοιέοι

341 5493 974 5589 ἷιῖἱῄἓῆξ
1052 5493 1347 5573 "audin?
1360 5493 1481 5575 CII?
2255 5493 2571 5569 ἀναδύσεσι.
2623 5493 2695 5544 ‘5'“
2721 5508 2905 5579 λόγου,
2923 5493 3032 5564 Ch.
3061 5504 3189 5563 Sat.
3262 5503 3308 5536 ⁸⁷
3332 5496 3500 5573 εὗρεν,
3521 5493 3576 5550 Ρ.

1954 5740 2025 5769 τι
