3728 6318
372 334 473 397 tu

1551 324 1610 383 8.
1648 322 1949 383 DIONYSII
1984 313 2453 401 ΔΒΕΟΡΑΟΙΤᾸΞ

3542 301 3633 359 ιιι

374 460 592 518 quoque
613 442 667 500 in
691 440 873 499 divina
893 441 1315 514 regenerationc
1335 454 1439 497 usu
1464 440 1654 497 venit:
1686 438 1846 511 quoci

2179 435 2238 488 ἐν
2264 435 2332 505 τῇ
2362 431 2483 504 θείᾳ
2503 422 2863 499 ἀναγεννήσει
2894 419 3044 476 ἐστί’
3063 419 3084 493 )
3102 420 3191 476 διὰ
3222 418 3388 474 τοῦτο

373 541 610 611 primum
642 543 845 592 tractat
875 534 944 591 de
970 534 1159 591 divino
1202 533 1561 605 baptismate.
1612 532 1832 591 Dictum
1870 542 1959 592 est

377 634 585 701 itaque,
620 642 846 699 scopum
894 634 1097 684 nostra:
1156 625 1491 683 hierarchiae
1520 638 1643 681 esse
1687 625 1756 680 ad
1792 625 1962 682 Deum

374 723 852 788 assimilationem;
874 720 1020 777 hanc
1046 728 1232 776 autem
1257 734 1363 775 non
1393 718 1557 774 aliter
1574 717 1704 774 licet
1731 717 1961 788 adipisci

373 833 535 888 quam
569 830 668 886 per
692 813 791 870 Dei
822 812 1206 877 dilectionem,
1235 810 1317 865 uti
1345 808 1529 865 divina
1560 818 1615 866 et
1640 808 1962 881 evangelica

372 909 597 979 eloquia
641 907 888 963 tradunt.
920 905 1057 961 Cum
1099 903 1278 976 igitur
1318 903 1424 959 ista
1468 902 1696 959 dilectio
1746 910 1964 958 constet

369 996 759 1054 observatione
790 995 1105 1051 divinorum
1157 992 1578 1056 mandatorum,
1611 993 1812 1061 quatrit
1849 991 1959 1048 sibi

374 1094 569 1147 ducem
622 1099 732 1144 tam
781 1086 958 1143 sancti
992 1085 1208 1156 operis,
1253 1084 1462 1141 scilicet
1499 1084 1566 1138 ad
1603 1090 1848 1138 sanctam
1882 1081 1963 1136 di-

369 1183 624 1237 vinorum
675 1182 1058 1237 mandatorum
1091 1176 1531 1242 exsecutionem,
1558 1187 1725 1247 atque
1755 1176 1961 1246 reperit

369 1289 476 1329 non
510 1289 632 1331 esse
661 1273 862 1342 alium,
913 1283 1118 1344 praeter
1166 1270 1315 1327 illam
1360 1285 1427 1326 ex
1471 1285 1611 1338 aqua
1661 1277 1718 1324 et
1749 1267 1957 1340 Spiritu

368 1368 868 1439 regenerationem.
912 1366 1194 1437 Siquidem
1259 1365 1475 1424 divinus
1507 1365 1597 1420 ille
1626 1364 1954 1435 liaptlsmus,

372 1462 442 1514 ad
501 1460 601 1516 Dei
642 1457 1084 1515 familiaritatem
1134 1457 1529 1527 caelestemque
1578 1456 1961 1511 bmreditatem

368 1552 704 1622 principium
744 1560 831 1608 est
875 1560 930 1607 et
982 1550 1341 1607 introductio.
1387 1549 1513 1605 Nisi
1538 1551 1712 1614 enim,
1758 1548 1953 1619 inquit,

364 1646 485 1715 quis
534 1654 752 1699 renatus
778 1644 941 1715 fuerit
974 1660 1041 1698 ea:
1069 1661 1207 1715 aqua
1254 1653 1303 1698 et
1347 1642 1572 1711 Spiritu,
1615 1658 1722 1697 non
1761 1641 1954 1698 videbit

2062 523 2416 595 διαλαμϐάνει
2467 519 2596 592 περὶ
2641 514 2737 572 τοῦ
2782 516 2929 570 θείου
2976 513 3375 587 βαπτίσματος.
3420 512 3631 582 Είρηται

2061 614 2242 669 τοίνυν
2272 614 2354 667 ὅτι
2383 611 2586 672 σκοπὸς
2627 610 2729 683 τῆς
2796 606 2923 663 καθ’
2957 607 3108 679 ἡμᾶς
3158 604 3451 677 ίεραρχξας
3499 603 3633 656 ἐστὶν

2062 708 2098 780 ἡ
2124 706 2261 779 πρὸς
2287 706 2420 761 Θεὸν
2446 694 2810 777 ἀφομοίωσις·
2837 699 3042 772 ταύτης
3069 699 3126 752 δὲ
3173 699 3274 753 οὐκ
3300 698 3481 762 ἄλλως
3502 696 3633 752 ἐστιν

2060 800 2339 872 ἐπιτυχεῖν
2374 798 2423 852 εί
2454 797 2529 870 μὴ
2553 796 2642 851 διά
2669 795 2771 867 τῆς
2799 792 2940 867 πρὸς
2986 791 3119 846 Θεὸν
3144 791 3484 862 ἀγαπήσεως
3504 830 3519 849 ,
3549 807 3633 842 κα-

2062 889 2173 956 θὼς
2202 890 2296 945 καὶ
2331 888 2404 943 τὰ
2450 888 2569 943 θεῖα
2613 885 2710 941 καὶ
2755 880 3089 953 εὐαγγελικά
3129 880 3443 954 παριστῶσι
3472 878 3631 947 λόγια.

2073 982 2226 1038 Ἐπεὶ
2261 981 2443 1035 τοίνυν
2471 980 2505 1051 ἡ
2533 978 2757 1049 τοιαύτη
2794 976 3074 1048 ἀγάπησις
3102 975 3168 1027 ἐκ
3194 971 3290 1027 τοῦ
3330 974 3525 1044 τηρεῖν
3550 972 3632 1034 τὰς

2060 1072 2212 1139 θείας
2234 1071 2454 1136 ἐντολὰς
2484 1071 2824 1134 συνίσταται,
2854 1067 3010 1139 ζητεῖ
3038 1065 3137 1139 τὴν
3162 1064 3412 1138 ἀρχηγὸν
3438 1064 3633 1135 ἱερουρ-

2058 1167 2212 1238 γίαν,
2258 1164 2500 1238 δηλονότι
2536 1161 2691 1235 ίεράν
2728 1161 2995 1234 ἐργασίαν
3040 1160 3149 1215 τῶν
3188 1158 3351 1212 θείων
3394 1155 3631 1217 ἐντολῶν,

2058 1258 2156 1312 καὶ
2184 1257 2431 1330 εὑρίσκει
2457 1254 2714 1327 οὐδεμίαν
2736 1253 2902 1325 ἀλλην
2927 1254 2977 1307 εί
3011 1251 3085 1325 μὴ
3114 1250 3212 1323 τὴν
3234 1251 3303 1303 δι’
3336 1248 3634 1312 ὖδατος,καὶ

2055 1349 2369 1421 πνεύματος
2407 1346 2785 1418 ἀναγὲννησιν.
2828 1343 2996 1418 Ἀρχὴ
3035 1342 3145 1416 γάρ
3194 1343 3290 1397 καὶ
3335 1341 3632 1411 ὁδοποίησις

2056 1444 2156 1515 τῆς
2185 1442 2321 1514 πρὸς
2342 1439 2494 1515 ,Θεὸν
2542 1437 2872 1503 οἰκειώσεως
2905 1435 3123 1508 καὶτῆς
3150 1433 3489 1507 ἐπουρανίου
3515 1432 3630 1502 κλη-

2058 1513 2315 1610 ρονομίας
2337 1513 2400 1589 τὸ
2422 1535 2563 1588 θεῖον
2594 1532 2832 1605 ὑπάρχει
2865 1529 3171 1602 βάπτισμα.
3205 1527 3317 1580 Καὶ
3336 1524 3474 1596 γὰρ,
3512 1526 3633 1577 Ἐὰν

2049 1628 2135 1700 μή
2161 1646 2280 1695 τις,
2308 1628 2461 1698 φησὶ,
2490 1624 2755 1696 γεννηθῇ
2785 1623 2861 1679 δι’
2888 1622 3108 1689 ὓδατος
3138 1619 3238 1675 καὶ
3265 1618 3629 1687 πνεύματος,

365 1754 586 1808 regnum
634 1736 732 1790 Dei
760 1738 800 1791 ι.
857 1735 1013 1791 Unde
1043 1736 1206 1791 homo
1250 1734 1539 1790 exterior“
1571 1733 1837 1790 formatur

2159 1720 2237 1793 μὴ
2269 1721 2384 1776 ἴδοι
2411 1721 2527 1790 τὴν
2551 1719 2884 1786 βασιλείαν
2908 1716 3015 1771 τοῦ
3039 1711 3379 1770 Θεοῦ.”Οθεν
3413 1708 3631 1783 μορφοῦ-

366 1786 646 1887 m;liorem
679 1845 745 1886 ac
770 1808 1068 1885 salutarem
1121 1827 1531 1893 habitudinem,
1565 1836 1621 1885 et
1656 1828 1724 1882 ad
1757 1840 1838 1881 vel

2155 1786 2199 1869 ’ὁ
2220 1786 2326 1879 ἐξω
2350 1813 2448 1869 ἄνθ
2456 1786 2637 1885 ρωπος
2654 1810 2792 1884 πρὸς
2805 1809 3091 1883 κρείττονα
3106 1805 3221 1871 ἐξιν
3238 1805 3333 1859 καὶ⁵
3349 1806 3627 1876 σωτήριον,

366 1937 488 1977 rum
516 1936 859 1993 operumque
888 1920 983 1976 Dei
1010 1921 1434 1977 institutionem.
1457 1920 1744 1989 Quomodo
1766 1929 1951 1975 autem

362 2012 588 2068 divinus
635 2014 946 2083 baptismus
995 2013 1275 2069 naturales
1321 2023 1543 2069 nostros
1587 2012 1808 2069 habitus
1851 2027 1952 2069 seu

362 2102 601 2160 affectus
631 2103 929 2165 eliormat?
967 2103 1170 2176 Utique
1198 2105 1307 2159 vim
1338 2105 1628 2175 quamdam
1666 2104 1952 2159 formatri-

363 2210 484 2250 cem
529 2195 720 2252 inserit
752 2197 1010 2267 figmento
1038 2208 1242 2265 nostro,
1272 2197 1483 2253 scilicet
1510 2196 1822 2267 appetendi,
1853 2196 1951 2253 sed

363 2287 614 2342 caelestia
637 2288 814 2354 bona;
844 2289 1127 2356 movendi,
1153 2292 1250 2345 sed
1278 2289 1346 2343 ad
1363 2304 1527 2345 omne
1553 2305 1697 2358 opus
1723 2291 1949 2356 bonum;

364 2378 737 2434 ratiocinandi
790 2394 887 2437 seu
936 2380 1252 2451 cogitandi,
1299 2382 1394 2437 sed
1444 2396 1567 2453 quae
1598 2381 1790 2438 oculus
1840 2398 1950 2438 non

363 2469 523 2536 vidit,
557 2486 736 2541 neque
767 2472 922 2529 auris
949 2473 1194 2540 audivit;
1225 2474 1677 2545 concupiscendi,
1707 2475 1805 2531 sed
1833 2492 1952 2533 me-

361 2557 542 2626 liora;
593 2564 913 2634 irascendi,
961 2565 1058 2622 scd
1115 2565 1342 2622 inimico
1394 2566 1589 2624 salutis
1636 2578 1859 2634 nostrae,
1894 2577 1950 2623 et

360 2662 581 2711 caetera.
627 2653 898 2713 Praeclare
944 2657 1090 2713 enim
1124 2658 1265 2714 dixit
1314 2659 1550 2731 inclytus
1595 2660 1947 2726 llierotheus,

359 2747 596 2816 primum
638 2756 693 2803 et
723 2749 988 2804 eximium
1022 2750 1232 2822 mentis
1283 2761 1490 2806 motum
1529 2768 1652 2808 esse
1688 2754 1779 2809 Dei
1811 2754 1950 2811 dile-

358 2838 621 2894 ctionem.
679 2838 855 2908 llujus
902 2850 1092 2896 autem
1126 2841 1438 2898 dilectionis
1478 2845 1635 2914 quasi
1672 2847 1947 2915 quoddam

356 2929 685 3001 principium
715 2940 800 2986 est
823 2930 1011 2988 divina
1063 2933 1240 2987 nostri
1278 2932 1573 2989 fabricatio
1592 2975 1610 3001 ,
1639 2952 1762 3006 quae
1788 2938 1951 2991 nimi-

360 3035 480 3075 rum
515 3020 575 3074 lit
617 3037 716 3090 per
743 3022 1077 3092 baptismum
1106 3064 1122 3089 ,
1169 3025 1469 3079 secundum
1506 3042 1670 3095 quam
1703 3027 1946 3082 divinum

359 3115 564 3168 statum
594 3113 920 3171 inchoamus
947 3133 962 3171 :
993 3117 1268 3185 siquidem
1297 3131 1359 3171 ea
1386 3133 1508 3185 quze
1533 3133 1597 3173 ex
1625 3119 1835 3175 semine
1863 3130 1949 3176 est
1974 3141 2017 3199 ο

359 3206 535 3264 nostri
560 3204 892 3273 fabricatio,
926 3209 1029 3263 etsi
1077 3208 1151 3263 sit
1175 3225 1241 3263 ex
1274 3211 1560 3267 conditore
1587 3211 1716 3278 Deo,
1759 3223 1942 3269 tamen

360 3297 632 3353 naturalis
661 3308 768 3364 est,
812 3314 875 3354 ea
905 3315 1037 3354 vero
1067 3316 1189 3368 quae
1231 3316 1300 3356 ex
1352 3301 1681 3370 baptismate
1706 3306 1944 3375 exsistit,

363 3388 569 3444 divina.
606 3386 799 3459 Neque
827 3391 974 3445 enim
1006 3407 1071 3445 ea:
1091 3390 1461 3461 sanguinibus,
1490 3409 1655 3463 neque
1675 3410 1739 3448 ex
1763 3399 1951 3450 volun-

363 3488 474 3531 tate
495 3480 613 3545 viri,
667 3496 760 3535 nec
782 3496 848 3535 ea:
874 3480 1146 3537 voluntate
1187 3484 1365 3537 carnis
1379 3492 1427 3537 '.
1477 3483 1946 3550 Quemadmodum

363 3567 530 3639 igitur
561 3572 616 3626 in
664 3572 902 3627 naturali
947 3573 1239 3630 nativitate
1271 3584 1491 3645 oportet
1530 3583 1764 3645 primum
1797 3580 1950 3634 exsi~

363 3669 513 3718 stere
547 3663 601 3717 in
633 3665 798 3736 179
830 3680 1015 3720 rerum
1042 3675 1264 3733 natura,
1292 3683 1355 3724 ac
1379 3668 1577 3725 deinde
1600 3669 1869 3737 vicissim,
1895 3680 1951 3729 et

361 3768 529 3824 agere
554 3764 610 3809 et
640 3756 777 3825 pati,
813 3755 1066 3812 homines
1092 3756 1314 3827 quidem
1348 3773 1469 3828 quia
1517 3759 1621 3815 sibi
1656 3770 1787 3816 sunt
1818 3778 1947 3831 pro.

361 3842 506 3914 pria,
539 3845 696 3900 bruta
734 3860 867 3903 vero
911 3862 1033 3917 quae
1071 3858 1204 3903 sunt
1227 3849 1595 3906 conducibilia
1620 3866 1636 3902 :
1664 3850 1745 3907 sic
1780 3853 1949 3907 etiam

362 3935 421 3993 in
447 3937 632 3994 divina
685 3940 947 4012 baptismi
995 3945 1419 4013 regeneratione
1450 3953 1671 4012 oportet
1704 3945 1949 4015 primum

362 4024 479 4082 Deo
505 4030 743 4086 existere
782 4071 800 4099 ,
845 4047 911 4088 ac
943 4032 1147 4090 deinde
1191 4034 1540 4090 dilectionem
1566 4033 1683 4103 ejus
1709 4036 1949 4105 operari,

364 4116 445 4171 uti
482 4130 681 4176 czetera
710 4139 834 4192 quae
868 4124 937 4179 ad
975 4135 1125 4182 recte
1166 4128 1459 4182 vivendum
1509 4138 1780 4197 spectant.
1825 4128 1954 4198 Ejus

363 4208 513 4263 enim
543 4212 691 4280 quod
723 4227 1075 4284 nequaquam
1114 4227 1218 4279 est,
1249 4231 1428 4285 neque
1460 4226 1644 4271 motus
1673 4226 1779 4281 est;
1806 4216 1951 4285 quod

368 4309 555 4355 autem
581 4317 807 4373 quoquo
834 4317 997 4375 pacto
1024 4316 1131 4373 est,
1150 4310 1269 4363 sive
1297 4309 1443 4377 quod
1470 4310 1646 4364 solum
1678 4308 1954 4375 subsistit,

2055 1903 2151 1959 καὶ
2176 1901 2285 1956 τῶν
2310 1900 2452 1955 κατά
2478 1900 2611 1955 Θεὸν
2640 1899 2813 1969 λόγων
2836 1916 2896 1953 τε
2916 1897 3012 1952 καὶ
3033 1894 3375 1970 πραγμάτων
3405 1893 3511 1965 τὴν
3536 1894 3635 1945 ἐπι-

2052 1996 2323 2070 τήδευσιν.
2354 1994 2481 2059 Πῶς
2506 1994 2564 2049 δὲ
2598 1993 2797 2065 μορφοῖ
2823 1990 2925 2056 τὰς
2954 1988 3192 2061 φυσικὰς
3220 1991 3251 2059 ἡ
3261 1986 3378 2060 μῶν
3418 1986 3563 2053 ἕξεις
3582 1984 3634 2038 τὸ

2055 2088 2198 2143 θεῖον
2227 2087 2546 2160 βάπτισμα;
2583 2088 2655 2141 Ἦ
2698 2085 2917 2149 πάντως
2944 2082 3175 2156 δύναμιν
3202 2082 3382 2155 ἐνίησι
3427 2098 3635 2154 μορφω-

2054 2181 2215 2253 τικὴν
2253 2180 2646 2244 ἀναπλάσεως,
2678 2176 2775 2232 τοῦ
2806 2175 3096 2250 ὀρέγεσθαι
3115 2215 3132 2239 ,
3171 2174 3309 2229 ἀλλὰ
3334 2173 3450 2227 τῶν
3482 2174 3635 2244 οὐρα-

2054 2275 2184 2330 νίων
2233 2274 2488 2342 ἀγαθῶν’
2537 2270 2635 2327 τοῦ
2683 2271 2983 2335 κινεῖσθαι,
3028 2269 3146 2324 ἀλλ’
3191 2270 3273 2333 είς
3321 2269 3437 2322 πᾶν
3490 2266 3639 2340 ἔργον

2053 2366 2257 2437 ἀγαθόν
2273 2364 2396 2420 ⁸τοῦ
2420 2363 2753 2436 λογίζεσθαι,
2774 2362 2910 2417 ἀλλά
2930 2363 3002 2417 τὰ
3026 2362 3063 2418 ἃ.
3081 2361 3362 2434 ὀφθαλμὸς
3386 2362 3498 2415 οὐκ
3519 2357 3637 2425 sitis,

2052 2460 2149 2513 καὶ
2175 2454 2271 2523 οὖς
2300 2458 2402 2513 οὐκ
2429 2456 2630 2529 ἤκουσε
2647 2472 2662 2487 ⁸
2693 2452 2788 2509 τοῦ
2819 2453 3133 2526 ἐπιθυμεῖν,
3157 2452 3295 2519 ἀλλά
3320 2452 3438 2507 τῶν
3468 2469 3641 2525 κρειτο

2051 2552 2249 2607 τόνων*
2279 2550 2377 2605 τοῦ
2421 2547 2761 2623 θυμοῦσθαι,
2810 2546 2950 2603 ἀλλὰ
2993 2546 3139 2602 κατά
3178 2545 3273 2601 τοῦ
3315 2545 3521 2617 ἐχθροῦ
3548 2544 3640 2613 τῆς

2054 2643 2331 2715 σωτηρίας
2355 2640 2512 2715 ἡμῶν
2535 2681 2550 2708 ,
2573 2640 2671 2697 καὶ
2697 2637 2895 2713 ἐφεξῆς
2918 2639 2988 2693 τά
3023 2636 3179 2694 ἀλλα.
3209 2636 3409 2702 Καλῶς
3434 2637 3545 2709 γὰρ
3570 2630 3641 2689 εί-

2052 2753 2153 2789 πεν
2179 2736 2208 2790 ὁ
2236 2734 2448 2798 κλεινὸς
2477 2731 2757 2807 ’ῐερόθεος,
2784 2732 2872 2785 ὅτι
2900 2731 2935 2802 ἡ
2965 2728 3342 2803 προτιμοτάτη
3374 2730 3478 2782 καὶ
3504 2727 3641 2792 ἐξαί-

2054 2845 2207 2900 ρετος
2247 2828 2465 2900 κίνησις
2502 2827 2602 2905 τοῦ
2632 2825 2724 2881 νοῦ
2773 2827 2808 2898 ἠ
2855 2825 2995 2899 πρὸς
3048 2823 3182 2878 Θεὸν
3229 2822 3426 2894 ἀγάπη
3475 2821 3637 2876 ἐστίν.

2051 2923 2269 2995 Ταύτης
2308 2921 2364 2977 δέ
2398 2922 2498 2993 τῆς
2538 2921 2762 2993 ἀγάπης
2801 2920 2944 2993 ἀρχή
2987 2934 3073 2983 τις
3122 2910 3234 2971 οἷόν
3261 2916 3412 2969 ἐστιν
3449 2916 3486 2987 ἡ
3528 2915 3641 2969 θεία

2050 3015 2381 3089 δημιουργία
2413 3014 2590 3087 ἡμῶν,
2628 3014 2662 3085 ἠ
2698 3011 2789 3067 διὰ
2825 3010 2921 3065 τοῦ
2954 3007 3349 3082 βαπτίσματος
3375 3005 3641 3078 δηλονότι,

2051 3109 2175 3165 καθ’
2216 3109 2284 3181 ἢν
2319 3109 2480 3172 θείως
2519 3105 2661 3163 εἷναι
2701 3104 2982 3180 ἀρχόμεθα
3002 3121 3018 3136 ’
3049 3105 3084 3176 ἡ
3117 3104 3217 3176 μὲν
3243 3101 3354 3174 γὰρ
3381 3102 3454 3156 ἐκ
3481 3103 3646 3174 σπέρ-

2055 3222 2225 3276 ματος
2263 3202 2418 3275 ἡμῶν
2446 3202 2816 3276 δημιουργία,
2850 3201 2900 3256 εί
2945 3199 3040 3255 καὶ
3088 3198 3154 3251 ἐκ
3194 3196 3330 3250 Θεοῦ
3374 3197 3643 3270 δημιουρ-

2049 3296 2274 3366 γοῦντός
2304 3298 2487 3361 ἐστιν,
2528 3295 2643 3350 ἀλλ’
2674 3292 2771 3350 οὖν
2814 3294 3019 3368 φυσική
3068 3294 3249 3349 ἐστιν’
3281 3292 3316 3364 ἡ
3342 3291 3401 3345 δέ
3442 3292 3512 3345 ἐκ
3550 3290 3643 3345 τοῦ

2052 3388 2429 3459 βαπτίσματος
2473 3386 2615 3443 θεία.
2665 3388 2747 3441 Οὐ
2789 3386 2901 3456 γὰρ
2935 3385 3005 3451 ἐξ
3049 3382 3345 3454 αἱμάτων,
3387 3382 3539 3438 οὐδὲ
3580 3384 3646 3437 ἐι

2052 3478 2386 3549 θελήματος
2423 3477 2645 3547 ἀνδρὸς
2665 3517 2681 3542 ,
2731 3477 2874 3532 οὐδὲ
2897 3477 2968 3531 ἐκ
3012 3474 3347 3545 θελήματος
3387 3476 3644 3543 σαρκός.

2054 3573 2268 3645 Ὥσπερ
2321 3572 2502 3626 τοίνυν
2544 3572 2603 3624 ἐν
2643 3572 2711 3641 τῇ
2751 3571 2956 3640 φυσικῇ
3009 3568 3259 3640 γεννήσει
3302 3565 3382 3619 δεῖ
3429 3567 3647 3638 πρῶτον

2053 3666 2294 3738 ὑπάρξαι
2322 3666 2403 3731 είς
2432 3664 2492 3719 τὸ
2521 3660 2659 3719 εἶναι
2677 3704 2695 3730 ,
2725 3664 2821 3717 καὶ
2858 3662 2983 3718 τότε
3018 3664 3311 3736 ἐνεργῆσαι
3350 3660 3421 3716 τὰ
3450 3662 3649 3719 κατάλ-

2051 3750 2188 3832 ληλα
2211 3800 2226 3825 ,
2272 3760 2367 3814 καὶ
2404 3757 2598 3813 παθεῖν
2617 3798 2632 3822 ,
2662 3752 2773 3813 οἷον
2814 3756 3139 3829 ἀνθρώπους
3182 3757 3279 3828 μέν
3336 3756 3409 3810 τὰ
3447 3758 3645 3820 οἰκεῖα,

2051 3851 2222 3920 ἄλογα
2241 3851 2298 3905 δέ
2327 3850 2489 3905 πάλιν
2518 3850 2587 3905 τά
2610 3849 2926 3923 πρόσφοραο
2960 3848 3104 3904 οὕτω
3154 3849 3251 3903 καὶ
3294 3849 3354 3903 ἐν
3401 3852 3474 3922 τῇ
3526 3849 3646 3919 θείᾳ

2052 3942 2148 3997 τοῦ
2180 3942 2556 4015 βαπτίσματος
2585 3943 2945 4015 ἀναγεννήσει
2978 3941 3062 3996 δεῖ
3090 3941 3304 4014 πρῶτον
3326 3941 3451 4014 Θεῷ
3481 3942 3649 4013 ὑπάρ-

2054 4036 2174 4102 ξαι,
2216 4037 2310 4090 καὶ
2342 4035 2463 4089 τότε
2493 4036 2789 4107 ἐνεργῆσαι
2818 4035 2918 4108 τὴν
2958 4034 3182 4106 ἀγάπην
3208 4033 3376 4088 αὐτοῦ
3399 4073 3417 4097 ,
3452 4036 3550 4089 καὶ
3586 4034 3647 4086 τὰ

2051 4128 2216 4182 λοιπά
2260 4128 2397 4201 πρὸς
2435 4126 2697 4192 εὐςωῖαν·
2731 4125 2827 4181 τοῦ
2870 4125 2980 4200 γὰρ
3028 4125 3280 4198 μηδαμοῦ
3314 4126 3477 4191 ὄντος
3528 4126 3646 4179 οὐδὲ

2054 4222 2267 4293 κίνησίς
2293 4224 2438 4276 ἐστι’
2471 4222 2533 4276 τὸ
2561 4221 2620 4276 δέ
2649 4239 2767 4286 πως
2792 4221 2872 4285 ὃν,
2890 4221 3057 4293 ἤγουν
3078 4220 3138 4274 τὸ
3166 4219 3341 4292 μόνως
3371 4219 3642 4277 ὑποστὰν,

2052 4314 2335 4385 ἐνεργήσει
2375 4313 2593 4377 πάντως
2621 4311 2689 4366 τὰ
2721 4312 3008 4385 πρόσφορα
3043 4312 3123 4375 εἰς
3152 4309 3213 4363 τὸ
3252 4309 3514 4379 γενέσθαι
3552 4309 3647 4362 καὶ

366 4395 685 4465 Operabitur
713 4396 945 4452 omnino
979 4415 1101 4468 quae
1144 4401 1247 4455 sibi
1298 4413 1431 4455 sunt
1482 4402 1834 4457 accommoda

2175 4407 2279 4460 i088
2318 4405 2377 4460 ὃν
2407 4405 2441 4477 ἢ
2471 4406 2700 4472 τοιόνδε,
2741 4400 2851 4458 οἷον
2879 4402 3068 4467 ἁπλῶς
3107 4404 3187 4467 εἰς
3218 4401 3455 4474 ὓπαρξιν
3480 4402 3647 4454 ἐλθὼν

368 4488 558 4544 taliter
584 4498 679 4544 aut
710 4490 821 4546 tale
851 4492 984 4562 quid
1019 4495 1275 4561 exsistat,
1299 4509 1351 4552 ν.
1384 4510 1439 4566 g.
1474 4495 1656 4559 homo,
1684 4495 1779 4567 qui
1825 4510 1840 4551 ε

2175 4516 2359 4563 κυπος.
2392 4497 2519 4563 Πῶς
2552 4493 2644 4552 οὖν
2681 4495 2759 4550 ἐτι
2783 4536 2797 4561 ,
2833 4495 2906 4568 μὴ
2954 4495 3255 4567 ἐνεργήσας
3286 4512 3373 4557 τι,
3420 4494 3647 4547 δύναται

365 4582 588 4655 pliciter
624 4583 679 4638 in
713 4598 897 4639 rerum
931 4595 1191 4641 naturam
1261 4588 1485 4658 prodiit.
1535 4587 1824 4655 Quomodo

2176 4594 2226 4645 ἰν
2255 4591 2336 4655 είς
2360 4589 2423 4643 τὸ
2456 4589 2663 4643 τοιόσδε
2694 4584 2854 4650 εἶναι,
2887 4588 3054 4659 ἤγουν
3085 4586 3313 4649 δίκαιος,
3342 4586 3648 4658 ἐνεργήσας

368 4683 461 4730 tur
488 4675 580 4745 qui
614 4675 850 4731 necdum
882 4685 1147 4747 operatur
1173 4678 1497 4749 quidquam,
1529 4689 1709 4750 potest
1741 4696 1840 4748 θοι

2179 4681 2525 4754 δικαιοσύνην
2543 4698 2557 4712 σ
2593 4680 2627 4751 ἢ
2656 4678 2883 4743 τοιόσδε,
2912 4677 3039 4733 ἄλλο
3065 4695 3119 4731 τι
3146 4677 3485 4749 ἐνεργήσας
3503 4676 3651 4729 Ἐπεὶ

368 4767 559 4822 venire
588 4778 646 4821 ut
679 4767 802 4824 talis
837 4770 945 4833 sit,
1002 4770 1155 4825 verbi
1188 4771 1396 4840 gratia,
1438 4770 1648 4841 justus,
1681 4770 1840 4829 lfacie

2177 4774 2417 4846 ιέλλομεν
2467 4771 2789 4826 ἐποπτεύειν
2822 4770 2892 4824 τά
2942 4770 3037 4824 τοῦ
3079 4770 3226 4824 θείου
3268 4770 3649 4841 βαπτίσματος

365 4856 668 4929 justitiam;
697 4861 781 4917 vel
817 4863 961 4931 talis,
992 4863 1138 4918 aliud
1169 4863 1302 4932 quid
1326 4867 1643 4934 operando’
1675 4865 1837 4921 Coetei

2174 4866 2334 4929 δολα,
2380 4865 2566 4937 μηδεὶς
2611 4863 2897 4928 ἀτέλεστος
2945 4862 3071 4916 ἱέτω
3108 4862 3201 4915 ἐπὶ
3235 4863 3335 4932 τὴν
3368 4860 3502 4915 θέαν
3543 4860 3646 4912 τῶν

371 4962 498 5006 cum
523 4951 695 5007 divini
724 4952 1067 5023 baptismatis
1096 4953 1339 5026 symbola
1369 4953 1722 5024 conspecturi
1750 4954 1843 5009 sim

2174 4959 2393 5030 ιμένων·
2420 4956 2515 5011 καὶ
2558 4954 2669 5029 γὰρ
2713 4955 2836 5009 οὐδέ
2883 4957 2998 5018 τοῖς
3039 4953 3291 5008 ἀσθενέσι
3334 4951 3484 5006 κατά
3524 4950 3646 5009 τοὺς

370 5056 535 5100 nemo
586 5042 846 5113 profanus
881 5043 950 5098 ad
1004 5058 1187 5099 rerum
1253 5044 1523 5100 dictarqu
1574 5043 1842 5114 spectacul

2173 5051 2370 5119 ιλμοὺς
2398 5048 2682 5104 ἀκίνδυνον
2711 5049 2773 5102 τὸ
2799 5047 3143 5102 ἀντιϐλέπειν
3171 5045 3309 5117 πρὸς
3336 5045 3441 5108 τὰς
3473 5040 3645 5110 αὐγὰς

371 5134 629 5202 accedat;
678 5148 852 5204 neque
896 5132 1040 5190 enim
1097 5135 1300 5191 debiles
1354 5136 1541 5191 oculos
1600 5135 1843 5210 habentil

2170 5165 2176 5195 ι
2204 5142 2356 5215 ἣλιος
2383 5143 2585 5214 τεύχει,
2618 5140 2797 5214 (τοῦτο
2823 5140 2933 5213 γάρ
2959 5140 3077 5193 ἐστι
3102 5139 3162 5192 τὸ
3196 5132 3642 5208 ἡλιοτεύκτοιςν)

374 5235 557 5284 tutum
586 5236 670 5283 est
705 5227 922 5284 obtueri
972 5226 1141 5283 radiis
1190 5242 1329 5298 quos
1375 5227 1457 5283 sol
1506 5228 1811 5299 ejaculatur

2175 5252 2261 5304 ›γε
2288 5236 2383 5288 καὶ
2408 5236 2466 5287 ἐν
2492 5236 2604 5297 τοῖς
2623 5232 2717 5287 τοῦ
2748 5233 2915 5305 νόμου
2954 5230 3226 5294 σκιώδεσι,
3256 5229 3512 5299 (κάκεῖνα
3542 5223 3647 5294 γὰρ

376 5321 526 5378 enim
555 5331 660 5389 est,
685 5335 715 5374 a
745 5321 858 5377 sole
899 5320 1213 5392 fabricatis)
1241 5337 1366 5377 cum
1395 5322 1561 5377 etiam
1595 5321 1649 5376 in
1676 5319 1814 5391 legis
1838 5336 1848 5373 l

2175 5325 2344 5397 priav
2396 5324 2625 5396 καλεῖ,)
2673 5326 2767 5379 καὶ
2810 5322 2994 5389 Ὀζίας
3036 5319 3320 5394 ἐλεπρὼθη
3344 5359 3360 5386 ,
3415 5317 3647 5374 ἐνώπιον

379 5414 497 5470 bris
529 5414 690 5485 (quas
720 5414 887 5469 etiam
918 5413 1287 5470 hierarchiam
1313 5415 1576 5486 appeliat)
1614 5414 1779 5472 Ozias
1807 5412 1851 5468 le

2177 5394 2530 5488 ύθυμιάσας·
2563 5394 2657 5470 καὶ
2686 5417 2833 5489 Κορέ
2868 5414 3168 5487 κατεπόθη,
3197 5412 3307 5467 τῶν
3338 5412 3414 5485 μὴ
3446 5425 3649 5483 προση-

382 5515 670 5578 correptus
695 5506 767 5562 sit
789 5522 977 5564 coram
1009 5508 1125 5564 Deo
1148 5507 1371 5565 adolens
1398 5508 1711 5576 incensum;
1737 5516 1794 5563 et
1818 5506 1854 5564 C

2172 5527 2266 5566 tow
2337 5510 2538 5585 ίερῶνξ
2571 5508 3055 5584 ἀντιποιούμενος⁶
3110 5509 3206 5562 καὶ
3285 5503 3478 5561 Ναδάδ
3553 5495 3644 5554 καὶ

466 5757 487 5791 ⁸
514 5753 667 5811 Joan.
699 5757 862 5823 111,5.
934 5757 981 5797 ἰι
1007 5754 1186 5812 illas.
1221 5753 1500 5828 interion]
1577 5764 1604 5799 ν
1629 5754 1785 5814 Joan.
1816 5751 1957 5824 1,13.
