3728 6312
81 369 192 425 813

653 365 742 421 DE
770 365 1055 424 ECCLES.
1080 362 1492 429 HIERARCH.,
1532 359 1687 418 CAP.
1718 358 1787 417 ll.
1826 390 1896 401 —
1931 356 2279 417 PABAPHR.
2306 352 2776 422 Palmm

3234 351 3347 416 ιιι

92 478 340 545 Ἀϐιοὺδ,
374 477 512 549 ξένῳ
543 478 678 550 πυρὶ
706 478 1095 552 θυμιάσαντες,
1128 478 1263 551 ξένῳ
1290 477 1383 531 καὶ
1405 470 1636 530 κατεκαιί

1822 484 1926 525 arra
1968 472 2257 542 absorptus
2280 480 2368 527 est
2393 470 2569 527 sacris
2608 469 2711 540 ipsi
2758 483 2869 525 non
2893 468 3349 530 convenientibus

82 570 285 645 θησαν.

642 751 708 805 II.
749 750 1118 820 Μυστὴριον.

147 838 175 910 §
201 840 246 892 ῐ.
300 838 360 895 '0
387 840 488 912 μὲν
516 840 783 914 ίεράρχης
825 841 1089 913 ἀφομοιού
1099 858 1259 913 μενος
1283 840 1362 913 τῷ
1389 840 1508 913 Θεῷ
1526 880 1542 906 ,
1572 841 1667 896 καὶ

1772 578 1835 620 se
1867 564 2153 635 ingerens;
2205 572 2262 619 et
2304 562 2492 623 Nadab
2533 570 2590 618 et
2624 562 2844 630 Abind,
2883 562 3173 633 peregrino
3223 562 3349 631 igne

1772 656 2054 714 incensum
2091 656 2395 720 adolentes,
2417 657 2609 712 eodem
2641 671 2862 727 quoque
2895 656 3166 714 combusti
3194 667 3344 716 sunt.

2325 746 2391 803 ll.
2428 748 2763 819 Hystericam

1850 840 1879 914 θ
1915 840 1960 897 1.
1998 839 2305 899 Hierarcba
2349 844 2463 899 Deo
2509 843 2705 899 similis
2740 844 2965 902 effectus
2989 843 3182 900 volens
3209 858 3347 915 quo-

79 927 252 983 θέλων
285 931 379 984 καὶ
402 924 558 997 οὗτος
588 932 826 1004 σωθῆναι
854 933 1082 997 πάντας,
1112 933 1207 986 καὶ
1253 933 1333 997 είς
1372 932 1636 1002 ἐπίγνωσι

1822 948 1874 989 te
1906 933 2108 989 salvari
2139 950 2351 1001 omnes,
2378 946 2436 991 et
2458 935 2526 992 ad
2556 936 2892 1005 agnitionem
2922 939 3109 993 venire
3140 938 3345 992 verita-

77 1019 342 1089 ἁληθείας
381 1022 553 1077 ἐλθεῖν
574 1064 590 1089 ,
625 1024 901 1096 ἀσιγήτως
926 1025 1189 1097 κηρύττει
1218 1024 1288 1078 τὰ
1323 1024 1660 1094 Εὐαγγέλια,

1765 1022 1858 1089 tis,
1900 1023 2055 1080 clara
2098 1039 2237 1081 voce
2286 1026 2552 1096 praedicat
2580 1026 2873 1097 Evangelia
2905 1044 2921 1081 :
2955 1029 3226 1097 quomodo
3256 1030 3342 1082 ni-

77 1113 155 1165 δτι
178 1114 207 1165 ὁ
235 1112 370 1177 Θεὸς
394 1154 409 1177 ,
444 1114 503 1182 ἐξ
543 1116 753 1180 οἰκείας
779 1118 1097 1189 κινούμενος
1126 1115 1478 1188 ἀγαθὰτητος,
1505 1118 1636 1171 ἵλεω

1826 1115 1966 1171 irum
2020 1116 2285 1182 Deus,ex
2336 1118 2556 1188 propria
2608 1128 2786 1173 motus
2837 1120 3124 1185 bonitate,
3180 1121 3339 1176 nobis

78 1206 204 1276 ἡμῖν
239 1207 329 1261 ἀεὶ
365 1206 460 1272 ὣν,
503 1208 663 1280 μέχρι
692 1209 787 1262 καὶ
814 1210 894 1273 είς
931 1211 1078 1280 ἡμᾶς
1104 1208 1279 1262 ἐλθεῖν
1318 1210 1411 1263 καὶ
1444 1227 1636 1282 σαρκωι

1822 1217 1981 1277 mper
2023 1209 2291 1279 propitius
2319 1210 2591 1266 exsistens
2612 1252 2628 1278 ,
2660 1226 2903 1281 eousque
2944 1214 3107 1269 etiam
3129 1254 3145 1281 ,
3173 1223 3232 1268 ut
3269 1215 3337 1268 ad

77 1296 235 1366 θῆναι
266 1298 612 1366 κατεδέξατο.
642 1300 753 1353 Καὶ
797 1299 986 1373 ὥσπερ
1026 1301 1091 1355 τὸ
1120 1301 1232 1373 πῦρ
1254 1340 1269 1367 ,
1318 1300 1524 1373 ψυχρὸν
1562 1319 1633 1356 κα

1822 1315 1862 1356 is
1891 1302 2081 1357 venire
2131 1317 2197 1358 ac
2242 1316 2466 1359 carnem
2511 1319 2795 1360 assumere
2842 1306 3096 1376 dignatus
3140 1306 3232 1363 sit.
3276 1307 3342 1361 Et

80 1386 285 1456 μέλανα
315 1388 447 1442 ὄντα
478 1388 570 1442 τὸν
601 1389 816 1463 σίδηρον
835 1430 850 1455 ,
875 1394 944 1464 τῇ
974 1392 1112 1464 πρὸς
1143 1391 1306 1446 ἑαυτὸ
1320 1393 1509 1446 ὲνώσει
1527 1392 1636 1463 άφο

1822 1400 1905 1447 cut
1944 1392 2088 1464 ignis
2115 1391 2375 1465 frigidum
2405 1394 2729 1466 nigrumque
2759 1395 2968 1452 ferrum
2998 1398 3197 1455 unione
3237 1413 3337 1453 sua

80 1480 248 1549 μοιοῖ’
278 1479 424 1533 οὕτω
452 1483 545 1534 καὶ
573 1479 707 1546 Θεὸς
745 1482 816 1536 τά
844 1481 933 1537 διὰ
965 1484 1201 1548 πίστεως
1238 1484 1506 1537 ἑνωθέντα
1532 1485 1636 1554 ἀφο

1822 1484 1860 1538 δί
1890 1484 2069 1540 simile
2102 1486 2319 1552 reddit;
2353 1486 2433 1542 sic
2479 1486 2646 1543 etiam
2678 1487 2822 1542 Deus
2852 1502 2949 1556 per
2978 1488 3138 1545 [idem
3181 1489 3335 1543 unita

80 1572 220 1640 μοιοί
254 1570 401 1622 κατά
424 1570 523 1642 τὴν
546 1572 778 1626 ἑκάστου
806 1574 946 1646 πρὸς
986 1573 1179 1628 θέωσιν
1207 1574 1655 1646 ἐπιτηδειότητα,

1758 1575 1859 1631 sibi
1889 1577 2090 1632 similia
2118 1576 2284 1632 efﬁcit
2311 1618 2328 1645 ,
2357 1580 2663 1634 secundum
2699 1579 2968 1649 cujusque
3011 1580 3078 1634 ad
3116 1580 3338 1635 deiﬁca-

77 1659 255 1725 καθὼς
298 1663 328 1715 ὁ
375 1663 686 1734 ἐπιστήθιος
715 1665 810 1718 καὶ
848 1665 1204 1737 ὴγαπημένος
1241 1668 1298 1719 ἐν
1334 1668 1447 1730 τοῖς
1492 1665 1636 1729 θείοις

1822 1683 1960 1723 mem
1998 1668 2399 1738 aptitudinem,
2448 1679 2610 1741 prout
2645 1670 2877 1726 dilectus
2908 1671 3000 1725 ille
3040 1671 3132 1741 qui
3161 1670 3213 1725 in
3244 1685 3337 1741 pe-

77 1751 429 1821 Εὑαγγελίοις
469 1754 722 1821 διέξεισι·
751 1756 844 1809 καὶ
883 1756 912 1809 ὁ
946 1756 1044 1827 μὲν
1078 1755 1339 1828 ἱεράρχης
1384 1756 1653 1828 ὁσημέραι

75 1839 241 1893 ταῦτα
269 1842 365 1894 καὶ
393 1841 461 1895 τά
484 1843 708 1896 τοιαῦτα
734 1844 1012 1917 κηρύττει.

139 1933 165 2005 ς
199 1934 266 1987 Il.
323 1934 381 1988 Ὀ
412 1935 471 1987 δὲ
492 1936 591 2009 τὴν
625 1937 1013 2009 ὑπερκοσμίων
1037 1940 1327 2008 μετουσίαν
1359 1938 1654 2011 ἀγαπήσας

76 2022 436 2089 αὐτεξουσίως
455 2064 470 2090 ,
501 2026 595 2079 καὶ
624 2026 701 2099 μὴ
731 2024 791 2092 ἐξ
811 2026 1056 2098 ἀνάγκης
1077 2028 1223 2092 τινὸς
1260 2027 1524 2099 βιασθεὶς,
1555 2028 1655 2100 ζη-

75 2118 234 2189 τήσας
266 2117 548 2188 άνάδοχον,
593 2119 687 2173 καὶ
714 2118 911 2191 εὑρὼν,
946 2119 1122 2174 πείθει
1152 2121 1316 2174 αὐτὸν
1341 2120 1651 2193 ἡγήσασθαι

76 2209 236 2283 τούτῳ
260 2212 366 2283 τῆς
393 2212 530 2285 πρὸς
553 2212 645 2266 τὸν
685 2214 948 2286 ίεράρχην
989 2213 1110 2268 ὁδοῦ
1128 2230 1144 2245 ο
1174 2214 1569 2283 ἐπαγγέλλεται
1595 2214 1652 2268 δὲ

78 2306 559 2380 κατακολουθήσειν
581 2310 763 2377 αὐτὸς,
792 2311 976 2375 καθὼς
1008 2314 1101 2366 καὶ
1129 2313 1188 2366 ἐν
1215 2312 1293 2384 τῷ
1317 2312 1468 2384 νόμῳ
1495 2313 1649 2384 εῐρη-

1756 1767 1910 1817 clore
1954 1759 2203 1816 recubuit
2239 1760 2293 1816 in
2334 1761 2535 1817 divinis
2565 1761 2875 1833 Evangeliis
2901 1763 3195 1819 declaravit
3225 1780 3239 1815 :
3280 1771 3339 1818 et

1684 1836 1728 1890 Β
1755 1852 1974 1922 quidem
2009 1852 2270 1908 sacerdos
2292 1853 2409 1909 haec
2436 1863 2494 1909 et
2529 1854 2731 1910 similia
2766 1856 3010 1924 quotidie
3050 1856 3333 1926 praedicat.

1827 1942 1855 2014 ᾗ
1888 1943 1949 1998 ll.
1988 1942 2162 1999 Porro
2192 1944 2286 2014 qui
2312 1946 2823 2014 supermuudalium
2853 1948 3330 2017 participationem

1754 2033 1925 2091 libere
1954 2044 2101 2090 amat
2125 2075 2142 2102 ,
2171 2046 2226 2092 et
2255 2052 2363 2093 non
2398 2051 2465 2092 ex
2494 2038 2829 2093 necessitate
2860 2038 3048 2108 aliqua
3073 2050 3327 2104 coactus,

1753 2136 2124 2196 susceptorem
2150 2130 2369 2197 qurerit,
2398 2139 2455 2184 et
2483 2130 2717 2195 invenit,
2747 2131 3043 2201 persuadet
3065 2129 3141 2183 illi
3176 2140 3234 2184 ut
3260 2131 3327 2185 ad

1752 2218 2099 2275 hierarcham
2147 2235 2209 2276 se
2235 2222 2613 2277 manuducat:
2651 2222 2768 2293 ipse
2804 2230 2988 2277 autem
3038 2222 3232 2291 recipit
3270 2235 3330 2277 se

1752 2307 1907 2363 illum
1960 2318 2313 2377 secuturum,
2346 2312 2812 2381 quemadmodum
2860 2312 2914 2366 in
2962 2311 3081 2381 lege
3119 2312 3327 2366 dictum

76 2412 151 2450 ται
167 2414 182 2429 ο
207 2399 376 2453 Κατὰ
399 2399 596 2455 πάντα
623 2401 1001 2472 ἀκουσόμεθα
1010 2403 1214 2474 φωνῆς
1235 2405 1474 2471 Κυρίου.
1492 2404 1549 2458 '0
1567 2404 1636 2470 se,

1822 2407 1871 2460 l:
1899 2399 2199 2456 Secundum
2221 2405 2398 2459 omnia
2431 2394 2707 2459 audiemus
2732 2419 2907 2459 vocent
2922 2403 3209 2460 Domini".
3228 2404 3327 2460 llic

76 2487 279 2557 πρῶτον
317 2490 419 2562 μὲν
454 2491 696 2556 ἀκούσας
722 2492 821 2565 τὴν
857 2494 1126 2568 ἀναδοχὴν
1148 2534 1163 2562 ,
1198 2496 1295 2549 καὶ
1332 2495 1636 2566 ἀποϐλέψας

1823 2492 1993 2547 imum
2017 2493 2236 2562 quidem
2267 2492 2496 2549 audiens
2541 2493 2952 2563 lidejussionem
2975 2532 2991 2559 ,
3044 2503 3101 2549 et
3123 2509 3325 2565 expen-

77 2576 215 2632 Ενθεν
248 2582 353 2651 μὲν
380 2582 441 2636 τὸ
470 2583 565 2636 τοῦ
593 2584 915 2656 πράγματος
956 2585 1119 2656 ὕψος,
1154 2586 1365 2640 ἐκεῖθεν
1384 2587 1441 2641 δὲ
1462 2586 1523 2640 τὸ
1560 2589 1636 2641 εὐ·

1824 2596 1888 2636 ns
1916 2585 2046 2637 hinc
2075 2583 2294 2652 quidem
2328 2583 2406 2638 rei
2432 2584 2841 2654 celsitudinem,
2873 2585 2996 2640 inde
3013 2584 3176 2655 180
3200 2598 3329 2639 vero

76 2672 427 2746 περίτρεπτον
458 2675 565 2730 τῶν
596 2676 920 2749 ἀνθρώπων,
952 2679 1163 2751 φρίττει
1197 2681 1291 2733 καὶ
1333 2679 1636 2751 ἀμηχανεῖ,

1824 2674 2030 2729 ininum
2068 2678 2521 2746 mutabilitatem,
2558 2679 2754 2734 horret
2795 2693 2862 2732 ac
2895 2677 3121 2748 refugit,
3150 2676 3329 2732 consi-

76 2762 410 2837 λογιζόμενος
436 2767 499 2822 τὸ
516 2765 611 2822 τοῦ
641 2768 966 2841 πράγματος
993 2770 1275 2842 δυσχερὲς,
1312 2771 1436 2842 (δρα
1455 2772 1532 2835 δὲ,
1559 2772 1636 2826 ὅτι

1822 2784 1949 2824 rans
1984 2767 2062 2824 rei
2098 2766 2464 2826 diliicultatem
2522 2768 2777 2841 (observa
2814 2781 3021 2834 autem,
3048 2769 3324 2840 quomodo

78 2859 161 2912 καὶ
189 2853 373 2924 οὗτος,
403 2860 526 2915 ἐπεὶ
569 2862 762 2926 πιστός
809 2862 957 2917 ἐστιν
976 2900 992 2926 ,
1027 2862 1130 2934 ἐρᾷ
1156 2861 1259 2933 τῆς
1290 2861 1386 2916 τοῦ
1418 2862 1636 2934 πλησίον

1825 2874 1912 2913 am
1943 2857 2033 2915 hic
2063 2874 2187 2915 cum
2236 2860 2417 2916 ﬁdelis
2463 2861 2558 2927 sit,
2605 2861 2840 2931 proximi
2888 2860 3121 2915 salutem
3152 2870 3324 2926 amet,

81 2952 368 3026 σωτηρίας,
401 2952 585 3019 καθὼς
628 2954 724 3008 καὶ
763 2955 792 3009 ὁ
830 2955 1125 3026 ίεράρχης,
1174 2954 1320 3010 κατὰ
1359 2956 1460 3029 τὴν
1507 2957 1636 3030 πρὸς

1822 2948 1826 3002 i
1858 2957 1914 3003 et
1936 2949 2215 3015 sacerdos,
2244 2950 2313 3005 ad
2354 2950 2446 3006 Dei
2475 2952 2930 3025 similitudinem)
2964 2951 3321 3007 nihilominus

79 3045 194 3101 Θεὸν
237 3046 650 3119 ἀφομοίωσιν,)
680 3048 830 3118 ὅμως
884 3048 941 3102 δὲ
980 3047 1123 3103 κατά
1159 3048 1260 3121 τὴν
1295 3048 1392 3103 τοῦ
1436 3047 1636 3119 ἀγαθοῦ

1822 3042 2047 3096 :undum
2074 3040 2212 3099 ,boni
2264 3043 2357 3098 Dei
2408 3053 2638 3099 cunctos
2671 3044 3022 3113 suscipientis
3066 3043 3326 3099 similitu-

78 3138 197 3193 Θεοῦ
222 3140 560 3212 ἀφομοίωσιν
591 3142 688 3194 τοῦ
714 3140 917 3207 πάντας
940 3141 1353 3212 ἀναδεχομένου,
1395 3142 1636 3213 ὁμολογεῖ

1822 3148 1927 3188 tem
1956 3173 1976 3202 ,
2006 3135 2280 3206 promittit
2310 3149 2369 3191 se
2400 3136 2649 3205 petitioni
2679 3136 3128 3207 satisfacturum,
3160 3144 3324 3207 atque

80 3234 305 3302 ποιήσειν
327 3232 394 3287 τὸ
423 3232 665 3304 αἰτηθὲν,
684 3234 778 3286 καὶ
805 3233 902 3286 σὺν
930 3232 1081 3305 αὐτῷ
1112 3232 1524 3304 καταλαμϐάνει
1550 3232 1644 3288 τὸν

85 3324 345 3398 ἱεράρχην.

141 3416 165 3487 §
188 3418 276 3473 Ill.
324 3418 386 3473 '0
406 3417 483 3481 δὲ,
508 3417 627 3489 μετ’
656 3415 994 3489 εὐφροσύνης
1026 3417 1103 3482 ὡς
1129 3418 1216 3470 ἐπ’
1240 3415 1405 3489 ὤμων
1432 3415 1493 3470 τὸ
1513 3414 1645 3470 ἀπο-

82 3504 226 3570 λωλὸς
247 3505 523 3580 πρόϐατον
555 3507 931 3578 είσδεξάμενος
951 3508 1059 3561 ἀπὸ
1079 3507 1187 3561 τῶν
1211 3506 1443 3579 ἀνδρῶν,
1465 3505 1559 3559 τοῦ
1579 3520 1641 3557 τε

83 3582 313 3666 ἀναδόχὸυ
335 3595 481 3665 λέγω
503 3597 597 3650 καὶ
623 3595 717 3649 τοῦ
742 3595 1152 3667 προσελθόντος,
1173 3595 1542 3666 ηὐχαρίστησε
1563 3592 1641 3664 τῷ

83 3684 181 3757 Θεῷ
202 3686 400 3760 νοερῶς
424 3688 518 3741 καὶ
544 3687 921 3758 σωματοειδῶς
940 3686 1027 3739 διά
1058 3688 1498 3758 προσκυνήσεως.
1516 3684 1641 3750 Πῶς

82 3777 128 3829 δὲ
151 3779 235 3831 καὶ
261 3778 373 3832 ἀπὸ
396 3779 504 3833 τῶν
531 3778 624 3832 δύο
662 3778 756 3831 τὸν
782 3777 1150 3851 προσελθόντα
1181 3762 1529 3848 ἀναδέχεται;
1557 3779 1639 3831 ὅτι

83 3868 107 3918 ὁ
129 3870 213 3937 μὲν
236 3869 493 3940 ἀνάδοχος
516 3869 813 3941 προσφέρει
839 3868 1049 3933 τοῦτον,
1085 3869 1249 3933 αὐτὸς
1282 3868 1339 3921 δὲ
1367 3868 1636 3940 προσάγει

84 3959 160 4009 καὶ
188 3961 475 4033 ἐγχειρίζει
516 3961 726 4027 ἑαυτὸν,
773 3960 916 4015 ὥστε
952 3962 997 4031 «ἡ
1046 3962 1143 4033 μὲν
1191 3960 1506 4033 προσένεξις
1544 3962 1639 4014 καὶ

86 4048 401 4122 ἀμφοτέρων.

142 4139 252 4209 διν.
271 4139 406 4197 Εἶτα
421 4144 626 4207 πάντας
644 4143 769 4207 τοὺς
780 4142 873 4196 τοῦ
891 4143 1092 4217 κλήρου
1109 4143 1351 4215 (τούτους
1366 4143 1474 4215 γὰρ
1489 4143 1636 4214 λέγει

88 4228 212 4301 ἱερὰν
238 4235 627 4307 διακόσμησιν)
655 4238 739 4306 ἐφ’
765 4230 810 4305 ᾧ
833 4238 928 4291 καὶ
979 4238 1354 4309 συνεργήσωσι
1389 4239 1483 4291 καὶ
1511 4255 1637 4293 συν-

88 4326 356 4394 εορτάσωσι
378 4368 393 4393 ,
436 4329 783 4397 συγκαλεῖται
809 4369 824 4393 ,
867 4330 962 4383 καὶ
1007 4328 1175 4401 ὕμνον
1210 4330 1334 4383 τινά
1369 4331 1637 4402 ίερολογεῖ

90 4412 139 4466 ἐκ
171 4417 267 4471 τῶν
304 4420 465 4474 θείων
488 4420 701 4489 λογίων.
729 4422 1041 4493 Σημείωσαι
1068 4421 1178 4493 γάρ
1197 4462 1211 4485 ,
1248 4422 1330 4475 ὅτι
1360 4422 1426 4475 ἐκ
1450 4422 1632 4493 πάσης

1749 3241 1855 3281 uua
1885 3242 2009 3282 cum
2042 3227 2132 3283 illo
2163 3227 2511 3284 hierarcbam
2544 3229 2686 3284 adit,

1820 3406 1849 3479 ς
1890 3407 1978 3463 Ill.
2018 3408 2118 3464 Hic
2146 3422 2276 3465 vero
2307 3425 2431 3466 cum
2461 3409 2647 3466 lzetitia
2679 3409 2828 3467 viros
2855 3409 3013 3476 istos,
3042 3420 3323 3481 suscepto-

1744 3513 1865 3554 rem
1896 3501 2123 3571 inquam
2169 3512 2227 3557 et
2270 3504 2643 3569 accedentem,
2674 3504 2831 3572 quasi
2860 3518 3015 3558 ovem
3055 3506 3321 3574 perditam

1742 3591 1802 3647 in
1829 3591 2084 3648 humeros
2097 3595 2394 3664 accipiens,
2414 3595 2620 3665 gratias
2654 3596 2764 3666 agit
2786 3595 3141 3666 Deo,spiritali
3159 3594 3323 3651 simul

1740 3695 1797 3741 et
1843 3688 2110 3756 corporali
2157 3690 2505 3745 adoratione.
2555 3690 2661 3744 Sed
2706 3691 2983 3759 quomodo
3032 3704 3064 3744 e
3107 3688 3321 3743 duobus

1741 3793 1866 3833 eum
1898 3784 1989 3848 qui
2040 3781 2259 3834 accedit
2278 3781 2552 3848 suscipit?
2580 3782 2708 3850 quia
2744 3781 3002 3836 nimirum
3032 3780 3317 3855 lidejussor

1740 3869 1959 3937 quidem
1996 3868 2171 3938 ipsum
2204 3869 2389 3933 oli‘ert,
2444 3870 2558 3939 ipse
2604 3885 2736 3925 vero
2779 3871 3138 3940 semetipsum
3175 3870 3322 3927 sistit

1738 3975 1804 4015 ac
1836 3962 2035 4027 tradit;
2074 3962 2147 4015 ita
2174 3973 2232 4015 ut
2265 3962 2585 4017 conciliatio
2613 3965 2781 4017 etiam
2826 3963 2900 4018 sit
2937 3973 3316 4034 utrorumque.

1808 4141 1838 4216 ς
1865 4140 1952 4197 IV.
1988 4140 2316 4199 Universum
2345 4142 2543 4200 exinde
2557 4143 2904 4217 clerum(hos
2933 4146 3078 4201 enim
3103 4161 3317 4203 sacram

1736 4238 1976 4308 appellat
2021 4238 2481 4310 dispositionem)
2509 4254 2635 4295 cum
2669 4248 2729 4293 ut
2773 4251 3167 4309 cooperentur,
3200 4252 3311 4295 tum

1737 4340 1799 4385 ut
1828 4332 2301 4401 congratulentur,
2318 4340 2605 4390 convocat.
2639 4345 2697 4388 et
2727 4348 2759 4387 e
2787 4334 2986 4389 divinis
3017 4332 3315 4403 Scripturis

1735 4421 2000 4492 hymnum
2026 4423 2260 4493 aliquem
2287 4425 2454 4479 canit.
2485 4424 2623 4480 Nota
2651 4436 2855 4494 autem,
2880 4443 2948 4483 ex
2976 4429 3124 4482 omni
3152 4443 3309 4484 sacra

89 4505 169 4575 τῆς
189 4510 326 4581 ἱερᾶς
352 4512 574 4583 Γραφῆς
595 4513 817 4567 δυνατὸν
845 4512 1010 4585 ὕμνον
1038 4513 1370 4585 προσφέρειν
1395 4512 1473 4584 τῷ
1488 4512 1627 4583 Θεῷ,

1822 4514 2027 4582 riptura
2058 4530 2222 4583 posse
2254 4517 2516 4587 hymnum
2546 4533 2641 4573 seu
2690 4518 2909 4573 laudem
2940 4518 3125 4573 oll‘erri
3162 4518 3310 4584 Deo,

92 4594 139 4646 0‘5
162 4599 252 4669 μὴν
274 4603 337 4653 ἐκ
363 4603 523 4673 μόνου
546 4604 639 4655 τοῦ
668 4604 857 4673 Ψαλτῆ
865 4623 958 4676 ρος
975 4622 988 4635 ⁸
1014 4604 1047 4676 ἢ
1071 4605 1169 4677 τὴν
1193 4605 1334 4677 ᾠδὴν
1359 4605 1487 4669 ἴσως
1514 4607 1634 4660 Μα-

94 4686 191 4752 ρίας
220 4691 312 4761 τῆς
336 4693 571 4764 ἀδελφῆς
596 4695 892 4761 Μωῦσέως,
926 4699 1199 4768 ¹ᾼσωμεν
1228 4696 1309 4762 τῷ
1346 4696 1571 4764 Κυρίῳ·
1597 4697 1631 4769 ἢ

92 4775 255 4884 τὺνιλγθ
280 4782 492 4854 ψαλμὸν
514 4824 529 4849 ,
575 4785 608 4856 ἢ
649 4786 744 4839 καὶ
772 4786 936 4884 μέρος
980 4786 1171 4839 τούτου
1194 4826 1210 4850 ,
1264 4790 1634 4854 Προσέλθετε

95 4869 217 4935 πρὸς
247 4876 448 4940 αὑτὸν,
490 4876 589 4929 καί
616 4869 969 4945 φωτίσόἢτε.
1000 4878 1111 4931 Καὶ
1139 4877 1278 4949 μετά
1298 4878 1494 4942 ταῦτα,
1533 4878 1634 4955 τὴν

95 4958 219 5029 ἱερὰν
239 4967 610 5040 ἀσπαζόμενος
631 4969 929 5041 τράπεζαν,
957 4969 1124 5036 ἔξεισι
1143 5010 1158 5037 ,
1186 4972 1282 5025 καὶ
1304 4958 1633 5026 πυνθάνεται

96 5051 157 5113 iis
177 5055 228 5107 τὸ
250 5060 438 5127 μαθεῖν
462 5062 592 5133 παρ’
617 5061 803 5126 αὐτοῦ,
830 5062 882 5115 τί
909 5062 1227 5134 βουλόμενος
1254 5064 1397 5133 ἥκοι.

148 5143 171 5215 ς
202 5146 257 5202 V.
304 5153 408 5205 Τοῦ
434 5154 511 5218 δὲ,
548 5153 690 5207 κατά
723 5155 820 5225 τὴν
847 5154 1176 5223 ἐπαγγελίαν
1200 5155 1295 5208 τοῦ
1336 5156 1629 5227 ἁναδόχου,

98 5240 569 5315 μετακλαυσαμένου
593 5246 684 5299 τὸν
709 5246 972 5318 πρότερον
994 5247 1199 5301 ἐκεῖνον
1222 5248 1315 5301 καὶ
1334 5246 1493 5300 ἄθεον
1520 5247 1632 5317 βίον

96 5325 248 5395 αὑτοῦ,
265 5333 536 5400 ἀξιοῦντός
560 5354 620 5390 τε
644 5341 825 5409 τυχεῖν
847 5339 942 5393 τοῦ
968 5338 1102 5393 Θεοῦ
1128 5339 1194 5394 δι’
1210 5338 1400 5404 αὐτοῦ,
1427 5338 1634 5411 μαρτύ-

101 5429 221 5481 ρεται
245 5423 337 5492 μὲν
359 5427 538 5498 αὐτῷ,
580 5429 743 5484 ὁποία
781 5431 984 5502 ὀφείλει
1008 5426 1205 5503 εἶναιῆ
1237 5431 1626 5503 προσέλευσις,

99 5503 162 5597 im
179 5511 358 5581 ὑλικῶς
381 5522 476 5573 καὶ
497 5519 560 5585 ἐξ
581 5520 711 5593 ὅλης
738 5522 916 5595 ψυχῆς
940 5525 1037 5579 καὶ
1068 5524 1359 5597 παντελὴς,
1386 5525 1511 5577 ἐπεὶ
1537 5524 1632 5580 καὶ

98 5596 247 5673 ὁπρὸς
266 5608 368 5683 avi;
388 5612 756 5684 προσέλευσις,
775 5616 1088 5681 παντέλειός
1113 5618 1230 5671 ἐστι
1251 5596 1345 5672 καὶ
1365 5616 1625 5689 dumpar

168 5777 372 5840 "Exod.
390 5791 733 5863 xu,8;xxnv,
760 5791 816 5859 ὅ,
844 5792 898 5848 7-

1736 4618 1792 4663 et
1816 4624 1921 4663 non
1950 4624 2018 4663 ex
2047 4610 2163 4664 solo
2194 4608 2501 4677 Psalterio;
2529 4611 2613 4666 vel
2643 4612 2918 4667 canticum
2950 4612 3093 4668 forte
3124 4612 3312 4667 Mariae

1737 4702 1943 4757 Sororis
1996 4700 2239 4773 Moysis:
2269 4702 2555 4759 Cantemus
2609 4704 2867 4770 Domino;
2918 4703 3004 4758 vel
3039 4704 3308 4775 psalmum

1737 4795 2073 4849 tricesimum
2104 4797 2322 4851 tertium
2345 4836 2363 4861 ,
2393 4806 2486 4851 aut
2518 4797 2639 4868 ejus
2681 4806 2891 4866 partem
2916 4812 2931 4849 :
2963 4798 3209 4851 Accedite
3238 4799 3309 4851 ad

1736 4900 1881 4947 cuni,
1924 4893 1973 4939 et
2006 4885 2415 4942 illuminamini.
2464 4887 2531 4941 Et
2580 4897 2706 4956 post
2742 4888 2859 4943 hzec
2888 4902 3104 4943 sacrum
3136 4886 3311 4943 altare

1733 4974 2012 5030 osculatus
2034 4976 2334 5045 egreditur,
2368 4987 2425 5030 et
2453 4976 2789 5046 sciscitatur,
2822 4986 2882 5032 ut
2911 4977 2980 5033 ab
3005 4992 3073 5033 eo
3104 4977 3310 5034 intelli-

1734 5077 1847 5137 gat,
1880 5068 2077 5137 ecquid
2106 5070 2336 5137 petitum
2374 5069 2579 5124 veniat.

1809 5155 1837 5227 ς
1883 5154 1949 5209 V.
1980 5155 2101 5227 Ipso
2147 5168 2325 5212 autem
2346 5198 2361 5224 ,
2390 5156 2550 5225 juxta
2581 5167 2911 5230 praeceptum
2943 5162 3304 5230 suscepteris,

1732 5250 1971 5321 priorem
2002 5250 2150 5305 illam
2180 5266 2246 5306 ac
2270 5251 2363 5306 Dei
2382 5263 2659 5307 exsortem
2678 5253 2845 5307 vitam
2875 5253 3216 5321 deplorante,
3239 5269 3305 5310 ac

1734 5361 1834 5414 per
1861 5361 1984 5401 eum
2022 5346 2117 5401 Dei
2147 5354 2461 5400 consortem
2513 5345 2634 5402 ﬁeri
2683 5346 3026 5415 postulante,
3076 5356 3306 5401 testatur

1733 5438 1840 5507 ipsi
1873 5438 2052 5508 qualis
2080 5452 2204 5496 esse
2233 5436 2433 5493 habeat
2467 5437 2744 5504 accessio,
2780 5454 2975 5510 nempe
3007 5439 3211 5504 totaiis,
3244 5448 3304 5494 et

1734 5543 1803 5584 ex
1836 5537 1945 5584 tota
1975 5528 2176 5595 anima,
2202 5538 2257 5585 et
2278 5530 2502 5585 omnino
2529 5528 2798 5598 perfecta,
2820 5544 2943 5585 cum
2975 5531 3022 5587 is
3041 5530 3111 5586 ad
3139 5545 3305 5601 quem

1736 5620 2037 5689 acceditur,
2086 5635 2313 5691 prorsus
2343 5637 2559 5694 quoque
2615 5621 2894 5693 perlectus
2922 5624 2994 5681 sit
3022 5635 3074 5681 et
3103 5624 3302 5681 ‘mma-
