3728 6304
379 319 487 381 H5

1561 314 1618 370 S.
1658 312 1959 369 DlONYSlI
1992 306 2457 365 AREOPAGITE

3548 292 3647 351 HG

373 449 588 506 culatus
613 463 629 501 :
653 455 783 498 tunc
808 441 953 497 enim
995 439 1133 495 forte
1162 450 1269 491 non
1300 442 1486 491 totaus
1524 441 1669 488 esset
1702 431 1949 498 dilectio,

2152 445 2178 481 ε
2231 426 2339 497 γάρ
2369 421 2524 493 τυχὸν
2547 419 2646 491 οὐχ
2668 416 2823 491 ὁλικὴ
2850 414 3058 487 ἐγίνετο
3080 412 3145 469 ἃν
3168 412 3203 483 ἡ
3239 410 3554 484 ἀγάπησις,
3578 410 3649 462 εῖ-

375 539 550 595 sicubi
605 534 910 592 secumlttm
946 532 1078 602 quid
1110 530 1193 595 is,
1238 526 1306 581 ad
1344 540 1508 597 quem
1556 524 1805 583 accessio
1854 524 1955 590 lit,

378 634 647 703 perfectus
695 638 839 684 esset
873 636 928 681 et
957 621 1370 687 intmaculatus,
1424 621 1569 690 quod
1601 635 1705 673 non
1736 626 1957 677 vacaret

379 721 824 794 reprehensione.
869 718 950 772 Ad
986 717 1100 770 haec
1134 728 1289 781 vero,
1334 722 1623 782 postquam
1656 710 1832 778 ipsum
1876 710 1958 763 in-

376 817 574 872 struxit
600 812 876 885 quomodo
909 811 1077 864 vitam
1107 820 1272 876 agere
1312 819 1377 859 ac
1410 803 1699 857 instituere
1728 800 1955 865 debeat,

375 920 428 964 et
494 905 895 975 interrogavit,
951 910 1076 974 post
1118 898 1571 968 astipulationem
1622 894 1738 959 ejus
1789 892 1958 961 capiti

376 1017 594 1057 manum
630 997 861 1068 imponit
892 993 1239 1063 subditisque
1272 991 1382 1047 sibi
1426 988 1813 1044 sacerdotibus
1841 985 1959 1039 dia-

376 1096 640 1162 couisque
672 1089 919 1151 mandat,
951 1095 1012 1140 ut
1047 1086 1100 1140 in
1131 1098 1322 1139 sacras
1374 1079 1593 1136 tabulas
1622 1077 1845 1133 nomina
1874 1091 1959 1133 re-

378 1184 558 1239 ferant
593 1192 703 1238 tam
737 1178 1055 1237 accedentis
1083 1190 1249 1247 quam
1281 1172 1639 1242 susceptoris.
1675 1168 1833 1226 Hune
1858 1183 1959 1224 au-

381 1288 489 1333 tem
523 1278 780 1332 existimo
807 1288 931 1330 esse
965 1272 1167 1325 librum
1200 1266 1527 1323 viventium.
1954 1316 1955 1319 η

459 1371 486 1441 §
525 1371 611 1425 Vl.
655 1367 941 1437 Completa
971 1361 1171 1417 deinde
1206 1373 1374 1431 super
1400 1358 1516 1427 ipso
1547 1370 1651 1410 una
1680 1368 1805 1411 cum
1834 1351 1959 1409 aliis

378 1462 673 1525 Oratione,
729 1458 907 1527 ipsum
958 1454 1147 1519 exuit,
1194 1452 1359 1507 unica
1403 1448 1697 1511 nimirum,
1748 1456 1803 1502 et
1848 1461 1956 1501 non

379 1552 525 1606 oumi
560 1561 743 1615 veste;
775 1548 974 1603 exinde
1021 1553 1275 1599 statuens
1311 1558 1436 1599 eum
1479 1542 1545 1596 ad
1576 1542 1917 1597 occidentem
1939 1578 1956 1603 ,

2062 537 2163 574 που
2191 518 2333 573 κατά
2369 533 2424 568 τι
2450 514 2478 566 ὁ
2502 512 2637 585 πρὸς
2661 510 2720 565 ὃν
2747 512 2781 583 ἡ
2808 508 3159 582 προσέλευσις
3181 504 3509 567 παντέλειάς
3536 506 3647 556 ἐστι

2058 614 2152 665 καὶ
2190 610 2452 681 ἄμωμος,
2492 608 2554 661 τὸ
2593 605 2903 677 ἐπίμομφον
2927 598 3091 675 εἶχεν.
3121 602 3241 655 Ἔτι
3275 599 3333 653 δὲ
3359 600 3461 652 καὶ
3503 599 3646 662 ὅπως

2057 701 2264 771 διάγειν
2290 700 2385 753 καὶ
2412 695 2789 752 πολιτεύεσθαι
2812 694 3233 765 ὐφηγησάμενος
3252 731 3269 757 ,
3309 690 3414 743 καὶ
3454 705 3649 761 προσε-

2059 792 2329 865 ρωτήσας,
2360 788 2498 861 μετά
2523 787 2619 859 τὴν
2642 786 2932 859 ὁμολογίαν
2958 784 3189 849 ἐκείνου,
3212 783 3333 836 τότε
3362 782 3471 853 τὴν
3498 784 3649 853 χεῖρα

2055 888 2122 957 τῇ
2167 883 2376 953 κεφαλῇ
2418 880 2729 953 ἐπιτίθησι,
2777 879 2872 933 καί⁵
2920 878 3132 933 κελεύει
3181 878 3297 941 τοῖς
3343 874 3445 929 ὑπ’
3490 875 3649 927 αὑτὸν

2057 975 2449 1048 πρεσϐυτέροις
2492 975 2586 1029 καὶ
2632 972 2899 1036 διακόνοις
2947 972 3004 1024 ἐν
3041 970 3249 1029 δέλτοις
3288 968 3473 1039 ἱεραῖς
3524 966 3648 1020 ἀπο-

2056 1067 2369 1139 γράψασθαι
2408 1066 2478 1121 τά
2512 1066 2787 1137 ὀνόματα,
2849 1062 2945 1117 τοῦ
2981 1079 3041 1116 τε
3102 1059 3507 1133 προσελθόντος
3564 1057 3649 1115 καὶ

2054 1155 2150 1211 τοῦ
2176 1156 2455 1226 ἀναδόχου.
2493 1154 2679 1209 Ταῦτα
2703 1155 2760 1208 δὲ
2781 1194 2797 1222 ,
2829 1149 3014 1225 οἶμαι,
3042 1152 3149 1206 εἰσὶ
3177 1151 3246 1205 τά
3279 1150 3395 1204 τῶν
3434 1147 3647 1214 ζώντων

2054 1247 2305 1321 δίπτυχα.

2129 1366 2156 1438 ς
2181 1367 2268 1424 Vl.
2296 1362 2451 1431 Εἶτα,
2479 1364 2889 1437 συμπληρώσας
2912 1366 3027 1429 τοῖς
3048 1362 3229 1426 ἄλλοις
3256 1361 3344 1415 ἐπ’
3377 1359 3541 1431 αὐτῷ
3562 1360 3650 1433 τὴν

2058 1458 2224 1529 εὐχὴν
2242 1498 2257 1523 ,
2308 1457 2741 1528 ἀπαμφιέννυσιν
2758 1497 2774 1522 ,
2802 1456 2862 1509 ἒν
2888 1458 3102 1526 ἱμάτιον
3125 1453 3375 1525 δηλονότι
3400 1494 3418 1519 ,
3464 1456 3561 1507 καὶ
3596 1454 3650 1506 οὐ

2057 1551 2239 1603 πᾶσαν
2275 1549 2373 1621 τὴν
2410 1550 2647 1621 ἐσθῆταο
2686 1544 2808 1603 εἶτα
2850 1547 3189 1620 ἐπιστρέψας
3233 1548 3382 1618 πρὸς
3422 1545 3653 1617 δυσμὰς,

386 1643 645 1709 terjubet
695 1638 968 1695 insumare
1017 1636 1275 1700 Satanm,
1312 1645 1368 1689 et
1418 1633 1959 1689 abrenuntiatiouem

2149 1661 2174 1707 ς
2198 1644 2511 1713 ἐμφυσῆσαι
2538 1641 2617 1713 τῷ
2645 1642 2863 1712 Σατανᾷ
2897 1639 3296 1704 διακελεύεται,
3326 1640 3433 1693 καὶ
3469 1638 3655 1710 ὁμολο-

382 1735 645 1805 proliteri,
664 1742 748 1787 ter
762 1735 946 1802 etipse
973 1729 1129 1799 181
1148 1738 1519 1793 contestatus;
1555 1727 1819 1796 quoniam
1850 1725 1954 1777 hoc

2149 1749 2228 1786 ται
2250 1732 2323 1786 τά
2337 1733 2435 1803 τῆς
2455 1732 2756 1803 ἀποταγῆς,
2774 1731 2894 1802 τρὶς
2912 1732 3006 1785 καὶ
3026 1730 3189 1794 αὐτὸς
3211 1730 3651 1803 μαρτυρόμενος.

381 1795 537 1882 facis.
580 1795 786 1880 Deinde
826 1795 1208 1879 transfertﬁad
1236 1824 1536 1885 orientem,
1560 1795 1779 1889 Deoque
1797 1818 1960 1888 jubet

2180 1825 2352 1887 ποιεῖς
2380 1795 2558 1876 τοῦτο.
2591 1795 2724 1875 Είτα
2754 1795 2980 1893 μετάγει
3007 1818 3145 1890 πρὸς
3166 1795 3263 1884 ἕω,
3295 1795 3416 1873 ⁷καί
3436 1795 3523 1889 τῷ
3543 1818 3655 1888 Θεῷ

378 1918 711 1984 consentire,
765 1924 1109 1989 protestatus
1142 1924 1200 1969 et
1253 1914 1341 1971 hic
1388 1914 1589 1984 triplici
1618 1912 1962 1983 professione

381 2011 564 2065 lldcm.

454 2103 611 2177 §Vll.
634 2104 744 2159 llac
760 2102 944 2172 itaque
968 2117 1132 2173 prece
1157 2102 1320 2168 facta,
1347 2098 1583 2155 ministri
1603 2097 1761 2168 plane
1786 2097 1963 2168 ipsum

379 2208 606 2261 exuunt,
634 2206 694 2251 ut
717 2210 874 2251 sacro
897 2195 1018 2252 oleo
1060 2196 1374 2264 inungatur.
1409 2193 1546 2247 Dum
1570 2201 1751 2245 autem
1781 2207 1965 2247 sacer-

381 2290 539 2345 dotes
587 2302 710 2344 eum
759 2290 1056 2360 inungunt,
1101 2288 1356 2343 Pontifex
1400 2286 1468 2342 ad
1516 2285 1826 2355 adoptionis
1851 2301 1966 2339 mae

384 2393 524 2437 trem
582 2383 700 2437 sive
752 2382 1134 2452 baptisterium
1182 2379 1416 2444 accedit,
1478 2377 1794 2448 ibidemque
1841 2392 1965 2434 eum

384 2484 582 2539 aquam
614 2471 919 2535 benedixit,
950 2480 1113 2540 atque
1140 2468 1393 2525 recitavit
1441 2482 1664 2523 sacrum
1701 2470 1965 2540 hymnum

387 2562 566 2615 sancti
593 2560 830 2632 Spiritus
856 2563 973 2633 (qui
1013 2572 1239 2618 sanctus
1285 2560 1525 2632 Spiritus
1546 2572 1633 2618 est
1657 2562 1967 2629 divinorum

387 2655 775 2723 prophetarum
830 2656 1139 2728 inspiratio)
1176 2656 1354 2711 virum
1387 2656 1608 2725 accipit.
1640 2654 1758 2710 Non
1784 2664 1967 2711 autem

387 2744 528 2801 dixit
578 2761 799 2802 sacrum
858 2748 1121 2818 hymnum
1170 2748 1484 2804 divinorum
1540 2748 1961 2818 prophetarum,

387 2854 566 2909 neque
616 2841 765 2896 enim
812 2843 1096 2911 propheta:
1143 2856 1338 2898 omnes
1389 2856 1557 2896 unum
1613 2851 1777 2911 atque
1822 2842 1967 2897 idem

385 2937 656 2990 canticum
690 2915 1011 2990 recitarunt.
1040 2935 1135 2990 Est
1163 2944 1347 2990 autem
1391 2936 1639 3004 psalmus
1668 2935 1970 2991 vicesimus

386 3035 653 3082 octavus:
696 3025 806 3081 Vox
857 3026 1069 3082 Domini
1131 3043 1291 3096 super
1354 3043 1544 3097 aquas,
1600 3036 1657 3082 et
1714 3026 1966 3082 Alleluia.

2060 1916 2272 1970 κελεύει
2295 1915 2679 1982 συντάξασθαι,
2721 1915 3131 1988 μαρτυρόμενος
3157 1912 3449 1967 κάνταῦθα
3476 1913 3573 1966 ἐπὶ
3590 1914 3653 1982 τῇ

2060 2012 2253 2082 τρισσῇ
2280 2010 2540 2081 ὁμολογίᾳ
2562 2009 2663 2080 τῆς
2689 2009 2947 2072 πίστεως.

2072 2116 2079 2139 ῑ
2137 2101 2164 2173 §
2200 2101 2309 2155 VII.
2366 2102 2497 2155 Τότε
2540 2101 2673 2170 γοῦν
2718 2101 3039 2173 εὐξαμένου,
3075 2099 3275 2165 τελέως
3320 2098 3659 2153 ἀπεκδύουσι

2063 2195 2251 2250 τοῦτον
2274 2196 2322 2248 oi
2348 2194 2670 2266 λειτουργοὶ,
2696 2194 2783 2265 ἐφ’
2807 2187 2851 2263 ᾧ
2876 2193 3161 2266 χρισθῆναι
3187 2192 3249 2247 τὸ
3269 2192 3438 2263 ἅγιον
3461 2191 3656 2245 ἔλαιον.

2067 2288 2186 2340 Τῶν
2210 2288 2340 2357 γοῦν
2367 2287 2556 2360 ἱερέων
2581 2287 2863 2359 χριόντων,
2889 2286 3049 2351 αὐτὸς
3074 2286 3167 2340 ἐπὶ
3186 2285 3285 2357 τὴν
3314 2285 3544 2357 μητέρα
3563 2282 3660 2354 τῆς

2069 2380 2336 2445 υἱοθεσίας
2388 2380 2487 2452 τὴν
2541 2379 2928 2451 κολυμϐήθραν
2974 2377 3214 2450 ἔρχεται,
3247 2379 3342 2432 καί
3389 2378 3461 2431 τὺ
3484 2379 3661 2430 ἐκεῖσε

2068 2472 2298 2541 ἁγιάσας
2346 2469 2509 2542 ὕδωρ,
2566 2469 2661 2524 καὶ
2705 2467 2873 2524 εἰπὼν
2917 2468 2979 2523 τὸ
3020 2469 3162 2540 ἱερὸν
3213 2466 3526 2540 μελῴδημα
3568 2464 3661 2519 τοῦ

2068 2564 2223 2633 ἁγίου
2276 2562 2615 2633 Πνεῦματος,
2661 2562 2821 2635 (ὅπερ
2868 2563 3022 2632 ἅγιον
3068 2560 3295 2631 Πνεῦμα
3329 2561 3361 2632 ἠ
3401 2560 3661 2613 ἐπίπνοιά

2069 2660 2185 2713 ἐστι
2217 2657 2324 2711 τῶν
2359 2656 2518 2709 θείων
2569 2654 2911 2727 προφητῶν,)
2957 2653 3173 2725 δέχεται
3215 2652 3310 2707 τὸν
3355 2652 3561 2724 ἄνδρα.
3591 2650 3659 2705 Οὐ

2068 2752 2178 2823 γὰρ
2210 2750 2272 2804 τὸ
2305 2751 2448 2820 ἱερὸν
2479 2748 2771 2822 μλῴδημα
2796 2747 2904 2801 τῶν
2929 2747 3090 2800 θείων
3137 2744 3442 2819 προφητῶν
3474 2761 3659 2815 φησιν,

2068 2841 2129 2894 οὐ
2153 2838 2262 2911 γάρ
2286 2838 2488 2902 πάντες
2519 2840 2567 2890 οἰ
2602 2836 2878 2908 προφῆται
2912 2830 3063 2889 εἶπον
3110 2835 3241 2889 αὐτὸ
3273 2835 3336 2887 τὸ
3369 2834 3434 2887 ἓν
3468 2830 3658 2906 ᾆσμ’

2070 2932 2188 2986 ἐστι
2214 2931 2271 2985 δέ
2293 2930 2322 2984 ό
2352 2937 2439 2999 κη’
2472 2928 2711 2999 ψαλμόςο
2742 2925 2918 2995 Φωνὴ
2945 2927 3168 2994 Κυρίου
3199 2925 3296 2980 ἐπὶ
3346 2925 3474 2978 τῶν
3523 2924 3661 2980 ὑδά-

2070 3040 2209 3088 των,
2243 3022 2338 3077 καὶ
2368 3019 2431 3075 τὸ
2474 3021 2856 3088 Ἀλληλούτα.
2877 3018 2987 3072 Καὶ
3000 3018 3178 3072 πάντα
3204 3016 3292 3070 ἐπ’
3324 3015 3479 3087 αὑτῷ
3506 3015 3664 3088 ἱερῶς

389 3119 600 3187 Quibus
652 3120 908 3176 omnibus
958 3136 1123 3190 super
1166 3119 1286 3190 ipso
1342 3121 1450 3175 rite
1506 3121 1770 3191 peractis,
1809 3135 1970 3178 sacro

2149 3116 2526 3189 ιπραξάμενος,
2572 3114 2652 3185 τῷ
2699 3114 2841 3186 ἁγίῳ
2889 3112 3147 3185 ὲγχρίσας
3206 3110 3384 3183 μύρῳ,
3439 3110 3664 3182 μέτοχον

388 3215 512 3267 oleo
565 3213 871 3279 inunctum,
908 3214 1232 3283 participem
1292 3212 1443 3267 illum
1500 3212 1631 3267 facit
1682 3212 1970 3269 immorta-

391 3301 523 3357 lium
554 3303 959 3372 mysteriorum.
994 3301 1109 3356 Non
1156 3310 1375 3371 oportet
1435 3308 1621 3355 autem
1666 3302 1877 3370 mirari,
1925 3302 1971 3358 si

391 3402 615 3448 sanctus
644 3393 733 3447 hic
757 3394 921 3447 Pater
957 3393 1203 3464 quaedam
1248 3392 1315 3446 ab
1341 3392 1533 3446 ordine
1556 3392 1669 3462 jam
1697 3393 1751 3447 in
1793 3393 1974 3450 eccle-

393 3483 492 3537 siis
527 3494 748 3554 recepto
782 3486 997 3540 diversa
1037 3492 1472 3541 commemoret:
1502 3484 1799 3540 verisimile
1824 3484 1972 3539 enim

390 3583 497 3641 est,
533 3575 650 3631 hinc
681 3592 780 3645 pro
812 3577 917 3631 isto
947 3577 1210 3647 temporis
1241 3583 1389 3632 statu
1432 3574 1775 3646 eongruisse,
1828 3590 1975 3631 nunc

391 3678 572 3724 autem
607 3669 915 3724 accuratius
952 3669 1088 3726 fieri.

464 3760 638 3834 §VIIL
666 3760 760 3816 llis
793 3762 1392 3829 absolutis,hierarcha
1421 3761 1598 3817 denuo
1629 3758 1698 3814 ad
1738 3760 1970 3830 primam

390 3854 1055 3924 contemplationem,sive
1069 3856 1357 3927 mysticam
1382 3854 1770 3926 precationem,
1791 3851 1842 3905 id
1868 3857 1975 3917 est,

392 3949 574 4004 missae
620 3947 950 4004 sacrificium
1002 3949 1374 4004 convertitur:
1409 3961 1584 4017 neque
1613 3946 1761 4001 enim
1797 3944 1977 4008 decet,

395 4049 458 4094 ut
486 4040 783 4111 quidquam
827 4057 855 4094 a
903 4041 1015 4097 suis
1041 4040 1309 4096 institutis
1354 4048 1553 4095 tractet
1583 4038 1843 4093 alienum.
1879 4034 1981 4088 De-

395 4129 572 4184 clarat
621 4140 802 4184 autem
859 4130 945 4185 hic
992 4145 1199 4196 sermo,
1253 4131 1396 4199 quod
1424 4129 1735 4199 episcopus,
1764 4126 1855 4195 qui
1883 4123 1978 4178 Dei

2073 3209 2235 3263 αὑτὸν
2270 3209 2365 3262 καί⁵
2409 3207 2518 3261 τῶν
2564 3207 2846 3261 ἀθανάτων
2895 3204 3207 3277 μυστηρίων
3258 3200 3662 3257 ἀποδείκνυσιν.

2074 3301 2149 3355 Οὐ
2186 3300 2292 3373 χρὴ
2323 3301 2380 3355 δὲ
2406 3298 2726 3371 θαυμάζειν,
2753 3300 2802 3353 εἰ
2836 3297 2989 3370 παρά
3019 3297 3118 3369 τὴν
3142 3296 3239 3351 νῦν
3264 3295 3589 3367 κρατοῦσαν
3614 3294 3666 3345 ἐν

2072 3398 2193 3458 ταῖς
2244 3394 2558 3464 ἐκκλησίαις
2606 3393 2782 3460 τάξιν,
2833 3388 3264 3463 παρηλλαγμένα
3298 3389 3453 3457 λέγει
3485 3388 3616 3443 τινά
3642 3388 3667 3439 ό

2075 3487 2268 3559 Πατήρ
2288 3504 2302 3520 ·
2330 3486 2477 3551 εἰκὸς
2501 3485 2612 3558 γὰρ
2653 3484 2832 3539 ταῦτα
2878 3484 3064 3557 ἐκείνῃ
3092 3486 3191 3555 μὲν
3219 3486 3285 3554 τῇ
3312 3482 3426 3535 τῶν
3460 3482 3667 3554 χρόνων

2076 3581 2405 3635 καταστάσει
2460 3579 2738 3652 ἁρμόζειν,
2797 3576 2895 3631 νῦν
2953 3578 3011 3631 δὲ
3069 3576 3465 3649 ἀκριϐέστερον
3520 3575 3666 3642 γίνε-

2078 3669 2221 3725 σθαι.

2153 3759 2331 3833 ςνιιῐ.
2362 3759 2546 3814 Ταῦτα
2578 3760 2805 3826 τελέσας
2836 3763 2865 3816 ό
2890 3760 3171 3832 ίεράρχης.
3197 3758 3291 3812 ἐπὶ
3313 3756 3417 3830 τὴν
3447 3758 3667 3829 πρώτην

2078 3855 2174 3908 καὶ
2200 3853 2365 3909 πάλιν
2412 3854 2752 3908 ἀνατείνεται
2778 3852 3084 3924 θεωρίαν,ἢ
3122 3850 3285 3923 εὐχὴν
3316 3849 3665 3923 μυστικὴν,ἢ

2076 3947 2176 4020 τὴν
2208 3946 2359 4020 ίεράν
2386 3945 2754 4018 λειτουργίαν*
2790 3946 2850 3999 οὐ
2876 3944 2987 4016 γὰρ
3018 3944 3100 3996 δεῖ
3141 3945 3228 3996 ἐπ’
3252 3941 3525 4016 ἀλλοτρίῳ
3569 3944 3666 3996 τινὶ

2080 4040 2233 4111 παρὰ
2264 4038 2335 4093 τὰ
2377 4040 2553 4092 οἰκεῖα
2601 4034 2921 4110 τρέπεσθαι.
2958 4034 3117 4108 Δηλοί
3150 4034 3206 4087 δὲ
3253 4034 3281 4087 ὁ
3315 4032 3499 4101 λόγος,
3536 4034 3665 4088 ὅτιὸ

2080 4132 2397 4195 ἐπίσκοπος,
2431 4129 2617 4184 εἰκόνα
2650 4128 2862 4198 ἐπέχων
2898 4125 2994 4182 τοῦ
3020 4126 3239 4181 πάντων
3282 4120 3444 4189 Θεοῦ,
3482 4124 3666 4195 ὥσπερ

396 4217 643 4272 omnium
689 4232 979 4287 personam
1028 4220 1289 4287 suStinet,
1338 4219 1797 4290 quemadmodum
1836 4216 1971 4269 Deus

2149 4224 2274 4288 Θεὸς
2297 4224 2388 4276 ἐπὶ
2410 4223 2509 4294 τῆς
2531 4220 2739 4286 οἰκείας
2774 4221 3025 4292 ὲνότητος
3068 4219 3165 4273 καὶ
3209 4218 3547 4288 ταύτότητος
3591 4217 3668 4269 ἀεὶ

401 4308 459 4363 in
499 4323 602 4363 suo
633 4308 726 4363 illo
750 4325 859 4364 uno
892 4310 1197 4380 eodemque
1237 4320 1381 4365 statu
1414 4325 1628 4379 semper
1652 4324 1903 4374 manens,
1928 4316 1971 4363 et

2149 4318 2286 4379 ὶνων,
2321 4316 2416 4369 καὶ
2448 4314 2849 4385 ἀνεκφοιτήτως
2894 4314 2973 4376 εἰς
3008 4311 3198 4365 ἑαυτὸν
3232 4309 3543 4382 ἱδρυμένος,
3577 4326 3667 4363 σω·

401 4400 457 4454 in
489 4400 605 4469 ipso
650 4399 791 4454 fixus
822 4415 1099 4470 nunquam
1127 4416 1188 4457 se
1216 4401 1496 4466 deserens,
1529 4402 1719 4457 salutis
1738 4401 1971 4457 omnium

2149 4408 2279 4479 plac;
2314 4406 2478 4461 ἓνεκα
2521 4406 2741 4460 πάντων
2782 4406 2905 4469 ταῖς
2948 4403 3334 4475 προνοητικαῑς
3399 4401 3665 4471 προόδοις,

400 4504 592 4556 causa,
632 4491 987 4561 providentiae
1038 4507 1151 4547 sua:
1208 4492 1684 4562 progressionibus
1709 4492 1776 4546 ad
1799 4490 1971 4546 omnia

2149 4502 2183 4554 εἰ
2206 4502 2383 4556 πάντα
2421 4498 2520 4563 τάς
2562 4499 2661 4571 τῆς
2706 4495 3041 4567 ἀγαθότητος
3086 4494 3380 4565 ὲλλάμψεις
3418 4494 3666 4554 ἐκτείνει,

404 4582 666 4639 bonitatis
706 4583 1097 4639 illustratioues
1137 4585 1404 4649 extendit,
1449 4584 1813 4654 omnibusque
1844 4596 1985 4653 pra)-

408 4691 537 4730 sens
562 4685 669 4737 est,
705 4692 736 4729 a
784 4676 1083 4731 stabilitate
1127 4690 1224 4730 sua
1275 4675 1497 4730 minime
1539 4676 1849 4738 discedens,
1896 4673 1975 4728 sic

406 4771 575 4825 etiam
606 4772 916 4842 episcopus,
949 4771 1016 4825 ad
1052 4770 1414 4826 imitationem
1447 4770 1540 4824 Dei
1579 4769 1903 4841 symbolice,
1931 4778 1989 4824 et

405 4873 567 4935 prout
596 4874 793 4934 potest,
833 4866 888 4922 in
940 4880 1037 4921 sua
1087 4864 1345 4928 statione,
1403 4863 1456 4918 id
1509 4872 1612 4927 est,
1646 4864 1699 4917 in
1724 4862 1988 4917 ecclesia-

409 4958 548 5014 stico
579 4959 883 5028 principatu
936 4972 1287 5028 permanens,
1319 4956 1384 5011 ad
1424 4954 1685 5011 inferiora
1738 4952 1989 5009 humani-

412 5048 545 5103 tatis
570 5048 910 5119 providentia
952 5048 1200 5117 procedit
1225 5059 1335 5103 ret
1366 5047 1686 5102 inferiorum
1718 5049 1991 5116 guberna-

412 5140 559 5194 tione
610 5138 829 5209 impleta
884 5154 1096 5194 rursum
1141 5140 1208 5194 ad
1251 5140 1425 5195 altare
1465 5140 1632 5205 redit,
1687 5137 1991 5210 symbolice

411 5232 717 5298 declarans,
759 5246 817 5285 se
847 5230 1166 5287 inferiorum
1202 5234 1541 5303 providentia
1569 5241 1797 5294 motum,
1826 5231 1992 5286 rebus

414 5323 614 5381 divinis
661 5323 856 5379 ibidem
903 5325 1164 5393 peractis,
1204 5340 1234 5379 a
1260 5326 1459 5381 divinis
1511 5324 1872 5381 sacramentis
1904 5338 1991 5377 re-

416 5432 544 5473 cens
572 5417 845 5487 baptizato
889 5417 1121 5483 collatis,
1174 5418 1240 5477 ad
1291 5420 1531 5473 divinmn
1564 5419 1872 5471 institutum
1902 5431 1990 5471 re-

422 5509 582 5573 verti,
605 5519 666 5563 ιιι
693 5520 974 5579 appareat,
1008 5509 1184 5578 ipsum
1212 5525 1241 5563 a
1269 5520 1460 5567 sancto
1513 5510 1721 5581 Spiritu
1768 5508 1892 5564 duci
1938 5516 1994 5563 et

421 5601 623 5656 reduci.
1134 5616 1135 5619 ‘

850 5694 1009 5765 182
1056 5692 1148 5747 Ill.
1192 5692 1601 5763 Contemplatio.

498 5789 578 5860 δὴ.
616 5786 727 5844 lluc
751 5790 932 5860 itaque
954 5794 1035 5842 cst
1056 5796 1458 5843 sacramentum
1482 5794 1680 5842 nostra:
1706 5798 1992 5857 regenera-

2089 4592 2185 4648 καὶ
2216 4594 2350 4646 πᾶσι
2384 4592 2637 4664 πάρεστι,
2662 4590 2763 4660 τῆς
2790 4587 3049 4660 ἱδρύσεως
3076 4588 3176 4641 οὐκ
3209 4588 3457 4651 ἀποστάς
3480 4605 3495 4617 ’
3532 4586 3668 4639 οὕτω

2091 4690 2187 4743 καὶ
2208 4690 2235 4742 ό
2259 4687 2556 4749 ἐπίσκοπος
2578 4682 2721 4739 κατά
2746 4682 2975 4755 μίμησιν
3000 4680 3094 4734 τοῦ
3127 4679 3263 4733 Θεοῦ
3306 4678 3665 4751 συμϐολικῶς,

2090 4781 2187 4835 καὶ
2210 4781 2286 4844 ὡς
2320 4778 2468 4850 αὐτῷ
2513 4777 2759 4841 δυνατὸν,
2784 4775 2876 4829 ἐπὶ
2909 4774 3009 4844 τῆς
3042 4774 3249 4837 οἰκείας
3293 4774 3542 4837 στάσεως
3577 4771 3666 4843 μέ-

2090 4892 2217 4937 νων,
2252 4871 2500 4925 τουτέστι
2544 4869 2646 4940 τῆς
2692 4867 3153 4940 ἐκκλησιαστικῆς
3213 4864 3408 4936 ἀρχῆς,
3462 4864 3666 4935 πρόεισι

2090 4963 2316 5037 προνοίᾳ
2339 4961 2743 5033 φιλανθρωπίας
2776 4962 2869 5014 ἐπὶ
2910 4957 2980 5013 τὰ
3016 4957 3243 5030 δεύτερα
3267 4973 3281 4987 ·
3318 4957 3412 5009 καὶ
3460 4951 3667 5026 πληρὼ-

2094 5073 2192 5120 σας
2216 5056 2315 5127 τὴν
2358 5054 2467 5109 τῶν
2511 5052 2780 5123 δευτέρων
2825 5050 3156 5121 οἰκονομίαν,
3191 5046 3354 5101 πάλιν
3396 5048 3664 5101 ἐπάνεισιν

2090 5147 2185 5200 ἐπὶ
2234 5145 2296 5198 τὸ
2345 5145 2725 5218 θυσιαστήριον
2756 5160 2772 5176 ·
2832 5140 3112 5214 παριστῶν
3167 5136 3544 5209 συμϐολικῶς,
3592 5136 3664 5187 ὅτι

2093 5237 2465 5309 προνοητικῶς
2496 5236 2589 5289 ἐπὶ
2631 5233 2702 5289 τὰ
2745 5232 2972 5305 δεύτερα
3017 5230 3279 5302 κινηθεὶς,
3326 5230 3421 5283 καὶ
3454 5228 3523 5281 τά
3552 5228 3663 5281 Beia

2094 5330 2274 5383 ἐκεῖσε
2299 5326 2754 5399 διαπραξάμενος,
2796 5324 2904 5379 ἀπὸ
2934 5321 3043 5377 τῶν
3076 5321 3234 5375 θείων
3256 5321 3349 5373 ἐπὶ
3370 5318 3450 5390 τῷ
3474 5332 3663 5385 νεοφω-

2090 5421 2260 5493 τίστῳ
2306 5419 2666 5475 τελεσθέντων
2693 5417 2831 5489 πρὸς
2878 5414 3020 5470 θεῖον
3052 5412 3392 5484 ἐπιτήδευμα
3424 5405 3661 5479 ἐπιστρέ-

2094 5531 2204 5586 φει,
2232 5512 2367 5583 πρὸς
2400 5510 2462 5564 τὸ
2486 5509 2565 5580 τῷ
2588 5508 2730 5580 ἁγίῳ
2772 5505 3049 5578 Πνεύματι
3071 5501 3263 5559 δοκοῦν
3286 5502 3552 5574 ἀγόμενος
3575 5499 3658 5553 καὶ

2097 5604 2483 5677 μεταγόμενος.

2700 5692 2792 5744 Ill.
2844 5688 3080 5757 Θεωρία.

2167 5787 2250 5859 δι.
2273 5784 2418 5856 Αὕτη
2438 5785 2532 5858 μὲν
2566 5780 2657 5838 οὖν
2681 5785 2828 5837 ἐστιν
2851 5786 2883 5854 ὴ
2909 5778 3096 5853 τελετὴ
3116 5778 3216 5851 τῆς
3236 5778 3509 5851 ἡμετερας
3530 5774 3650 5827 ἀνα-
