3728 6324
96 291 197 346 tl?

662 286 751 342 DE
783 284 1066 343 ECCLES.
1103 262 1506 352 lllERARCH.,
1532 287 1689 345 CAP.
1718 289 1787 343 ll.
1821 315 1885 328 -ι
1916 286 2262 344 PARAPIIR.
2300 287 2770 345 PACIIYMERZE.

3234 293 3338 350 H8

98 407 424 476 γεννήσεως·
452 405 537 474 ἦν,
564 403 651 456 ὅτε
703 402 984 473 καιπρὸς
1027 403 1127 474 τὴν
1171 401 1431 474 αἰσθητὴν
1477 406 1570 458 είκι

1862 402 1951 466 iis,
1973 403 2136 471 quod,
2152 402 2316 457 etiam
2330 403 2456 456 dum
2481 405 2606 473 quis
2625 404 2690 458 ad
2711 403 3019 460 sensibilem
3045 407 3334 476 imaginem

96 495 273 549 ἀπίδοι
297 511 398 557 τις,
431 494 531 546 οὐκ
562 493 629 547 ἂν
660 493 803 546 εἴποι
846 493 1059 565 ἀνίερον
1102 494 1209 546 οὐδ’
1258 494 1482 566 ἀπρεπῆ
1506 511 1521 526 °
1550 495 1664 566 ἔχει

99 584 202 656 γὰρ
244 586 335 637 καὶ
367 585 660 654 αἰνίγματα
696 584 929 655 θεωρίας
977 583 1329 657 ὑψηλοτέρας.
1368 587 1441 639 UO
1480 586 1584 657 μὴν
1608 588 1665 641 δὲ

99 676 188 729 καὶ
236 678 543 729 παντάπασι
588 677 696 729 τῶν
743 676 987 746 φυσικῶν
1034 676 1407 748 ἀλλοτριοῦται
1439 680 1533 731 καὶ
1574 679 1665 732 ἀν-

99 766 541 838 θρωποπρεπῶςο
593 769 681 820 ὅτε
727 767 836 839 γὰρ
883 770 1024 824 καὶὸ
1059 768 1258 839 ὑψηλὸς
1288 770 1386 839 τῆς
1432 768 1664 841 θεωρίας

100 858 338 930 σιγηθείη
374 859 550 927 λόγος,
585 859 757 924 οὕτως
802 860 1073 931 αἰσθητῶς
1118 860 1475 932 ἐξεταζομένη
1524 862 1665 916 κατά

94 969 144 1003 τι
168 952 358 1024 φανείη
408 953 869 1025 διαμαρτάνουσα,
918 956 1021 1020 ὅτι,
1071 957 1662 1027 διαπραγματευομένη

94 1044 187 1115 τὴν
218 1044 311 1097 τοῦ
356 1046 669 1117 προσιόντος
702 1048 809 1101 ἀπὸ
843 1048 1022 1120 πάσης
1064 1048 1259 1111 κακίας
1283 1048 1567 1120 κάθαρσιν,
1604 1051 1662 1103 ἐν

97 1135 266 1190 πειθοί
297 1137 356 1189 οὐ
384 1139 573 1206 σοφίας
617 1139 983 1211 ἀνθρωπίνης,
1029 1139 1144 1193 ἀλλ’
1178 1142 1241 1193 ὲκ
1286 1141 1445 1193 θείων
1479 1143 1661 1212 ῥημάη

94 1243 213 1288 των,
237 1229 302 1297 τῇ
330 1231 528 1299 φυσικῇ
564 1228 827 1300 καθάρσει
850 1229 944 1282 τοῦ
981 1229 1172 1293 ὕδατος
1207 1230 1660 1301 σωματικώτερον

77 1302 271 1369 τοῦτον
309 1317 586 1372 ἐκπλύνει.
631 1320 810 1390 Ὅπερ
832 1321 879 1373 εί
918 1321 1011 1373 καὶ
1038 1321 1199 1392 μηδὲν
1223 1317 1369 1392 εἶχεν
1394 1321 1657 1393 ὑψηλότε-

98 1424 199 1477 ρον,
222 1410 320 1462 οὐκ
355 1410 566 1481 ἀνίερος
599 1412 942 1467 παντάπασιν
984 1408 1052 1484 ἦν
1077 1412 1166 1466 διά
1200 1430 1259 1465 τε
1283 1413 1383 1484 τὴν
1408 1412 1662 1467 διδασκα-

95 1497 202 1549 λίαν
227 1498 327 1568 τῆς
350 1500 605 1571 ἐναρέτου
641 1501 805 1573 ζωῆς,
850 1502 941 1555 διά
971 1520 1029 1555 τε
1055 1501 1154 1573 τὴν
1186 1501 1252 1555 δι’
1279 1501 1465 1569 ὓδατος
1497 1519 1661 1571 φυσι-

94 1590 187 1660 κὴν
218 1591 593 1665 ἀποκάθαρσιν
612 1609 625 1623 ⁸
650 1592 809 1647 τοῦτο
830 1594 873 1648 δ’
897 1594 995 1648 οὐκ
1026 1594 1195 1649 ἐστιν.

158 1763 269 1834 §ll.
302 1765 481 1819 Ἔστω
497 1764 555 1820 δὲ
570 1766 709 1832 τέως
734 1768 1066 1841 είσαγωγική
1094 1785 1177 1833 τις
1196 1767 1519 1840 ψυχαγωγία
1543 1772 1657 1837 τοῖς

93 1856 313 1920 ἀτελέσι,
350 1857 413 1910 τὸ
438 1858 678 1913 τοιοῦτον
725 1860 839 1914 τῶν
878 1860 1086 1913 πολλῶν
1127 1863 1218 1915 καὶ
1266 1861 1498 1933 ἀνιέρων
1523 1863 1659 1917 ἀπο-

92 1946 462 2003 διαστέλλουσα
506 1949 575 2003 τὰ
607 1952 831 2023 ὲνοειδῆ.
883 1952 1119 2024 Ἐνοειδῆ
1153 1954 1209 2007 δὲ
1234 1954 1402 2023 λέγει,
1425 1955 1498 2009 τὰ
1518 1955 1655 2022 θεῖα,

91 2038 159 2101 ὼς
181 2040 378 2111 ὑψηλά,
425 2042 518 2095 καὶ
541 2041 615 2113 νῷ
658 2042 802 2115 μόνῳ
849 2044 1046 2116 ληπτά.
1074 2045 1235 2114 Λέγει
1274 2047 1382 2118 γὰρ
1412 2048 1656 2113 ὡσανεὶ,

93 2127 165 2180 ὁτι
197 2130 242 2181 εί
276 2131 373 2183 καὶ
404 2132 604 2196 πάντες
640 2134 741 2187 οὐκ
780 2136 886 2188 είσὶ
918 2135 1130 2201 τέλειοι,
1168 2136 1303 2191 ἀλλά
1336 2138 1430 2191 καὶ
1476 2137 1658 2191 πολλοὶ

96 2219 310 2286 ἀτελεῖς,
341 2222 523 2293 ἔχουσι
570 2225 809 2279 κάκεῖνοι
854 2227 1145 2299 ἀναγωγήν
1171 2246 1291 2282 τινα
1324 2232 1390 2301 τῇ
1436 2231 1657 2301 δυνάμει

97 2312 288 2367 ἑαυτῶν
335 2315 738 2386 προσήκουσαν,
787 2321 845 2371 ὲν
954 2320 1505 2391 ἀποδιασταλήσονται
1548 2322 1656 2375 τῶν

97 2403 254 2475 πάντη
287 2404 520 2475 ἀνιέρων
555 2408 648 2461 καὶ
691 2408 1057 2479 χλευαζόντων
1083 2412 1145 2465 τὸ
1169 2412 1468 2484 βάπτισμα.
1508 2415 1659 2468 Ἐπεὶ

98 2493 193 2565 γὰρ
229 2497 287 2550 οὐ
326 2498 528 2563 πάντες
574 2500 809 2571 χωροῦσι
852 2501 952 2566 τὰς
986 2503 1235 2573 θεωρίας,
1272 2505 1355 2557 δεῖ
1389 2506 1657 2560 ποιεῖσθαι

97 2589 178 2638 καὶ
209 2589 354 2658 ἡμᾶς
377 2589 475 2655 τὰς
499 2593 793 2663 ἑρμηνείας
834 2595 969 2665 πρὸς
997 2598 1122 2660 τοὺς
1149 2596 1466 2660 ἀκούοντας,
1492 2597 1566 2661 ὡς
1591 2598 1657 2653 ἂν

97 2680 412 2753 συμμέτρως
456 2685 549 2737 καὶ
579 2685 730 2738 αὐτοὶ
771 2686 863 2739 καὶ
912 2686 1297 2758 προσηκόντως
1341 2691 1406 2759 τῇ
1432 2688 1658 2760 δυνάμει

96 2772 191 2823 τῶν
222 2776 479 2843 νοήσεων,
514 2777 818 2847 ἀνάγωνται
842 2795 855 2809 ·
894 2780 1053 2850 ἡμεῖς
1086 2780 1163 2842 δὲ,
1198 2780 1488 2845 ἀναϐάσεις
1510 2783 1569 2834 ἐν
1590 2785 1656 2854 τῇ

96 2865 273 2937 καρδία
298 2868 515 2938 θέμενοι
552 2871 723 2942 ἱερὰς,
770 2871 930 2924 τίνων
955 2875 1315 2945 χαρακτήρων
1339 2874 1476 2928 εἰσὶν
1502 2876 1659 2929 ἐκτυ-

97 2956 313 3028 πὼματα
334 2960 406 3013 τά
430 2961 655 3015 τοιαῦτα
678 2962 1125 3035 ὲπιγνωσώμεθα.

1767 494 2024 559 attendit,
2040 509 2384 563 nequaquam
2399 495 2599 550 dixerit
2619 496 2906 566 profanum
2932 501 3336 556 autabsonum:

1766 586 1933 641 habet
1972 585 2116 640 enim
2149 586 2314 640 etiam
2362 584 2558 639 indicia
2609 587 2944 645 sublimioris
2993 593 3334 662 contempla-

1769 677 1952 732 tionis.
2004 674 2261 742 Quinimo
2319 689 2419 730 nec
2459 677 2684 733 omnino
2713 695 2742 733 a
2770 681 3109 737 naturalibus
3138 692 3196 737 et
3237 684 3337 740 bu-

1766 768 1944 821 manis
1981 767 2282 822 rationibus
2323 768 2583 823 abhorret
2617 785 2631 822 :
2670 786 2795 824 nam
2838 773 2940 827 etsi
3001 775 3218 842 quando
3243 792 3337 833 su-

1766 854 1947 910 blimis
1982 854 2070 909 illa
2098 856 2496 927 contemplandi
2545 859 2683 913 ratio
2732 859 3008 927 sileretur,
3045 865 3128 919 vel
3151 866 3233 921 sic
3256 877 3335 922 Ia-

1766 960 1889 1003 men
1940 945 2273 1000 sensibilitcr
2329 947 2524 1017 inquiri
2584 959 2787 1019 posset,
2844 953 3138 1009 secundum
3205 958 3335 1025 quid

1764 1037 2021 1093 aberrare
2075 1038 2340 1107 videatur,
2394 1042 2651 1109 quoniam
2705 1045 3017 1100 accedentis
3065 1049 3134 1102 ab
3185 1046 3336 1104 omni

1766 1127 1973 1184 malitia
2016 1131 2453 1185 emundationem
2514 1142 2793 1203 operatur,
2853 1150 2960 1190 non
2992 1135 3044 1190 in
3079 1138 3336 1194 humanae

1765 1218 2048 1288 sapientia:
2078 1218 2454 1288 persuasione,
2486 1224 2581 1275 sed
2612 1235 2676 1274 ex
2711 1222 2913 1277 divinis
2940 1224 3145 1292 verbis,
3177 1237 3336 1279 natu-

1765 1311 1862 1368 rali
1890 1326 2044 1380 aqua:
2088 1313 2496 1375 emundatioue,
2525 1313 2669 1368 hunc
2691 1313 2882 1368 abluit.
2917 1314 3035 1382 Quo
3059 1318 3160 1371 etsi
3201 1318 3335 1373 nihil

1763 1404 2050 1458 sublimius
2082 1402 2309 1457 haberet
2340 1406 2507 1472 (quod
2531 1415 2637 1459 non
2664 1407 2768 1473 est)
2793 1421 3130 1476 nequaquam
3156 1411 3334 1465 omnis

1763 1512 1961 1569 expers
1998 1506 2144 1554 esset
2172 1500 2484 1556 sanctitatis
2514 1515 2533 1568 ;
2566 1517 2687 1557 cum
2732 1511 2956 1572 propter
2991 1506 3171 1574 probae
3211 1507 3335 1561 vita:
3404 1558 3411 1565 .

1765 1590 2131 1660 disciplinam,
2162 1600 2277 1647 tum
2304 1601 2529 1663 propter
2549 1595 2857 1650 naturalem
2890 1610 3042 1666 aquae
3072 1599 3335 1652 emunda-

1767 1682 1990 1737 tionem.

1690 1758 1732 1814 Β
1833 1773 2150 1846 §lLVcrum
2175 1776 2241 1831 sit
2270 1776 2387 1832 haec
2415 1777 2722 1833 rudioribus
2740 1777 3333 1850 introductio’quazdam

1763 1865 2048 1933 spiritalis,
2080 1881 2199 1935 qua)
2234 1881 2264 1921 a
2294 1869 2621 1938 promiscuis
2648 1880 2705 1925 et
2747 1866 2994 1941 profanis
3038 1872 3338 1941 distinguat

1762 1954 2080 2012 uniformia.
2134 1956 2441 2015 Uniformia
2504 1968 2688 2016 autem
2738 1972 2897 2017 vocat
2951 1963 3154 2028 divina,
3211 1974 3333 2018 tan-

1761 2061 1925 2116 quam
1974 2048 2226 2103 sublimia
2268 2050 2490 2119 solaque
2546 2060 2729 2106 mente
2772 2052 3190 2122 comprehensa.
3240 2055 3336 2108 Ait

1761 2148 1946 2195 autem
1995 2141 2381 2208 quodammodo
2410 2159 2429 2207 ;
2458 2140 2588 2211 quia
2624 2142 2752 2199 licet
2779 2158 2884 2199 non
2913 2158 3102 2199 omnes
3147 2146 3332 2215 perfe-

1759 2232 1856 2294 cti.
1885 2231 1981 2287 sed
2014 2233 2168 2288 multi
2217 2233 2519 2303 imperfecti
2545 2236 2674 2301 sint,
2718 2236 2922 2292 habent
2946 2244 3127 2293 tamen
3164 2238 3330 2292 etiam

1759 2324 1861 2396 ipsi
1894 2341 2192 2396 anagogem
2222 2327 2513 2397 quamdam
2542 2328 2725 2383 virtuti
2760 2343 2873 2384 suae
2912 2339 3333 2398 congruentem,

1760 2429 1863 2483 qua
1900 2415 2302 2486 distinguantur
2348 2416 2416 2471 ab
2461 2418 2683 2472 omnino
2732 2417 2974 2488 profanis
3000 2429 3053 2473 et
3077 2418 3333 2489 baptismi

1760 2504 2097 2563 irrisoribus.
2129 2508 2264 2563 Cum
2293 2508 2438 2562 enim
2487 2523 2592 2562 non
2625 2524 2816 2567 omnes
2844 2510 3063 2579 capiant
3086 2520 3336 2565 contem-

1762 2595 2058 2665 plationes,
2096 2606 2313 2668 oportet
2344 2613 2445 2655 nos
2473 2600 2640 2654 etiam
2675 2600 3153 2669 interpretationes
3180 2602 3338 2656 audi-

1763 2683 1973 2739 toribus
2011 2688 2452 2754 accommodare,
2502 2698 2562 2743 ut
2609 2697 2664 2744 et
2693 2689 2795 2757 ipsi
2846 2706 2944 2760 pro
2991 2691 3212 2748 modqu
3234 2707 3334 2747 suo

1762 2774 2155 2829 convenienter
2203 2776 2272 2830 ad
2322 2777 2576 2832 virtutem
2637 2778 3114 2849 intelligentiarum
3166 2783 3336 2837 addu-

1761 2873 1956 2918 cantur
1986 2880 2002 2931 ;
2036 2880 2134 2920 nos
2158 2880 2286 2921 vero
2311 2869 2661 2924 ascensiones
2712 2883 2899 2925 sacras
2930 2871 2983 2925 in
3006 2873 3170 2927 corde
3219 2888 3335 2927 sta-

1763 2963 1995 3022 tuentes,
2019 2969 2410 3025 cognoscamus
2449 2971 2683 3027 quorum
2733 2959 3115 3018 character-um
3148 2963 3336 3018 istius-

1762 3046 1905 3100 modi
1937 3047 2046 3100 sint
2072 3046 2296 3117 eiligies.

156 3136 181 3207 ξ
205 3138 291 3192 III.
354 3138 641 3194 Είσόάλλει
672 3140 858 3196 λοιπὸν
881 3142 963 3207 είς
984 3140 1081 3214 τὴν
1114 3142 1346 3215 θεωρίαν
1365 3160 1379 3174 ·
1417 3145 1513 3199 καὶ
1536 3146 1628 3198 ἐπε

1858 3192 1859 3195 η
1881 3136 2234 3193 lll.Czeterum
2252 3140 3117 3212 aggrediturcontemplationem:
3141 3157 3191 3201 et
3210 3160 3330 3201 cum

97 3229 260 3297 μέλλει
281 3231 454 3296 δεῖξαι
497 3231 588 3287 τὸν
615 3234 877 3308 ἱεράρχην
910 3234 1053 3290 κατὰ
1078 3235 1174 3307 τὴν
1192 3236 1527 3308 ἀφομοίωσιν
1560 3237 1654 3291 τοῦ

94 3319 210 3374 Θεοῦ
259 3325 397 3375 πᾶσι
444 3323 543 3396 τὴν
592 3325 863 3396 σωτηρίαν
900 3326 1401 3397 εὐαγγελιζόμενον,
1427 3328 1654 3399 ἄρχεται

94 3409 249 3480 λέγειν
273 3415 405 3485 περὶ
430 3414 563 3489 Θεοῦ
591 3416 659 3470 τά
709 3417 915 3471 εἰκότα.
962 3416 1099 3488 Φησὶ
1138 3418 1338 3481 τοίνυν,
1375 3418 1446 3482 ὼς
1489 3419 1522 3489 ἡ
1556 3420 1651 3473 τοῦ

93 3502 208 3557 Θεοῦ
235 3487 508 3577 ἀγαθὸτης
540 3507 632 3560 ἐπὶ
658 3508 837 3571 πάσας
874 3507 972 3572 τὰς
1005 3487 1196 3580 νοερὰς
1222 3507 1373 3578 ὄψεις
1417 3487 1525 3572 τὰς
1557 3507 1650 3562 τοῦ

92 3596 268 3649 οἰκείου
294 3596 472 3665 φωτὸς
501 3598 745 3660 ἀκτῖνας,
776 3596 1020 3666 ἀφθόνως
1044 3597 1280 3663 ἐξαπλοῖ.
1337 3598 1490 3652 Ἐπεὶ
1518 3598 1649 3666 γοῦν

94 3688 183 3738 πᾶν
208 3690 392 3759 νοερὸν
437 3679 779 3755 αὐτεξοῦσιόν
829 3691 993 3755 ἐστιν,
1029 3690 1187 3754 εἴτις
1209 3690 1370 3761 νοερά
1416 3689 1527 3755 ἕξις
1565 3689 1654 3743 διὰ

93 3780 175 3847 τὴν
222 3780 475 3851 τοιαύτην
521 3780 995 3851 αὐτεξουσιότητα,
1042 3782 1305 3853 ἧτελέως
1361 3783 1651 3852 ἀφίσταται

92 3869 169 3921 τοῦ
192 3870 327 3924 θείου
379 3872 575 3941 φωτὸς,
611 3873 712 3943 τῆς
746 3872 945 3935 κακίας
973 3873 1173 3944 ἐρῶσα,
1203 3873 1236 3944 ῆ
1264 3874 1370 3945 μὴν
1389 3874 1449 3927 τὸ
1472 3874 1653 3929 δευτε-

95 3975 189 4025 ρον,
211 3961 266 4013 τὸ
287 3961 439 4016 δοθὲν
486 3964 621 4032 αὐτῇ
668 3962 765 4033 τῆς
811 3960 1123 4032 ὲλλάμψεως
1161 3963 1355 4033 μέτρον
1391 3980 1653 4035 περιφρο-

94 4055 275 4122 νήσασα
323 4056 629 4128 ὑπερϐῆναι
672 4057 974 4125 ἐπιχειρεῖ,
1021 4056 1335 4127 ἀπήρτηται
1380 4055 1643 4128 δηλονότι,

93 4144 434 4215 ἀποτυγχάνει
470 4146 692 4209 εἰκότως
716 4145 810 4197 καὶ
841 4144 934 4198 τοῦ
962 4145 1205 4210 δοθέντος
1228 4146 1376 4217 αὐτῷ
1427 4148 1646 4219 μέτρου,

92 4238 170 4289 τοῦ
202 4237 336 4293 θείου
376 4241 550 4308 φωτὸς
595 4240 949 4294 ἀναλλοιώτου
1005 4240 1272 4310 μένοντος.
1308 4241 1517 4312 Ὥσπερ
1540 4240 1647 4312 γὰρ

93 4327 143 4377 τὸ
203 4330 613 4403 συνηρτῆσθαι,
680 4330 743 4383 τὸ
820 4329 1189 4400 συνηρμόσθαι
1259 4329 1439 4401 δηλοῖ·
1503 4330 1646 4383 οὕτω

97 4420 248 4473 καὶτὸ
272 4423 641 4493 ἀπηρτῆσθαι,
689 4422 748 4475 τὸ
795 4422 1202 4475 ἐκπεπτωκέναι
1248 4421 1347 4492 τῆς
1396 4421 1644 4492 άρμογῆς
1681 4450 1721 4503 D

95 4513 174 4563 καὶ
206 4517 491 4584 συμφυΐας.
542 4516 695 4567 Ἔστι
739 4514 794 4567 δὲ
841 4515 928 4568 ὅτε
980 4514 1162 4567 καὶτὸ
1212 4513 1642 4585 ἐκκρεμᾶσθαιῆ

96 4601 214 4669 λέξις
243 4606 417 4677 δηλοῖ·
476 4600 705 4660 ἐνταῦθα
745 4606 926 4677 μέντοι
973 4606 1113 4659 κατὰ
1161 4605 1221 4659 τὸ
1259 4606 1522 4677 πρότερον
1552 4622 1647 4676 ση-

100 4699 390 4769 μαινόμενον
428 4698 699 4770 εἰληπται.
740 4698 1067 4769 Ἐπιλάμπει
1089 4698 1267 4752 τοίνυν
1289 4700 1422 4768 αὑτῇ
1449 4698 1508 4749 τὸ
1531 4697 1645 4765 φῶς

100 4790 453 4867 μυωπαζούσῃ,
499 4792 593 4844 καὶ
619 4792 718 4844 οὐκ
751 4791 1075 4861 ἀφίσταται·
1115 4791 1208 4844 καὶ
1233 4792 1292 4844 τὸ
1317 4791 1431 4860 φῶς
1456 4791 1553 4843 οὐκ
1579 4792 1642 4843 ἂν

99 4881 379 4954 ἑνεργήσειέ
406 4902 457 4937 τι
484 4882 609 4938 ἄλλο
637 4883 787 4953 παρά
819 4883 888 4936 τὰ
921 4884 1097 4953 φωτὸς
1137 4886 1332 4946 οἰκεῖα,
1382 4882 1483 4936 κᾶν
1508 4882 1644 4953 αὑτὴ

100 4970 273 5036 ἀτελῶς
317 4973 614 5027 ἐπιϐάλλω.
676 4973 1111 5046 Ἀγαθουργικῶς
1158 4973 1287 5043 γοῦν
1339 4973 1645 5045 ἐξήπλωται

99 5063 146 5113 τὸ
180 5065 309 5118 θεῖον
353 5066 468 5135 φῶς
511 5067 632 5127 ταῖς
665 5068 875 5136 νοεραῖς
915 5065 1116 5135 ὄψεσιν,
1153 5065 1325 5132 ἔξεστι
1349 5064 1404 5118 δὲ
1426 5064 1645 5128 ταύταις

100 5154 554 5230 ἀντιλαμϐάνεσθαι
587 5158 680 5210 τοῦ
713 5158 888 5227 φωτὸς
933 5159 1093 5212 ὁπότε
1141 5157 1439 5229 θελήσειαν.
1501 5157 1645 5228 Πρὸς

100 5245 177 5315 τὴν
214 5251 462 5319 τοιαύτην
518 5249 703 5303 εἰκόνα
747 5248 1211 5311 καὶόἐπίσκοπος
1270 5247 1490 5313 ὲξαπλοῖ
1542 5248 1640 5311 τὰς

100 5336 179 5405 τῆς
218 5340 554 5406 διδασκαλίας
597 5342 820 5404 ἀκτῖνας
847 5343 952 5395 κκαὶ
982 5345 1094 5404 τοῖς
1137 5340 1463 5412 ἐπιτηδείοις
1508 5342 1645 5412 πρὸς

100 5426 177 5496 τὴν
206 5433 480 5505 ὑποδοχὴν,
538 5433 631 5485 καὶ
684 5436 795 5495 τοῖς
842 5432 938 5504 μὴ,
995 5433 1055 5484 οὐ
1093 5432 1269 5501 φθόνῳ
1318 5432 1411 5484 καὶ
1444 5433 1644 5503 ἀνιέρῳ

103 5520 253 5590 μήνιδι
284 5527 381 5596 τῆς
407 5528 673 5598 προτέρας
699 5526 1029 5588 ἀποστασίας
1063 5524 1095 5595 ἦ
1134 5524 1397 5595 ἀμετρίας
1421 5524 1643 5595 χρώμε-

48 5588 61 5618 ff
102 5588 186 5673 ναις.
209 5588 385 5669 Tui-.0
408 5588 463 5671 δέ
483 5588 630 5688 λέγει
655 5588 791 5691 πρὸς
815 5618 883 5671 τὰ
906 5588 1469 5688 ἀνωτέρω-ρηθνένταΐ
1492 5588 1643 5685 ἔλεγε

52 5702 53 5707 η
102 5702 205 5772 γὰρ,
233 5707 319 5761 δύο
342 5712 536 5775 κακίας
562 5707 698 5766 εἶναι
720 5710 828 5764 τῶν
854 5709 1056 5779 νοερῶν
1070 5708 1156 5762 διά
1171 5708 1268 5778 τὴν
1298 5708 1431 5761 ίδίαν
1460 5708 1644 5775 αὐτεξ-

694 5832 721 5857 /

1760 3239 2080 3285 ostensurus
2115 3230 2191 3283 sit
2242 3228 2588 3285 liicrarcbam
2630 3234 2927 3288 secundum
2963 3234 3333 3290 Dcisimilitu-

1760 3319 1944 3374 dinem
1970 3321 2226 3376 omnibus
2286 3320 2514 3376 salutem
2546 3324 2895 3388 annuntiare,
2928 3324 3119 3395 incipit
3149 3327 3334 3381 dicere

1761 3410 1828 3464 de
1856 3411 1966 3465 Deo
2002 3426 2121 3481 quae
2158 3412 2373 3467 decent.
2405 3413 2498 3466 Ait
2544 3414 2749 3484 itaque,
2804 3418 3078 3486 quomodo
3104 3418 3195 3471 Dei
3237 3420 3334 3472 lio-

1761 3502 1904 3555 nitas
1928 3517 2092 3570 super
2119 3517 2311 3556 omnes
2341 3503 2607 3559 mentales
2636 3506 2822 3560 oculos
2846 3506 2983 3562 lucis
3013 3524 3125 3563 sum
3153 3508 3335 3565 radios

1759 3593 2060 3648 luculenter
2096 3596 2371 3663 expandit.
2414 3596 2546 3651 Cum
2593 3597 2779 3667 itaque
2804 3612 2964 3653 omne
2997 3601 3138 3669 quod
3169 3601 3331 3654 into-l-

1754 3687 1898 3742 lectu
1927 3688 2213 3758 prazditum
2248 3698 2331 3743 est
2370 3689 2599 3745 liberum
2627 3690 2720 3754 sit,
2755 3691 2798 3745 si
2830 3691 2954 3759 quis
2985 3690 3331 3747 intellectum

1759 3780 1992 3847 habens,
2025 3790 2247 3851 prepter
2295 3783 2458 3838 talem
2489 3783 2794 3837 libertatem
2829 3783 2912 3837 vel
2936 3784 3159 3838 omnino
3192 3786 3333 3838 divi-

1757 3882 1887 3920 num
1920 3866 2100 3922 lumen
2148 3868 2387 3936 deserat,
2422 3887 2613 3926 amans
2650 3872 2976 3941 pravitatem
3010 3891 3025 3939 ;
3061 3874 3144 3927 vel
3181 3884 3333 3929 certe

1756 3959 2143 4013 secundariam
2192 3960 2574 4018 illustrationis
2624 3978 2936 4018 mensuram
2990 3966 3091 4034 ipsi
3147 3967 3329 4022 datam

1755 4059 2134 4116 contemnens,
2165 4051 2336 4120 ipsam
2384 4055 2687 4123 transgredi
2715 4064 2963 4121 conetur,
2993 4058 3178 4126 utique
3200 4058 3330 4113 sub-

1758 4141 2024 4205 trahitur,
2047 4155 2103 4198 et
2142 4143 2350 4199 indulta
2384 4146 2484 4199 sibi
2536 4161 2792 4201 mensura
2840 4152 3037 4203 merito
3094 4150 3331 4206 frustra-

1755 4241 1863 4297 tur,
1913 4234 2097 4289 divino
2154 4235 2358 4291 lumine
2409 4238 2459 4292 in
2496 4252 2555 4293 se
2609 4238 2895 4293 imtnutato
2951 4254 3325 4310 permanente.

1752 4323 2216 4391 Quemadmodum
2268 4328 2426 4399 183
2475 4330 2620 4384 enim
2688 4334 3054 4404 συνηρτῆσθαι
3124 4336 3332 4406 signiti-

1754 4429 1841 4472 ραι
1872 4429 2186 4489 coaptatum
2241 4438 2384 4489 esse,
2445 4424 2525 4479 sic
2568 4425 2736 4480 etiam
2783 4427 3131 4498 ἀπηρτῆσθαι
3184 4430 3328 4484 exci-

1753 4511 1901 4567 disse
1936 4528 1966 4567 a
1990 4512 2373 4570 conformitate
2408 4526 2571 4586 atque
2616 4521 2993 4590 congruentia.
3052 4520 3324 4574 interdum

1753 4616 1881 4656 vero
1904 4603 2070 4656 etiam
2106 4604 2211 4658 hoc
2234 4604 2458 4660 verbum
2489 4606 2764 4668 significat
2812 4622 3130 4675 suspensum
3162 4622 3321 4673 esse;

1755 4692 1857 4746 hoc
1885 4692 2007 4747 loco
2055 4705 2236 4749 tamen
2280 4696 2332 4750 iu
2380 4697 2550 4766 priori
2598 4698 2998 4768 significatione
3038 4708 3321 4768 acceptum

1752 4791 1855 4839 est.
1884 4784 2072 4840 lllucel
2096 4786 2277 4856 itaque
2308 4788 2399 4842 lux
2438 4790 2536 4858 ipsi
2569 4791 2732 4843 etiam
2777 4789 3114 4854 conniventi,
3148 4804 3324 4857 neque

1751 4877 1998 4944 deserit;
2034 4895 2209 4949 neque
2254 4882 2416 4935 etiam
2470 4883 2558 4936 lux
2616 4883 2909 4952 quidquam
2947 4883 3077 4938 facit
3128 4893 3325 4952 praeter

1751 4983 1809 5023 ea
1836 4985 1956 5037 qua:
1987 4970 2123 5024 lucis
2150 4982 2274 5026 sunt
2304 4974 2545 5041 propria,
2584 4973 2794 5027 tametsi
2831 4989 2982 5027 mens
3011 4975 3250 5042 imperfei
3271 4982 3324 5028 te

1750 5064 2068 5119 accesserit.
2121 5062 2361 5132 Benigne
2413 5065 2577 5133 igitur
2624 5063 2805 5127 divina
2852 5064 2943 5119 lux
2999 5064 3325 5120 mentalibus

1749 5168 1967 5222 semper
2005 5155 2181 5210 oculis
2216 5163 2386 5226 patet,
2432 5155 2667 5226 licetque
2718 5156 2801 5210 bis
2843 5156 3019 5209 lucem
3070 5156 3324 5224 excipere

1749 5246 2185 5314 quandocunque
2230 5246 2518 5300 voluerint.
2574 5246 2657 5300 Ad
2719 5245 2878 5315 liujus
2909 5245 3319 5300 similitudinem

1748 5339 1913 5393 etiam
1947 5338 2241 5409 episcopus
2292 5338 2553 5393 doctrinae
2599 5339 2781 5394 radios
2833 5338 3089 5407 expandit
3124 5347 3229 5390 tam
3255 5337 3321 5391 iis

1748 5433 1839 5500 qui
1872 5432 1981 5501 apti
2014 5441 2139 5485 sunt
2185 5430 2251 5484 ad
2277 5446 2370 5485 eos
2402 5432 2772 5500 excipiendos,
2803 5445 2962 5500 quam
2998 5429 3063 5484 iis
3094 5428 3186 5499 qui
3213 5443 3319 5482 non

1749 5522 2211 5593 suntapti,nu|lo
2237 5523 2366 5578 odio
2418 5524 2603 5578 dirave
2658 5522 3049 5594 imprecatione
3098 5529 3321 5592 propter

1750 5619 1983 5687 priorem
2054 5617 2413 5670 defectionem
2497 5615 3087 5686 intemperantiamque
3138 5625 3317 5669 utens.

1752 5709 1875 5765 Haec
1914 5718 2096 5763 autem
2139 5708 2270 5764 dicit
2322 5719 2541 5779 propter
2596 5725 2659 5765 ea
2711 5724 2829 5779 quae
2865 5711 3116 5781 superius
3172 5709 3316 5762 dicta
