3728 6312
92 272 208 334 821

683 279 771 335 DE
802 279 1086 338 ECCLES.
1122 278 1523 343 HIERARCH..
1548 258 1809 337 CAPIII.
1841 311 1916 323 —
1946 280 2297 340 PARAPHR.
2330 254 2807 342 PACIIYMERE.

3272 288 3386 345 ης

106 397 331 469 Ἰησηῦν
348 392 582 467 Χριστὸν
609 394 704 448 καὶ
726 394 878 458 Θεὸν,
906 395 1075 466 δηλοῖ,
1103 394 1222 458 πῶς
1249 394 1345 465 μὲν
1375 394 1634 466 ἁθλοθέτη

1824 395 2089 452 )ominum
2136 410 2383 455 nostrum
2426 398 2614 455 Jesum
2661 400 2941 457 Christum
2971 417 3033 457 ac
3065 402 3255 468 Deum.
3285 407 3381 460 dc-

94 492 226 555 πῶς
245 491 301 544 δὲ
328 487 644 560 νομοθέτης,
670 488 793 555 ,πῶς
825 487 1147 557 στεφοδότης
1171 486 1354 540 καλῶν
1376 488 1468 540 καὶ
1488 485 1695 557 ἀφθάρ-

95 600 211 637 των
247 581 545 649 στεφάνων,
575 578 692 643 πῶς
710 579 766 631 δὲ
794 578 888 631 καὶ
919 577 1341 649 συναγωνιστὴς,
1372 578 1532 630 οἱονεὶ
1556 576 1694 629 ἀλεί-

94 693 251 747 πτης
275 674 439 729 ἐστίν.
475 674 533 729 ’0
561 674 740 728 τοίνυν
799 672 1005 745 Ἰησοῦς
1033 672 1285 744 Χριστὸς,
1331 672 1406 735 ὼς
1434 671 1531 741 μὲν
1559 670 1690 733 Θεὸς

96 768 221 840 (καὶ
270 768 572 839 σημείωσαι
624 766 686 819 τὸ
734 766 896 837 ῥητὸν
944 764 1087 818 κατὰ
1146 762 1548 835 νεστοριανῶν,)
1597 762 1691 832 δη-

97 863 357 931 μιουργεῖ
404 860 505 930 τὴν
551 858 891 920 ἀθλοθεσίαν,
919 857 949 909 ὁ
979 856 1086 929 γὰρ
1123 857 1404 928 ὑπερέχων
1456 856 1551 909 καὶ
1600 854 1690 906 δυ-

92 956 355 1025 νάμενος,
412 954 717 1008 ἀθλοθετεϊ·
753 954 828 1017 ὡς
859 953 915 1006 δὲ
958 952 1122 1021 σοφὸς
1170 950 1469 1022 νομοθετεῖ,
1519 947 1684 1017 σοφοῦ

93 1052 206 1122 γὰρ
236 1054 274 1122 ἡ
305 1050 614 1121 νομοθεσία,
662 1050 800 1120 ὅπερ
836 1049 982 1101 ἐστὶν
1026 1049 1073 1099 εἰ
1115 1046 1257 1098 οὔτω
1313 1044 1472 1114 τυχὸν
1527 1060 1686 1115 περι-

92 1145 442 1215 γενήσεταιό
476 1141 892 1212 ἀγωνιζόμενος,
936 1138 1078 1193 οὕτω
1130 1137 1381 1204 τεύξεται
1434 1135 1528 1190 τοῦ
1573 1152 1688 1188 στε-

68 1216 295 1313 ξφάνου,
329 1239 378 1289 εξ
408 1236 481 1307 μὴ
502 1234 668 1297 οὕτω,
699 1236 760 1287 τὸ
785 1232 1039 1305 βραϐεῖον
1084 1234 1143 1286 ού
1186 1232 1449 1304 λήψεταιθ
1480 1231 1556 1294 ὠς
1584 1246 1685 1283 κα-

90 1330 181 1393 λὸς
213 1330 472 1383 καλλύνει
501 1328 572 1381 τὰ
600 1327 805 1380 ἔπαθλα
826 1344 839 1356 ³
896 1328 965 1381 Ἀ
988 1326 1099 1396 γὰρ
1123 1326 1450 1394 ἡτοίμασεν
1476 1328 1509 1379 ό
1540 1322 1685 1389 Θεὸς

90 1425 216 1489 τοῖς
244 1421 561 1492 ἀγαπῶσιν
595 1420 803 1483 αὑτὸν,
830 1420 968 1474 οὔτε
992 1418 1299 1487 ὀφθαλμὸς
1336 1416 1514 1479 εἶδεν,
1544 1417 1683 1471 οὔτε

89 1517 197 1581 οὓς
223 1515 516 1584 ἤκουσεν,
542 1515 679 1567 οὔτε
712 1514 809 1566 ἐπὶ
838 1512 1090 1581 καρδίαν
1121 1509 1433 1578 ἀνθρώπου
1461 1510 1644 1578 ἀνέϐη
1664 1524 1680 1541 ⁶

89 1610 163 1672 ὡς
188 1610 248 1661 δέ
281 1608 487 1677 ἀγαθὸς
514 1606 699 1678 βοηθεῖ
747 1607 839 1659 καὶ
873 1604 1315 1673 συναγωνίζεται,
1363 1604 1525 1667 αὐτὸς
1566 1603 1677 1675 γάρ

88 1704 236 1755 ἐστιν
267 1705 297 1755 δ
323 1702 527 1769 λέγων’
561 1700 864 1768 Θαρσεῖτε,
914 1698 1029 1769 ἐγὼ
1082 1698 1372 1764 νενίκηκα
1428 1698 1535 1749 τὸν
1579 1697 1679 1749 κό-

88 1809 266 1860 σμον.
298 1791 540 1845 ’Δνωθεν
569 1792 699 1859 γοῦν
747 1787 1115 1861 ῥητέον,’καθ’
1145 1787 1258 1851 οὒς,
1297 1788 1388 1839 ὑπ’
1411 1786 1673 1860 ἁθλοθέτῃ
1708 1778 1747 1832 Β
1777 1796 1832 1834 88
1862 1789 1885 1816 ³
1922 1797 1935 1834 1

86 1884 308 1956 Χριστῷ
334 1884 674 1954 γιγνόμενος,
700 1882 1029 1936 ἀποδύσεται
1059 1881 1195 1951 πρὸς
1222 1880 1398 1944 θείους
1431 1881 1667 1948 ἀγῶνας,

88 1978 187 2031 ὑπὸ
209 1976 482 2049 νομοθέτῃ
510 1977 739 2047 ἐμμενεί
781 1978 901 2039 ταῖς
938 1974 1035 2027 τοῦ
1088 1973 1252 2043 σοφοῦ
1306 1973 1667 2043 νομοθεσίαις,

86 2068 187 2120 ὑπὸ
233 2068 389 2137 καλῷ
444 2066 677 2137 βεϐαίως
710 2065 821 2130 ἕξει
849 2066 938 2120 διὰ
960 2066 1029 2121 τὰ
1056 2065 1195 2120 καλὰ
1224 2064 1452 2127 ἔπαθλα,
1483 2066 1587 2118 ὑπὸ
1611 2066 1669 2119 δὲ

88 2159 269 2230 αγαθῷ
319 2158 679 2231 βοηθούμενος
728 2159 826 2229 οὐχ
876 2157 1255 2230 ἡττηθήσεται.
1307 2156 1533 2221 Ἐπιϐὰς
1561 2156 1670 2227 γὰρ

88 2252 190 2314 τοῖς
222 2249 398 2320 ἴχνεσι
426 2250 520 2304 τοῦ
548 2250 763 2323 πρώτου
791 2249 901 2303 τῶν
928 2248 1175 2321 ἀθλητῶν
1216 2249 1389 2321 Ἰησοῦ
1429 2246 1667 2320 Χριστοῦ

88 2343 174 2394 τού
198 2341 405 2412 Κυρίου
438 2342 614 2414 ἡμῶν,
638 2342 697 2406 ὃς
723 2341 812 2395 διὰ
843 2342 1011 2414 μόνην
1035 2342 1342 2413 ἁγαθότητα
1371 2341 1506 2394 ἰδίαν
1533 2340 1668 2411 πρὸς

88 2432 142 2485 τὸ
182 2432 277 2486 τοῦ
333 2433 563 2487 Θανάτου
626 2434 930 2503 ἠγωνίσατο
1001 2436 1219 2506 κράτος,
1268 2433 1368 2497 τὰς
1418 2432 1667 2497 ἐναντίας

90 2522 227 2593 αύτῷ
256 2524 398 2595 πρὸς
435 2526 533 2596 τὴν
561 2524 753 2577 θέωσιν
779 2524 1149 2588 ἀποπατικὰς
1177 2524 1457 2595 ἐνεργείας
1483 2540 1540 2576 τε
1572 2523 1666 2577 καὶ

91 2614 347 2685 ύπάρᾷις
377 2615 806 2681 καταπαλαίσας,
834 2616 1264 2688 συναποθνήσκει
1315 2614 1536 2687 Χριστῷ
1577 2613 1665 2668 διὰ

90 2706 181 2775 τῆς
202 2709 428 2779 τριττῆς
450 2709 817 2775 καταδύσεως,
848 2709 1017 2762 τύπον
1050 2708 1279 2779 ἐχούσης
1307 2708 1406 2777 τῆς
1432 2708 1661 2779 τριημέ-

93 2816 177 2868 ρου
223 2801 405 2869 ταφῆς
453 2800 545 2853 τοῦ
593 2802 818 2871 Κυρίου.
881 2801 1190 2873 Ἐνεργείας
1246 2800 1304 2854 δὲ
1352 2799 1499 2867 λέγει
1563 2798 1663 2863 τὰς

90 2894 362 2963 ἁμαρτίας
385 2895 478 2946 καὶ
501 2894 600 2956 τὰς
626 2894 893 2965 ἐμπαθεῖς
924 2894 1238 2965 ἐπιθυμίας,
1297 2891 1561 2964 ὑπάρξεις
1581 2892 1659 2956 δὲ,

90 2984 177 3048 τὰς
212 2987 422 3040 τούτων
466 2984 824 3057 ἐνεργητικὰς
870 2986 978 3040 τῶν
1024 2984 1292 3056 δαιμόνων
1336 2983 1563 3053 φύσεις⁸
1605 2984 1658 3035 αἱ

92 3079 187 3151 γὰρ
239 3081 482 3153 πονηραὶ
534 3080 762 3151 πράξεις
819 3081 919 3133 οὐκ
969 3080 1027 3133 ἐν
1086 3079 1194 3150 ἰδίᾳ
1236 3077 1469 3150 ὑπάρξει
1520 3076 1656 3130 θεω-

92 3170 316 3240 ροῦνται.

155 3441 317 3512 μη.
366 3443 477 3497 Καί
516 3461 605 3514 μοι
634 3442 745 3497 νόει
793 3444 976 3497 ἐκεῖνα
1020 3440 1090 3495 τὰ
1136 3439 1258 3513 ἱερά
1288 3441 1420 3511 ὅσην
1465 3439 1661 3493 οἰκειό-

90 3546 208 3602 τητα
255 3536 394 3606 πρὸς
429 3537 604 3590 ταῦτα
638 3536 707 3590 τὰ
753 3536 995 3607 σύμϐολα
1029 3536 1260 3605 ἔχουσιν.
1299 3533 1517 3603 Ἐπειδὴ
1549 3532 1658 3603 γὰρ

90 3626 255 3700 δπαρ⁸
282 3633 416 3700 ἡμῖν
461 3629 687 3693 θάνατος
719 3631 819 3683 οὐκ
852 3629 999 3682 ἐστιν
1044 3626 1353 3699 ἁνυπαρξία
1386 3627 1657 3698 παντελὴς

91 3722 214 3773 κατὰ
251 3724 310 3776 τὸ
353 3722 510 3788 δόξαν
548 3723 776 3793 ἑτέροις,
811 3722 1004 3785 οἵτινες
1042 3723 1135 3775 καὶ
1171 3721 1271 3791 τὴν
1303 3719 1481 3789 ψυχὴν
1518 3715 1655 3773 εἶναι

92 3810 268 3885 θνητὴν
294 3816 502 3883 ἔλεγον,
523 3817 616 3868 καὶ
638 3817 718 3878 είς
738 3816 800 3867 τὸ
833 3815 1054 3885 μηδαμῇ
1092 3814 1358 3884 μηδαμῶς
1390 3809 1529 3865 εἶναι
1561 3810 1655 3865 τὸν

93 3908 355 3980 ἄνθρωπον
426 3909 770 3979 φθείρεσθαισ
816 3908 931 3962 ἀλλ’
970 3909 1085 3961 ἔστι
1135 3908 1407 3979 διάκρισις
1478 3909 1654 3979 ψυχῆς

92 4000 182 4053 ἀπὸ
214 4002 483 4073 σώματος,
510 4004 608 4073 τὴν
656 4002 754 4071 μὲν
783 4001 957 4071 ψυχὴν
993 4002 1071 4065 είς
1104 4002 1164 4053 τὸ
1194 4000 1396 4071 ἀφανὲς
1424 4000 1651 4068 ἄγουσα,

94 4092 233 4160 (κατὰ
256 4095 413 4147 τοῦτο
442 4093 551 4164 γὰρ
580 4094 675 4146 καὶ
708 4093 841 4163 ᾅδης
870 4092 1254 4161 λέγεται,τοῦτ’
1278 4092 1445 4155 ἐστιν,
1472 4094 1500 4147 ὁ
1521 4095 1656 4163 ἀφα-

93 4186 170 4255 νὴς
196 4189 470 4260 χωρισμὸς
495 4188 673 4259 ψυχῆς
694 4188 801 4241 ἀπὸ
835 4186 1129 4258 σώματος,)
1156 4186 1216 4239 τὸ
1244 4185 1401 4275 σῶμα
1425 4187 1479 4240 δὲ
1510 4188 1543 4258 ἦ
1572 4190 1652 4252 είς

94 4277 177 4346 γῆν
206 4282 667 4353 παραπέμπουσα,
695 4280 727 4352 ἢ
758 4279 854 4333 καὶ
880 4280 1001 4333 καθ’
1023 4280 1216 4349 ἑτέραν
1247 4277 1369 4332 τινὰ
1393 4279 1504 4333 τῶν
1544 4298 1650 4333 σω-

96 4372 307 4435 ματικῶν
334 4372 674 4425 ἁλλοιώσεων
705 4370 1058 4440 ἀφανίζουσα.
1104 4371 1436 4435 Ἀλλοιώσεις
1456 4372 1512 4425 δὲ
1541 4373 1649 4426 νόει

1690 3122 1731 3179 C

1796 488 1968 544 cIarat
1999 492 2274 559 quomodo
2296 495 2672 557 munerarius.
2698 496 2974 564 quomodo
3002 496 3218 568 legifer,
3243 514 3384 569 quo—

1794 583 1957 637 modo
1998 584 2347 654 pulchrarum
2396 597 2453 641 et
2503 587 2897 644 immortalium
2949 605 3280 649 coronarum
3308 595 3384 649 sit

1793 675 2074 746 elargitor,
2124 679 2399 746 quomodo
2444 681 2611 734 etiam
2656 684 2961 738 commilito
2985 684 3057 739 sit
3104 694 3159 739 et
3205 685 3376 741 veluti

1795 768 2067 824 inunctor.
2092 768 2251 825 Jesus
2279 771 2463 841 itaque
2486 774 2761 840 Christus,
2792 785 3051 847 tanquam
3080 778 3226 833 Deus
3253 779 3380 849 qui-

1793 860 1915 915 dem
1964 860 2128 931 (quod
2183 864 2413 918 observa
2487 865 2695 921 dictum
2745 877 2936 922 contra
2988 869 3375 943 Nestorianos)

1792 951 2141 1018 praemiorum
2193 955 2621 1023 propositionem
2673 957 2915 1013 instituit
2942 977 2956 1013 :
2982 960 3075 1029 qui
3102 963 3249 1016 enim
3276 978 3375 1017 su-

1790 1044 2095 1111 pereminet
2143 1055 2197 1100 et
2219 1057 2412 1116 potens
2438 1059 2544 1111 est.
2575 1049 2621 1103 is
2648 1051 2872 1118 praemia
2922 1055 3219 1121 proponit:
3254 1065 3378 1109 tan-

1789 1146 1955 1200 quam
2002 1136 2224 1203 sapieas
2275 1151 2406 1192 vero
2456 1138 2602 1209 leges
2653 1138 2804 1202 fert;
2838 1142 3101 1207 sapientis
3125 1145 3270 1199 enim
3294 1154 3377 1200 est

1788 1221 1934 1292 leges
1966 1223 2127 1287 ferre,
2159 1233 2217 1280 ut
2245 1227 2289 1279 si
2318 1242 2373 1282 v.
2400 1243 2452 1296 ε.
2498 1226 2603 1281 hoc
2650 1230 2812 1283 modo
2837 1230 3056 1285 vincere
3079 1233 3377 1303 contigerit

1788 1325 2109 1380 certantem.
2145 1318 2215 1371 ita
2259 1334 2477 1387 quoque
2526 1335 2786 1374 coronam
2838 1334 3233 1392 consequatur,
3286 1325 3372 1379 sin

1786 1422 1965 1471 secus,
2012 1409 2264 1463 bravium
2313 1426 2537 1479 quoque
2564 1428 2672 1466 non
2697 1412 3073 1481 adipiscatur:
3105 1426 3363 1485 tanquam

1785 1501 2014 1570 pulcher
2064 1513 2244 1556 autem
2299 1503 2526 1571 pulchra
2593 1505 2816 1573 praemia
2862 1507 3162 1575 pr0ponit:
3210 1522 3373 1576 neque

1784 1595 1920 1645 enim
1965 1593 2147 1647 oculus
2198 1596 2549 1665 vidit,neque
2598 1598 2747 1650 auris
2801 1598 3031 1661 audivit,
3075 1615 3167 1653 nec
3194 1599 3250 1652 in
3280 1616 3363 1652 cor

1783 1686 2009 1739 hominis
2046 1691 2281 1741 ascendit
2314 1706 2429 1758 qua:
2452 1691 2772 1758 praeparavit
2829 1690 2973 1744 Deus
3025 1692 3367 1759 diligentibus

1982 1791 2243 1850 tanquam
2291 1782 2468 1836 bonus
2516 1798 2646 1836 vero
2673 1783 2775 1837 fert
2801 1784 3061 1837 auxilium
3090 1794 3142 1839 et
3168 1800 3359 1854 suppe-

1779 1873 1903 1942 tias,
1951 1874 2066 1944 ipse
2115 1876 2260 1930 enim
2315 1886 2399 1930 est
2442 1876 2534 1946 qui
2584 1876 2758 1933 dicit:
2789 1877 3076 1946 Conﬁdite,
3130 1896 3222 1948 ego
3258 1881 3360 1933 vici

1774 1969 2034 2021 mundum
2063 1980 2114 2022 ι.
2151 1969 2335 2022 Denuo
2361 1968 2525 2037 igitur
2552 1968 2867 2035 dicendum,
2897 1986 3021 2025 emn
3048 1972 3137 2040 qui
3167 1986 3363 2025 secun-

1774 2057 1901 2111 dum
1923 2060 2025 2113 hos
2051 2059 2151 2113 sub
2190 2059 2410 2113 Christo
2448 2062 2764 2114 mtmerario
2813 2062 3148 2115 constitutus
3174 2062 3240 2115 ad
3279 2062 3364 2115 di-

1772 2152 1900 2204 vina
1929 2152 2230 2205 certamina
2274 2163 2472 2207 exutus
2520 2151 2707 2214 fuerit,
2768 2153 2866 2221 qui
2925 2152 3362 2221 legislatorissa-

1773 2241 1975 2312 pientis
2019 2242 2399 2297 sanctionibus
2448 2244 2758 2301 adhzeserit.
2798 2260 2825 2296 a
2874 2243 3099 2311 pulchro
3143 2257 3361 2312 quoque

1771 2334 1999 2404 pulchra
2028 2336 2256 2404 praemia
2286 2345 2441 2390 certo
2468 2346 2913 2407 consecuturum,
2961 2344 3013 2390 et
3040 2352 3069 2389 a
3099 2336 3240 2389 bono
3262 2336 3359 2389 ad-

1764 2430 1967 2499 iutum,
2015 2428 2241 2484 minime
2291 2430 2564 2485 devictum
2623 2427 2783 2501 185
2834 2431 2922 2484 iri.
2975 2430 3143 2484 Primi
3206 2431 3354 2484 enim

1767 2522 2101 2577 athletarum
2127 2522 2252 2577 Jesu
2284 2523 2488 2578 Christi
2542 2526 2755 2579 Domini
2790 2526 2958 2578 nostri
2994 2524 3238 2595 vestigiis
3278 2525 3359 2577 in-

1768 2616 1995 2681 sistens,
2030 2618 2121 2687 qui
2170 2617 2287 2671 sola
2338 2616 2583 2673 bonitate
2631 2634 2727 2671 sua
2754 2634 2877 2672 cum
2906 2620 3099 2674 mortis
3128 2619 3358 2688 imperio

1768 2708 2076 2775 dimicavit,
2104 2709 2350 2764 actiones
2375 2710 2827 2781 substantiasque
2872 2711 3207 2766 deificationi
3239 2727 3357 2765 sua:

1766 2799 2120 2857 adversantes
2150 2811 2529 2872 prosternens,
2583 2804 2805 2858 Christo
2852 2806 3219 2859 commoritur
3252 2820 3354 2873 per

1769 2894 2038 2964 triplicem
2092 2895 2522 2963 immersionem,
2559 2912 2681 2966 quae
2728 2896 2995 2952 triduana:
3047 2897 3348 2967 sepultura:

1769 2985 1981 3040 Domini
2019 2987 2246 3057 ﬁguram
2281 2988 2469 3043 refert.
2518 2989 2775 3045 Actiones
2804 2997 2986 3044 autem
3012 3000 3190 3053 vocat,
3218 3004 3352 3057 pec-

1766 3089 1890 3131 cata
1926 3078 2364 3148 cupiditatesque
2409 3076 2753 3134 turbulentas
2784 3096 2800 3142 ;
2832 3080 3171 3135 substantias
3199 3093 3351 3146 vero,

1767 3172 2075 3225 dzcnionutn
2111 3182 2355 3236 naturas,
2381 3187 2503 3240 quae
2545 3171 2851 3227 istiusmodi
2878 3172 3075 3240 agendi
3109 3172 3215 3225 vim
3255 3173 3353 3226 Ita»

1765 3265 1935 3319 bent:
1969 3264 2231 3333 improbae
2275 3254 2421 3319 enim
2474 3260 2723 3320 actiones
2772 3278 3116 3335 nequaquam
3143 3265 3195 3318 in
3224 3280 3347 3333 pro-

1764 3358 1885 3428 pria
1912 3372 2007 3411 sua
2040 3357 2347 3412 substantia
2372 3358 2651 3414 videntur.

1836 3450 1864 3522 §
1901 3451 2006 3504 VII.
2039 3450 2358 3516 Considera,
2386 3465 2591 3519 quaeso,
2626 3451 2727 3505 ista
2754 3462 3122 3515 sacramenta,
3163 3466 3343 3521 quan-

1770 3554 1876 3596 tam
1907 3558 2030 3598 cum
2062 3542 2329 3613 symbolis
2356 3544 2469 3597 suis
2496 3544 2885 3613 proprietatem
2929 3544 3184 3599 habeant.
3207 3544 3342 3599 Cum

1760 3637 1906 3690 enim
1936 3637 1991 3690 in
2017 3636 2170 3691 nobis
2220 3650 2367 3691 mors
2398 3653 2509 3692 non
2555 3636 2628 3692 sit
2669 3639 2984 3692 omnimoda
3025 3639 3349 3694 substantiae

1761 3729 2003 3791 abolitio,
2035 3730 2113 3784 uti
2159 3730 2488 3800 quibusdam
2537 3729 2744 3801 placet,
2782 3732 2876 3802 qui
2907 3733 3073 3787 etiam
3106 3734 3342 3789 animam

1762 3822 2047 3877 mortalem
2095 3838 2238 3888 esse,
2294 3824 2683 3893 hominemque
2736 3827 2952 3895 penitus
2996 3827 3063 3880 ad
3112 3826 3341 3880 nibilmn

1762 3913 1927 3983 redigi
1952 3923 2005 3969 et
2027 3908 2306 3983 corruinpi
2342 3915 2661 3969 asserebant
2684 3934 2698 3979 ;
2721 3916 2815 3969 sed
2844 3915 3119 3983 separatio
3144 3915 3345 3970 animat

1757 4020 1785 4058 a
1817 4018 2063 4075 corpore,
2103 4005 2340 4059 animam
2370 4006 2589 4073 quidem
2619 4006 2687 4061 ad
2714 4006 2764 4060 id
2795 4007 2937 4075 quod
2964 4005 3122 4061 nobis
3150 4006 3343 4061 obscu-

1758 4112 1875 4151 rum
1921 4105 2007 4154 est
2051 4098 2259 4152 ducens
2301 4097 2476 4166 (juxta
2532 4099 2674 4168 quod
2725 4099 2889 4153 etiam
2930 4098 3017 4153 ille
3059 4101 3255 4154 anima:
3307 4114 3338 4153 a

1754 4204 1984 4258 corpore
2012 4189 2285 4244 discessus
2320 4188 2457 4261 ᾅδης
2483 4204 2579 4246 seu
2604 4188 2863 4261 infernus,
2892 4189 2945 4245 id
2974 4198 3057 4245 est
3085 4191 3338 4246 obscurus

1753 4280 1974 4351 dicitur)
2005 4296 2203 4349 corpus
2255 4296 2385 4335 vero
2426 4279 2511 4338 vel
2560 4276 2716 4335 terra:
2770 4283 3068 4349 mandans,
3110 4283 3197 4337 vel
3234 4285 3338 4338 alia

1752 4375 2010 4445 quapiam
2053 4374 2327 4444 corporali
2370 4376 2757 4430 immutatione
2790 4376 3034 4431 abolens.
3074 4376 3337 4431 lmmuta-

93 4460 174 4524 τὰς
196 4466 266 4527 εἰς
295 4464 583 4536 σκώληκας
606 4466 700 4518 καὶ
725 4466 804 4527 είς
826 4465 960 4518 ἄλλα
987 4463 1201 4533 ξωΰφια
1234 4466 1641 4536 μεταστοιχειώ-

1824 4479 1939 4520 mes
1967 4474 2150 4519 autem
2182 4464 2493 4520 vocatillas
2520 4479 2643 4534 qua
2688 4467 2740 4520 in
2792 4481 3008 4522 vermes
3060 4466 3215 4535 fiunt,
3247 4466 3332 4521 vel
3416 4456 3419 4457 ⁷

98 4568 187 4616 aet;
210 4557 295 4610 τοῦ
329 4557 603 4626 σώματος’
628 4556 717 4609 διὰ
743 4556 901 4609 τοῦτο
940 4558 973 4626 ἡ
1006 4554 1160 4626 ὑλικὴ
1196 4556 1291 4609 τοῦ
1328 4557 1517 4621 ὓδατος
1544 4559 1644 4612 κὰ-

96 4642 224 4713 λυψις
242 4650 335 4721 τὴν
360 4649 616 4719 τοιαύτην
638 4648 813 4701 ἀϊδίαν
835 4648 936 4717 τῆς
964 4664 1022 4701 τε
1062 4647 1258 4718 ψυχῆς·
1280 4650 1372 4702 καὶ¹
1413 4649 1507 4703 τοῦ
1537 4649 1643 4701 σώ-

99 4751 255 4803 ματος,
284 4740 525 4812 δηλονότι
556 4740 648 4795 τὸν
682 4739 907 4794 θάνατον
951 4740 1273 4811 παραδηλοῖ.
1302 4741 1411 4793 Καὶ
1443 4742 1563 4795 ἐπεὶ
1585 4742 1645 4795 ἐν

97 4829 241 4895 τρισὶν
273 4835 527 4906 ἡμέραις,
561 4835 654 4887 καὶ
678 4835 735 4885 ἐν
770 4836 917 4904 τρισὶ
958 4833 1105 4898 νυξὶν
1136 4834 1194 4887 ἐν
1230 4838 1295 4906 τῇ
1337 4834 1513 4905 κοιλίᾳ
1542 4836 1638 4905 τῆς

1754 4555 1961 4611 similes
2003 4556 2058 4609 in
2098 4555 2201 4608 alia
2253 4555 2579 4611 animalcula
2608 4558 2853 4625 corporis
2897 4555 3336 4611 transformatio-

1756 4663 1883 4712 nes;
1935 4648 2195 4715 quocirca
2247 4648 2411 4702 etiam
2466 4648 2655 4705 totalis
2703 4650 2808 4705 ista
2851 4663 3008 4717 aqua:
3053 4649 3333 4718 coopertio

1754 4739 2058 4796 istiusmodi
2091 4749 2410 4811 perpetuam
2452 4741 2651 4795 animae
2698 4741 3053 4810 corporisque
3102 4753 3329 4797 mortem

1753 4831 2047 4900 significat.
2079 4831 2145 4887 Et
2183 4834 2444 4902 quoniam
2472 4834 2650 4889 tribus
2684 4833 2877 4887 diebus
2913 4848 2980 4888 ac
3024 4832 3199 4888 tribus
3230 4849 3328 4888 no-

97 4919 176 4988 γῆς
203 4926 228 4975 ὁ
262 4924 561 4998 ζωαρχικὸς
604 4925 809 4997 Ἰησοῦς
850 4925 1052 4997 ἔμεινε,
1092 4925 1179 4979 διὰ
1219 4928 1316 4997 μὲν
1342 4927 1451 4979 τῶν
1474 4926 1640 4997 τριῶν

1829 4926 1930 4980 bus
1960 4924 2122 4981 Jesus
2153 4927 2243 4998 qui
2268 4927 2393 4982 vita:
2435 4929 2691 4996 princeps
2728 4934 2831 4989 est,
2862 4925 2916 4978 in
2949 4934 3138 4980 ventre
3169 4932 3327 4980 terra:

98 5012 400 5071 καταδύσεων
434 5018 491 5069 αἱ
529 5019 680 5088 τρεῖς
725 5016 919 5080 νύκτες
966 5016 1434 5089 παραδηλοῦνταισ
1472 5014 1563 5069 διὰ
1586 5016 1644 5069 δὲ

98 5102 183 5154 τῶν
205 5108 357 5178 τριῶν
389 5109 698 5163 ἀναδύσεων
729 5110 785 5161 αί
810 5111 957 5177 τρεῖς
975 5109 1203 5179 ἡμέραι.

154 5286 329 5357 §Vlll.
390 5293 550 5363 Ἑξῆς
601 5293 657 5347 δὲ
695 5293 958 5363 φωτοειδῆ
1006 5293 1197 5363 ἱμάτια
1241 5293 1269 5344 ὁ
1313 5290 1636 5363 τελούμενος

1748 5019 2050 5086 permansit
2076 5060 2090 5082 .
2114 5034 2215 5090 per
2244 5028 2357 5075 tres
2395 5019 2613 5088 quidem
2658 5018 3058 5081 immersiones,
3093 5027 3203 5071 tres
3232 5032 3330 5071 no-

1749 5120 1901 5173 ctes,
1933 5125 2029 5179 per
2078 5123 2190 5169 tres
2230 5122 2411 5169 autem
2456 5111 2822 5174 emersiones,
2858 5117 2969 5165 tres
3014 5108 3155 5164 dies
3180 5109 3327 5167 desi-

1744 5211 1999 5270 guantur.

1813 5291 1841 5363 ς
1864 5290 1990 5346 VIII.
2015 5291 2274 5348 Candidis
2301 5291 2500 5347 deinde
2519 5290 2863 5348 vestimean
2885 5290 3129 5346 initiatus
3153 5291 3327 5347 indui-

101 5376 412 5449 ἀμφιέννυται
447 5388 535 5441 διὰ
566 5389 629 5442 τὸ
670 5388 878 5451 ἀπαθὲς
922 5388 1015 5441 καὶ
1041 5386 1384 5459 ἀρρύπωτον,
1414 5386 1509 5439 καὶ
1536 5386 1637 5456 τὴν

1824 5399 1852 5449 ’,
1882 5394 2107 5453 propter
2140 5384 2455 5453 passionum
2487 5397 2553 5437 ac
2594 5384 2836 5439 sordium
2875 5382 3239 5448 vacuitatem,
3270 5392 3325 5437 et

102 5471 209 5539 πρὸς
233 5478 288 5529 τὸ
328 5480 382 5533 ἐν
414 5480 529 5549 φῶς
573 5480 875 5543 σύννευσιν,
927 5479 1047 5532 καθ’
1081 5480 1149 5550 ἣν
1179 5480 1206 5531 ὁ
1236 5478 1481 5549 ῥυπαρὸς
1523 5476 1636 5546 βίος

102 5562 172 5613 καὶ
195 5568 412 5642 ἄκοσμος
458 5573 549 5626 καὶ
590 5570 829 5635 ἀνείδεος
857 5571 1020 5623 οἱονεὶ⁵
1055 5569 1323 5641 δυσειδής,
1350 5568 1489 5638 (οὔδε
1519 5568 1629 5639 γὰρ

158 5744 349 5806 ‘lCor.
380 5770 442 5819 ιι,
472 5752 527 5809 9.
606 5764 631 5794 α
664 5752 819 5808 Joan.
856 5769 969 5819 xvi,
1010 5753 1100 5808 5⁸5.

1739 5492 1859 5530 cum
1898 5493 2006 5532 uno
2040 5476 2245 5531 lumine
2284 5478 2739 5541 consensionem,
2780 5490 2876 5545 per
2903 5491 3067 5546 quam
3100 5476 3322 5531 sordida

1746 5580 1800 5624 ct
1837 5570 2115 5625 immunda
2143 5571 2527 5642 _.informisque
2554 5571 2663 5626 vita
2695 5569 2848 5641 quasi
2887 5568 3170 5643 disparuit.
3204 5566 3322 5627 Non
