3728 6386
125 396 215 452 625

1119 397 1208 452 DE
1242 396 1522 453 ECCLES.
1561 393 1965 460 HIERABCH.,
2011 394 2164 450 CAP.
2209 393 2293 450 Ill.

3244 395 3348 450 4‘16

121 509 578 582 τελεσιουργούσης
609 511 772 564 αὐτοῦ
804 511 903 584 τὴν
942 513 1080 586 πρὸς
1111 515 1242 567 Θεὸν
1284 514 1585 567 κοινωνίαν.
1612 515 1631 566 1

1840 512 2048 567 antium
2094 511 2477 578 mysteriorum
2517 511 2656 564 dono
2694 512 2932 566 divinam
2971 511 3072 580 ipsr
3105 511 3348 566 conferat

119 606 276 656 τοίνυν
316 605 520 673 ἑκάστη
561 604 672 656 τῶν
715 606 1044 676 ίεραρχικῶν
1071 607 1321 670 τελετῶν,
1347 607 1540 678 ἀτελὴς
1575 607 1675 678 μὲν

116 692 234 747 οὖσα
252 695 317 755 ⁶⁰,
335 695 433 764 τὴν
454 695 590 765 πρὸς
612 695 669 747 τὸ
691 694 748 748 ἓν
769 698 801 766 ἠ
811 696 927 764 μῶν
951 698 1234 750 κοινωνίαν
1261 701 1352 751 καὶ
1375 699 1590 765 σύναξιν
1613 701 1673 752 οὐ

115 787 554 856 τελεσιουργήσει,
577 788 748 839 καὶτὸ
773 784 910 840 εἶναι
929 788 1116 859 τελετὴ
1142 790 1226 842 διὰ
1242 791 1302 842 τὸ
1324 791 1604 843 ἀτέλεστον
1631 793 1670 822 ⁶¹

117 877 422 949 ἀφῃρημένη
440 895 453 907 ·
482 879 544 930 τὸ
573 879 629 931 δὲ
671 880 821 942 τέλος
847 881 1066 952 ἁπάσης
1088 883 1131 913 ⁶²
1151 883 1243 934 καὶ
1285 882 1345 935 τὸ
1385 883 1674 951 κεφάλαιον

116 971 278 1041 ἡτῶν
323 971 626 1044 θεαρχικῶν
676 975 988 1046 μυστηρίων
1034 975 1111 1046 τῷ
1149 977 1454 1048 τελουμένῳ
1505 978 1673 1047 μετὰ-

113 1064 261 1125 δοσις,
295 1064 515 1126 εἰκότως
545 1066 577 1134 ἡ
605 1065 891 1136 ἱεραρχικὴ
928 1067 1139 1130 σύνεσις
1185 1068 1497 1138 ἐπωνυμίαν
1536 1071 1671 1142 αὐτῇ

115 1159 288 1229 κυρίαν
319 1160 382 1212 ἐκ
422 1161 519 1229 τῆς
551 1159 658 1211 τῶν
714 1163 1056 1232 πραγμάτων
1108 1162 1362 1233 ἀληθείας
1411 1163 1669 1234 ἐφεῦρενο

112 1249 238 1302 οὕτω
273 1250 337 1320 δὴ
393 1252 485 1304 καὶ
538 1251 637 1321 τὴν
680 1252 832 1322 ἱερὰν
881 1252 980 1321 τῆς
1037 1252 1374 1321 θεογενεσίας
1419 1255 1668 1324 τελετὴν,

113 1339 282 1409 ἐπειδὴ
311 1339 526 1411 πρώτου
570 1341 743 1409 φωτὸς
777 1340 1122 1410 μεταδίδωσι,
1165 1343 1257 1394 καὶ
1301 1341 1488 1394 πασῶν
1527 1343 1672 1394 ἐστιν

111 1422 238 1499 ἀρχὴ
281 1429 388 1480 τῶν
437 1428 594 1480 θείων
642 1427 1047 1498 φωταγωγιῶν,
1095 1431 1159 1482 ὲκ
1207 1429 1299 1482 τοῦ
1351 1430 1670 1500 τελουμένο·.ι

108 1519 195 1590 τὴν
224 1517 394 1590 ἀληθῆ
434 1518 527 1571 τοῦ
561 1521 906 1591 ςωτίσματος
935 1521 1248 1590 ἐπωνυμίαν
1290 1521 1582 1592 ὑμνοῦμεν.
1609 1523 1670 1574 Εἰ

108 1611 206 1682 ‘(ip
249 1612 342 1663 καὶ
376 1614 506 1664 πᾶσι
555 1612 732 1665 κοινὸν
780 1616 892 1676 τοῖς
941 1614 1269 1684 ἱεραρχικοῑς
1301 1614 1343 1644 ⁵³
1385 1614 1446 1665 τὸ
1493 1614 1669 1682 φωτὸς

109 1701 244 1772 ἱεροῦ
297 1703 632 1773 μεταδιδόναι
685 1707 794 1767 τοῖς
843 1704 1218 1774 τελουμένοις,
1272 1704 1383 1757 ἀλλ’
1427 1705 1562 1776 αὕτη
1611 1705 1670 1758 τὸ

109 1791 327 1863 πρώτως
366 1796 565 1866 εδδίδεῖν
602 1795 912 1867 ἐδωρήσατό
949 1813 1057 1866 μοι,
1096 1796 1187 1848 καὶ
1230 1795 1317 1848 διὰ
1344 1795 1435 1848 τοῦ
1467 1796 1668 1866 ταύτης

1780 606 2240 659 communionem.
2279 603 2479 669 Quare,
2519 602 2562 656 si
2595 604 2844 672 quaelibet
2877 603 3346 657 liierarchicarusn

1777 697 2258 752 consecrationum
2291 695 2606 761 imperfecta
2639 704 2840 759 manet,
2873 697 2998 748 dum
3031 696 3198 748 nostri
3222 711 3348 749 cum

1779 786 1869 840 illo
1891 801 1998 839 uno
2027 785 2458 839 communionem
2487 785 2848 851 unionumque
2876 800 2981 837 non
3005 785 3217 852 perlicit
3245 785 3349 841 hoc

1777 879 1896 946 ipso
1926 876 2066 946 quod
2089 891 2191 929 nou
2217 874 2518 944 perficitur,
2557 875 2868 944 perficiendi
2899 875 3006 928 vim
3051 877 3346 942 amittens;

1777 968 1900 1023 finis
1923 978 2100 1021 autem
2121 966 2366 1020 omnium
2384 977 2464 1020 est
2483 976 2535 1019 et
2554 975 2735 1034 caput,
2753 977 2810 1018 ιιι
2827 982 2948 1019 eum
2967 968 3056 1035 qui
3079 968 3346 1033 initiatur,

1774 1061 2176 1130 praecipuorum
2224 1061 2316 1114 Dei
2351 1061 2733 1130 mysteriorum
2771 1062 3087 1130 participem
3127 1061 3346 1130 efﬁciat,

1776 1152 1900 1222 jure
1933 1153 2129 1207 merito
2187 1152 2514 1222 pontificalis
2565 1151 2792 1206 scientia
2847 1154 3125 1220 proprium
3179 1154 3253 1207 illi
3314 1171 3347 1208 a

1777 1258 1956 1297 rerum
1983 1245 2209 1297 veritate
2228 1257 2425 1296 nomen
2446 1243 2724 1295 adinvcnit
2750 1261 2764 1296 :
2793 1243 2862 1295 ita
2884 1259 3102 1313 quoque
3125 1260 3342 1300 sacram

1775 1336 1969 1389 divina:
2019 1334 2444 1405 regenerationis
2480 1333 2873 1396 iuitiationem,
2923 1339 3066 1404 quod
3115 1337 3344 1405 primam

1774 1427 1948 1482 lucem
1995 1427 2259 1492 conferat,
2294 1426 2648 1494 omniumque
2687 1427 2992 1481 divinarum
3028 1430 3348 1484 illustratio~

1775 1535 1901 1572 num
1921 1519 2244 1588 principium
2268 1518 2468 1571 cxistat
2486 1556 2502 1578 .
2521 1532 2588 1570 ex
2605 1516 2798 1572 effectu
2821 1534 2947 1573 vero
2968 1519 3347 1576 illustratiouis

1776 1616 1993 1664 nomine
2043 1610 2406 1665 celebramus.
2470 1611 2731 1676 Quamvis
2785 1611 2932 1664 enim
3000 1611 3165 1665 etiam
3227 1613 3348 1668 aliis

1777 1700 2136 1754 Ιιίιιῑιιτςιιίρίς
2193 1700 2569 1754 functionibus
2621 1716 2910 1754 commune
2961 1702 3053 1766 sit,
3105 1718 3198 1756 eos
3253 1705 3348 1772 qui

1781 1791 2067 1845 initiantur
2118 1806 2288 1846 sacra:
2336 1791 2475 1845 lucis
2522 1802 2808 1846 consortes
2859 1792 3074 1859 facere;
3107 1804 3347 1850 attamen

107 1886 466 1956 ἀρχικωτάτου
497 1889 670 1957 φωτὸς
700 1891 790 1941 ἐπὶ
816 1889 913 1959 τὴν
948 1888 1057 1941 τῶν
1091 1888 1135 1919 ⁸⁸
1162 1883 1333 1939 ἄλλων
1357 1888 1520 1959 ἱερῶν
1541 1890 1631 1942 ἐπε

1838 1898 1887 1934 ξιτ
1917 1883 2007 1935 illa
2063 1893 2146 1937 est
2190 1899 2308 1950 quae
2351 1884 2580 1951 primum
2635 1883 2762 1936 mihi
2798 1884 2974 1937 visum
3025 1885 3343 1955 impertivit,

103 1977 222 2045 ψίαν
253 1979 694 2051 σωταχίογοῦμαι
744 1983 809 2032 δθ.
851 1981 1033 2034 Ταῦτα
1058 1982 1114 2035 δὲ
1143 1982 1407 2045 εἰπόντες,
1442 1983 1671 2034 ἀνασκε-

101 2069 318 2140 ψὼμεθα
349 2072 438 2123 καὶ
469 2072 770 2142 κατίδωμεν
811 2074 1139 2144 ίεραρχικῶς
1169 2073 1266 2144 τὴν
1297 2073 1414 2126 καθ’
1443 2074 1670 2127 ’ἑκαστον

104 2159 292 2230 ἀκριεῆ
325 2161 423 2230 τῆς
466 2162 773 2233 ἁγιωτάτης
807 2161 1029 2232 τελετῆς
1059 2161 1371 2235 ἱερουργίαν
1408 2162 1501 2215 καὶ
1535 2162 1672 2215 θεω-

105 2251 230 2318 ρίαν.

164 2445 224 2500 ΙΙ.
264 2449 618 2516 Miror-maror
647 2450 978 2518 σιν-(ἕξεως,
1020 2454 1222 2508 εῖτουν
1267 2461 1596 2526 κοινωνίας.

173 2559 228 2612 ὐ
259 2562 364 2632 μὲν
387 2563 667 2635 ίεράρχης,
699 2567 863 2638 εὐχὴν
895 2568 1046 2639 ἱερὰν
1072 2570 1164 2623 ἐπὶ
1189 2571 1282 2624 τοῦ
1311 2572 1452 2626 θείου
1480 2573 1666 2628 θυσια-

98 2654 310 2723 στηρίου
364 2655 614 2721 τελέσας,
665 2657 724 2723 ἐξ
757 2659 920 2711 αὑτοῦ
973 2660 1066 2713 τοῦ
1098 2660 1296 2733 θυμιᾷν
1342 2663 1664 2735 ἀρξάμενος,

95 2745 181 2796 ἐπὶ
215 2748 396 2799 πᾶσαν
427 2747 645 2817 ἔρχεται
662 2749 772 2820 τὴν
801 2750 894 2803 τοῦ
925 2753 1071 2824 ἱεροῦ
1103 2754 1282 2826 χωροῦ
1305 2757 1346 2787 ⁸⁷
1380 2763 1662 2830 περιοχήψ

94 2838 362 2903 ἀναλύσας
395 2839 453 2892 δὲ
478 2839 638 2894 πάλιν
668 2842 759 2895 ἐπὶ
785 2843 846 2896 τὸ
879 2843 1019 2897 θεῖον
1059 2844 1456 2920 θυσιαστήριον,
1485 2852 1664 2922 ἀπάρ-

93 2945 237 2998 χεται
267 2932 370 3002 τῆς
401 2933 552 3002 ἱερᾶς
580 2932 688 2986 τῶν
719 2935 950 3006 ψαλμῶν
995 2937 1279 3007 μελῳδίας,
1333 2942 1665 3013 oux/@0561};

91 3023 232 3092 αὐτῷ
262 3026 370 3096 τὴν
396 3025 676 3097 ψαλμικὴν
706 3028 752 3058 ⁸⁸
781 3028 1080 3099 ἱερολογίαν
1105 3031 1322 3102 ἀπάσης
1344 3032 1444 3102 τῆς
1464 3035 1658 3106 ἐκκλη-

93 3117 376 3188 σιαστικῆς
390 3117 817 3191 διακοσμήσεως.
836 3120 992 3191 Ἑξῆς
1009 3121 1065 3174 δὲ
1100 3121 1186 3174 διὰ
1209 3123 1317 3176 τῶν
1337 3124 1660 3197 λειτουργῶν

1773 1989 1979 2043 perque
2043 1973 2185 2027 illius
2239 1973 2414 2028 lucem
2486 1975 2942 2044 princil'ialiorem
3007 1978 3075 2030 ad
3151 1988 3347 2032 ca.-tera
3427 1976 3441 1986 ”

1774 2080 1989 2133 quoque
2040 2080 2197 2119 sacra
2261 2066 2564 2119 contuenda
2629 2065 2814 2118 iltlllcn
2868 2067 3099 2136 accipio.
3151 2067 3349 2121 llisita

1773 2163 2119 2224 constitutis,
2174 2163 2587 2215 consideremus
2646 2171 2702 2214 et
2781 2161 3128 2224 intueamur,
3197 2179 3350 2218 more

1775 2251 2136 2316 hierarchico,
2167 2253 2466 2321 quemlibet
2514 2261 2764 2306 exactum
2808 2253 3137 2306 sanctissimi
3188 2253 3348 2320 hujus

1771 2349 2097 2398 sacramenti
2124 2345 2283 2399 ritum
2314 2353 2368 2398 et
2392 2344 2862 2414 significationem.

1930 2458 1990 2512 ll.
2032 2458 2339 2529 Mysterium
2361 2475 2640 2528 synaxeos,
2668 2477 2756 2513 seu
2786 2463 3190 2514 communionis.

1838 2573 2090 2628 Pontifex
2136 2588 2351 2642 precem
2385 2587 2596 2627 sacram
2636 2572 2705 2627 ad
2751 2573 2922 2629 altare
2967 2574 3060 2630 Dei
3103 2575 3346 2629 celebra-

1773 2673 1947 2732 turus,
1981 2667 2050 2720 ab
2093 2665 2337 2732 ejusdem
2376 2665 2652 2721 suffitione
2703 2666 2915 2720 initium
2960 2666 3187 2730 faciens,
3222 2667 3346 2720 uui-

1773 2773 1993 2812 versum
2049 2757 2242 2811 circuit
2292 2756 2443 2811 ebori
2491 2757 2793 2822 ambitum;
2829 2759 3000 2812 donec
3036 2773 3249 2810 rursmu
3280 2759 3346 2811 ad

1768 2847 1946 2902 altare
2006 2849 2245 2901 divinum
2295 2849 2546 2912 rediens,
2597 2863 2810 2901 sacrum
2849 2850 2963 2901 infit
3010 2849 3346 2918 psalmorum

1769 2937 1961 3002 melos,
1996 2938 2141 2992 omni
2179 2938 2372 2992 ordine
2405 2937 2780 2991 ecclesiastico
2810 2953 3024 2991 sacram
3069 2938 3166 3007 ipsi
3199 2939 3346 3007 psal-

1768 3029 2003 3084 modiam
2060 3031 2401 3084 succinente.
2437 3029 2542 3082 Per
2597 3028 2874 3083 ministros
2923 3029 3120 3084 exinde
3152 3046 3345 3084 consc-

1765 3131 2000 3189 quenter
2039 3136 2320 3175 sacrarum
2373 3121 2784 3191 Scripturarum
2834 3121 2996 3175 lectio
3042 3123 3341 3188 recitatur;

87 3201 238 3269 ητῶν
264 3207 622 3278 ἁγιογράφων
645 3208 841 3262 δέλτων
864 3211 1167 3279 ἀνάγνωσις
1198 3214 1502 3280 ἀκολούθως
1522 3218 1631 3286 γίνε

1845 3225 1871 3262 a
1900 3210 2053 3264 finita
2075 3252 2092 3278 ,
2123 3225 2282 3266 sacro
2313 3212 2516 3267 ambitu
2568 3223 2827 3266 arcentur
2857 3213 3260 3276 catechumeni,
3289 3223 3346 3266 et

87 3306 182 3344 ται·
207 3295 302 3347 καὶ
322 3295 466 3368 μετὰ
485 3298 686 3360 ταύτας
702 3297 804 3362 ἔξω
826 3301 1098 3367 γίγνονται
1117 3302 1215 3372 τῆς
1240 3304 1390 3374 ἱερᾶς
1407 3307 1666 3377 περιοχῆς

83 3382 127 3432 οξ
163 3387 588 3459 κατηχούμενοι,
634 3392 725 3443 καὶ
782 3392 917 3461 πρὸς
962 3394 1140 3458 αὐτοῖς
1192 3396 1241 3447 οἱ
1289 3398 1665 3470 ἑνεργούμενοι

87 3472 171 3522 καὶ
198 3477 248 3527 oi
301 3479 364 3530 ὲν
397 3481 654 3549 μετανοίᾳ
695 3482 879 3543 ὄντες,
924 3481 1142 3551 μένουσι
1169 3483 1223 3536 δὲ
1265 3486 1313 3536 οί
1359 3486 1457 3556 τῆς
1504 3486 1662 3541 θείων

82 3568 307 3639 ἐποψίας
348 3571 447 3625 καὶ
481 3573 772 3635 ικοινωνίας
806 3573 964 3638 ἄξιοι.
1007 3573 1128 3627 Τῶν
1163 3575 1488 3648 λειτουργῶν
1518 3579 1574 3632 δὲ
1611 3581 1658 3631 οἱ

84 3661 174 3728 μὲν
195 3664 399 3716 ἑστᾶσι
428 3662 579 3734 παρὰ
602 3663 701 3727 τὰς
726 3665 820 3717 τοῦ
858 3664 1006 3736 ἱεροῦ
1040 3666 1212 3730 πύλας
1242 3669 1660 3740 συγκεκλεισμέ-

80 3771 189 3817 νας,
218 3756 273 3807 οἰ
303 3755 365 3808 δὲ
389 3755 516 3808 ἄλλο
535 3773 588 3808 τι
611 3755 718 3808 τῶν
747 3756 846 3827 τῆς
869 3758 1073 3821 οἰκείας
1097 3759 1301 3825 τάξεως
1326 3761 1656 3833 ἐνεργοῦσιν.

78 3845 134 3895 Οἱ
160 3846 216 3898 δὲ
259 3850 371 3917 τῆς
412 3845 788 3918 λειτουργικῆς
822 3849 1234 3920 διακοσμήσεως
1281 3851 1518 3923 ἔκκριτοι
1566 3855 1661 3907 σὺν

74 3939 177 4001 τοῖς
209 3938 463 4010 ἱερεῦσιν
487 3940 581 3992 ἐπὶ
611 3939 706 3992 τοῦ
742 3939 884 3993 θείου
920 3940 1301 4013 θυσιαστηρίου
1346 3944 1659 4014 προτιθέασι

74 4029 156 4078 τὸν
183 4030 334 4095 ἱερὸν
369 4029 537 4101 ἄρτον
579 4032 670 4082 καὶ
696 4031 757 4083 τὸ
794 4033 892 4102 τῆς
921 4030 1167 4101 εὐλογίας
1195 4034 1467 4104 ποτήριον,
1501 4052 1660 4106 προο-

76 4119 476 4192 μολογηθείσης
501 4122 606 4174 ὑπὸ
657 4123 856 4185 παντὸς
897 4124 991 4176 τοῦ
1033 4125 1130 4194 τῆς
1183 4125 1474 4196 ἐκκλησίας
1520 4127 1658 4199 πλη-

76 4205 324 4276 ρώματος
369 4211 472 4281 τῆς
501 4210 794 4280 καθολικῆς
828 4213 1166 4283 ὑμνολογίας.
1193 4214 1335 4285 Πρὸς
1359 4209 1441 4277 οἷς
1464 4219 1492 4268 ὁ
1519 4217 1658 4280 θεῖος

75 4297 335 4374 ἰεράρχης
367 4303 538 4372 εὐχὴν
583 4302 735 4373 ἱερὰν
770 4303 930 4368 τελεῖ,
977 4306 1068 4358 καὶ
1109 4305 1204 4375 τὴν
1236 4306 1394 4374 ἁγίαν
1437 4309 1655 4380 εἰρήνην

73 4390 238 4444 ἅπασι
266 4393 612 4462 διαγγέλλει·
647 4395 758 4457 καὶ,
775 4396 1176 4466 ἀσπασαμένων
1203 4396 1461 4467 ἀλλήλους
1483 4400 1655 4452 ἁπάν-

70 4495 187 4546 των,
234 4489 266 4556 ἡ
322 4486 569 4557 μυστικὴ
595 4486 704 4538 τῶν
745 4486 903 4558 ἱερῶν
949 4487 1166 4556 πτυχῶν
1197 4488 1493 4559 ἀνάρρησις
1533 4491 1651 4542 ἐπι-

1769 3315 1892 3354 cum
1924 3300 1991 3356 iis
2026 3303 2375 3372 energumeni
2415 3318 2480 3357 ac
2525 3306 2876 3373 pmuitentes,
2921 3305 3027 3358 illis
3075 3305 3167 3373 qui
3206 3305 3344 3358 divi-

1768 3409 1961 3448 norum
2008 3405 2229 3462 aspectu
2262 3404 2316 3448 et
2356 3395 2738 3450 communione
2786 3395 2934 3464 digni
2987 3404 3114 3451 sunt
3166 3412 3346 3451 renua-

1768 3486 2042 3541 neutibus.
2081 3485 2253 3541 Porro
2308 3487 2687 3542 ministrorum
2735 3487 2955 3558 quidem
3006 3490 3098 3544 alii
3131 3490 3337 3546 clausis

1767 3575 1954 3644 templi
1989 3575 2200 3630 foribus
2245 3578 2527 3640 assistunt.
2579 3578 2670 3632 alii
2711 3595 2840 3634 vero
2892 3580 3036 3634 aliud
3067 3582 3344 3651 quidpiam

1765 3669 1910 3739 quod
1943 3669 2014 3724 sit
2046 3669 2256 3724 ordinis
2289 3671 2373 3724 sui
2403 3683 2596 3740 agunt.
2626 3671 2726 3738 Qui
2770 3681 2948 3726 autem
2986 3673 3038 3726 iu
3065 3675 3344 3727 ministro-

1765 3775 1887 3815 rum
1932 3762 2122 3816 ordine
2153 3762 2360 3832 primas
2404 3771 2632 3828 tenent,
2667 3780 2773 3817 una
2797 3779 2920 3818 cum
2973 3765 3343 3820 sacerdotibus

1764 3851 1946 3905 divino
1986 3850 2142 3906 altari
2200 3866 2394 3921 panem
2451 3867 2665 3906 sacrum
2724 3855 3061 3923 calicemque
3115 3855 3340 3910 benedi-

1763 3940 1962 3995 ctionis
2013 3941 2321 4011 imponunt,
2354 3943 2420 3996 ab
2447 3945 2705 3998 universa
2770 3945 3104 4011 plenitudine
3146 3945 3338 4001 Eccle—

1764 4031 1858 4084 sia:
1900 4030 2063 4100 188
2099 4032 2372 4084 communi
2403 4031 2746 4102 bymnologia
2772 4034 3071 4100 praemissa.
3105 4033 3186 4087 Ad
3223 4034 3339 4089 liatc

1764 4123 1982 4176 divinus
2015 4122 2260 4191 pontifex
2298 4136 2509 4175 sacram
2544 4123 2758 4192 peragit
2787 4122 3180 4189 precationem,
3209 4140 3338 4178 sau-

1765 4225 2018 4283 ctamque
2056 4213 2274 4267 cunctis
2309 4227 2497 4282 pacem
2522 4222 2874 4283 apprecatur;
2910 4221 2965 4266 et
2992 4213 3119 4266 dum
3149 4229 3339 4268 omnes

1771 4307 1994 4360 invicem
2020 4303 2418 4374 amplexantur,
2447 4303 2672 4373 mystica
2699 4319 2979 4358 sacrorum
3004 4305 3337 4360 voluminum

1771 4397 2016 4451 recitatio
2048 4397 2255 4450 finitur.
2291 4395 2427 4450 Tum
2460 4396 2588 4450 lotis
2616 4411 2754 4464 aqua
2780 4397 3030 4450 manibus
3063 4396 3338 4466 pontificis

1768 4501 1832 4540 ac
1868 4486 2246 4551 sacerdotum,
2279 4485 2520 4555 pontifex
2547 4486 2711 4541 divini
2752 4486 2940 4540 altaris
2989 4487 3169 4541 medio
3199 4489 3337 4541 assi-

67 4575 316 4630 τελεῖται.
339 4579 476 4640 Καὶ,
500 4576 808 4647 νιψαμένων
839 4575 936 4639 τὰς
967 4580 1152 4647 χεῖρας
1172 4577 1321 4630 ὕδατι
1347 4577 1440 4630 τού
1477 4580 1631 4650 ἱεράρ

1843 4586 1880 4640 ι,
1909 4577 2396 4631 circumstantibus
2439 4576 2590 4630 ilium
2637 4574 2767 4630 solis
2805 4575 3180 4630 ministrorum
3219 4579 3335 4644 pri-

66 4679 153 4730 χου
191 4669 288 4719 καὶ
341 4666 458 4719 τῶν
507 4667 713 4738 ἱερέων,
743 4669 771 4720 ό
819 4668 916 4737 μὲν
961 4668 1219 4739 ἰεράρχης
1260 4670 1317 4721 ἐν
1365 4669 1513 4740 μέσῳ
1557 4670 1649 4722 τοῦ

65 4753 198 4809 θείου
232 4759 632 4828 θυσιαστηρίου
679 4758 1025 4824 καθίσταται,
1060 4762 1374 4830 περιεστᾶσι
1413 4760 1468 4813 δὲ
1503 4761 1650 4831 μόνοι

66 4851 196 4915 μετὰ
225 4852 345 4904 τῶν
402 4852 593 4922 ἱερέων
631 4853 679 4904 οἱ
727 4853 833 4904 τῶν
879 4851 1204 4924 λειτουργῶν
1252 4853 1510 4924 ἔκκριτοι.
1542 4854 1651 4906 Καὶ

60 4938 148 4999 τὰς
177 4941 336 5012 ἱερὰς
382 4940 675 5011 Θεουργίας
702 4945 730 4995 ὁ
766 4942 1023 5014 ἱεράρχης
1064 4944 1310 5014 ὑμνήσας
1335 4945 1398 5009 ⁶⁹,
1443 4945 1649 5014 ἱερουρ-

60 5031 138 5093 γεί
161 5031 230 5082 τὰ
259 5031 546 5094 θειότατα,
573 5033 665 5083 καί
701 5033 790 5085 ὑπ’
819 5032 944 5102 ὄψιν
970 5034 1092 5102 ἄγει
1131 5033 1201 5088 τὰ
1241 5037 1526 5105 ὑμνημένα
1563 5033 1650 5086 διὰ

58 5119 155 5172 τῶν
187 5123 361 5196 ἰερὼς
410 5123 786 5194 προκειμένων
827 5126 1142 5195 συμϐόλων⁹
1175 5130 1268 5181 καὶ
1299 5128 1398 5192 τὰς
1441 5127 1650 5198 δωρεὰς

57 5211 154 5262 τῶν
180 5214 498 5287 θεουργιῶν
528 5216 832 5282 ὑποδείξας,
865 5218 945 5280 είς
971 5215 1270 5272 κοινωνίαν
1297 5220 1474 5274 αὐτῶν
1501 5222 1650 5294 ἱερὰν

57 5307 205 5372 αὑτός
231 5328 295 5363 τε
346 5310 594 5379 ἔρχεται,
622 5310 712 5363 καὶ
748 5311 872 5372 τοὺς
899 5309 1090 5375 ἄλλους
1118 5313 1503 5386 προτρέπεται.
1533 5316 1648 5374 Με-

1761 4673 2004 4727 moribus
2035 4687 2141 4725 una
2173 4686 2300 4725 cum
2341 4670 2738 4726 sacerdotibus.
2768 4668 2940 4724 Porro
2967 4668 3054 4722 ubi
3092 4668 3330 4738 pontifex

1759 4773 2108 4820 sacrosancta
2153 4763 2248 4818 Dei
2299 4778 2526 4818 munera
2577 4762 2940 4827 collaudavit,
2993 4761 3328 4815 divinissima

1757 4863 2044 4909 consecrat
2072 4855 2358 4924 mysteria,
2391 4869 2512 4924 qua:
2545 4853 2708 4908 etiam
2736 4852 3007 4907 celebrata
3052 4853 3150 4906 sub
3180 4865 3328 4922 sym-

1757 4947 1908 5002 bolis.
1943 4956 2302 5004 sacrosancte
2351 4947 2650 5018 propositis
2700 4947 2752 4998 in
2809 4954 3088 5013 aspectum
3135 4943 3322 5008 ducit;

1756 5040 2125 5109 exhibitisque
2171 5040 2478 5094 divinorum
2504 5051 2728 5108 aperum
2773 5037 3088 5091 muneribus
3137 5036 3204 5088 ad
3231 5050 3324 5090 sa-

1753 5142 2094 5187 crosanctam
2181 5131 2502 5186 earumdem
2582 5130 3130 5184 communicationem
3199 5145 3324 5183 cum

1756 5225 1988 5294 ipsemet
2017 5223 2251 5289 accedit,
2282 5230 2397 5276 tum
2438 5229 2664 5276 caeteros
2700 5221 2916 5275 invitat.
2958 5223 3195 5289 Accepta
3231 5221 3325 5275 de-

1753 5317 1920 5386 nique
1942 5315 2176 5385 dataque
2206 5315 2387 5371 divina
2409 5313 2787 5367 communione
2812 5313 2864 5366 in
2886 5328 3098 5366 sacram
3124 5313 3323 5366 desinit

1343 5494 1430 5550 VA
1441 5494 1577 5550 RIIE
1615 5495 2017 5554 LECTIONES.

118 5629 161 5660 °°
177 5633 474 5754 ὅένουσα,
506 5631 560 5686 S.
601 5633 663 5688 Ι).
697 5635 796 5689 Ch.
829 5646 882 5688 et
914 5636 1046 5691 Bud.
1079 5639 1147 5692 ita
1191 5637 1445 5691 correxit.
1524 5637 1565 5666 ⁸³
1593 5635 1981 5694 ἀτελέστατον,
2009 5629 2070 5682 D.
2099 5628 2193 5683 Sc.
2270 5629 2313 5659 ⁶²
2341 5629 2548 5702 ἁπάσῃ,
2586 5626 2648 5681 l‘.
2672 5629 2731 5681 D.
2766 5627 2865 5683 Cb.
2945 5629 2990 5659 ⁸³
3016 5631 3062 5680 εί
3091 5629 3198 5700 γὰρ
3227 5632 3321 5686 καὶ

50 5702 151 5754 τοίς
245 5703 370 5754 λοιε
400 5705 601 5754 κοινόν.
631 5705 731 5754 Ch.
765 5718 819 5754 et
845 5705 926 5754 V-:
960 5710 1090 5754 πᾶσι
1113 5711 1224 5754 τοῖς
1251 5707 1428 5754 ἄλλοις
1458 5706 1630 5754 κοινὸν
1661 5707 1760 5754 ἱεο.
1795 5706 1854 5754 υ.
1890 5702 1948 5754 Ρ.
2030 5699 2076 5729 ⁸³
2100 5698 2336 5754 πρῶτον.
2397 5703 2465 5750 Μ.
2498 5701 2588 5753 δι’.
2639 5699 2740 5752 Sar
2833 5699 2876 5729 ⁸⁵
2903 5700 3036 5754 πρὸς
3061 5701 3162 5754 τὴν
3188 5703 3319 5754 τῶν.

123 5718 151 5762 ς

245 5703 601 5778 λοιςΑκοινόν,
631 5705 819 5778 Cb._et
845 5705 928 5772 V.;
960 5710 1090 5760 πᾶσι
1113 5711 1224 5771 τοῖς
1251 5707 1428 5770 ἄλλοις
1458 5706 1630 5778 κοινὸν
1661 5707 1760 5775 ἱερ.
1795 5706 1854 5778 υ.
1890 5702 1948 5755 Ρ.
1978 5754 1984 5760 _
2030 5699 2076 5729 ⁸³
2100 5698 2336 5778 πρῶτον2
2381 5703 2465 5778 _M‘.
2498 5698 2588 5778 Se.
2639 5699 2740 5778 βυτ

1169 5780 1210 5809 ⁸⁷
1238 5780 1564 5848 interpretes
1592 5776 1682 5831 Sc.
1719 5783 1773 5829 et
1801 5776 1945 5840 Satn,
2005 5776 2191 5842 χοροῦ.

54 5766 108 5822 υ.
140 5775 208 5823 Sa
219 5789 264 5827 r.

51 5773 108 5891 ἒ).
135 5775 264 5895 ἕπε’.
349 5774 403 5803 ³⁵
435 5773 874 5846 χειραγωγούμαι
895 5817 909 5841 ,
940 5780 997 5832 5.
1034 5778 1092 5831 Β.

339 5933 615 6011 Panos.
651 5930 768 5992 Gn.
810 5930 920 5993 HI.

2833 5699 2876 5729 ⁸⁵
2903 5700 3036 5772 προς
3061 5699 3319 5772 τὴντῶν,

2905 5771 2948 5800 ⁰⁹
2976 5771 3315 5841 ὑπομνήσας,

2293 5769 2336 5801 ⁵⁸
2366 5766 2716 5839 ψαλμοδικήν,
2749 5769 2806 5824 Ρ.

2966 5934 3038 5993 Ῐῇ
