3730 6292
305 186 408 241 427
1488 192 1543 245 S.
1584 186 1880 245 DlONYSll

2056 192 2406 250 EOPAGITIE
3476 205 3577 261 428

307 304 603 371 gratiarum
660 303 977 366 actionem;
1030 301 1342 374 populoque
1408 304 1593 361 divina
1666 314 1880 359 tantum

2060 307 2204 378 σχὼν
2225 309 2282 361 δὲ
2308 312 2399 363 καὶ
2428 308 2688 381 μεταδοὺς
2712 313 2811 385 τῆς
2833 313 3135 387 θεαρχικῆς
3160 317 3470 383 κοινωνίας,
3498 321 3579 384 εἰς

308 395 550 465 syuibola
603 403 924 456 contuente,
964 394 1079 462 ipse
1136 410 1352 464 semper
1392 396 1597 466 Spiritu
1652 398 1877 463 divino,

2056 400 2338 471 χαριστίαν
2384 401 2532 473 ἱερὰν
2580 404 2897 476 καταλήγει,
2943 408 3051 459 τῶν
3099 407 3312 460 πολλῶν
3359 408 3462 479 μὲν
3498 410 3577 474 είς

307 502 405 555 per
462 487 644 541 beatas
692 502 753 541 ac
802 486 1069 555 spiritales
1112 490 1629 559 contemplationes,
1676 491 1880 545 liierar-

2056 494 2128 545 Lva
2152 493 2219 545 τὰ
2258 493 2375 546 θεῖα
2418 494 2661 564 σύμϐολα
2703 498 3166 568 παρακυψάντων,
3212 498 3380 552 αὑτοῦ
3406 499 3465 552 δὲ
3490 501 3579 555 ἀεὶ

309 578 467 632 chice
516 578 581 629 ad
635 588 979 632 sacrosancta
1043 580 1431 649 mysteriorum
1486 582 1779 648 primordia
1832 584 1880 635 in

2056 604 2064 633 ι
2105 584 2378 655 θεαρχικῷ
2424 586 2701 657 Πνεύματι
2737 590 2873 659 πρὸς
2912 590 3009 653 τὰς
3050 590 3213 658 ἁγίας
3252 590 3364 644 τῶν
3387 592 3566 646 τελουι

306 668 469 721 divini
505 678 677 721 status
710 668 948 737 puritate
980 669 1221 723 ducitur.

2056 694 2169 729 νων
2197 676 2369 747 ἀρχὰς
2412 680 2468 730 ὲν
2516 680 2802 751 μακαρίοις
2844 682 2936 733 καὶ
2974 685 3188 752 νοητοῖς
3227 683 3273 717 ⁷⁰
3304 683 3576 753 θεάμασιν

1928 802 1933 807 -
1989 768 2319 840 ίεραρχικῶς
2346 771 2403 821 ἐν
2431 770 2760 843 καθαρότητι
2798 774 2898 843 τῆς
2927 773 3193 837 θεοειδοῦς
3230 772 3402 839 ἕξεως
3446 777 3573 827 ἀνα-

1987 862 2239 929 γομένου.

823 980 910 1036 ΙΙΙ.
950 981 1353 1051 Contemplatio.

2596 981 2686 1033 111.
2730 982 2966 1049 Θεωρία.

1877 1140 1977 1218 §l.

372 1280 617 1350 Agedum
671 1298 825 1353 ergo,
874 1285 1043 1354 probe
1097 1286 1216 1351 lili,
1270 1295 1391 1355 post
1438 1286 1640 1357 ﬁguras
1690 1284 1880 1340 ordine

302 1384 597 1443 sancteque
628 1374 889 1445 digestas,
938 1376 1259 1431 deiformem
1299 1379 1753 1448 primigeniorum
1785 1393 1879 1431 ve-

303 1468 520 1521 ritatem
573 1468 642 1520 iis
693 1469 783 1537 qui
842 1470 1021 1522 adhuc
1095 1470 1381 1525 initiantur
1439 1470 1758 1536 declarabo,
1810 1470 1876 1523 ad

2056 1482 2157 1528 ιαν,
2188 1465 2365 1517 ἐκεῖνο
2399 1466 2511 1526 τοῖς
2537 1463 2616 1515 ἔτι
2640 1463 3034 1535 τελειουμένοις
3059 1465 3103 1496 ⁷³
3132 1467 3211 1529 είς
3250 1466 3570 1538 ἐναρμόνιον

301 1574 492 1613 eorum
530 1562 749 1615 animos
775 1576 1018 1632 congrue
1053 1563 1405 1628 excitandos;
1440 1577 1507 1617 ne
1548 1563 1760 1617 diversa
1791 1561 1878 1614 illa

2058 1555 2165 1608 τῶν
2191 1554 2556 1623 ψυχαγωγίαν.
2598 1552 2765 1606 εἰπὼν
2794 1556 2859 1618 τ’,
2889 1554 2963 1618 ὡς
3005 1555 3123 1607 οὐδὲ
3148 1554 3256 1608 τῶν
3285 1556 3569 1626 συμϐόλων

304 1650 667 1719 symbolorum
712 1666 865 1705 sacra
914 1652 1237 1719 compositio
1289 1652 1420 1721 ipsis
1452 1650 1683 1719 insipida
1736 1649 1880 1718 (inu-

2056 1647 2264 1717 ποικίλη
2292 1647 2383 1699 καὶ
2412 1645 2532 1718 ἱερά
2558 1644 2803 1709 σύνθεσις
2830 1642 3067 1718 ’ἀνόητος
3100 1647 3145 1679 ⁷³
3184 1649 3371 1712 αὐτοῖς
3398 1649 3571 1721 ὑπάρ-

304 1743 434 1811 tilis)
462 1743 683 1806 existat,
716 1745 760 1797 si
814 1744 1147 1799 exteriorem
1173 1752 1381 1797 tantum
1412 1752 1732 1813 apparatum
1762 1732 1875 1811 prae

2056 1781 2081 1803 .,
2116 1740 2273 1811 μέχρι
2309 1738 2417 1791 τῶν
2445 1739 2489 1770 ⁷⁸⁵
2514 1740 2669 1804 ἐκτὸς
2698 1740 2993 1811 φαινομένη
3027 1741 3205 1810 μόνον.
3230 1742 3294 1794 Αἱ
3328 1741 3428 1811 μὲν
3463 1740 3571 1811 γὰρ

301 1849 361 1888 se
392 1834 552 1890 ferat.
594 1837 673 1891 Ac
700 1836 1069 1891 sacratissima
1110 1815 1328 1905 quidem
1376 1836 1715 1904 eloquiorum
1743 1850 1875 1889 can-

2056 1832 2263 1885 ώταται
2279 1830 2385 1883 τῶν
2402 1830 2596 1899 λογίων
2615 1831 2751 1901 ᾠδαὶ
2766 1833 2858 1885 καὶ
2875 1830 3207 1901 ἀναγνώσεις
3222 1832 3571 1887 διδασκαλίαν

301 1924 405 1977 tica
438 1937 494 1979 et
523 1925 785 1981 lectiones
810 1928 994 1995 proba:
1022 1926 1166 1995 ipsis
1192 1926 1429 1980 innuunt
1469 1925 1591 1979 vitae
1633 1923 1868 1993 discipliv

2056 1925 2158 1985 τοῖς
2184 1920 2441 1991 ἐναρέτου
2465 1920 2607 1991 ζωῆς
2638 1921 2993 1993 ὑφηγοῦνται,
3026 1922 3120 1975 καὶ
3144 1921 3249 1992 πρό
3280 1939 3345 1990 γε
3376 1922 3571 1975 τούτου

2056 1280 2226 1352 Δεῦρο
2251 1280 2315 1351 δὴ
2343 1276 2458 1341 οὖν,
2485 1273 2530 1332 ὦ
2556 1282 2656 1332 παῖ
2678 1280 2831 1343 καλὲ,
2864 1281 2999 1351 μετά
3024 1280 3123 1345 τὰς
3148 1281 3365 1345 εἰκόνας
3395 1282 3454 1334 ὲν
3476 1282 3573 1336 τά·

1985 1374 2065 1440 ξει
2094 1374 2187 1427 καὶ
2225 1372 2385 1444 ίερῶς
2426 1373 2517 1425 ἐπὶ
2558 1371 2655 1442 τὴν
2696 1372 2901 1444 θεοειδῆ
2942 1372 3051 1426 τῶν
3089 1375 3417 1446 ἁρχετύπων
3442 1376 3571 1448 ἀλή-

300 2029 444 2080 nam,
476 2024 530 2067 et
563 2030 683 2083 quae
713 2016 857 2069 hanc
891 2016 1173 2084 praecedit,
1206 2014 1577 2089 ontnimodam
1608 2025 1877 2083 corrupta:

296 2105 582 2172 pravitatis
640 2106 1061 2173 expiationem:
1121 2105 1463 2159 divinissima
1522 2119 1654 2159 vero
1718 2104 1878 2158 unius

296 2195 650 2265 ejusdemque
705 2212 830 2251 cum
861 2200 1015 2267 panis
1048 2206 1160 2252 tum
1213 2196 1407 2253 calicis
1451 2197 1761 2252 communis
1808 2211 1875 2252 ac

299 2290 532 2357 paciﬁca
579 2290 951 2359 participatio,
1003 2289 1245 2344 divinam
1281 2289 1347 2343 iis
1400 2304 1610 2343 morum
1658 2287 1876 2343 confor-

296 2382 582 2446 ntitatem,
644 2393 908 2451 tanquam
961 2381 1351 2446 connutritiis,
1388 2381 1723 2451 praescribit;
1776 2396 1876 2436 nec

296 2490 403 2528 non
434 2489 606 2529 coena:
638 2474 992 2528 divinissimae
1036 2482 1197 2543 atque
1226 2472 1643 2545 archisymbolte
1678 2483 1895 2544 myste-

296 2550 503 2618 riorum
547 2567 741 2618 horum
800 2576 1217 2620 sacrosanctam
1272 2566 1575 2621 introducit
1634 2580 1879 2621 comme-

296 2658 711 2723 morationem;
762 2656 919 2725 cujus
973 2658 1140 2713 etiam
1200 2659 1429 2729 ipsemet
1498 2658 1871 2729 symbolarum

294 2757 488 2802 auctor
536 2747 662 2815 jure
706 2749 1062 2803 meritissimo
1114 2757 1359 2804 exortem
1410 2747 1542 2803 facit
1588 2764 1733 2817 eum,
1779 2748 1873 2819 qui

294 2854 470 2909 neque
502 2849 691 2895 sancte
718 2855 896 2907 neque
922 2841 1107 2895 animo
1149 2840 1413 2896 concordi
1445 2855 1659 2896 sacram
1687 2856 1873 2895 secum

293 2944 507 2985 coenam
554 2933 955 3001 lrequentarat;
992 2933 1193 2987 docens
1238 2934 1397 2988 simul
1440 2941 1629 2987 sancte
1659 2932 1876 3000 Deoque

1974 2016 2071 2087 τὴν
2099 2014 2340 2085 παντελῆ
2366 2013 2413 2046 ⁷⁵
2438 2013 2539 2083 τῆς
2580 2011 2902 2084 φθοροποιοῦ
2930 2012 3127 2076 κακίας
3166 2012 3569 2084 ἀποκάθαρσιψ

1977 2110 2011 2180 ἡ
2037 2108 2093 2161 δὲ
2121 2106 2371 2178 θειοτάτη
2398 2106 2492 2159 τοῦ
2522 2105 2639 2169 ἐνὸς
2682 2107 2776 2159 καὶ
2800 2103 2997 2157 ταὺτοῦ
3038 2105 3133 2157 καὶ
3155 2103 3325 2175 ἄρτου
3356 2106 3453 2157 καὶ
3478 2122 3569 2157 πο-

1976 2198 2166 2269 τηρίου
2194 2197 2348 2268 κοινὴ
2392 2197 2487 2250 καὶ
2514 2196 2764 2268 είρηναία
2795 2196 3077 2267 μετάδοσις
3111 2195 3451 2265 ὁμοτροπίαν
3476 2196 3569 2247 αὐ-

1976 2292 2089 2351 τοῖς
2117 2287 2295 2341 ἔνθεον
2325 2287 2399 2350 ὡς
2424 2287 2746 2360 ὁμοτρόφοις
2770 2286 2818 2318 ⁷⁸
2843 2287 3141 2358 νομοθετεῖ,
3172 2286 3267 2338 καὶ
3299 2285 3397 2337 τοῦ
3428 2285 3567 2339 θειο-

1976 2381 2139 2435 τάτου
2166 2382 2382 2434 δείπνου
2411 2382 2508 2435 καὶ⁸
2553 2380 2951 2451 ἀρχιπμὸόλου
2978 2379 3086 2431 τῶν
3111 2379 3455 2449 τελουμένων
3492 2379 3569 2440 είς

1983 2474 2206 2543 μνήμην
2235 2472 2388 2544 ίεράν
2414 2471 2537 2540 ἄγει
2555 2488 2568 2501 '
2609 2472 2731 2525 καθ’
2755 2473 2783 2525 ὃ
2809 2474 2903 2526 καὶ
2918 2471 3080 2534 αὐτὸς
3106 2472 3133 2523 ὁ
3154 2470 3268 2523 τῶν
3283 2468 3567 2540 συμϐόλων

1978 2562 2310 2634 δημιουργὸς
2337 2563 2548 2634 ἀποκλη
2559 2565 2639 2634 ροί
2659 2563 2971 2615 δικαιότατα
2997 2562 3088 2613 τὸν
3112 2561 3209 2631 οὐχ
3230 2561 3397 2623 ὁσίως
3423 2560 3569 2628 αὐτῷ

1979 2656 2074 2708 καὶ
2110 2655 2431 2725 ὁμοτρόπως
2480 2654 2550 2707 τὰ
2599 2653 2721 2723 ίερά
2764 2654 3258 2725 συνδειπνήσαντα,
3300 2652 3571 2705 διδάσκων

1978 2748 2193 2816 εὐαγῶς
2220 2766 2279 2800 τε
2308 2749 2423 2819 ἅμα
2448 2750 2543 2801 καὶ⁵
2576 2748 2914 2819 θεοπρεπιῖις.
2942 2748 3019 2810 ὡς
3060 2749 3092 2817 ὴ
3136 2745 3258 2799 καθ’
3288 2744 3404 2811 ἕξιν
3440 2743 3568 2813 ἀλη-

1979 2838 2076 2909 θὴς
2105 2839 2198 2892 ἐπὶ
2220 2838 2288 2891 τά
2312 2839 2429 2893 θεῖα
2457 2839 2829 2911 προσέλευσις,
2868 2839 2967 2910 τὴν
3007 2838 3142 2909 πρὸς
3165 2838 3227 2890 τὸ
3262 2838 3450 2907 ὅμοιον
3473 2836 3569 2888 αὑ-

1977 2932 2084 2984 τῶν
2110 2932 2394 2985 κοινωνίαν
2420 2934 2531 2995 τοῖς
2560 2931 2843 3002 προσιοῦσι
2870 2931 3167 3002 χαρίζεται.

294 3034 671 3081 consentanee
705 3027 906 3081 sinceri
962 3026 1028 3081 ad
1067 3026 1250 3081 divina
1307 3026 1477 3080 animi
1529 3026 1930 3092 accessionem,
1958 3026 2342 3082 similitudinis
2379 3040 2597 3096 quoque
2650 3027 2845 3081 divina:
2899 3025 3194 3095 participes
3229 3025 3446 3081 allicere
3489 3027 3566 3082 sic

292 3117 634 3172 accedentes.

1852 3213 1879 3283 ᾗ
1927 3212 2004 3271 ll.

352 3375 622 3431 Caeterum
666 3375 770 3435 bis,
817 3388 939 3443 quae
982 3373 1251 3428 aditorum
1291 3372 1579 3427 vestibulis
1605 3373 1878 3442 eleganter

2056 3375 2241 3430 Ταῦτα
2270 3377 2371 3447 μὲν
2394 3373 2509 3441 οὖν,
2537 3378 2613 3441 ὼς
2640 3376 2796 3448 ἔφην,
2835 3378 2927 3431 ἐπὶ
2964 3378 3033 3430 τὰ
3055 3377 3165 3429 τῶν
3202 3377 3414 3432 ἀδύτων
3438 3396 3568 3451 προ-

291 3466 506 3537 adpicta
553 3465 831 3518 rudiorum
878 3462 1041 3534 189
1083 3463 1528 3533 contemplationi
1557 3465 1689 3517 satis
1730 3472 1877 3526 sunt,

296 3559 524 3624 relictis,
552 3558 619 3612 ab
653 3556 868 3611 cll'ectis
895 3562 961 3611 ad
988 3572 1183 3612 causas
1218 3557 1655 3627 progrediemur,
1684 3558 1879 3612 deinde

292 3666 506 3706 sacram
540 3662 781 3705 nostram
832 3650 1087 3722 synaxin,
1121 3661 1284 3720 atque
1328 3661 1757 3706 consentaneam
1791 3668 1880 3706 re-

292 3760 412 3799 rum
437 3744 792 3814 spiritalium,
816 3742 941 3797 Jesu
977 3744 1332 3813 pra-lucente,
1361 3745 1876 3816 contemplationem

290 3836 757 3905 conspicabimur,
798 3834 1012 3889 beatam
1068 3834 1473 3905 primitivorum
1516 3835 1879 3906 pulchritudi-

293 3944 417 3981 nem
447 3927 710 3997 praeclare
751 3942 979 3997 prorsus
1006 3926 1372 3981 evibrantem.
1401 3926 1509 3982 Sed
1550 3938 1629 3993 tu,
1659 3943 1707 3997 ⁸ο
1742 3928 1877 3983 divi-

292 4022 579 4076 uissimum
612 4038 675 4075 ac
705 4030 1120 4076 sacrosanctum
1164 4030 1602 4087 sacramentum,
1637 4022 1877 4078 circum-

293 4113 465 4177 posita
506 4113 599 4165 tibi
632 4112 935 4182 symbolice
961 4112 1315 4181 aanigmatum
1354 4112 1692 4180 operimenta
1723 4128 1877 4167 reve-

296 4202 455 4267 Ians,
528 4204 737 4271 liquido
811 4204 971 4257 nobis
1026 4201 1439 4268 manifesteris,
1505 4204 1877 4273 mentalesque

294 4306 509 4350 nostros
562 4298 789 4349 obtutus
844 4294 1111 4364 singulari
1170 4304 1243 4353 et.
1296 4303 1481 4363 aperta
1531 4294 1650 4349 lucc
1702 4296 1877 4351 adim-

295 4386 461 4453 pleto.

1980 3466 2185 3521 πύλαια
2210 3469 2391 3534 καλῶς
2418 3470 2865 3541 διαγεγραμμένα
2910 3473 3020 3533 τοῖς
3049 3469 3297 3523 ἀτελέσιν
3325 3471 3406 3524 ἔτι
3433 3473 3566 3543 πρὸς

1981 3562 2214 3635 θεωρίαν
2258 3564 2506 3635 αὐτάρκη
2554 3564 3009 3628 καταλείποντες,
3068 3564 3402 3635 εἰσέλθωμεν
3463 3566 3566 3619 ἀπὸ

1980 3653 2088 3707 τῶν
2114 3654 2374 3708 αἰτιατῶν
2399 3657 2479 3718 εἰς
2503 3654 2574 3708 τά
2599 3654 2769 3718 αἴτια,
2795 3655 2936 3709 κατά
2959 3656 3058 3727 τὴν
3087 3655 3238 3728 ίεράν
3264 3656 3426 3727 ἡμῶν
3455 3656 3567 3710 σύν-

1980 3745 2132 3812 αξιν,
2177 3748 2271 3799 καὶ
2311 3746 2410 3817 τὴν
2453 3746 2706 3817 εὐπρεπῆ
2747 3746 2854 3798 τῶν
2892 3747 3096 3817 νοητῶν
3132 3748 3200 3810 τ’,
3243 3748 3422 3819 Ἰησοῦ
3457 3766 3565 3819 φω-

1978 3840 2359 3910 ταγωγοῦντος
2386 3840 2451 3903 ⁷⁸,
2485 3838 2728 3909 ὀψόμεθα
2752 3838 3003 3910 θεωρίαν,
3032 3840 3091 3892 τὸ
3134 3842 3405 3912 μακάριον
3435 3842 3563 3895 ἀπο-

1986 3930 2305 3985 στίλϐουσαν
2330 3930 2588 4002 ἐμφανῶς
2626 3928 2737 3982 τῶν
2761 3930 3085 4000 ἀρχετύπων
3124 3930 3342 3995 κάλλος.
3388 3930 3560 3993 Ἀλλὰ,

1979 4017 2024 4075 ὣ
2048 4022 2296 4094 θειοτάτη
2324 4023 2417 4075 καὶ
2445 4020 2567 4092 ἱερά
2604 4018 2813 4090 τελετὴ,
2842 4020 2910 4073 τὰ
2937 4021 3298 4093 περικείμενά
3322 4038 3404 4074 σοι
3433 4039 3565 4091 συμ-

1981 4112 2211 4176 ϐολικῶς
2258 4112 2615 4183 ἀμφιέσματα
2666 4108 2775 4163 τῶν
2822 4111 3155 4181 αἰνιγμάτων
3212 4111 3562 4180 ἀποκαλυψα-

1982 4204 2153 4275 μένη,
2197 4201 2482 4274 τηλαυγῶς
2524 4204 2655 4273 ἡμῖν
2699 4200 3074 4273 ἀναδείχθητι,
3104 4203 3197 4255 καὶ
3236 4202 3337 4266 τάς
3373 4201 3561 4274 νοεράς

1981 4297 2137 4369 ἡμῶν
2162 4297 2312 4366 ὁψεις
2363 4297 2563 4351 ὲνιαίου
2606 4297 2700 4350 καὶ
2742 4294 3183 4366 ἀπερικαλύπτου
3225 4294 3404 4363 φωτὸς
3431 4294 3562 4347 ἀπο-

1983 4390 2289 4461 πλήρωσον.

1843 4545 2020 4620 9111.

366 4683 568 4740 Sancta
598 4686 780 4753 itaque
824 4687 984 4741 nobis
1051 4688 1384 4755 peuetranda
1410 4700 1630 4752 censeo,
1676 4696 1759 4752 ut,
1793 4687 1876 4741 in-

2056 4690 2142 4743 Δεῖ
2165 4689 2230 4761 δὴ
2253 4686 2348 4744 οὖν
2375 4692 2520 4761 ἡμᾶς
2545 4691 2694 4754 ὲντδς
2743 4692 2993 4762 παρεῖναι
3040 4690 3084 4721 ⁷⁹
3108 4688 3217 4742 τῶν
3266 4692 3556 4761 πανιέρων,

297 4775 589 4845 telligentia
657 4776 816 4845 primi
891 4778 1175 4833 simulacri
1246 4778 1569 4850 spiritaliter
1633 4778 1875 4841 detecta,

296 4866 613 4922 deifortnem
642 4869 758 4937 ejus
781 4870 1242 4939 pulchritudinem
1276 4871 1609 4935 intueamur,
1648 4886 1748 4926 nec
1771 4887 1875 4926 non

300 4960 592 5015 antistitem
624 4962 807 5016 divino
837 4977 1062 5033 prorsus
1108 4966 1274 5019 modo
1325 4967 1606 5021 videamus
1636 4979 1665 5017 a
1691 4964 1878 5019 divino

300 5053 457 5108 altari
481 5054 548 5109 ad
574 5055 952 5111 extremitates
980 5071 1153 5126 usque
1185 5058 1372 5127 templi
1401 5073 1522 5113 cum
1547 5058 1733 5112 odoris
1751 5071 1877 5111 sua-

1976 4781 2180 4853 οἴομαι,
2225 4784 2284 4835 τὸ
2332 4783 2520 4854 νοητὸν
2562 4782 2607 4815 ⁸ο
2660 4781 2755 4835 τοῦ
2805 4781 3021 4853 πρώτου
3072 4780 3180 4833 τῶν
3230 4782 3556 4852 ἀγαλμάτων

1977 4873 2502 4945 άπογυμνώσαντας,
2528 4876 2607 4939 είς
2650 4875 2710 4929 τὸ
2756 4874 2984 4937 θεοειδὲς
3009 4872 3174 4925 αὑτοῦ
3224 4873 3424 4936 κάλλος
3445 4874 3557 4924 ἐνα-

1975 4966 2201 5030 τενίσαι,
2225 4968 2318 5019 καὶ
2340 4967 2432 5019 τὸν
2460 4967 2721 5038 ἱεράρχην
2745 4966 2941 5030 ὲνθέως
2993 4966 3122 5019 ἰδεῖν
3148 4966 3258 5019 ἀπὸ
3302 4965 3397 5019 τοῦ
3420 4964 3554 5017 θείου

1976 5055 2361 5129 θυσιαστηρίου
2392 5056 2559 5129 μέχρι
2577 5057 2687 5112 τῶν
2710 5058 2952 5125 ἐσχάτων
2975 5057 3069 5111 τοῦ
3100 5058 3245 5130 ἱεροῦ
3298 5059 3417 5129 μετ’
3442 5057 3553 5111 εὐο-

1578 5234 1810 5289 VARle
1848 5234 2250 5292 LECTlONES.

382 5414 425 5445 "°
564 5415 655 5497 ξε.
676 5419 904 5497 νοεροῖς.
964 5415 1434 5497 Ε”ξτεθεουμέννξῶ

302 5559 363 5611 Ρ.
394 5556 454 5609 Β.
531 5557 571 5585 ⁷⁷
600 5553 906 5623 γρζὸντων.
982 5557 1025 5586 ⁷⁸
1058 5555 1151 5607 τοῦ
1180 5554 1656 5623 φωταγιυγοῦντος,
1688 5553 1744 5607 S.
1777 5556 1837 5613 P.

303 5626 477 5679 καὶτὸ
503 5624 707 5697 νοητόν,
737 5627 805 5680 Μ.
835 5627 923 5680 Sc.
955 5626 1028 5690 ὡς
1056 5626 1258 5700 οἴομαι,
1284 5625 1375 5677 καί
1404 5624 1534 5679 Bud.
1574 5625 1813 5696 corrigit.

1632 5416 1675 5447 71

382 5416 425 5445 ⁷⁰
458 5418 530 5469 Μ.
564 5416 655 5469 Sc.
682 5419 904 5486 νοεροῖς.
1004 5418 1045 5447 ⁷¹
1075 5416 1434 5484 τελουμένοις,
1471 5416 1535 5469 Ρ.
1632 5416 1675 5447 ⁷⁸
1703 5416 1860 5483 εἴπω,
1890 5418 1946 5474 S.
1981 5419 2041 5473 P.
2076 5419 2140 5475 Β.
2176 5420 2266 5476 Sc.
2369 5422 2415 5453 ⁷³
2440 5422 2717 5492 ἀνόνητος,
2744 5422 2844 5477 Ch.

300 5488 355 5539 2.
429 5486 475 5517 7"
500 5487 593 5585 καὶ
624 5486 781 5608 μέχρι
804 5488 933 5549 τῶν,
1056 5486 1220 5564 l’._l).
1256 5484 1315 5536 Β.
1351 5486 1443 5537 Sc.
1477 5487 1601 5565 ξπ.
1679 5486 1723 5516 ⁷⁸
1750 5490 1845 5540 καὶ
1873 5489 2008 5562 πρός
2032 5508 2095 5558 γε
2121 5490 2334 5555 τούτοις
2361 5492 2569 5561 ἐντελῆ,
2600 5493 2671 5545 Μ.
2718 5493 2809 5547 Sc.

302 5559 363 5611 Ρ.
394 5556 454 5609 Β.
531 5557 547 5584 ⁷
600 5572 689 5619 γρ.
751 5573 906 5608 ντων.
1004 5557 1025 5586 ⁸
1058 5572 1151 5607 του
1180 5570 1656 5619 φωταγωγουντος,
1688 5553 1744 5607 S.
1777 5556 1837 5613 P.
1929 5561 1972 5593 τ’
2002 5560 2150 5619 ἐντὸς
2174 5562 2282 5619 γὰρ
2310 5558 2473 5619 εἶναι.
2501 5562 2559 5615 Ρ.
2593 5563 2653 5617 D.
2679 5562 2777 5618 Ch.
2812 5562 2849 5619 S

2031 5568 2150 5625 ντὸς
2174 5568 2282 5634 γάρ
2310 5568 2473 5620 εἰναι.
2501 5568 2559 5615 Ρ.
2593 5568 2653 5617 υ.
2679 5568 2777 5618 Ch.
2812 5568 2933 5619 Sar.

2369 5422 2415 5453 ⁷³
2440 5422 2717 5492 ἀνόνητος,
2744 5422 2844 5477 Ch.
2871 5422 2934 5477 D.
2970 5422 3028 5477 S.
3062 5422 3124 5477 P.
3154 5424 3279 5479 Sar.
3315 5433 3373 5479 et
3403 5423 3552 5477 Vica.

2909 5494 2952 5525 ⁷⁸
2976 5493 3333 5566 ὁμοτρόποις,
3362 5493 3462 5566 Cll.
3495 5494 3551 5546 S.

3049 5565 3096 5595 ⁸ο
3121 5562 3231 5618 τῶν
3259 5564 3552 5635 πανιέρων,
