3728 6382
122 378 220 432 429

1181 374 1262 430 ῡΕ
1295 372 1577 428 ECCLES.
1615 372 2015 435 lllERARCHq
2053 371 2204 426 CAP.
2244 369 2328 425 111.

3268 364 3370 419 450

122 499 283 560 cpta;
308 490 348 522 ⁸¹
381 490 550 553 ἰόντα,
594 491 688 544 καὶ
723 490 881 546 πάλιν
928 491 1014 544 ἐπ’
1041 488 1190 558 αὐτῷ
1233 488 1277 518 ⁸¹
1329 486 1594 540 τελειωτιι

1895 496 1958 539 ite
1993 486 2370 554 prodeuntem,
2417 483 2592 552 adque
2641 478 2773 535 illud
2831 485 3000 550 ipsum
3058 483 3367 550 perheuendi

119 581 643 653 ἀποκαθιστάμενον.
673 583 748 636 ’Ἠ
791 599 850 648 τε
900 579 1008 652 γὰρ
1032 580 1173 658 ὑπὲρ
1200 579 1374 632 πάντα
1427 577 1690 646 θεαρχική

123 672 478 744 μακαριότης,
505 673 554 724 εἰ
600 671 695 725 καὶ
741 670 1040 742 ἀγαθότητι
1061 669 1181 738 Ostia.
1221 666 1464 738 πρόεισιν
1490 665 1570 728 εἰς
1594 665 1692 734 τὴν

119 765 225 816 τῶν
255 763 596 834 μετεχόντων
638 761 808 830 αὐτῆς
856 752 1016 832 ἱερῶν
1039 757 1320 811 κοινωνίαν
1343 757 1408 821 ⁸³,
1457 754 1570 807 ἀλλ’
1593 755 1694 806 οὐκ

120 855 223 920 ἔξω
246 855 342 924 τῆς
365 855 484 906 κατ’
499 852 686 906 οὐσίαν
729 853 986 922 ἀκινήτου
1034 851 1274 910 στάσεως
1323 848 1413 900 καὶ
1437 845 1694 917 ἱδρύσεως

120 949 390 1015 γίγνεται’
420 947 511 998 καὶ
533 945 579 976 3"
607 946 740 998 πᾶσι
764 943 819 996 δὲ
841 946 954 1006 τοῖς
996 941 1280 994 θεοειδέσιν
1312 939 1586 1005 ἀναλόγως
1611 935 1697 987 ὲλ-
1736 947 1746 954 ‘

120 1037 352 1109 λάμπει,
405 1036 533 1108 περὶ
580 1036 779 1108 ἑαυτὴν
822 1035 990 1098 ὅντως
1039 1030 1191 1094 οὖσα,
1236 1033 1328 1084 καὶ
1367 1030 1466 1100 τῆς
1491 1029 1697 1090 οἰκείας

121 1130 258 1192 ὅλως
279 1129 340 1181 οῦ
367 1126 809 1199 παρακινουμένη
834 1125 1156 1196 ταυτὼητος
1175 1140 1188 1153 ·
1233 1120 1492 1184 ὡσαύτως
1516 1121 1548 1190 ἡ
1579 1119 1696 1173 θεία

119 1221 220 1290 τῆς
249 1219 522 1285 συνάξεως
548 1217 758 1288 τελετὴ,
786 1215 909 1277 κᾶν,
937 1215 1142 1267 ἑνιαίαν
1168 1213 1260 1265 καὶ
1285 1209 1458 1280 ἁπλῆν
1500 1209 1698 1278 ἔχουσα

120 1310 214 1362 καὶ
244 1307 688 1379 συνεπτυγμένην
739 1307 932 1378 ἀρχὴν,
981 1307 1059 1367 είς
1104 1304 1202 1376 τὴν
1230 1301 1378 1374 ἱερὰν
1429 1300 1699 1354 ποικιλίαν

121 1399 228 1451 τῶν
257 1398 536 1470 συμϐόλων
582 1394 972 1466 φιλανθρώπως
998 1393 1353 1464 πληθύνηται,
1393 1393 1487 1444 καὶ
1539 1391 1702 1461 μέχρι

127 1493 311 1564 πάσης
334 1493 502 1563 χωρεῖ
523 1491 568 1522 ⁸⁸
593 1489 694 1559 τῆς
719 1489 1013 1560 θεαρχικῆς
1037 1486 1448 1558 εἰκονογραφίας
1475 1484 1541 1548 ⁸⁸,
1587 1483 1701 1536 ἀλλ’

123 1582 375 1646 ἐνοειδῶς
401 1585 464 1635 ὲκ
488 1582 691 1636 τούτων
718 1577 870 1644 αὖθις
897 1581 976 1644 εἰς
1000 1581 1098 1650 τὴν
1123 1579 1330 1632 οἰκείαν
1356 1577 1558 1648 μονάδα
1583 1593 1705 1629 συν-

123 1677 351 1746 άγεται,
400 1674 494 1728 καὶ
558 1676 788 1728 ἑνοποιεί
833 1675 956 1738 τοὺς
1007 1673 1284 1744 ὲπάὑτὴν
1313 1671 1472 1743 ίερῶς
1505 1673 1702 1737 ἀναγο-

127 1773 348 1842 μένους.
377 1769 535 1823 Κατὰ
555 1769 648 1822 τὸν
695 1769 856 1822 αὑτὸν
899 1768 964 1839 δὴ
985 1769 1029 1800 ⁸⁷
1059 1767 1265 1838 θεοειδῆ
1289 1766 1486 1837 τρόπον
1512 1767 1539 1817 ό
1565 1765 1705 1842 θεῖος

1797 579 1937 631 sacri
1969 593 2131 630 causa
2162 585 2543 629 revertentem.
2577 576 2799 628 Summa
2839 575 3103 641 siquidem
3132 577 3217 629 illa
3251 577 3375 631 Dei-

1802 679 1903 728 tas.
1938 683 2058 734 qua:
2089 667 2430 722 beatitudine
2485 667 2701 721 cunctis
2733 668 3028 730 antecellit,
3059 669 3160 722 etsi
3192 671 3372 724 divina

1799 758 2132 824 benignitate
2164 759 2230 811 ad
2287 758 2606 826 participant
2671 760 2751 811 sui
2815 774 3092 813 sacrormn
3148 764 3377 830 prodeat

1800 848 2261 911 communionem,
2318 863 2661 918 nequaquam
2697 861 2875 903 tamen
2933 867 2962 903 a
3013 863 3222 907 natura:
3265 871 3378 908 suae

1800 939 1978 992 stahili
2013 939 2280 1007 ﬁrmaque
2327 948 2468 991 statu
2515 941 2768 1001 discedit.
2813 943 2907 994 sed
2945 944 3070 996 dum
3121 946 3377 998 omnibus

1800 1032 1890 1099 qui
1924 1031 2164 1084 divinam
2219 1031 2626 1084 similitudinem
2673 1047 2782 1100 prae
2835 1048 2894 1088 se
2942 1033 3123 1090 ferunt
3155 1052 3252 1105 pro
3284 1052 3380 1090 cu-

1795 1121 1992 1191 jusque
2028 1132 2188 1190 captu
2247 1121 2502 1186 collucet,
2545 1138 2728 1177 secum
2777 1139 2902 1179 vere
2947 1137 3148 1187 manet,
3202 1144 3380 1197 neque

1805 1213 2098 1281 quidquam
2130 1214 2196 1265 ah
2247 1214 2531 1266 identttate
2570 1229 2664 1268 sua
2716 1217 3051 1281 dimovetur;
3103 1220 3266 1274 simili
3294 1237 3383 1275 ra-

1809 1304 1954 1357 tione
1993 1305 2232 1359 divinum
2261 1305 2392 1359 illud
2421 1323 2694 1378 synaxeos
2726 1320 3148 1371 sacramentum.
3181 1328 3380 1378 quam-

1809 1395 1892 1446 vis
1951 1394 2227 1462 singulare
2276 1396 2472 1451 habeat
2516 1414 2580 1452 ac
2639 1399 2864 1464 simplex
2933 1410 3383 1470 compactumque

1807 1485 2150 1554 principium,
2209 1489 2350 1555 quod
2411 1489 2784 1558 symbolorum
2844 1489 3105 1545 varietate
3151 1492 3384 1562 benigne

1805 1579 2213 1646 multiplicetur,
2243 1592 2298 1634 et
2344 1581 2412 1633 ad
2445 1598 2662 1636 onmem
2699 1583 2790 1636 llei
2818 1583 3176 1652 principalem
3207 1600 3265 1639 se
3290 1601 3386 1639 exe

1808 1668 1998 1721 tendat
2041 1666 2466 1738 elligiationem;
2522 1672 2871 1728 unil‘ormiter
2928 1683 3104 1728 tatnen
3137 1677 3204 1728 ad
3255 1691 3384 1744 pro-

1806 1761 1980 1829 priam
2031 1775 2090 1813 se
2118 1758 2293 1813 denuo
2343 1762 2549 1830 colligit
2594 1765 2876 1823 unitatem,
2929 1776 3094 1835 atque
3135 1769 3184 1821 in
3219 1785 3384 1823 unum

125 1864 409 1934 ἱεράρχης,
437 1862 484 1914 εἰ
531 1862 625 1914 καὶ
670 1862 767 1932 τὴν
816 1862 1023 1913 ἑνιαίαν
1069 1857 1232 1912 αὐτοῦ
1275 1857 1376 1926 τῆς
1425 1859 1597 1928 ἱεραρ;

1913 1853 2003 1922 igit
2031 1868 2124 1906 eos
2157 1853 2247 1918 qni
2283 1853 2348 1906 ad
2386 1867 2444 1906 se
2474 1865 2663 1908 sancte
2695 1856 2986 1912 ducuntur.
3019 1857 3137 1912 Pari
3161 1875 3385 1928 prorsus

125 1952 443 2021 ἐπιστήμην
464 1951 510 1982 ⁸⁸
537 1948 866 2018 ἀγαθοειδῶς
892 1949 971 2012 εἰς
995 1947 1120 2010 τοὺς
1144 1943 1550 2014 ὖποῦεόηκότας
1578 1959 1710 1994 κατ-

125 2042 275 2110 άγει,
302 2041 415 2102 τοῖς
459 2038 568 2091 τῶν
595 2037 755 2109 ἱερῶν
795 2037 1126 2107 αἰνιγμάτων
1151 2033 1374 2104 πλήθεσι
1399 2029 1676 2102 χρώμενος
1694 2046 1706 2058 ·

125 2132 245 2184 ἀλλ’
271 2126 447 2194 αὖθις,
473 2130 549 2193 ὼς
574 2129 839 2192 ἁπόλυτος
863 2129 958 2182 καί
1001 2131 1115 2191 τοῖς
1160 2128 1378 2197 ⁴ἥττοσιν
1401 2123 1710 2193 ἀκατάσχε-

124 2239 240 2288 τος,
271 2223 352 2286 εἰς
376 2221 476 2292 τὴν
498 2220 704 2274 οἰκείαν
729 2222 902 2292 ἀρχὴν
941 2218 1226 2290 ἀμειὼτως
1247 2217 1706 2280 ἀποκαθίσταται,

126 2320 222 2371 καὶ
249 2319 353 2390 τὴν
379 2318 459 2380 εἰς
481 2315 540 2369 τὸ
565 2314 622 2368 ἓν
649 2314 841 2368 ἑαυτοῦ
864 2315 908 2346 ⁸⁸
939 2310 1130 2382 νοερὰν
1177 2309 1541 2381 ποιησάμενος
1567 2307 1711 2360 εἴσο-

124 2411 237 2477 δον,
265 2412 371 2482 ὁρᾷ
392 2409 651 2480 καθαρῶς
673 2406 932 2471 τοὺς-τῶν
975 2404 1309 2474 τελουμένων
1355 2401 1600 2464 ὲνοειδεῖς
1626 2399 1710 2451 λό-

124 2517 285 2566 γους,
308 2499 409 2569 τῆς
455 2499 547 2552 ἐπὶ
591 2497 661 2550 τὰ
707 2495 934 2567 δεύτερα
981 2491 1357 2564 φιλανθρώπου
1401 2489 1624 2562 προόδου
1650 2489 1711 2541 τὸ

125 2594 308 2666 πέρας
357 2593 456 2664 τὴν
503 2593 584 2657 εἰς
643 2591 711 2644 τά
780 2587 970 2659 πρῶτα
1039 2585 1314 2655 θειοτέραν
1382 2582 1712 2652 ἐπιστροφὴν
1755 2575 1766 2589 “

126 2685 478 2752 ποιούμενος.

1814 1957 1989 2010 eoque
2018 1942 2266 1996 deil‘ormi
2299 1945 2458 1997 modo
2498 1945 2714 1999 divinus
2758 1947 3025 2016 pontifex,
3059 1949 3160 2002 etsi
3197 1950 3384 2015 singu-

1815 2033 1986 2088 larem
2012 2036 2178 2089 divini
2213 2037 2552 2105 principatus
2609 2039 2690 2091 sni
2731 2039 3020 2094 scientiam
3059 2041 3110 2094 in
3145 2042 3390 2099 subditos

1812 2124 2072 2179 benevole
2100 2127 2329 2194 derivet,
2370 2129 2496 2182 dum
2519 2131 2862 2198 aznigmatnm
2895 2145 3176 2185 sacrorum
3209 2133 3388 2187 varie-

1815 2218 2017 2270 tatibus
2045 2219 2245 2286 ntitnr;
2278 2236 2468 2274 rursus
2503 2235 2704 2284 tamen,
2730 2235 2828 2274 ceu
2858 2222 3140 2278 absolutus
3166 2238 3194 2276 a
3226 2225 3389 2278 rebus

1815 2308 2165 2366 inferioribus
2198 2325 2262 2364 ac
2287 2310 2450 2376 liber,
2482 2314 2545 2364 ad
2569 2314 2848 2382 prOprium
2868 2315 3192 2382 principium
3229 2332 3387 2370 suum

1819 2401 2028 2471 integre
2054 2403 2374 2464 revertitur,
2405 2404 2740 2474 spiritalique
2765 2420 2863 2459 suo
2886 2407 2937 2457 in
2967 2421 3132 2459 unum
3163 2406 3388 2461 introitu

1816 2492 2082 2561 perfecto,
2119 2491 2426 2561 singulares
2477 2495 2610 2548 istas
2656 2505 3126 2551 sacramentorum
3153 2497 3395 2552 rationes

1820 2601 1951 2652 pura
1984 2597 2162 2640 mente
2193 2587 2390 2651 cernit,
2441 2587 2567 2641 dum
2601 2587 2819 2656 benigni
2856 2590 3192 2659 humanique
3215 2592 3295 2645 sui
3325 2595 3390 2645 ait

1821 2674 2078 2729 inferiora
2113 2693 2432 2747 progressus
2489 2679 2650 2734 linem
2715 2681 3038 2737 diviniorem
3090 2685 3158 2735 ad
3219 2681 3394 2751 prima

1825 2767 1953 2822 facit
1977 2770 2369 2824 reversionem.

1688 2969 1714 3039 §
1757 2967 1860 3027 IV.

214 3139 371 3193 Ἡδὲ
393 3138 502 3191 τῶν
547 3136 776 3208 ψαλμῶν
826 3135 1094 3207 ἱερολογία
1142 3131 1542 3203 συνουσιωμένη
1597 3132 1686 3183 πᾶς

1920 3131 2242 3187 Psalmorum
2300 3148 2463 3204 porro
2495 3147 2648 3187 sacra
2703 3132 3020 3196 modulatio,
3049 3148 3168 3202 qua:
3201 3147 3392 3206 mystc-

132 3232 332 3303 σχεδὸν
402 3233 515 3292 τοῖς
572 3232 903 3301 ἰεραρχικοῖς
955 3227 1306 3299 μυστηρίοις,
1355 3227 1454 3278 οὑκ
1501 3224 1604 3295 ἔμε

1959 3225 2318 3280 hierarchicis
2366 3223 2480 3280 fere
2532 3225 2784 3280 onmibns
2836 3227 2990 3294 quasi
3029 3228 3400 3283 substantialis

129 3318 475 3392 ἀπηρτίσθαι
497 3318 590 3372 τοῦ
620 3319 836 3373 πάντων
861 3319 1318 3390 ἱεραρχικωτάτου
1343 3318 1388 3349 ⁹⁰
1411 3334 1425 3346 ο
1456 3318 1601 3369 πᾶσα

1924 3313 2197 3384 .jungitur,
2255 3316 2323 3370 ab
2371 3316 2615 3369 omnium
2678 3305 3028 3371 sanc'tissimo
3058 3333 3396 3388 nequaquam

129 3413 247 3486 γὰρ
274 3411 401 3482 ἱερὰ
426 3411 522 3464 καλ⁵
546 3411 878 3480 ἁγιόγραφος
923 3410 1124 3474 δέλτος,
1247 3409 1346 3479 τὴν
1372 3411 1434 3462 ὲκ
1461 3408 1595 3461 Θεοῦ

1929 3415 1946 3458 ι
1997 3406 2343 3472 divellenda;
2389 3408 2567 3462 omnis
2611 3423 2845 3477 namque
2883 3423 3053 3464 sacra:
3103 3408 3401 3476 Scriptura:

132 3493 312 3556 ὄντων
338 3502 601 3572 γεννητὴν
628 3500 860 3572 ὖπαρξίν
905 3518 962 3552 τε
1015 3501 1108 3552 καὶ
1153 3499 1526 3570 διακόσμησιν,
1568 3498 1602 3568 ἦ

1929 3509 2010 3553 tus
2055 3500 2142 3554 vel
2172 3500 2451 3554 conditam
2509 3515 2538 3553 a
2585 3501 2696 3556 Deo
2725 3516 2905 3555 rerum
2939 3502 3300 3556 substantiam
3338 3519 3401 3557 ac

129 3579 375 3666 νομικὴν
401 3593 681 3664 ίεραρχίαν
731 3594 826 3646 καὶ
872 3593 1170 3656 πολιτείαν,
1225 3591 1258 3662 ἢ
1309 3592 1418 3644 τῶν
1458 3590 1601 3644 τοῦθ

1931 3591 2384 3656 )ositionem,vel
2441 3591 2670 3662 legalem
2733 3593 3100 3648 hierarchiam
3152 3610 3216 3648 ac
3269 3595 3403 3663 poli-

130 3683 272 3738 λαοῦ
324 3683 686 3755 κληροδοσιῶν
728 3681 1070 3754 διανεμήσεις
1118 3684 1212 3736 καὶ
1258 3683 1602 3753 κατασχέσεις

1932 3698 1983 3749 ιι,
2017 3682 2101 3738 vel
2140 3683 2517 3738 haereditatum
2549 3683 2709 3753 190
2740 3685 2907 3738 divini
2933 3685 3114 3755 p0puli
3147 3685 3404 3740 distribu-

129 3776 352 3848 κριτῶν
377 3773 623 3847 ἱερῶν,ἧ
668 3775 930 3846 βασιλέων
980 3776 1178 3844 σοφῶν,
1234 3775 1266 3846 ἢ
1316 3776 1503 3847 ἱερέων
1531 3775 1601 3827 ὲνί

1932 3792 2006 3831 tes
2035 3792 2097 3830 ac
2125 3776 2522 3844 possessiones,
2579 3777 2662 3829 vel
2694 3792 2977 3831 sacrorum
3020 3778 3264 3846 iudicum
3321 3793 3404 3832 re-

134 3869 448 3940 σύνεσιν,ἢ
505 3869 747 3922 παλαιῶν
795 3868 1000 3940 ἀνδρῶν
1029 3870 1086 3922 ἐν
1135 3868 1374 3939 ποικιλίᾳ.
1395 3869 1489 3921 καί
1539 3867 1606 3920 πλ

1929 3883 2023 3921 nve
2073 3867 2398 3936 sapientium
2459 3877 2624 3935 atque
2682 3869 3030 3921 sacerdotum
3095 3868 3401 3921 divinormn

129 3961 248 4014 τῶν
276 3961 538 4014 ἀνιόντων
581 3962 622 3993 ’ί
673 3961 1060 4014 ἀκατάσειστον
1108 3962 1164 4014 ὲν
1211 3962 1474 4033 καρτερίᾳ
1519 3959 1601 4029 φιλ

1935 3960 2198 4024 dentiam,
2251 3959 2337 4013 vel
2391 3959 2696 4028 priscorum
2759 3961 2998 4014 virorum
3057 3960 3111 4013 in
3166 3961 3401 4014 tristium

135 4055 299 4123 φίαν,
328 4053 360 4123 ἢ
387 4053 495 4106 τῶν
521 4054 808 4125 πρακτέων
836 4053 1004 4122 σοφὰς
1030 4053 1326 4124 ὑποθήκας,
1354 4055 1386 4125 ἢ
1413 4054 1569 4107 θείων
1595 4055 1607 4103 ἐ

1934 4055 2101 4108 ietate
2156 4069 2218 4108 ac
2267 4053 2671 4121 multiplicitate
2723 4068 2949 4107 casuum
3021 4053 3403 4108 inconcussam

133 4139 254 4199 των
279 4146 502 4216 ᾅσματα
528 4145 620 4196 καὶ
646 4145 863 4210 ἐνθέους
884 4146 1116 4211 εἰκόνας,
1143 4146 1175 4217 ἢ
1200 4146 1308 4198 τῶν
1332 4145 1604 4216 ἐσομένων

1935 4147 2137 4200 »ιιιιιιίω
2186 4145 2607 4215 philosophiam,
2666 4152 2768 4198 aut‘
2807 4144 3082 4213 sapientes
3108 4159 3287 4199 rerum
3315 4157 3407 4214 ge-

135 4237 495 4309 ὑποφητικὰς
546 4239 1065 4310 πωαναρῤήσεις,ἢ
1111 4237 1209 4301 τὰς
1246 4236 1504 4308 ἀνδρικὰς
1553 4237 1607 4289 ’11

1935 4241 2126 4293 darmn
2157 4239 2572 4309 pra-ceptiones,
2625 4238 2709 4292 vel
2755 4252 3000 4291 amorum
3029 4236 3240 4291 cantica
3269 4237 3406 4291 divi-

135 4319 440 4400 θεουργίας
462 4330 528 4391 ’³,
557 4329 590 4400 ἢ
617 4328 715 4392 τὰς
759 4329 866 4382 τῶν
892 4329 1054 4382 αὑτοῦ
1101 4329 1354 4400 μαθητῶν
1400 4329 1605 4400 θεοπαρ

1938 4348 2025 4386 nm
2076 4331 2456 4402 imaginesque
2487 4331 2719 4394 divinas,
2775 4328 2857 4382 vel
2893 4344 3169 4399 prazsagas
3201 4329 3408 4384 futuro-

132 4436 271 4482 τους
319 4419 415 4472 καί
459 4419 824 4491 θεομιμήτους
860 4419 1133 4482 πολιτείας
1162 4419 1430 4490 καὶίερὰς
1476 4419 1604 4473 διδας

1930 4439 1950 4476 a
1977 4423 2378 4492 prazdictiones,
2399 4423 2482 4478 vel
2514 4422 2701 4477 viriles
2731 4420 2861 4476 Jesu
2901 4421 2995 4476 Dei
3037 4422 3402 4489 operationes.

133 4510 288 4575 λίας,
321 4509 478 4582 ἥτὴν
501 4509 736 4581 κρυφίαν
786 4509 880 4561 καὶ
926 4509 1188 4580 μυστικὴν
1234 4509 1462 4578 emata»;
1504 4509 1597 4562 τοῦ

1935 4517 2198 4584 silentque
2250 4515 2643 4584 discipulorum
2692 4514 2955 4569 divinitus
3002 4515 3200 4568 tradita
3235 4525 3290 4568 et
3341 4515 3407 4566 ad

138 4601 411 4673 μαθητῶν
435 4600 718 4672 ἀγαπητοῦ
737 4601 829 4653 καὶ
854 4601 1161 4665 θεσπεσίου,
1182 4601 1213 4671 ἢ
1241 4603 1338 4673 τὴν
1363 4603 1464 4653 ὑπε
1475 4601 1605 4672 ρκόσ

1938 4620 2009 4658 nn
2071 4605 2398 4659 imitandum
2454 4606 2814 4659 conducentia
2867 4605 2992 4659 vita:
3047 4605 3290 4660 instituta
3315 4606 3410 4659 ilo-

146 4692 336 4764 Ἰησοῦ
360 4691 635 4759 θεολογίαν
656 4695 768 4756 τοῖς
794 4693 928 4764 πρὸς
956 4693 1146 4746 θέωσιν
1173 4693 1493 4764 ἐπιτηδείοις
1521 4693 1618 4762 inpr

1937 4699 2155 4763 masque
2187 4711 2400 4758 sacras,
2457 4710 2785 4750 arcanamve
2841 4695 2985 4750 illam
3015 4697 3409 4767 mysticamqne

135 4801 302 4846 σατο,
352 4784 448 4836 καὶ
493 4787 614 4846 ταῖς
663 4786 836 4856 ἱεραῖς
865 4784 974 4837 τῶν
1022 4783 1250 4836 τελετῶν
1304 4784 1399 4837 καὶ
1443 4783 1607 4836 θεοειδ

1934 4789 2104 4840 ionem
2159 4786 2408 4856 discipuli
2460 4787 2644 4842 dilecti
2676 4787 2977 4855 divinique,
3025 4799 3186 4854 atque
3217 4801 3406 4855 super-

1843 4877 2178 4929 mundialem
2213 4876 2337 4931 Jesu
2372 4877 2702 4946 theologiam
2752 4875 2819 4929 iis
2849 4877 2940 4942 qni
2991 4874 3287 4926 divinitatis
3320 4887 3411 4924 ca-

1840 4981 2005 5036 paces
2038 4975 2165 5020 snnt
2201 4968 2470 5035 exposuit,
2533 4966 2816 5034 sacrisque
2863 4979 2986 5017 cum
3036 4974 3412 5016 sacramento-

1845 5071 1963 5110 rum
2019 5065 2129 5109 tum
2182 5057 2246 5110 ad
2281 5055 2641 5114 Deilormam
2683 5055 3121 5123 consequendam
3159 5051 3299 5120 aptis
3332 5051 3412 5102 in-

1841 5145 2214 5212 stitutionibus
2263 5144 2631 5220 conﬁrmavit.
2693 5145 2861 5198 Sacra
2917 5158 3049 5197 vero
3099 5142 3409 5194 divinorum

1841 5239 2145 5304 carminum
2194 5237 2511 5307 descriptio,
2566 5236 2652 5290 cui
2706 5247 2901 5290 cuncta
2949 5234 3044 5288 Dei
3093 5247 3255 5303 opera
3299 5232 3413 5286 clo-

134 4875 464 4942 ἀναγωγαῖς
491 4875 901 4946 συνερῤίζωσεν.
934 4876 996 4927 Ἦ
1020 4875 1075 4928 δὲ
1103 4875 1209 4928 τῶν
1239 4875 1397 4928 θείων
1421 4875 1570 4946 ᾠδῶν
1595 4877 1735 4946 ἱερο-

132 4967 382 5039 γραφία,
414 4967 614 5019 σκοπὸν
637 4968 830 5037 ἔχουσα
854 4966 949 5031 τὰς
971 4966 1243 5036 θεολογίας
1265 4983 1322 5018 τε
1344 4967 1434 5019 καὶ
1451 4967 1733 5038 θεουργίας

135 5057 370 5120 ἁπάσας
395 5057 654 5127 ὑμνῆσαι,
681 5059 776 5110 καί
819 5056 918 5121 τὰς
970 5057 1078 5109 τῶν
1101 5057 1260 5110 θείων
1296 5056 1507 5127 ἀνδρῶν
1533 5057 1733 5128 ἱερολο-

134 5150 364 5217 γίαςτε
391 5150 484 5202 καί
534 5149 840 5221 ἱερουργίας
886 5148 1116 5208 αἰνέσαι,
1165 5148 1456 5218 καθολικὴν
1501 5151 1732 5200 ποιεῖται

137 5239 254 5292 τῶν
282 5239 446 5292 θείων
470 5239 611 5310 ᾠδὴν
641 5241 735 5294 καί
758 5237 1050 5310 ἀφήγησιν,
1090 5239 1224 5308 πρὸς
1274 5239 1453 5308 πάσης
1494 5239 1735 5308 ἱεραρχι-

1429 5409 1664 5472 vanu-3
1705 5410 2135 5468 LECTIONES..
2247 5400 2264 5440 ’

214 5599 264 5630 "
297 5594 601 5665 εὐκοσμίας
630 5594 690 5648 D.
722 5595 780 5651 S.
943 5595 986 5628 "
1012 5596 1164 5659 αὐτό,
1193 5597 1253 5649 ῐὶ.
1288 5596 1343 5651 S.
1371 5597 1493 5650 δην.
1554 5595 1614 5667 _"
1641 5595 1686 5647 ἰε

1935 5593 2136 5667 κωνίοιν,Δ
2166 5592 2263 5646 ιλιι.
2493 5593 2613 5667 δέν.
2647 5592 2734 5667 --⁸³
2765 5591 2860 5644 καί
2891 5606 2995 5667 non
3033 5600 3116 5642 est
3153 5589 3202 5667 in
3237 5588 3301 5667 Ρ..
3348 5588 3407 5643 1).

139 5667 206 5722 Β.
228 5659 374 5748 βπ.
432 5659 500 5748 ξ’
527 5659 788 5748 χωρῇρ.
829 5665 890 5748 Βἶ
991 5668 1048 5748 '1
1064 5668 1416 5748 ἰερὲρχικῆς,
1636 5737 1647 5748 .
1695 5659 1756 5695 ’⁸⁷
1790 5665 1846 5745 δέ
1867 5667 1975 5748 ,Λ1).
2005 5664 2082 5743 Μζ
2295 5665 2342 5745 1³⁸
2367 5664 2592 5748 exuto-3“.
2645 5663 2871 5748 lii."5c.;
2923 5659 3250 5748 ἰεραρχικὴν
3269 5659 3410 5748 ἐπι-

140 5739 250 5808 στῆ
262 5755 396 5808 μην,
519 5732 676 5810 ξςτῆξ
703 5737 980 5810 θεαρχίας,
1011 5737 1069 5810 1³,
1119 5732 1301 5810 ’ω’
1331 5732 1513 5810 αὑτοῦ.
1555 5738 1598 5769 ⁹⁰
1626 5733 2085 5810 άπηρτῆσθαιᾲτοῦ
2115 5734 2510 5810 ἀρχᾼικωτάτου,
2545 5737 2601 5788 Ι).
2622 5747 2669 5786 ct
2707 5732 2791 5797 V.;
2815 5732 3411 5801 πανιεραρχικωτὰτου,

128 5805 274 5893 ἓιιίέ
334 5805 392 5839 ’⁹¹
425 5805 718 5873 άνιώντων,
750 5805 1024 5866 δόξ’ὃιιικ.
1051 5809 1122 5862 ita
1148 5805 1360 5878 cori-ign
1396 5809 1526 5861 liud.
1562 5821 1600 5862 cl

943 5826 1024 5866 ιι·..
1051 5809 1122 5862 ita
1148 5805 1360 5878 cori-ign
1396 5809 1526 5861 liud.
1562 5818 1614 5862 ct
1647 5805 1796 5860 Vicit.
1834 5806 1885 5858 2.
1963 5808 2006 5836 ⁹²
2037 5805 2316 5875 θεαρχίας,
2357 5805 2415 5859 υ.
