3728 6306
242 226 339 281 451

1417 215 1470 274 S.
1507 213 1808 272 DIONYSII
1847 212 2077 269 AREOP
2086 210 2315 268 AGlTAS

3416 207 3523 262 ΓΞ

244 339 484 413 quiaque
514 338 815 403 celebrare,
846 352 947 393 nec
972 349 1080 390 non
1118 348 1313 390 sacros
1344 333 1589 387 virorum
1621 330 1830 385 divino-

2018 346 2033 391 ;
2078 326 2299 396 τελετῆς
2346 325 2612 397 ὑποδοχὴν
2661 325 2755 377 καὶ
2803 321 3085 393 μετάδοσιν
3132 320 3248 386 ἕξιν
3310 321 3525 374 οἰκείαν

244 452 365 489 rum
397 448 521 488 cum
555 443 838 487 sermones
878 438 990 483 tum
1021 428 1267 483 actiones
1296 424 1609 482 collaudare
1630 435 1829 494 propo-

1935 416 2238 489 ἐμποιοῦσα
2280 420 2391 481 τοῖς
2419 416 2615 479 ἐνθέως
2640 414 2809 487 αὐτὴν
2832 412 3212 485 ἱερολογοῦσιν.

242 528 405 581 situm
448 534 554 590 est,
618 524 931 593 generalem
978 521 1286 576 introducit
1320 534 1501 575 rerum
1549 517 1860 572 divinarum
1891 526 2113 567 cantum
2145 512 2647 582 et'expositiouem,
2682 512 2808 566 dum
2836 510 2904 563 ad
2956 507 3135 562 omnia
3187 505 3330 561 sacri
3381 504 3527 559 ordi-

241 620 327 671 nis
380 625 750 681 sacramenta,
808 614 925 670 sive
979 612 1327 683 suscipienda
1373 612 1491 668 sive
1535 606 1826 671 tradenda,
1861 614 2049 675 aptum
2086 604 2193 660 illis
2224 604 2467 659 animum
2502 603 2659 659 affert
2720 604 2811 673 qui
2868 602 3043 673 ipsum
3069 600 3253 655 divine
3302 613 3369 653 ac
3399 612 3527 651 san-

240 728 328 769 ete
361 713 617 767 recitant.

1823 833 1957 907 §V.

315 1009 415 1065 Ubi
440 1022 573 1078 ergo
607 1006 698 1061 illa
728 1019 850 1075 qua;
882 1020 970 1061 res
1012 1021 1255 1076 quasque
1282 1021 1472 1062 sacras
1522 1012 1839 1080 complecti-

243 1114 329 1157 tnr
360 1102 686 1174 hymnorum
722 1098 1025 1153 modulatio
1047 1098 1245 1153 animae
1270 1110 1473 1154 nostrm
1496 1100 1832 1173 affectiones,

240 1206 297 1250 et
338 1210 403 1249 ea
435 1207 591 1247 sacra
625 1205 747 1261 qua:
782 1190 949 1259 paulo
994 1199 1118 1260 post
1169 1190 1492 1246 celebranda
1544 1203 1694 1261 sunt,
1732 1198 1835 1253 rite

243 1288 536 1358 disposuit,
595 1285 1022 1353 divinorumque
1057 1284 1365 1338 carminum
1407 1297 1677 1342 concentu
1711 1304 1833 1345 cum

244 1380 311 1432 ad
342 1393 432 1433 res
463 1375 699 1440 divinas,
733 1384 847 1428 tum
876 1373 943 1427 ad
979 1373 1300 1445 semetipsas
1327 1384 1681 1447 mutuamque
1704 1395 1833 1433 con-

238 1471 578 1534 sensionem,
611 1482 717 1521 ceu
767 1466 924 1520 unica
980 1466 1350 1536 concordique
1402 1469 1604 1523 chorea
1646 1486 1834 1526 sacro-

239 1579 360 1618 rum
396 1561 695 1630 coaptavit,
732 1575 793 1614 ea
818 1575 937 1628 qum
982 1559 1036 1612 iu
1075 1559 1312 1627 spiritali
1348 1559 1693 1617 Psalmorum
1726 1580 1847 1621 mo-

2018 1017 2183 1069 ’Ὁταν
2208 1010 2299 1067 οὖν
2328 1016 2360 1085 ἡ
2386 1013 2707 1086 περιεκτικὴ
2743 1012 2853 1066 τῶν
2912 1011 3184 1084 πανιέρων
3229 1011 3533 1082 υμνολογία

1938 1105 2035 1169 τὰς
2062 1104 2300 1175 ψυχικὰς
2326 1105 2371 1137 ⁹³
2414 1104 2571 1175 ἡμῶν
2620 1105 2761 1171 ἔξεις
2810 1106 3145 1176 ἐναρμονίως
3183 1104 3342 1175 διαθῇ
3389 1103 3531 1175 πρὸς

1938 1197 2006 1249 τὰ
2031 1197 2223 1267 μικρὸν
2275 1196 2501 1266 ὕστερον
2559 1196 3113 1267 ἱερουργηθησὸμενα,
3158 1198 3254 1251 καὶ
3302 1200 3372 1268 τῇ
3416 1197 3533 1250 τῶν

1938 1289 2096 1342 θείων
2120 1286 2271 1357 ᾠδῶν
2300 1286 2581 1356 ὁμοφωνίᾳ
2626 1288 2723 1357 τὴν
2750 1287 2884 1356 πρὸς
2927 1286 2997 1339 τὰ
3022 1286 3142 1340 θεῖα
3165 1288 3261 1341 καὶ
3296 1287 3535 1350 ἑαυτοὺς

1937 1383 2032 1436 καὶ
2052 1380 2323 1451 ἀλλήλους
2348 1379 2749 1450 ὁμοφροσύνην,
2778 1380 2853 1443 ὼς
2881 1382 2981 1452 μιᾷ
3020 1381 3116 1433 καὶ
3142 1380 3391 1451 ὁμολόγῳ
3415 1376 3533 1431 τῶν

1938 1473 2100 1545 ἱερῶν
2128 1473 2334 1550 χορείᾳ,
2363 1472 2431 1535 9",
2459 1471 2819 1546 νομοθετήσῃ,
2865 1472 2935 1525 τὰ
2978 1472 3397 1543 συν-τετμημένα
3431 1472 3534 1523 καὶ

1939 1565 2374 1634 συνεσκιασμένα
2443 1564 2641 1635 μᾶλλον
2685 1566 2744 1617 ἐν
2794 1567 2860 1636 τῇ
2931 1567 3094 1637 νοερᾷ
3141 1564 3250 1618 τῶν
3294 1562 3534 1633 ψαλμῶν

238 1658 519 1711 dulatione
553 1657 776 1711 concisa
834 1663 961 1709 sunt
1015 1662 1068 1707 et
1129 1654 1304 1721 magis
1357 1654 1703 1721 obumbrata,
1737 1672 1832 1728 per

2022 1658 2209 1729 ολογία
2258 1656 2348 1710 διά
2376 1656 2635 1709 πλειόνων
2664 1658 2759 1710 καὶ
2807 1658 3155 1728 σαφεστέρων
3180 1656 3408 1709 εἰκόνων
3432 1655 3535 1708 καὶ

241 1750 428 1819 plures
455 1760 511 1804 et
542 1748 952 1803 manil‘estiores
993 1749 1191 1818 liguras
1244 1756 1408 1817 atque
1443 1747 1832 1817 explicationes

238 1842 628 1897 sacratissimis
672 1841 1203 1911 scripturisticarum
1264 1842 1724 1911 compositionum
1755 1841 1833 1897 le-

245 1936 524 1990 ctionibus
550 1933 878 1989 dilatantur.
943 1931 1001 1987 In
1036 1934 1121 1988 his
1151 1949 1434 1988 sacrarum
1491 1950 1672 1989 rerum
1700 1949 1831 1989 con-

241 2027 538 2097 templator
567 2026 901 2080 uniformem
960 2026 1252 2095 quamdam
1305 2035 1466 2095 atque
1496 2027 1829 2097 singularem

243 2121 499 2175 advertet
529 2118 1021 2188 conspirationem,
1057 2125 1245 2185 utpote
1297 2118 1366 2172 ab
1399 2133 1511 2172 uno
1533 2119 1835 2190 eodemque

245 2211 339 2264 Dei
374 2209 665 2281 principali
695 2208 890 2278 spiritu
916 2208 1246 2262 concitatam
1271 2224 1285 2273 ;
1323 2208 1467 2264 unde
1489 2209 1614 2278 jure
1639 2212 1837 2267 merito

239 2304 294 2357 iu
327 2304 462 2355 orbe
503 2308 626 2369 post
656 2297 1023 2366 antiquiorem
1052 2296 1199 2351 illam
1236 2297 1608 2366 traditionem,
1642 2299 1837 2357 Testa-

240 2404 485 2449 mentum
538 2408 740 2447 novum
773 2390 1176 2461 promulgatur,
1240 2390 1423 2445 divino
1462 2392 1676 2448 scilicet
1718 2395 1835 2451 hie-

240 2484 602 2553 rarchicoqne
655 2483 870 2546 ordine,
931 2498 1051 2537 mea
1106 2481 1327 2551 quidem
1388 2484 1686 2549 sententia,
1730 2502 1831 2557 per

240 2577 345 2631 hoc
371 2575 712 2644 declarante,
738 2578 816 2631 uti
856 2575 1031 2631 Vetus
1059 2573 1467 2629 Testamentum
1492 2573 1671 2631 futura
1694 2594 1833 2648 ριέιι-

242 2670 469 2735 dixerit,
518 2668 727 2724 Novum
790 2683 925 2725 vero
973 2670 1205 2738 ipsamet
1255 2667 1439 2722 divina
1498 2667 1625 2724 Jesu
1670 2685 1836 2741 opera

243 2763 595 2829 exhibuerit;
633 2772 799 2832 atque
856 2760 988 2815 illud
1035 2762 1251 2830 quidem
1309 2760 1465 2831 quasi
1506 2763 1830 2832 quibusdam

238 2851 570 2920 imaginibus
620 2852 931 2921 depinxerit
958 2852 1266 2918 veritatem,
1298 2852 1401 2907 hoc
1440 2868 1570 2909 vero
1598 2870 1837 2923 przesen-

1937 1754 2293 1825 ὰναρρἡεων
2322 1750 2605 1823 εὐρύνεται
2627 1753 2748 1814 ταῖς
2776 1750 3096 1821 ίερωτάταις
3124 1749 3233 1802 τῶν
3260 1749 3532 1819 ἀγιογρά-

1938 1865 2051 1917 φων
2080 1845 2384 1910 συντάξεων
2411 1847 2455 1877 9⁸
2504 1845 2892 1912 ἀναγνώσεσιν.
2958 1844 3046 1897 Ἑν
3090 1842 3317 1905 ταύταις
3363 1843 3392 1893 ὁ
3418 1840 3536 1910 βλέ-

1936 1958 2053 1993 πων
2082 1940 2241 2010 ἱερῶς
2266 1938 2452 2008 ὄψεται
2500 1938 2599 2007 τὴν
2624 1936 2826 2005 ἑνοειδῆ
2849 1937 2944 1990 καὶ
2971 1937 3098 2008 μίαν
3128 1934 3435 2005 σύμπνοιαν
3460 1934 3532 1997 ’⁸,

1934 2034 2011 2096 ὠς
2038 2033 2127 2101 ὑφ’
2155 2031 2273 2095 ἑνὸς
2316 2034 2358 2063 ⁹⁷
2385 2032 2479 2085 τοῦ
2523 2032 2815 2104 θεαρχικοῦ
2866 2030 3183 2100 Πνεύματος
3229 2024 3532 2095 κεκινημέ-

1935 2141 2067 2195 νην·
2098 2123 2220 2176 ὅθεν
2254 2124 2479 2187 εἰκότως
2527 2125 2583 2176 ἐν
2625 2124 2813 2194 κόσμῳ
2839 2121 2975 2193 μετὰ
3015 2120 3115 2191 τὴν
3162 2116 3537 2189 ἀρχαιοτέραν

1938 2218 2235 2289 παράδοσιν
2259 2219 2292 2287 ἡ
2316 2216 2477 2287 καινὴ
2504 2214 2744 2286 Διαθήκη
2792 2214 3148 2285 κηρύσσεται,
3194 2211 3296 2281 τῆς
3338 2209 3534 2263 ἐνθέου

1935 2314 2029 2365 καὶ
2056 2310 2379 2382 ίεραρχικῆς
2403 2309 2610 2374 τάξεως
2633 2311 2828 2374 ἐκεῖνο,
2879 2302 3052 2378 οἶμαι,
3077 2304 3367 2377 δηλούσ-ης,
3396 2305 3474 2367 tit;
3496 2307 3531 2373 η

1938 2404 2038 2475 μὲν
2070 2403 2174 2475 ἔφη
2220 2403 2320 2467 τὰς
2368 2404 2633 2475 ἐσομένας
2692 2401 2866 2474 Ἰησοῦ
2897 2400 3207 2472 θεουργίας,
3247 2402 3280 2469 ὴ
3325 2398 3385 2451 δὲ
3414 2398 3533 2450 ἑτέ-

1930 2496 2075 2558 λεσε,
2099 2496 2195 2547 καὶ
2226 2494 2301 2558 ὼς
2330 2494 2511 2565 ἑκείνη
2542 2494 2638 2564 μὲν
2664 2495 2721 2546 ἐν
2746 2492 2917 2546 εἰκόσι
2955 2490 3052 2563 τὴν
3079 2488 3335 2560 ἀλήθειαν
3364 2486 3533 2557 ἐγρα-

1928 2587 2050 2657 ψεν,
2078 2586 2215 2657 αὕτη
2243 2587 2299 2639 δὲ
2354 2586 2636 2658 παροῦσαν
2664 2584 2909 2650 ὑπέδειξε
2934 2600 2947 2613 °
3002 2583 3109 2636 τῶν
3154 2581 3263 2651 γάρ
3310 2580 3533 2649 ἐκείνης

1934 2680 2397 2751 προαναρῤήσεων
2427 2681 2460 2749 ἡ
2491 2677 2632 2731 κατὰ
2653 2676 2856 2748 ταύτην
2878 2674 3251 2746 τελεσιουργία
3278 2673 3378 2744 τὴν
3404 2670 3533 2741 ἀλή-

1942 2766 2092 2823 θειαν
2116 2769 2477 2831 ἐπιστώσατο,
2505 2771 2599 2821 καὶ
2622 2769 2738 2821 ἔστι
2762 2770 2861 2839 τῆς
2892 2767 3165 2836 θεολογίας
3193 2766 3227 2837 ἡ
3268 2764 3533 2834 θεουργία

1946 2862 2440 2931 συγκεφαλαίωσις.

242 2956 349 3000 tem
408 2946 827 3007 demonstravit,
881 2959 1006 2998 cum
1059 2943 1477 3013 praedictionum
1554 2945 1674 3017 ejus
1734 2949 2026 3006 veritatem
2090 2954 2321 3010 ell‘eetus
2347 2955 2508 3025 hujus
2539 2956 2936 3027 comprobavit,
2960 2954 3381 3022 divinorumque
3409 2965 3533 3005 ser-

240 3055 457 3094 monum
490 3038 736 3111 operatio
768 3037 952 3092 divina
995 3036 1069 3092 sit
1093 3052 1329 3092 summa.

1807 3181 1836 3253 ς
1870 3179 1979 3241 Vl.

317 3348 470 3419 191
503 3348 607 3414 Qui
636 3346 859 3416 quidem
881 3345 1079 3400 horum
1106 3353 1581 3400 sacramentorum
1614 3344 1831 3416 penitus

2018 3348 2223 3402 Γούτων
2249 3348 2297 3401 οἱ
2327 3348 2424 3419 μὲν
2446 3346 2935 3419 ἀπερισάλπιγκτοι
2958 3345 3183 3399 καθόλου
3224 3344 3334 3397 τῶν
3363 3345 3531 3416 ίερῶν

241 3442 417 3512 ignari
450 3449 600 3503 sunt,
651 3438 730 3493 illi
770 3452 840 3492 ne
867 3437 1135 3507 imagines
1160 3436 1380 3507 quidem
1409 3446 1666 3505 cernunt,
1690 3441 1836 3508 quod

241 3531 501 3586 nimirum
544 3529 894 3598 impudenter
929 3528 1229 3583 salutarem
1277 3527 1478 3582 divinae
1507 3530 1829 3599 generatio-

243 3623 334 3678 nis
371 3622 725 3691 disciplinam
760 3620 1069 3691 repudient.
1120 3619 1478 3690 Eloquiisque
1512 3622 1689 3677 sacris
1718 3623 1838 3679 exi-

244 3717 384 3771 tiose
438 3730 667 3785 prorsus
720 3713 1066 3785 obstrepant,
1132 3711 1258 3767 Via:
1310 3724 1431 3768 tuas
1488 3714 1624 3769 scire
1692 3713 1834 3770 nolo.

241 3809 415 3864 Porro
440 3808 865 3863 catechumenos
913 3816 969 3861 et
1016 3820 1437 3877 energumenos,
1501 3820 1704 3876 eosque
1742 3806 1835 3877 qui

242 3905 567 3974 poenitentia
597 3905 897 3970 ducuntur,
945 3911 1314 3958 sacrosanctae
1356 3902 1688 3958 hierarehiae
1718 3916 1836 3958 mos

244 3998 450 4067 patitur
490 3997 708 4066 quidem
767 3995 963 4051 audire
1012 4008 1228 4049 sacram
1267 3993 1653 4064 psalmodiam,
1692 3994 1836 4050 divi-

245 4104 481 4158 namque
517 4104 800 4144 sacrarum
831 4086 1250 4158 Scripturarum
1291 4087 1709 4153 recitationem;
1743 4101 1835 4142 ve-

245 4197 365 4234 rum
395 4182 463 4234 ad
503 4196 566 4235 ea
597 4197 717 4251 qua:
749 4182 1008 4251 deinceps
1039 4176 1349 4249 sequuntur
1394 4180 1671 4235 sacriﬁcia
1714 4194 1837 4250 spe-

244 4275 572 4342 ctaculaque
633 4289 984 4343 nequaquam
1036 4274 1136 4329 hos
1170 4285 1463 4341 convocat,
1523 4277 1618 4330 sed
1657 4274 1836 4344 perfe-

247 4378 367 4421 ctos
402 4364 768 4435 perfecturum
807 4365 1018 4421 oculos.
1064 4366 1159 4419 Est
1199 4365 1345 4420 enim
1396 4365 1680 4421 deiformis
1742 4366 1837 4420 ille

246 4460 380 4515 ordo
414 4474 570 4515 sacer
598 4467 801 4513 sanctae
826 4457 1020 4527 plenus
1053 4459 1302 4529 justitiaa,
1335 4474 1436 4515 nec
1463 4474 1569 4513 non
1600 4460 1836 4516 salubri-

250 4561 329 4605 ter
360 4551 555 4619 cuique
578 4559 1007 4604 consentaneam
1034 4564 1135 4620 pro
1190 4551 1390 4607 met-ito
1436 4550 1709 4623 cujusque
1757 4568 1838 4608 re-

248 4659 365 4697 rum
392 4643 702 4698 divinarum
766 4642 958 4698 tribuit
1012 4642 1521 4711 participationem,
1571 4655 1626 4699 et
1676 4644 1833 4715 juxta

247 4745 464 4805 Captum
492 4738 818 4805 modumque
863 4734 1209 4805 singulorum
1244 4750 1342 4790 suo
1382 4745 1625 4805 tempore
1647 4747 1834 4792 sancte

248 4829 527 4885 concedit.
569 4829 645 4882 Ac
674 4838 984 4897 postremus
1008 4828 1227 4897 quidem
1259 4828 1392 4883 ordo
1420 4830 1835 4884 catechumenis

248 4924 486 4978 tributus
521 4932 628 4987 est,
660 4922 802 4989 quod
839 4931 1063 4977 exortes
1086 4921 1199 4975 sint
1219 4929 1273 4976 et
1304 4920 1478 4990 ignari
1510 4920 1688 4975 omnis
1716 4921 1833 4978 bie-

250 5016 512 5070 rarchicae
548 5012 926 5084 perfectionis,
957 5028 1139 5085 neque
1171 5014 1299 5067 dum
1331 5027 1427 5081 per
1449 5011 1691 5067 divinam
1738 5028 1834 5068 na-

252 5109 516 5162 tivitatem
553 5106 795 5160 divinum
820 5114 1021 5160 statum
1054 5104 1323 5171 assecuti,
1371 5103 1615 5173 paternis
1648 5103 1832 5159 adhuc

1938 3441 2168 3494 τελετῶν
2195 3440 2313 3493 οὑδέ
2353 3440 2451 3504 τὰς
2500 3440 2712 3504 εἰκόνας
2763 3439 2981 3511 ὁρῶσιν,
3016 3437 3242 3501 ἀναιδῶς
3287 3438 3529 3492 ἀπειπά-

1942 3540 2091 3602 μενοι
2120 3531 2218 3603 τὴν
2247 3529 2563 3603 σωτηριώδη
2591 3532 2693 3602 τῆς
2724 3530 3062 3600 θεογενεσίας
3086 3531 3131 3564 ⁸⁸
3179 3530 3405 3601 μύησιν,
3434 3532 3531 3584 καὶ

1937 3629 2050 3689 τοῖς
2075 3624 2276 3694 λογίοις
2330 3624 2592 3695 ὀλεθρίως
2640 3623 3125 3695 άντιφθεγξάμενοι
3156 3625 3249 3676 τὸ’
3318 3624 3530 3690 Ὀδούς

1938 3731 2053 3769 σου
2082 3716 2303 3769 εἰδέναι
2337 3717 2408 3769 οὐ
2432 3716 2753 3784 βούλομαι.
2782 3715 2921 3779 Τοὺς
2964 3715 3020 3767 δὲ
3060 3716 3527 3787 κατηχουμένους,

1936 3809 2365 3879 ἐνεργουμένους
2389 3824 2468 3871 τε,
2501 3807 2594 3859 καὶ
2635 3808 2761 3870 τοὺς
2788 3809 2843 3860 ἑν
2870 3810 3125 3880 μετανοίᾳ
3168 3809 3349 3876 ὄντας,
3376 3811 3407 3863 ό
3428 3810 3530 3881 τῆς

1936 3902 2097 3969 ἁγίας
2143 3902 2425 3974 ἱεραρχίας
2471 3898 2670 3971 θεσμὸς
2714 3902 2899 3973 ἐφίησι
2949 3903 3045 3973 μὲν
3073 3903 3379 3956 ἐπακοῦσαι
3426 3904 3529 3973 τῆς

1935 3995 2219 4065 ψαλμικῆς
2248 3996 2569 4067 ίερολογίας,
2629 3998 2724 4050 καὶ
2756 3998 2855 4067 τῆς
2903 3996 3086 4049 ἐνθέου
3117 3996 3224 4050 τῶν
3251 3996 3530 4067 πανιέρων

1937 4086 2170 4159 Γραφῶν
2200 4088 2559 4157 ἀναγνώσεως
2577 4107 2589 4119 ·
2620 4092 2700 4154 είς
2723 4090 2779 4144 δὲ
2808 4090 2905 4155 τὰς
2929 4091 3054 4160 ἑξῆς
3096 4090 3407 4161 ἱερουργίας
3433 4091 3530 4143 καὶ

1938 4176 2172 4250 θεωρίας
2226 4180 2269 4210 ⁹⁹
2325 4179 2384 4231 οὐ
2420 4179 2767 4248 συγκαλέεται
2802 4179 3041 4242 τούτους,
3092 4176 3229 4231 ἀλλά
3273 4177 3399 4239 τοὺς
3446 4193 3531 4227 τε-

1937 4269 2113 4332 λείους
2166 4268 2275 4322 τῶν
2325 4268 2715 4342 τελεσιουργῶν
2772 4268 3101 4340 ὀφθαλμούς.
3159 4270 3313 4321 Ἔστι
3356 4265 3530 4337 γὰρὴ

1938 4361 2175 4431 θεοειδὴς
2194 4362 2443 4433 ἱεραρχία
2465 4362 2811 4434 δικαιοσύνης
2842 4365 2993 4435 ἱερᾶς
3011 4362 3313 4427 ἀνάπλεως,
3344 4362 3440 4413 καὶ
3466 4361 3531 4413 τὸ

1938 4458 2055 4509 κατ’
2082 4454 2237 4519 ἀξίαν
2262 4456 2477 4527 ἑκάστῳ
2502 4458 2783 4528 σωτηρίως
2836 4457 3098 4528 ἀπονέμει
3145 4457 3243 4527 τὴν
3291 4456 3529 4526 ἐναρμό-

1938 4566 2049 4601 νιον
2077 4548 2305 4601 ἑκάστου
2356 4547 2465 4601 τῶν
2520 4548 2679 4601 θείων
2735 4547 2947 4617 μέθεξιν
2990 4548 3046 4600 ἐν
3075 4546 3386 4618 συμμετρία
3431 4547 3525 4600 καὶ

1939 4641 2200 4713 ἀναλογίᾳ
2231 4642 2372 4695 κατά
2404 4642 2592 4713 καιρὸν
2627 4640 2786 4712 ἱερῶς
2804 4641 3141 4713 δωρουμένη.
3204 4642 3265 4694 Ἦ
3292 4642 3389 4711 μὲν
3428 4638 3524 4695 οὖν

1940 4736 2140 4807 ἐσχάτη
2165 4738 2279 4799 τοῖς
2305 4734 2735 4805 κατηχουμένοις
2772 4734 3177 4805 ἀπονενέμηται
3206 4732 3381 4797 τάξιςθ
3412 4734 3525 4786 εἰσὶ

1938 4829 2048 4901 γὰρ
2098 4829 2390 4899 ἀμέθεκτοι
2426 4830 2492 4859 ¹⁰⁰
2546 4828 2640 4881 καί
2684 4828 2917 4898 ἀμύητοι
2968 4828 3165 4890 παντὸς
3204 4826 3521 4898 ίεραρχικοῦ

1935 4920 2311 4992 τελεστηρίου,
2342 4922 2474 4993 μηδέ
2504 4922 2604 4994 τὴν
2627 4920 2769 4975 κατά
2818 4921 2968 4974 θείαν
3020 4919 3273 4984 ἀπότεξιν
3299 4919 3523 4973 ι-ἔνθεον

1937 5013 2229 5084 ἐσχηκότες
2256 5010 2507 5083 ὕπαρξιν,
2564 5012 2676 5064 ἀλλ’
2705 5012 2783 5065 ἔτι
2830 5012 2965 5083 πρὸς
2992 5010 3099 5064 τῶν
3125 5009 3407 5080 πατρικῶν
3442 5008 3523 5062 λο-

1938 5104 2072 5171 γίων
2110 5104 2475 5175 μαιευόμενοι,
2518 5105 2611 5156 καὶ
2662 5101 2945 5167 ζωοποιοῖς
2998 5100 3327 5175 μορφώμασι
3358 5100 3519 5153 ²δια-

1540 5342 1777 5402 VARIE
1818 5345 2225 5403 LECTIONES.

322 5499 367 5529 ’³
388 5499 644 5577 φυσικάς,
771 5499 833 5577 Β..
869 5498 968 5577 Cll.
992 5500 1091 5577 “9:
1117 5498 1288 5577 χώρα,
1316 5499 1531 5577 δικ-80)

1635 5504 1680 5535 ’³
1709 5504 2065 5574 ἀπογράφω),
2101 5502 2168 5555 Μ.
2204 5501 2294 5557 Sc.
2322 5502 2716 5574 professarum.
2777 5504 2823 5534 ’θ
2850 5502 3170 5574 ἐμπνευσιν,
3199 5501 3407 5574 casn,
3440 5500 3509 5554 Μ.

254 5570 343 5645 δν.
388 5556 505 5620 Sar.
549 5556 703 5645 ντίέῖ
732 5569 869 5645 ἑνός,
904 5570 958 5621 ί).
991 5570 1037 5601 ⁹⁸
1066 5556 1472 5645 θεὀγ‹3νέίξις,ίΜζ
1503 5574 1546 5603 ⁸³
1577 5556 1883 5645 θεουργίαξ,
2017 5556 2082 5606 ¹δ⁰
2110 5574 2171 5629 Ρ.
2198 5556 2631 5635 ευίϋιῖίιγπάντες.
2684 5556 2847 5626 (κατ’
2874 5556 3052 5637 ἀξίαν,
3082 5556 3168 5638 Ι’.ξ
3198 5570 3510 5639 ἀπόδειξιν,

253 5639 321 5693 Μ.
360 5645 507 5695 beet.
600 5644 617 5669 ³
647 5642 725 5691 ἔτι
749 5640 952 5703 ὁποίοις
982 5641 1314 5712 μορφώσεσι,
1344 5642 1412 5699 Μ.
1442 5641 1531 5698 Sc.
