3728 6362
139 433 242 490 ‘53

1155 436 1242 491 DE
1277 423 1558 493 ECCLES;
1595 437 1986 507 lllERARCil.,
2021 441 2174 500 CAP.
2213 442 2279 498 III

3271 447 3379 504 ἄδι

137 552 486 623 πλαττόμενοι
517 551 652 624 πρὸς
689 551 784 624 τὴν
814 553 874 606 ἐκ
922 551 1263 620 θεογενεσίας
1301 552 1569 623 ἀρχίζωον

1900 557 2039 625 quiis
2069 558 2373 620 foveantur,
2434 556 2769 628 vivificisth
2799 557 2990 614 formis
3034 560 3100 614 ad
3157 559 3372 615 beatum

134 647 435 716 ἀρχίφωτον
490 648 584 699 καὶ
649 645 922 717 μακαρίαν
967 646 1336 716 προσαγωγὴν
1403 646 1442 696 ³.
1496 647 1703 718 Ὥσπερ

130 735 243 800 οὖν,
269 741 316 792 εί
339 738 599 791 ἀτέλεστα
623 738 717 790 καὶ
765 736 1062 808 ἀμόρςεωτα
1106 735 1435 806 προεκπέσοι
1461 734 1529 787 τὰ
1567 733 1706 788 κατά

131 835 304 904 σάρκα
334 833 505 904 βρέφη
545 831 645 900 τῆς
683 827 898 892 οἰκείας
922 827 1242 898 μαιεύσεως,
1286 827 1360 891 ὡς
1405 827 1704 899 ἀμϐλωθρί-

124 928 211 981 δια
237 927 328 980 καὶ
380 924 731 996 ἐκτρώματα,
781 922 882 993 τὴν
929 921 1219 990 ἀγέννητον
1265 921 1359 973 καὶ
1415 919 1586 984 ἀζωον
1611 920 1702 972 καὶ

123 1018 422 1088 ἀφώτιστον
446 1018 537 1071 ἐπὶ
564 1017 672 1087 γῆς
720 1016 1034 1069 ἀπόπτωσιν
1064 1012 1197 1077 ἕξει,
1254 1012 1347 1065 καὶ
1371 1012 1468 1064 οὐκ
1505 1011 1570 1064 ᾶν
1617 1027 1700 1073 τις

121 1109 396 1181 εὐφρονῶν
426 1107 590 1172 είποι,
623 1110 762 1179 πρὸς
787 1105 846 1159 τὸ
877 1103 1197 1175 φαινόμενον
1233 1101 1580 1165 ἀποσκοπῶν,
1609 1101 1700 1154 ἐπὶ

119 1202 178 1254 τὸ
208 1201 322 1270 φῶς
352 1199 490 1254 αὐτά
535 1198 894 1272 προαχθῆναι,
926 1194 1021 1249 τοῦ
1045 1195 1184 1249 κατὰ
1204 1193 1444 1264 γαστέρα
1477 1192 1697 1255 σκάτους

118 1293 528 1361 ἀπαλλαγέντα·
559 1291 712 1362 (φαίη
737 1290 846 1362 γάρ
886 1289 953 1342 ἂν
978 1287 1141 1359 ἡτῶν
1181 1286 1446 1356 σωμάτων
1475 1285 1698 1355 ἐπιστη-

121 1385 312 1456 μονικὴ
343 1382 637 1454 προστάτις
683 1381 920 1451 ἰατρικὴ,
949 1378 1008 1431 τὺ
1035 1377 1151 1447 φῶς
1194 1376 1438 1447 ἐνεργεῖν
1463 1376 1483 1406 ⁸
1509 1376 1587 1438 είς
1628 1373 1697 1426 τὰ

113 1474 339 1528 δεκτικὰ
359 1474 454 1527 τοῦ
482 1474 658 1543 φωτός
677 1490 689 1503 ·
716 1471 733 1543 )
782 1471 925 1524 οὕτω
979 1469 1072 1522 καὶ
1104 1468 1211 1521 τῶν
1244 1465 1405 1536 ἱερῶν
1431 1467 1464 1536 ἡ
1494 1464 1694 1518 πάνσο-

114 1584 213 1636 (po;
237 1568 513 1637 ἐπιστήμη
568 1564 760 1636 πρῶτα
811 1564 909 1635 μὲν
951 1562 1150 1625 αὐτοὺς
1175 1563 1240 1632 τῇ
1276 1559 1385 1612 τῶν
1418 1575 1693 1630 μορφωτι-

114 1661 226 1711 κῶν
250 1659 342 1711 καὶ
369 1657 651 1722 ζωοποιῶν
671 1656 868 1724 λογίων
895 1655 1230 1723 είσαγωγικῇ
1270 1654 1443 1723 τροφῇ
1477 1648 1693 1721 μαιεύε-

110 1770 199 1804 ται
220 1792 234 1812 ,
263 1750 708 1822 τελεσφορὴσασα
736 1749 791 1801 δέ
818 1749 915 1820 τὴν
959 1746 1094 1817 πρὸς
1145 1744 1485 1814 θεογενεσίαν
1513 1741 1691 1796 αὐτῶν

111 1844 429 1904 ὑπόστασιν,
482 1842 722 1894 ἐνδίδωσι
773 1839 1054 1910 σωτηρίως
1081 1838 1264 1900 αὐτοῖς
1312 1837 1370 1889 ἐν
1411 1835 1562 1899 τάξει
1592 1834 1690 1905 τὴν

1811 650 1981 714 illum,
2011 650 2100 718 qui
2132 665 2199 705 ex
2223 649 2400 704 divina
2427 651 2781 720 generatione
2827 653 3216 720 proficiscitur,
3251 655 3375 708 vita:

1804 743 2048 811 lucisque
2079 745 2378 813 principem
2407 759 2750 814 progressum
2781 745 3373 813 ellormcntur.Quem-

1803 834 2090 888 admodum
2141 835 2323 904 itaque
2372 836 2620 891 carnales
2663 836 2838 897 liberi.
2872 840 2917 893 si
2966 837 3270 908 imperfecti
3318 850 3374 894 et

1806 925 2087 990 informes,
2123 926 2443 981 obstetricis
2481 941 2612 981 cura
2683 928 2952 996 destituti,
2983 938 3107 984 ante
3163 940 3375 999 tempus

1800 1018 2076 1084 excidant,
2108 1028 2167 1072 ut
2195 1019 2431 1074 abortivi
2469 1030 2524 1076 et
2546 1021 2794 1086 abortus,
2829 1021 3125 1076 nativitatis
3153 1036 3217 1077 ac
3245 1021 3371 1076 vita:

1799 1109 2046 1179 lucisque
2079 1120 2351 1165 exsortem
2383 1110 2436 1165 in
2465 1119 2667 1166 terram
2702 1112 2908 1180 lapsum
2935 1111 3171 1167 habituri
3202 1121 3364 1167 sunt:

1797 1217 1972 1273 neque
2000 1203 2286 1272 quisquam
2341 1204 2434 1274 qui
2493 1214 2642 1259 recte
2685 1202 2957 1272 iudicabit
3007 1203 3060 1258 id
3093 1204 3234 1273 quod
3278 1217 3369 1273 ap-

1795 1305 1953 1366 paret
1980 1297 2258 1362 intuendo,
2301 1297 2500 1352 dixerit
2531 1298 2585 1352 in
2631 1298 2807 1352 lucem
2843 1298 2989 1369 ipsos
3019 1311 3140 1354 esse
3170 1298 3366 1361 editos,

1795 1387 1938 1455 quod
1967 1387 2074 1442 siut
2102 1389 2170 1443 ab
2202 1388 2308 1442 alvi
2341 1389 2583 1444 tenebris
2615 1388 2829 1444 liberati
2873 1389 3038 1458 (dicet
3079 1389 3221 1444 enim
3255 1404 3368 1444 me-

1795 1477 1992 1542 dicina,
2041 1479 2211 1547 perita
2243 1494 2537 1549 corporum
2563 1494 2790 1550 praeses,
2839 1479 3016 1533 lucem
3055 1480 3161 1533 vim
3210 1494 3365 1534 suam

1792 1583 2014 1639 egerere
2041 1571 2094 1624 in
2121 1570 2209 1624 illa
2243 1586 2362 1640 quae
2390 1571 2530 1626 lucis
2580 1579 2708 1626 sunt
2757 1571 3046 1643 capacia);
3075 1572 3155 1625 sic
3181 1585 3368 1625 sacro-

1791 1677 1912 1716 rum
1955 1663 2172 1732 sapiens
2206 1663 2490 1733 disciplina
2543 1664 2776 1733 primum
2835 1665 3052 1733 quidem
3101 1665 3248 1734 ipsos
3285 1664 3366 1718 in-

1794 1752 2134 1807 troductorio
2167 1752 2440 1808 formandi
2473 1761 2527 1808 et
2551 1753 2865 1808 viviticandi
2896 1753 3006 1808 vim
3039 1753 3364 1809 habentium

1789 1842 2133 1913 eloquiorum
2161 1845 2286 1900 cibo
2313 1843 2479 1908 fovet,
2527 1843 2621 1899 ubi
2666 1859 2799 1898 vero
2830 1855 3033 1899 statum
3065 1860 3254 1899 eorum
3280 1845 3364 1899 di-

110 1936 246 2004 πρὸς
295 1932 364 1986 τὰ
412 1932 675 2002 φωτοειδῆ
723 1933 817 1984 καὶ
859 1927 1267 2000 τελεσιουργικὰ
1310 1928 1330 1959 ⁵
1371 1927 1582 1980 κοινωνί

1888 1935 2350 2005 ωτρεθηενοιῑοιιί
2405 1943 2589 2004 aptum
2637 1935 2950 2000 absolverit,
2988 1945 3099 1990 tum
3145 1937 3360 1992 demum

107 2027 200 2080 νῦν
223 2027 280 2080 δέ
301 2026 377 2089 ὼς
407 2024 707 2078 ἀτελέστων
754 2021 1159 2076 ἀποδιαστέλλει
1182 2021 1246 2073 τὰ
1267 2019 1469 2084 τέλεια,
1496 2019 1596 2089 τῆς
1625 2037 1683 2072 τε

106 2119 401 2188 εὐκοσμίας
448 2117 556 2169 τῶν
599 2115 758 2188 ἱερῶν
805 2113 1253 2185 προμηθουμένη,
1287 2113 1381 2165 καὶ
1427 2112 1528 2181 τῆς
1575 2112 1684 2164 τῶν

107 2209 528 2278 κατηχουμένων
577 2207 636 2258 ἐν
688 2205 909 2260 θεοειδεί
967 2204 1074 2258 τῶν
1147 2201 1473 2274 ίεραρχικῶν
1533 2202 1681 2269 τάξει

106 2303 412 2370 μαιεύσεως
436 2301 530 2353 καὶ
555 2293 720 2368 ζωῆςζ

1796 2031 1862 2084 iis
1889 2027 2178 2083 salubriter
2207 2029 2399 2082 ordine
2431 2026 2684 2082 concedit
2709 2042 2889 2081 rerum
2917 2025 3283 2080 luciforzuium
3308 2038 3364 2080 et

1791 2117 2196 2188 perficientinm
2242 2117 3004 2185 communicationem;nunc
3033 2133 3164 2172 vero
3213 2116 3361 2172 velut

1790 2211 1860 2266 ab
1892 2209 2226 2279 imperfectis
2260 2210 2500 2279 perfecta
2543 2209 2806 2276 secernit,
2863 2225 2984 2263 cum
3023 2209 3237 2264 decoris
3266 2224 3358 2262 sa-

1787 2320 2028 2370 crorum,
2068 2314 2178 2359 tum
2208 2306 2728 2360 catechume‘norum
2767 2303 3114 2358 educationis
3138 2319 3202 2357 ac
3233 2302 3358 2356 vita:

1785 2413 1972 2453 curam
2005 2413 2219 2468 gerens,
2253 2396 2409 2466 juxta
2443 2396 2761 2450 deiformem
2793 2394 3002 2450 ordinis
3028 2393 3356 2448 bierarcliici

1783 2491 2242 2545 constitutionem.

1620 2653 1648 2726 §
1679 2652 1816 2714 VII.

179 2825 243 2878 Ἦ
273 2822 461 2878 δὲτῶν
508 2822 911 2895 ἐνεργουμένων
957 2821 1166 2894 πληθὺς
1209 2820 1422 2892 ἀνίερον
1466 2818 1562 2890 μὲν
1588 2819 1683 2871 καὶ
1747 2855 1754 2864 .

98 2917 258 2988 αὕτη,
283 2916 512 2987 δευτέρα
535 2915 592 2968 δὲ
614 2916 751 2988 πρὸς
780 2915 841 2968 τὸ
865 2915 978 2970 άνω
1000 2914 1100 2983 τῆς
1122 2912 1232 2966 τῶν
1258 2911 1682 2983 κατηχουμένων

95 3011 243 3062 ἐστὶν
268 3010 546 3080 ἐσχατιᾶς.
575 3009 710 3062 Οὐδὲ
736 3008 844 3079 γὰρ
872 3007 1009 3071 ἴσον,
1047 3007 1124 3070 ὡς
1157 3003 1332 3076 οἶμαι,
1363 3004 1458 3058 τοῦ
1485 3021 1682 3058 παντε-

95 3102 200 3164 Αῶς
222 3101 471 3171 ἀμυήτου
497 3101 590 3154 κα)⁴
630 3099 737 3151 τῶν
763 3099 922 3152 θείων
965 3097 1193 3150 τελετῶν
1227 3096 1413 3168 ἄκρως
1455 3096 1678 3150 ἀκοινω-

93 3192 254 3261 νήτου
279 3190 339 3243 τὸ
371 3190 661 3260 μετουσίαν
688 3188 812 3242 τινὰ
832 3189 943 3242 τῶν
991 3188 1296 3261 ίερωτάτων
1326 3185 1558 3258 ἐσχηκὸς
1585 3204 1676 3239 τε-

91 3281 414 3352 λεστηρίων,
441 3281 521 3334 ἔτι
563 3281 620 3334 δὲ
661 3285 780 3345 ταῖς
825 3281 1091 3343 ἐναντίαις
1117 3281 1149 3351 ἢ
1177 3278 1414 3348 θέλξεσιν
1448 3277 1480 3348 ἢ
1508 3296 1672 3350 ταρα-

1850 2813 2020 2868 Porro
2052 2828 2544 2884 energumenornm
2590 2815 2746 2869 turba
2802 2815 3083 2868 immunda
3135 2815 3352 2883 quidem

1777 2915 1938 2963 estet
1961 2907 2097 2976 ipsa,
2131 2915 2505 2960 verumtamen
2539 2905 2838 2959 secundum
2898 2904 3073 2959 locum
3101 2906 3350 2974 superio-

1776 3015 1892 3056 rem
1921 3014 1953 3054 a
1999 2999 2514 3055 catechumenorum
2578 2998 2929 3052 extremitate
2975 2999 3204 3053 obtinet.
3248 2995 3351 3052 Ne-

1773 3107 1878 3164 que
1903 3093 2048 3148 enim
2076 3091 2292 3162 penitus
2316 3089 2569 3160 profano,
2593 3090 3010 3160 divinorumque
3032 3104 3349 3144 sacramen‘

1778 3195 1957 3242 torum
1996 3199 2222 3256 prorsus
2276 3184 2452 3239 exorti
2500 3199 2596 3254 par
2636 3193 2691 3240 et
2739 3183 2944 3252 aequale
2998 3183 3244 3237 duxerim
3295 3182 3346 3234 id

1774 3276 1933 3347 192
1965 3276 2107 3346 quod
2137 3275 2190 3330 in
2222 3274 2463 3344 aliquam
2488 3273 2984 3329 sacratissimorum
3019 3285 3343 3327 sacramen-

91 3377 211 3443 χαῐς
232 3374 615 3445 ἐνεσχημένον,
645 3371 780 3426 ἀλλὰ
808 3374 900 3426 καὶ
930 3373 1067 3443 πρὸς
1096 3373 1291 3436 αὐτοὺς
1326 3374 1360 3442 ὴ
1403 3370 1513 3424 τῶν
1535 3389 1563 3424 τι

1873 3383 1953 3422 um
1984 3373 2192 3436 partem
2221 3364 2391 3427 venit,
2439 3362 2654 3418 tametsi
2707 3362 3002 3418 contrariis
3051 3360 3345 3416 etiamnum

92 3475 250 3543 ιέρων
297 3474 393 3527 θέα
436 3476 530 3528 καὶ
552 3474 804 3528 κοινωνία
834 3475 854 3505 ⁸
896 3473 1261 3539 συστέλλεται,
1298 3473 1393 3528 καὶ
1419 3473 1560 3546 μάλα
1603 3490 1666 3542 γε

90 3562 334 3624 εἰκότως.
379 3562 442 3614 Ei
495 3561 604 3633 γάρ
648 3561 798 3614 ἐστιν
827 3559 1043 3631 ἀληθὲς,
1081 3560 1159 3624 ὡς
1194 3560 1224 3614 ὀ
1268 3559 1498 3614 καθόλου
1525 3559 1668 3623 θεῖος

89 3651 246 3722 ἀνὴρ,
298 3653 326 3705 ὁ
377 3654 486 3706 τῶν
516 3651 677 3705 θείων
713 3651 864 3717 ἄξιος
911 3652 1187 3718 κοινωνὸς,
1235 3653 1264 3704 ὁ
1313 3651 1450 3724 πρὸς
1485 3651 1664 3705 τὸτοῦ

90 3743 204 3792 κατ’
228 3741 392 3794 αὑτὸν
423 3741 687 3804 θεοειδοῦς
705 3740 872 3811 ἄκρον
896 3742 952 3793 ὲν
979 3741 1266 3795 παντελέσι
1289 3743 1384 3796 κα)⁵
1405 3739 1668 3795 τελειωτι-

88 3832 207 3894 ut;
243 3829 503 3884 θεὼσεσιν
533 3832 857 3903 ἀνηγμένος,
885 3832 1009 3885 οὐδὲ
1047 3831 1118 3885 τὰ
1158 3833 1358 3904 σαρκὸς
1383 3833 1666 3904 ἐνεργήσει

89 3923 236 3995 παρὰ
275 3924 375 3994 τὴν
420 3925 560 3978 κατά
617 3926 777 3995 φύσιν
824 3926 1249 3998 ἀναγκαιότητα,
1300 3926 1396 3979 καὶ
1435 3924 1591 3978 τοῦτο
1616 3925 1665 3977 εί

85 4015 233 4086 τύχοι
263 4016 578 4088 παρέργως,
614 4018 738 4081 ναὸς
759 4018 814 4070 δέ
842 4018 958 4089 ἅμα
979 4019 1073 4071 καὶ
1119 4018 1317 4082 ὀπαδὸς
1363 4019 1421 4070 ἐν
1447 4019 1512 4087 τῇ
1541 4015 1662 4070 κατ’

87 4106 243 4159 αὐτὸν
291 4107 564 4179 ἀκρπάτῃ
611 4107 802 4163 θεώσει
856 4109 950 4162 τοῦ
996 4109 1286 4182 θεαρχικοῦ
1351 4111 1666 4182 Πνεύματος

87 4194 254 4262 ἔσται,
282 4200 361 4269 τῷ
388 4201 558 4271 ὁμοίῳ
580 4201 643 4252 τὸ
667 4201 850 4271 ὅμοιον
891 4203 1152 4275 ἐνιδρύων
1171 4219 1184 4232 ·
1223 4203 1324 4257 οὐκ
1355 4203 1420 4256 ἂν
1440 4205 1468 4256 ὁ
1489 4202 1663 4256 τοιοῦ-

85 4288 169 4351 τός
191 4306 322 4342 ποτε
348 4293 484 4363 πρὸς
509 4293 616 4347 τῶν
643 4294 899 4348 ἐναντίων
941 4294 1261 4367 ἐνεργηθείη
1291 4294 1601 4364 φαντασιῶν
1627 4294 1660 4366 ἢ

85 4375 368 4448 δειμάτων,
393 4383 678 4451 γελάσεται
703 4385 760 4439 δὲ
791 4385 948 4452 αὐτὰ,
979 4387 1074 4440 καὶ
1102 4386 1395 4457 προσιόντα
1425 4404 1663 4440 καταπα-

86 4466 274 4535 λαίσει,
303 4474 398 4525 καὶ
423 4474 756 4542 ἐκδιώξεται,
805 4477 898 4530 καὶ
955 4478 1144 4550 δράσει
1174 4477 1371 4549 μᾶλλον
1397 4479 1431 4550 ἢ
1479 4479 1661 4532 πείσε-

85 4576 186 4625 ται,
212 4566 308 4618 καὶ
363 4567 499 4638 πρὸς
543 4568 622 4639 τῷ
663 4570 681 4599 τ
715 4569 818 4640 τῆς
863 4571 1068 4633 οίκείας
1119 4569 1285 4635 ἕξεως
1341 4570 1542 4623 ἀπαθεῖ
1567 4573 1660 4624 καὶ

86 4652 340 4726 ἁνενδὸτῳ
366 4659 460 4710 καὶ
485 4659 691 4730 ἑτέροις
721 4660 903 4732 ἰατρὸς
946 4661 1241 4732 ὀφθήσεται
1275 4661 1384 4716 τῶν
1406 4662 1657 4715 τοιούτων

1769 3458 2046 3514 illecebris
2121 3457 2698 3526 perturbationibusve
2779 3455 3118 3524 implicetur;
3183 3468 3349 3522 quan-

1767 3568 1932 3623 quam
1961 3552 2125 3605 etiam
2159 3550 2293 3618 ipsis
2319 3539 2500 3605 rerum
2553 3549 3054 3604 sacratissimarum
3091 3560 3346 3616 aspectus

1767 3643 2185 3712 communioque
2207 3642 2574 3707 subtrahitur,
2610 3642 2908 3711 etquidem
2966 3640 3093 3711 jure
3125 3641 3339 3693 merito.

1766 3736 1902 3791 Nam
1933 3736 1979 3793 si
2010 3751 2200 3790 verum
2259 3735 2330 3790 sit
2384 3735 2627 3790 divinum
2678 3750 2900 3804 prorsus
2927 3733 3100 3787 virum
3131 3733 3340 3787 divino-

1767 3843 1885 3883 rum
1910 3827 2298 3883 communione
2355 3828 2598 3895 dignum,
2629 3842 2725 3895 pro
2756 3841 2856 3880 suo
2883 3824 3097 3878 modulo
3127 3824 3194 3876 ad
3226 3823 3337 3876 dei-

1767 3918 2058 3974 formitatis
2082 3921 2352 3988 fastigium
2368 3919 2778 3989 perfectissimis
2800 3917 3329 3988 perfectivisquedei-

1766 4009 2117 4065 licationibns
2145 4020 2412 4072 evectum,
2452 4025 2512 4064 ea
2539 4024 2660 4078 quae
2716 4009 2893 4062 carnis
2942 4019 3068 4061 sunt
3117 4005 3339 4060 minime

1765 4112 2080 4158 curaturum
2113 4101 2250 4157 citra
2284 4109 2488 4155 natura:
2515 4099 2924 4163 necessitatem,
2973 4098 3158 4167 idque,
3181 4109 3338 4165 prout

1762 4209 1898 4251 usus
1935 4194 2061 4260 fert,
2089 4193 2286 4258 obiter,
2319 4193 2413 4247 sed
2445 4192 2498 4247 in
2534 4191 2926 4248 sublimissima
2966 4191 3055 4243 illa
3081 4206 3200 4259 quae
3233 4190 3334 4258 ipsi

1764 4287 2026 4355 competit
2080 4285 2426 4340 dedicatione
2478 4283 2735 4355 templum
2771 4283 2932 4339 simul
2967 4283 3200 4354 Spiritus
3239 4281 3332 4336 Dei

1761 4381 2085 4450 principalis
2122 4388 2564 4449 sectatoremque
2614 4378 2878 4444 futurum,
2923 4381 3048 4434 dum
3079 4379 3332 4435 simileiu

1762 4473 1925 4529 simili
1955 4473 2148 4528 fundat
2205 4472 2586 4543 collocatque:
2642 4472 2885 4543 profecto
2947 4473 3200 4543 quisquis
3249 4481 3334 4526 est

1761 4568 2048 4636 ejusmodi,
2069 4567 2364 4623 contrariis
2390 4581 2666 4636 nunquam
2713 4565 3196 4636 imaginationibus
3226 4572 3332 4618 ter-

1769 4660 2089 4729 roribusque
2114 4660 2428 4726 vexabitur,
2461 4673 2649 4713 verum
2711 4658 2962 4712 irridebit
3014 4672 3131 4722 eos,
3167 4670 3328 4710 accc-

86 4741 485 4817 ἐνεργημάτων.
533 4745 698 4819 Οἶμαι
749 4731 944 4819 δέἐγὼ
972 4731 1105 4822 πρὸς
1142 4752 1335 4822 τούτῳ,
1372 4753 1558 4822 μᾶλλον

1858 4761 2056 4819 [tesque
2088 4749 2399 4822 proﬂigabit
2427 4767 2493 4806 ac
2519 4761 2897 4821 persequetur,
2931 4759 3160 4820 agetque
3221 4763 3330 4801 ma-

85 4831 191 4890 οἷδα
222 4841 432 4908 σαφῶς,
459 4842 534 4906 ὡς
559 4844 591 4912 ἡ
616 4843 722 4895 τῶν
778 4844 1104 4916 ίεραρχικῶν
1136 4845 1157 4876 ³
1184 4847 1518 4917 ἀμιγεστάτη
1547 4845 1655 4898 διὰ·

85 4943 252 4997 κρίσις
276 4933 384 5002 πρὸ
406 4932 611 4986 τούτων
639 4930 778 4987 οἶδεν
832 4935 1258 5006 ὲνεργουμένους
1287 4937 1651 5006 ἐναγεστάτην

84 5019 372 5090 ἐνέργειαν,
403 5023 537 5089 ὅσοι,
562 5025 661 5096 τῆς
687 5026 951 5092 θεοειδοῦς
977 5027 1311 5092 ἀποστάντες
1337 5026 1500 5100 ζωῆς,
1529 5029 1654 5098 ὁμό-

87 5113 264 5180 φρονές
294 5129 353 5165 τε
379 5115 472 5166 καὶ
499 5115 797 5185 ὁμότροποι
820 5121 932 5182 τοῖς
953 5117 1214 5190 ὀλεθρίοις
1241 5117 1516 5186 γίγνονται
1538 5117 1653 5170 δαί-

88 5216 220 5270 μοσι,
253 5204 323 5275 τά
348 5204 445 5276 μὲν
472 5205 638 5270 ὅντως
667 5207 815 5273 ὄντα,
845 5210 938 5262 καὶ
985 5209 1267 5274 ἀθανάτως
1309 5209 1504 5280 κτητὰ,
1554 5212 1650 5263 καὶ

86 5287 303 5354 αἱωνίως
359 5291 510 5364 ἡδέα,
580 5294 646 5346 δι’
696 5297 930 5368 ἐσχάτην
983 5297 1078 5350 καὶ
1134 5298 1347 5360 ἑαυτοῖς
1405 5297 1646 5369 ὀλέθριον

83 5378 322 5452 ἀνοησίαν
353 5387 855 5458 ἀποστρεφόμενοι·
895 5389 992 5461 τὴν
1054 5389 1317 5461 πρόσυλον
1345 5389 1400 5442 δὲ
1437 5391 1529 5442 καὶ
1552 5408 1647 5443 πο-

83 5467 476 5549 λυπαθεστάτην
527 5478 844 5544 ἀλλοίωσιν,
901 5482 998 5533 καὶ
1043 5479 1142 5544 τὰς
1207 5481 1503 5552 ὀλλυμένας
1551 5484 1645 5536 καὶ

1755 4839 1838 4907 gis
1870 4857 2034 4911 quam
2060 4841 2318 4911 patietur,
2351 4850 2407 4896 et
2450 4858 2550 4911 pro
2603 4842 2830 4897 allectus
2860 4841 2943 4896 sui
2979 4838 3328 4910 impossibili-

1759 4938 1870 4985 tate
1893 4941 2056 5002 atque
2081 4933 2394 4989 constantia
2417 4933 2539 4988 aliis
2563 4949 2778 5004 quoque
2800 4932 3061 4988 similium
3089 4931 3326 4985 vexatio-

1755 5037 1884 5076 num
1919 5022 2186 5094 medicum
2247 5039 2307 5078 se
2365 5024 2648 5094 praabebit.
2673 5024 2940 5080 Cancrum
2967 5025 3182 5095 opinor,
3216 5023 3330 5076 imo

1755 5129 1887 5169 vero
1912 5128 2255 5184 compertum
2312 5116 2508 5182 babeo,
2553 5117 2982 5172 sincerissimum
3039 5131 3319 5171 sacrorum

1756 5208 2010 5263 ordinum
2050 5209 2317 5276 judicium
2349 5225 2595 5274 censere,
2651 5227 2762 5281 prae
2805 5213 2923 5267 istis
2951 5212 3319 5268 detestabilis-

1753 5299 1890 5354 sima
1917 5301 2198 5356 obsidione
2223 5301 2393 5356 teneri
2418 5317 2536 5367 eos,
2568 5304 2659 5372 qui
2687 5303 3002 5359 deiformem
3035 5305 3199 5358 vitam
3227 5305 3319 5360 de-

1750 5401 2013 5456 serentes,
2042 5393 2328 5448 sententiis
2362 5395 2713 5464 moribusque
2770 5395 2994 5466 perditis
3049 5397 3316 5451 daemoni-

1747 5484 1848 5540 bus
1871 5471 2216 5540 consentiunt
2279 5486 2406 5541 dum
2432 5503 2494 5543 ea
2518 5476 2731 5557 quidem
2767 5504 2885 5560 quae
2916 5497 2968 5544 et
3011 5505 3138 5546 vere
3166 5503 3312 5552 sunt,

1367 5703 1602 5758 νΑιιιΑε
1641 5703 2040 5760 LECTIONES.

147 5833 164 5857 ’
191 5838 514 5914 προαγωγὴν
536 5877 550 5895 ,
581 5836 638 5889 Ρ.
671 5839 729 5890 ί).
760 5839 860 5895 Cb.
889 5840 1184 5914 διαγωγήν,
1211 5842 1290 5911 Μ.
1320 5843 1373 5895 S.
1405 5841 1464 5895 Β.
1529 5845 1549 5875 ⁵⁸
1573 5846 1659 5910 sva

147 5915 270 5969 πιοη
300 5907 388 5958 καὶ
415 5910 877 5970 τε).;σιουργικήν,
905 5909 974 5966 Μ.
1005 5911 1094 5966 Sc.
1136 5913 1156 5943 ⁵
1184 5911 1302 5966 θεία
1331 5915 1604 5970 κοινωνία.

86 5895 270 5969 incudi;
300 5895 388 5958 καὶ
415 5895 877 5980 τῖ’).;σιουργικήν,
905 5895 1094 5966 Μ.’5ρ’.
1119 5895 1302 5966 ’δ’θέία
1331 5915 1604 5980 κοινωνία,

1699 5845 1908 5919 γήσειν,
1967 5847 2064 5919 Cit.
2121 5850 2421 5919 ἐνεργήσει,

1691 5955 1705 5972 .
1742 5919 1799 5972 ὃ.
1878 5918 1896 5947 ⁷
1926 5916 2057 5988 πρὸς
2085 5917 2163 5983 τό,
2197 5916 2263 5972 Μ.
2294 5925 2355 5974 ι’.
2391 5932 2479 5975 te.

2484 5852 2539 5905 S.
2694 5854 2850 5929 Sar._
2908 5859 2926 5886 "
2956 5857 3087 5926 πρὸς
3112 5858 3170 5912 τὸ
3197 5859 3309 5929 φῶς

1776 5943 1837 6031 ζ,
1878 5925 1894 5947 ⁷
1926 5925 2057 5988 πρὸς
2085 5925 2163 5983 το,
2197 5925 2263 5972 Μ.
2294 5925 2355 5974 ι’.
2391 5932 2479 5975 te.
2577 5925 2596 5953 θ
2623 5925 2917 5996 ἱεραρχῶν,
2944 5925 3042 5981 ω..
