3730 6292
326 320 435 395 455
1506 322 1560 377 ε.
1596 320 1891 377 [ιΙΟΝΥΞΙΙ
1920 314 2385 374 Αριευριιειτίε
2482 364 2485 369 .
2544 362 2558 372 .
2992 294 3009 309 “
3489 310 3601 364 sse

325 450 380 495 et
402 440 785 496 immortaliter
822 440 1184 509 possidentur,
1214 454 1379 510 atque
1430 442 1765 496 :eternaliter

2132 440 2358 502 ιοποιοὺς
2402 436 2613 508 ἡδονὰς,
2646 435 2739 489 καὶ
2795 434 2897 507 τὴν
2947 435 3200 490 ἀϐέϐαιον
3225 435 3283 487 ἐν
3309 432 3425 496 τοῖς
3451 431 3605 486 ἀλλο-

329 532 554 599 lectant,
585 547 683 601 per
704 539 1006 584 extremam
1034 529 1248 600 sibique
1294 531 1657 600 perniciosam
1688 531 1802 584 dem

2133 551 2176 596 ις
2204 533 2302 585 οὐκ
2330 526 2516 595 οὖσαν,
2568 529 2706 582 ἀλλά
2757 528 3021 582 δοκοῦσαν
3067 527 3367 581 εὐπάθειαν
3416 524 3606 578 ἐπιθυ-

329 624 456 676 tiam
486 630 828 684 aversantur;
857 620 1198 676 materialem
1234 636 1363 677 vero
1397 622 1749 689 pluribusque
1778 634 1802 687 p

2129 641 2238 687 ne;
2268 624 2362 675 καὶ
2393 620 2765 692 ἐνεργοῦντες.
2798 622 2861 673 Ol
2894 619 3104 691 πρῶτοι
3164 618 3207 671 δ’
3230 621 3255 671 ³.
3313 613 3409 671 οὖν
3452 613 3602 670 οὗτοι

329 711 727 766 turbationibus
773 713 1070 767 obnoxiam
1131 713 1591 777 immutationem,
1622 712 1802 782 perdit

2131 714 2461 787 κυριώτερον
2487 714 2712 787 ἐκείνων
2738 713 2844 766 ὑπὸ
2893 714 2992 784 τῆς
3026 712 3121 765 τοῦ
3150 709 3468 779 λειτουργοῦ
3494 710 3604 763 δια⁴

327 820 434 871 que
459 819 523 857 ac
550 806 919 873 corruptrices
946 807 1272 875 voluptates,
1302 814 1358 860 et
1388 807 1724 868 instabilem,
1752 819 1800 857 e:

2139 810 2263 878 ικῆς
2291 809 2477 878 φωνῆς
2505 808 2955 878 ἀφοριζέσθωσαν
2974 825 2988 839 ⁸
3017 808 3076 859 οὐ
3110 806 3220 878 γὰρ
3253 805 3480 875 θεμιτὸν
3510 804 3606 856 αὐ-

324 911 431 963 que
461 896 721 961 alienam,
748 914 923 966 neque
974 913 1102 952 vere
1131 899 1478 961 existentem,
1514 899 1608 953 sed
1638 912 1797 966 appat

2145 901 2332 971 ἐτέρου
2375 900 2517 962 τινὸς
2548 898 2695 971 ἱεροῦ
2731 902 3041 970 μετασχεῖν,
3075 898 3107 969 ἦ
3132 898 3233 967 τῆς
3264 897 3375 949 τῶν
3402 896 3604 963 λογίων

328 1001 434 1041 tem
490 988 913 1043 delectationem
967 992 1215 1045 ambiunt
1281 1001 1338 1047 et
1381 1000 1785 1045 consectantur.

2132 992 2435 1062 ’tpsmtxi;
2467 993 2558 1044 ἐπὶ
2588 992 2656 1045 τὰ
2693 992 2928 1064 κρείττω
2975 991 3347 1054 διδασκαλίας.
3403 991 3466 1042 El
3492 989 3605 1061 γὰρ

323 1096 453 1149 ergo
476 1081 664 1149 primi,
697 1091 752 1134 et
774 1083 991 1149 quidem
1026 1084 1198 1153 magis
1258 1084 1475 1152 preprie
1500 1098 1660 1150 quam
1690 1081 1789 1146 illi,

2135 1105 2175 1137 ›ν
2207 1084 2365 1138 θείων
2395 1086 2765 1155 ὑπερκόσμιος
2812 1084 3093 1155 ίερουργία
3140 1085 3235 1137 καὶ
3264 1084 3393 1146 τοὺς
3427 1086 3484 1135 ἐν
3514 1099 3608 1153 με·

324 1169 602 1241 gregativa
636 1172 871 1225 ministri
918 1186 1049 1225 voce
1091 1182 1419 1236 arceantur;
1448 1186 1622 1238 neque
1649 1170 1793 1223 enim

2142 1177 2213 1247 ίᾳ,
2242 1178 2334 1229 καὶ
2361 1178 2488 1239 τοὺς
2520 1177 2561 1207 ¹⁰
2590 1176 2726 1247 πρὸς
2755 1176 2923 1246 αὐτὴν
2972 1176 3069 1247 ἤδη
3129 1176 3445 1244 γεγονότας,
3475 1174 3609 1226 ἀπο-

323 1264 394 1317 sit
424 1264 504 1317 eis
535 1263 826 1330 cujuslibet
862 1267 1088 1319 alterius
1121 1268 1197 1319 rei
1235 1280 1406 1319 sacrm
1456 1265 1796 1334 participesr

2137 1285 2307 1319 ττεται
2336 1270 2399 1333 ¹¹,
2430 1268 2490 1320 τὸ
2520 1268 2592 1339 μὴ
2642 1268 2922 1331 παντελῶς
2971 1266 3262 1337 ἱερώτατον
3295 1268 3355 1320 οὑ
3388 1283 3610 1337 προσιε-

325 1359 477 1423 dere,
510 1369 872 1428 praeterquam
904 1359 1243 1433 eloquiorum
1297 1359 1414 1419 Dei,
1469 1373 1700 1425 quorum
1734 1373 1798 1410 m:

2136 1375 2183 1429 γ·
2235 1362 2547 1429 προσφωνεί
2569 1358 2624 1411 δὲ
2653 1360 2747 1412 καὶ
2790 1360 2948 1413 τοῦτο
2998 1360 3325 1428 πανάγνως,
3373 1359 3457 1411 ὅτι
3493 1356 3609 1410 Καὶ

323 1451 492 1505 sterio
522 1452 587 1504 ad
622 1453 901 1507 meliorem
953 1454 1162 1521 frugem
1213 1452 1456 1506 converti
1490 1451 1719 1518 possint.
1770 1449 1796 1501 Β

2143 1451 2281 1503 κατά
2307 1468 2359 1503 τι
2401 1451 2538 1521 πρὸς
2588 1452 2648 1504 τὸ
2693 1452 2786 1505 τοῦ
2844 1452 3111 1517 θεοειδοῦς
3165 1452 3335 1523 ἀκρον
3392 1447 3607 1510 ἀτελῶς

324 1547 365 1600 si
402 1546 859 1615 supermundialis
900 1548 986 1600 illa
1012 1563 1293 1601 sacrorum
1325 1547 1629 1600 divinorum
1657 1544 1797 1599 celet

2129 1539 2383 1592 τθενοῦσιν
2417 1540 2644 1605 ἀθέατος
2670 1543 2785 1611 εἰμι
2837 1543 2932 1594 καὶ
2974 1541 3340 1612 ἀκοινώνητος
3369 1538 3602 1609 (ἀποσο-

327 1638 422 1700 tio,
448 1637 745 1691 etiamdum
798 1641 1151 1707 pwnitentes,
1208 1636 1422 1692 tametsi
1464 1636 1737 1705 quondam
1788 1652 1800 1688 t

2133 1630 2241 1702 γὰρ
2268 1634 2301 1701 ἡ
2329 1631 2469 1683 κατά
2526 1632 2631 1683 πᾶν
2665 1631 3009 1701 ἀμιγεστάτη
3042 1630 3193 1701 φωνὴ
3220 1630 3315 1683 καὶ
3364 1629 3495 1690 τοὺς
3526 1627 3605 1697 μὴ

323 1739 629 1797 compotes,
672 1731 905 1800 repellit,
966 1747 1070 1785 non
1135 1730 1236 1784 nisi
1298 1729 1644 1784 sanctissimo
1688 1745 1796 1798 quo

2133 1725 2336 1795 ,μένους
2374 1723 2689 1795 συνδεθῆναι
2734 1727 2848 1787 τοῖς
2876 1724 2983 1776 τῶν
3016 1724 3308 1777 θειοτάτων
3360 1720 3530 1785 ἀξίως
3562 1721 3606 1751 ¹²

323 1822 597 1888 admisso;
624 1825 753 1892 quin
786 1826 950 1878 etiam
995 1824 1295 1891 proclamat
1322 1839 1335 1874 :
1379 1821 1494 1889 Ego
1525 1822 1591 1875 ad
1619 1822 1792 1876 deil‘or

2136 1820 2278 1880 ovoi’;
2298 1816 2335 1885 ),
2402 1816 2579 1887 πολλῷ
2601 1834 2664 1884 γε
2719 1817 2917 1888 μᾶλλον
2944 1819 2977 1887 ἡ
3020 1815 3127 1868 τῶν
3156 1813 3425 1885 ἐμπαθῶς
3454 1815 3609 1883 ἐνερ-

328 1915 458 1969 tatis
498 1916 713 1970 culmen
765 1929 989 1986 prOpter
1042 1933 1196 1970 suam
1272 1912 1740 1983 imperfectionem
1796 1932 1801 1967 l

2135 1907 2290 1960 ιένων
2320 1906 2527 1976 πληθὺς
2557 1906 2770 1977 ἀνίερος
2804 1906 2958 1959 ἔσται
3005 1907 3100 1959 καὶ
3135 1906 3315 1973 πάσης
3346 1903 3608 1986 ἀλλοτρία

323 2008 1040 2078 assurgentibusinvisibilis
1062 2020 1115 2063 et
1144 1996 1678 2062 iuconununiCabilis
1722 2027 1785 2065 ex

2134 1997 2241 2051 τῶν
2267 1999 2426 2068 ἱερῶν
2456 1996 2683 2065 ἐποψίας
2728 1998 2821 2050 καὶ
2875 1995 3181 2059 κοινωνίας.
3226 1984 3607 2065 Ἐπειδὴ¹³τοῦ

323 2104 495 2160 (arcet
523 2102 667 2156 enim
697 2103 991 2171 purissima
1022 2118 1127 2156 vox
1172 2104 1269 2157 ista
1298 2120 1514 2172 quoque
1550 2105 1673 2159 illos
1701 2106 1790 2171 qui

2135 2111 2152 2143 δ
2244 2090 2529 2158 γεγόνασιν
2576 2089 2679 2155 ἔξω
2715 2089 2843 2142 ναοῦ
2896 2089 2989 2143 καὶ
3035 2090 3133 2160 τῆς
3190 2088 3608 2158 ὑπερκειμένης

323 2195 424 2248 bus
456 2194 814 2249 divinissitnis
867 2194 1028 2261 digne
1060 2197 1597 2251 communicontilms
1648 2198 1796 2262 cooju

2133 2185 2205 2245 ὡς
2260 2183 2302 2213 ¹⁵
2351 2182 2661 2253 ἱερουργίας
2695 2184 2741 2233 οἱ
2801 2180 2909 2233 τῶν
2947 2177 3179 2233 τελετῶν
3230 2178 3474 2251 ἀμύητοι
3511 2179 3606 2231 καὶ

326 2303 433 2340 non
461 2293 707 2357 possunt)
745 2289 994 2356 adeoque
1044 2290 1217 2356 magis
1253 2304 1466 2352 eorum,
1490 2290 1582 2358 qui
1635 2291 1799 2358 passi:

2155 2293 2302 2339 ;στοι,
2335 2277 2427 2329 καὶ
2478 2275 2611 2345 πρὸς
2646 2276 2829 2338 αὐτοῖς
2861 2278 2908 2328 οί
2952 2274 3050 2344 τῆς
3085 2276 3234 2345 ίερᾶς
3292 2274 3628 2327 ἀποστάται

324 2385 425 2434 lms
474 2382 847 2449 exagitantur,
879 2382 1036 2435 turba
1078 2380 1305 2449 profana
1335 2383 1464 2443 erit,
1497 2390 1551 2435 et
1582 2382 1650 2434 ab
1680 2397 1797 2451 aspe

2134 2387 2173 2432 ;,
2202 2370 2481 2439 ἑπομένως
2510 2386 2567 2421 τε
2594 2369 2803 2432 τούτοις
2833 2372 2880 2421 οἱ
2921 2369 3055 2440 πρὸς
3089 2368 3157 2421 τὰ
3188 2368 3300 2420 τῶν
3339 2367 3607 2419 ἐναντίων

322 2473 813 2541 ιιοηιηιιιηὶοηείιυθ
872 2487 1155 2526 sacrorum
1194 2472 1350 2543 193
1386 2475 1580 2527 aliena.
1645 2474 1745 2529 Ubi

2135 2462 2236 2514 ατά
2277 2478 2337 2512 τε
2376 2462 2418 2491 ¹⁵
2466 2462 2559 2515 καὶ
2586 2462 2845 2531 φάσματα
2896 2461 2963 2513 δι’
2991 2459 3281 2529 ἀνανδρίαν
3319 2457 3603 2521 εὐπαθείς,

323 2580 468 2616 mum
497 2564 681 2618 divino
703 2566 908 2634 templo
932 2566 1239 2636 sacrisque,
1273 2582 1393 2635 qua:
1417 2570 1774 2637 capacitatem

2129 2555 2215 2606 >ὑκ
2242 2554 2560 2624 ἀφικόμενοι
2606 2553 2696 2606 διὰ
2751 2556 2849 2625 τῆς
2891 2554 3027 2622 πρὸς
3059 2553 3127 2607 τὰ
3168 2552 3286 2606 θεῖα
3349 2552 3602 2607 συντόνου

322 2669 441 2705 rum
474 2665 756 2723 superant,
787 2656 996 2710 exclusi
1052 2667 1196 2717 sunt,
1255 2658 1331 2713 illi
1364 2659 1455 2727 qui
1506 2658 1670 2712 nullis
1724 2659 1789 2710 ad

2132 2646 2405 2699 ἀνενδότου
2435 2646 2766 2709 συννεύσεως
2789 2646 2883 2699 ἐπὶ
2914 2646 2974 2698 τὸ
3006 2646 3106 2715 τῆς
3140 2644 3412 2708 θεοειδοῦς
3438 2643 3605 2708 ἕξεως

320 2747 910 2801 sacramentisinitiati
958 2749 1289 2818 omninoque
1341 2749 1503 2803 rudes
1551 2749 1791 2803 existunt

2132 2755 2261 2807 ητον
2309 2740 2402 2791 καὶ
2459 2739 2782 2810 δραστήριον
2812 2756 2824 2769 ο
2862 2734 2981 2791 εἶτα
3012 2739 3147 2809 πρὸς
3196 2739 3387 2800 αὐτοῖς
3422 2738 3470 2790 οἱ
3504 2735 3605 2804 τῆς

321 2851 442 2888 rum
480 2836 545 2890 iis
573 2844 839 2906 apostata:
871 2839 997 2892 vitm
1031 2840 1350 2904 sanctioris,
1398 2850 1452 2893 et
1488 2840 1574 2894 his
1608 2839 1794 2894 confer

2130 2830 2255 2895 ιτίας
2283 2832 2378 2901 μὲν
2400 2832 2733 2894 ἀποστάντες
2756 2829 2920 2901 ζωῆς,
2950 2828 3103 2883 οὔπω
3132 2830 3191 2883 δὲ
3224 2830 3322 2883 καὶ
3344 2829 3456 2882 τῶν
3473 2846 3603 2897 φαν-

324 2941 405 2981 ter
432 2928 504 2981 illi
544 2930 635 2997 qui
701 2930 1143 2985 adversariorum
1176 2932 1482 2984 terroribus
1517 2932 1759 2999 visisque
1794 2950 1797 2997 ι

2132 2934 2207 2985 ὦν
2246 2934 2416 3003 αὐτῆς
2462 2932 2574 2997 ἕξει
2603 2934 2695 2987 καὶ
2718 2932 2880 3004 ἔρωτι
2916 2932 3043 3003 θείῳ
3067 2934 3159 2985 καὶ
3182 2932 3377 3002 ἀμιγεῖ
3396 2930 3604 3001 καθαρ-

322 3024 535 3091 ignavia
570 3023 730 3078 facile
783 3034 1093 3086 moventur,
1144 3024 1345 3092 quippe
1384 3024 1477 3092 qui
1516 3038 1613 3092 per
1642 3036 1795 3079 const

2132 3042 2210 3089 ες,
2247 3026 2339 3077 καὶ
2364 3026 2480 3094 μετ’
2501 3024 2697 3087 αὐτοὺς
2729 3026 2777 3077 οἱ
2819 3024 2891 3093 μὴ
2916 3022 3169 3087 καθάπαξ
3193 3022 3469 3085 ἐνοειδεῖς,
3487 3022 3601 3081 καὶ,

323 3128 430 3170 tem
475 3118 804 3184 firmamque
840 3131 965 3169 cum
1019 3115 1220 3169 divinis
1274 3114 1796 3169 rebusconsensior

2134 3118 2245 3181 κῶς
2281 3119 2475 3177 εἰπεῖν,
2502 3118 2720 3187 ἄμωμοι
2740 3116 2833 3168 καὶ
2865 3114 3136 3185 ἀλὼὅητοι
3172 3112 3476 3177 παντελῶς.
3538 3113 3604 3165 Ol

320 3208 555 3262 necdum
580 3207 866 3261 deilormis
892 3208 1053 3261 istius
1089 3215 1266 3260 status
1318 3205 1689 3261 habitudinem
1716 3206 1793 3260 em

2130 3212 2251 3281 ἷεροι
2285 3211 2329 3241 ¹⁶
2374 3208 2483 3262 τῶν
2518 3208 2790 3278 πανιέρων
2816 3206 3087 3277 ἱερουργοὶ
3144 3206 3238 3258 καὶ
3273 3204 3603 3275 φιλοθεάμο-

321 3298 575 3366 ciamque
602 3299 712 3353 sint
747 3299 973 3367 adepti;
1004 3299 1202 3353 deinde
1226 3313 1351 3352 cum
1388 3300 1476 3353 his
1506 3298 1539 3351 ii
1570 3314 1790 3369 quoque

2154 3304 2253 3375 τὴν
2280 3301 2591 3371 ἀγιωτάτην
2616 3300 2837 3371 τελετὴν
2878 3297 3231 3369 ἀγιοπρεπῶς
3269 3297 3602 3351 ἐποπτεύονο

322 3389 616 3442 contraria:
646 3390 865 3459 quidem
902 3390 977 3442 illi
1010 3392 1135 3443 vitae
1169 3390 1418 3443 nuntium
1455 3389 1741 3457 miserunt,
1777 3407 1795 3443 r

2181 3392 2444 3465 ὑμνοῦσιν
2487 3390 2784 3463 ὑμνολογίᾳ
2819 3388 3079 3457 καθολικῇ
3115 3389 3216 3457 τὴν
3258 3386 3602 3458 ἀγαθουργὸν

321 3481 451 3534 dum
482 3477 663 3534 tamen
690 3496 719 3534 a
756 3481 885 3534 visis
940 3482 1125 3535 habitu
1167 3496 1467 3548 amoreque
1514 3481 1697 3535 divino
1734 3497 1794 3537 eo

2129 3485 2441 3555 ἁγαθοδότιν
2466 3485 2663 3557 ἀρχὴν,
2717 3484 2807 3553 ὑφ’
2842 3476 2909 3553 ἦς
2944 3483 2997 3534 αἱ
3057 3478 3426 3552 σωτηριώδεις
3468 3480 3602 3549 ἡμῖν

325 3574 620 3639 purissimo
648 3575 863 3643 purgati
898 3584 1043 3639 sunt,
1074 3584 1238 3644 atque
1267 3577 1563 3631 secundum
1595 3577 1694 3631 bos
1728 3577 1785 3643 ii,

2129 3578 2391 3648 ἰείχθησαν
2445 3576 2691 3638 τελεταὶ,
2734 3575 2835 3645 τὴν
2892 3573 3042 3644 ἱερὰν
3087 3572 3198 3625 τῶν
3254 3571 3602 3642 τελουμένων

322 3680 431 3719 non
455 3666 679 3720 omnino
706 3666 1026 3733 uniformes,
1056 3678 1132 3732 et,
1169 3678 1229 3723 ut
1249 3668 1385 3736 legis
1418 3668 1601 3737 phrasi
1632 3682 1775 3734 utar,

2130 3688 2204 3724 σιν
2250 3669 2653 3742 ἱερουργοῦσαι.
2705 3668 2809 3721 Τὸν
2851 3667 3019 3740 ὕμνον
3070 3666 3127 3720 δὲ
3164 3667 3354 3720 τοῦτον
3398 3668 3449 3718 oi
3502 3665 3603 3735 μὲν

321 3759 549 3813 omnino
580 3760 915 3814 immaculati
946 3771 1000 3813 et
1025 3762 1438 3817 incontaminati
1462 3774 1611 3817 sunt.
1643 3763 1777 3817 Tum

2130 3764 2338 3833 ιλογίαν
2387 3762 2646 3817 καλοῦσιν
2704 3763 2770 3824 ¹⁷,
2826 3762 2876 3814 οἱ
2933 3761 2990 3814 δέ
3052 3760 3152 3829 τῆς
3207 3759 3509 3831 θρησκείας
3539 3757 3603 3810 τὸ

321 3852 484 3920 nique
535 3852 711 3905 sancti
760 3866 1045 3906 sacrorum
1101 3854 1412 3910 administri
1458 3866 1794 3928 spectatores

2127 3854 2297 3916 ϐολον,
2323 3853 2473 3907 ἄλλοι
2504 3853 2581 3917 δὲ,
2612 3853 2687 3916 ὼς
2719 3847 3178 3924 οἷμαι,θειότερον
3203 3850 3528 3922 ίεραρχικὴν
3556 3849 3600 3880 ¹⁸

318 3942 573 4007 studiosi,
601 3944 1032 3999 sacratissimam
1061 3946 1295 4002 hosﬁam
1323 3963 1481 4003 sacro
1512 3949 1615 4002 ritu
1638 3959 1791 4003 contu

2124 3946 2391 4017 ιριστίαν,
2445 3946 2521 4010 ὡς
2567 3944 2922 4016 περιεκτικὴν
2971 3942 3081 3997 τῶν
3142 3944 3223 4007 είς
3270 3944 3418 4014 ἡμᾶς
3477 3943 3597 3996 θεό-

324 4046 425 4098 tes,
481 4037 721 4104 generali
783 4039 1097 4097 laudatione
1163 4043 1552 4099 concelebrant
1601 4045 1797 4100 beneﬁt

2132 4040 2477 4109 ἀφικομένων
2500 4038 2660 4108 ίερῶν
2681 4036 2869 4108 δώρων
2904 4038 2945 4068 ¹⁹
2966 4053 2979 4066 ⁸
3029 4035 3176 4088 δοκεῖ
3225 4037 3335 4108 γάρ
3365 4053 3455 4106 μοι
3486 4035 3597 4087 τῶν

324 4129 755 4198 muniﬁcumque
789 4133 1137 4203 principium,
1184 4150 1214 4188 a
1275 4150 1385 4203 quo
1428 4138 1693 4191 salutaria
1746 4155 1797 4191 nt

2124 4132 2358 4202 ουμένων
2405 4131 2631 4185 ἀπασῶν
2678 4128 3039 4201 θεουργιῶνή
3090 4130 3447 4200 πραγματεία
3468 4127 3597 4197 περὶ

323 4220 567 4273 exhibita
599 4231 727 4275 sunt
752 4236 1120 4293 sacramenta,
1172 4241 1292 4295 qua!
1316 4240 1720 4283 sacrosanctam
1756 4228 1790 4283 il

2122 4242 2154 4287 ,ς
2187 4224 2509 4292 γεγονέναι,
2570 4220 2669 4293 τὴν
2736 4223 2833 4293 μὲν
2862 4222 3051 4276 οὐσίαν
3082 4222 3241 4293 ἡμῶν
3295 4222 3388 4274 καὶ
3449 4220 3595 4290 ζωὴν

323 4310 660 4367 iniliatorum
721 4312 1103 4371 conSummant
1138 4318 1563 4375 deiﬁcationem.
1616 4322 1773 4378 Hunc

2122 4315 2338 4380 θοειδῶς
2404 4317 2782 4389 ὑποστήσασα,
2840 4316 2934 4371 καὶ
2995 4315 3326 4387 ἀρχετύποις
3374 4313 3595 4366 κάλλεσι

324 4414 429 4456 tem
461 4406 721 4475 hymnum
772 4409 862 4462 alii
915 4410 1089 4465 laudis
1133 4415 1429 4478 canticum,
1479 4416 1569 4469 alii
1610 4418 1797 4485 religit

2123 4409 2328 4472 ιεοειδὲς
2378 4408 2533 4479 ἡμῶν
2587 4408 2943 4480 μορφώσασα,
2981 4409 3076 4461 καὶ
3113 4407 3393 4477 θειοτέρας
3428 4405 3596 4471 ’ἐξεως

321 4497 625 4564 symbolum
678 4500 974 4568 appellant,
1035 4504 1129 4557 alii
1189 4506 1448 4576 denique,
1511 4523 1629 4561 mea
1678 4510 1794 4577 quit

2135 4502 2423 4571 ἀναγωγῆς
2453 4502 2510 4553 ἐν
2548 4503 2804 4572 μετουσίᾳ⁴
2838 4501 3250 4571 καταστήσασα,
3304 4496 3596 4551 κατιδοῦσα

351 4554 369 4564 -
715 4554 763 4568 ..
944 4554 974 4566 ν,
1194 4554 1448 4576 τηατ--.
1512 4554 1629 4561 .-.η
1681 4554 1795 4577 .,.-.-

322 4592 638 4655 sententia,
705 4593 945 4649 divinius
999 4596 1401 4653 bierarcbicam
1467 4602 1795 4656 eucharistia

2122 4602 2187 4673 ὴν
2217 4603 2271 4668 ἐξ
2309 4554 2645 4673 ἀπροσεξιίας
2675 4558 3041 4673 ἐγγενομένην
3065 4554 3197 4671 ημῖν
3225 4600 3462 4671 ἐρημίαν
3485 4597 3594 4649 τῶν

322 4684 437 4736 sive
471 4688 992 4754 sacroprmcipalem
1022 4692 1317 4759 gratiarum
1351 4694 1646 4760 actionem,
1678 4704 1736 4748 ut
1776 4710 1795 4747 (

2119 4714 2166 4748 ›ν
2191 4694 2429 4764 δωρεῶν,
2488 4698 2901 4759 ἐπισκευαστοῖς
2947 4694 3094 4765 ἡμᾶς
3154 4692 3381 4760 ἀγαθοῖς
3425 4694 3503 4754 εἰς
3535 4690 3592 4742 τὸ

321 4778 583 4833 divinitus
608 4781 672 4834 ad
713 4796 810 4836 uos
836 4782 1172 4839 dimanantia
1209 4801 1362 4840 sacra
1391 4789 1529 4841 dona
1569 4787 1794 4857 complet

2119 4790 2231 4842 αῖον
2259 4786 2719 4849 ἀνακαλέσασθαι,
2751 4786 2846 4839 καὶ
2876 4788 2942 4856 τῇ
2980 4784 3368 4837 παντελείντῶν
3401 4780 3592 4854 ἡμετέ-

322 4879 448 4921 tur:
491 4872 705 4927 videtur
759 4875 903 4929 enim
939 4876 1281 4931 laudatarum
1314 4881 1555 4933 omnium
1588 4879 1795 4933 divinat

2115 4901 2117 4916 ι
2161 4879 2460 4951 προσλήψει
2514 4879 2613 4951 τὴν
2656 4877 2996 4948 τελειοτάτην
3020 4875 3127 4929 τῶν
3155 4876 3374 4929 οἰκείων
3428 4874 3588 4945 μετά-

321 4967 700 5029 operationum
732 4968 873 5023 ratio
924 4972 1080 5026 nobis
1128 4972 1427 5038 exstitisse,
1460 4989 1585 5028 cum
1638 4975 1794 5028 subst

2114 4989 2149 5023 ,ν
2180 4970 2611 5042 ἀγαθουργῆσαι,
2641 4969 2732 5021 καὶ
2765 4966 2938 5037 ταύτῃ
2972 4964 3257 5019 κοινωνίαν
3293 4966 3424 5034 ἡμῖν
3457 4962 3587 5016 Θεοῦ

322 5055 453 5108 tiam
492 5058 765 5125 vitamque
795 5072 1038 5115 nostram
1092 5064 1333 5118 beneﬁce
1396 5066 1777 5130 sustentando,

1396 5066 1777 5130 sustentando,
1833 5081 1899 5119 ac
2006 5065 2099 5116 καὶ
2132 5064 2239 5116 τῶν
2272 5063 2433 5116 θείων
2466 5060 2835 5133 δωρήσασθαι.

321 5146 618 5213 primitivis
650 5149 1156 5219 pulcltritudinibus
1205 5156 1530 5211 deiformem
1580 5156 1753 5211 nostri
1816 5152 2121 5223 portionem
2177 5153 2535 5217 ell'ormando,
2586 5163 2751 5219 atque
2785 5150 2854 5203 ad
2918 5145 3206 5205 divinioris
3255 5147 3472 5202 habitus
3532 5156 3591 5199 et-

326 5258 613 5311 anagoges,
645 5261 749 5312 qua
782 5262 1001 5300 sursum
1038 5246 1335 5315 elevemur,
1357 5261 1564 5319 partem
1585 5249 1953 5309 admittendo;
1996 5257 2105 5299 tmn
2137 5248 2362 5315 provide
2395 5247 2661 5309 curando,
2688 5254 2747 5298 ut
2775 5259 2842 5297 ex
2883 5241 3121 5328 iuge‘nita
3166 5241 3324 5296 nobis
3354 5255 3450 5311 per
3492 5249 3581 5291 no-

1625 5461 1860 5515 VARMS
1902 5460 2307 5521 LECTIONES.

396 5552 415 5581 '
443 5553 537 5603 καὶ
562 5554 958 5624 ὲνεργούμενοι.
988 5556 1201 5624 Πρῶτοι
1225 5555 1268 5606 δ’
1296 5552 1407 5617 οὖν,
1438 5557 1508 5626 D._
1626 5554 1723 5605 Cb.
1852 5563 1905 5606 et
1930 5554 2008 5626 7V.
2054 5557 2095 5585 ¹⁰
2124 5573 2214 5626 γρ.
2244 5556 2443 5608 καίτοι.
2491 5556 2528 5586 ¹¹
2565 5552 3139 5626 -ἀποκηρύττενταιᾲτὸν
3170 5554 3405 5626 μή,γςιῑ-‹“-.
3447 5546 3574 5626 Βιιάἔ

328 5636 421 5671 sua
449 5638 607 5674 manu
634 5617 895 5682 curre-xit,
927 5638 975 5679 et
1008 5617 1171 5677 vet-tit
1219 5626 1339 5676 Sar.
1422 5627 1463 5655 ¹²
1488 5622 1679 5686 ἀξίοις,
1716 5625 1817 5678 (lli.
1900 5625 1940 5653 ¹³
1969 5626 2089 5677 ἐπεὶ
2115 5617 2192 5688 δέ,
2228 5627 2284 5677 Ι).
2312 5627 2411 5680 Cb.
2492 5625 2536 5655 ”
2564 5623 2697 5676 Bud.
2727 5617 2964 5677 correxit
2987 5617 3188 5687 αὐτοῖς’.
3232 5617 3244 5623 ’
3275 5623 3317 5654 ³⁵
3344 5617 3575 5690 δέσματά

327 5707 406 5765 τε,
434 5691 506 5765 ΔΜ.
543 5692 632 5765 S_c.
656 5762 677 5765 ῳ
730 5695 779 5765 ίξ
798 5696 916 5746 τότε
943 5698 989 5747 οἱ
1021 5698 1284 5765 πανίεροι,
1318 5696 1386 5748 Μ.
1422 5694 1478 5746 D.
1515 5695 1611 5765 Ch.
1647 5695 1735 5744 Sc.
1771 5696 1891 5746 Sor.
1924 5696 1969 5745 οἱ
1998 5696 2051 5747 δὲ
2078 5698 2345 5765 πανίεροι,
2371 5696 2429 5749 Β.
2465 5712 2607 5747 corr.
2649 5694 2968 5765 ’Υμνολογία
3000 5693 3312 5765 legendum.
3388 5693 3426 5721 ¹⁷
3454 5690 3575 5759 ὀίω-

328 5758 533 5826 λογίαν,
566 5762 623 5817 Ρ.
652 5762 714 5816 Ι).
751 5763 873 5818 δάι’.
904 5776 959 5820 et
994 5767 1143 5824 Vien.
1181 5758 1373 5821 minor.
1457 5765 1495 5796 ³³
1526 5764 1774 5835 ἀρχικήν,
1811 5764 1868 5819 1.).
1903 5766 2200 5837 ἱερατικὴν,
2230 5758 2286 5820 l".
2333 5758 2340 5761 ’
2396 5767 2437 5800 ‘9
2466 5758 2796 5836 δωρεῶν,Ῥ.
