3728 6368
138 410 235 464 437

1077 448 1081 452 .
1151 409 1239 463 DE
1278 408 1555 464 ECCLES.
1599 406 1991 474 lllERAliCll.,
2028 408 2179 465 CAP.
2217 408 2301 465 lll.

3289 405 3389 461 ‘58

143 546 304 589 stram
338 536 613 604 ignauam
642 537 1191 592 munurnmornitate
1247 538 1580 599 divinorum,
1613 537 1909 605 propositis
1960 532 2282 588 uulneribus
2338 528 2413 580 in.
2459 527 2745 595 pristinum
2805 536 3007 581 statum
3051 539 3388 588 revocemur,

142 630 478 697 perfectaque
536 644 713 682 rerum
776 632 1098 685 nostratium
1157 620 1549 698 assumptione,
1580 638 1805 684 Suarum
1830 645 1927 683 nos
1960 626 2266 699 participes
2299 620 2532 686 eﬂiciat,
2572 635 2744 691 eaque
2788 621 3001 676 ratione
3091 618 3183 673 Dei
3235 616 3393 672 nobis

141 718 543 787 divinarunnpie
636 735 817 774 rerum
905 717 1345 776 communionem
1438 723 1704 791 largiatur
1812 744 1815 749 ⁴

1626 878 1655 951 §
1702 827 1869 937 vui.

206 1012 427 1074 Οΰτωδὲ
448 1022 545 1092 τῆς
575 1022 871 1095 θεαρχικῆς
900 1023 1316 1095 φιλανθρωπίας
1348 1022 1509 1094 ἱερῶς
1537 1026 1708 1093 ὑμνη-

1882 1018 1939 1072 Ιιι
1967 1020 2112 1073 hunc
2158 1025 2342 1071 autem
2388 1015 2514 1071 mod
2534 1030 2622 1070 um
2652 1015 3023 1085 deiprincipali
3062 1014 3393 1085 benignitate

140 1114 827 1187 θείσης,ἐγκεκαλυμμένος
859 1116 957 1188 μὲν
984 1120 1013 1170 ὁ
1040 1116 1181 1179 θεῖος
1209 1116 1371 1187 ἄρτος
1396 1115 1707 1188 προτίθεται

139 1209 183 1239 ’⁸
225 1209 315 1261 xui
356 1209 418 1262 τὸ
466 1210 563 1280 τῆς
614 1209 863 1277 εὐλογίας
910 1210 1201 1281 ποτήριον·
1246 1210 1273 1261 ὁ
1320 1208 1377 1271 δὲ
1437 1208 1708 1271 θειότατος

137 1298 420 1370 ἀσπασμὸς
448 1301 832 1373 ἱερουργεὴαι,
852 1302 947 1354 xui
974 1300 1080 1353 τῶν
1110 1300 1460 1372 ἀγιογράιρων
1490 1301 1707 1371 πτυχῶν

136 1394 167 1461 ἡ
191 1392 419 1463 μυστικὴ
440 1394 533 1447 xui
556 1394 925 1465 ὑπερκόσμιος
951 1395 1270 1466 ἀνάρρησις.
1298 1395 1372 1447 Οὐ
1396 1394 1505 1466 γὰρ
1536 1394 1707 1447 ἔνεστι

134 1482 268 1554 πρὸς
312 1484 370 1535 τὸ
409 1484 465 1536 ἓν
520 1484 847 1553 συνάγεσθαι
901 1488 1121 1558 καὶτῆς
1164 1486 1256 1539 τοῦ
1300 1486 1419 1549 ἐνὸς
1465 1486 1707 1557 μετέχειν

133 1574 409 1645 εἰρηναίας
438 1575 679 1638 ἐνὼσεως
725 1578 853 1641 τοὺς
898 1577 1036 1650 πρὸς
1078 1580 1303 1642 ἑαυτοὺς
1326 1578 1703 1651 διῃρημένους.

133 1663 192 1715 Εί
219 1663 326 1733 γὰρ
356 1665 461 1718 ὑπὸ
500 1666 599 1736 τῆς
627 1667 721 1721 τοῦ
768 1669 886 1732 ἐνὸς
928 1668 1160 1741 Θεωρίας
1190 1671 1284 1724 καὶ
1328 1669 1579 1739 γνώσεως
1618 1672 1707 1724 ὲλ-

128 1756 487 1829 λαμπόμενοι,
519 1759 657 1828 πρὸς
693 1760 791 1831 τὴν
834 1761 1039 1833 ἐνοειδῆ
1074 1763 1167 1816 xui
1200 1761 1349 1815 θείαν
1386 1765 1707 1834 συναγωγὴν

127 1849 527 1921 ὲνοποιηθῶμεν
549 1853 615 1915 υ,
634 1853 734 1905 οὐκ
757 1852 821 1906 ἂν
843 1854 933 1906 ἐπὶ
950 1852 1047 1917 τὰς
1067 1852 1325 1925 μεριστὰς
1342 1855 1709 1926 ἁνασχοίμεθα

128 1938 487 1992 καταπίπτειν
520 1940 836 2024 ἐπιθυμίας,
868 1942 926 2008 ἐξ
956 1936 1030 1994 ὧν
1064 1944 1121 1995 αἱ
1162 1943 1419 2012 πρόσυλοι
1446 1945 1705 2017 δημιουρ-

130 2029 345 2098 γοῦνται
369 2034 462 2085 xui
490 2033 756 2103 ἐμπαθεῖς
782 2034 918 2104 πρὸς
932 2033 992 2086 τὸ
1020 2034 1161 2087 κατά
1189 2035 1348 2103 φύσιν
1376 2036 1639 2106 ὁμοειδεῖς
1662 2038 1707 2069 ⁸⁸

127 2120 429 2192 ἀπέχθειαι.
476 2122 691 2194 Ταύτην
735 2119 850 2187 οὖν,
897 2125 975 2188 ὡς
1012 2121 1187 2196 οἶμαι,
1236 2127 1337 2199 τὴν
1380 2129 1581 2200 ἐνοειδῆ
1614 2132 1708 2184 xui

126 2214 428 2287 ἀδιαίρετον
455 2216 601 2286 ζωὴν
629 2218 662 2287 ἡ
691 2217 792 2287 τῆς
832 2220 1057 2289 εἰρήνης
1104 2221 1382 2293 ἱερουργία
1408 2223 1705 2294 νομοθετεῖ,

134 2306 202 2375 τῷ
240 2308 411 2377 ὁμοίῳ
452 2308 513 2361 τὸ
556 2308 741 2378 ὅμοιον
784 2310 1123 2382 ἐνιδρύουσα,
1163 2314 1256 2366 xui
1298 2315 1404 2366 τῶν
1439 2317 1707 2387 μεριστῶν

127 2397 615 2454 ἀποδιαστὲλλουσα
641 2399 711 2453 τά
739 2400 856 2454 θεῖα
882 2404 974 2455 xui
1005 2405 1181 2457 ἐνιαῖα
1209 2405 1474 2476 θεάματα.

1810 1122 1998 1166 sancte
2044 1110 2373 1174 collaudata,
2435 1114 2733 1177 coopertus
2775 1108 2993 1176 quidem
3038 1107 3255 1161 divinus
3302 1104 3394 1159 ille

1811 1205 1968 1273 panis
1997 1203 2251 1271 calixque
2308 1199 2720 1258 benedictionis
2764 1199 3086 1270 proponitur
3117 1215 3131 1252 :
3165 1198 3392 1252 divinis-

1809 1297 1947 1349 sinia
1976 1310 2107 1349 vero
2132 1292 2393 1348 salutatio
2426 1292 2541 1347 sive
2570 1291 2844 1355 osculum,
2878 1304 3275 1359 sacrarumque
3308 1297 3393 1341 ta-

1810 1387 2054 1441 bularum
2097 1387 2327 1457 mystica
2361 1394 2415 1440 et
2458 1382 2925 1455 supermundialis
2960 1382 3207 1437 recitatio
3252 1380 3395 1436 cele-

1809 1482 2019 1536 bratur.
2052 1479 2170 1535 Non
2214 1481 2360 1536 enim
2404 1489 2642 1551 possunt
2674 1479 2743 1532 ad
2794 1494 2964 1532 unum
2996 1476 3193 1547 colligi,
3230 1485 3394 1544 atque

1810 1572 1970 1627 unius
2004 1572 2252 1642 paciﬁcre
2284 1572 2507 1626 unionis
2533 1571 2829 1641 participes
2851 1571 3118 1633 existere,
3173 1568 3265 1637 qui
3305 1582 3397 1621 se—

1810 1679 1934 1719 cum
1970 1664 2068 1734 ipsi
2106 1664 2396 1737 dissident.
2449 1662 2583 1718 Nam
2632 1665 2679 1719 si
2731 1664 2892 1718 unius
2926 1661 3397 1730 contemplatione

1809 1765 1971 1825 atque
1996 1756 2311 1827 cognitione
2341 1756 2623 1820 illustrati,
2652 1756 2719 1811 ad
2747 1754 3077 1809 uniformem
3102 1753 3394 1822 quamdam

1780 1854 1875 1904 'ac
1905 1848 2142 1904 divinam
2181 1848 2344 1920 195.
2380 1848 2820 1917 conjunctionem
2867 1846 3263 1916 redigerentur,
3298 1861 3395 1899 ne—

1809 1957 2081 2011 quaquam
2117 1941 2171 1995 in
2219 1941 2427 1997 divisas
2461 1941 2797 2010 cupiditates
2843 1939 3009 1995 dilabi
3045 1954 3143 1993 nos
3184 1946 3400 2007 patere-

1809 2047 2038 2096 mur,ex
2061 2032 2262 2103 quibus
2286 2033 2403 2087 ista!
2428 2032 2747 2086 materiales
2773 2031 3055 2102 plenaeque
3080 2030 3395 2097 passionum

1811 2127 2069 2181 adversus
2093 2116 2331 2195 aequales
2358 2126 2603 2181 existunt
2634 2125 2952 2179 inimicitia.
2984 2124 3136 2177 Hanc
3175 2122 3395 2190 itaque,

1808 2218 1886 2271 uti
1920 2234 2063 2284 reor,
2092 2216 2429 2272 uniformem
2456 2226 2621 2285 atque
2654 2216 2942 2271 indivisam
2968 2215 3097 2268 vitae
3127 2214 3396 2267 rationem

1810 2324 1967 2365 sacra
2012 2310 2111 2363 ista
2164 2309 2316 2377 pacis
2358 2308 2668 2364 conciliatio
2707 2308 2910 2372 sancit,
2950 2306 3075 2360 dum
3115 2305 3295 2360 simile
3342 2304 3396 2357 in

1740 2398 1783 2451 Β
1811 2402 1974 2457 simili
2004 2402 2257 2465 collocat,
2290 2409 2348 2454 et
2390 2400 2574 2454 divina
2610 2397 3022 2470 singulariaque
3068 2393 3387 2466 spectacula

1815 2511 1844 2548 a
1883 2494 2121 2549 dividuis
2149 2493 2409 2548 secernit.

1649 2608 1821 2683 §IX.

195 2742 317 2796 Τῶν
346 2743 403 2796 δὲ
437 2744 598 2815 ίερῶν
640 2746 863 2816 πτυχῶν
893 2749 927 2817 ή
975 2747 1115 2819 μετὰ
1140 2749 1240 2822 τὴν
1273 2752 1495 2823 εἰρήνην
1535 2754 1708 2825 ἀνάῤ-

126 2840 287 2907 ρησις
312 2837 677 2908 ἁνακηρύττει
704 2841 831 2902 τοὺς
855 2841 1017 2902 ὁσίως
1048 2841 1396 2910 βεϐιωκότας,
1441 2847 1534 2899 xui
1575 2847 1713 2918 πρὸς

124 2929 383 3000 ἐναρέτου
409 2930 557 3001 ζωῆς
582 2933 858 2987 τελείωσιν
889 2934 1280 3003 ἀμεταστάτως
1312 2938 1674 3008 ἀφικομένους
1693 2957 1705 2970 ·

124 3023 275 3091 ἡμᾶς
314 3024 413 3094 μὲν
442 3026 535 3079 ἐπὶ
575 3027 673 3100 τὴν
704 3028 769 3081 δι’
798 3030 1115 3102 ὁμοιότητος
1155 3031 1334 3085 αὐτῶν
1368 3033 1710 3106 μακαριστὴν

122 3112 237 3175 ἕξιν
267 3114 313 3145 ’³
340 3116 436 3168 xui
464 3115 667 3189 θεοειδῆ
718 3119 869 3190 λῆξιν
898 3121 1283 3193 προτρέπουσα
1319 3123 1415 3177 xui.
1445 3141 1713 3195 χειραγω-

122 3204 319 3293 γοῦσα,
351 3209 480 3271 τοὺς
504 3210 561 3263 δὲ
589 3211 665 3274 ὼς
696 3211 904 3277 ζῶντας
940 3216 1412 3288 ἀνακηρύττουσα,
1449 3222 1542 3274 xui
1570 3221 1645 3284 ὼς
1675 3223 1709 3293 ἡ

122 3292 378 3364 θεολογία
404 3300 591 3369 φησὶν,
622 3303 684 3355 οὐ
715 3305 1109 3376 νεκρωθέντας,
1156 3308 1293 3361 ἀλλὰ
1320 3312 1399 3372 είς
1431 3310 1711 3384 θειοτάτην

122 3387 273 3458 ζωὴν
301 3389 368 3442 ἐκ
411 3389 644 3445 θανάτου
694 3399 1217 3468 μεταφοιτήσαντας.
1266 3401 1466 3455 Σκόπει
1506 3402 1588 3467 δὲ,
1634 3406 1716 3460 ὅτι

121 3482 217 3534 καὶ
241 3482 612 3553 μνημοσύνοις
641 3488 809 3559 ίεροῖς
831 3491 1175 3545 ἀνατίθενται
1200 3496 1266 3557 ’⁸,
1290 3496 1390 3566 τῆς
1407 3496 1555 3560 θείας
1578 3501 1715 3570 μνή-

124 3589 235 3643 μης
262 3574 365 3627 οὐκ
383 3574 748 3647 ἀνθρωπικῶς
776 3581 835 3633 ἐν
862 3585 928 3653 τῇ
955 3583 1050 3636 τοῦ
1082 3571 1420 3655 μνημονικοῦ
1446 3589 1717 3661 φαντασίᾳ

121 3664 495 3738 δηλουμένης,
546 3670 659 3723 ἀλλ’
680 3672 757 3736 ὡς
788 3673 853 3728 ἄν
896 3693 981 3740 τις
1018 3678 1151 3749 φαίη
1195 3678 1532 3750 θεοπρεπῶς,
1575 3680 1718 3735 κατά

122 3754 220 3824 τὴν
251 3756 311 3807 ἐν
339 3756 460 3827 Θεῷ
490 3759 534 3790 ’⁸
563 3760 670 3814 τῶν
697 3764 1097 3835 τετελεσμένων
1129 3768 1374 3823 θεοειδιῖΝ
1399 3774 1589 3841 τιμίαν
1624 3773 1717 3825 καὶ

1890 2756 2189 2810 Sacrarum
2232 2771 2394 2825 porro
2428 2754 2738 2809 tabularum
2771 2769 2891 2823 quae
2928 2761 3050 2823 post
3079 2764 3267 2821 pacem
3302 2750 3401 2802 ad-

1818 2847 2039 2902 hibetur
2071 2846 2341 2914 recitatio,
2378 2844 2715 2916 deprmdicat
2752 2860 2849 2900 eos
2886 2844 2977 2913 qui
3020 2851 3210 2898 sancte
3240 2842 3400 2895 vixe-

1820 2948 2159 3007 tangatque
2188 2940 2255 2993 ad
2282 2938 2468 3008 proba:
2498 2937 2627 2992 vita:
2666 2936 3056 3006 perfectionem
3085 2941 3403 2989 constanter

1817 3040 2218 3100 pervenerunt;
2276 3045 2375 3085 nos
2421 3030 2673 3099 quidem',
2706 3044 2897 3083 eorum
2946 3027 3281 3093 imitatione,
3332 3023 3401 3077 ad

1819 3124 2199 3178 beatissimum
2258 3124 2409 3179 illum
2458 3130 2659 3177 statum
2693 3121 3046 3192 quietemque
3078 3118 3402 3175 deiformcm

1822 3216 2170 3272 adhortando
2226 3232 2291 3272 ac
2335 3217 2781 3282 manuducendo,
2820 3214 2945 3269 illos
2992 3228 3126 3268 vero
3166 3228 3265 3267 ceu
3324 3213 3405 3265 vi-

1823 3320 2012 3364 ventes
2042 3307 2397 3376 cclebrando,
2444 3309 2645 3379 quippe
2684 3316 2745 3362 ut
2777 3307 3049 3377 theologia
3077 3306 3258 3368 docet,
3306 3319 3404 3357 ne-

1814 3414 2094 3470 quaquam
2130 3408 2399 3464 mortuos,
2444 3400 2537 3453 sed
2573 3414 2642 3453 ex
2673 3406 2849 3454 morte
2882 3398 2947 3452 ad
2978 3396 3144 3449 vitam
3177 3393 3404 3449 divinis-

1816 3493 2011 3548 simam
2045 3493 2365 3548 translatos.
2395 3494 2633 3549 Adverte
2663 3503 2871 3555 autem,
2898 3500 2956 3546 ut
2983 3500 3039 3547 et
3078 3492 3254 3545 sacris
3284 3504 3401 3543 me-

1814 3585 2132 3641 morialibus
2185 3585 2523 3651 inserantur,
2575 3602 2681 3641 non
2734 3586 2899 3654 quasi
2953 3585 3197 3639 humano
3246 3597 3401 3637 more

1814 3676 2135 3730 memoriam
2184 3677 2456 3742 divinam,
2515 3678 2569 3731 in
2621 3693 2685 3733 ea
2740 3688 2895 3747 parte
2955 3676 3232 3731 memorize
3283 3690 3404 3744 qua:

1816 3770 1929 3823 visa
1962 3769 2180 3839 recipit,
2215 3767 2397 3825 inesse
2424 3770 2693 3835 declaret,
2721 3770 2816 3825 sed
2846 3778 2905 3823 ut
2935 3770 3057 3840 quis
3080 3766 3281 3822 dixerit
3304 3782 3403 3835 pro

120 3846 501 3916 ἀμετάστατον
534 3852 579 3883 ⁸⁸
623 3853 845 3921 γνῶσιν.
882 3859 1078 3927 Ἔγνω
1106 3862 1217 3930 γὰρ
1252 3860 1375 3933 (ἔφη
1420 3861 1489 3915 τὰ
1532 3862 1707 3935 λόγια)

1855 3862 1909 3914 ἐἰ
1934 3862 2217 3931 dignitate,
2244 3864 2544 3918 secundum
2574 3878 2697 3917 eam
2727 3879 2848 3932 qua:
2878 3860 2929 3915 in
2960 3863 3069 3915 Deo
3099 3871 3181 3915 est
3212 3876 3397 3914 rerum

121 3936 266 4001 τσὺς
300 3938 482 4005 ὄντας
514 3943 732 3996 αὐτοῦ’
783 3946 896 4010 xui,
940 3948 1134 4017 Τίμιος
1174 3951 1456 4004 ἐναντίον
1490 3954 1712 4020 Κυρίου

119 4034 153 4083 ό
174 4030 440 4098 θάνατος
458 4032 577 4086 τῶν
599 4036 787 4089 ὁσίων
807 4039 1014 4105 αὐτοῦ,
1036 4041 1129 4094 τοῦ
1161 4041 1393 4097 θανάτου
1414 4043 1522 4097 τῶν
1548 4045 1713 4097 ὁσίων

118 4121 244 4174 ἀντὶ
263 4122 367 4193 τῆς
390 4125 450 4177 ἐν
476 4124 713 4199 ὁσιότητι
734 4129 1064 4195 τελειώσεως
1094 4135 1213 4206 είρη
1223 4136 1531 4206 μένου.Καὶ
1556 4136 1714 4191 τοῦτο

119 4217 176 4268 δὲ
208 4216 379 4287 ίερῶς
420 4218 694 4290 ἐννόησον,
721 4223 1194 4287 ὼς,ἐπιτεθέντων
1237 4228 1317 4298 τῷ
1360 4230 1488 4301 θείῳ
1521 4230 1713 4285 θυσια-

122 4311 338 4382 στηρίῳ
364 4312 474 4366 τῶν
507 4315 819 4387 σεϐασμίων
849 4320 894 4351 ’ν
917 4319 1220 4390 συμϐόλων,
1238 4322 1303 4376 δι’
1322 4318 1397 4377 ὧν
1425 4327 1453 4378 ὁ
1480 4326 1714 4396 Χριστὸς

123 4403 458 4472 σημαίνεται
502 4400 598 4459 xui
645 4410 948 4479 μετέχεται,
997 4414 1261 4486 πάρεστιν
1304 4418 1641 4483 ἀδιαστάτως
1680 4422 1713 4491 ή

120 4490 231 4544 τῶν
252 4493 432 4560 ἁγίων
459 4495 774 4569 ἀπογραφὴ,
804 4501 865 4553 τὸ
889 4503 1313 4575 συνεζευγμένον
1333 4506 1512 4559 αὐτῶν
1540 4490 1715 4561 astat;

126 4580 301 4650 ρέτως
328 4586 668 4656 ἐμφαίνουσα
694 4590 795 4661 τῆς
839 4594 975 4665 πρὸς
1005 4595 1167 4649 αὑτὸν
1207 4598 1578 4671 ὑπερκοσμίου
1623 4601 1715 4653 xui

123 4672 279 4745 ἱερᾶς
318 4676 585 4744 ἑνὼσεως.

1819 3954 2193 4022 perfectarum
2238 3971 2302 4009 ac
2332 3955 2683 4010 deiformium
2714 3956 3012 4025 pretiosam
3058 3964 3112 4007 et
3146 3954 3402 4006 immuta-

1818 4045 1980 4099 bilem
2005 4047 2395 4117 cognitionem.
2432 4046 2589 4100 Novit
2620 4048 2788 4113 enim,
2836 4050 2915 4118 (ut
2946 4046 3161 4116 eloquia
3192 4053 3402 4099 testan-

1818 4146 1947 4202 tur),
1976 4154 2068 4207 qut
2124 4147 2247 4191 sunt
2290 4139 2406 4209 ejus
2453 4150 2522 4203 c;
2564 4148 2620 4193 et
2662 4157 2676 4192 :
2726 4138 2970 4192 Pretiosa
3018 4139 3075 4191 in
3121 4147 3402 4206 conspectu

1819 4230 2031 4285 Domini
2078 4248 2219 4284 mors
2266 4242 2569 4286 sanctorum
2608 4233 2722 4298 ejus
2764 4232 2817 4297 ἀ,
2876 4241 3051 4287 morte
3087 4242 3401 4287 sanctorum

1818 4338 1914 4391 pro
1959 4332 2145 4378 sancta
2197 4326 2680 4379 consummatione
2727 4337 2975 4394 accepta.
3021 4326 3129 4380 Sed
3181 4334 3237 4379 et
3272 4326 3403 4379 illud

1819 4428 2037 4489 quoque
2078 4426 2271 4471 sancte
2302 4417 2559 4480 observa,
2611 4426 2670 4472 ut
2720 4418 2992 4488 impositis
3027 4419 3210 4472 divino
3239 4415 3401 4471 altari

1818 4509 1993 4561 sacris
2023 4510 2286 4579 symbolis
2319 4511 2519 4579 quibus
2554 4510 2811 4567 Christus
2839 4512 3186 4572 significatur
3213 4527 3277 4565 ac
3307 4527 3405 4565 su-

1821 4601 2019 4666 mitur,
2067 4603 2317 4671 protinus
2364 4603 2510 4658 adsit
2559 4614 2877 4659 sanctorum
2930 4604 3016 4659 illa
3069 4603 3401 4671 descriptio;

1818 4708 1940 4761 qua:
1971 4692 2310 4749 individuam
2344 4710 2536 4749 eorum
2565 4696 3003 4765 coniunctionem
3035 4697 3404 4764 unionemque

1820 4800 1945 4839 cum
1976 4785 2072 4840 illo
2103 4789 2616 4857 supcrmundialem
2647 4802 2982 4856 sacramque
3014 4788 3273 4841 insinuat.

1694 4944 1837 5015 §X.

190 5065 417 5162 Torino»)
441 5068 499 5122 δὲ
533 5070 655 5123 καθ’
686 5073 744 5125 ὃν
766 5076 977 5146 εἴρηται
1002 5077 1200 5148 θεσμὸν
1224 5080 1707 5152 ίερουργηθὲντων,

1891 5086 1986 5143 His
2015 5100 2198 5147 autem
2236 5108 2301 5147 eo
2325 5108 2434 5162 quo
2468 5093 2670 5149 dictum
2706 5102 2792 5148 est
2820 5094 2928 5149 ritu
2960 5094 3273 5160 celebratis,
3307 5097 3405 5150 ad-

122 5159 297 5223 ἐστὼς
329 5161 663 5233 ἐπίπροσθεν
685 5165 793 5218 τῶν
822 5168 1140 5236 ἁγιωτάτων
1171 5172 1218 5204 ’⁸
1251 5174 1532 5244 συμϐόλων
1565 5176 1714 5229 ὕδατι

121 5250 219 5314 τὰς
247 5255 441 5324 χεῖρας
463 5255 492 5306 ὁ
524 5254 783 5328 ἱεράρχης
810 5260 1057 5315 νίπτεται
1092 5262 1229 5333 μετά
1250 5265 1344 5319 τοῦ
1375 5268 1574 5338 σεμνοῦ
1607 5269 1715 5323 τῶν

240 5420 264 5447 ε
297 5412 335 5465 Il
375 5410 518 5466 Tim.
550 5431 610 5468 ll.
717 5413 746 5454 ἀ
771 5416 914 5473 Psal.
945 5422 1183 5487 cxv,15.

1819 5191 1969 5236 stans
2015 5200 2199 5237 coram
2243 5185 2504 5257 symbolis
2550 5186 2917 5241 sanctissimis
2966 5186 3213 5256 pontifex
3258 5202 3401 5257 aqua

1788 5289 2014 5339 manus
2049 5277 2223 5331 abluit
2267 5294 2372 5334 una
2426 5294 2546 5333 cum
2601 5280 2947 5334 sacerdotum
2992 5280 3193 5336 ordine
3239 5296 3401 5336 vene-

1380 5563 1618 5621 VARIIE
1659 5570 2069 5626 LECTIONES.

191 5714 235 5742 "
264 5715 639 5784 προστίθεται,
669 5720 735 5774 Μ.
766 5723 859 5776 Sc.
885 5721 1011 5777 Sar.

128 5780 364 5871 tiqui;
391 5780 790 5871 ἀνατίθεινται,
919 5792 1022 5847 Ch.
1187 5798 1232 5828 ’⁸

130 5858 478 5925 σμιωτάτων,
508 5858 611 5917 Ch.
690 5864 734 5897 ²³
756 5860 926 5929 ἁγίων
949 5863 1253 5932 συμϐόλων.
1280 5870 1380 5929 Ch.

1106 5727 1150 5756 ³⁸
1182 5726 1486 5801 ἐνοποιηθεί
1532 5751 1650 5805 μεν,
1682 5731 1742 5785 D.
1774 5732 1834 5787 S.

1106 5832 1112 5846 .
1187 5798 1232 5828 ’⁸
1259 5752 1566 5861 ἐνθέωςλ).
1598 5803 1695 5861 τὴν
1721 5804 1778 5857 ἐν
1821 5804 1888 5861 et?

1553 5842 1566 5861 .
1598 5803 1695 5876 τὴν
1721 5804 1778 5857 ἐν
1821 5804 1899 5875 τῷ
1945 5804 2095 5874 Θεῷ,
2148 5808 2206 5861 D.

1946 5734 2404 5807 ffdpo:z6é;,Ch.
2458 5734 2559 5807 Sc.
2629 5735 2672 5765 ³³
2701 5737 3042 5807 μακαρίστην
3094 5736 3209 5803 ἕξιν
3260 5737 3397 5807 lege.

2319 5808 2363 5837 ""
2392 5806 2801 5877 ἀμετάπτωτον,
2856 5806 2914 5861 D.
2960 5806 3057 5868 Ch.
3155 5809 3215 5881 "7
3243 5806 3398 5863 σεϐα-
