3730 6300
315 244 421 303 439

1507 240 1563 298 S.
1604 238 1907 297 DlONYSll
1944 237 2413 296 AREOPAGITE

3462 228 3579 291 ιω

316 364 515 423 ταὶιιιο.
548 364 678 421 Nam
710 366 798 436 qui
842 366 989 419 lotus
1039 371 1127 419 est
1182 362 1267 433 (ut.
1305 361 1522 431 eloquia
1586 371 1789 417 testam

2098 360 2183 411 ζων
2215 358 2511 427 τάγματος.
2547 355 2664 407 Ὅτι
2711 354 2808 424 μὲν
2851 346 2963 415 οὖν,
2992 349 3071 413 ὡς
3099 346 3167 401 τὰ
3196 347 3355 415 λόγιά
3382 362 3571 417 φησιν,

318 474 427 517 non
459 476 593 530 opus
633 462 796 515 habet
827 459 932 513 alia
978 473 1139 528 quam
1168 459 1540 514 sommilatum
1570 470 1666 508 seu
1696 462 1885 509 extre-

321 554 568 607 tnilatutn
624 566 842 606 suarum
902 550 1104 605 lotioue
1137 560 1184 614 ο,
1232 566 1333 621 per
1361 563 1524 618 quam
1560 546 1749 615 utique
1790 558 1884 597 su-

319 658 558 712 premam
612 641 935 696 munditiam
976 641 1093 709 fiet,
1131 651 1192 697 ut
1239 640 1582 695 divinissimn
1624 636 1886 706 prteditus

320 735 505 790 habitu
536 732 943 796 deil‘ormitatis,
976 735 1102 789 dum
1143 732 1209 787 ad
1236 731 1518 801 sequentia
1544 743 1758 799 quoque
1783 728 1885 782 be-

321 825 479 895 nigne
502 824 767 893 procedit,
785 824 921 879 liber
944 824 1159 881 futurus
1183 825 1252 880 sit
1270 834 1324 879 et
1346 822 1650 891 expeditus,
1681 820 1883 889 quippe

318 926 543 984 prorsus
573 913 887 979 uniformis,
917 924 971 969 et
1001 916 1069 969 ad
1100 930 1264 969 unum
1298 928 1488 967 rursus
1519 911 1724 966 unitive
1756 925 1888 964 con-

316 994 529 1070 Versus,
570 1004 976 1060 immaculatum
1026 1005 1186 1060 simul
1221 1015 1277 1060 et
1310 1005 1687 1058 intemeratum
1726 1015 1885 1055 suam

317 1095 480 1151 faciet
534 1098 973 1163 conversionem,
1030 1107 1289 1169 tanquam
1336 1097 1442 1167 'qui
1499 1094 1889 1150 deiformitatis

318 1182 427 1243 sum
448 1186 842 1257 plenitudinem
871 1199 926 1243 et
953 1190 1324 1259 integritatem
1357 1196 1565 1243 servet.
1598 1187 1771 1243 Porro
1801 1202 1889 1242 sa-

318 1295 473 1335 crum
505 1281 805 1351 lavacrum,
840 1285 917 1338 uti
949 1283 1209 1346 diximus,
1247 1282 1298 1336 in
1338 1281 1496 1353 legali
1529 1289 1646 1335 erat
1679 1281 1890 1336 lricrar-

318 1372 484 1437 cltia;
533 1372 696 1427 modo
747 1382 926 1427 autem
974 1373 1247 1442 pontificis
1296 1389 1363 1427 ac
1402 1373 1744 1427 sacerdotum
1799 1370 1888 1425 illa

320 1478 575 1517 manuum
600 1463 808 1520 ablutio
840 1465 968 1518 illud
996 1466 1171 1535 ipsum
1201 1465 1463 1519 insinuat.
1500 1464 1603 1517 Eos
1628 1463 1770 1517 enim
1796 1463 1888 1533 qui

319 1556 386 1610 ad
417 1557 770 1624 purissimum
811 1560 1082 1613 accedunt
1114 1557 1446 1613 sacrificium
1478 1556 1729 1625 expiatos
1769 1570 1891 1610 esse

318 1653 474 1706 decet
508 1649 667 1722 195
715 1652 978 1707 extremis
1026 1652 1192 1708 etiam
1241 1649 1436 1706 anima:
1474 1649 1803 1720 phantasiis,
1834 1655 1891 1701 et

1988 451 2017 502 ὁ
2048 446 2366 518 λελουμένος
2409 445 2469 498 οὑ
2511 442 2679 497 δεῖταί
2711 459 2857 504 τινος
2885 441 3080 510 ἐτέρας
3121 440 3169 492 εἱ
3206 439 3282 509 μὴ
3321 436 3425 507 τῆς
3460 435 3576 489 τῶν

1988 541 2193 613 ἄκρων,
2215 540 2390 594 εῖτουν
2414 538 2655 608 ἐσχάτων
2684 532 2879 589 ἐαυτοῦ
2907 535 2952 564 ²⁹
2971 532 3190 602 νίψεως,
3218 531 3287 584 δι’
3311 523 3380 600 ἧς
3400 530 3578 599 ἀκρο-

1986 640 2153 710 τάτης
2188 638 2231 669 ³ο
2261 635 2604 706 καθάρσεως,
2626 634 2684 686 ἐν
2709 631 2971 702 πανάγνῳ
3009 628 3107 683 τοῦ
3139 624 3408 688 θεοειδοῦς
3435 624 3575 688 ἕξει.

1988 723 2083 779 καὶ
2102 724 2237 795 πρὸς
2254 721 2322 775 τά
2334 721 2558 792 δεύτερα
2582 720 2784 792 προῖὼν
2799 717 3144 788 ἀγαθοειδῶς,
3170 715 3401 786 ἄσχετος
3418 712 3575 766 ἔσται

1987 817 2083 871 καὶ
2112 814 2398 878 ἀπόλυτος,
2422 814 2498 878 ὡς
2537 810 2793 876 καθάπαξ
2822 810 3076 881 ἐνοειδὴς,
3111 810 3204 862 καὶ
3231 806 3372 879 πρὸς
3413 804 3475 858 τὸ
3514 804 3578 857 ἓν

1989 905 2143 972 αὖθις
2187 906 2403 969 ἐνιαίως
2445 904 2928 976 ἐπιστρεφόμενος,
2977 902 3244 974 ἄχραντον
3285 899 3578 970 ποιήσεται

1988 1000 2082 1055 καὶ
2125 998 2455 1071 ἀκηλίδωτον
2496 997 2595 1068 τὴν
2640 999 2996 1065 ἐπιστροφὴν,
3039 993 3115 1057 ὡς
3154 991 3248 1045 τοῦ
3303 989 3581 1054 θεοειδοῦς
3661 1012 3668 1022 -

1989 1089 2287 1155 ἀποσὼζων
2319 1087 2379 1142 τὸ
2415 1088 2620 1161 πλῆρες
2646 1089 2740 1142 καὶ
2774 1086 3087 1159 ὁλόκληρον.
3123 1087 3181 1139 '0
3214 1085 3312 1156 μὲν
3345 1083 3390 1115 ³³
3430 1082 3580 1153 ἱερὸς

1989 1183 2207 1256 λουτὴρ,
2241 1182 2316 1246 ὡς
2362 1182 2685 1253 εἰρήκαμεν,
2727 1181 2785 1232 ἐν
2823 1181 2890 1250 τῇ
2926 1177 3070 1239 κατὰ
3111 1174 3275 1248 νόμον
3306 1175 3352 1207 ³³
3394 1171 3464 1246 ἦν
3496 1176 3579 1227 is-

1993 1277 2224 1351 ραρχὶᾳ’
2260 1275 2354 1329 νῦν
2386 1274 2441 1329 δὲ
2487 1272 2581 1327 τοῦ
2616 1271 2870 1344 ἱεράρχου
2902 1271 2996 1324 καὶ⁸
3024 1268 3132 1322 τῶν
3164 1267 3355 1340 ἱερέων
3389 1268 3425 1337 ἡ
3462 1265 3582 1318 τῶν

1991 1368 2186 1442 χειρῶν
2214 1366 2589 1437 ἀποκάθαρσις
2626 1363 2787 1417 αὑτὸν
2828 1360 3224 1415 ὑπαινίσσεται.
3276 1354 3420 1420 Τοὺς
3464 1354 3583 1427 γὰρ

1992 1462 2084 1515 ἐπὶ
2112 1460 2210 1532 τὴν
2250 1458 2666 1528 παναγεστάτην
2710 1453 2885 1516 ἰόντας
2935 1450 3245 1523 ἱερουργίαν
3293 1448 3584 1500 ἀποκεκα-

1993 1553 2187 1625 θάρθαι
2206 1552 2286 1605 δεῖ
2315 1550 2409 1604 καὶ
2434 1547 2532 1613 τὰς
2555 1547 2784 1616 ἐσχάτοις
2810 1544 2909 1614 τῆς
2936 1541 3112 1613 ψυχῆς
3129 1536 3453 1609 φαντασίας,
3483 1536 3584 1590 καὶ

1993 1647 2060 1700 δι’
2084 1643 2401 1716 ὁμοιότητος
2424 1640 2560 1711 αὐτῇ
2585 1637 2725 1692 κατά
2744 1636 2802 1689 τὸ
2833 1634 3050 1689 δυνατὸν
3070 1631 3353 1705 προσιέναι
3374 1646 3388 1658 ·
3414 1645 3586 1698 (pavo-

317 1752 419 1811 per
470 1718 883 1797 similitudinem
935 1743 1307 1813 ipsi,'quoad
1351 1718 1553 1811 potest,
1598 1757 1790 1812 appr-or

2112 1752 2158 1798 ις
2188 1734 2232 1765 ³³
2276 1732 2385 1805 γὰρ
2416 1730 2557 1784 οὕτω
2584 1727 2683 1792 τὰς
2712 1725 3027 1795 θεοςρανείας
3069 1718 3585 1794 περιαυγασθήσον-

318 1848 521 1901 quare;
560 1835 887 1889 clarioribus
917 1835 1060 1889 enim
1086 1834 1189 1889 hoc
1216 1835 1375 1889 modo
1406 1834 1499 1888 Dei
1527 1831 1892 1904 apparitioui-

318 1927 417 1980 bus
468 1926 921 1991 illustrabuutur,
969 1925 1508 1996 supermuudialibus
1554 1924 1681 1979 istis
1735 1939 1895 1979 coru-

315 2019 655 2073 scationibus
690 2018 743 2071 in
775 2019 1079 2073 consimilis
1110 2018 1315 2087 speciei
1349 2016 1567 2086 specula
1612 2015 1893 2086 limpidius

316 2109 648 2177 uberiusque
698 2110 863 2178 jubar
930 2124 1088 2163 suum
1157 2107 1559 2163 evibrantibus.
1617 2106 1890 2161 Caeterum

315 2199 588 2263 pontificis
624 2199 711 2253 illa
748 2201 1208 2269 sacerdotumque
1242 2196 1472 2263 ablutio,
1508 2214 1632 2269 qua:
1665 2198 1895 2252 summis

314 2291 687 2359 extremisque
715 2291 899 2361 digitis
935 2292 1246 2355 adhibetur,
1295 2305 1481 2345 coram
1522 2290 1906 2370 sacrosanctis

314 2383 434 2436 istis
455 2382 718 2452 symbolis
743 2383 1073 2449 instituitur,
1103 2398 1209 2437 non
1238 2397 1398 2439 secus
1430 2397 1494 2437 ac
1518 2397 1702 2437 coram
1735 2381 1893 2437 Cbri-

314 2482 419 2537 sto,
450 2473 543 2543 qui
586 2474 990 2530 occultissimas
1017 2487 1261 2543 quasque
1300 2473 1665 2542 cogitationes
1712 2473 1895 2529 intue-

318 2576 424 2628 tur;
447 2574 611 2633 atque
633 2566 726 2619 ubi
742 2581 994 2635 suprema
1021 2565 1112 2619 illa
1127 2565 1369 2635 expiatio
1393 2565 1890 2635 perspicacissituis

315 2654 438 2709 istis
468 2656 921 2722 scrutationibus,
958 2672 1060 2711 nec
1102 2670 1211 2710 non
1245 2655 1574 2726 justissimis
1602 2656 1893 2727 integerri-

318 2744 530 2813 misque
560 2745 782 2814 iudiciis
812 2755 897 2802 est
918 2746 1191 2809 absoluta,
1220 2756 1331 2800 tum
1363 2747 1474 2817 jam
1499 2746 1703 2801 divinis
1733 2748 1895 2803 rebus

317 2835 563 2903 pantil‘ex
598 2838 970 2909 coniungitur,
998 2838 1308 2909 sanctisque
1346 2839 1441 2893 Dei
1486 2839 1749 2908 operibus
1778 2838 1894 2893 lau-

317 2933 493 3001 datis,
527 2935 869 2991 divinissima
905 2944 1190 2991 consecrat
1225 2933 1511 3007 mysteria,
1555 2942 1610 2989 et
1646 2935 1701 2988 iu
1732 2949 1892 3008 aspe-

317 3030 462 3077 ctum
490 3023 639 3079 ducit
669 3041 789 3095 quae
819 3026 1138 3082 celebravit.

1995 1845 2081 1880 ται
2134 1824 2243 1878 τῶν
2307 1820 2691 1894 ὑπερκοσμίων
2744 1814 3118 1889 μαρμαρυγῶν
3173 1812 3253 1877 εἱς
3308 1812 3410 1883 τὴν
3468 1810 3585 1863 τῶν

1995 1916 2373 1992 ὁμοιοειδῶν,³⁸
2402 1911 2684 1986 ἐσόπτρων
2710 1910 2937 1980 ἀγλαΐαν
2958 1904 3280 1977 ὁλικώτερον
3313 1903 3410 1957 καὶ
3432 1902 3587 1955 διαυ-

1997 2020 2253 2091 γέστερον
2286 2015 2543 2086 ἐφιέντων
2572 2014 2763 2067 διεῖναι
2809 2010 2852 2041 ³⁸
2884 2008 2982 2079 τὴν
3012 2006 3220 2060 οἱκείαν
3249 2003 3470 2073 αἴγλην.
3514 2001 3587 2054 Ἡ

1994 2113 2049 2166 δὲ
2078 2109 2172 2164 τοῦ
2207 2109 2457 2182 ἱεράρχου
2486 2108 2581 2162 καὶ⁸
2619 2105 2730 2158 τῶν
2772 2102 2959 2175 ἱερέων
2983 2101 3110 2172 ἄχρι
3140 2096 3250 2151 τῶν
3279 2096 3472 2166 ἄκρων
3504 2093 3588 2145 εῖ-

1994 2220 2118 2256 τουν
2141 2202 2384 2274 ἐσχάτων
2407 2198 2658 2268 ἀπόνιψις
2676 2195 3001 2268 ἐπίπροσθεν
3017 2190 3260 2261 γίγνεται
3278 2187 3391 2241 τῶν
3410 2189 3584 2254 ἀγιω-

1992 2292 2170 2346 τάτων
2188 2309 2251 2345 συ
2261 2292 2492 2364 μδόλων,
2507 2290 2582 2353 ὡς
2597 2290 2690 2341 ἐπὶ
2707 2284 2944 2358 Χριστοῦ
2963 2282 3057 2336 τοῦ
3075 2282 3254 2343 πάσας
3270 2276 3585 2348 ἐφορῶντος
3602 2342 3607 2345 ι

1995 2386 2150 2458 ἡμῶν
2179 2385 2276 2449 τάς
2306 2384 2689 2455 κρυφιωτάτας
2729 2378 2956 2440 ἐννοίας,
2991 2376 3085 2429 καὶ
3126 2374 3224 2444 τῆς
3266 2368 3584 2443 ἀκροτάτης

1994 2478 2316 2549 καθάρσεως
2355 2478 2413 2529 ἐν
2440 2478 2553 2539 τοῖς
2588 2470 2753 2527 αὑτοῦ
2795 2472 2841 2503 ³⁸
2873 2466 3303 2528 πανεπισκόποις
3348 2459 3587 2533 ἀκριὸα-

1997 2572 2173 2641 σμοῖς,
2188 2568 2283 2622 καὶ
2307 2565 2802 2630 ταῖςδικαιοτάταις
2813 2561 2908 2615 καὶ
2922 2559 3238 2619 ἀδεκάστοις
3262 2554 3512 2626 κρίσεσιν
3534 2551 3585 2582 ³⁷

1995 2660 2318 2732 ὁριζομένης
2343 2675 2358 2689 ’
2399 2657 2542 2711 οὑτω
2571 2657 2684 2719 τοῖς
2737 2653 2901 2715 θείοις
2956 2652 2985 2705 ὁ
3020 2649 3284 2721 ἱεράρχης
3338 2642 3584 2702 ἑνοῦται,

1995 2754 2089 2807 καὶ
2113 2752 2211 2816 τὰς
2242 2750 2390 2823 ἱερὰς
2426 2746 2712 2819 θεουργίας
2738 2745 3004 2815 ὑμνήσας,
3037 2739 3314 2812 ἱερουργεῖ
3341 2734 3417 2789 τά
3440 2732 3585 2788 θειό-

1994 2863 2154 2914 τατα,
2186 2846 2280 2899 καὶ⁵
2312 2845 2402 2897 ὑπ’
2424 2841 2544 2912 ὄψιν
2567 2839 2690 2908 ἄγει
2712 2837 2783 2891 τὰ
2809 2833 3110 2907 ὑμνημένα.

1866 3185 2032 3262 5x1.

390 3340 651 3408 Quanam
702 3351 872 3407 porro
929 3350 1258 3393 censeamus
1299 3334 1484 3392 divina
1531 3333 1587 3389 in
1633 3347 1732 3389 nos
1770 3346 1863 3386 ess

2114 3330 2230 3392 ίνας
2257 3327 2355 3401 μὲν
2388 3323 2529 3381 εἶναι
2566 3325 2614 3358 ³⁸
2647 3321 2749 3388 τὰς
2775 3321 2856 3385 εἱς
2882 3318 3031 3392 ἡμᾶς
3052 3312 3351 3408 ᾼθεουργίας
3381 3313 3583 3408 φαμὲν,

320 3445 511 3501 opera,
542 3427 802 3497 deinceps
826 3440 925 3496 pro
948 3425 1091 3480 virili
1133 3427 1519 3495 exponendum
1549 3430 1658 3483 est.
1707 3420 1898 3490 Neque

323 3520 466 3574 enim
522 3517 807 3573 laudandis
862 3517 1117 3572 omnibus
1156 3516 1399 3582 sufﬁcio,
1460 3516 1568 3570 imo
1629 3527 1700 3569 ne
1747 3514 1897 3568 clare

323 3612 539 3681 quidem
563 3611 954 3678 cognoscendis
972 3607 1541 3678 aliisque-tradendis;
1572 3622 1690 3675 qua:
1713 3615 1896 3660 autem

326 3718 356 3755 a
401 3701 731 3772 praesulibus
778 3701 967 3756 divino
1022 3700 1246 3754 numine
1296 3698 1493 3755 alllatis
1541 3697 1899 3755 conformiter

326 3795 559 3865 eloquiis
600 3794 898 3850 laudantur
925 3810 990 3849 ac
1020 3794 1396 3858 celebrantur,
1426 3792 1617 3848 eadem
1652 3807 1750 3861 pro
1783 3805 1899 3846 mo-

326 3886 452 3942 dulo
501 3895 709 3953 nostro,
764 3885 911 3941 saevi
953 3887 1163 3942 ordinis
1195 3886 1517 3956 aspirationi
1563 3885 1848 3954 implorata
1878 3925 1895 3948 ,

325 3978 685 4049 proferemus.
728 3977 993 4032 Naturam
1028 3979 1343 4044 humanam,
1382 3980 1452 4034 ab
1494 3980 1655 4034 initio
1702 3979 1901 4033 divinis

328 4073 484 4127 bonis
524 4073 892 4142 imprudentia
923 4086 1019 4127 sua
1058 4072 1369 4142 Spoliatam,
1402 4073 1514 4127 vita
1551 4072 1900 4142 passionibus

327 4154 563 4219 obnoxia
610 4173 665 4219 et
713 4174 872 4218 terra:
927 4165 1120 4219 mortis
1163 4166 1351 4219 exitus
1402 4166 1652 4234 excepit,
1695 4167 1899 4234 quippe

326 4259 641 4327 perniciosa
681 4259 785 4313 ista
812 4257 927 4312 veri
959 4258 1084 4312 boni
1116 4258 1377 4322 desertio,
1405 4274 1686 4328 sacraeque
1715 4258 1770 4312 in
1799 4272 1900 4327 pa-

329 4353 514 4407 radiso
545 4351 681 4422 legis
704 4352 1086 4422 prmvaricatio
1118 4367 1241 4408 eum
1279 4354 1375 4422 qui
1408 4354 1622 4417 blande,
1658 4332 1903 4407 mulcen-

328 4447 475 4500 tibus
514 4456 568 4501 et
600 4444 816 4501 infestis
860 4446 1164 4502 adversarii
1214 4446 1497 4503 fraudibus
1540 4447 1773 4514 illectus,
1823 4447 1903 4499 vi-

329 4538 440 4593 tale
476 4537 668 4610 jugum
709 4548 1058 4603 excusserat,
1104 4541 1560 4611 propensionibus
1605 4541 1737 4606 suis,
1783 4555 1903 4609 qua:

329 4630 532 4686 divinis
579 4632 736 4687 bonis
785 4631 1182 4698 adversantur,
1225 4633 1451 4700 dimisit,
1502 4631 1645 4688 unde
1698 4633 1896 4686 misere

327 4725 687 4780 aeternitatem
734 4739 860 4779 cum
896 4726 1235 4781 mortalitate
1275 4727 1664 4788 commutavit;
1708 4735 1766 4779 et

2015 4719 2199 4781 Ξωκεν,
2242 4714 2402 4769 ἐνθεν,
2433 4709 2680 4773 ἐλεεινῶς
2708 4705 2828 4760 ἀντὶ
2876 4704 2972 4776 μὲν
3016 4698 3235 4756 αἰωνίου
3282 4695 3345 4793 τὸ
3390 4695 3488 4763 θνη

326 4819 591 4892 originem
636 4833 667 4873 a
710 4818 1053 4888 corruptibili
1088 4808 1437 4889 géneratione
1474 4825 1786 4889 acceperat,
1815 4815 1898 4868 .ad

508 4996 708 5052 °Juttn.
744 5014 863 5059 xm,
908 4999 993 5051 ll).

1998 3422 2127 3492 ἑξῆς
2156 3418 2467 3491 ἀφηγητέον
2495 3419 2594 3489 ὅση
2621 3413 2852 3486 δύναμις
2869 3428 2884 3443 ο
2911 3410 2974 3463 οὑ
3003 3406 3112 3479 γὰρ
3134 3404 3358 3467 ἁπάσας
3391 3403 3588 3474 ὑμνεῖν

2002 3518 2183 3583 ἱκανὸς
2219 3518 2347 3589 ἐγὼ,
2396 3518 2468 3589 μή
2509 3515 2562 3569 τί
2598 3532 2663 3584 γε
2714 3510 2903 3582 σαφῶς
2949 3505 3145 3562 εἰδέναι
3205 3504 3302 3557 καλ⁸
3359 3501 3587 3571 ἐτέρους

2002 3614 2414 3684 μυσταγωγεῖν·
2467 3611 2566 3663 ὅσα
2610 3605 2851 3678 δέ-πρὸς
2896 3601 3006 3655 τῶν
3052 3597 3250 3652 ἐνθέων
3310 3590 3584 3665 ἱεραρχῶν

1998 3704 2304 3768 ἀκολούθως
2347 3705 2460 3765 τοῖς
2511 3698 2711 3769 λογίοις
2757 3697 3003 3768 ὑμνεῖται
3042 3692 3133 3746 καὶ
3177 3687 3569 3760 ἱερουργεῖται,

1998 3795 2192 3859 ταῦτα,
2235 3795 2311 3859 ὡς
2355 3796 2485 3865 ἡμῖν
2536 3788 2775 3860 ἐφικτὸν,
2825 3784 3076 3858 ἐροῦμεν,
3113 3780 3214 3849 τὴν
3254 3773 3585 3865 ἱεραρχικὴν

2001 3888 2287 3939 ἐπίπνοιαν
2307 3864 2519 3956 ἀρωγὸν
2538 3882 2583 3914 ⁸³
2611 3876 3081 3946 ἐπικαλεσάμενοι,
3100 3869 3210 3940 Τὴν
3230 3864 3585 3938 ἀνθρωπείαν

2003 3979 2197 4049 φύσιν,
2248 3975 2486 4049 ἀρχῆθεν
2538 3969 2645 4026 ἀπὸ
2692 3969 2800 4023 τῶν
2858 3967 3017 4021 θείων
3065 3960 3289 4030 ἀγαθῶν
3338 3959 3585 4028 ἀνοήτως

2002 4068 2457 4140 ἐξολισθήσασαν,
2500 4066 2535 4135 ἡ
2576 4058 3023 4129 πολυπαθεστάτη
3081 4053 3196 4123 ζωὴ
3236 4050 3581 4140 διαδέχεται,

2002 4162 2098 4217 καὶ
2141 4162 2203 4214 τὸ
2237 4138 2340 4213 τοῦ
2379 4154 2703 4229 φθοροποιοῦ
2750 4151 2979 4206 θανάτου
3016 4147 3226 4219 πέρας
3272 4138 3583 4200 ἀκολούθως

2002 4258 2111 4328 γὰρ
2150 4256 2183 4325 ἡ
2226 4252 2326 4323 τῆς
2365 4251 2533 4313 ὄντως
2583 4247 2917 4317 ἀγαθότητος
2959 4239 3207 4310 ὀλέθριος
3246 4230 3581 4328 ἀποστασία,

2004 4322 2098 4403 καὶ
2127 4322 2236 4416 τῆς
2262 4344 2413 4414 ἱερᾶς
2444 4341 2501 4393 ἐν
2525 4336 2834 4410 παραδείσῳ
2864 4329 3219 4419 θεσμοθεσίας
3247 4322 3580 4419 ὑπερϐασία,

2003 4440 2094 4494 τὸν
2119 4437 2543 4507 ἐξοιστρήσαντα
2568 4430 2664 4484 τοῦ
2695 4415 2957 4495 ζωοποιοῦ
2986 4421 3173 4492 ζυγοῦ,
3201 4420 3323 4483 ταῖς
3353 4415 3583 4476 οἱκείαις

2011 4535 2203 4607 ῥοπαῖς
2229 4532 2276 4564 ⁶⁰
2317 4530 2413 4583 καὶ
2434 4525 2744 4587 θελκτικαῖς
2762 4520 2856 4575 τοῦ
2880 4516 3123 4572 ἐναντίου
3145 4516 3242 4569 καὶ
3261 4512 3582 4607 δυσμενέσιν

2006 4628 2263 4688 ἀπάταις,
2291 4624 2406 4685 τοῖς
2450 4616 2712 4681 ἐναντίοις
2739 4615 2846 4668 τῶν
2887 4612 3045 4666 θείων
3085 4606 3310 4678 ἀγαθῶν
3342 4601 3581 4677 παραδὲο

2007 4719 2031 4731 ι
2242 4715 2264 4731 ιι
2301 4714 2327 4731 Λ
2437 4709 2679 4731 ’συλλ-ν.-
2713 4705 2822 4731 2....x
2876 4704 2972 4731 ..ιη
3018 4698 3235 4731 ..2.-.υιηη
3282 4695 3345 4731 ηιλ
3390 4692 3581 4731 nune)“

3489 4706 3581 4744 τον

2010 4809 2408 4881 ἀντηλλάξατοο
2441 4803 2539 4875 τὴν
2587 4802 2644 4856 δέ
2686 4799 2889 4854 οἰκείαν
2932 4796 3107 4869 ἀρχὴν
3151 4792 3211 4844 ἐν
3258 4785 3582 4861 φθαρτικαῖξ

1619 5209 1855 5263 νΑῐιιΑε
1895 5203 2299 5261 LECTIONES.

398 5373 445 5406 "
485 5368 655 5422 Aliter
704 5364 761 5419 ill
824 5369 946 5429 cod.
980 5368 1083 5423 Clt.
1159 5369 1203 5399 ³ο
1228 5367 1366 5433 Bud.
1390 5365 1601 5423 scribit.
1626 5364 1692 5417 δι’
1720 5357 1787 5433 ἦς
1808 5361 1869 5414 τὸ
1896 5359 2221 5433 ἀκροτάτης,

1376 5451 1479 5488 non
1521 5444 1606 5487 est
1650 5436 1700 5485 iu
1732 5433 1801 5485 Μ.
1835 5440 1889 5485 et
1916 5432 2007 5484 Sc.

1947 5515 1999 5563 .;
2031 5484 2263 5555 Budaeus
2287 5484 2495 5553 notavit
2526 5498 2688 5553 aliam
2724 5495 3011 5548 lectionem
3037 5532 3052 5554 ,
3095 5484 3358 5563 κλίνοεσιν.
3418 5487 3460 5519 ⁸³
3480 5484 3573 5563 καὶ

1969 5571 2012 5602 ³³
2041 5570 2280 5657 ἀγωγόν,
2309 5569 2378 5625 Μ.
2414 5569 2503 5625 Sc.

330 5440 427 5513 ιλ-
497 5442 542 5473 ³⁸
571 5443 973 5513 φαπρωῖέριξςν
1002 5437 1102 5513 ἓιις
1146 5438 1205 5490 υ·
1236 5432 1316 5513 Ϊά

330 5509 544 5574 διιέναι,
572 5500 671 5565 Cb.
800 5500 871 5563 ΜΣ
902 5500 967 5562 PI
1002 5508 1047 5538 ³⁸
1071 5500 1285 5569 ἐαυτοῦ,
1315 5500 1371 5558 Ρ.
1415 5503 1459 5574 9"
1487 5503 1838 5574 ἀνακρίσεσιν
1859 5540 1874 5565 ,
1901 5500 1941 5553 Ρ

330 5579 418 5632 ἐπ’
444 5569 585 5649 ὄψιν,
620 5580 780 5647 Bud.;
837 5577 1164 5650 ὑμνηθένταο
1207 5576 1357 5639 τίνας
1386 5569 1597 5650 μὲνοῦν
1622 5569 1781 5650 εἶναι,
1812 5573 1871 5650 Ι),

3032 5351 3075 5383 ³³
3105 5351 3247 5405 κατὰ
3271 5349 3362 5402 τὸν
3387 5348 3571 5415 νόμον,

2321 5360 2363 5392 ³¹
2393 5360 2421 5412 ὁ
2454 5358 2550 5412 μὲν
2573 5352 2687 5412 οὖν.
2724 5353 2795 5408 Μ.
2835 5353 2928 5407 Sc.

2453 5376 2550 5429 μεν
2573 5376 2687 5417 ουν,
2724 5376 2795 5408 ιη.
2837 5376 2928 5407 δε.
3032 5376 3075 5383 ⁷·
3105 5376 3247 5405 κατα.
3271 5376 3362 5402 τυν
3389 5376 3570 5415 νυμυι,

2453 5448 2478 5490 ι,
2508 5428 2606 5482 Cll.
2643 5428 2701 5480 D.
2751 5424 2810 5478 Ρ.
2847 5422 2906 5477 Β.
3024 5422 3069 5453 ³⁵
3098 5422 3388 5490 ἀφιέντων,
3514 5416 3570 5490 ll:

2130 5422 2177 5500 ξι
2198 5422 2478 5500 ὁμοειδῶν,
2508 5428 2606 5500 Cb.
2643 5428 2701 5480 D.
2724 5495 2735 5500 _
2751 5424 2810 5478 P.
2834 5422 2906 5500 _B.

2602 5567 2647 5600 ⁸⁸
2676 5565 2799 5620 llaec
2832 5566 2992 5619 verba
3045 5564 3147 5617 hoc
3183 5562 3304 5617 loco
3349 5572 3451 5613 non
3480 5555 3575 5609 ita-

336 5652 456 5703 but:
487 5639 551 5703 ’5.
574 5639 643 5703 ἰη
685 5639 981 5720 υηίὶιιῘΒῘ
1010 5647 1132 5701 Sar.
1168 5651 1259 5701 sed
1284 5639 1402 5715 p0.l
1433 5643 1538 5697 τῶν
1568 5642 1728 5697 θείων
1755 5639 1995 5711 ἀγαθῶν,
2026 5721 2032 5726 ἢ
