3728 6384
89 360 191 438 ιιι

1113 366 1198 420 DE
1235 364 1520 421 ECCLES.
1558 363 1911 420 “liii-{ABG}!
1945 404 1960 429 ,
1996 363 2150 420 CAP.
2193 361 2282 419 Ill.

3235 363 3342 416 45-2

99 482 355 548 ἐσχηκυῖα
382 479 654 547 γενέσεσιν
673 479 762 532 ἐπὶ
786 480 845 533 τὸ
866 481 965 550 τῆς
981 480 1153 551 ἀρχῆς
1179 469 1509 550 κατάλληλον
1535 479 1674 532 εἰκό-

1870 480 2057 533 :ritutn
2109 479 2308 549 origini
2359 493 2472 533 suae
2513 486 2939 557 consentaneum
2978 477 3101 546 jure
3146 479 3342 532 merito

97 589 203 634 τως
226 565 325 641 ἦγε
349 570 408 622 τὸ
437 571 609 642 πέρας
628 588 642 602 ο
688 571 821 625 ἀλλὰ
853 572 947 626 καὶ
983 573 1080 642 τῆς
1107 571 1254 634 θείας
1271 574 1364 625 καὶ
1389 569 1670 640 ἀναγώγου

101 659 243 738 ζωῆς
300 660 616 725 ἐθελουσίως
669 661 1040 727 ἀποπεσοῦσαι,
1074 663 1210 735 πρὸς
1265 663 1364 733 τὴν
1425 663 1672 715 ἐναντίαν

102 751 355 820 ἐσχατιὰν
408 753 609 823 ἠνέχθη
636 794 649 816 ,
686 754 782 824 τὴν
828 753 1313 825 πολυπαοεστὰτην
1370 754 1670 809 ἀλλοίωσιν.

101 844 428 914 Πλανωμένη
449 843 503 898 δὲ
531 845 624 898 καὶ
652 847 749 917 τῆς
776 845 986 910 εὐθείας
1010 845 1129 900 ὁδοῦ
1154 847 1250 917 τῆς
1280 847 1371 900 ἐπὶ
1396 846 1481 900 τὸν
1507 847 1675 912 ὅντως

100 935 226 987 ὅντα
252 936 383 988 Θεὸν
411 938 848 1008 ἐκτετραμμένη,
888 939 979 990 καὶ
1012 940 1132 1002 ταῖς
1157 937 1427 1009 ὀλεθρίαις
1456 939 1550 992 καὶ
1578 955 1676 992 κα-

101 1028 405 1099 κεργέτισιν
458 1029 866 1100 ύποταττομένη
915 1031 1214 1103 πληθύσιν,
1269 1031 1558 1084 ἐλάνθανεν
1614 1033 1674 1084 ού

103 1115 257 1178 θεοὺς
279 1115 398 1169 οὐδὲ
421 1117 626 1184 φίλους,
653 1118 788 1171 ἀλλὰ
820 1120 1104 1189 δυσμενεῖς
1133 1121 1506 1193 θεραπεύουσα
1526 1140 1537 1151 ·
1568 1123 1676 1175 τῶν

101 1209 154 1262 δὲ
185 1211 420 1280 ἀφειδῶς
449 1212 584 1284 αὐτῇ
609 1214 748 1266 κατὰ
786 1214 846 1267 τὸ
876 1216 1074 1268 οἰκεῖον
1103 1215 1324 1287 ἀνηλεές
1364 1215 1676 1287 ἀποκεχρη-

107 1303 303 1372 μένων,
346 1307 426 1368 εἰς
469 1306 805 1378 ἁνυπαρξίας
846 1308 1080 1380 οἰκτρῶς
1112 1308 1468 1379 ἐμπεπτώκει
1494 1308 1534 1339 ⁸⁸
1585 1309 1679 1362 καὶ

102 1394 378 1459 ἀπωλείας
403 1397 662 1452 κίνδυνον.
707 1400 767 1451 Ἥ
797 1399 854 1452 δὲ
891 1402 989 1471 τῆς
1029 1400 1322 1472 θεαρχικῆς
1349 1400 1678 1472 ἀγαθότητος

102 1485 435 1557 ἀπειροτάτη
489 1488 863 1559 φιλανθρωπία
910 1491 1002 1544 καί.
1050 1493 1146 1562 τὴν
1189 1493 1485 1565 αὐτουργὸν
1525 1492 1678 1563 ἡμῶν

102 1574 505 1647 ἀγαθοπρεπῶς
527 1579 625 1630 οὐκ
652 1580 963 1651 ἀπηνήνατο
985 1581 1260 1653 πρόνοιαν,
1291 1582 1426 1636 ἀλλὰ
1454 1584 1508 1634 ἐν
1544 1582 1676 1652 ἀλη-

104 1666 186 1718 θεῖ
235 1667 448 1736 μεθέξει
491 1669 598 1722 τῶν
642 1671 764 1723 καθ’
807 1673 953 1742 ἡμᾶς
989 1674 1251 1744 γενομένη
1285 1675 1501 1727 πάντων
1549 1675 1681 1727 ἁνα-

107 1761 422 1830 μαρτήτως,
453 1762 546 1815 καὶ
576 1763 710 1833 πρὸς
739 1763 797 1815 τὸ
822 1765 1076 1816 ταπεινὸν
1098 1765 1251 1836 ἡμῶν
1284 1765 1678 1835 ἐνοποιηθεῖσα,

1774 572 2112 640 properavit,
2146 585 2244 626 nec
2275 585 2381 623 non
2419 585 2448 623 a
2492 571 2602 624 vita
2651 569 2858 632 divina,
2913 583 3034 636 qua:
3065 571 3241 638 ipsum
3275 570 3343 622 ad

1773 677 1968 731 supera
2019 662 2356 730 subrigebat,
2408 661 2673 731 dilapsus,
2722 671 2776 716 et
2811 661 2879 715 ad
2917 671 3162 716 extrema
3211 677 3342 714 con-

1777 756 1945 811 traria
1987 755 2099 824 jam
2134 771 2372 824 praeceps
2407 758 2590 820 datus,
2633 755 2801 810 variis
2843 755 3344 825 perturbationibus

1772 847 2060 902 obnoxiam
2121 858 2316 903 nactus
2367 855 2450 902 est
2498 848 2957 902 immutationem.
3020 845 3154 900 Cum
3213 861 3344 900 vero

1774 935 1940 990 etiam
1972 953 2001 991 a
2029 947 2178 992 recto
2203 937 2424 992 tramite
2449 937 2518 992 ad
2548 936 2715 992 Deum
2747 952 2934 992 verum
2966 938 3224 992 tendente
3249 937 3342 991 de-

1775 1029 2045 1096 ﬂecteret,
2090 1040 2253 1100 atque
2285 1030 2534 1085 exitiosis
2575 1031 2948 1099 maleficisque
2986 1030 3178 1084 turmis
3217 1029 3347 1084 sub-

1777 1123 1921 1176 ditus
1967 1131 2283 1186 teneretur,
2347 1124 2569 1176 minime
2614 1121 2850 1176 advertit
2885 1137 2949 1174 se
2999 1135 3106 1174 non
3141 1120 3245 1174 diis
3291 1129 3346 1173 et

1777 1216 2003 1279 amicis,
2056 1217 2150 1271 sed
2206 1216 2419 1272 infestis
2468 1215 2720 1272 hostibus
2773 1214 2942 1269 fuisse
2993 1215 3342 1273 obsecutum;

1778 1307 1969 1378 quibus
2007 1321 2074 1360 eo
2107 1307 2403 1361 crudeliter
2433 1322 2531 1376 pro
2570 1306 2906 1360 immanitate
2939 1320 3035 1361 sua
3069 1305 3348 1360 abutenti-

1779 1399 1900 1461 bus,
1935 1398 1986 1452 in
2033 1408 2208 1452 status
2245 1398 2745 1466 internecionisque
2776 1397 3069 1452 discrimen
3099 1406 3345 1452 venerat.

1736 1516 1744 1525 -
1780 1491 1980 1546 Verum
2012 1489 2106 1545 Dei
2143 1491 2465 1561 principalis
2504 1490 2771 1546 bonitatis
2801 1490 3012 1545 infinita
3045 1490 3350 1558 benignitas

1780 1582 2037 1636 benevole
2067 1597 2164 1650 per
2205 1597 2267 1638 se
2299 1584 2471 1638 nostri
2500 1598 2692 1642 curam
2722 1598 2918 1653 gerere
2961 1598 3069 1635 non
3119 1582 3348 1638 destitit.

1782 1676 1877 1730 sed
1918 1685 2222 1730 nostrorum
2259 1676 2500 1730 omnium
2533 1691 2660 1730 vere
2707 1676 2846 1730 facta
2884 1675 3182 1744 particeps,
3217 1675 3310 1727 alis
3337 1693 3355 1716 ι

1781 1781 1886 1834 que
1927 1777 2148 1834 peccato
2191 1764 2236 1829 ί.
2284 1766 2688 1835 lmmilitatique
2739 1774 2946 1821 nostrae
2981 1764 3156 1829 unita,
3192 1763 3352 1834 196

107 1851 247 1922 μετὰ
282 1852 382 1921 τῆς
402 1853 509 1905 τῶν
551 1853 764 1906 οἰκείων
793 1855 1095 1927 ἁσυγχύτου
1125 1857 1218 1910 καὶ
1245 1856 1520 1928 ἁλωϐήτου
1546 1877 1682 1911 παν-

1873 1871 1934 1910 νο
1978 1856 2372 1925 proprietatum
2422 1872 2644 1911 suarum
2701 1865 2872 1922 statu,
2915 1871 3089 1924 eoque
3131 1870 3354 1924 prorsus

103 1941 275 2004 τελῶς
324 1943 508 2008 ἕξεως,
555 1944 654 2012 τὴν
701 1945 835 2016 πρὸς
888 1945 1056 2017 αὐτὴν
1103 1949 1234 2018 ἡμῖν
1278 1950 1562 2002 κοινωνίαν
1607 1949 1680 2012 ὼς

102 2033 390 2102 ὁμογενέσι
429 2033 614 2086 λοιπὸν
645 2035 976 2107 ἐδωρήσατο,
1021 2038 1114 2090 καὶ
1158 2039 1268 2091 τῶν
1310 2041 1525 2094 οἰκείων
1557 2040 1681 2094 ἀνέ-

135 2122 248 2186 ειξε
268 2124 528 2194 μετόχους
544 2125 725 2178 καλῶν
745 2143 757 2156 ·
780 2127 880 2196 τῆς
911 2129 1007 2197 μὲν
1027 2129 1400 2200 ἁποστατικῆς
1426 2131 1680 2202 πληθύος,

103 2215 177 2277 ὡς
205 2217 240 2287 ἡ
271 2215 479 2285 κρυφία
512 2217 811 2288 παράδοσις
856 2218 988 2289 ἔχει,
1023 2219 1083 2272 τὸ
1115 2220 1236 2273 καθ’
1267 2221 1420 2292 ἡμῶν
1450 2223 1683 2276 καταλύ-

106 2323 249 2359 σασα
297 2309 498 2378 κράτος
546 2309 606 2361 ού
654 2309 794 2362 κατὰ
842 2308 1084 2380 δύναμιν,
1133 2310 1207 2374 ὡς
1261 2312 1682 2384 ὑπερισχύουσα,

104 2399 252 2452 κατὰ
281 2400 337 2453 δὲ
363 2398 423 2452 τὸ
453 2401 730 2471 μυστικῶς
765 2402 893 2472 ἡμῖν
931 2401 1233 2474 παραδοθὲν
1261 2403 1458 2472 λόγιον,
1482 2407 1538 2458 ἐν
1568 2406 1686 2478 κρί-

107 2507 186 2541 σει
219 2490 316 2542 καὶ
341 2489 671 2562 δικαιοσύνῃ.
699 2490 777 2543 Τὰ
809 2491 930 2545 καθ’
959 2495 1106 2562 ἡμᾶς
1133 2492 1188 2545 δὲ
1221 2493 1356 2564 πρὸς
1379 2493 1685 2546 τούναντίον

105 2582 257 2634 ἅπαν
313 2581 669 2654 ἀγαθουργῶς
723 2585 1154 2654 μετεσκευάσατο
1202 2584 1248 2615 ⁸¹
1275 2601 1288 2613 ο
1342 2583 1401 2636 τὸ
1449 2585 1545 2656 μὲν
1580 2583 1688 2656 γὰρ

105 2671 252 2725 κατὰ
279 2670 408 2725 νοῦν
435 2672 594 2743 ἡμῶν
618 2673 867 2743 ἀλαμπὲς
899 2673 1191 2745 ἐνέπλησεν
1215 2673 1392 2726 ὀλϐίου
1428 2675 1522 2727 καὶ
1551 2673 1688 2726 θειο-

103 2765 270 2817 τάτου
293 2764 489 2832 φωτὸς,
515 2766 608 2816 καὶ
629 2768 739 2829 τοῖς
770 2765 1054 2818 θεοειδέσιν
1077 2765 1347 2837 ἐκόσμησε
1374 2764 1433 2817 τὸ
1453 2765 1688 2817 ἀνείδεον

105 2854 371 2907 κάλλεσι·
419 2856 480 2907 τὸ
526 2855 580 2907 δὲ
627 2857 726 2926 τῆς
765 2855 942 2926 ψυχῆς
990 2857 1304 2926 οἰκητήριον
1334 2859 1390 2908 ἐν
1437 2856 1691 2908 παντελεῖ

108 2944 358 3015 σωτηρίᾳ
387 2944 488 3013 τῆς
521 2945 642 2998 ὅσον
668 2946 820 2998 οὔπω
853 2946 1266 3018 καταπεσούσης
1295 2946 1448 3017 ἡμῶν
1502 2947 1688 3012 οὐσίας

107 3036 486 3102 ἐναγεστάτων
509 3035 698 3088 παθῶν
723 3038 816 3090 καὶ
839 3037 1178 3108 φθοροποιῶν
1208 3038 1498 3108 μολυσμῶν
1533 3038 1691 3108 ἠλευ-

107 3123 375 3194 θέρωσεν,
433 3125 722 3198 ἀναγωγὴν
769 3129 900 3197 ἡμῖν
963 3127 1328 3200 ὑπερκόσμιον
1377 3128 1595 3192 δείξασα
1645 3128 1690 3160 ⁸⁸

1783 1950 2068 2006 iuronl'uso
2109 1959 2164 2004 et
2205 1950 2488 2013 inviolato,
2533 1950 2691 2018 cujus
2731 1949 2893 2002 etiam
2941 1949 3124 2015 nobis,
3169 1956 3356 2015 utpote

1783 2042 2096 2110 congeneis,
2121 2041 2455 2096 consortium
2487 2040 2660 2102 dedit,
2695 2053 2904 2108 nosque
2931 2041 3199 2093 bonorum
3223 2051 3356 2090 suo-

1786 2147 1904 2186 rum
1969 2132 2260 2201 participes
2325 2131 2666 2195 declaravit,
2723 2130 3033 2198 apostaticze
3095 2129 3356 2182 nimirum

1787 2224 1956 2278 turst
1991 2224 2256 2292 imperio,
2280 2223 2420 2293 quod
2468 2222 2756 2276 adversum
2787 2235 2885 2276 nos
2917 2221 3176 2285 habebat,
3203 2219 3352 2288 juxta

1787 2315 2136 2369 traditionem
2185 2328 2475 2376 arcanam,
2522 2309 2829 2381 proﬂigato,
2871 2325 2980 2364 non
3022 2309 3228 2362 viribus
3255 2321 3354 2362 ceu

1787 2407 2110 2478 pracvalens,
2145 2405 2262 2470 sed,
2295 2405 2595 2459 secundum
2629 2403 2915 2474 mysticum
2967 2401 3266 2469 eloquium,
3301 2401 3354 2452 in

1782 2499 1988 2570 judicio
2018 2507 2074 2552 et
2101 2498 2334 2566 jnstitia.
2378 2496 2637 2551 Nostrum
2664 2510 2796 2549 vero
2840 2503 3046 2547 statum
3077 2507 3107 2544 e
3136 2491 3362 2544 diverso

1788 2589 2084 2645 clementer
2119 2589 2468 2652 immutavit;
2505 2604 2629 2640 nam
2677 2585 2876 2641 mentis
2904 2586 3126 2654 quidem
3157 2593 3360 2635 nostrae

1787 2684 2172 2738 obscuritatem
2220 2682 2385 2736 beato
2421 2681 2717 2748 divinoque
2749 2678 2951 2732 lumine
2982 2676 3235 2746 replevit,
3265 2674 3363 2727 de-

1791 2773 2228 2841 formitatemque
2291 2780 2533 2828 nostram
2607 2770 2966 2825 deiformibus
3003 2750 3362 2823 \ornamentis

1793 2862 2130 2927 illustravit;
2178 2863 2342 2916 animi
2389 2872 2568 2917 autem
2606 2861 2937 2916 domicilium
2967 2875 3088 2913 cum
3122 2857 3360 2926 perlecta

1792 2953 1968 3008 salute
1995 2955 2248 3032 essentia:
2276 2966 2596 3022 naturarque
2628 2962 2855 3014 nostra',
2885 2965 3005 3019 quae
3047 2949 3218 3003 ferme
3247 2943 3362 3000 colo

1792 3048 1942 3116 lapsa
1975 3054 2094 3101 erat
2117 3054 2172 3100 et
2197 3045 2530 3110 conciderat,
2562 3044 2882 3100 ftedissimis
2903 3041 3209 3112 quibusque
3240 3053 3368 3107 pas-

1792 3138 2038 3193 sionibus
2096 3145 2262 3207 atque
2335 3136 2766 3206 inquinamentis
2832 3134 3012 3188 noxiis
3069 3129 3362 3193 liberavit,

109 3217 205 3267 καὶ
240 3207 514 3270 πολιτείαν
538 3218 714 3270 ἔνθεον
741 3219 797 3269 ἐν
825 3221 944 3281 ταῖς
975 3219 1110 3288 πρὸς
1135 3217 1303 3289 αὐτὴν
1333 3215 1487 3288 ἡμῶν
1521 3219 1687 3289 ἱεραῖς

1870 3240 2220 3287 mmonstrata
2272 3230 2431 3286 nobis
2487 3226 2915 3300 supermundiali
2961 3237 3247 3294 anagoge,
3297 3237 3364 3276 ac

111 3308 257 3362 κατὰ
281 3309 342 3362 τὸ
367 3311 588 3365 δυνατὸν
620 3311 1006 3382 ἁςςομοιὼσεσι.

1801 3326 1990 3381 divinae
2014 3325 2138 3378 vitae
2172 3337 2384 3388 norma,
2426 3337 2525 3393 per
2551 3335 2717 3391 quam
2749 3319 2816 3375 ad
2852 3331 3039 3372 sacras
3065 3315 3182 3386 ejus
3211 3313 3366 3370 simi-

1800 3416 2073 3482 litudines,
2100 3415 2154 3471 in
2184 3423 2446 3486 quantum
2474 3412 2590 3469 fleri
2615 3419 2820 3484 potest,
2850 3411 3165 3465 evehamur.

1652 3579 1846 3656 gxn.

185 3741 262 3794 Τὸ
297 3740 624 3812 θεομίμητον
648 3741 704 3795 δέ
732 3741 850 3805 πῶς
876 3741 940 3796 ἂν
981 3742 1111 3813 ἡμῖν
1151 3741 1354 3814 ἑτέρως
1399 3740 1694 3812 ἐγγένοιτο,

115 3839 189 3904 μὴ
230 3834 331 3903 τῆς
359 3832 471 3884 τῶν
505 3833 811 3902 ἱερωτάτων
850 3833 1145 3905 θεουργιῶν
1179 3835 1398 3906 μνήμης
1441 3835 1696 3888 ἀνανεού-

114 3923 292 3992 μένης
339 3923 426 3974 ἀεὶ
475 3925 595 3984 ταῖς
645 3921 985 3993 ἰεραρχικαῖς
1035 3923 1358 3994 ἰερολογίαις
1407 3924 1452 3954 δ”
1501 3940 1560 3975 τε
1605 3924 1699 3978 καὶ

114 4013 455 4085 ἱερουργίαις
482 4029 494 4076 ;
525 4011 692 4064 Τοῦτο
717 4009 863 4066 05v”
893 4014 1262 4085 ποιοῦμεν,ὼς
1285 4014 1356 4067 τὰ
1398 4014 1553 4082 λόγιά
1591 4032 1696 4085 φη-

115 4121 221 4166 σιν,
251 4105 333 4165 εἰς
355 4102 453 4172 τὴν
479 4101 648 4171 αὐτῆς
670 4102 1195 4172 ἁνάμνησιν.Ἕνθεν
1215 4104 1394 4167 ὁθεῖος
1418 4103 1698 4174 ἰεράρχης,

114 4194 210 4246 ἐπὶ
267 4193 361 4245 τοῦ
416 4193 559 4246 θείου
612 4195 995 4266 θυσιαστηρίου
1042 4195 1338 4259 καταστὰς,
1390 4196 1549 4266 ὑμνεῖ
1602 4195 1701 4258 τὰς

114 4285 418 4356 εἰρημένας
443 4285 592 4356 ἱερὰς
625 4286 908 4358 θεουργίας
934 4286 1105 4357 Ἰησοῦ
1127 4287 1225 4357 τῆς
1250 4267 1530 4358 θειοτὸἶτης
1548 4286 1702 4357 ἡμῶν

113 4378 399 4445 προνοίας,
430 4378 496 4440 ἃς
531 4380 623 4432 ἐπὶ
656 4380 897 4451 σωτηρίᾳ
944 4379 1038 4432 τοῦ
1073 4380 1262 4447 γένους
1303 4380 1458 4450 ἡμῶν
1487 4379 1701 4450 εὐδοκία

113 4469 214 4521 τοῦ
250 4471 661 4538 παναγεστάτου
691 4472 900 4543 Πατρὸς
946 4473 1001 4523 ἐν
1037 4471 1312 4541 Πνεύματι
1359 4471 1518 4542 ἁγίῳ,
1559 4471 1701 4525 κατὰ

1870 3742 2162 3796 Enimvero
2210 3738 2482 3808 quomodo
2539 3734 2698 3790 nobis
2757 3731 2939 3788 divina
2986 3730 3088 3785 ista
3140 3725 3372 3782 imitatio

1799 3833 1959 3888 aliter
1987 3830 2267 3894 obveniat,
2300 3828 2402 3882 nisi
2434 3836 2541 3882 tam
2572 3824 2946 3896 praestantium
2973 3818 3236 3875 memoria
3272 3817 3370 3870 be-

1801 3923 2122 3979 neficiorum
2147 3919 2239 3975 Dei
2263 3916 2691 3973 sacerdotalibus
2714 3911 3192 3985 praedicationibus
3207 3917 3391 3976 atque--

1801 4014 2074 4086 mysteriis
2111 4013 2316 4082 jngitcr
2355 4006 2690 4063 innovetur?
2739 4006 2853 4060 Hoc
2895 4006 3076 4072 itaque
3123 4001 3370 4061 facimus,

1800 4120 1860 4162 ut
1897 4106 2108 4175 eloquia
2141 4104 2368 4172 jubcnt,
2419 4102 2471 4156 in
2525 4099 2640 4168 ejus
2679 4095 3256 4154 commemorationem
3321 4093 3370 4148 ⁸.

1801 4200 2141 4268 Quapropter
2168 4195 2387 4250 divinus
2414 4208 2630 4263 quoque
2662 4189 2862 4263 pra-sul
2899 4187 3077 4242 sacris
3106 4185 3376 4241 altaribus

1804 4290 2068 4346 assistens
2111 4297 2299 4342 sancta
2338 4286 2633 4354 divinaque
2669 4282 2796 4338 Jesu
2838 4295 3008 4351 opera
3055 4277 3376 4342 collaudat,

1807 4401 1927 4456 qua:
1967 4399 2036 4439 ex
2063 4382 2407 4439 divinissiuaa
2455 4379 2629 4434 nostri
2673 4375 3016 4448 providentia
3064 4374 3117 4428 in
3147 4371 3376 4426 salutem

1807 4479 2024 4552 generis
2050 4475 2296 4538 humani,
2339 4471 2674 4529 sanctissimi
2712 4469 2892 4524 Patris
2926 4465 3290 4535 bencplacito,
3323 4462 3377 4515 iu

114 4557 178 4608 τὸ
215 4558 418 4625 λόγιον,
453 4559 783 4612 ἐτελείωσεν.
837 4560 1113 4632 ’Υμνήσας
1160 4561 1216 4614 δὲ
1253 4561 1347 4613 καὶ
1394 4560 1491 4632 τὴν
1537 4561 1687 4614 σεϐα-

1870 4573 2012 4627 iiritu
2043 4580 2257 4634 sancto,
2304 4565 2601 4635 nteloqnia
2627 4571 2920 4625 testantur,
2955 4552 3401 4614 consummavit.‘

118 4651 290 4719 σμίαν
321 4649 501 4702 αὐτῶν
526 4651 618 4704 καὶ
643 4653 835 4724 νοητὴν
862 4653 1091 4725 θεωρίαν
1119 4655 1176 4705 ἐν
1201 4656 1403 4723 νοεροῖς
1430 4653 1474 4684 ⁸⁵⁵
1499 4652 1700 4721 ὀφθαλ-

119 4746 246 4810 μοῖς
279 4742 641 4808 ἐποπτεύσας,
674 4747 764 4798 ἐπὶ
795 4747 895 4817 τὴν
927 4745 1257 4817 συμϐολικὴν
1289 4746 1466 4799 αὐτῶν
1493 4748 1703 4818 ίερουρ⁴

113 4833 247 4899 γίαν
275 4833 514 4904 ἔρχεται,
542 4838 634 4888 καὶ
660 4835 817 4888 τοῦτο
845 4835 1254 4908 θεοπαραδὸτως
1272 4854 1284 4866 ο
1311 4836 1434 4888 ὅθεν
1461 4836 1702 4898 εὐλαϐῶς

114 4944 177 4978 τε
215 4928 330 4998 ἅμα
363 4930 457 4981 καὶ
485 4929 812 5000 ἱεραρχικῶς
837 4930 974 5000 μετὰ
1013 4932 1140 4994 τοὺς
1167 4932 1342 5003 ἱεροὺς
1371 4930 1481 4983 τῶν
1515 4930 1705 5001 θεουρ-

114 5021 260 5087 γιῶν
291 5021 496 5092 ὕμνους
547 5023 688 5095 ὑπὲρ
721 5023 821 5093 τῆς
849 5024 988 5095 ὑπὲρ
1024 5024 1184 5076 αὐτὸν
1233 5024 1542 5095 ἱερουργίας
1574 5024 1708 5076 ἀπο-

116 5108 386 5178 λογεῖται,
435 5113 701 5184 πρότερον
758 5113 915 5184 ἱερῶς
958 5115 1093 5184 πρὸς
1140 5114 1302 5166 αὐτὸν
1345 5115 1706 5172 ἀναϐοῶν.Σὺ

118 5195 310 5264 εἶπαςο
367 5203 550 5257 Τοῦτο
598 5204 818 5258 ποιεῖτε
859 5207 947 5270 εἰς
985 5205 1101 5274 τὴν
1147 5205 1302 5275 ἐμὴν
1346 5205 1704 5276 ἀνάμνησιν.

257 5357 442 5412 σιιιειιτ
487 5376 566 5423 tv,
604 5360 690 5414 15.
775 5364 799 5402 ε
824 5361 959 5416 an.
997 5377 1131 5423 xx".
1160 5361 1247 5416 19.

1807 4662 1979 4716 Porro
2004 4659 2315 4716 veneranda
2347 4656 2692 4727 spiritalique
2723 4651 3109 4722 mysteriorum
3134 4653 3378 4700 contem-

1809 4752 2071 4823 plationc,
2100 4765 2262 4819 quam
2288 4747 2624 4818 spiritalibus
2648 4743 2818 4798 oculis
2843 4738 3150 4808 conspexit,
3173 4733 3382 4789 collau-

1813 4845 1962 4909 data,
1990 4845 2056 4898 ad
2088 4840 2405 4898 eorumdem
2451 4845 2860 4895 sacrosanctam
2890 4848 2956 4886 ex
2991 4830 3180 4884 divino
3223 4825 3350 4880 iusti
3371 4843 3410 4870 ~-

1814 4944 1930 4990 tuto
1952 4936 2199 5005 procedit
2224 4931 2732 4992 consecrationem;
2772 4924 3028 4995 quocirca
3065 4925 3382 4973 reverenter

1815 5026 1997 5090 simul,
2038 5036 2092 5080 et
2124 5035 2181 5079 ut
2208 5025 2515 5094 pontificem
2558 5020 2736 5081 decet,
2778 5027 2904 5086 post
2927 5025 3114 5068 sacras
3147 5008 3269 5062 illas
3300 5007 3383 5060 di-

1817 5119 2070 5172 vinorum
2115 5129 2341 5187 Operum
2377 5113 2602 5178 laudes,
2637 5111 2704 5165 de
2746 5104 3017 5164 sacrificio
3062 5099 3381 5171 dignitatem

1817 5223 1972 5262 suam
2003 5215 2295 5276 superante
2335 5219 2395 5259 se
2431 5209 2653 5273 purgat,
2687 5201 2753 5256 ad
2781 5197 3056 5255 Christum
3093 5192 3246 5262 prius
3289 5201 3411 5282 ει-ἐ

1389 5573 1400 5584 ’
1444 5577 1675 5634 νΑιιΙέΕ
1710 5577 2113 5633 LECTIONES.

206 5738 252 5769 “
275 5734 668 5794 ἐνεπεπτώκει.
697 5735 795 5790 Clt.
819 5735 1186 5797 ἐκπεπτώκει,
1217 5736 1283 5788 Μ.
1314 5736 1370 5789 S.
1399 5736 1455 5788 li.
1519 5736 1562 5766 δ’
1596 5732 2042 5804 μετασκευάσασα
2068 5729 2351 5804 ,βενηιλ
2387 5728 2486 5784 Clt.
2521 5727 2645 5784 Szzr.
2685 5737 2733 5785 el
2760 5726 2910 5783 Vicit.
2957 5727 3000 5760 “
3027 5724 3357 5792 ὑποδείξαςα
3399 5779 3414 5788 ,,

124 5807 192 5862 Ρ.
231 5805 290 5869 Β.
378 5809 425 5843 ³⁸
456 5806 776 5878 θεολογίαις,
809 5807 864 5862 ιν.
910 5807 954 5840 ⁸⁸
983 5807 1141 5861 τοῦτο
1167 5811 1294 5879 γάρ,
1324 5807 1422 5863 (ιιι.
1459 5805 1518 5860 Ι).
1547 5801 1607 5860 Si
1637 5804 1696 5858 Β.
1740 5804 1784 5836 ⁵⁵
1810 5804 2045 5877 νοητοῖς⁹
2074 5802 2132 5856 S.
2171 5801 2229 5854 Ρ.
2260 5802 2388 5857 “ur.
2999 5831 3022 5837 ιε
3214 5823 3221 5831 ·
3327 5805 3335 5812 ’
