3730 6296
356 328 462 387 M3
1400 348 1403 350 -
1581 321 1632 380 ε
1673 323 1972 380 numsn
2007 319 2468 379 Amcomcvm
2548 288 2549 291 γ
3513 314 3621 369 m

359 440 684 497 clamando:
720 442 799 498 Tn
826 438 1011 511 dixisti
1046 456 1063 494 :
1101 438 1217 492 Hoc
1244 440 1403 507 facite
1427 440 1482 491 in
1510 454 1677 492 meam
1703 454 1929 491 comme-

2130 456 2158 490 α
2187 438 2286 507 τῆς
2313 437 2640 507 θεομιμήτου
2666 436 2868 507 ταύτης
2891 432 3201 507 ἱερουργίας
3216 433 3366 500 ἄξιος
3386 434 3621 502 αἰτήσας

360 536 703 589 mentionem
750 536 802 588 ιι.
850 534 1141 588 Postulans
1179 532 1376 586 deinde
1400 530 1504 584 huc
1535 529 1808 584 sacriﬁcio
1834 528 1924 582 Dei

2133 530 2305 591 έσθαι,
2339 530 2433 583 καὶ
2460 532 2527 600 τῇ
2559 529 2695 600 πρὸς
2737 528 2898 582 αὑτὸν
2927 530 2970 559 ³⁷
3013 527 3247 599 Χριστὸν
3278 523 3619 595 ἀφομοιώσει

359 625 664 679 inuitatione
690 625 887 695 dignus
924 624 1086 687 uilici,
1120 638 1217 677 nec
1262 638 1370 676 non
1405 622 1701 676 secundum
1724 620 1925 674 Christi

2143 620 2259 671 θεῖα
2298 620 2534 681 τελέσαι,
2566 619 2659 671 καὶ
2684 618 2953 672 διαδοῦναι
2992 620 3304 686 πανάγνως,
3338 612 3449 670 ’καὶ
3491 616 3621 678 τοὺς

300 718 316 784 ’χ
359 716 771 770 similitudinem
822 718 1006 771 divina
1054 715 1369 777 celebrare,
1413 714 1746 781 omninoque
1793 726 1928 780 pure

2130 729 2137 758 ι
2166 711 2325 781 ἱερῶν
2354 708 2676 780 μεθέξοντας
2700 710 3041 781 ἱεροπρεπῶς
3064 712 3376 780 μετασχεῖν,
3408 708 3622 777 ἱερουρ-

356 808 709 873 distribuere,
746 822 954 877 eosque
994 809 1084 877 qui
1124 821 1408 861 sacrorum
1444 805 1613 858 l‘nturi
1645 812 1773 859 sunt
1801 818 1928 873 par-

354 900 551 967 ticipes
585 901 992 972 mysteriorum,
1027 900 1220 953 iisdem
1252 898 1415 967 digne
1447 905 1747 964 sancteque
1777 910 1929 949 com-

356 992 656 1057 municare,
707 991 1048 1045 divinissima
1105 991 1194 1044 illa
1245 989 1505 1060 mysteria
1561 986 1823 1049 celebrat,
1873 994 1929 1040 et

350 1083 461 1153 jam
495 1092 840 1147 consecrata,
877 1084 978 1138 sub
1017 1082 1277 1154 symbolis
1301 1080 1600 1152 propositis
1635 1079 1739 1133 ritu
1770 1092 1927 1132 sacro

354 1176 583 1232 visenda
634 1177 916 1247 proponit;
964 1176 1233 1245 siquidem
1286 1184 1483 1244 operto
1533 1171 1927 1240 individuoque

354 1284 495 1338 pane
532 1268 797 1328 revelato.
826 1276 881 1322 et
908 1268 960 1321 in
991 1266 1158 1320 multa
1196 1265 1393 1328 diviso,
1424 1262 1807 1334 singularique
1837 1275 1929 1315 ca-

356 1359 462 1415 lice
500 1359 754 1414 omninus
785 1358 1081 1428 impertito,
1121 1358 1379 1412 unitatem
1419 1354 1715 1425 symbolice
1747 1352 1931 1405 multi-

356 1448 530 1519 plicat
586 1449 1021 1517 distribuitque,
1076 1456 1487 1503 sacrosanctum
1545 1446 1597 1499 in
1653 1446 1717 1498 iis
1772 1442 1929 1513 197

355 1541 687 1597 sacriﬁcium
729 1541 1185 1595 consummando.
1237 1538 1472 1595 Unicum
1515 1535 1822 1593 enim'illud
1866 1547 1931 1588 ac

355 1633 586 1701 simplex
634 1648 1008 1703 arcanumque
1061 1631 1189 1687 Jcsu
1240 1632 1477 1686 Verbum
1528 1628 1928 1682 divinissimum

357 1735 452 1789 per
482 1721 911 1789 assumptionem
964 1721 1318 1774 lnnnanitatis
1359 1729 1580 1782 nostrai,
1614 1720 1665 1773 in
1710 1731 1929 1783 compo-

356 1812 613 1877 sitionem
648 1812 808 1866 simul
843 1821 897 1866 et
930 1821 1235 1881 aspectum,
1269 1812 1388 1864 sine
1419 1810 1522 1863 nlla
1554 1811 1636 1864 sui
1676 1811 1929 1863 innnula-

358 1902 526 1967 tione,
564 1918 662 1972 pro
708 1918 803 1957 sua
849 1904 1093 1957 bonitate
1142 1903 1588 1973 benignitateque
1635 1901 1923 1970 processit,

358 1994 644 2061 nostrique
687 2010 875 2048 secum
921 1995 1173 2049 unilicam
1210 1995 1653 2049 communionem
1687 1994 1927 2047 benefice

359 2084 717 2153 excogitavit,
748 2099 812 2137 ea
842 2100 960 2149 qua:
998 2086 1049 2139 in
1085 2085 1241 2138 nobis
1276 2084 1502 2138 humilia
1535 2095 1662 2138 sunt
1701 2083 1927 2139 divinis-

357 2175 513 2228 simis
555 2176 669 2229 suis
703 2176 902 2230 unicus
931 2176 1293 2238 excellentiis,
1316 2186 1383 2229 ut
1416 2187 1469 2230 et
1506 2191 1606 2229 nos
1638 2176 1758 2244 ipsi,
1805 2185 1924 2229 tan-

357 2280 518 2333 quam
550 2269 792 2321 membra
817 2269 1060 2337 corpori,
1085 2283 1183 2337 per
1207 2267 1449 2335 ejusdem
1480 2267 1841 2321 immaculata:
1865 2282 1928 2320 ac

358 2356 559 2410 divina:
580 2359 717 2417 .vilae
745 2359 1087 2413 identitatem
1132 2375 1518 2429 congruamus,
1561 2375 1628 2413 ne
1661 2361 1930 2427 corrupti-

360 2444 556 2500 bilibus
590 2448 769 2501 necati
803 2450 1164 2517 passionibus,
1196 2448 1400 2502 divinis
1431 2448 1551 2502 istis
1585 2449 1927 2505 sanissimis-

360 2554 467 2607 que
496 2540 754 2595 membris
783 2545 1071 2613 incongrut
1106 2543 1338 2610 vitaeque
1394 2543 1684 2613 incapaces
1729 2544 1930 2598 exista-

362 2647 513 2698 mns;
546 2642 762 2702 oportet
794 2636 939 2688 enim
991 2649 1111 2697 nos,
1144 2634 1187 2687 si
1219 2634 1286 2687 ad
1327 2635 1770 2706 communionem
1813 2634 1929 2702 ejus

362 2725 686 2792 aspiramus,
720 2725 1118 2779 divinissimam
1140 2724 1259 2792 ejus
1293 2728 1345 2781 in
1379 2740 1547 2781 carne
1582 2728 1748 2781 vitam
1795 2744 1927 2782 con-

363 2815 637 2883 temptari,
664 2826 827 2884 atque
854 2823 1099 2869 sanctam
1143 2815 1313 2884 ipsius
1348 2817 1773 2887 impeccantiam
1808 2820 1932 2873 imi-

2029 805 2119 871 γεῖ
2153 801 2221 853 τὰ
2244 800 2514 861 θειότατα,
2547 799 2644 853 καὶ
2681 800 2772 851 ὑπ’
2806 800 2926 868 ὄψιν
2958 799 3077 867 ἄγει
3105 798 3173 851 τὰ
3205 796 3499 868 ύμνημένα
3531 795 3622 848 διὰ

2028 895 2136 947 τῶν
2182 894 2341 964 ἱερῶς
2391 893 2765 964 προκειμένων
2813 893 3127 964 συμϐόλων
3171 894 3262 945 τὸν
3306 892 3421 964 γὰρ
3460 893 3621 959 ἐγκε-

2032 985 2386 1056 καλυμμένον
2417 987 2509 1039 xai.
2560 984 2859 1057 ἀδιαίρετον
2903 985 3067 1057 ἄρτον
3100 984 3479 1054 ἀνακαλύψας,
3525 983 3621 1035 καὶ

2031 1077 2109 1139 εἰς
2142 1074 2309 1127 πολλὰ
2336 1074 2542 1139 διελὼν,
2574 1075 2669 1128 καὶ
2700 1075 2760 1127 τὸ
2807 1076 3005 1128 ένιαῖον
3030 1074 3126 1127 τοῦ
3175 1075 3442 1145 ποτηρίου
3484 1075 3621 1125 πᾶσι

2033 1167 2427 1237 καταμερίσας,
2465 1166 2807 1236 συμϐολικῶς
2845 1165 2945 1237 τὴν
2969 1165 3196 1235 ἑνότητα
3238 1165 3506 1236 πληθύνει
3551 1165 3619 1227 ⁸⁸,

2032 1259 2127 1313 καὶ
2167 1258 2429 1328 διανέμει,
2480 1257 2898 1329 παναγεστὰτην
2940 1259 2995 1310 ὲν
3036 1256 3247 1319 τούτοις
3301 1258 3622 1328 ἱερουργίαν

2031 1351 2218 1403 τελῶν.
2260 1348 2332 1402 Τὸ
2374 1348 2483 1419 γὰρ
2527 1348 2584 1401 ἓν
2624 1349 2716 1402 καί¹
2761 1346 2965 1400 ἁπλοῦν
3014 1349 3108 1400 καὶ
3152 1347 3385 1420 κρύφιον
3445 1348 3621 1417 Ἰησοῦ

2032 1442 2126 1495 τοῦ
2154 1441 2589 1513 θεαρχικωτάτου
2613 1440 2773 1508 λόγου
2798 1443 2863 1511 τῇ
2888 1440 3010 1493 καθ’
3033 1442 3180 1511 ἡμᾶς
3205 1440 3364 1494 ὲνανθ
3375 1441 3624 1511 ρωπήσει

2034 1534 2170 1606 πρὸς
2201 1533 2262 1586 τὸ
2296 1532 2544 1585 σύνθετόν
2568 1550 2633 1584 τε
2661 1532 2973 1604 καὶξὸρατὸν
3006 1532 3381 1595 ἀναλλοιώτως
3410 1532 3455 1562 ⁸⁸
3482 1534 3623 1600 ἀγαν-

2035 1625 2219 1694 θότητι
2260 1623 2354 1676 καὶ
2399 1622 2775 1695 φιλανθρωπίᾳ
2812 1622 3166 1694 προελήλυθε,
3197 1624 3291 1676 καὶ
3332 1624 3437 1695 τὴν
3485 1622 3626 1693 πρὸς

2038 1716 2197 1769 αὑτὸν
2219 1716 2373 1785 ἡμῶν
2391 1715 2630 1768 ἑνοποιὸν
2655 1715 2937 1768 κοινωνίαν
2965 1713 3322 1785 ἀγαθουργῶς
3347 1715 3624 1786 διεπραγ-

2041 1807 2362 1879 ματεύσατο,
2408 1806 2476 1860 τὰ
2519 1807 2640 1860 καθ’
2672 1808 2817 1877 ἡμᾶς
2860 1809 3091 1861 ταπεινὰ
3142 1812 3254 1870 τοῖς
3322 1808 3626 1869 θειοτάτοις

2038 1899 2202 1953 αὐτοῦ
2236 1901 2356 1953 κατ’
2386 1900 2552 1971 ἄκρον
2586 1899 2810 1964 ἑνώσας,
2854 1900 3015 1972 εἴπερ
3047 1902 3140 1954 καὶ
3177 1903 3340 1971 ἡμεῖς
3367 1901 3446 1964 ὡς
3485 1901 3626 1971 μέλη

2040 1990 2251 2062 σώματι
2295 1991 2340 2022 ⁸⁹
2368 1991 2928 2063 συναρμολογηθῶμεν
2955 1991 3121 2062 αὐτῷ,
3149 1992 3291 2045 κατὰ
3325 1992 3389 2045 τὸ
3428 1992 3627 2045 ταύτὸν

2034 2081 2135 2151 τῆς
2163 2082 2439 2153 ἁλωὸήτου
2482 2084 2576 2135 καὶ
2619 2082 2768 2145 θείας
2811 2083 2977 2155 ζωῆς,
3024 2084 3119 2136 καὶ
3160 2082 3234 2153 μὴ
3266 2086 3382 2146 τοῖς
3425 2083 3626 2153 φθορο-

2038 2178 2212 2239 ποιοῖς
2258 2175 2454 2228 πάθεσι
2520 2174 3025 2246 κατανεκρωθέντες
3054 2215 3068 2238 ,
3137 2174 3479 2245 ἀνάρμοστοι
3528 2174 3629 2227 καὶ

2035 2268 2321 2339 ἀκόλλητοι
2352 2270 2445 2322 καὶ
2488 2268 2723 2333 ἁσύζωοι
2748 2268 3033 2340 γενώμεθα
3060 2271 3102 2300 ⁶¹
3150 2254 3287 2339 πρὸς
3317 2268 3440 2320 θεῖα
3486 2267 3625 2338 μέλη

2036 2362 2133 2413 καὶ
2167 2360 2465 2427 ὑγιέστατα
2504 2362 2548 2392 δ’
2569 2378 2581 2390 ·
2618 2361 2721 2433 χρὴ
2750 2361 2857 2432 γὰρ
2882 2362 3047 2431 ἡμᾶς,
3088 2362 3135 2413 εί
3158 2361 3257 2430 τῆς
3288 2360 3428 2431 πρὸς
3463 2358 3627 2413 αὑτὸν

2035 2454 2303 2525 ἐφιέμεθα
2344 2455 2648 2519 κοινωνίας,
2690 2458 2769 2519 είς
2806 2455 2904 2525 τὴν
2942 2453 3223 2526 θειοτάτην
3268 2452 3438 2506 αὑτοῦ
3482 2454 3627 2506 κατὰ

2039 2545 2216 2615 σάρκα
2260 2544 2406 2615 ζωὴν
2449 2542 2881 2608 ἀποσκοπεῦσαι,
2925 2544 3018 2596 καὶ
3056 2546 3122 2613 τῇ
3167 2543 3308 2614 πρὸς
3360 2542 3534 2611 αὐτὴν
3577 2542 3625 2574 ⁸³

2038 2635 2372 2706 ἀφομοιώσει
2398 2637 2496 2706 τῆς
2530 2638 2680 2709 ἱερᾶς
2717 2635 3133 2707 ἀναμαρτησίας
3171 2638 3251 2698 είς
3276 2636 3379 2705 τὴν
3418 2632 3625 2702 θεοειδῆ

2041 2730 2137 2783 καὶ
2166 2728 2443 2800 ἀλώὸητον
2464 2729 2575 2794 ἕξιν
2598 2728 2927 2800 ἀναδραμεῖν
2946 2744 2959 2757 °
2990 2726 3130 2780 οῦτω
3153 2725 3260 2797 γὰρ
3288 2723 3629 2795 ἐναρμονίοις

2040 2822 2171 2891 ἡμῖν
2192 2823 2291 2894 τὴν
2318 2823 2452 2895 πρὸς
2476 2823 2537 2875 τὸ
2563 2822 2745 2893 ὅμοιον
2769 2822 3050 2874 κοινωνίαν
3078 2821 3409 2891 δωρήσεται.

362 2910 550 2973 tando,
575 2911 642 2964 ad
676 2911 997 2967 deiformem
1028 2920 1085 2968 et
1116 2912 1526 2968 immaculatum
1558 2922 1761 2968 statum
1806 2915 2177 2981 contendere;
2232 2917 2333 2972 bac
2381 2927 2616 2986 namque
2652 2916 2885 2980 ratione,
2950 2924 3111 2985 prout
3151 2914 3307 2969 nobis
3347 2911 3623 2983 congruit,

362 3002 775 3060 similitudinem
815 3020 968 3060 suam
997 3007 1443 3083 communicabit.

1890 3126 1919 3200 ς
1947 3124 2121 3185 xm.

437 3308 562 3363 Haec
607 3310 845 3376 pontifex
893 3310 1052 3364 rebus
1096 3310 1161 3364 iis
1202 3325 1321 3380 qua:
1371 3310 1746 3365 sacriﬁcantur
1794 3312 1936 3368 insi-

2130 3313 2300 3366 Ταῦτα
2320 3310 2431 3376 τοῖς
2450 3314 2618 3384 ’ἱερῶς
2634 3315 2681 3345 ⁵⁵
2703 3314 2999 3386 δρωμένοις
3013 3315 3041 3366 ὁ
3067 3312 3334 3385 ίεράρχης
3354 3313 3631 3383 ἐμφαίνει,

366 3410 517 3466 nuat,
553 3400 681 3453 dum
713 3400 929 3454 obtecta
977 3416 1205 3455 munera
1258 3403 1312 3457 in
1360 3412 1608 3470 apertum
1664 3402 1934 3472 producit,

367 3491 717 3560 ipsorumque
752 3493 1015 3546 unitatem
1044 3493 1097 3546 in
1130 3492 1286 3563 plura
1329 3494 1542 3557 dividit,
1585 3503 1636 3548 et
1672 3508 1768 3562 per
1792 3508 1941 3549 sum-

369 3597 514 3636 mam
547 3595 727 3634 rerum
751 3581 1165 3637 distributarum
1196 3597 1321 3637 cum
1349 3583 1767 3653 suscipientibus
1793 3583 1941 3637 unio-

369 3689 519 3737 nem,
546 3673 862 3727 earumdem
895 3682 1180 3729 consortes
1221 3674 1399 3729 reddit
1427 3690 1521 3730 eos
1558 3675 1651 3745 qui
1692 3689 1939 3729 commu-

370 3765 582 3820 nicant.
618 3765 893 3821 Describit
924 3765 1068 3820 enim
1105 3765 1189 3821 bis
1225 3766 1560 3821 sensibiliter
1596 3766 1723 3821 dum
1759 3766 1812 3820 in
1857 3781 1942 3819 as-

368 3866 586 3926 pectum
622 3856 770 3910 ducit
799 3853 983 3910 Jesum
1009 3855 1307 3923 Christum,
1361 3856 1659 3926 spiritalem
1698 3865 1941 3911 nostram

371 3946 537 4000 veluti
558 3946 863 4013 inimagine
895 3947 1082 4012 vitam,
1104 3960 1170 4000 ex
1202 3946 1383 4000 abdito
1401 3947 1493 4001 illo
1520 3947 1822 4002 divinitatis
1846 3963 1943 4016 per

370 4036 673 4091 absolutam
704 4048 758 4092 et
781 4037 1118 4093 inconfusam
1141 4038 1497 4095 humanitatis
1517 4047 1717 4093 nostra:
1733 4054 1947 4094 assum-

372 4129 636 4195 ptionem,
683 4130 917 4199 benigne
948 4140 1190 4185 nostram
1224 4131 1461 4200 speciem
1491 4131 1827 4198 induentem,
1859 4141 1945 4184 at-

371 4239 481 4293 que
507 4222 573 4275 ad
603 4223 976 4278 dividuitatem
1011 4234 1250 4279 nostram
1297 4227 1416 4280 sine
1452 4227 1536 4280 sui
1570 4228 1949 4282 immutatione

372 4329 443 4366 cx
470 4313 674 4367 unitate
705 4314 932 4369 naturali
961 4316 1337 4385 prodeuntem,
1371 4333 1576 4387 perque
1607 4319 1750 4374 hanc
1780 4319 1947 4372 bene-

375 4406 533 4459 ticam
563 4404 931 4474 clementiam,
960 4408 1027 4461 ad
1056 4410 1137 4463 sui
1168 4410 1545 4478 bonorumque
1571 4425 1794 4465 suorum
1826 4426 1950 4480 par-

375 4496 742 4564 ticipationem
769 4516 939 4571 genus
972 4502 1261 4556 humanum
1290 4502 1630 4567 invitantem,
1656 4501 1951 4557 dummodo

374 4587 724 4645 divinissima:
750 4590 916 4662 ipsius
936 4593 1061 4647 vita:
1088 4592 1497 4662 conjungamur,
1520 4607 1619 4661 pro
1642 4592 1783 4646 virili
1804 4591 1950 4645 illam

2041 3402 2113 3455 τὰ
2150 3403 2248 3474 μὲν
2272 3403 2731 3474 ὲγκεκαλυμμένα
2756 3404 2905 3475 δῶρα
2938 3404 3075 3473 πρὸς
3096 3404 3156 3456 τὸ
3180 3404 3424 3474 ἐμφανὲς
3458 3403 3631 3469 ἄγων,

2041 3494 2103 3546 τὸ
2128 3493 2183 3546 δὲ
2221 3495 2420 3546 ένιαῖον
2454 3494 2631 3546 αὐτῶν
2664 3495 2744 3557 είς
2780 3493 2950 3546 πολλὰ
2986 3492 3242 3557 διαιρῶν,
3283 3493 3381 3544 καὶ
3522 3489 3633 3542 τῶν

2040 3584 2443 3655 διανεμομένων
2478 3584 2612 3657 πρὸς
2651 3584 2718 3637 τὰ
2743 3586 2799 3636 ὲν
2837 3581 2917 3648 οἷς
2949 3583 3192 3652 γίγνεται
3229 3583 3351 3635 κατ’
3390 3583 3559 3653 ἄκρον
3584 3582 3630 3612 ⁸⁸

2045 3676 2256 3740 ένώσει,
2286 3676 2575 3738 κοινωνοὺς
2602 3674 2780 3728 αὐτῶν
2808 3673 3087 3728 ἀποτελῶν
3126 3675 3252 3737 τοὺς
3280 3671 3631 3744 μετέχοντας.

2046 3770 2347 3840 Διαγράφει
2374 3768 2483 3839 γὰρ
2519 3769 2577 3819 ὲν
2602 3768 2810 3830 τούτοις
2849 3765 3152 3837 αἰσθητῶς,
3189 3765 3281 3818 ὑπ’
3322 3764 3446 3835 ὄψιν
3486 3764 3634 3831 ἄγων

2060 3860 2266 3933 Ἰησοῦν
2288 3860 2380 3913 τὸν
2405 3858 2660 3931 Χριστὸν,
2693 3860 2792 3930 τὴν
2828 3859 3021 3930 νοητὴν
3060 3857 3217 3929 ἡμῶν
3253 3857 3332 3921 ὡς
3370 3859 3428 3909 ὲν
3460 3856 3631 3909 εἰκόσι

2047 3949 2213 4021 ζωὴν,
2244 3951 2307 4003 ὲκ
2338 3949 2432 4003 τοῦ
2456 3948 2598 4002 κατὰ
2630 3949 2718 4001 τὸν
2744 3948 2895 4001 Θεῖον
2917 3947 2962 3978 ⁵⁸
2989 3945 3241 4017 κρυφίου,
3276 3947 3344 4015 τῇ
3382 3941 3635 3995 παντελεῖ

2047 4043 2141 4097 καὶ
2174 4041 2461 4113 ὰσυγχύτῳ
2483 4040 2604 4093 καθ’
2634 4041 2779 4111 ἡμᾶς
2804 4037 3208 4109 ἐνανθρωπήσει
3235 4032 3633 4105 φιλανθρώπως

2049 4135 2107 4202 ἐξ
2152 4133 2369 4205 mum"
2426 4132 2895 4202 είδοποιούμενον,
2942 4129 3034 4183 καὶ
3081 4129 3219 4199 πρὸς
3271 4127 3334 4180 τὸ
3380 4124 3633 4198 μεριστὸν

2049 4226 2206 4298 ἡμῶν
2231 4222 2601 4286 ἀναλλοιὼτως
2625 4224 2689 4276 ὲκ
2720 4222 2813 4274 τοῦ
2839 4219 2981 4274 κατὰ
3010 4218 3173 4287 φύσιν
3198 4217 3317 4280 ἑνὸς
3353 4216 3629 4288 προϊόντα,

2050 4317 2253 4373 καὶνδιὰ
2274 4317 2372 4387 τῆς
2404 4314 2745 4386 ἀγαθουργοῦ
2768 4313 2970 4383 ταύτης
2998 4307 3415 4381 φιλανθρωπίας
3440 4309 3519 4368 είς
3544 4321 3633 4375 μεο

2051 4408 2267 4463 τουσίαν
2290 4406 2483 4460 ἑαυτοῦ
2512 4407 2606 4460 καὶ
2636 4404 2745 4458 τῶν
2778 4404 2992 4457 οἰκείων
3030 4399 3253 4470 ἀγαθῶν
3278 4398 3545 4452 καλοῦντα
3571 4396 3633 4449 τὸ

2053 4497 2387 4570 ἀνθρώπειον
2403 4497 2447 4528 ⁵⁸
2473 4496 2659 4567 φῦλον,
2688 4494 2846 4565 εἴπερ
2882 4492 3171 4562 ένωθῶμεν
3210 4488 3377 4543 αὐτοῦ
3402 4492 3468 4560 τῇ
3497 4488 3635 4541 θειο-

2052 4593 2192 4664 τάτῃ
2237 4590 2370 4661 ζωῇ,
2407 4590 2541 4661 πρὸς
2574 4588 2741 4658 αὐτὴν
2768 4589 2811 4619 δ’
2854 4584 3009 4657 ἡμῶν
3056 4582 3199 4636 κατὰ
3236 4582 3463 4652 δύναμιν
3508 4582 3633 4649 ἀφο-

375 4679 639 4738 imitando
668 4702 683 4738 :
713 4701 835 4738 nam
864 4686 943 4740 sic
984 4700 1111 4740 vere
1150 4694 1434 4742 consortes
1465 4685 1561 4740 Dei
1598 4685 1942 4740 diVinarum-

2130 4681 2296 4742 ιώσει,
2330 4682 2424 4733 καὶ
2456 4679 2629 4752 ταύτῃ
2652 4679 2786 4751 πρὸς
2820 4675 3075 4748 ἀλήθειαν
3112 4675 3360 4727 κοινωνοὶ
3382 4671 3514 4725 Θεοῦ
3541 4670 3634 4723 καὶ

373 4785 482 4842 que
513 4788 694 4830 rerum
719 4777 1013 4848 participes
1043 4778 1352 4833 reddentur.

2050 4775 2159 4828 τῶν
2186 4773 2343 4827 θείων
2361 4770 2905 4843 ἀποτελεσθησόμεθα
2921 4770 2968 4801 ⁸ο
2981 4801 2997 4817 .

1881 4914 1910 4990 5
1942 4910 2114 4975 XIV.

414 5094 417 5095 ⁷
450 5100 677 5174 Sumpta
707 5103 942 5175 denique
977 5121 1041 5160 ac
1082 5104 1278 5159 tradita
1320 5101 1655 5158 divinissima
1702 5116 1950 5157 commu-

379 5186 561 5264 nione,
607 5212 711 5251 una
743 5214 866 5252 cum
910 5197 1075 5252 totius
1117 5195 1375 5253 Ecclesia
1415 5212 1568 5251 sacra
1612 5192 1951 5264 plenitudine

466 5331 641 5388 anc.
668 5345 804 5396 χιιι,
829 5332 917 5387 19.

2130 5096 2433 5169 Μετασχὼν
2465 5097 2520 5150 δὲ
2554 5098 2647 5150 καὶ
2684 5098 2943 5168 μεταδοὺς
2977 5098 3077 5168 τῆς
3118 5099 3415 5169 θεαρχικῆς
3450 5113 3636 5149 κοινω-

2054 5189 2193 5254 νίας,
2227 5191 2307 5253 είς
2354 5188 2704 5261 εὐχαριστίαν
2737 5190 2888 5260 ἱερὰν
2925 5190 3221 5261 καταλήγει
3266 5189 3406 5260 μετὰ
3440 5186 3635 5247 παντὸς

1764 5441 2000 5497 VARIAE
2042 5440 2335 5497 LECTION
2343 5438 2446 5494 ES.

466 5581 509 5614 δ’
534 5584 625 5635 τόν
651 5582 709 5637 Ρ.
775 5584 818 5616 ⁸⁸
844 5584 1094 5646 πληθύει,
1124 5585 1225 5637 Cit.
1259 5584 1315 5637 S.
1351 5583 1409 5637 Ρ.
1442 5583 1501 5635 Β.

390 5651 685 5720 ὕγιέστστα
714 5655 725 5705 I
780 5671 849 5708 vc.
914 5651 958 5685 ⁸³
986 5654 1120 5724 πρὸς
1146 5653 1328 5715 αὐτόν,
1357 5654 1425 5706 Μ.
1458 5653 1515 5705 I’.
1581 5653 1627 5684 “
1654 5654 1671 5703 ἱ

392 5722 438 5756 ⁸⁷
471 5725 549 5787 εἰς
574 5671 940 5795 φύσινῧξμῶν,
966 5723 1036 5779 Μ.
1069 5726 1161 5780 Sc.
1242 5726 1285 5758 ⁸⁸
1311 5721 1672 5793 ἀνθρώπτνον,

917 5584 1094 5646 τθύει,
1124 5585 1225 5637 Cit.
1259 5584 1315 5637 S.
1351 5583 1409 5637 Ρ.
1442 5583 1501 5635 Β.
1603 5583 1644 5613 ⁸⁵9
1680 5581 2044 5650 ἀναλλοιὼτῳ,
2075 5578 2144 5632 Μ.
2175 5578 2265 5631 Sc.
2363 5578 2409 5607 ⁸⁰
2439 5578 2708 5645 σώματος,
2738 5578 2796 5628 S.
2842 5578 2900 5626 Β.
2996 5578 3038 5602 ⁵⁸
3066 5578 3377 5638 γενοίμεθα.
3473 5578 3517 5597 ἰ
3545 5578 3632 5617 και

914 5628 1120 5740 ⁸⁵3ρί’5
1146 5653 1425 5740 αὺτὲνιδέ·
1458 5653 1515 5736 '.’-
1581 5653 1627 5684 ⁸⁵
1654 5654 1840 5740 ῖεέοῖῇ
1871 5652 2070 5740 Mus";
2139 5645 2712 5740 ⁸⁸,καῖ’ἔκαὶρῗνή⁵¹ο
2737 5638 3349 5740 ἓξ·..”⁶τῖ²πῗὶῖῗῖ;9¹ἶ’
3375 5638 3435 5740 Ξ·
3470 5634 3542 5740 ’ἐᾷ
3575 5633 3632 5690 Β·

1700 5705 1756 5780 ὲ.
1799 5705 1982 5796 iis”
2010 5723 2076 5789 τῇ
2104 5718 2239 5789 πρὸς
2263 5713 2454 5788 αὐτὴν,
2482 5705 2677 5785 (Ἀπί).
2755 5715 2800 5749 ⁸ο
2837 5710 3339 5780 Ἀποτελισμὰτων,
3374 5706 3442 5764 Μ.
3474 5705 3565 5763 Sc.
3646 5735 3653 5739 -

2363 5576 2409 5607 ⁸ο
2439 5571 2708 5645 σώματος,
2738 5573 2796 5645 S.
2842 5573 2900 5626 Β.
2934 5643 2942 5645 Α
2996 5571 3038 5645 ξι
3058 5566 3412 5645 γενοίμεθα*
3470 5566 3517 5645 ξξ
3545 5564 3637 5645 κει
