3730 6294
387 329 483 383 H7
1546 327 1602 382 S.
1638 325 1933 382 DIONYSII
1974 327 2433 386 AREDPACITA‘I
3518 336 3629 394 “8

381 448 525 507 πείθοι
564 456 645 501 cst
689 460 786 514 per
832 446 1152 507 essentiam,
1198 442 1380 514 potius
1434 452 1517 497 est
1551 458 1626 516 co
1658 445 1807 516 quod
1850 455 1935 498 est
1975 456 2071 511 per
2099 446 2592 513 participationem.
2644 444 2893 498 Secundo
2936 447 3039 501 hoc
3077 456 3302 516 apparet
3330 463 3399 503 ex
3434 454 3635 507 ordine

328 568 331 569 ,
380 527 840 572 sacramentorum
870 519 937 570 ad
970 518 1234 576 invicem;
1264 530 1386 568 nam
1412 515 1593 568 omnia
1620 514 1721 567 alia
1754 523 2090 569 sar-ramenta
2124 517 2368 568 ordinari
2414 517 2664 568 videntur
2699 516 2763 569 ad
2808 516 2910 570 hoc
2945 514 3346 573 sacrainentutn
3380 520 3527 577 sicut
3556 524 3629 575 ad

384 594 576 649 linem;
615 586 957 641 manifestum
995 599 1077 643 cst
1099 587 1269 647 enim,
1296 585 1437 653 quod
1463 598 1858 638 sacramentum
1890 583 2096 637 ordinis
2124 586 2408 637 ordinetur
2434 586 2498 637 ad
2526 586 2873 639 eucharistiaa
2905 590 3399 648 consecrationem.
3433 608 3631 645 sacra—

320 662 333 687 ί
382 668 617 710 mentum
647 674 774 709 vero
826 658 1085 723 bapliSttti
1123 656 1409 711 ordinatur
1447 657 1511 706 ad
1532 656 1889 727 eurharistim
1923 655 2398 727 receptimtemtin
2424 671 2529 723 quo
2563 653 2723 727 etiam
2760 655 3038 725 perficitur
3064 658 3260 726 aliquis
3306 676 3404 727 per
3431 663 3632 716 coulir-

379 728 690 787 motionem,
720 740 773 780 ut
812 744 917 781 non
951 742 1201 787 vereatur
1230 741 1288 779 se
1340 725 1660 779 subtrahere
1703 741 1730 778 a
1774 726 1863 778 tali
1904 734 2269 778 sacramento.
2309 723 2408 777 Per
2440 723 2810 789 pmniteutiain
2845 728 3011 780 etiam
3059 738 3113 781 et
3157 723 3467 783 extremam
3526 749 3632 784 ttu-

377 798 612 871 ctionem
648 812 986 871 pra-paratur
1014 802 1177 855 homo
1214 797 1846 871 addiguesumcnduut
1891 808 2086 871 corpus
2123 794 2349 871 Christi.
2394 795 2797 871 Matrimonium
2818 797 2991 871 etiam
3026 799 3351 871 salientem
3414 802 3633 871 οἰκηίη-

376 867 590 939 catinne
638 864 857 935 attingit
891 870 990 923 hoc
1020 876 1448 939 sacramentum,
1494 865 1546 939 in
1591 876 1852 939 quantum
1903 864 2654 939 significatconjttnctimiem
2701 867 2905 922 Christi
2959 866 3299 923 etEcclesiae
3357 886 3401 934 ι,
3469 864 3630 939 cujus

376 938 581 1012 ιιιιίιιιεΔ
618 956 710 1003 per
763 932 1162 1012 sacramentum
1218 936 1899 1012 eucharistiarﬁguratur.
1948 932 2131 1012 Tertio
2182 936 2283 1012 hoc
2315 932 2565 1012 ξαρρψ-ει
2622 953 2685 991 ex
2738 940 2840 991 ritu
2908 932 3412 1012 sacramentorum;
3464 932 3635 1012 199

373 1022 496 1058 nam
561 1007 673 1062 fere
730 1011 911 1063 omnia
968 1017 1330 1067 sacramenta,
1389 1008 1465 1058 ιιιὶ
1523 1006 1807 1075 Dionysius
1853 1006 1945 1067 ait,
2006 1007 2057 1059 in
2108 1005 2435 1060 eucharistia
2497 1018 2962 1061 consummantur.
3000 1006 3133 1062 llinc
3167 1025 3358 1064 recens
3384 1005 3626 1065 orditiaii

374 1080 877 1142 cotnmuuieaut,et
906 1082 1067 1134 etiam
1099 1079 1376 1146 baptizati,
1410 1077 1454 1129 si
1494 1076 1603 1129 sint
1630 1077 1818 1149 adulti.
1844 1076 2100 1149 Aliorum
2149 1085 2330 1127 autent
2380 1087 2849 1149 sacramentorum
2893 1078 2958 1131 ad
3012 1078 3240 1131 invicem
3276 1083 3630 1149 comparatio

375 1158 548 1209 potest
578 1164 699 1203 esse
735 1150 1048 1217 multiplex;
1082 1166 1205 1205 nam
1241 1150 1293 1202 in
1327 1150 1412 1198 via
1460 1148 1800 1201 necessitatis
1842 1147 2145 1217 baptismus
2191 1158 2273 1199 est
2324 1147 2667 1212 potissimum
2698 1157 3202 1205 sacramentorum:
3236 1149 3286 1201 in
3319 1147 3628 1203 via‘autt-m

376 1218 722 1281 perfectionis
747 1216 1147 1274 sacramentum
1187 1218 1415 1274 ordinis.
1447 1217 1623 1269 medio
1655 1227 1835 1269 autem
1864 1217 2021 1268 modo
2050 1232 2105 1268 se
2138 1216 2297 1269 habet
2334 1228 2733 1269 sacramentum
2784 1218 3251 1282 confirn‘iationis;
3294 1236 3629 1273 sacrantes»-

377 1296 487 1337 tum
522 1306 649 1341 vero
673 1290 1004 1356 pmnitentize
1030 1302 1081 1344 et
1107 1299 1364 1344 extremm
1391 1286 1667 1339 unctionis
1714 1296 1837 1339 sunt
1876 1286 2151 1341 inferioris
2187 1288 2385 1354 gradus
2415 1302 2441 1338 a
2493 1288 2764 1353 pra'dietis
2807 1290 3185 1349 sacramentis,
3238 1289 3365 1356 quia
3411 1291 3631 1343 scilicet

375 1358 441 1409 ad
486 1362 649 1411 vitam
686 1362 1051 1415 Christianam
1086 1372 1189 1414 non
1226 1372 1324 1423 per
1364 1371 1444 1421 se,
1473 1359 1565 1411 sed
1595 1373 1690 1423 per
1733 1358 1987 1409 accidens
2011 1357 2355 1417 ordinantur,
2391 1357 2599 1411 scilicet
2632 1357 2684 1409 in
2720 1358 3019 1409 remedium
3050 1359 3495 1425 supervenientis
3523 1362 3627 1413 (le-

377 1427 582 1489 fectus;
619 1431 759 1484 inter
790 1446 909 1498 quae
950 1440 1126 1484 tamen
1159 1438 1401 1498 extrema
1432 1427 1613 1498 unctio
1650 1437 2001 1498 comparatur
2032 1428 2098 1498 ad
2133 1427 2534 1492 paenitentiam,
2580 1428 2721 1498 sicut
2764 1427 3108 1479 contirmatio
3147 1431 3213 1482 ad
3256 1430 3625 1498 baptismum,

376 1498 446 1549 ita
482 1502 708 1558 scilicet.
744 1496 1151 1564 ntfpaanitentia
1190 1499 1260 1551 sit
1300 1496 1523 1563 majoris
1557 1496 1923 1559 necessitatis,
1962 1496 2055 1550 sed
2088 1509 2328 1549 extrema
2361 1497 2543 1549 unetio
2575 1496 2796 1562 majoris
2832 1498 3199 1564 perfectionis.

445 1568 604 1621 Parte
641 1571 923 1624 tintlecima
957 1572 1064 1638 agit
1092 1570 1156 1623 de
1196 1569 1299 1621 ritu
1327 1567 1483 1631 hujus
1512 1568 1862 1638 sacramenti.
1898 1567 2009 1619 sive
2036 1566 2100 1619 de
2128 1581 2285 1619 sacro
2318 1568 2497 1620 missae
2526 1566 2839 1638 sacrilicio,~
2863 1566 2912 1617 itt
2944 1581 3050 1635 quo
3081 1569 3397 1624 venerabile
3426 1586 3625 1624 sacra-

374 1649 612 1691 mentum
642 1633 1192 1708 consecratnr'atque
1221 1638 1531 1691 coniicitur.
1564 1633 1822 1708 Uhitiota
1857 1638 2053 1702 primo,
2083 1638 2349 1699 assignari
2375 1639 2617 1705 quinque
2649 1633 2993 1708 potissimum
3025 1650 3205 1704 partes
3240 1639 3403 1704 hujus
3446 1646 3628 1694 sacri-

375 1708 480 1761 ficii
511 1726 525 1761 :
555 1711 726 1775 prima
757 1719 838 1764 est
868 1706 1381 1765 catechuinenoruin
1419 1722 1588 1774 usque
1616 1706 1681 1758 ad
1725 1706 2053 1777 oblationem
2095 1708 2248 1773 panis
2279 1716 2335 1759 et
2365 1708 2502 1769 viui;
2536 1708 2771 1761 secunda
2803 1715 2887 1759 est
2916 1706 3145 1772 ipsatnet
3191 1708 3399 1763 oblatio
3446 1713 3616 1777 panis

372 1787 426 1829 et
474 1778 619 1841 vini;
659 1780 815 1833 tertia
871 1790 955 1833 est
998 1779 1357 1849 consecratio,
1388 1792 1491 1842 qua
1523 1777 1677 1849 panis
1706 1784 1759 1829 et
1800 1777 1979 1849 viuum
2009 1776 2071 1849 vi
2095 1776 2380 1849 verborum
2424 1777 2634 1849 Christi
2677 1777 2727 1849 in
2769 1777 2885 1843 ejus
2930 1787 3227 1849 corpuset
3290 1776 3625 1849 sanguinein

372 1852 991 1915 convertuntur;quarta
1007 1856 1091 1899 est
1114 1847 1315 1902 oblatio
1345 1847 1593 1917 corporis
1624 1856 1674 1897 ct
1706 1846 2242 1917 SanguinisClu-isti,
2278 1849 2465 1914 quinta
2497 1846 2793 1917 estHipsius
2822 1862 2991 1899 sacra:
3024 1846 3211 1900 hestitc
3241 1846 3627 1917 consumptio,

371 1918 485 1969 sive
520 1920 850 1976 communio.
883 1918 996 1973 Non
1026 1920 1155 1971 facit
1184 1924 1362 1969 autem
1407 1916 1731 1967 iiieutioneut
1766 1915 2047 1968 lractiouis
2076 1915 2268 1969 hostia:
2304 1932 2467 1983 supra
2510 1915 2758 1979 calicem,
2816 1931 2915 1967 nec
2949 1917 3228 1983 utriusque
3264 1915 3625 1973 commistio-

371 1988 475 2040 uis.
507 1986 761 2053 Quaenam
793 1998 970 2043 autem
998 2004 1063 2043 ex
1106 1988 1193 2042 his
1221 1985 1464 2056 partibus
1508 1999 1598 2038 seu
1633 1985 1940 2056 actionibus
1968 1995 2212 2052 spectent
2250 1989 2313 2038 ad
2338 1987 2632 2040 essentiam
2662 1986 2943 2049 sacrilicii,
2972 1986 3338 2042 diversimode
3368 1991 3628 2042 sentiunt

370 2058 617 2111 doctores
642 2058 691 2110 in
732 2060 793 2113 D.
828 2057 1045 2113 Thomas
1068 2075 1121 2126 p.
1152 2055 1233 2118 ttt,
1262 2064 1453 2123 quazst.
1485 2055 1573 2109 83.
1609 2055 1962 2110 Comuutuior
1991 2067 2043 2108 et
2069 2056 2249 2109 verior
2288 2057 2498 2109 videtur
2518 2071 2636 2123 qua:
2675 2066 2843 2120 tenet,
2897 2055 3221 2126 sacrificium
3267 2060 3623 2125 potissimum

369 2127 672 2181 consistere
703 2128 752 2181 in
780 2125 1210 2183 consecratione.
1242 2126 1441 2188 Primo,
1482 2126 1607 2194 quia
1646 2125 1973 2177 sacrificium
2007 2134 2246 2177 nostrum
2278 2126 2503 2179 olTertur
2536 2128 2585 2178 in
2627 2140 2853 2193 persona
2884 2125 3114 2190 Christi;
3154 2129 3304 2195 atqui
3351 2129 3504 2181 nulla
3535 2142 3623 2183 cst

368 2197 515 2251 aetio
547 2197 599 2267 in
636 2206 743 2250 tota
779 2197 1042 2266 Liturgia,
1070 2214 1191 2267 quae
1222 2196 1391 2263 magis
1419 2195 1510 2247 liat
1542 2196 1593 2247 itt
1624 2209 1851 2267 persona
1893 2195 2117 2260 Christi,
2148 2211 2307 2262 quam
2346 2198 2703 2267 consecratio,
2748 2210 2876 2263 ergo
2918 2197 2968 2248 iti
2998 2209 3061 2248 ea
3101 2198 3448 2263 potissimum
3484 2214 3622 2252 cen-

366 2267 531 2323 sistit.
566 2266 840 2333 Secundo,
872 2264 996 2338 quia
1034 2264 1362 2323 sacrificium
1397 2274 1657 2338 nostrum
1692 2264 1853 2317 debet
1900 2274 2292 2333 reprzeseutare
2332 2265 2659 2338 sacriﬁcium
2694 2268 2893 2328 crucis,
2935 2281 3057 2333 qua:
3097 2269 3519 2332 reprazsentatio
3555 2272 3619 2321 tit

365 2350 462 2402 per
490 2335 957 2392 consecratimietn
989 2344 1114 2392 dum
1140 2352 1335 2403 corpus
1376 2343 1431 2389 et
1452 2335 1711 2405 sanguis,
1751 2343 2018 2401 quantum
2055 2344 2139 2388 est
2190 2350 2254 2388 ex
2308 2336 2358 2389 vi
2407 2338 2717 2405 verborum,
2746 2350 2990 2388 seorsum
3040 2345 3315 2405 ponuntur
3348 2346 3617 2405 tauquam

366 2422 563 2474 corpus
587 2417 639 2460 et
670 2409 894 2473 sanguis
927 2408 1164 2461 victima:
1187 2406 1403 2461 occisae.
1436 2404 1588 2470 Quod
1622 2406 1897 2471 quomodo
1927 2405 2041 2467 tiat,
2083 2405 2204 2458 vide
2243 2407 2401 2458 docte
2442 2421 2505 2459 ac
2541 2404 2685 2458 clare
2718 2405 3051 2472 explicatum
3082 2421 3110 2457 a
3146 2404 3339 2460 Lessio
3383 2404 3481 2460 lib.
3531 2422 3611 2459 Ill

368 2478 442 2528 De
479 2477 882 2542 perfectionibus
906 2479 1259 2546 divinis,cap.
1290 2476 1376 2529 15.
1417 2475 1521 2541 Qui
1563 2484 1740 2528 autem
1774 2474 1927 2543 plura
1956 2478 2056 2529 hac
2098 2474 2163 2528 de
2204 2490 2263 2528 re
2307 2476 2597 2537 desiderat,
2625 2475 2769 2545 legat
2810 2474 3115 2529 Gabriclem
3150 2476 3407 2545 Vasquez
3444 2478 3497 2531 in
3552 2493 3616 2531 ιιι

363 2558 437 2611 τι..
456 2548 817 2615 tliSpuIatione
840 2548 967 2603 222.

438 2614 569 2669 Nota
598 2620 854 2678 secundo,
896 2618 1364 2673 consecrationem
1391 2632 1496 2670 non
1527 2615 1643 2669 lieri
1668 2615 1915 2683 precibus
1942 2614 2288 2683 quibusdam,
2321 2625 2381 2670 ut
2423 2615 2639 2682 quidam
2682 2614 2855 2669 Grieci
2888 2614 3094 2679 volunt,
3135 2616 3228 2669 sed
3257 2616 3391 2670 solis
3431 2616 3622 2672 verbis

368 2685 575 2739 homini
608 2689 751 2741 sicut
782 2690 1062 2743 definitum
1091 2700 1175 2743 est
1215 2689 1265 2741 iit
1315 2687 1628 2740 Florentino
1676 2687 1927 2747 concilio,
1970 2695 2025 2738 et
2082 2684 2421 2751 Tridetttiuo,
2465 2702 2600 2743 sess.
2649 2685 2736 2749 15,
2780 2701 2832 2740 c.
2879 2687 2931 2739 '5.
2963 2685 3162 2745 Primo,
3195 2689 3323 2753 quia
3356 2686 3619 2741 Christus

366 2771 461 2827 rec
491 2758 624 2810 dixit
658 2774 754 2812 nec
788 2760 889 2814 dici
924 2760 1083 2827 jussit
1130 2760 1244 2813 illas
1272 2772 1480 2827 preces,
1520 2758 1715 2825 quibus
1748 2758 1844 2823 ipsi
1877 2768 2070 2823 putant
2114 2757 2305 2827 confici
2347 2766 2784 2827 sacramentum;
2821 2772 2940 2807 nam
2976 2771 3149 2822 neque
3194 2757 3483 2825 Scriptura
3518 2773 3618 2811 eas

363 2825 545 2889 habet,
583 2843 754 2896 neque
781 2824 1070 2883 traditione
1095 2824 1309 2884 constat
1341 2843 1458 2881 esse
1486 2824 1800 2881 necessario
1838 2828 2115 2879 dicendas.
2150 2824 2283 2879 Nam
2316 2828 2365 2880 in
2397 2828 2615 2894 liturgia
2649 2826 2860 2887 Latina,
2894 2841 3053 2893 quam
3082 2828 3388 2879 communis
3422 2828 3618 2896 Opinio

363 2904 510 2949 tenet
543 2898 709 2951 fuisse
740 2902 914 2953 sancti
960 2898 1102 2952 Petri
1146 2898 1540 2957 etClementis,
1575 2912 1679 2949 nou
1737 2897 2003 2949 habentur
2040 2896 2144 2950 illa:
2186 2912 2395 2964 preces,
2446 2897 2546 2949 nisi
2599 2905 2726 2949 ante
2774 2898 2937 2949 verba
2992 2897 3223 2958 Domini,
3263 2912 3374 2950 non
3423 2908 3612 2951 autem

362 2978 518 3034 post:
549 2979 603 3023 et
628 2969 679 3039 in
709 2967 923 3039 liturgia
953 2968 1272 3039 Ethiopum
1306 2984 1409 3020 non
1437 2968 1798 3039 reperiuntur.
1835 2966 2006 3030 Adde,
2039 2968 2174 3020 alias
2208 2966 2321 3019 fore
2353 2965 2483 3039 falsa
2505 2965 2605 3039 illa
2637 2968 2799 3039 verba
2831 2965 3033 3039 Christi
3070 2982 3083 3017 :
3131 2964 3244 3039 μοι
3287 2976 3363 3019 est
3416 2984 3614 3035 corpus

362 3052 553 3109 meum,
592 3038 635 3091 si
665 3048 802 3109 ante
843 3035 940 3106 per
982 3035 1169 3109 preces
1200 3040 1319 3093 illas
1347 3035 1714 3109 praacedentes
1740 3035 1890 3109 facta
1922 3045 2067 3109 esset
2094 3038 2457 3109 consecratio.
2501 3035 2769 3109 Secundo,
2801 3037 2925 3104 quia
2963 3051 3082 3109 cum
3135 3035 3235 3109 hoc
3286 3052 3614 3109 sacramen—

363 3113 472 3157 tum
504 3108 573 3161 sit
598 3103 1066 3174 sublitnissitnu'm,
1099 3126 1201 3162 non
1233 3103 1459 3164 decebat
1485 3107 1611 3159 illttd
1639 3107 1751 3159 lieri
1789 3106 1891 3159 uisi
1925 3106 2102 3161 verbis
2134 3106 2247 3159 Dei.
2280 3107 2457 3171 Adde,
2498 3107 2637 3173 quod
2684 3105 2728 3158 si
2764 3108 3101 3159 consecratio
3135 3103 3289 3157 ﬁeret
3340 3108 3611 3173 precibus

362 3174 505 3247 istis,
542 3176 768 3232 effectus
808 3181 927 3247 ejus
968 3192 1113 3233 esset
1149 3181 1411 3242 incertus,
1453 3192 1575 3231 cum
1612 3192 1799 3244 preces
1846 3177 1960 3247 ista:
1998 3191 2104 3229 non
2154 3191 2369 3243 semper
2410 3176 2788 3247 exaudiautttr.
2839 3177 2990 3241 Quod
3039 3176 3082 3229 si
3120 3183 3365 3228 extrema
3420 3189 3613 3230 unctio

361 3244 455 3317 fiat
493 3248 673 3301 verbis
718 3244 1128 3317 deprecatoriis,
1187 3260 1367 3303 exstat
1406 3258 1579 3317 tamen
1611 3245 1898 3317 promissio
1931 3262 2034 3317 qua
2088 3246 2447 3314 promittitur,
2492 3249 2631 3300 hanc
2673 3245 3107 3317 deprecationem
3164 3247 3482 3317 exauditum
3538 3250 3609 3298 iri

360 3314 799 3388 saltemqiioad
823 3318 1072 3373 ell‘ectum
1121 3320 1497 3388 principalem,
1546 3314 1729 3369 Jacobi
1758 3332 1819 3388 Av,
1862 3315 2028 3388 nulla_
2049 3328 2227 3369 autem
2263 3317 2383 3370 talis
2412 3326 2591 3371 exstat
2624 3317 2916 3382 promissio
2955 3315 3308 3388 deprecibus
3350 3318 3473 3370 istis
3512 3332 3613 3369 eu-

360 3385 693 3450 charisticis,
726 3389 777 3441 in
808 3390 1007 3457 quibus
1055 3385 1156 3457 ἰνέί
1211 3385 1416 3457 ponunt
1463 3386 1955 3457 consecrationem.
1990 3385 2197 3447 Tertio,
2249 3389 2374 3455 quia
2414 3388 2669 3441 sacerdos
2708 3397 2996 3457 consecrat
3029 3387 3079 3439 iit
3113 3399 3344 3457 persona
3377 3388 3609 3451 Christi,

360 3470 466 3506 non
500 3467 679 3510 autem
716 3459 769 3510 iti
818 3455 1045 3525 persona
1077 3455 1359 3522 'miuistri;
1406 3473 1536 3527 ergo
1593 3455 1643 3508 iit
1683 3457 2103 3527 consecratione
2155 3471 2260 3510 non
2303 3457 2464 3511 debet
2500 3458 2575 3510 uti
2619 3456 2800 3510 verbis
2840 3456 3256 3523 deprecatoriis,
3304 3458 3411 3510 hoc
3458 3460 3606 3510 enim

360 3533 570 3595 tantum
618 3537 702 3581 est
750 3529 1141 3594 ministrorum,
1189 3529 1281 3583 sed
1325 3525 1745 3589 auctoritativis,
1779 3525 1989 3580 scilicet
2058 3536 2313 3594 tanquam
2360 3527 2630 3591 Christus,
2668 3527 2821 3595 cujus
2864 3541 3148 3592 perSonam
3180 3530 3437 3580 sustinet.
3468 3528 3608 3581 llinc

359 3592 442 3658 iit,
472 3603 527 3646 ιιι
573 3612 693 3650 eum
737 3598 790 3650 in
833 3599 1087 3652 omnibus
1126 3592 1262 3652 aliis
1299 3598 1656 3651 sacramentis
1710 3597 1965 3651 sacerdos
2009 3592 2266 3665 loquatur
2298 3605 2552 3666 tanquam
2586 3592 2832 3651 minister
2854 3596 3078 3660 Christi,
3112 3597 3226 3649 sive
3253 3611 3353 3665 per
3382 3599 3607 3651 modum

354 3667 662 3738 exercentis
690 3677 894 3733 actum,
939 3677 995 3719 ιιι
1028 3669 1078 3720 iu
1112 3669 1404 3737 baptismo,
1430 3668 1849 3738 continuatione
1870 3676 1923 3719 et
1952 3667 2308 3736 poenitentia;
2364 3669 2477 3721 sive
2508 3684 2603 3738 per
2634 3669 2852 3720 modum
2908 3666 3226 3734 imperantis
3250 3706 3264 3729 ,
3293 3676 3351 3719 ut
3405 3669 3457 3720 in
3508 3683 3605 3719 or-

352 3732 519 3800 dine;
552 3738 666 3790 sive
717 3754 812 3806 per
848 3739 1065 3791 modum
1111 3732 1474 3806 deprecantis,
1530 3746 1586 3789 ut
1635 3737 1685 3789 iu
1732 3732 1975 3791 extrema
2022 3740 2310 3802 unctione;
2358 3738 2411 3791 in
2462 3732 2564 3793 hoc
2610 3749 2788 3791 tamen
2822 3732 3163 3790 sacramento
3207 3752 3312 3791 non
3347 3738 3605 3806 loquatur

355 3810 611 3878 tauquam
645 3808 893 3861 minister
938 3807 1162 3871 Christi,
1210 3809 1304 3864 sed
1349 3807 1505 3877 quasi
1549 3808 1778 3877 ipsemet
1817 3820 1975 3878 esset
2027 3807 2310 3873 Christus;
2352 3824 2471 3872 seu,
2526 3818 2585 3862 ut
2630 3808 3047 3875 Cbrysostomus
3072 3808 3169 3863 ait.
3206 3808 3462 3862 Christus
3498 3824 3607 3878 per

353 3887 417 3926 os
434 3877 569 3948 gius
596 3877 941 3932 invisibiliter
982 3879 1238 3947 loquitur,
1268 3880 1408 3948 quod
1439 3878 1600 3932 etiam
1632 3878 1763 3929 dicit
1790 3877 2165 3931 Tridentinum
2198 3895 2333 3933 sess.
2365 3878 2455 3941 2|,
2488 3894 2535 3932 c.
2568 3878 2623 3930 2.

425 3942 791 4019 Coitlirmatur
820 3949 921 4003 hoc
961 3942 1121 4003 etiam
1160 3964 1222 4002 ex
1262 3942 1363 4002 hoc
1407 3952 1525 4002 loco
1574 3948 1838 4016 Dionysii,
1878 3950 2002 4016 quia
2040 3949 2151 4011 ubi,
2201 3949 2439 4002 dimiSsis
2487 3946 2915 4010 catechumenis,
2967 3956 3025 4001 et
3079 3948 3239 4016 panis
3289 3948 3601 4019 calicisque

352 4013 629 4088 oblatione
658 4018 817 4082 facta,
848 4020 986 4073 dixit
1018 4020 1327 4088 pontificem
1357 4034 1569 4076 sacram
1596 4013 1856 4088 peragere
1887 4013 2276 4085 precationem,
2313 4028 2365 4071 et
2395 4028 2514 4088 post
2541 4020 2692 4086 pacis
2731 4020 2998 4082 osculum,
3026 4013 3404 4088 et'digitoruut
3442 4013 3599 4073 ablu-

355 4083 575 4147 tionem,
605 4097 659 4141 et
705 4083 1129 4160 hymuologiam,
1169 4100 1282 4143 tum
1313 4092 1525 4142 deumm
1551 4083 1629 4141 ait
1659 4083 1834 4157 ipsum
1863 4083 2199 4160 divinissima
2235 4083 2557 4142 consecrare
2590 4089 2874 4160 mysteria.
2920 4083 3209 4142 manifeste
3240 4101 3366 4155 post
3410 4107 3601 4145 sacras

352 4165 542 4228 preces
570 4159 1036 4228 consecrationem
1068 4161 1365 4225 collocatis,
1398 4169 1652 4228 tanquam
1686 4178 1713 4211 a
1746 4158 1999 4227 precibus
2034 4158 2151 4211 istis
2175 4160 2507 4212 distinctam.

421 4225 502 4279 Ad
536 4227 804 4299 rationem
834 4244 996 4299 porro
1031 4229 1364 4293 Graacorum,
1401 4225 1853 4297 respondendum,
1896 4228 2000 4282 illis
2044 4230 2297 4297 precibus
2355 4230 2486 4297 peti,
2518 4240 2707 4284 nonut
2736 4229 2977 4299 Spiritus
3002 4240 3227 4284 sanctus
3271 4230 3597 4299 simpliciter

354 4307 548 4360 panem
577 4294 774 4369 elﬁciat
802 4294 999 4367 corpus
1029 4301 1254 4365 Christi,
1286 4301 1381 4354 sed
1425 4294 1505 4353 ut'
1530 4300 1800 4353 sacerdoti
1849 4294 2173 4367 caiterisque
2209 4294 2737 4369 communicantibus
2778 4294 2974 4353 ciliciat
3006 4316 3203 4369 corpus
3245 4294 3493 4365 Ctiristi;
3543 4304 3596 4355 id

354 4372 439 4417 cst
482 4366 612 4440 pctit
664 4367 731 4440 iis
770 4369 860 4440 qui
901 4366 1315 4424 comtttunicaut
1345 4370 1458 4423 dari
1490 4370 1724 4440 gratiam
1758 4369 1923 4437 digne
1969 4366 2429 4431 communicaudi,
2467 4381 2524 4421 ut
2565 4372 2823 4440 consequi
2871 4370 3079 4438 possint
3105 4366 3371 4423 'cllectum
3410 4387 3594 4426 Sacra-

354 4435 674 4509 menti._Qt_ti
708 4435 849 4491 enim
884 4442 1171 4494 manducat
1223 4440 1465 4509 indigne,
1496 4435 1592 4492 'illi
1630 4456 1734 4492 non
1781 4435 1863 4492 es't
1905 4453 2099 4507 corpus
2132 4440 2361 4509 Christi,
2396 4441 2485 4492 sed
2528 4435 2815 4503 venenoin,
2848 4435 2972 4491 tiam
3007 4440 3266 4506 judicium
3309 4443 3410 4496 sibi
3442 4458 3595 4495 mat;-

350 4500 513 4580 ducat
550 4500 681 4561 1.7ln
712 4509 853 4580 hunc
877 4524 1092 4564 sensum
1123 4512 1220 4580 ipsi
1248 4500 1422 4565 Graeci
1452 4500 1847 4577 responderunt
1880 4511 1933 4562 in
1969 4500 2199 4580 concilio
2232 4507 2548 4580 Florentino
2575 4500 2815 4564 sessione
2846 4500 3058 4563 ultima.

347 4640 378 4694 Γ
422 4573 497 4628 De
521 4578 860 4699 caliremoniis
882 4581 1061 4635 missa:
1090 4573 1211 4637 vide
1240 4573 1585 4635 Cuilielmut'u
1618 4580 1931 4635 Duraudum
1973 4579 2067 4634 lib.
2106 4593 2158 4632 iv
2217 4577 2513 4632 Rationult‘s
2536 4582 2831 4636 divinorum
2864 4581 3172 4649 ciliciorum,
3199 4582 3289 4651 qui
3328 4583 3448 4637 illas
3472 4597 3595 4651 pro-

368 4656 453 4695 ixe
477 4661 579 4699 em
603 4658 726 4699 teat.

368 4656 453 4715 uie
477 4656 726 4715 expticat.

419 4712 580 4792 Parte
598 4733 656 4792 tit
681 4717 837 4787 hujus
858 4722 1070 4790 capitis,
1088 4736 1209 4790 qua:
1224 4721 1740 4792 contemplationem
1760 4721 2026 4786 continet,
2048 4718 2075 4790 §
2094 4721 2144 4784 l,
2164 4720 2314 4785 dicit,
2332 4736 2542 4774 sacram
2562 4721 2722 4791 200
2737 4721 3169 4776 communionem
3188 4736 3306 4775 esse
3318 4723 3589 4790 paciﬁcum

345 4786 982 4863 ρανιίοἱραι-ἰοηειηιοιό..
1008 4786 1133 4860 quia
1165 4793 1422 4863 nimirum
1446 4786 1599 4863 pacis
1629 4792 1933 4863 symbolum
1956 4786 2070 4863 est,
2112 4804 2166 4849 et
2217 4795 2470 4850 Christus
2502 4832 2517 4856 ,
2544 4786 2655 4861 q'tit'
2676 4786 2727 4846 ιιι
2755 4809 2813 4845 ea
2847 4794 3100 4853 sumitur,
3138 4804 3223 4845 est
3254 4786 3502 4862 princeps
3537 4805 3591 4842 rt

348 4854 488 4932 Deus
517 4854 1151 4932 pacismaedilectionisn,
1170 4863 1346 4931 cujus,
1370 4854 1527 4931 juita
1553 4854 1919 4926 Psalmistam,
1946 4854 2145 4915 Factus
2164 4872 2241 4915 est
2271 4864 2325 4913 in
2351 4878 2476 4930 pace
2494 4854 2639 4916 locus
2661 4862 2773 4931 ejus
2797 4869 2851 4927 ος
2887 4865 3047 4926 unde,
3077 4854 3588 4932 inquit'Dioufsius,

337 4931 820 5002 Juremeritmimo
845 4947 1075 4985 exortem
1093 4932 1215 5000 facit
1236 4949 1373 4996 eum,
1397 4934 1485 5001 qui
1509 4949 1670 5002 neque
1691 4944 1867 4986 sancte
1899 4948 2059 5000 neque
2087 4934 2263 4984 animo
2291 4935 2535 4986 concordi
2565 4949 2769 4986 sacram
2793 4948 2962 4985 secum
2988 4949 3182 4985 caenam
3208 4931 3587 5000 frequentaret.

414 4993 556 5073 lliiic
601 5002 961 5073 continuatur
1006 4993 1273 5057 catholica
1322 4993 1594 5056 sententia
1643 5019 1764 5071 qua:
1813 4993 1989 5066 docet,
2035 5004 2275 5070 graviter
2305 5018 2534 5072 peccare
2577 5004 2725 5057 illum
2756 5006 2846 5072 qui
2881 4993 3251 5057 communicat
3300 4993 3420 5056 cum
3455 5019 3586 5055 cou-

345 5067 575 5144 scietttia
606 5072 814 5144 peccati
858 5074 1131 5134 mortalis,
1164 5074 1421 5140 quoniam
1460 5074 1614 5127 cibus
1638 5067 1721 5126 est
1748 5067 2157 5144 vivoruuifnou
2185 5067 2562 5140 moriuorum;
2610 5076 2735 5142 quia
2772 5067 2887 5126 'hoc
2927 5083 3333 5125 sacramentum
3368 5083 3587 5144 nonest

349 5140 654 5213 institutum
693 5140 745 5213 in
778 5144 1153 5213 remissionem
1190 5153 1563 5209 peceatorutn,
1596 5145 1689 5196 sed
1725 5145 1791 5196 ad
1834 5143 2148 5195 alimentum
2186 5143 2469 5211 spiritale;
2510 5146 2579 5198 ali
2626 5140 2804 5196 autem
2836 5152 3041 5196 tantum
3086 5152 3288 5211 potest,
3325 5146 3415 5212 qui
3457 5143 3585 5193 \‘iVll

347 5206 686 5283 spiritaliter.
716 5209 887 5283 Adde,
926 5212 1069 5283 quod
1108 5206 1205 5283 qui
1231 5228 1354 5271 cum
1383 5206 1718 5267 conscientia
1765 5213 1976 5281 peccati
2003 5206 2246 5266 mortalis
2276 5206 2508 5281 accedit,
2536 5223 2798 5283 quantum
2824 5230 2890 5267 ex
2918 5227 2976 5283 se
3023 5206 3136 5277 est,
3171 5206 3367 5266 falsam
3413 5212 3585 5265 reddit

348 5273 509 5342 hujus
539 5281 866 5353 sacramenti
895 5273 1386 5350 signiﬁcationem;
1421 5284 1686 5353 signilieat
1722 5273 1890 5345 enim,
1922 5300 2044 5335 eum
2074 5284 2164 5351 qui
2196 5287 2364 5337 sumit
2411 5273 2639 5339 esse-de
2671 5299 2900 5352 corpore
2923 5273 3132 5353 Christi
3172 5286 3423 5353 mystico,
3466 5296 3584 5350 qua:

345 5356 427 5396 est
448 5350 682 5401 societas
710 5361 1025 5403 sanctorum
1065 5353 1167 5404 [ide
1195 5366 1260 5403 ac
1286 5350 1557 5406 charitate
1584 5352 1804 5423 Christo
1830 5350 2129 5406 adhaerens.
2170 5354 2307 5408 Hinc
2357 5369 2573 5423 quoque
2612 5350 2813 5423 infra'§
2845 5354 2877 5406 6
2914 5363 2970 5405 et
3010 5352 3063 5417 7,
3111 5350 3293 5418 docet,
3330 5358 3580 5407 catechu-

346 5428 543 5493 menos
559 5428 611 5470 et
646 5434 1039 5493 euergumeuos
1075 5423 1601 5493 cumpeccatoribus
1631 5424 1697 5476 ab
1725 5422 1824 5476 hac
1852 5439 2007 5493 sacra
2035 5422 2413 5478 communione
2452 5435 2705 5493 tauquam
2739 5422 2993 5489 indignos
3028 5426 3227 5478 arceri.

415 5483 471 5564 In
504 5486 707 5564 Graecis
735 5483 879 5564 enim
909 5491 1143 5564 liturgiis
1170 5483 1445 5564 clamabat
1483 5493 1787 5564 diaconus:
1837 5491 1918 5544 Τὰ
1950 5493 2081 5560 ᾰγια
2121 5493 2233 5555 τοῖς
2280 5494 2480 5562 ἁγίοις,
2534 5483 2587 5549 id
2626 5504 2709 5549 est
2734 5483 2915 5547 saucia
2945 5504 3161 5558 sanctis,
3197 5496 3370 5564 iisque
3405 5495 3580 5546 verbis

345 5554 588 5619 prolatis,
632 5554 1435 5633 catechumeui,'energumeui,
1471 5572 1523 5616 et
1556 5563 1753 5615 notorii
1800 5554 2116 5631 peccatores
2152 5554 2514 5633 pellebantur,
2556 5566 2636 5618 uti
2679 5554 3364 5620 etiatii-testatursaticitts
3407 5565 3580 5633 Chrys

348 5633 648 5689 sostomus,
681 5630 868 5683 homil.
902 5632 994 5697 ti],
1021 5632 1087 5685 ad
1114 5630 1371 5701 populum
1395 5630 1816 5699 Antiocbeuum,
1861 5641 1917 5689 et
1959 5630 2204 5690 Justinus
2230 5636 2452 5708 Apolog.
2498 5630 2568 5694 ’t.
2616 5635 2730 5692 lmo
2772 5649 2876 5691 uec
2908 5636 3091 5691 videre
3132 5630 3581 5709 permittebantur

424 5766 485 5805 ⁴¹ι
518 5768 713 5837 Ephcs.
743 5785 793 5824 ν.
826 5769 914 5825 29.
1004 5769 1014 5808 ¹
1053 5772 1214 5829 ιαυτ.
1255 5776 1443 5841 81.29.
1488 5787 1523 5813 '
1548 5778 1648 5839 Isa.
1684 5800 1756 5852 ts,
1782 5786 1829 5841 6.
1918 5796 1942 5826 υ
1967 5788 2007 5843 ll
2040 5791 2161 5846 Cor.
2192 5808 2310 5862 siit,
2352 5793 2432 5848 ll.
2479 5801 2503 5831 ο
2531 5793 2665 5852 Psal.
2700 5810 2858 5865 Lxxv,
2886 5788 2955 5870 ’ὃς
