3728 6312
351 290 451 347 ιτιι

348 414 495 471 mus,
530 410 692 472 quam
721 396 792 452 ob
821 407 1041 451 causam
1072 391 1124 446 id
1160 389 1306 461 quod
1345 386 1467 441 aliis
1496 400 1711 456 quoque
1743 397 1931 437 sacra-

354 492 560 550 mentis
599 500 888 546 commune
912 492 1017 549 est,
1065 481 1197 538 huic
1242 479 1643 550 approprietur,
1680 484 1936 531 vocetur-

351 600 460 658 que
515 582 737 654 proprie
785 576 1098 636 communio
1129 584 1183 628 et
1211 575 1456 646 synaxis,
1496 585 1619 625 cum
1659 567 1939 637 quodlibet

351 687 783 737 sacramentum,
814 672 930 725 sive
968 668 1237 738 baptisma
1281 667 1395 722 sive
1434 664 1681 720 ordinem
1711 660 1936 723 dixeris,

353 769 516 824 etiam
552 766 684 819 illud
728 765 915 831 utique
961 760 1175 826 habeat,
1232 770 1291 813 ιιι
1337 766 1391 813 et
1433 764 1746 826 congreget,
1781 761 1838 808 et
1870 753 1937 807 ad

352 854 797 911 communionem
829 851 1196 921 unionemque
1220 849 1445 903 inducat
1473 867 1484 901 :
1518 846 1571 900 in
1597 845 1748 899 omni
1772 857 1939 897 nam-

354 965 461 1018 que
497 952 843 1001 sacramento
872 943 987 997 haec
1018 942 1244 995 initiatis
1288 939 1665 1000 conferuntur,
1701 950 1756 988 v.
1798 949 1853 1002 ιι.
1885 932 1938 985 in

350 1037 648 1106 baptismo,
693 1050 819 1089 cum
870 1033 974 1087 hoc
1020 1045 1236 1100 quoque
1268 1037 1667 1084 sacramentum
1708 1023 1938 1079 divisam

357 1130 597 1185 heminis
626 1129 814 1192 vitam,
848 1126 901 1180 id
933 1135 1017 1179 est
1044 1124 1387 1186 szecularem,
1421 1131 1477 1175 et
1522 1120 1576 1172 in
1609 1117 1776 1171 multa
1822 1116 1937 1170 dis-

358 1234 614 1287 tractam,
663 1222 729 1276 ad
779 1218 1104 1273 uniformem
1153 1216 1361 1283 colligit
1399 1212 1823 1273 deificationem,
1877 1223 1940 1262 ac

357 1314 659 1371 secundum
696 1312 797 1366 hoc
829 1312 992 1364 etiam
1021 1306 1248 1378 synaxis
1285 1305 1390 1360 dici
1441 1305 1614 1373 possit
1656 1316 1672 1356 :
1717 1314 1771 1356 et
1819 1316 1939 1354 rur-

357 1426 500 1472 sum,
536 1410 587 1461 in
636 1406 947 1463 istiusmodi
999 1402 1324 1457 collectione
1368 1401 1667 1454 divisorum
1710 1395 1942 1452 saecula-

360 1504 613 1570 riumqne
648 1513 891 1555 motuum
913 1498 981 1551 ad
1025 1513 1214 1561 unum,
1243 1493 1455 1548 scilicet
1475 1493 1668 1557 Deum,
1700 1503 1944 1544 commu-

361 1597 581 1649 nionem
609 1593 894 1661 elargitur,
917 1602 1081 1658 atque
1109 1591 1245 1643 adeo
1273 1585 1584 1642 communio
1615 1599 1718 1637 non
1745 1582 1940 1635 imme-

358 1689 464 1740 rito
521 1687 623 1740 dici
685 1686 877 1755 possit.
931 1683 1039 1736 Cur
1096 1682 1299 1749 itaque,
1344 1694 1583 1750 praesens
1628 1690 1943 1731 sacramen-

1531 271 1589 327 S.
1634 265 1935 325 DlONYSlI
1981 257 2445 317 ABEOPAGITAZ

1958 389 2004 445 Α
2031 374 2273 443 τελεταῖς
2312 369 2451 440 αὕτη
2490 366 2853 441 ίδιοποιήσατο
2874 404 2888 428 ,
2922 362 3017 416 καὶ
3040 359 3287 417 καλεῖται
3326 360 3484 426 ἰδίως
3533 379 3636 415 κοι-

3524 248 3630 301 452

2039 464 2203 519 νωνία
2230 464 2322 517 καὶ
2350 459 2567 526 σύναξις
2586 499 2600 523 ,
2631 458 2870 527 ἑκάστης
2893 453 3136 523 τελετῆς,
3167 452 3272 507 κᾶν
3292 451 3395 525 τὴν
3414 452 3523 506 τοῦ
3548 454 3635 523 βα-

2040 556 2342 626 πτίσματος
2364 552 2558 614 εἴποις,
2588 549 2692 602 κᾶν
2714 548 2813 618 τὴν
2833 546 2941 598 τῶν
2970 544 3259 617 ἱερατικῶν
3274 542 3634 607 τελειώσεων,

2035 654 2270 728 ἐχούσης
2300 652 2457 705 τοῦτο
2479 651 2543 721 δὴ
2568 648 2626 701 τὸ
2654 647 2903 717 συνάγειν
2938 648 3032 700 καὶ
3056 647 3136 709 είς
3162 644 3454 698 κοινωνίαν
3484 644 3635 712 ἄγειν

2041 750 2133 803 καὶ
2170 733 2386 800 ἕνωσιν·
2422 745 2611 798 ἅπασα
2650 740 2760 811 γὰρ
2792 740 2984 810 τελετὴ
3015 736 3188 791 ταῦτα
3218 736 3487 808 δωρεῖται
3530 740 3635 799 τοῖς

2038 840 2403 911 τελουμένοις,
2428 837 2503 901 ὡς
2529 838 2660 915 φέρε
2686 838 2859 888 εἰπεῖν
2877 834 2971 887 ἐπὶ
2989 834 3083 887 τοῦ
3111 832 3522 904 βαπτίσματος·
3553 832 3638 882 καὶ

2040 937 2151 1008 γὰρ
2174 938 2207 1007 ἡ
2230 934 2453 1005 τοιαύτη
2484 931 2676 1002 τελετὴ
2697 930 2794 1001 τὴν
2834 927 3093 1001 μεριστὴν
3130 926 3273 998 ζωὴν
3300 922 3399 977 τοῦ
3427 922 3637 995 ἀνθρὼ-

2044 1048 2168 1092 που,
2196 1028 2435 1099 δηλονότι
2467 1025 2564 1096 τὴν
2592 1022 2885 1093 κοσμικὴν,
2916 1021 3011 1073 καὶ
3040 1022 3120 1083 είς
3161 1016 3336 1071 πολλὰ
3378 1015 3639 1085 πληθυντι-

2047 1120 2235 1191 μένην,
2277 1121 2355 1182 είς
2391 1116 2594 1186 ὲνοειδῆ
2636 1114 2889 1181 συνάγειν
2923 1112 3138 1175 θέωσιν,
3162 1111 3256 1163 καὶ
3294 1107 3446 1163 κατὰ
3486 1106 3639 1159 τοῦτο

2046 1212 2263 1278 σύναξις
2293 1210 2358 1263 ἂν
2385 1208 2614 1277 λέγοιτοο
2641 1206 2735 1259 καὶ
2770 1203 2931 1256 πάλιν
2958 1204 3013 1254 ὲν
3039 1205 3104 1273 τῇ
3132 1200 3359 1274 τοιαύτῃ
3385 1217 3451 1252 συ
3462 1200 3609 1271 μπτύ
3626 1226 3638 1234 -

2046 1304 2124 1368 ξει
2151 1304 2258 1356 τῶν
2284 1299 2570 1372 διαιρετῶν
2606 1298 2704 1351 καὶ
2738 1294 3018 1367 κοσμικῶν
3053 1295 3315 1364 κινήσεων
3347 1292 3453 1363 τὴν
3509 1290 3639 1361 πρὸς

2043 1397 2104 1450 τὸ
2128 1396 2205 1459 ἓν,
2233 1394 2324 1447 τὸν
2352 1393 2484 1446 Θεὸν
2509 1390 2727 1462 δηλαδὴ,
2757 1387 3039 1441 κοινωνίαν
3071 1386 3347 1457 δωρεῖται,
3395 1383 3511 1436 ἰδοὺ
3554 1386 3640 1435 καὶ

2045 1486 2300 1543 κοινωνία
2341 1486 2439 1537 οὐκ
2479 1483 2785 1546 ἀπεικότως
2818 1480 3028 1549 λέγοιτο
3059 1480 3143 1532 ἄν.
3188 1480 3305 1530 Ἵνα
3348 1476 3406 1528 τί
3448 1475 3639 1545 γοῦνῇ

2047 1578 2383 1649 προκειμένη
2404 1576 2593 1646 τελετὴ
2610 1575 2716 1627 τῶν
2743 1574 3000 1627 τοιούτων
3021 1572 3301 1642 ὀνομάτων
3338 1569 3494 1633 ἰδίως
3528 1586 3640 1640 μετ-

2047 1673 2264 1745 είληχε;
2294 1672 2402 1724 Καὶ
2436 1671 2636 1740 φαμὲν,
2674 1671 2752 1722 ὅτι
2795 1670 2828 1739 ἡ
2870 1667 2977 1720 τῶν
3024 1665 3254 1719 τελετῶν
3284 1664 3525 1717 ἐκείνων
3571 1680 3643 1714 τεο

360 1791 471 1833 ιυιιι
509 1754 812 1832 istiusmodi
843 1777 1059 1830 nomina
1110 1773 1331 1844 proprie
1374 1772 1477 1826 sibi
1521 1769 1798 1824 vindicat?
1857 1768 1946 1821 Di-

2096 1766 2264 1827 είωσις
2288 1767 2351 1817 ὲκ
2370 1763 2478 1816 τῶν
2512 1760 2713 1831 ταύτης
2739 1759 2955 1831 δωρεῶν
2980 1758 3115 1809 ἐστι·
3145 1758 3239 1809 καὶ
3264 1755 3380 1826 γὰρ
3400 1755 3508 1807 οὐκ
3532 1754 3639 1805 ἔστι

358 1874 553 1935 cimus,
615 1873 840 1924 istorum
890 1879 1361 1923 sacramentorum
1429 1864 1822 1935 perfectionem
1872 1877 1937 1915 ex

359 1963 525 2031 hujus
561 1962 876 2016 muneribus
907 1963 1141 2016 existere
1177 1981 1187 2015 :
1250 1975 1373 2012 nam
1407 1973 1515 2012 non
1555 1956 1682 2010 licet
1720 1954 1941 2023 aliquod

358 2065 763 2108 sacramentum
804 2052 1208 2107 hierarchicum
1236 2052 1528 2120 perlicere,
1555 2048 1657 2101 nisi
1690 2045 1943 2100 videlicet

359 2146 703 2200 divinissima
735 2144 1073 2201 eucharistia
1106 2159 1230 2197 cum
1269 2158 1399 2207 uno,
1443 2142 1495 2194 id
1528 2148 1614 2194 est
1642 2140 1804 2209 202
1837 2139 1944 2191 Deo

359 2238 800 2307 conjunctiouem
840 2246 1119 2306 operetur;
1170 2236 1277 2290 hoc
1309 2234 1456 2288 enim
1487 2242 1572 2287 est
1613 2232 1943 2301 praecipuum

358 2332 503 2399 quod
554 2331 606 2383 in
654 2330 888 2398 singulis
914 2330 1247 2383 celebratur.
1280 2325 1340 2379 Si
1385 2326 1570 2393 itaque
1596 2322 1943 2391 unumquod-

359 2438 468 2491 que
504 2430 934 2482 sacramentum,
984 2420 1136 2473 hisce
1167 2417 1461 2487 mysteriis
1490 2414 1835 2477 frustratum,
1874 2411 1946 2465 sit

360 2513 760 2582 imperfectum,
792 2523 845 2566 et
879 2526 979 2564 nec
1017 2509 1234 2580 proprie
1265 2514 1677 2561 sacramentum
1710 2503 1942 2568 dicatur,

360 2601 542 2673 neque
580 2619 701 2658 cum
747 2620 852 2657 nuo
884 2602 976 2657 illo
1018 2601 1383 2656 communicet
1410 2597 1716 2666 capuletve.
1750 2595 1946 2649 tnerito

360 2703 525 2753 etiam
556 2698 679 2753 huic
707 2699 807 2751 suli
843 2696 1121 2765 pr0prium
1146 2695 1247 2747 hoc
1276 2706 1470 2753 nomen
1499 2703 1766 2759 synaxeos
1788 2687 1945 2741 attri-

365 2791 576 2845 buitur.
612 2789 847 2859 Synaxis
897 2801 1060 2856 porro
1103 2785 1326 2838 minime
1366 2780 1714 2848 intelligenda
1765 2776 1944 2847 populi

359 2883 736 2953 congregatio,
774 2888 934 2949 prout
970 2876 1134 2946 aliqui
1175 2890 1318 2929 nunc
1359 2873 1618 2941 temporis
1651 2885 1836 2925 vocem
1886 2868 1949 2922 il-

363 2977 469 3028 lam
497 2974 795 3042 accipiunt,
828 2971 922 3025 sed
966 2985 1088 3024 cum
1121 2968 1229 3021 Deo
1263 2964 1577 3033 conjunctio
1606 2960 1950 3017 communio-

363 3080 491 3133 que.
526 3065 669 3117 ldem
694 3076 916 3131 quoque
947 3060 1071 3128 quis
1096 3058 1336 3111 inveniat
1363 3058 1415 3109 in
1447 3054 1617 3108 divini
1646 3052 1947 3120 baptisma-

2045 1854 2165 1909 τινὰ
2197 1854 2515 1923 τελεσθῆναι
2542 1850 2859 1923 ίεραρχικὴν
2896 1848 3138 1919 τελετὴν,
3185 1846 3258 1917 μὴ
3296 1845 3403 1915 τῆς
3443 1843 3645 1895 θειοτά-

2002 1986 2005 1989 -
2044 1965 2143 2017 της
2170 1944 2555 2017 Εὑχαριστίας,
2577 1942 2675 2012 τῆς
2698 1940 2805 1993 τῶν
2837 1937 3150 2010 μυστηρίων
3178 1935 3412 2006 δηλαδὴ,
3434 1936 3642 2005 ἱερουρ-

2045 2038 2248 2108 γούσης
2280 2039 2377 2108 τὴν
2414 2037 2503 2089 ἐπὶ
2534 2036 2594 2088 τὸ
2624 2035 2702 2099 ἓν,
2740 2033 2829 2085 τὸν
2854 2032 2986 2084 Θεὸν
3027 2028 3246 2100 δηλαδὴ,
3289 2031 3642 2097 συναγωγήν·

2044 2133 2201 2186 τοῦτο
2234 2132 2343 2202 γάρ
2375 2132 2489 2183 ἐστι
2529 2127 2590 2180 τὸ
2634 2124 3163 2194 κεφαλαιωδέστερον
3207 2122 3300 2174 ἐπὶ
3344 2124 3466 2184 τοῖς
3523 2121 3641 2173 καθ’

2045 2225 2252 2277 ἕκαστα
2293 2219 2656 2290 τελουμένοις.
2682 2219 2743 2269 Εἰ
2785 2216 2963 2269 τοίνυν
3004 2213 3206 2284 ἑκάστη
3242 2211 3355 2263 τῶν
3378 2211 3619 2263 τελετῶν

2048 2314 2454 2385 ἀπολειπομένη
2487 2311 2584 2382 τὴν
2613 2316 2629 2331 ⁶
2663 2307 3216 2381 μυστηρίων,άτελής
3248 2307 3387 2369 ἐστι,
3426 2305 3531 2357 καὶ
3551 2306 3643 2356 οὐκ

2048 2405 2161 2476 ἔχει
2185 2404 2388 2475 κυρίως
2425 2400 2548 2454 οὔτε
2585 2400 2647 2452 τὸ
2677 2398 2869 2469 τελετὴ
2899 2396 3184 2465 λέγεσθαι,
3222 2393 3347 2447 οὔτε
3397 2396 3517 2466 μὴν
3555 2394 3647 2463 τὴν

2050 2496 2184 2567 πρὸς
2218 2494 2277 2545 τὸ
2308 2494 2364 2545 ἓν
2395 2490 2679 2544 κοινωνίαν
2710 2491 2802 2541 καὶ
2829 2485 3065 2551 σύναξιν,
3098 2485 3322 2548 εἰκότως
3347 2485 3533 2556 ταύτῃ
3557 2487 3644 2537 καὶ

2053 2586 2191 2659 μόνῃ
2216 2585 2516 2638 ἐπιτίθεται
2596 2583 2760 2654 κυρία
2778 2581 3060 2652 ἐπωνυμία
3082 2581 3179 2651 τῆς
3198 2580 3503 2645 συνάξεως.
3523 2576 3642 2629 Σύν-

2051 2677 2172 2743 αξιν
2194 2678 2250 2729 δὲ
2279 2676 2497 2749 νοητέον
2554 2675 2613 2728 οὐ
2644 2677 2743 2747 τὴν
2780 2674 2872 2727 τοῦ
2909 2670 3074 2737 λαοῦ,
3122 2670 3307 2734 καθὼς
3348 2670 3451 2740 τὴν
3504 2669 3643 2733 λέξιν

2048 2769 2191 2831 τινὲς
2210 2769 2447 2839 σήμερον
2466 2766 2595 2819 εκλα
2604 2760 3069 2836 μϐάνονται,”ἀλλὰ
3085 2762 3182 2832 τὴν
3201 2760 3335 2830 πρὸς
3364 2758 3508 2810 Θεὸν
3536 2773 3642 2808 cavo

2051 2862 2273 2932 αγωγὴν
2316 2861 2410 2914 καὶ¹
2461 2859 2763 2913 κοινωνίαν.
2806 2855 2990 2919 υύτως
3028 2854 3177 2925 εὖροι
3207 2869 3289 2915 τις
3316 2851 3384 2904 ἂν
3417 2851 3523 2903 καὶ
3560 2850 3646 2900 ἐπὶ

2050 2964 2151 3033 τῆς
2184 2962 2404 3032 τελετῆς
2442 2959 2536 3013 τοῦ
2577 2958 2722 3011 θείου
2766 2958 3158 3029 βαπτίσματοςο
3196 2954 3289 3006 καί⁵
3314 2950 3426 3023 γὰρ
3463 2951 3569 3004 καὶ
3592 2950 3641 2999 αἱ

2054 3055 2210 3110 ἄλλαι
2239 3053 2532 3124 φωτίζουσι
2554 3050 2788 3114 τελεταὶ,
2818 3047 2931 3101 ἀλλ’
2964 3048 3113 3117 ὅμως
3141 3044 3317 3117 ταύτῃ
3342 3043 3498 3105 ἰδίως
3525 3044 3644 3093 ἐπε-

365 3158 434 3209 tis
466 3164 809 3209 sacramento
848 3171 860 3205 ε
896 3167 1018 3205 nam
1055 3149 1183 3203 licet
1210 3148 1314 3201 alia
1343 3161 1559 3216 quoque
1598 3153 1942 3197 sacramenta

2096 3145 2176 3216 ίθη
2198 3143 2259 3198 τὸ
2293 3142 2464 3212 ὄνομα
2488 3140 2583 3194 τοῦ
2627 3139 2993 3210 φωτίσματος,
3023 3136 3111 3190 διὰ
3150 3134 3210 3187 τὸ
3252 3131 3393 3187 εἶναι
3437 3132 3642 3199 ταύτην

364 3247 697 3309 illuminent,
724 3244 850 3298 huic
882 3252 1061 3295 tamen
1098 3239 1314 3309 proprie
1341 3252 1535 3291 nomen
1564 3237 1665 3289 hoc
1703 3233 1943 3288 illustra-

367 3338 537 3390 tionis
560 3336 874 3404 impositum
900 3342 1001 3395 est,
1039 3331 1185 3400 quod
1217 3328 1457 3382 omnium
1488 3326 1793 3380 divinarum
1825 3321 1946 3375 illu-

367 3430 691 3482 strationum
741 3425 1066 3495 principium
1110 3422 1335 3475 existat.
1414 3414 1548 3469 Nam
1583 3415 1683 3469 nisi
1708 3414 1831 3484 quis
1861 3414 1944 3467 di-

366 3510 494 3571 vino
538 3518 869 3588 baptismate
916 3516 1079 3571 fuerit
1113 3515 1381 3574 initiatos,
1426 3510 1775 3579 ejusdemque
1819 3507 1942 3562 illu-

368 3612 633 3665 stratioue
680 3610 875 3681 dignus
916 3610 991 3662 sit
1037 3608 1274 3670 habitus,
1309 3620 1418 3658 non
1485 3612 1660 3672 potest
1721 3601 1945 3655 alterius

368 3704 672 3774 cnjuspiam
743 3699 1127 3757 illustrationis
1192 3696 1786 3768 particepsexistere.
1851 3692 1947 3748 His

369 3795 573 3879 dic-tis,
640 3794 1051 3851 consideremus
1125 3794 1299 3863 ipsam
1381 3790 1544 3859 hujus
1618 3787 1942 3843 sacramenti

2049 3236 2240 3292 πασῶν
2271 3233 2380 3287 τῶν
2407 3234 2566 3287 θείων
2590 3230 2963 3301 φωταγωγιῶν
2997 3230 3192 3299 ἀρχήν.
3231 3227 3294 3279 Εἰ
3318 3224 3430 3295 γὰρ
3463 3225 3546 3295 μὴ
3571 3240 3646 3275 τε-

2047 3326 2265 3396 λεσθείη
2284 3341 2370 3387 τις
2395 3322 2472 3394 τῷ
2495 3324 2623 3394 θείῳ
2652 3320 3007 3392 βαπτίσματι,
3034 3317 3241 3371 καὶτοῦ
3267 3314 3529 3368 ἐντεῦθεν
3548 3330 3635 3381 quo

2047 3418 2243 3489 τισμοῦ
2268 3415 2652 3486 καταξιωθείη,
2674 3413 2975 3467 ού·δύναται
3000 3410 3159 3465 ἄλλου
3181 3410 3327 3473 τινὸς
3354 3405 3640 3478 φωτισμοῦ

2051 3511 2281 3582 μετοχὴν
2319 3509 2591 3575 δέξασθαι.
2628 3506 2814 3559 Ταῦτα
2858 3505 3103 3567 εἰπόντες
3126 3544 3143 3567 ,
3188 3502 3501 3570 κατίδωμεν
3544 3502 3633 3570 μὲν

2050 3605 2188 3667 τέως
2214 3603 2310 3674 τὴν
2350 3603 2445 3673 τῆς
2492 3599 2744 3671 τοιαύτης
2778 3599 2998 3667 τελετῆς
3028 3594 3358 3667 ἱερουργίαν,
3397 3592 3641 3664 δηλονότι

2054 3696 2201 3759 ὅπως
2232 3694 2464 3747 τελεῖται
2486 3693 2547 3746 τὸ
2581 3695 2874 3763 μυστήριον
2898 3690 2996 3759 τῆς
3026 3686 3316 3752 συνάξεως,
3347 3685 3641 3755 μετέπειτα

2055 3787 2110 3840 δὲ
2145 3786 2213 3839 τά
2236 3787 2336 3855 τῆς
2374 3785 2604 3855 Θεωρίας
2641 3785 3038 3856 ὲρευνήσωμεν.

369 3874 865 3956 consecrationem,
915 3888 1190 3956 quomodo
1232 3884 1482 3939 videlicet
1533 3882 1851 3953 mysterium
1907 3895 2181 3951 synaxeos
2259 3880 2599 3945 celebretur;
2669 3876 2861 3930 deinde
2938 3889 3068 3927 vero
3121 3868 3636 3936 contetuphttioueit

369 3984 484 4054 ejus
513 3984 852 4053 indagemus.

792 4078 856 4133 ll.
902 4077 956 4131 Μ
963 4077 1216 4148 ysterium
1241 4090 1520 4144 synaxeos.

444 4171 742 4226 Hierarcha
778 4183 992 4237 precem
1026 4182 1243 4220 sacram
1286 4166 1462 4234 (illum
1498 4165 1718 4233 inquam
1754 4157 1949 4215 introi-

374 4266 514 4330 tum)
544 4264 612 4315 ad
647 4262 819 4313 altare
848 4259 1153 4321 celebrans,
1184 4268 1238 4310 et
1287 4257 1354 4310 ab
1396 4255 1634 4321 ejusdem
1681 4252 1950 4307 sufﬁtione

375 4356 592 4411 initium
645 4354 879 4414 faciens,
926 4351 1241 4403 universum
1296 4348 1480 4415 templi
1526 4348 1787 4399 ambitum
1843 4344 1952 4397 cir-

2432 4068 2505 4120 ll.‘
2539 4069 2708 4119 Μυστ
2720 4053 2888 4133 ήριοκ
2920 4060 3250 4126 συνάξεως.
3268 4056 3275 4065 “

2096 4206 2101 4207 ν
2142 4162 2197 4215 Ὃ
2231 4163 2327 4231 μὲν
2362 4160 2642 4231 ἱεράρχης,
2681 4158 2845 4227 εὐχὴν
2874 4156 3024 4226 ἱερὰν
3054 4154 3203 4216 ἐντὸς
3235 4151 3329 4207 τοῦ
3356 4150 3642 4221 θυσιαστη-

2060 4254 2172 4326 ρίου
2207 4254 2592 4323 ποιησάμενος,
2643 4249 2831 4319 (αὑτὸν
2874 4248 2936 4318 δὴ
2974 4242 3128 4317 οἶμαι
3174 4245 3264 4297 τὸν
3303 4243 3637 4313 editam-:va

2056 4348 2150 4399 καὶ
2178 4346 2236 4413 ἐξ
2257 4345 2423 4397 αὑτοῦ
2446 4344 2540 4397 τοῦ
2580 4343 2781 4412 θυμιᾷν
2802 4338 3124 4411 ἀρξάμενος,
3156 4336 3518 4408 περιέρχεται
3550 4336 3623 4386 πά

374 4446 531 4501 cuit:
579 4442 775 4495 exinde
836 4454 1051 4493 rursum
1097 4439 1164 4490 ad
1206 4437 1449 4491 divinum
1486 4435 1661 4489 altare
1713 4433 1947 4496 rediens,

2096 4458 2158 4491 αν
2182 4439 2281 4493 τὴν
2313 4436 2571 4508 περιοχὴν
2592 4434 2685 4487 τοῦ
2712 4432 2860 4486 ναοῦ’
2890 4428 3027 4494 εἶτα,
3058 4429 3330 4491 ἀναλύσας
3362 4428 3531 4481 πάλιν
3556 4426 3640 4479 ἐπὶ

373 4552 480 4591 una
512 4550 633 4589 cmn
664 4532 786 4587 aliis
823 4530 946 4584 infit
988 4528 1318 4597 psalmorum
1353 4526 1563 4581 melos:
1601 4536 1788 4595 postea
1824 4539 1949 4577 vero

375 4610 475 4701 per
504 4633 733 4682 lectores
783 4626 906 4696 (bos
954 4622 1192 4690 liturgos
1232 4617 1412 4687 vocat)
1455 4618 1759 4673 divinarum
1801 4605 1963 4671 ScriJ

374 4700 677 4793 pturarum,
718 4726 777 4771 ut
809 4708 1218 4785 Prophetiarum
1241 4750 1259 4777 ,
1308 4710 1536 4780 apostoli
1572 4722 1626 4765 et
1673 4700 1948 4778 Evangelii

376 4810 550 4870 divini
588 4811 746 4866 lectio
775 4809 1070 4864 recitatur:
1102 4820 1207 4874 qua
1240 4803 1413 4866 linita,
1445 4803 1818 4856 catcchnmeni
1862 4816 1951 4855 ar-

374 4915 587 4965 centur,
640 4910 691 4954 ct
746 4907 871 4953 ante
914 4899 1010 4952 hos
1059 4892 1437 4962 energnmeni,
1484 4893 1573 4960 qui
1617 4894 1873 4947 nimirum
1922 4908 1952 4945 a

374 4994 713 5048 dannonibns
757 4991 1100 5050 infestantur,
1128 4998 1181 5040 et
1209 4986 1574 5055 pmnitcntes;
1607 4994 1827 5037 manent
1858 5000 1955 5036 au-

377 5096 485 5141 tem
516 5086 608 5153 qui
655 5082 800 5152 digni
845 5090 991 5137 sunt.
1026 5079 1197 5133 Porro
1233 5094 1264 5134 e
1303 5076 1538 5146 liturgis,
1602 5076 1950 5130 subdiacoui-

374 5176 477 5230 bus
504 5174 745 5242 inquam,
776 5170 866 5225 alii
895 5169 1109 5239 quidem
1146 5169 1291 5223 fores
1325 5168 1657 5230 custodiunt,
1701 5165 1791 5220 alii
1825 5180 1952 5221 vero

377 5267 523 5323 aliud
578 5263 857 5333 quidpiam
908 5270 1106 5329 agunt;
1152 5259 1244 5328 qui
1289 5270 1467 5313 autem
1515 5257 1759 5328 primarii
1805 5267 1952 5320 sunt,

377 5361 589 5417 scilicet
616 5358 859 5419 diaconi,
888 5369 992 5408 una
1037 5367 1161 5406 cum
1186 5352 1563 5406 sacerdotibus
1591 5351 1772 5406 divino
1797 5348 1953 5403 altari

377 5468 572 5526 panem
602 5462 840 5511 sacrum,
872 5456 927 5502 et
954 5444 1178 5498 calicem
1215 5445 1614 5501 benedictionis
1647 5446 1953 5514 imponunt,

376 5555 432 5600 et
455 5543 651 5598 deinde
696 5539 1007 5596 communis
1048 5537 1394 5608 hymnologia
1431 5538 1742 5609 profertur;
1788 5536 1954 5590 habe-

377 5638 510 5694 bant
549 5637 693 5690 enim
727 5639 891 5692 etiam
915 5646 1025 5693 tum
1062 5635 1279 5706 aliquod
1314 5636 1698 5691 documentum
1731 5644 1792 5686 ac
1831 5628 1952 5685 ftdci

431 5735 456 5759 °‘
488 5730 633 5796 ἴσως
658 5728 784 5780 τῶν.

2060 4533 2121 4591 τὸ
2142 4530 2283 4584 θεῖον
2303 4530 2709 4599 θυσιαστήριον,
2729 4524 3036 4595 ἁπάρχεται
3062 4520 3200 4592 μετὰ
3216 4519 3325 4573 τῶν
3340 4519 3520 4573 ἄλλων
3542 4520 3637 4587 τῆς

2032 4614 2388 4703 ἱῷαλμῳδίαςο
2435 4620 2559 4689 ἑξῆς
2598 4617 2654 4671 δὲ
2690 4615 2779 4668 διὰ
2831 4615 2938 4668 τῶν
2968 4610 3339 4687 άναγνωστῶν
3379 4610 3638 4680 (τούτους

2039 4715 2162 4796 Δγὲιρ
2177 4714 2323 4782 λέγει
2348 4708 2713 4782 λειτουργοὺς)
2738 4708 2846 4761 τῶν
2886 4706 3044 4759 θείων
3084 4703 3342 4776 Γραφῶν,
3378 4702 3493 4754 τῶν
3518 4719 3639 4772 πριι-

2057 4805 2315 4878 φητειὼν,
2340 4804 2434 4857 τοῦ
2480 4801 2826 4864 Ἀποστόλου,
2871 4798 2966 4851 τοῦ
3002 4796 3148 4851 θείου
3174 4793 3514 4863 Εὑαγγελίου
3537 4833 3554 4857 ,
3606 4793 3636 4860 ἡ

2054 4900 2356 4968 ἀνάγνωσις
2390 4895 2619 4965 γίνεται·
2652 4892 2791 4963 μετὰ
2814 4891 2987 4944 ταῦτα
3016 4886 3366 4941 ὲκόάλλονται
3401 4885 3453 4937 οἰ
3478 4900 3635 4951 κατη-

2054 4989 2307 5062 χούμενοι
2327 5029 2341 5053 ,
2383 4987 2487 5059 πρὸ
2529 4988 2733 5042 τούτων
2762 4986 2810 5036 οί
2852 4980 3234 5054 ὲνεργούμενοι
3254 5017 3268 5039 ,
3302 4975 3560 5049 δηλονότι⁵
3590 4975 3635 5024 οἱ

2050 5079 2411 5151 ,δαιμονῶντες
2436 5118 2448 5135 .
2475 5078 2568 5131 καὶ
2591 5078 2640 5129 οί
2678 5078 2734 5129 ἐν
2778 5074 3034 5146 μετανοίᾳ
3063 5072 3235 5133 ὄντες,
3264 5068 3485 5139 μένουσι
3508 5068 3565 5120 δὲ
3589 5066 3633 5117 οἱ

2054 5171 2215 5235 ἄξιοι.
2273 5169 2403 5222 Ἀπὸ
2427 5168 2482 5221 δὲ
2508 5168 2616 5220 τῶν
2640 5163 2991 5235 λειτουργῶν,
3021 5162 3163 5232 φημὶ
3208 5159 3315 5212 τῶν
3350 5157 3633 5210 ⁴ὑίτοδιακιὲ

2054 5283 2179 5329 νων,
2215 5266 2263 5318 οἱ
2302 5264 2398 5334 μὲν
2422 5260 2519 5325 τὰς
2554 5259 2727 5322 πύλας
2753 5256 3129 5327 φυλάσσουσιν,
3159 5252 3206 5303 οἱ
3226 5250 3282 5302 δὲ
3312 5249 3444 5304 ἄλλο
3466 5247 3634 5301 τιδια-

2057 5361 2404 5431 πράττονται·
2437 5357 2484 5407 οί
2511 5354 2565 5407 δὲ
2594 5353 2855 5423 ἔκκριτοι,
2880 5349 3119 5420 δηλονότι
3157 5347 3205 5399 οἱ
3236 5344 3500 5407 διάκονοι,
3542 5344 3631 5395 σὺν

2054 5454 2165 5513 τοῖς
2202 5448 2435 5520 ἱερεῦσιν
2473 5447 2565 5498 ἐπὶ
2597 5443 2691 5496 τοῦ
2728 5443 2870 5496 θείου
2918 5440 3305 5509 θυσιαστηριου
3338 5435 3431 5488 τὸν
3475 5434 3628 5504 ἂρτεκ

2056 5540 2389 5615 προτιθέασι,
2420 5538 2515 5592 xui.
2536 5536 2597 5589 τὸ
2620 5536 2718 5606 τῆς
2749 5533 2995 5603 εὐλογίας
3012 5532 3288 5602 ποτήριον,
3325 5528 3420 5580 καὶ
3446 5526 3629 5579 ἔπειτα

2058 5632 2500 5707 προομολογεῐται
2522 5630 2556 5700 η
2579 5626 2729 5698 κοινὴ
2751 5624 3060 5698 ὑμνολογία.
3089 5620 3245 5694 Εἶχον
3266 5635 3375 5693 γαρ
3398 5620 3495 5675 καὶ
3515 5618 3628 5674 τότε
