3728 6336
51 257 160 312 εὖ

580 256 671 312 DE
701 255 985 316 ECCLES.
1022 254 1422 321 HIERARCH.,
1479 256 1634 313 CAP.
1677 256 1765 313 Ill.
1797 288 1866 298 -—
1907 254 2257 311 PARAPHR.
2298 253 2766 315 PACHYMERIE.

3201 260 3341 333 4,5“

55 371 289 445 μάθημά
315 390 369 426 τι
386 372 482 427 καὶ
496 373 838 445 συμμάθημα
858 374 1112 436 πίστεως.
1138 372 1282 443 Πρὸς
1304 367 1385 436 οἷς
1412 374 1441 425 ό
1468 372 1595 443 ἱερά]

1750 370 2165 426 institutionem.
2201 371 2281 425 Ad
2312 372 2429 427 haec
2474 372 2744 442 pontifex,
2790 387 3007 430 sacram
3047 390 3315 451 peragens

51 483 173 537 χης,
202 463 369 536 εὐχὴν
404 465 789 536 ποιησάμενος,
812 465 910 536 τὴν
935 466 1157 536 εἰρήνην
1191 464 1516 532 διαγγέλλει,
1555 464 1641 535 δη·

51 557 228 609 λονότι
248 557 329 609 τό·
343 555 564 625 Εἰρήνη
580 552 750 609 πᾶσι·
769 556 863 608 καὶ
892 555 1051 620 εὐθὺς
1076 555 1500 627 ἀσπασαμένων,
1519 556 1648 608 ἀνα-

47 645 408 713 γινώσκυνται
439 646 509 699 τά
525 646 776 716 δίπτυχα.
802 647 911 699 Kal
942 646 1272 717 νιψαμένων,
1301 648 1330 698 ὁ
1354 647 1634 718 ίεράρχης,

51 738 218 807 μέσον
256 738 563 809 ἱστάμενος,
590 737 703 807 ἔχει
729 738 1182 809 περιισταμένους
1204 737 1491 801 κάκείνους
1507 740 1635 801 τοὺς

47 829 157 880 τῶν
177 828 508 900 λειτουργῶν
533 828 841 900 ἐκκρίτους,
866 830 959 882 καὶ
984 831 1248 901 ὑμνήσας,
1275 831 1546 901 ίερουργεῖ
1565 828 1635 881 τά

49 918 326 981 θειότατα,
355 922 447 972 καὶ
468 920 559 972 ὑπ’
586 920 706 986 δψιν
729 920 850 988 ἄγει
870 920 938 972 τά
971 920 1276 990 ὑμνημένα,
1301 918 1630 992 σαφηνίζων,

46 1011 121 1073 ὡς
167 1011 409 1082 Χριστοῦ
448 1015 553 1064 είσι
586 1010 656 1064 τά
694 1011 919 1065 τοιαῦτα
953 1011 1217 1082 σύμϐολασ
1262 1012 1343 1064 ὃτι
1388 1012 1529 1082 μετά
1572 1012 1632 1065 τὸ

45 1104 264 1157 δεῖπνον
307 1103 487 1156 λαϐὼν
526 1104 708 1175 ἄρτον,
754 1104 845 1157 καὶ
876 1102 945 1156 τά
987 1103 1139 1174 ’ἑξῆς-
1188 1104 1283 1157 καὶ
1329 1105 1409 1157 ὅτι
1452 1104 1630 1157 Τοῦτο

47 1194 270 1247 ποιεῖτε
300 1196 385 1260 είς
411 1192 525 1260 τὴν
554 1193 708 1263 ἐμὴν
734 1192 1090 1263 ἀνάμνησιν.
1137 1193 1508 1246 ’Υποδείκνυσι
1552 1192 1626 1257 δὲ,

45 1287 218 1356 ῆγουν
254 1286 445 1355 ἀνυψοῖ
470 1285 615 1349 τότε,
644 1284 1175 1355 ἀποκαλυπτομένων
1196 1283 1304 1337 τῶν
1347 1284 1628 1352 παναγίων

46 1377 238 1449 δώρων
260 1377 395 1448 μετά
432 1377 529 1441 τάς
560 1376 744 1448 εύχάς,
784 1376 1051 1447 μενόντων
1102 1376 1157 1429 δὲ
1198 1376 1628 1446 κεκαλυμμένων

46 1470 152 1533 En;
178 1468 375 1540 καιροῦ
419 1469 792 1541 μεταλήψεως.
820 1468 976 1522 Μετὰ
997 1466 1168 1520 ταῦτα
1195 1467 1355 1531 αὐτός
1378 1485 1436 1519 τε
1465 1484 1628 1538 μετα-

45 1561 339 1631 λαμϐάνει,
374 1562 610 1625 καὶτοὺς
637 1560 825 1624 ἄλλους
844 1559 1230 1631 προτρέπεται.
1253 1559 1553 1629 Μετασχὼν
1571 1559 1626 1612 δὲ

46 1655 144 1706 καὶ
176 1655 460 1724 μεταδοὺς,
488 1656 567 1716 εἰς
597 1654 945 1725 εὐχαριστίαν
962 1652 1277 1724 καταλήγει.
1305 1654 1414 1706 Καὶ
1444 1652 1626 1706 πολλοὶ

1743 463 2135 529 precationem,
2156 477 2346 531 pacem
2391 477 2738 533 apprecatur,
2792 465 3023 523 dicendo
3068 469 3314 525 scilicet:

1736 553 1860 608 Pax
1884 555 2156 616 omnibus;
2237 554 2471 623 dumque
2525 554 2670 611 illico
2727 570 2786 611 se
2836 558 3092 621 salutant,
3148 573 3317 615 sacrre

1743 642 1935 697 tabula:
1964 643 2282 699 recitantur.
2312 642 2376 696 Et
2408 652 2690 714 postquam
2716 646 2815 700 loti
2842 657 2989 713 sunt,
3026 648 3311 705 ltierarclta

1737 748 1891 788 stans
1916 734 1968 787 in
1994 734 2171 789 medio
2196 735 2432 789 selectos
2458 734 2573 789 illos
2596 736 2850 793 diaconos
2874 739 2977 794 sibi
3008 739 3165 794 liabet
3186 743 3317 797 assi-

1736 834 1960 887 stentes.
1982 823 2290 893 Itymuoque
2317 825 2460 880 dicto
2487 825 2822 881 divinissima
2856 828 3014 900 203
3033 842 3315 886 consecrat

1735 925 2097 979 sacramenta,
2154 926 2209 969 et
2242 916 2342 970 sub
2372 927 2649 985 aspectum
2699 919 2845 974 ducit
2899 936 2963 975 ea
3003 937 3123 993 qua:
3169 923 3313 978 cele-

1735 1009 1886 1063 brata
1938 1016 2093 1073 sunt,
2143 1007 2432 1062 declarans
2478 1024 2540 1062 ea
2586 1010 2786 1064 (lltristi
2850 1027 2970 1067 esse
3046 1014 3314 1083 symbola,

1733 1104 1988 1172 quoniant
2048 1112 2171 1174 post
2227 1118 2439 1159 cumam
2504 1114 2713 1171 accepto
2784 1122 2919 1175 pane
2960 1116 3026 1172 P,
3078 1119 3133 1162 et
3195 1125 3316 1179 qua:

1731 1204 2049 1260 sequuntur.
2110 1193 2236 1247 Item
2301 1211 2315 1246 :
2363 1192 2478 1247 Hoc
2531 1194 2690 1257 facite
2743 1197 2799 1250 in
2854 1214 3021 1251 meam
3089 1216 3285 1254 comma

1730 1288 2076 1340 morationem
2110 1296 2159 1339 ει.
2186 1284 2438 1341 Ostendit
2482 1296 2685 1354 autem,
2734 1289 2785 1343 id
2825 1299 2934 1355 est,
2992 1302 3119 1347 tunc
3171 1292 3319 1348 dete-

1730 1387 1816 1432 cta
1848 1389 2037 1433 sancta
2076 1379 2213 1434 dona
2263 1388 2383 1448 post
2434 1394 2623 1449 preces
2672 1382 2877 1449 attollit
2945 1399 3038 1439 seu
3104 1385 3315 1451 elevat,

1731 1471 1797 1524 dc
1819 1481 2019 1524 cmtcro
2052 1480 2191 1525 tecta
2227 1483 2449 1527 manent
2497 1488 2669 1541 usque
2695 1475 2762 1528 ad
2807 1484 3017 1545 tempus
3050 1478 3315 1547 sumptio-

1730 1563 1833 1616 nis.
1878 1561 2089 1618 Exinde
2155 1566 2524 1620 communicat
2573 1567 2689 1636 ipse
2721 1607 2736 1631 ,
2796 1567 3040 1636 aliosque
3093 1569 3311 1625 invitat.

1730 1655 1969 1723 Accepta
1998 1657 2233 1727 denique
2258 1659 2491 1727 dataque
2512 1661 2912 1728 communione,
2938 1661 2992 1715 in
3019 1664 3316 1733 gratiarum

52 1747 151 1816 μὲν
181 1748 263 1809 είς
284 1747 417 1817 μόνα
451 1746 520 1799 τά
551 1746 668 1799 θεῖα
698 1745 1113 1818 παρακύπτουσι
1146 1745 1408 1816 σύμϐολα,
1438 1747 1531 1801 ἅτε
1559 1765 1595 1817 μ

1741 1745 2005 1800 actionem
2054 1748 2273 1804 desinit.
2310 1748 2553 1818 Cumque
2600 1750 2852 1819 plerique
2886 1752 3067 1807 divina
3109 1764 3317 1810 tantum

47 1837 335 1906 δυνάμενοι
368 1836 692 1909 ὕψηλότερόν
721 1854 772 1890 τι
811 1837 1079 1907 ἐννοῆσαιο
1108 1837 1266 1900 αὐτὸς
1299 1837 1354 1890 δὲ
1394 1840 1422 1891 ὁ
1458 1838 1634 1909 ἱεράρ-

49 1947 149 1999 χης
174 1928 312 1999 πρὸς
352 1929 533 1981 ἐκεῖνα
568 1928 638 1981 τά
681 1928 1009 2000 πρωτότυπα
1050 1928 1179 1981 αὐτὸ
1216 1928 1274 1981 τὸ
1298 1928 1390 1982 τοῦ
1424 1929 1630 2001 Κυρίου

47 2022 227 2091 τίμιον
258 2021 415 2092 σῶμα
442 2022 535 2075 καὶ
556 2016 715 2092 αἷμα,
741 2021 1021 2090 ἀνάγεται,
1039 2020 1328 2085 πιστεύων,
1347 2020 1426 2074 ὅτι
1451 2020 1633 2074 καὶτὰ

48 2114 387 2184 προκείμενα
437 2116 517 2177 εἰς
564 2115 747 2167 ἐκεῖνα
788 2112 1196 2185 μετεϐλήθησαν
1232 2112 1312 2185 τῷ
1346 2114 1486 2185 ἀγίῳ
1536 2114 1632 2167 καὶ

48 2202 374 2275 παντουργῷ
397 2202 691 2275 Πνεύματι.

660 2345 752 2397 ΠΙ.
789 2346 1028 2413 Θεωρία.

116 2479 149 2551 §
184 2481 227 2534 Ι.
274 2480 398 2533 Ἐπὶ
433 2481 531 2553 τὴν
558 2481 790 2552 θεωρίαν
829 2481 929 2553 ήδη
973 2480 1313 2551 μεταϐαίνων
1344 2483 1454 2536 τῶν
1489 2483 1630 2537 κατά

48 2571 268 2637 σύναξιν
291 2573 649 2644 τελουμένων,
678 2575 814 2645 ὅπερ
849 2574 938 2627 ἐπὶ
963 2572 1056 2626 τοῦ
1092 2575 1390 2647 μυστηρίου
1414 2575 1509 2628 τοῦ
1528 2594 1632 2645 φω-

44 2666 310 2733 τίσματος
338 2665 605 2734 πεποίηκε
628 2704 641 2726 ,
669 2665 765 2717 καὶ
791 2666 916 2729 τοὺς
954 2665 1308 2729 ἀτελειώτους
1333 2664 1412 2717 ἔτι
1436 2664 1632 2735 ἐψυχα-

45 2756 215 2825 γώγει
230 2756 318 2809 διὰ
330 2758 432 2827 τῆς
455 2758 717 2829 αἰσθητῆς
742 2757 849 2811 τῶν
875 2757 1157 2828 συμϐόλων
1174 2757 1463 2822 ποικιλίαςο
1488 2756 1629 2809 οὕτω

46 2849 139 2900 καὶ
168 2847 405 2900 ἐνταῦθα
441 2851 583 2902 ποιεῖ
602 2851 680 2912 είς
712 2848 1064 2919 ψυχαγωγίαν
1096 2848 1205 2901 τῶν
1227 2848 1306 2901 ἔτι
1330 2848 1629 2919 τελειουμέ-

48 2956 152 2989 νων
177 2938 272 2989 καὶ
295 2938 355 2989 οὐ
386 2937 493 2989 τῶν
527 2938 748 2991 τελείων
776 2938 1091 3010 ἐναρμόνιον
1110 2979 1124 3003 ,
1159 2937 1395 3010 δηλονότι
1435 2946 1632 3011 προσή-

47 3047 249 3082 κουσαν
277 3032 343 3101 τῇ
366 3030 588 3101 δυνάμει
621 3031 721 3100 τῆς
746 3031 924 3085 αὐτῶν
942 3032 1125 3098 ἕξεως.
1152 3032 1430 3085 Ποικιλίαν
1456 3032 1511 3086 δὲ
1537 3035 1630 3088 καὶ

48 3116 298 3169 σύνθεσιν
331 3117 419 3170 διά
466 3118 744 3190 συμϐόλων
786 3120 951 3189 λέγει.
1008 3122 1159 3175 Ἐπεὶ
1190 3121 1299 3194 γὰρ
1352 3123 1384 3193 ἡ
1430 3123 1630 3196 Θεωρία

46 3207 192 3277 ἁπλῆ
232 3209 328 3259 καὶ
358 3208 567 3272 ἐνιαία,
617 3208 841 3272 εἰκότως
878 3209 947 3262 τὰ
985 3210 1227 3281 σύμϐολα
1264 3209 1502 3265 ποικιλία
1537 3214 1630 3265 καὶ

51 3298 322 3362 civilem;-
379 3300 427 3351 οί
476 3298 585 3372 γὰρ
632 3303 744 3364 τοῖς
795 3301 1084 3371 συμϐόλοις
1136 3303 1495 3375 προσέχοντες
1531 3305 1630 3358 οὐκ

49 3393 230 3461 ἔχουσι
262 3380 363 3462 τὴν
402 3391 609 3445 ἑνιαίαν
642 3394 735 3445 xal
761 3394 939 3464 ἁπλῆν
964 3394 1184 3462 γνῶσινσ
1210 3395 1324 3448 ἀλλ’
1350 3395 1630 3461 ἄλλωςᾶλ-

47 3482 136 3545 λος
156 3483 371 3551 ἀνάγει,
399 3482 571 3547 ἄλλως
600 3483 756 3547 ἄλλος
788 3483 854 3536 τὰ
881 3484 982 3554 τῆς
1013 3483 1337 3555 ἀλληγορίας
1361 3485 1528 3554 λέγει,
1553 3486 1628 3550 ὡς

48 3574 321 3642 βούλεται.
348 3574 469 3627 Εἰσὶ
490 3575 533 3628 δ’
558 3575 774 3639 οἵτινες,
797 3576 890 3628 καὶ
917 3578 1027 3638 τοῖς
1056 3575 1340 3646 συμϐόλοις
1362 3577 1631 3630 ἐναπολει-

51 3665 299 3732 ᾳθέντες,
318 3664 441 3719 καθ’
467 3664 635 3729 αὑτὰς
651 3670 669 3687 ‘
693 3665 1001 3737 ἐκδέχονται
1025 3664 1094 3718 τὰ
1116 3666 1253 3739 ὑπὲρ
1284 3668 1500 3731 αὐτοὺς,
1536 3666 1629 3720 καὶ

48 3757 257 3825 ψευδῶς
276 3756 582 3810 ὑπονοοῦσιο
608 3756 773 3810 καθ’ὃ
793 3757 856 3829 δή
879 3757 1070 3828 ψεῦδος
1086 3760 1179 3813 καὶ
1204 3759 1513 3831 μερίζονται
1536 3761 1629 3813 καὶ

49 3851 438 3903 ποικίλλονται.
478 3848 741 3903 Ἐνταῦθα
783 3850 913 3918 γοῦν
938 3867 1102 3921 φησιν
1121 3852 1376 3923 ὀΠατήρ’
1416 3852 1504 3915 Ὠς
1520 3852 1626 3905 οὐδ’

50 3942 187 4012 αὐτὴ
223 3942 258 4012 ἡ
283 3941 503 4011 ποικίλη
518 3939 607 3993 διά
624 3939 905 4011 συμϐόλων
932 3941 1179 4006 σύνθεσις
1206 3942 1430 4014 ἀνόητος
1454 3942 1630 4013 ὑπάρ-

49 4053 129 4105 χει
160 4039 272 4098 τοῖς
295 4034 662 4105 τελουμένοις,
685 4034 780 4088 καὶ⁵
810 4035 971 4107 μέχρι
1006 4034 1115 4088 τῶν
1149 4034 1421 4106 αἰσθητῶν
1445 4051 1630 4104 φαινο-

1733 1834 1977 1906 symbola
2006 1847 2394 1903 contueantur,
2425 1855 2488 1893 eo
2519 1842 2659 1909 quod
2703 1843 2987 1915 sublimius
3026 1846 3155 1915 quid
3187 1860 3317 1901 con-

1734 1926 1977 1980 siderare
2026 1939 2342 1996 nequeant;
2394 1931 2509 1998 ipse
2550 1939 2732 1985 tamen
2779 1934 3073 1989 ltierarcha
3128 1937 3195 1991 ad
3237 1936 3319 2006 ip-

1733 2028 1907 2072 satuct
1938 2030 2248 2091 prototypa,
2283 2036 2499 2076 sacrum
2548 2023 2801 2078 videlicet
2843 2040 3042 2095 corpus
3084 2044 3147 2082 ac
3184 2045 3317 2083 san-

1734 2109 1950 2179 guinem
1983 2110 2217 2177 Domini,
2249 2113 2564 2179 adducitur,
2600 2117 2851 2183 credens,
2881 2132 2967 2171 res
3009 2122 3317 2189 prepositas

1680 2262 1683 2265 ,
1734 2200 1788 2255 in
1815 2200 1907 2256 illa
1936 2212 2129 2259 sancto
2164 2220 2229 2260 ac
2258 2206 2514 2261 omniﬁco
2546 2206 2755 2274 Spiritu
2786 2219 2992 2264 mutata
3029 2223 3172 2267 esse.

2259 2336 2352 2393 Ill.
2390 2337 2797 2408 Contemplatio.

1802 2456 1900 2530 ςι.
1936 2456 2017 2512 Ad
2053 2458 2571 2529 contemplationem
2611 2461 2774 2517 modo
2800 2464 3092 2530 ,transiens
3127 2480 3311 2522 eorum

1730 2567 1850 2621 quae
1885 2551 1936 2605 in
1964 2552 2153 2623 synaxi
2182 2551 2547 2616 celebrantur,
2576 2554 2653 2607 uti
2677 2557 2727 2608 in
2759 2554 3101 2625 baptismatis
3125 2577 3316 2614 sacra-
3360 2544 3361 2551 χ

1735 2652 1916 2697 mento
1960 2644 2211 2697 rudiores
2254 2644 2431 2697 adhuc
2475 2645 2687 2699 animas
2717 2661 2812 2713 per
2843 2649 3099 2703 sensilem
3130 2652 3317 2723 signo-

1733 2749 1851 2787 rum
1880 2735 2201 2789 varietatem
2230 2736 2487 2799 instituit,
2512 2737 2590 2791 sie
2623 2748 2676 2791 et
2708 2738 2816 2803 hic,
2864 2740 2931 2794 ad
2974 2746 3314 2798 connuodaut

1731 2841 1919 2880 eorum
1958 2826 2047 2895 qui
2087 2826 2264 2880 adhuc
2296 2828 2655 2896 perliciuntur
2696 2837 2750 2883 et
2801 2832 3035 2884 necdum
3089 2833 3316 2902 perfecti

1730 2927 1856 2971 Sunt
1911 2916 2352 2981 instructionem,
2398 2918 2653 2972 similiter
2700 2919 2845 2983 facit,
2899 2922 2952 2975 id
3000 2933 3081 2976 est
3128 2922 3315 2977 virtuti

1731 3006 1953 3061 habitus
1982 3006 2221 3076 ipsorum
2257 3008 2696 3063 convenientem.
2749 3007 2967 3064 Variam
3001 3022 3181 3065 autem
3224 3028 3316 3067 vo-

1657 3088 1699 3145 C
1733 3108 1822 3153 cat
1869 3108 1925 3153 et
1970 3099 2349 3169 compositam,
2403 3109 2623 3171 propter
2675 3102 2941 3170 sytubola.
2994 3102 3128 3158 Cum
3169 3106 3313 3160 enim

1732 3191 2120 3260 contemplatio
2154 3192 2385 3261 simplex
2428 3195 2502 3246 sit
2536 3202 2587 3248 et
2630 3194 2912 3257 unimoda,
2948 3196 3140 3250 merito
3166 3212 3316 3268 synt-

1732 3284 1853 3339 bola
1898 3286 2139 3339 varietas
2169 3295 2297 3340 sunt
2336 3296 2391 3341 et
2439 3287 2769 3356 compositio
2801 3304 2815 3342 :
2859 3289 2949 3358 qui
2982 3290 3127 3344 enim
3167 3282 3331 3361 sym-V

1722 3376 1872 3436 bolis
1916 3378 2226 3441 intendunt,
2276 3393 2381 3432 non
2420 3373 2625 3433 habent
2676 3380 2879 3433 unitam
2919 3390 2973 3434 ει
3013 3382 3314 3452 simplicem

1730 3470 2121 3537 cognitionem,
2176 3473 2269 3524 sed
2303 3468 2443 3525 alius
2475 3470 2638 3525 aliter
2679 3472 2920 3540 adducit,
2972 3484 3137 3545 atque
3174 3475 3316 3531 alius

1729 3562 1890 3616 aliter
1930 3561 2219 3631 allegorias
2274 3563 2463 3627 tradit,
2518 3573 2680 3633 prout
2711 3565 2848 3618 vult.
2893 3564 3149 3631 Quinimo
3187 3578 3312 3622 suu‘
3368 3636 3373 3641 Α

1730 3655 1994 3721 nonnulli,
2041 3658 2133 3727 qui
2182 3656 2445 3728 symbolis
2495 3656 2844 3725 inluerentes,
2896 3661 3195 3715 secundum
3224 3661 3313 3714 illa

1730 3748 2006 3818 accipiunt
2055 3764 2118 3805 ea
2163 3765 2285 3820 quae
2330 3765 2494 3821 supra
2540 3752 2657 3821 ipsa
2689 3762 2840 3816 sunt,
2884 3762 2939 3807 et
2967 3751 3160 3808 falsum
3195 3754 3314 3825 opi-

1733 3851 1968 3909 nantur;
2004 3844 2300 3898 secundum
2332 3859 2498 3912 quam
2529 3844 2822 3900 falsitatem
2865 3845 3028 3899 etiam
3060 3845 3315 3901 dividun-

1730 3938 1821 3985 tur
1848 3942 1903 3986 et
1937 3933 2388 4002 multiplicantur.
2417 3934 2516 3990 Hic
2562 3936 2747 4005 itaque
2776 3937 2938 3990 Pater
2971 3938 3048 3990 ait
3081 3935 3197 3992 :Nc
3222 3939 3307 3993 tli-

1729 4037 1887 4077 versa
1923 4024 2013 4078 illa
2043 4024 2415 4096 symbolorum
2473 4026 2797 4095 compositio
2834 4026 3069 4095 insipida
3110 4028 3312 4082 existat

54 4127 189 4199 μένη
220 4126 401 4197 μόνον·
431 4129 486 4179 αἱ
520 4126 629 4199 γὰρ
649 4125 983 4196 ἀναγνώσεις
1005 4127 1112 4180 τῶν
1135 4126 1349 4195 λογίων,
1376 4127 1508 4180 ὃπου
1534 4143 1595 4179 κα

1741 4114 1799 4169 iis
1831 4117 1921 4185 qui
1972 4116 2279 4180 initiantur,
2325 4118 2373 4170 si
2423 4131 2606 4171 rerum
2636 4118 2919 4172 sensilium
2950 4128 3160 4175 tantum
3186 4134 3309 4175 esse

49 4217 337 4288 ἀναγωγήν
360 4218 460 4270 οὐκ
486 4213 649 4288 εἶχον,
666 4217 1011 4271 διδασκαλίαν
1042 4218 1295 4288 ἐναρέτου
1323 4218 1467 4288 ζωῆς
1493 4218 1595 4290 ὕφη

1741 4208 1980 4263 videatur
2024 4228 2039 4265 :
2086 4208 2496 4280 Scripturarum
2541 4212 2686 4265 enim
2732 4210 2994 4265 lectiones
3046 4220 3106 4265 ut
3142 4211 3308 4267 etiam

49 4306 270 4374 γοῦνται
303 4306 398 4359 καὶ
430 4306 806 4378 ἀποκάθαρσιν
830 4306 931 4377 τῆς
955 4308 1172 4370 κακίας.
1202 4306 1266 4360 Ἠ
1289 4307 1345 4361 δὲ
1360 4307 1511 4378 κοινὴ
1535 4325 1595 4361 κα

1741 4317 2015 4374 auagogen
2065 4317 2170 4357 non
2209 4303 2495 4367 haberent,
2531 4304 2716 4373 proba:
2761 4312 2941 4357 tamen
2974 4305 3099 4359 vita:
3141 4304 3307 4361 disci-

51 4398 157 4449 ἀπὸ
193 4397 289 4450 τοῦ
323 4397 484 4450 αὑτοῦ
525 4398 689 4469 ἄρτου
733 4400 825 4452 καὶ
873 4399 1131 4471 ποτηρίου
1170 4399 1449 4470 μετάδοσις
1494 4402 1595 4472 ὁμο

1741 4393 1936 4463 plinam
1968 4403 2022 4449 et
2048 4395 2330 4462 pravitatis
2360 4397 2594 4451 innuunt
2624 4395 3019 4466 expiationem.
3052 4396 3310 4452 Commu-

51 4489 276 4560 τροπίαν
311 4488 606 4558 νομοθετεῖ·
642 4489 703 4542 τὸ
735 4488 843 4559 γάρ
875 4490 1177 4560 ὁμοδίαιτον
1203 4492 1297 4544 καὶ
1327 4492 1625 4563 όμότροπον

54 4581 143 4633 καὶ
167 4581 247 4633 ἔτι
281 4581 361 4643 εἰς
389 4580 609 4650 μνήμην
636 4580 757 4648 ἄγει
782 4579 876 4643 τοῦ
903 4581 1180 4652 Κυριακοῦ
1208 4582 1443 4646 δείπνου,
1478 4583 1507 4636 ὃ
1533 4584 1627 4636 καὶ

52 4677 502 4747 χισύμϐολον
515 4674 681 4743 λέγει,
695 4677 857 4729 οἱονεὶ
875 4677 1337 4747 ἀρχικοινωνικόν.
1356 4677 1627 4748 Σύμϐολον

53 4772 156 4842 γὰρ
191 4771 221 4823 ό
251 4768 465 4841 ἔρανος,
502 4768 594 4820 καὶ
617 4769 645 4820 ὁ
682 4768 930 4821 ἐντεῦθεν
966 4769 1143 4833 κοινὸς
1177 4770 1627 4841 οίκονομούμενος

51 4862 262 4917 δεῖπνον
293 4861 529 4929 λέγεται⁶
581 4858 641 4923 ἐξ
684 4854 745 4913 οῦ
790 4862 881 4913 καὶ
934 4861 1198 4932 σύμϐολον
1229 4862 1289 4915 τὸ
1332 4862 1627 4934 διδόμενον,

51 4954 144 5005 καὶ
174 4950 484 5022 ἀσύμϐολος
516 4951 544 5002 ὁ
577 4950 894 5021 ἀσυντελής·
929 4950 1050 5004 καθ’
1091 4951 1121 5004 ὃ
1146 4952 1241 5006 καὶ
1266 4952 1426 5016 αὐτὸς
1458 4953 1487 5005 ὀ
1516 4953 1626 5007 τῶν

52 5045 332 5116 συμϐόλων
364 5041 693 5113 δημιουργὸς
717 5040 769 5112 (ἢ
785 5041 982 5114 δηλαδὴ
1002 5043 1102 5113 τῆς
1130 5044 1434 5107 κοινωνίας,
1468 5042 1626 5115 ῆτῶν

52 5137 505 5209 συμϐαλλομένων
538 5136 618 5197 είς
633 5134 694 5186 τὺ
720 5134 917 5187 κοινόν·
938 5135 1040 5188 εἴτι
1073 5135 1261 5209 γὰρᾶν
1286 5137 1369 5209 εἴη
1397 5137 1458 5190 τὸ
1486 5152 1628 5208 συμ-

53 5230 394 5301 ϐαλλόμενον,
430 5227 565 5281 Θεοῦ
599 5228 715 5281 ἐστι
738 5227 1167 5301 δημιούργημα·)
1203 5227 1503 5299 ἀποκληροί
1532 5228 1627 5281 καὶ

51 5321 453 5376 ἀποδιαστέλλει
497 5321 807 5374 δικαιότατα
848 5322 939 5375 τὸν
973 5323 1071 5393 οὐχ
1104 5322 1265 5386 ὁσίως
1314 5322 1627 5394 συνδειπνή-

54 5432 215 5469 σαντα
254 5414 473 5468 Ἰούδαν.
501 5415 613 5468 Kal
637 5413 785 5486 αὐτῷ
810 5414 919 5488 γὰρ
931 5415 1025 5468 τοῦ
1055 5413 1316 5485 μυστικοῦ
1341 5414 1506 5486 ἄρτου
1527 5417 1621 5469 καὶ

51 5507 143 5562 τοῦ
174 5509 434 5582 ποτηρίου
472 5510 749 5579 μεταδοὺς,
778 5507 847 5562 τὰ
870 5509 1140 5580 μυστήρια
1177 5508 1354 5579 μόνοις
1377 5511 1490 5572 τοῖς
1516 5526 1619 5579 μα-

51 5600 259 5671 θηταῖς.
280 5600 420 5673 μετά
443 5602 504 5654 τὸ
523 5600 754 5668 ἐξελθεῖν
776 5601 981 5655 ἐκεῖνον
1002 5601 1066 5653 ἐκ
1090 5599 1181 5653 τοῦ
1197 5598 1434 5663 δείπνου,
1466 5616 1613 5671 παρ-

126 5761 299 5817 rLuc.
342 5774 477 5829 ml,
517 5759 603 5816 l9.
681 5767 709 5810 ει
738 5757 871 5814 Ibid.
962 5757 1156 5833 ’,ἴσως
1187 5758 1307 5811 κατ’
1342 5756 1485 5811 αὐτὰ

1738 4487 1820 4541 nis
1849 4497 2027 4542 autem
2062 4488 2223 4542 unius
2269 4488 2621 4559 ejusdemque
2661 4489 2816 4557 panis
2861 4504 2924 4544 ac
2964 4489 3151 4543 calicis
3185 4503 3310 4559 par-

1735 4578 1984 4648 ticipatio
2045 4595 2258 4634 morum
2313 4581 2759 4637 conformitatem
2811 4580 3055 4651 pracipit
3108 4598 3123 4635 :

1730 4672 1893 4725 etiam
1949 4670 2242 4727 Dominieaa
2285 4687 2454 4728 coenae
2503 4675 2809 4729 convivium
2843 4689 2906 4729 ac
2951 4674 3306 4729 coulormita-
3370 4746 3377 4751 1

1734 4770 1842 4815 tem
1871 4761 1922 4816 in
1950 4767 2266 4818 memoriam
2297 4765 2532 4831 reducit,
2559 4781 2720 4836 quam
2748 4775 2803 4819 et
2865 4760 3308 4831 arcltisymbolam
3371 4818 3378 4845 ὲ

1733 4863 1913 4920 vocat,
1943 4854 2103 4925 qttasi
2136 4856 2392 4925 primitus
2438 4857 2918 4913 communicatam.
2981 4853 3299 4926 Symbolum
3372 4918 3377 4929 ν

1733 4946 1878 4999 enim
1911 4947 2220 5003 convivium
2273 4950 2495 5012 dicitur,
2553 4958 2609 5005 et
2659 4962 2839 5011 etena,
2892 4947 3142 5018 quodque
3192 4945 3304 5001 illic

1733 5039 1787 5093 in
1818 5054 2111 5097 commune
2156 5041 2462 5107 confertur,
2496 5041 2640 5095 unde
2683 5041 2848 5094 etiam
2888 5037 3189 5111 symbolum
3218 5047 3305 5093 est

1730 5130 1783 5187 id
1813 5136 1958 5203 quod
1990 5136 2173 5203 datur,
2217 5146 2272 5191 et
2301 5135 2617 5207 asymbolns
2652 5131 2815 5205 204
2842 5144 2923 5189 est
2954 5129 3303 5201 imperfectus

1731 5239 1825 5279 seu
1851 5229 2089 5295 inutilis;
2115 5230 2267 5299 juxta
2296 5229 2438 5300 quod
2469 5227 2633 5282 etiam
2674 5227 2900 5297 ipsemet
2931 5223 3299 5295 symbolarum
3374 5282 3383 5303 ἲ

1732 5333 1926 5379 auctor
1961 5322 2098 5394 (sive
2123 5320 2525 5377 communionis
2561 5318 2792 5384 scilicet,
2822 5318 2937 5374 sive
2964 5331 3151 5371 eorum
3179 5328 3303 5385 qua

1730 5417 1785 5471 in
1818 5430 2105 5472 commune
2150 5411 2532 5477 conferuntur;
2566 5409 2825 5481 quidquid
2858 5408 3002 5463 enim
3045 5408 3097 5460 in
3143 5421 3301 5460 com-

1727 5522 1893 5563 mune
1925 5506 2226 5569 confertur,
2257 5504 2349 5559 Dei
2381 5516 2631 5558 creatura
2663 5502 2765 5573 est)
2783 5501 2904 5572 jure
2941 5498 3302 5553 meritissimo

1726 5609 1997 5658 exsortem
2026 5598 2155 5656 facit
2198 5608 2250 5655 et
2289 5596 2531 5654 excludit
2568 5593 2786 5662 Judam,
2837 5593 2929 5666 qui
2964 5609 3068 5651 non
3107 5599 3307 5673 sancte,
3378 5656 3383 5663 ι

1659 5716 1842 5776 δύη.

3180 4597 3303 4635 nam
3376 4648 3377 4651 η
