3730 6316
701 181 720 206 \

384 237 510 328 ιὲεέ

1557 261 1614 319 S.
1648 260 1949 319 DIONYS"
1988 262 2450 318 AREOPAGITIE

3532 275 3625 330 ιῖἱϐ

387 401 597 443 coenam
629 369 1035 454 frequentabat.
1060 377 1196 432 Cum
1225 375 1370 432 enim
1403 375 1507 445 ipsi
1543 377 1834 447 mysticum
1867 390 1946 445 pa-

2127 391 2285 436 ωκεν,
2320 375 2396 438 ὡς
2432 371 2652 438 ἀναξίου
2693 377 2896 432 τούτων
2925 379 3076 444 ὄντος
3102 379 3197 433 τοῦ
3251 381 3438 437 Ἰούδα.
3466 387 3551 440 Διά
3577 390 3626 441 τί

384 493 507 532 nem
535 475 870 542 calicemque
930 469 1269 531 tradidisset,
1307 468 1564 539 mysteria
1615 467 1748 523 solis
1798 467 1962 521 disci-

384 569 526 639 pulis
560 563 802 626 tradidit,
841 573 1130 635 postquam
1161 560 1349 620 Judas.
1395 560 1540 629 quod
1593 561 1661 614 iis
1710 559 1963 630 indignus

382 669 548 723 esset,
601 673 629 710 a
680 671 838 711 creua
888 653 1238 709 surrexisset.
1313 650 1511 725 thuid
1548 649 1731 719 itaque
1768 647 1961 704 ludam

380 735 652 804 exsortem
686 747 816 800 facit
848 744 1154 800 divinorum
1193 742 1600 813 mysteriorum,
1631 755 1752 794 cum
1785 745 1960 792 tamen

383 855 484 893 una
516 838 786 893 coenarit?
827 836 896 892 Ut
934 835 1264 900 ostenderet,
1316 849 1420 889 non
1453 833 1587 888 satis
1630 846 1750 886 esse
1773 845 1963 898 corpo-

386 931 574 984 raliter
607 939 816 983 tantum
847 930 1040 982 adesse
1083 942 1146 982 ac
1190 940 1522 981 concosnare
1562 927 1766 995 (neque
1815 923 1958 978 enim

381 1025 482 1077 hoc
511 1021 734 1090 perinde
761 1030 845 1074 est
877 1020 945 1075 ad
991 1018 1477 1084 communionem).
1527 1018 1621 1072 sed
1663 1016 1956 1072 secundum

381 1122 615 1167 mentem
641 1110 831 1165 adesse
860 1119 1096 1180 oportet.
1132 1109 1395 1178 Quoniam
1431 1109 1545 1175 illa,
1593 1123 1712 1177 qua:
1764 1122 1961 1162 secun-

379 1205 505 1258 dum
559 1205 802 1259 habitum
855 1202 1010 1272 quasi
1048 1217 1114 1256 ex
1149 1200 1378 1255 scientia
1430 1200 1491 1253 fit
1532 1198 1799 1262 accessio,
1831 1213 1954 1251 vera

377 1299 479 1358 ρει,
515 1296 564 1350 id
589 1305 671 1351 est
697 1304 756 1349 ut
779 1295 901 1364 quis
942 1296 1126 1349 animo
1165 1294 1244 1349 sic
1277 1293 1610 1349 constitutus
1639 1292 1730 1355 sit,
1769 1301 1828 1344 ut
1863 1306 1958 1360 per

381 1387 538 1441 fidem
571 1403 636 1442 ex
677 1388 875 1442 affectu
914 1388 1164 1452 accedat,
1200 1389 1345 1456 quod
1379 1400 1565 1440 veram
1626 1384 1754 1437 facit
1791 1382 2225 1436 communionem
2279 1402 2292 1438 :

377 1495 506 1551 pore
537 1497 773 1549 prmsens
804 1490 942 1549 erat,
971 1492 1131 1551 atque
1165 1499 1271 1536 una
1305 1482 1580 1537 cmnahat.

454 1571 481 1641 §
520 1573 581 1625 ll.
622 1572 892 1626 Caeterum
937 1574 1074 1636 lucc,
1109 1581 1168 1626 ut
1197 1572 1332 1638 dixi,
1360 1581 1578 1642 propter
1613 1584 1708 1622 eos
1739 1567 1830 1638 qui
1863 1565 1957 1620 ad-

2061 467 2241 520 τοίνυν
2272 468 2361 521 τὸν
2409 467 2608 522 Ἰούδαν
2641 471 2943 543 ἀποκ.·.ηροῖ
2973 473 3080 527 τῶν
3115 475 3275 528 θείων
3317 482 3625 551 μυστηρίων,

2064 560 2238 612 καίτοι
2263 575 2326 628 γε
2361 559 2848 631 συνδειπνήσαντας
2878 563 3101 629 Πάντως
3124 565 3412 631 διδάσκων,
3448 569 3514 633 ὡς
3538 573 3630 624 ούκ

2063 651 2331 723 αὔταρκες
2364 653 2426 705 τὸ
2455 653 2782 723 σωματικῶς
2820 655 2978 726 μόνον
3003 663 3376 730 συμπαρεῖναι
3403 663 3490 714 καὶ
3514 681 3629 716 συν-

2064 746 2316 808 δειπνεῖν,
2356 743 2495 814 (οὐδὲ
2531 747 2640 816 γάρ
2675 747 2792 799 ἐστι
2838 749 2996 801 τοῦτο
3038 751 3173 820 πρὸς
3216 751 3315 823 τὴν
3368 757 3628 810 κοινωνίαν

2065 834 2291 905 ὅμοιον,)
2327 835 2462 888 ἀλλά
2500 836 2559 888 τὸ
2596 837 2736 890 κατά
2767 839 3005 892 διάνοιαν
3041 844 3292 895 συνεῖναι·
3336 846 3368 915 ἠ
3402 845 3503 918 γὰρ
3521 850 3628 902 καθ’

2065 926 2177 994 ἕξιν
2203 928 2362 980 οἱονεὶ
2381 929 2498 980 κατ’
2525 928 2819 997 ἐπίγνωσιν
2854 931 3057 1006 ἀληθὴς
3084 937 3457 1007 προσέλευσις,
3483 959 3618 995 τουτ-

2059 1017 2175 1070 έστι
2241 1019 2301 1071 τὸ
2339 1019 2678 1084 ἐνδιαθέτως,
2708 1020 2880 1087 οὕτως
2909 1024 3071 1094 ἔχειν,
3109 1028 3202 1080 καὶ
3235 1030 3378 1083 κατὰ
3409 1032 3502 1102 τὴν
3523 1033 3629 1087 διά-

2063 1126 2210 1161 νοιαν
2234 1108 2322 1161 διὰ
2361 1111 2598 1175 πίστεως
2627 1115 2874 1178 εἰσιέναι,
2909 1119 2976 1187 τῇ
3014 1117 3239 1189 ἀληθινῇ
3269 1122 3516 1194 κοινωνία
3537 1125 3631 1194 εμ-

2063 1204 2205 1252 ποιεῖ
2229 1218 2240 1229 ο
2275 1201 2410 1272 ὅπερ
2447 1204 2546 1254 ούκ
2585 1200 2650 1275 ἦν
2691 1206 2811 1259 τότε
2859 1206 2937 1276 τῷ
2967 1208 3139 1282 Ἰούδᾳ
3175 1212 3266 1263 καὶ
3310 1216 3628 1287 συμπαρόντι

2063 1292 2386 1362 σωματικῶς
2421 1295 2514 1346 καὶ
2541 1297 2966 1352 συνδειπνοῦντι.

2362 1387 2503 1454 quod
2548 1387 2736 1456 utique
2788 1387 2940 1444 Jnda:
2991 1391 3198 1458 deerat,
3255 1397 3469 1451 tametsi
3520 1413 3633 1453 cor.

2137 1561 2163 1634 ς
2199 1563 2265 1615 Π.
2316 1562 2472 1616 Ἀλλὰ
2497 1563 2667 1616 ταῦτα
2704 1565 2802 1634 μὲν
2826 1561 2938 1630 οῦν,
2963 1569 3037 1631 ὡς
3063 1568 3217 1641 ἔφην,
3244 1572 3539 1643 ἐρρέθησαν
3556 1576 3633 1628 αἱ·

379 1663 485 1716 httc
513 1663 814 1731 imperfecti
852 1674 998 1731 sunt,
1037 1674 1092 1719 et
1122 1664 1253 1719 hinc
1291 1665 1358 1717 ad
1405 1661 1796 1718 sublimitatem
1827 1675 1946 1714 con-

2129 1656 2475 1727 ητικωτέρως
2507 1655 2596 1708 διὰ
2627 1659 2754 1719 τοὺς
2782 1658 2860 1710 ἔτι
2903 1659 3280 1727 ἀτελειώτους,
3319 1665 3412 1716 καὶ
3441 1666 3509 1736 μὴ
3541 1667 3622 1719 δυ-

383 1754 752 1823 tcmplatiouis
781 1757 1078 1810 ascendere
1110 1772 1216 1812 non
1241 1755 1449 1819 valent,
1473 1752 1784 1807 sensibilius
1814 1751 1956 1804 dicta

374 1844 505 1907 sint,
561 1847 632 1900 ad
679 1848 1092 1900 convenientem
1148 1847 1388 1916 ipsorum
1420 1844 1616 1898 animis
1646 1841 1958 1898 erudiendis

376 1937 798 1992 institutionem.
833 1935 941 1992 Nos
972 1948 1150 1991 autem
1195 1939 1260 1992 iis
1289 1952 1408 2006 quae
1433 1952 1541 2006 pra:
1574 1935 1784 1990 foribus
1828 1941 1956 1986 sunt

375 2028 601 2099 relictis,
634 2028 698 2080 ad
758 2028 1044 2096 ipsanunet
1097 2026 1612 2097 contemplationem
1685 2022 1956 2093 ingredia-

375 2123 516 2183 nt’ur,
550 2121 616 2174 ab
645 2118 856 2175 effectis
881 2121 946 2173 ad
987 2137 1202 2186 causas,
1239 2121 1288 2173 id
1320 2130 1424 2182 est,
1459 2120 1526 2172 ab
1571 2119 1636 2172 iis
1669 2133 1789 2186 qua:
1826 2114 1956 2169 visi-

371 2211 555 2265 biliter
603 2222 870 2280 geruntur
921 2211 986 2262 ad
1045 2210 1336 2264 invisibilia
1405 2209 1785 2280 mysticaque,
1835 2221 1953 2275 qua:

371 2320 551 2358 causa:
600 2313 726 2359 sunt
761 2315 815 2358 et
855 2304 1184 2374 exemplaria
1224 2319 1414 2358 eorum
1444 2319 1564 2372 qua:
1602 2302 1702 2357 sub
1730 2317 1947 2356 sensum

370 2397 592 2449 cadunt.
641 2395 816 2449 Porro
863 2395 1090 2451 effectus
1127 2395 1406 2458 dicuntur,
1458 2409 1521 2448 ea
1569 2409 1688 2462 quae
1727 2391 1951 2446 aliunde

369 2499 592 2538 causam
642 2487 848 2540 habent
895 2496 952 2539 ut
993 2500 1216 2554 quoquo
1255 2485 1410 2538 modo
1449 2485 1579 2538 sint.
1625 2481 1722 2536 Vel
1753 2496 1950 2536 causas

369 2576 500 2630 dicit
537 2591 666 2640 eas,
717 2593 836 2646 qua:
876 2577 1274 2646 quodammodo
1327 2577 1394 2630 ad
1444 2576 1712 2629 ultimunr
1746 2575 1947 2630 bonurn

367 2675 638 2733 spectant,
664 2677 718 2719 et
747 2682 980 2734 quarunt
1031 2667 1205 2734 gratia
1247 2681 1314 2721 ac
1362 2667 1558 2720 intuitu
1594 2666 1693 2720 hos
1725 2664 1948 2720 effectus

367 2755 528 2822 idque
554 2768 776 2825 propter
822 2758 968 2826 ipsas
1001 2755 1329 2824 periit-imus.
1376 2751 1946 2810 Sedodivinissimum

359 2861 427 2898 at:
453 2855 861 2898 sacrosanctum
893 2845 1326 2900 sacramentum!
1413 2845 1590 2915 ipsum
1645 2846 1789 2900 enim
1831 2855 1947 2899 tan-

2058 1747 2320 1816 ναμένους
2345 1748 2422 1810 εἰς
2454 1747 2515 1799 τὸ
2547 1747 2680 1818 ὕψος
2715 1749 3045 1805 ἀπεντεῦθεν
3066 1754 3162 1823 τῆς
3188 1754 3424 1826 θεωρίας
3449 1758 3630 1824 ἀνάγε-

2061 1838 2183 1890 σθαι
2217 1837 2296 1898 εἰς
2317 1837 2669 1906 ψυχαγωγίαν
2705 1839 2882 1895 αὐτῶν
2917 1843 3010 1895 καὶ
3044 1847 3428 1917 προσήκουσαν
3463 1851 3632 1914 αὐτοῖς

2061 1927 2317 2000 μάθησιν.
2361 1929 2549 1999 Ἡμεῖς
2573 1930 2661 1994 δὲ,
2694 1931 2762 1984 τὰ
2798 1934 3103 2005 προπύλαια
3127 1937 3534 2004 καταλιπόντες,
3550 1943 3633 1993 ὲν-

2056 2020 2147 2083 τὸς
2172 2019 2274 2090 τῆς
2302 2020 2536 2092 θεωρίας
2563 2021 2890 2094 εἰσέλθωμεν
2923 2026 3031 2079 ἀπὸ
3051 2027 3158 2079 τῶν
3182 2030 3441 2082 αἰτιατῶν
3467 2034 3538 2095 εἰς
3571 2033 3634 2084 τά

2057 2107 2225 2170 αἴτια,
2259 2109 2536 2162 τουτέστιν
2570 2110 2677 2163 ἀπὸ
2721 2112 2829 2165 τῶν
2854 2115 3064 2186 ὁρατῶς
3087 2117 3428 2189 τελουμένων
3462 2122 3544 2174 ἐπὶ
3570 2123 3633 2175 τὰ

2055 2202 2262 2273 ἀόρατα
2285 2204 2379 2256 καὶ
2415 2205 2669 2274 μυστικὰ,
2706 2207 2849 2280 ἅπερ
2875 2209 2983 2261 τῶν
3004 2211 3061 2263 ἐν
3088 2213 3336 2284 αἰσθήσει
3365 2216 3508 2269 αἴτιά
3531 2218 3634 2268 εἰσι

2054 2297 2148 2348 καὶ
2175 2295 2476 2367 ἀρχέτυπα.
2512 2299 2740 2353 Αἰτιατά
2777 2301 2831 2354 δὲ
2864 2302 3109 2370 λέγονται
3141 2306 3208 2359 τὰ
3243 2308 3506 2362 ἑτέρωθεν
3535 2311 3631 2379 τὴν

2054 2389 2231 2442 αἰτίαν
2265 2387 2359 2441 τοῦ
2394 2389 2641 2443 ὁπωσοῦν
2675 2388 2809 2445 εἶναι
2843 2393 3051 2466 ἔχοντα.
3099 2399 3167 2450 "II
3210 2399 3357 2452 αἴτια
3389 2400 3529 2468 λέγει
3567 2402 3633 2454 τὰ

2053 2477 2250 2531 ὡσανεὶ
2283 2477 2511 2543 τελικὰ,
2567 2481 2661 2533 καὶ
2705 2475 2778 2534 ὧν
2833 2483 3013 2548 ἕνεκα,
3053 2486 3190 2557 πρὸς
3225 2485 3260 2540 ὃ.
3303 2488 3628 2558 ἀφορῶντες,

2051 2569 2221 2622 ταῦτα
2247 2569 2309 2642 δὴ
2337 2570 2405 2623 τὰ
2422 2572 2654 2634 αἰτιατὰ,
2691 2574 2782 2626 καὶ
2810 2575 2876 2628 τά
2901 2577 3061 2629 ’ἑνεκα
3079 2579 3326 2641 ἐκείνων,
3355 2578 3625 2650 τελοῦμεν.

2064 2659 2202 2713 Ἀλλ’
2235 2653 2279 2712 ῶ
2315 2660 2566 2733 θειοτάτη
2598 2664 2690 2715 καὶ
2725 2663 2845 2735 ἱερά
2887 2666 3109 2737 τελετήί
3155 2667 3228 2730 ὠς
3265 2668 3496 2740 ἐμψύχῳ
3526 2669 3628 2740 γὰρ

2051 2756 2186 2826 αὐτῇ
2224 2744 2563 2824 διαλέγεται·
2610 2757 2700 2808 καὶ
2735 2759 2978 2822 εἰκότως,
3017 2761 3157 2813 καθά
3195 2763 3287 2813 καὶ
3321 2765 3349 2814 ὁ
3391 2762 3628 2827 θεολόγος

2054 2847 2222 2917 μέγας
2251 2848 2567 2919 Γρηγόριος·
2599 2849 2757 2912 Ἀλλ’,
2783 2843 2826 2901 ὧ
2853 2852 3033 2921 πάσχα
3064 2852 3123 2905 τὸ
3161 2852 3303 2922 μέγα
3337 2854 3432 2906 κα)⁵
3459 2854 3624 2922 ἰερόνί

363 2947 524 2996 quam
593 2935 894 2988 animatum
957 2935 1278 3006 alloquitur,
1355 2937 1514 3005 idque
1565 2938 1780 2999 merito,
1823 2953 1943 2991 cum

2160 2939 2428 3011 ἡμέτερον
2463 2940 2570 3012 γάρ
2599 2941 2802 3012 πάσχα,
2839 2945 2986 3014 καὶὴ
3016 2943 3236 3016 τοιαύτη
3276 2945 3398 3016 ἱερά
3421 2945 3624 3016 τελετὴ,

359 3025 523 3078 etiam
557 3028 838 3098 theologus
884 3027 971 3083 ille
1016 3043 1243 3098 magnus
1275 3027 1574 3096 Gregorius
1611 3029 1799 3082 dicat:
1836 3028 1940 3083 Sed

359 3129 394 3168 0
436 3120 636 3183 pascha
699 3135 954 3187 magnum
1025 3137 1087 3174 ac
1157 3122 1441 3174 sanctum!
1492 3133 1737 3174 nostrum
1789 3123 1933 3173 enim

275 3237 289 3250 κ
361 3200 588 3274 pascha,
621 3222 696 3273 ut,
751 3222 804 3263 et
840 3213 940 3264 hoc
971 3221 1218 3264 sanctum
1252 3221 1678 3274 sacratnenlum,
1709 3211 1936 3280 ipsemet

2049 3030 2210 3094 αὑτός
2259 3034 2404 3084 ἐστιν
2438 3035 2465 3085 ό
2497 3033 2698 3105 Κύριος
2745 3036 2900 3105 ἡμῶν
2951 3039 3153 3107 Ἰησοῦς
3202 3039 3459 3110 Χριστὸς,
3497 3037 3626 3108 πρὸς

2042 3122 2100 3174 ὃν
2128 3127 2357 3177 ποιεῖται
2392 3125 2482 3177 τὸν
2521 3125 2674 3194 λόγον
2699 3129 2725 3180 ὁ
2760 3127 2931 3196 ἅγιος,
2961 3130 3044 3181 ἴνα
3068 3129 3403 3202 ἀποκαλύψῃ·
3430 3127 3497 3180 τὰ
3519 3129 3623 3197 ἀμ-

2044 3213 2340 3284 φιέσματα,
2367 3217 2457 3267 καὶ
2483 3217 2852 3291 ἀποπληρώσῃ
2879 3219 2969 3271 τοῦ
3003 3221 3198 3273 ἑνιαίου
3228 3221 3429 3290 φωτός.

360 3301 620 3355 Dominus
669 3310 855 3355 noster
897 3302 1058 3357 Jesus
1104 3303 1358 3357 Christus
1401 3311 1505 3366 est,
1535 3302 1603 3356 ad
1648 3318 1808 3370 quem
1845 3302 1932 3356 hic
1973 3317 2193 3358 sanctus
2235 3323 2538 3361 set'monettt
2575 3309 2754 3375 habet,
2807 3320 2862 3362 ut
2917 3311 3120 3366 rcvclet
3149 3312 3452 3378 involucra,
3508 3311 3626 3362 uni-

355 3409 530 3463 coquc
557 3393 759 3448 lumine
788 3405 1022 3448 utentem
1052 3394 1300 3462 itnpieat.

423 3479 460 3555 ’ᾗ
495 3482 582 3537 lll.
627 3483 866 3537 Primum
929 3485 1153 3554 itaque,
1213 3483 1653 3554 quandoquidem
1708 3484 1936 3553 ingressi

356 3591 582 3636 smnus,
635 3575 991 3629 simulacrum
1046 3578 1404 3643 detegendum
1468 3585 1570 3630 est.
1631 3575 1933 3630 Simulacra

355 3675 536 3718 autem
596 3676 754 3719 voeat
812 3666 1079 3732 imagines
1150 3682 1330 3720 rerum
1381 3667 1733 3737 mysticarum
1796 3667 1937 3720 Sil'lll

355 3756 517 3812 etiam
550 3760 599 3812 iu
628 3758 766 3812 lihro
803 3759 876 3813 De
914 3760 1105 3813 divinis
1130 3760 1426 3814 nominibus
1467 3761 1515 3814 id
1547 3761 1757 3828 planius
1783 3777 1936 3814 act-e-

355 3846 552 3919 pimus.
587 3853 831 3906 Primum
883 3867 1047 3920 porro
1081 3854 1274 3906 horum
1313 3867 1584 3922 synaxeos
1613 3868 1930 3906 sacramen-

357 3944 469 3994 tuin
501 3943 814 4012 appellavit,
869 3941 1025 4011 cujus
1065 3959 1310 4007 sensum,
1362 3943 1476 3997 sive
1533 3943 1584 3996 id
1642 3943 1785 4012 quod
1841 3959 1936 4012 per

351 4036 866 4103 eontemplationcm
893 4037 1252 4104 significatur,
1286 4036 1524 4106 postulat
1552 4034 1711 4106 205
1748 4039 1933 4104 expla-

355 4121 496 4180 na'ri.
531 4128 665 4182 Cum
711 4129 873 4198 igitur
909 4129 1196 4198 episeopus
1223 4129 1291 4182 sit
1320 4139 1476 4198 typus
1513 4128 1626 4192 Dei,
1658 4130 1934 4182 videamus

351 4221 623 4287 quomodo
652 4221 873 4289 incipiat
910 4222 1191 4274 incensum
1223 4221 1442 4274 adolere
1473 4220 1540 4272 ab
1564 4219 1725 4272 altari
1762 4237 1932 4287 usque

353 4311 421 4362 ad
447 4311 823 4366 extremitates
859 4311 1072 4379 templi,
1113 4312 1421 4380 iterumque
1469 4313 1535 4365 ad
1567 4312 1809 4365 divinum
1847 4311 1929 4362 al-

2117 3479 2144 3551 §
2181 3482 2271 3533 lll.
2302 3483 2393 3534 Δεῖ
2415 3482 2476 3553 δὴ
2511 3479 2624 3546 οὖν,
2650 3485 2835 3558 ἐπειδὴ
2860 3488 3008 3552 ἐντὸς
3042 3489 3364 3559 ἐγενόμεθα,
3390 3492 3450 3544 τὸ
3478 3493 3623 3565 πρῶ-

2040 3593 2130 3627 τον
2155 3573 2264 3626 τῶν
2282 3573 2608 3644 ἀγαλμάτων
2629 3576 3039 3648 ἀπογυμνῶσαι.
3079 3581 3391 3652 Ἀγάλματα
3411 3585 3466 3638 δέ
3493 3604 3620 3656 φησι

2039 3665 2138 3728 τὰς
2171 3667 2383 3729 εἰκόνας
2417 3666 2524 3718 τῶν
2579 3669 2854 3737 μυστικῶν
2876 3711 2889 3733 ,
2926 3671 3106 3735 καθὼς
3153 3675 3248 3726 καὶ
3281 3677 3339 3727 ἐν
3372 3676 3450 3746 τῷ
3483 3679 3620 3745 Περί

2040 3756 2212 3807 θείων
2251 3755 2552 3823 ὀνομάτων
2587 3757 2915 3829 πλατύτερον
2941 3759 3276 3832 διελάϐομεν.
3316 3765 3537 3836 Πρῶτον
3563 3768 3618 3820 δὲ

2038 3845 2242 3897 τούτων
2274 3847 2334 3898 τὸ
2367 3846 2466 3915 τῆς
2496 3847 2764 3912 συνάξεως
2803 3853 3094 3922 μυστήριον
3130 3854 3489 3920 ἀπεκάλεσεν,
3528 3853 3616 3912 οῦ-

2028 3954 2172 4000 τινος
2198 3937 2260 3989 τὸ
2299 3938 2503 4006 νοητὸν,
2540 3938 2704 4008 ἤγουν
2742 3941 2800 3992 τὸ
2834 3942 2973 3996 κατᾶ
3007 3943 3235 4015 θεωρίαν
3269 3947 3613 4020 δηλούμενον,

2033 4027 2380 4098 ἀπογυμνοῦν
2414 4028 2823 4095 ἐπαγγέλλεται.
2874 4033 3087 4105 Ἐπειδὴ
3114 4037 3294 4089 τοίνυν
3315 4039 3482 4104 τύπος
3500 4043 3615 4094 ἐστὶ

2030 4119 2125 4174 τοῦ
2164 4119 2298 4172 Θεοῦ
2332 4122 2360 4172 ὁ
2398 4119 2714 4183 ἐπίσκοπος,
2754 4123 2948 4193 ἴδωμεν
2989 4124 3103 4188 πῶς
3153 4126 3376 4198 ἄρχεται
3415 4131 3616 4202 θυμιᾷν

2033 4212 2141 4266 ἀπὸ
2188 4211 2282 4264 τοῦ
2325 4213 2708 4285 θυσιαστηρίου
2741 4214 2845 4277 ἕως
2877 4215 2984 4267 τῶν
3017 4217 3282 4287 ἐσχάτων,
3327 4223 3421 4275 καὶ
3456 4223 3616 4275 πάλιν

2037 4302 2434 4374 ὲπαναστρὲφει
2478 4306 2571 4366 είς²
2601 4305 2660 4356 τὸ
2697 4304 2830 4357 Θεοῦ
2880 4305 3278 4380 θυσιαστήριον,
3331 4313 3391 4364 Ἡ
3434 4314 3614 4366 τοίνυν

353 4398 469 4455 tare
520 4411 846 4455 revertatur.
907 4401 1093 4470 itaque
1149 4402 1241 4454 Dei
1295 4402 1508 4455 bonitas
1560 4417 1588 4454 a
1641 4404 1924 4471 semetipsa

2127 4393 2304 4465 ιθότης
2320 4395 2412 4447 τοῦ
2443 4395 2575 4448 Θεοῦ
2604 4397 2694 4465 ἀφ’
2723 4397 2918 4465 ἑαυτῆς
2944 4397 3034 4450 ἐπί
3061 4402 3236 4454 πάντα
3261 4402 3328 4457 τὰ
3353 4403 3612 4476 προνοού-

349 4494 416 4546 ad
448 4493 629 4545 omnia
680 4508 800 4561 qua:
831 4492 1177 4561 providentia
1223 4502 1480 4560 reguntur
1519 4495 1797 4561 procedit;
1833 4493 1924 4546 sed

349 4592 570 4654 propter
603 4586 740 4648 hmc,
774 4585 1071 4638 secundum
1105 4585 1398 4638 essentiam
1429 4601 1606 4649 suam,
1646 4601 1922 4654 nunquam

351 4691 382 4731 ι
415 4678 635 4746 pr0pria
676 4677 911 4730 statione
963 4678 1189 4740 recedit,
1239 4675 1390 4744 cujus
1436 4677 1622 4745 urique
1675 4678 1922 4730 εεευιιιὶευ

349 4783 607 4821 arcanum
636 4766 906 4837 signiﬁcat
935 4767 1106 4820 altare
1135 4766 1264 4819 illud
1301 4767 1659 4829 inaccessum,
1684 4767 1751 4818 ad
1781 4765 1921 4833 quod

349 4860 638 4928 cpiscopus
670 4858 982 4911 revertitur.
1032 4857 1111 4911 Ad
1158 4860 1297 4910 hunc
1343 4857 1526 4924 itaque
1553 4857 1768 4911 modum
1802 4871 1921 4909 sese

349 4951 505 5003 habet
540 4964 809 5019 synaxeos
840 4958 1262 5009 sacran‘tentum,
1302 4950 1556 5016 quoniam
1592 4947 1680 5000 hic
1720 4946 1914 5014 duplex

344 5053 430 5096 est
461 5044 598 5096 ratio
629 5056 922 5112 anagoges.
953 5042 1157 5111 Estque
1191 5042 1307 5094 haec
1338 5043 1536 5112 prima.
1566 5040 1742 5107 Quod,
1791 5041 1916 5094 licet

345 5132 589 5186 divinum
627 5147 898 5204 synaxeos
945 5143 1350 5187 sacramentum
1427 5142 1484 5187 et
1549 5133 1806 5196 unicum,
1863 5142 1918 5186 et

343 5223 596 5292 simplex,
642 5233 694 5276 et
725 5231 1065 5291 compactum
1114 5223 1313 5276 habeat
1347 5222 1695 5292 principium,
1733 5221 1918 5276 multi.

344 5318 577 5385 plicetur
632 5325 812 5369 tamen
867 5329 968 5383 pro
1008 5314 1379 5385 symbolorum
1412 5314 1705 5377 varietate;
1749 5324 1915 5380 atque

347 5409 692 5463 uniformiter
739 5409 935 5463 iterum
972 5423 1037 5462 ex
1081 5405 1165 5460 his
1214 5407 1280 5459 ad
1310 5405 1594 5477 propriam
1628 5405 1914 5476 colligatur

348 5500 636 5562 muitatcm,
671 5500 1003 5565 unilicetque
1051 5497 1172 5552 illos
1215 5498 1309 5568 qui
1343 5500 1409 5553 ad
1441 5511 1500 5552 se
1539 5508 1726 5551 saneto
1756 5511 1911 5550 acce-

347 5591 504 5645 dunt.
534 5588 780 5644 Secunda
826 5603 954 5642 vero
995 5589 1138 5642 ratio
1179 5599 1281 5657 est,
1312 5589 1458 5659 quod
1487 5587 1700 5642 divinus
1730 5587 1910 5656 ponti-

347 5681 460 5749 fex,
494 5683 710 5739 1ametsi
749 5681 1009 5753 symbolis
1035 5691 1239 5750 utatur,
1266 5692 1319 5738 ct
1363 5681 1431 5740 ab
1462 5681 1620 5738 unica
1650 5680 1902 5748 scicntia,

2032 4502 2166 4556 μενα
2201 4484 2473 4555 πρόεισιν,
2511 4485 2623 4538 ἀλλ’
2675 4488 2772 4538 ούκ
2815 4487 2936 4554 ἔξω,
2977 4488 3065 4542 διὰ
3100 4491 3324 4556 τούτων,
3359 4495 3455 4564 τῆς
3489 4496 3611 4547 κατ’

2027 4578 2209 4630 οὐσίαν
2249 4577 2486 4642 στάσεως
2524 4581 2748 4646 γίνεται,
2783 4577 2848 4650 ἦς
2881 4581 2941 4652 δὴ
2967 4584 3149 4647 οὐσίας
3173 4586 3231 4639 τὸ
3259 4589 3486 4659 κρύφιον
3515 4589 3614 4655 δη-

2026 4670 2125 4731 λοῖ,
2163 4670 2223 4722 τὸ
2260 4670 2447 4723 ἄδυτον
2495 4671 2872 4743 θυσιαστήριον
2897 4715 2910 4738 ,
2959 4676 3038 4738 είς
3076 4675 3103 4728 ὃ
3146 4679 3546 4752 ἐπαναστρέρει
3579 4683 3611 4733 ὁ

2025 4767 2337 4829 ἐπίσκοπος.
2362 4765 2561 4819 Τοῦτον
2583 4762 2674 4818 οῦν
2700 4767 2790 4819 τὸν
2817 4769 3010 4840 τρόπον
3034 4770 3143 4840 ἔχει
3170 4774 3260 4826 καὶ
3287 4777 3318 4846 ὴ
3351 4775 3450 4844 τῆς
3477 4792 3608 4826 συν-

2025 4856 2195 4921 άξεως
2229 4857 2417 4926 τελετή
2445 4873 2457 4885 ⁸
2485 4855 2662 4919 διττὸς
2695 4856 2801 4928 γὰρ
2832 4859 2930 4929 τῆς
2974 4859 3204 4913 ἐνταῦθα
3232 4863 3523 4932 ἀναγωγῆς
3574 4863 3608 4912 ὁ

2019 4949 2236 5020 τρόπος.
2270 4949 2376 5001 Καὶ
2410 4949 2554 5001 ἔστιν
2587 4943 2739 5012 οὗτος
2773 4949 3021 5021 πρῶτος,
3048 4950 3128 5004 ὅτι
3172 4954 3333 5026 κᾶνή
3368 4955 3484 5008 θεία
3499 4957 3606 5025 τῆς

2023 5039 2292 5106 συνάξεως
2323 5040 2512 5112 τελετὴ
2561 5040 2652 5092 καὶ
2691 5041 2892 5093 ἑνιαίαν
2927 5043 3018 5094 καὶ
3074 5044 3255 5116 ἀπλῆν
3303 5047 3392 5098 καὶ
3440 5063 3601 5098 συνε-

2020 5133 2330 5203 πτυγμένην
2359 5132 2454 5205 ἔχῃ
2478 5131 2668 5202 ἀρχὴν,
2699 5133 3023 5204 πληθύνεται
3057 5138 3137 5199 εἰς
3170 5138 3268 5206 τὴν
3305 5137 3452 5207 ἱερὰν
3478 5154 3602 5188 ποι-

2018 5225 2192 5278 κιλίαν
2224 5224 2332 5276 τῶν
2376 5224 2652 5294 συμϐόλων
2671 5264 2685 5288 ,
2715 5226 2806 5278 καὶ
2840 5225 3085 5291 ἐνοειδῶς
3118 5225 3272 5292 αὖθις
3295 5231 3357 5282 ἐκ
3386 5227 3597 5281 τούτων

2015 5316 2110 5377 εἰς
2134 5315 2231 5386 τὴν
2254 5314 2454 5366 οἰκείαν
2495 5313 2696 5383 μονάδα
2735 5316 3040 5384 συνάγεται,
3070 5318 3163 5370 καί
3201 5321 3430 5373 ἐνοποιεῖ
3462 5317 3596 5379 τοὺς

2014 5408 2100 5459 ἐπ’
2141 5407 2306 5477 αὐτὴν
2357 5405 2514 5477 ἰερῶς
2559 5406 2939 5478 ἀναγομένους.
2967 5409 3227 5483 Δεύτερος
3264 5411 3321 5465 δὲ
3353 5411 3548 5481 τρόπος
3571 5424 3588 5435 °

2012 5500 2092 5552 ὅτι
2124 5501 2151 5552 ό
2183 5501 2324 5561 θεῖος
2361 5500 2638 5569 ἱεράρχης,
2671 5502 2718 5553 εἰ
2771 5504 2964 5572 χρᾶται
3002 5508 3113 5567 τοῖς
3154 5506 3457 5576 συμϐόλοις,
3490 5501 3592 5555 καὶ

2011 5593 2117 5646 ἀπὸ
2148 5593 2248 5663 τῆς
2272 5591 2475 5654 ὲνιαίας
2502 5593 2810 5664 ἐπιστήμης
2856 5594 3181 5666 πληθύνεται
3218 5597 3307 5650 διὰ
3343 5597 3440 5666 τὴν
3471 5590 3590 5645 τῶν

2011 5680 2424 5756 ὑποϐεϐηκότων
2457 5679 2732 5750 πρόνοιαν,
2751 5681 2862 5736 ἀλλ’
2889 5678 2979 5737 οῦν
3003 5685 3078 5748 ὡς
3110 5685 3373 5749 ἀπόλυτος
3399 5681 3586 5748 πάντη
