3730 6292
57 353 126 406 i5?
635 354 727 412 DE
760 357 1037 415 ECCLES.
1089 359 1490 429 HIEBARCH.,
1527 367 1600 422 CA

1785 365 1816 422 Ι.
1847 396 1916 406 —-
1949 365 2297 425 PARAPHR.
2338 370 2810 430 ΡΑΟΗΥΜΕΒᾹΞ.
3247 381 3356 458 458,

55 467 121 520 τοῦ
147 465 251 519 τῶν
278 468 611 538 συμϐόλων
650 473 889 546 πλήθους
916 476 1009 528 καὶ
1052 475 1127 548 μὴ
1159 477 1527 531 ὲπικοινωνῶν
1551 496 1600 531 τε

1785 489 1995 549 )ropter
2043 483 2385 538 subditorum
2427 488 2824 556 providentiam
2850 528 2864 547 .
2918 491 3349 563 multiplicetur,

56 562 279 632 χείροσιν,
319 562 414 624 εἰς
443 564 566 635 ’τὴν
594 567 810 620 οἰκείαν
831 569 1004 640 ἀρχὴν
1037 570 1306 635 ἐπάνεισι,
1343 573 1438 624 καὶ
1463 572 1562 644 τὴν
1586 589 1600 624 ε

1785 571 2158 638 nihilominus,
2189 588 2289 628 ceu
2340 577 2617 632 absolutus
2655 581 2879 636 omnino
2917 598 2946 636 a
2977 587 3350 654 symbolarum

58 624 78 632 ..
123 624 132 632 .
513 624 526 635 .
873 624 972 640 ιν..
1296 629 1301 635 .
1520 625 1529 644 .

57 659 99 709 τὸ
123 655 175 708 ἓν
203 654 414 726 νοερὰν
472 656 706 712 εἴσοδον
746 661 1136 733 ποιησάμενος,
1172 664 1276 734 ὁρᾷ
1309 664 1516 736 νοητῶς
1548 683 1600 718 τε

1933 624 1940 625 ί
2017 624 2024 625 ,
2081 624 2158 638 η,
2196 624 2289 628 _-_
2341 624 2616 632 ---ν-η-
2917 624 2946 636 ..
2977 624 3350 654 ..,....,υ.ν.υ...

1785 660 2147 729 multitudine,
2202 679 2377 735 neque
2429 667 2596 722 rebus
2643 671 2993 739 sequioribus
3041 682 3355 736 communi-

57 749 136 801 τῶν
156 748 522 820 τελουμένων
569 752 832 817 ένοειδείς
872 753 1082 822 λόγους,
1127 755 1299 827 πέρας
1340 756 1442 827 τῆς
1491 759 1570 820 είς

1785 764 1933 814 cans,
1991 754 2058 807 ad
2106 757 2386 824 proprium
2439 757 2770 828 principium
2821 774 3154 833 revertatur,
3197 779 3252 824 et
3283 771 3350 825 ad

60 842 245 913 δεύτερα
266 841 561 916 προόδου,
580 847 690 919 τὴν
717 849 798 910 είς
815 847 883 902 τὰ
908 848 1100 919 πρῶτα
1125 851 1462 922 ἐπιστροφὴν
1488 869 1600 905 ποι(

1785 856 1942 895 unum
1987 844 2289 912 spiritalem
2321 846 2531 904 faciens
2576 850 2878 919 introitum,
2907 868 3096 910 cernat
3136 861 3351 928 spirita-

62 953 183 1005 μενος
1775 931 1897 989 liter
1925 938 2226 995 uniformes
2266 952 2744 999 sacramentorum
2792 948 3054 1010 rationes,
3087 951 3214 1007 dum
3259 957 3344 1010 sui

1776 977 1885 989 -..ω
1927 977 2226 995 “unum-mu
2266 977 2744 999 σαυι-ιυυιιιυιυιιι
2792 977 3054 1010 Iauuuca,
3087 977 3214 1007 uuul
3259 977 3344 1010 sul

161 977 181 999 ³
1773 1027 2114 1092 actinferiora
2148 1047 2471 1102 progressus
2497 1036 2682 1103 linem,
2717 1039 3040 1098 diviniorem
3074 1047 3141 1100 ad
3170 1049 3346 1116 prima

124 1210 245 1276 §|V.
292 1215 604 1272 Ἐνταῦθα
640 1219 816 1288 λέγει,
847 1220 901 1273 τί
944 1221 1094 1292 δηλοῖ
1129 1224 1160 1294 ἡ
1191 1221 1481 1294 σύμφωνος
1519 1226 1659 1296 ψαλ-

64 1309 216 1376 μῳδία.
253 1311 409 1381 Ὅρα.
449 1311 515 1364 δὲ
564 1311 632 1366 τὸ
671 1316 1098 1386 συνουσιωμένη,
1129 1317 1210 1368 ὅτι
1250 1315 1346 1370 καὶ
1380 1318 1440 1371 τὸ
1470 1321 1659 1390 σχεδὸν

63 1402 408 1472 πφσέθηκενο
463 1405 534 1456 οὐ
595 1405 710 1478 γὰρ
749 1407 998 1478 ἀλλήλοις
1042 1410 1275 1479 ἦνωνται
1313 1411 1486 1465 ταῦτα
1533 1415 1658 1466 κατ’

62 1493 228 1556 ὠσίαν,
270 1494 419 1547 ἀλλὰ
474 1495 563 1566 τῷ
608 1499 752 1568 πρὸς
787 1497 883 1551 ἕνα
919 1499 1122 1552 σκοπὸν
1161 1500 1228 1554 τὰ
1255 1501 1431 1556 πάντα
1467 1521 1653 1558 συντε-

62 1586 160 1646 Liv,
185 1586 482 1640 τουτέστιν
509 1589 601 1652 εἰς
621 1589 725 1659 τὴν
763 1589 870 1642 τῶν
903 1589 1204 1662 ἀνθρώπων
1231 1596 1526 1666 σωτηρίαν,
1547 1598 1650 1669 ἔφη

62 1678 105 1728 :‘o
122 1679 567 1752 συνουσιωμένη,
595 1681 722 1734 ὅθεν
750 1681 910 1744 εὐθὺς
948 1683 1194 1753 ἐπήγαγε
1225 1683 1286 1736 τὸ
1322 1684 1526 1754 σχεδὸν,
1557 1705 1648 1741 κο-

63 1769 316 1843 ὶὰζωντὴν
341 1773 466 1825 ἀπὸ
507 1773 619 1844 τῆς
659 1773 858 1840 λέξεως
891 1776 1220 1829 ἐναντίωσιν.
1247 1779 1559 1851 Κατωτέρω
1588 1780 1647 1834 δὲ

69 1863 166 1928 μίαν
207 1864 530 1934 ἔμπνευσεν
582 1883 744 1938 φησι,
780 1866 1026 1919 τουτέστι
1076 1867 1204 1938 μίαν
1254 1868 1574 1942 σύμπνοιαν,
1616 1875 1646 1927 ὃ

66 1953 181 2022 δηλοῖ
212 1956 302 2008 τὸν
347 1955 463 2010 ἕνα
509 1957 742 2011 πάντων
797 1961 1014 2016 σκοπόν.
1065 1963 1192 2026 Πῶς
1239 1962 1418 2016 τοίνυν
1453 1965 1643 2036 ἔμελλε

67 2044 455 2118 διαχωρίζεσθαι
495 2049 530 2120 ἡ
574 2049 706 2121 ἱερὰ
736 2049 1024 2122 ψαλμῳδία
1046 2052 1154 2106 τῶν
1193 2055 1528 2126 μυστηρίων,
1551 2058 1644 2111 καὶ

71 2138 128 2208 μὴ
159 2140 436 2212 παρευθὺς
504 2142 905 2215 συναρτᾶσθαι,
953 2144 1074 2198 ἐπεὶ
1121 2143 1257 2217 πρὸς
1300 2146 1394 2200 ἕνα
1443 2148 1643 2202 σκοπὸν

70 2233 276 2303 ἀφορῶσι
308 2235 526 2298 πάντα,
567 2235 669 2288 καὶ
715 2235 776 2289 ἓν
822 2254 875 2291 τι
915 2237 1024 2290 τῶν
1057 2242 1137 2301 εἰς
1179 2241 1450 2313 σωτηρίαν
1485 2245 1642 2314 ἀγόν-

74 2343 157 2378 των
185 2326 570 2398 ὕφηγοῦνται;
611 2329 754 2401 Ὅρα
790 2329 848 2384 δὲ
885 2330 996 2384 τῶν
1014 2334 1114 2404 τῆς
1141 2335 1384 2401 Παλαιᾶς
1418 2337 1640 2407 βιϐλίων

67 2418 126 2481 ὡς
145 2420 191 2470 ἐν
223 2420 481 2492 συντόμῳ
516 2420 841 2493 ὲπίμνησιν.
890 2424 954 2477 Ἢ
986 2424 1116 2493 γοῦν
1156 2427 1258 2498 τῆς
1292 2429 1395 2482 ὑπὸ
1427 2431 1640 2499 γένεσιν

70 2510 318 2580 ὑπάρξεως
369 2513 568 2576 δέλτος
616 2516 650 2585 ἡ
712 2515 930 2581 Γένεσίς
968 2519 1149 2572 ἐστιν’
1187 2526 1218 2594 ἡ
1263 2524 1363 2594 τῆς
1407 2524 1640 2594 νομικῆς·

70 2601 334 2672 ίεραρχίας,
372 2602 440 2655 τὸ
475 2603 772 2658 Λευιτικόν
796 2606 910 2658 ἐστι
949 2609 1042 2661 καὶ
1081 2609 1141 2662 τὸ
1187 2612 1635 2684 Δευτερονόμιον·

70 2692 94 2759 ἡ
121 2691 204 2760 τῆς
227 2693 618 2764 κληροδοσίας,
657 2695 720 2748 τὸ
753 2697 862 2751 τῶν
906 2699 1182 2770 Ἀριθμῶν
1211 2702 1431 2773 βιϐλίον·
1471 2703 1636 2776 me»

70 2781 328 2848 Βασιλέων,
356 2786 392 2855 ἡ
429 2785 547 2838 τῶν
591 2787 818 2859 Κριτῶν
869 2791 985 2843 ὲστι
1032 2790 1231 2861 βίϐλος.
1282 2794 1549 2858 Παλαιοὺς
1577 2795 1634 2848 δὲ

67 2875 231 2946 ἀνδρας
266 2877 419 2946 λέγει
456 2878 552 2930 τὸν
592 2879 861 2950 Μωῦσῆν,
892 2883 982 2936 τον
1029 2884 1254 2955 Ἰησοῦν,
1289 2887 1380 2940 τὸν
1428 2887 1631 2951 Ἠλίαν,

67 2967 138 3017 καὶ
155 2969 270 3032 τοὺς
293 2970 542 3041 καθεξῆς
561 2989 574 3002 ·
597 2971 718 3025 θεῖα
751 2973 806 3026 δὲ
831 2973 1049 3045 ᾄσματα
1063 2990 1155 3030 τον
1183 2978 1448 3050 Ψαλτῆρά
1466 2998 1598 3052 φησι
1614 2997 1629 3012 ο

68 3059 378 3126 καὶείκόνας,
401 3064 468 3116 τὸ
503 3059 702 3135 τᾼσμα
718 3065 827 3119 τῶν
863 3069 1142 3139 ᾀσμάτων,
1176 3071 1309 3125 καθὸ
1340 3073 1368 3125 ὁ
1397 3075 1629 3145 Χριστὸς

1770 1118 1900 1176 facit
1930 1126 2320 1182 reversionem.

1840 1211 1984 1282 §IV.
2021 1216 2161 1271 Dicit
2211 1219 2302 1273 hic
2352 1219 2539 1284 etiam,
2577 1221 2705 1290 quid
2761 1237 2999 1278 consona
3039 1228 3344 1296 psalmodia

1764 1303 2053 1373 signiﬁcet.
2115 1309 2353 1366 Observa
2404 1328 2533 1368 vero
2580 1314 2708 1368 illml
2759 1320 3344 1393 6UVOUO’t0)pE-5V‘Q(COII-

1763 1395 2192 1468 snbstantiata),
2231 1403 2316 1456 cui
2369 1406 2530 1458 etiam
2587 1405 2696 1472 fere
2750 1408 3144 1480 additzneque
3196 1415 3340 1469 enim

1761 1485 1873 1541 haec
1907 1489 2051 1544 inter
2087 1506 2146 1546 se
2185 1507 2282 1561 per
2309 1493 2664 1549 substantiam
2702 1499 2998 1568 conjuncta
3043 1513 3189 1570 sntit,
3245 1507 3344 1563 sed

1755 1589 1820 1628 eo
1849 1579 1992 1644 quod
2032 1580 2097 1634 ad
2130 1597 2296 1636 unum
2330 1584 2509 1638 omnia
2545 1601 2773 1656 scopum
2800 1592 3134 1660 pertineant,
3163 1597 3213 1652 id
3235 1611 3342 1664 est,

1753 1666 1820 1719 ad
1858 1667 2137 1726 hominum
2171 1675 2440 1739 salutem,
2508 1678 2646 1733 dixit
2711 1681 2843 1737 illud
2895 1691 3344 1763 συνουσιωμένη,

1756 1769 1851 1809 seu
1917 1763 2390 1829 consubstantiata,
2446 1769 2592 1822 unde
2636 1771 2822 1826 statim
2873 1775 3160 1843 subiunxit
3205 1782 3340 1850 fere,

1702 1833 2001 1905 ‘dictionis
2053 1858 2471 1925 repugnantiam
2523 1863 2872 1931 corrigendo.
2937 1833 3108 1925 Paulo
3153 1833 3338 1930 alitem

1753 1940 1894 1995 inl’ra
1919 1943 1996 1997 ait
2035 1961 2200 2000 unam
2232 1949 2672 2020 inspirationem,
2701 1957 2750 2012 id
2775 1966 2883 2023 est,
2915 1975 3079 2016 unam
3113 1966 3338 2034 conspi-

1747 2035 2040 2098 rationem.
2074 2041 2221 2108 quod
2251 2042 2496 2098 declarat
2521 2061 2686 2100 unum
2711 2048 2875 2114 linem
2905 2068 3026 2108 esse
3059 2058 3328 2114 omnium.

1745 2124 2029 2190 Quomodo
2079 2130 2262 2200 itaque
2287 2148 2444 2190 sacra
2471 2137 2776 2205 psalmodia
2803 2154 3030 2213 propter
3063 2153 3326 2220 mysteria

1745 2214 2057 2285 dissideret,
2091 2229 2146 2275 et
2194 2238 2299 2279 non
2350 2227 2535 2280 statim
2577 2233 2920 2300 conveniret,
2981 2214 3327 2311 quandoqui-

1745 2309 1866 2364 dem
1919 2315 2100 2368 omnia
2156 2325 2406 2386 spectent
2436 2320 2505 2373 ad
2555 2336 2724 2379 unum
2765 2340 3012 2396 scopum,
3052 2309 3328 2404 unumque

1746 2403 1875 2472 quid
1909 2418 2092 2460 rerum
2141 2409 2208 2462 ad
2235 2409 2471 2466 salutem
2519 2416 2943 2474 conducentium
2995 2403 3322 2492 explanent?

1742 2493 1980 2550 Observa
2021 2509 2208 2554 autem
2253 2502 2520 2559 librorum
2565 2511 2809 2565 omnium
2858 2516 3080 2586 Antiqui
3125 2521 3320 2576 Testa-

1741 2595 1907 2644 menti
1938 2593 2096 2660 quasi
2128 2597 2452 2664 compendio
2475 2608 3074 2666 commemorationem.
3115 2609 3320 2670 Textns

1740 2682 1921 2752 itaque
1980 2687 2074 2754 qui
2127 2691 2400 2745 conditam
2455 2692 2717 2752 describit
2771 2700 3162 2769 substantiam,
3233 2717 3319 2763 est

1739 2775 1998 2839 Genesis;
2025 2778 2120 2846 qui
2156 2781 2382 2850 legalem
2428 2784 2819 2856 hierarchiam,
2849 2801 2934 2847 est
2961 2792 3232 2852 Leritieus
3261 2809 3320 2854 et

1741 2866 2250 2937 Deuteronomium;
2300 2873 2392 2942 qui
2446 2875 2830 2936 haereditatum
2881 2884 3312 2950 distributiones.

1734 2967 1820 3012 est
1865 2958 2004 3014 liber
2045 2959 2446 3033 Numerorum;
2481 2978 2564 3023 est
2613 2979 2668 3024 ct.
2717 2971 2924 3044 Regum
2952 2975 3314 3051 Judicumqne

1737 3049 1893 3104 liber.
1938 3051 2156 3109 Priscos
2187 3068 2369 3111 autem
2423 3059 2571 3115 virus
2621 3075 2786 3118 vocat
2831 3065 3074 3137 Moysen,
3122 3070 3310 3140 Insue,

68 3153 278 3221 νυμφίος,
299 3156 397 3208 καί⁸
430 3155 628 3228 νύμφη
668 3160 702 3229 ἡ
744 3159 1035 3231 Ἐκκλησία
1068 3162 1387 3229 εἰκονίζεται
1410 3182 1423 3196 ⁸
1461 3184 1600 3238 προα

1785 3143 1932 3206 liam,
1962 3154 2018 3199 et
2054 3148 2145 3215 qui
2195 3159 2529 3218 sequuntur;
2565 3153 2748 3210 divina
2791 3173 2922 3216 vero
2955 3161 3177 3220 Cantica
3216 3183 3313 3236 ap-

68 3247 320 3318 ντιρρησεις
341 3249 456 3301 τῶν
490 3251 792 3321 ἐσομένων,
827 3256 924 3317 τὰς
958 3258 1310 3327 προφητείας.
1348 3259 1626 3312 Ἐντεῦθεν

69 3338 116 3389 :‘z
146 3343 236 3411 τῆς
277 3342 426 3407 Νέας
462 3345 703 3413 εἰσάγει,
749 3345 842 3398 τοῦ
891 3347 1064 3420 Ἰησοῦ
1122 3350 1222 3414 τὰς
1273 3351 1624 3424 ἀνθρωπικὰς

70 3430 337 3502 θεουργίας,
372 3437 441 3500 ἃς
480 3435 617 3500 Θεὸς
651 3435 746 3501 ὢν,
771 3438 1120 3511 διεπράττετο
1153 3443 1623 3516 ἀναστρεφόμενος

71 3523 175 3585 μετὰ
207 3523 458 3594 σώματος
478 3542 491 3555 ’
526 3527 632 3590 τὰς
665 3527 774 3579 τῶν
806 3529 1065 3601 μαθητῶν
1089 3533 1322 3604 Πράξεις
1364 3536 1456 3588 καὶ
1477 3537 1622 3590 διδα-

69 3612 276 3678 σκαλίας,
309 3616 412 3669 ὅσα
446 3615 560 3688 γὰρ
594 3619 879 3690 ἐποίησαν,
924 3621 1018 3675 καὶ
1043 3624 1142 3677 ὅσα
1175 3625 1439 3692 ἐδίδαξαν,
1465 3629 1616 3699 φησί.

66 3700 150 3772 Τὴν
183 3708 447 3780 μυστικὴν
484 3709 545 3763 δὲ
585 3711 821 3781 ὲποψίαν
845 3713 996 3785 οἶμαι
1030 3715 1210 3786 λέγειν
1248 3717 1345 3789 τὴν
1385 3719 1617 3775 Ἀποκά-

62 3789 192 3860 ludia
228 3797 318 3851 τοῦ
355 3799 506 3853 θείου
555 3801 806 3857 Ἰωάννου
858 3806 952 3859 καὶ
992 3807 1408 3877 εὐαγγελιστοῦ·
1448 3813 1618 3884 ὑπερ-

63 3884 254 3954 κόσμιον
284 3889 340 3942 δὲ
389 3891 702 3961 θεολογίαν,
737 3895 798 3948 τὸ
830 3900 952 3951 κατ’
972 3900 1133 3954 αὐτὸν
1160 3902 1508 3970 Εὐαγγέλιον.

119 4144 228 4215 §V.
263 4151 327 4203 Ἀ
348 4152 414 4224 δὴ
462 4152 646 4206 ταῦτα
680 4155 855 4209 πάντα
887 4158 919 4228 ἡ
957 4159 1223 4229 ίερολογία
1269 4166 1390 4228 ταῖς
1433 4165 1617 4233 ἁγίαις

53 4237 269 4306 τελεταῖς
301 4245 745 4318 συνερῤίζωσεν·
781 4248 963 4317 οὐδὲν,
977 4251 1085 4324 γάρ
1116 4255 1351 4310 τελεῖται
1403 4275 1616 4331 σιωπη-

51 4329 150 4394 λῶς
179 4337 365 4408 πάντη,
399 4341 450 4392 εί
494 4340 572 4410 μὴ
608 4339 678 4392 δι’
704 4340 888 4410 ὓμνων
930 4343 1089 4398 θείων
1129 4350 1222 4402 καὶ
1265 4349 1514 4421 ψαλμῶν.
1559 4329 1616 4404 Ὅ

51 4423 169 4487 γοῦν
203 4429 301 4482 τῶν
331 4431 570 4503 ψαλμῶν
589 4433 724 4485 ιὲστι
759 4435 958 4499 σκοπὸς
997 4437 1059 4489 τὸ
1091 4440 1330 4510 ὑμνῆσαι
1369 4443 1500 4496 Θεόν
1531 4463 1611 4505 τε,

1737 3235 1899 3304 pellat
1927 3237 2092 3310 206
2132 3239 2393 3309 Psaltem;
2431 3253 2488 3299 et
2517 3245 2796 3317 imagines,
2833 3250 3115 3310 Canticum
3137 3262 3310 3313 canti-

1731 3343 1948 3397 corum,
2002 3333 2094 3388 ubi
2144 3334 2394 3392 Christus
2429 3353 2661 3408 sponsus
2704 3351 2760 3398 et
2801 3343 3048 3402 Ecclesia
3105 3365 3307 3419 sponsa

1733 3419 1999 3491 ﬁguratur
2017 3438 2032 3489 ;
2049 3422 2355 3480 futurorum
2379 3430 2762 3496 praedictiones
2783 3447 2942 3492 vocat
2967 3443 3306 3511 prophet'ras.

1728 3509 1934 3568 Deinde
1954 3517 2252 3572 introducit
2285 3535 2348 3575 ea
2389 3537 2508 3592 qua:
2526 3535 2652 3581 sunt
2678 3528 2810 3584 Novi
2857 3509 3214 3599 Testauienti,
3249 3548 3311 3592 ut

1729 3605 1995 3663 humanas
2009 3607 2137 3664 Jesu
2158 3613 2419 3683 actiones,
2454 3633 2592 3687 quas
2616 3619 2757 3676 Deus
2783 3625 3080 3690 exsistens,
3107 3643 3228 3682 cum
3255 3631 3306 3683 in

1722 3711 1953 3768 corpore
2007 3715 2342 3772 versaretur,
2377 3713 2664 3778 exercuit;
2699 3715 3086 3786 discipulorum
3139 3720 3307 3778 Actus

1723 3800 1890 3859 atque
1909 3793 2184 3849 doctrinas
2210 3813 2224 3850 :
2253 3810 2499 3856 recenset
2522 3805 2667 3858 enim
2689 3821 2808 3874 quae
2829 3824 3114 3878 gesserunt
3139 3822 3306 3882 atque

1721 3881 2048 3941 docuerunt.
2071 3885 2353 3955 Mysticam
2375 3906 2506 3947 vero
2528 3895 2790 3950 visionem
2827 3899 3083 3954 existimo
3111 3917 3304 3957 vocare

1719 3973 2080 4044 Apocalypsin:
2105 3978 2212 4031 divi
2241 3977 2464 4036 Joannis
2484 3986 2839 4051 evangelista:
2867 4004 3067 4057 :porro
3103 4007 3301 4062 supra-

1725 4067 2054 4123 mundialem
2110 4070 2459 4142 theologiam,
2502 4075 2746 4144 ejusdem
2777 4079 3151 4152 Evangelium.

1790 4158 1817 4230 ᾗ
1850 4159 1905 4213 V.
1938 4159 2066 4216 Haec
2105 4163 2291 4233 utique
2332 4167 2512 4221 omnia
2545 4183 2718 4226 sacra:
2764 4174 2974 4245 paginae
3004 4192 3126 4233 cum
3174 4198 3302 4236 san-

1722 4250 1826 4306 ctis
1867 4253 2231 4309 sacramentis
2259 4256 2667 4326 conjunxerunt
2693 4278 2707 4314 :
2741 4263 2878 4318 nihil
2905 4267 3049 4320 enim
3077 4273 3300 4326 omnino

1725 4342 1888 4398 tacite
1920 4343 2250 4415 celebratur,
2286 4365 2464 4419 neque
2519 4351 2679 4408 aliter
2729 4370 2894 4423 quam
2943 4375 3041 4430 per
3086 4364 3298 4420 divinos

1721 4438 1952 4510 hymnos
1998 4451 2051 4495 et
2079 4443 2340 4512 psalmos.
2393 4447 2578 4516 Itaque
2621 4449 2952 4516 psalmorum
2989 4471 3188 4526 scapus
3213 4472 3292 4516 est

50 4517 139 4568 καὶ
181 4523 295 4586 τοὺς
347 4525 427 4595 τῷ
459 4525 585 4596 Θεῷ
639 4525 898 4596 γνησίους
923 4529 1142 4602 ἄνδρας,
1176 4535 1600 4609 ὑπαγορευτικὴι

1785 4530 1949 4586 udare
1998 4535 2190 4597 Deum,
2228 4537 2484 4606 virosque
2533 4538 2643 4593 Deo
2696 4550 2882 4610 gratos
2938 4547 3005 4600 ad
3049 4517 3291 4618 eiusdem

47 4605 149 4656 τῶν
165 4613 409 4666 τοιούτων
425 4618 524 4668 καὶ
545 4617 904 4689 περιεκτικὴν
927 4620 1160 4688 ἑχόντων
1181 4623 1410 4696 δύναμιν
1436 4663 1451 4684 ,
1469 4628 1611 4692 ἧτις,

49 4701 216 4768 φησιν,
248 4706 561 4776 ἀναγκαίως
592 4710 656 4760 ὲν
690 4711 824 4762 πᾶσι
848 4713 960 4775 τοῖς
997 4715 1324 4786 ἱεραρχικῶς
1355 4719 1613 4790 τελουμέ-

47 4808 154 4855 πκις
183 4798 684 4870 παραλαμϐάνεται,
719 4799 953 4872 ἔμμονον
984 4805 1084 4875 τὴν
1117 4807 1228 4859 τῶν
1258 4807 1612 4880 ψαλλομένων

50 4885 252 4957 μνήμην
289 4891 597 4960 ἐμποιοῦσα
630 4895 748 4956 τοῖς
790 4894 1073 4964 ψάλλουσι,
1113 4900 1208 4952 καὶ
1245 4901 1344 4964 τὰς
1373 4901 1611 4971 ψυχικὰς

45 4974 194 5039 ἡμῶν
235 4981 369 5049 ἕξεις
412 4985 756 5057 ὲναρμονίως
803 4986 1101 5042 διατεθεῖσα
1147 4993 1284 5063 πρὸς
1316 4993 1383 5046 τά
1419 4995 1610 5066 μικρὸν

46 5063 258 5139 ὕστερον
307 5076 746 5148 τελεσθησὸμενα
788 5081 1081 5152 μυστήρια.
1127 5085 1274 5138 Λάϐε
1320 5086 1376 5139 δὲ
1420 5063 1610 5139 καὶ-τὸ

43 5156 146 5224 τῆς
198 5162 506 5238 ψαλμῳδὶας
577 5169 900 5241 σύμφωνον,
961 5175 1045 5238 είς
1097 5175 1447 5230 διδασκαλίαν
1509 5179 1608 5249 τῆς

45 5251 178 5315 πρὸς
197 5255 321 5311 Θεὸν
353 5264 445 5315 καὶ
491 5261 633 5332 πρὸς
665 5261 924 5334 ἀλλήλους
959 5269 1052 5321 καὶ
1079 5269 1216 5340 πρὸς
1253 5272 1454 5342 ἑαυτὴν
1486 5273 1610 5342 ὁμο-

43 5347 321 5422 εὲρθσὺνης.
357 5354 526 5408 Ὅταν
551 5355 684 5424 γοῦν
716 5357 888 5411 ταῦτα
926 5360 1172 5431 γένηται,
1201 5363 1350 5434 καὶὴ
1381 5364 1608 5434 ὑμνολο-

36 5434 143 5498 τία
161 5442 324 5508 καλῶς
347 5445 577 5522 διαϐήσῃ
599 5449 701 5512 τὰς
723 5447 996 5522 ἡμετέρας
1028 5453 1228 5526 ψυχάς,
1255 5458 1350 5509 καὶ
1374 5458 1454 5520 εἰς
1479 5459 1606 5526 ὀμο-

36 5529 303 5603 φὲκΰῦνην
340 5539 562 5612 συνάξῃ,
595 5538 672 5603 ὡς
696 5538 764 5592 ἂν
803 5540 891 5593 διὰ
926 5543 1056 5610 μιᾶς
1097 5547 1193 5598 καὶ
1217 5547 1476 5617 ὁμολόγου
1509 5565 1603 5618 χο-

34 5616 192 5684 ρξεῑς
218 5626 310 5696 τὴν
341 5630 703 5701 άνεκλάλητον
741 5631 899 5703 ἡμῶν
939 5635 1134 5706 νοεράν
1166 5637 1481 5709 ψαλμφδίαν
1511 5616 1603 5712 (ἦν

31 5707 145 5757 καὶ
164 5722 583 5794 συντετμημένην
607 5724 701 5776 καὶ
727 5728 1196 5800 συνεσκιασμένην
1213 5729 1376 5798 λέγει·
1395 5732 1455 5783 το
1480 5732 1598 5801 μὲν,

29 5796 130 5858 ὡς
157 5809 327 5877 νοερὰν
376 5815 468 5866 καὶ
517 5815 748 5878 ἑνιαίαν,
784 5816 847 5868 τὸ
877 5817 956 5881 δὲ,
994 5819 1071 5883 ὡς
1105 5821 1286 5890 ἀφανῆ
1331 5824 1424 5879 καὶ
1457 5824 1600 5878 κατὰ

309 5907 570 5973 Pirum.
610 5913 724 5974 Gn.
763 5912 872 5974 Ill.

1718 4626 1903 4680 laudes
1933 4629 2232 4692 excitandi,
2261 4639 2318 4684 et
2347 4631 2399 4685 in
2447 4633 2517 4686 iis
2545 4636 2908 4691 conveniendi
2933 4641 3038 4693 vim
3066 4643 3288 4708 habent,

1716 4733 1853 4786 qua,
1892 4720 2084 4788 inquit,
2119 4725 2432 4778 necessario
2474 4726 2761 4780 adhibetur
2789 4731 3044 4785 omnibus
3073 4733 3141 4786 iis
3167 4750 3292 4804 qua:

1717 4812 2059 4868 hicrarchice
2085 4824 2372 4885 geruntur,
2397 4831 2462 4871 eo
2487 4819 2634 4886 quod
2653 4817 3010 4888 psallentibus
3032 4836 3290 4880 consum-

1717 4913 1822 4956 tem
1855 4917 2044 4958 eorum
2081 4921 2201 4975 qua:
2251 4909 2559 4978 psalluntur
2610 4911 2927 4964 memoriam
2984 4913 3287 4984 ingeneret,

1713 5003 1769 5048 et
1811 4995 2076 5052 animales
2121 5010 2338 5054 nostras
2401 5000 2720 5057 aifectiones
2759 5019 2996 5074 congrue
3038 5008 3290 5078 disponat

1714 5086 1781 5140 ad
1838 5091 2121 5160 mysteria,
2173 5107 2295 5160 qua:
2351 5091 2510 5161 paulo
2571 5104 2694 5162 post
2745 5107 2872 5152 sunt
2925 5099 3277 5157 celebranda.

1715 5178 2024 5244 Quinetiam
2059 5183 2373 5250 psalmodia
2394 5196 2722 5240 concentum
2773 5189 2982 5257 accipe,
3038 5180 3105 5245 ad
3162 5211 3284 5250 eam

1712 5287 1832 5339 qua:
1861 5289 1982 5328 cum
2019 5277 2128 5329 Deo
2151 5286 2207 5330 et
2233 5277 2299 5329 ad
2333 5277 2592 5344 invicem,
2623 5291 2679 5334 et
2717 5297 2838 5336 cum
2877 5289 3170 5358 semetipso
3203 5301 3287 5347 est

1709 5367 2060 5420 concordiam
2112 5366 2469 5425 edocendam.
2506 5371 2633 5428 Haec
2661 5375 2752 5428 ubi
2786 5387 3005 5444 peracta
3046 5393 3194 5448 sunt,
3231 5398 3287 5440 et

1711 5459 2060 5532 hymnologia
2092 5470 2241 5515 recte
2268 5474 2486 5520 nostras
2499 5467 2711 5521 animas
2728 5474 3057 5539 composuit.
3081 5489 3140 5531 et
3165 5483 3284 5535 vel-

1708 5551 1785 5603 uti
1819 5552 1978 5606 unica
2009 5555 2376 5624 concordique
2408 5563 2609 5615 chorea
2639 5565 2998 5620 concordavit
3033 5567 3286 5629 inetl‘abi-

1707 5645 1815 5697 lem
1850 5643 1994 5698 illam
2051 5655 2298 5700 nostram
2349 5649 2654 5718 spiritalem
2699 5653 3056 5724 psalmodiam
3093 5659 3280 5732 (quam

1703 5747 1757 5791 et
1813 5739 2094 5792 concisam
2150 5748 2206 5793 et
2252 5741 2636 5799 ubumbratam
2662 5746 2837 5803 dicit:
2867 5747 2999 5807 illud
3037 5756 3282 5823 quidem,

1708 5837 1962 5897 tanquam
2011 5829 2314 5900 spiritalem
2374 5836 2724 5908 unicamque,
2773 5841 2878 5898 hoc
2939 5859 3095 5908 vero,
3155 5857 3272 5905 tan-

2971 5941 3044 5999 13
