3730 6344
404 364 495 429 rso

1571 364 1630 421 S.
1668 360 1969 418 DlONYSlI
2003 362 2465 418 ARECPAGITJE

3531 375 3637 427 450'

389 484 552 537 quant
614 467 902 521 obscuram
951 470 1008 517 et
1057 462 1359 517 secundum
1412 456 1680 529 animam)
1719 457 1857 525 pluri

2158 458 2268 528 (ὴν)
2303 459 2391 512 διὰ
2428 459 2689 512 πλειόνων
2736 460 3024 536 ἐξαπλώσῃ
3060 463 3305 530 εἰκόνων,
3342 465 3501 538 (άλλη
3531 468 3631 542 γὰρ

390 560 721 632 imaginibus
766 554 1057 626 explicavit
1102 555 1227 625 (alia
1271 564 1356 607 est
1407 552 1550 605 enim
1596 550 1763 619 figura
1816 548 1963 617 psal-

388 653 603 717 modia,
622 660 677 705 et
703 650 807 703 alia
846 646 1124 716 lectionis)
1151 660 1357 712 :quare
1378 643 1541 698 etiam
1577 658 1672 710 per
1700 641 1964 696 lectiones

389 741 694 798 istiusmodi
728 738 1076 810 hymnologia
1117 736 1408 788 dilatatur.
1462 732 1673 787 Rursus
1717 733 1769 785 itt
1814 731 1963 784 hisce

389 834 710 889 lectionibus
746 833 838 902 qui
885 834 952 883 ad
1004 842 1223 883 sensum
1279 826 1531 887 attendit,
1578 824 1780 878 videbit
1828 838 1963 891 quo-

388 926 549 981 modo
578 927 682 980 rite
711 925 895 980 omnia
936 935 993 978 et
1036 932 1094 975 ut
1126 929 1344 990 oportet
1364 919 1619 973 ordinata
1643 916 1774 980 sint,
1802 914 1963 983 idque

388 1020 685 1075 scentulum
723 1017 1135 1085 inspirationem
1179 1022 1235 1068 et
1278 1012 1595 1067 instinctum
1627 1007 1795 1062 divini
1823 1006 1963 1061 vivi-

388 1111 585 1180 ficique
635 1109 891 1178 Spiritus.
948 1107 1229 1178 Legnntur
1259 1104 1407 1159 enim
1461 1103 1695 1171 primum
1746 1115 1810 1153 ea
1842 1113 1963 1168 qua:

386 1213 515 1257 sunt
548 1200 757 1256 Veteris
784 1199 1135 1258 'l‘eslamenti.
1163 1196 1356 1252 deinde
1388 1209 1508 1264 qua:
1548 1201 1674 1248 sunt
1720 1190 1852 1244 Novi
1886 1190 1963 1245 si-

389 1296 593 1349 militer
625 1312 639 1347 :
675 1293 931 1363 quoniam
1002 1291 1132 1345 illud
1190 1289 1410 1358 quidem
1432 1287 1505 1341 de
1539 1284 1758 1340 Christo
1789 1282 1964 1335 disse-

388 1386 517 1453 ruit,
555 1387 657 1441 hoc
690 1400 818 1440 vero
852 1385 1023 1455 ipsum
1066 1381 1351 1445 exhibuit;
1387 1389 1549 1448 atque
1577 1377 1707 1431 illud
1734 1376 1959 1447 quidem

388 1478 590 1547 figuras
644 1478 958 1546 descripsit,
1001 1475 1104 1530 hoc
1160 1490 1290 1528 vero
1339 1472 1627 1527 manifeste
1673 1469 1957 1524 veritatem

2064 548 2227 601 εἰκὼν
2270 551 2369 620 τῆς
2402 550 2749 620 ψαλμῳδίας,
2787 553 2881 604 καὶ
2922 554 3057 623 ἄλλη
3098 555 3194 624 τῆς
3241 557 3631 630 ἀναγνώσεως)

2063 642 2346 713 εὐρύνεται
2381 643 2595 704 πάντως
2629 645 2661 712 ἡ
2701 643 2923 713 τοιαύτη
2958 646 3253 715 ύμνολογία
3295 649 3390 701 καὶ
3428 649 3516 702 διά
3534 652 3634 704 τῶν

2064 732 2438 801 ἁναγνώσεων.
2475 733 2643 786 Πάλιν
2688 736 2746 785 ἐν
2782 734 3008 799 ταύταις
3063 738 3184 799 ταῖς
3216 736 3579 806 ἀναγνώσεσιν
3607 740 3637 792 ό

2064 824 2206 879 κατά
2236 825 2357 878 νοῦν
2393 824 2623 894 βλέπων,
2650 825 2838 894 ὄψεται
2884 825 3001 890 πῶς
3026 826 3098 879 τά
3130 828 3306 881 πάντα
3344 828 3524 893 καλῶς
3549 831 3640 884 καὶ

2063 914 2137 979 ὡς
2168 915 2249 968 δεῖ
2281 916 2604 986 ἐτάχθησαν,
2640 919 2733 970 καὶ
2774 918 2915 971 κατά
2956 919 3250 990 ἔμπνευσιν
3285 923 3381 973 καὶ
3434 920 3639 992 κίνησιν

2067 1004 2160 1057 τοῦ
2189 1004 2331 1058 Θείου
2366 1006 2459 1058 καὶ
2498 1006 2805 1077 ζωαρχικοῦ
2840 1008 3176 1080 Πνεύματος.
3226 1011 3642 1080 Ἀναγινώσκον-

2067 1115 2158 1151 ται
2201 1097 2310 1169 γάρ
2342 1097 2410 1151 τὰ
2451 1099 2550 1169 τῆς
2587 1098 2826 1164 Παλαιᾶς
2868 1101 3146 1173 Διαοηκης
3198 1103 3489 1175 πρότερον,
3544 1101 3637 1157 εἷθ’

2066 1190 2237 1254 οὕτως
2268 1192 2367 1261 τῆς
2389 1192 2560 1256 Νέας’
2590 1193 2671 1245 ὅτι
2710 1195 2743 1263 ἠ
2782 1191 2880 1263 μὲν
2907 1188 3024 1247 εἷπε
3058 1195 3129 1248 τά
3158 1198 3286 1268 περί
3325 1197 3583 1267 Χριστοῦ,
3608 1199 3640 1269 ἠ

2066 1281 2123 1334 δὲ
2148 1283 2390 1335 ἐτέλεσε’
2429 1285 2521 1335 καὶ
2555 1286 2587 1354 ἡ
2626 1285 2724 1354 μὲν
2747 1287 2962 1351 εἰκόνας
2988 1287 3246 1359 ἔγραψεν,
3277 1290 3311 1360 ἡ
3344 1290 3400 1343 δὲ
3435 1290 3642 1362 τρανῶς

2068 1376 2313 1442 ὑπέδειξε
2353 1375 2450 1446 τὴν
2484 1375 2771 1446 ἀλήθειανο
2811 1380 2967 1451 καὶὴ
3009 1381 3107 1451 μὲν
3142 1380 3389 1450 θεολογία
3434 1382 3645 1435 καλοῖτο

2062 1466 2147 1529 ἂν,
2164 1470 2194 1538 ἡ
2214 1468 2269 1519 δέ
2287 1468 2399 1519 Νέα
2416 1466 2690 1538 θεουργία,
2709 1470 2788 1522 ὅτι
2801 1470 2932 1522 Θεὸν
2954 1472 3197 1539 ὑπέδειξε
3218 1472 3356 1543 μετά
3374 1472 3642 1545 σώματος.

388 1571 804 1633 demonstravit;
855 1576 1018 1637 atque
1083 1566 1211 1620 illud
1267 1568 1394 1619 item
1471 1562 1735 1631 theologia
1792 1558 1971 1613 vocari
2010 1562 2177 1628 possit
2205 1574 2298 1614 seu
2322 1574 2503 1613 sermo
2536 1562 2600 1615 de
2632 1562 2762 1626 Deo,
2790 1562 2889 1617 hoc
2919 1578 3049 1618 vero
3088 1564 3345 1636 θεουργία
3389 1583 3486 1622 seu
3512 1585 3647 1639 opus

387 1664 505 1725 Dei,
530 1664 784 1734 quoniam
806 1664 1093 1732 ipsummet
1134 1660 1297 1714 Deum
1360 1660 1413 1713 in
1442 1672 1675 1727 corpore
1704 1656 1972 1711 exhibuit.

459 1752 609 1827 §V1.
640 1752 742 1819 Qui
783 1753 1003 1820 quidem
1064 1766 1346 1806 sacrarum
1406 1751 1602 1803 harum
1660 1747 1932 1801 lectionuu

2178 1744 2263 1799 Vl.
2287 1748 2502 1801 Τούτων
2536 1750 2645 1803 τῶν
2670 1752 2713 1803 ίε
2721 1752 2831 1823 ρῶν
2856 1752 3215 1823 άναγνὼσεων
3237 1757 3286 1810 οἰ
3318 1757 3423 1828 μὲν
3447 1759 3647 1823 τελέως

387 1848 751 1914 tubarumque
767 1843 1091 1912 spiritalium
1119 1843 1337 1912 penitus
1351 1840 1513 1910 207
1530 1847 1779 1895 exsortes
1808 1846 1955 1901 sunt,

384 1954 456 1991 ne
492 1938 639 2007 ipsas
669 1936 889 2006 quidem
946 1936 1210 2005 imagines
1229 1942 1592 1989 contuentur:
1625 1946 1747 1985 nam
1772 1929 1959 1984 oculos

385 2028 551 2083 semel
591 2027 660 2082 ad
686 2026 869 2081 lumen
910 2026 1107 2081 salutis
1143 2024 1515 2092 occluserunt,
1552 2024 1776 2093 Deoque
1810 2023 1959 2092 ipsos

384 2121 605 2174 vocanti
661 2120 1031 2187 obstrepunt:
1063 2116 1193 2171 Vias
1236 2127 1358 2171 tuas
1400 2117 1542 2171 scire
1578 2115 1722 2171 nolo.
1774 2115 1958 2169 Tubas

384 2225 566 2267 autem
590 2210 812 2279 accipit,
841 2209 937 2285 vel
957 2219 1197 2279 propter
1216 2209 1462 2278 spiritale
1486 2208 1685 2263 bellum
1717 2206 1954 2262 fidelium

382 2306 527 2375 quod
555 2302 758 2358 habent
786 2319 909 2359 cum
939 2302 1277 2367 adversario,
1306 2302 1387 2354 vel
1415 2309 1637 2370 propter
1678 2299 1823 2354 illam
1853 2314 1950 2369 po-

383 2398 495 2468 puli
537 2397 589 2448 in
639 2396 773 2449 Sina
819 2395 1297 2464 congregationem
1356 2394 1655 2447 secundum
1706 2393 1953 2446 ordinem

381 2488 698 2559 dignitatis;
747 2502 871 2542 nam
922 2486 1095 2541 ultimi
1141 2484 1353 2539 illorum
1391 2498 1553 2538 voces
1582 2498 1645 2537 ac
1674 2484 1836 2537 tubas
1861 2498 1955 2536 au-

380 2582 625 2637 diebant.
661 2577 831 2635 Porro
865 2588 978 2634 tres
1002 2580 1223 2633 ordines
1253 2579 1371 2642 hos,
1411 2576 1950 2638 catechumenorum,

381 2685 439 2729 et
472 2690 503 2728 a
534 2674 815 2744 spiritibus
859 2676 1232 2737 obsessorum,
1256 2672 1767 2742 pmnitentiumque,
1798 2684 1951 2724 sacra

383 2768 603 2835 quidem
649 2768 864 2822 sanctio
907 2767 1177 2837 permittit
1223 2764 1412 2818 audire
1440 2764 1737 2830 lectiones,
1763 2779 1952 2817 verum

382 2868 537 2914 arcet
575 2875 605 2913 a
639 2860 998 2929 sequentibus
1022 2857 1322 2929 mysteriis.
1358 2856 1498 2924 Quin
1522 2867 1574 2910 et
1608 2857 1743 2910 ordo
1775 2866 1953 2910 status

380 2967 569 3007 eorum
601 2953 902 3007 secundum
929 2950 1201 3020 justitiam
1238 2949 1495 3005 definitus
1525 2957 1612 3003 est
1640 2964 1655 3011 ;
1688 2958 1848 3017 atque
1874 2949 1955 3002 ul-

383 3046 548 3097 tinnis
592 3046 813 3113 quidem
859 3045 994 3099 ordo
1030 3041 1327 3097 attributus
1371 3047 1458 3095 est
1520 3039 1952 3105 catechumenis,

382 3146 570 3205 utpote
598 3138 742 3191 nullo
774 3138 955 3192 adhuc
993 3144 1334 3192 sacramento
1388 3132 1639 3196 initiatis,
1670 3142 1721 3187 et
1760 3146 1956 3187 secun-

379 3230 508 3283 dum
536 3229 707 3283 Deum
742 3230 971 3285 necdqu
1008 3229 1249 3299 perfecte
1281 3227 1442 3282 natis.
1483 3225 1953 3292 Quemadmodum

380 3320 524 3373 enim
574 3319 632 3373 in
682 3322 846 3375 rebus
883 3321 1169 3391 corporeis
1204 3319 1430 3384 accidit,
1482 3326 1542 3370 ut
1595 3314 1954 3385 imperfectos

382 3409 525 3465 fetus
554 3421 609 3464 et
652 3413 879 3466 abortus
905 3427 1067 3467 nemo
1090 3411 1293 3468 dixerit
1321 3411 1374 3464 in
1406 3408 1581 3463 lucem
1601 3422 1725 3464 esse
1754 3408 1952 3476 editos,

380 3516 447 3557 eo
474 3503 615 3571 quod
645 3504 957 3574 imperfecti
991 3516 1236 3561 materno
1275 3515 1429 3558 utero
1467 3502 1772 3559 exciderint
1803 3502 1950 3572 (nam

381 3596 641 3667 physicus
695 3600 1050 3666 medicusque
1088 3599 1297 3662 dicent,
1348 3597 1523 3653 lucem
1576 3599 1629 3653 in
1690 3600 1757 3655 iis
1814 3599 1951 3655 nihil

383 3691 625 3759 operari,
660 3706 784 3745 cum
833 3707 863 3744 a
911 3698 1106 3745 natura
1141 3689 1372 3755 habeat,
1403 3700 1460 3745 ut
1510 3702 1770 3761 operetur
1799 3694 1851 3746 in
1884 3692 1952 3746 iis

382 3799 504 3852 qua:
537 3783 674 3837 lucis
699 3791 829 3836 sunt
853 3780 1123 3850 capacia);
1143 3781 1333 3835 eodem
1361 3785 1521 3837 modo
1546 3785 1597 3837 in
1619 3784 1953 3855 spiritalibus

380 3891 441 3929 se
494 3891 581 3930 ros
631 3875 838 3929 habet:
870 3872 1250 3929 catechumeni
1293 3875 1440 3927 enim
1480 3876 1659 3930 adhuc
1708 3877 1952 3947 Eloquiis

381 3966 769 4031 informantur,
803 3980 981 4035 neque
1017 3966 1147 4019 dum
1190 3964 1487 4034 perfectam
1533 3967 1764 4023 formam
1802 3985 1954 4025 acce-

380 4068 597 4128 perunt,
614 4061 709 4114 sed
726 4058 955 4127 perfecti
980 4066 1162 4123 erunt,
1186 4060 1402 4128 quando
1418 4061 1604 4116 divino
1628 4063 1955 4132 baptismate

380 4152 581 4203 fuerint
612 4152 953 4219 regenerati;
989 4162 1119 4208 tunc
1157 4164 1337 4209 autem
1393 4155 1480 4218 iis,
1525 4164 1782 4225 tanquam
1818 4158 1954 4212 lucis

380 4242 715 4309 excipiendae
746 4244 1060 4310 capacibus,
1109 4244 1420 4299 divinorum
1453 4248 1835 4317 mysteriorum
1875 4248 1955 4302 lu-

383 4334 529 4385 mina
553 4332 939 4400 collucehunt;
984 4350 1127 4389 nunc
1155 4350 1293 4390 vero
1321 4348 1602 4405 arcentur,
1644 4340 1950 4395 hierarchia

382 4441 774 4496 sacrorumque
804 4429 996 4483 ordine
1026 4428 1105 4482 sic
1130 4430 1476 4497 providente,
1510 4447 1577 4487 ne
1612 4432 1955 4502 quibuslibet

382 4517 721 4587 pr0paletnr,
749 4517 913 4571 etiam
959 4521 1397 4586 catechumenis,
1438 4523 1532 4592 qui
1568 4532 1809 4592 tempore
1856 4539 1955 4592 op-

386 4619 642 4679 portuno,
672 4612 762 4664 ubi
793 4625 890 4679 per
922 4611 1189 4680 baptisma
1220 4622 1602 4679 renascuntur,
1632 4617 1798 4668 vitam
1841 4617 1956 4685 spi-

385 4701 604 4755 ritalem
657 4701 949 4770 divinaque
988 4703 1193 4757 lumina
1247 4705 1538 4775 recipiunt.
1583 4707 1764 4776 Quare
1807 4716 1957 4761 cate-

382 4795 778 4849 chumenorum
807 4796 946 4850 ordo
980 4803 1064 4851 est
1087 4805 1423 4867 postremus.
1766 4812 1769 4815 ‘

516 5068 625 5122 Vll.
654 5068 755 5135 Qui
786 5084 917 5124 vero
958 5084 987 5123 a
1012 5070 1300 5140 spiritibus
1340 5070 1630 5125 immundis
1656 5071 1952 5138 agitantur,

386 5159 597 5213 ordinis
620 5170 744 5213 sunt
765 5160 993 5214 secundi
1025 5170 1080 5215 et
1102 5161 1419 5223 anterioris,
1440 5162 1490 5213 id
1522 5169 1605 5213 est
1634 5161 1953 5228 superioris.

388 5252 670 5321 Siquidem
722 5252 812 5306 h'c
862 5253 998 5306 ordo
1038 5256 1311 5309 secundus
1349 5263 1437 5308 est
1465 5269 1493 5306 a
1527 5254 1953 5317 catechumeuis,

387 5344 488 5399 sed
520 5343 791 5413 superior,
819 5344 1078 5413 quoniam
1109 5345 1163 5398 hi
1216 5345 1411 5402 initiati
1453 5356 1580 5399 sunt
1635 5356 1690 5399 et
1734 5344 1957 5400 minime

387 5446 638 5492 exsortes
665 5436 1024 5501 sacramenti,
1050 5445 1107 5489 ut
1132 5436 1230 5499 illi,
1265 5438 1475 5492 tametsi
1500 5446 1557 5491 et
1588 5436 1695 5490 illis
1718 5450 1956 5505 quoque,

389 5529 481 5598 qui
520 5527 801 5600 corporeis
836 5527 1114 5583 illecebris
1154 5538 1248 5580 aut
1288 5528 1630 5597 passionibus
1672 5528 1959 5595 perturba-

391 5618 742 5687 tionibusque
777 5617 980 5672 irretiti
1014 5626 1160 5683 sunt,
1195 5617 1378 5671 divina
1402 5618 1715 5672 communio
1736 5620 1955 5674 subtra-

390 5710 573 5773 hitur;
598 5723 834 5779 eumque
855 5709 1276 5764 ordinem-recte
1304 5724 1363 5765 se
1393 5709 1594 5765 habere
1621 5724 1649 5761 a
1680 5714 1956 5771 contrario

391 5810 699 5863 cuuttrmat.
734 5806 867 5861 Nam
894 5807 940 5860 si
971 5814 1286 5875 vcrumrst,
1318 5808 1511 5877 inquit,
1532 5808 1771 5866 divinum
1806 5826 1957 5878 pror-

2061 1835 2165 1902 ἔξω
2223 1855 2324 1890 που
2379 1839 2488 1892 τῶν
2534 1843 2917 1911 πνευματικῶν
2969 1845 3282 1915 σαλπίγγων
3342 1850 3645 1920 ἱστάμενοι,

2058 1929 2177 1981 οὐδὲ
2215 1930 2314 1994 τάς
2348 1933 2561 1997 εἰκόνας
2603 1933 2803 2005 ὁρῶσιν
2824 1952 2837 1965 ⁸
2878 1937 3167 2007 ἀπέμυσαν
3191 1940 3300 2011 γὰρ
3329 1937 3478 2006 ἅπαξ
3512 1943 3648 2012 πρὸς

2056 2021 2118 2073 τὸ
2144 2022 2258 2091 φῶς
2290 2024 2390 2095 τῆς
2416 2027 2710 2097 σωτηρίας,
2745 2028 2839 2081 καὶ
2872 2029 3197 2098 ἀπολέγουσι
3220 2035 3315 2086 καὶ
3350 2034 3650 2103 ἀντιφθέγ-

2056 2129 2242 2181 γονται
2267 2114 2403 2186 πρὸς
2441 2117 2532 2171 τὸν
2566 2118 2833 2174 καλοῦντα
2865 2122 3015 2175 Θεόν’
3054 2125 3163 2187 Τὰς
3187 2125 3341 2188 ὁδούς
3378 2144 3473 2179 σου
3511 2126 3649 2181 εἰδε-

2056 2221 2143 2255 ναι
2175 2205 2235 2257 ού
2277 2205 2555 2276 βούλομαι.
2592 2209 2904 2279 Σάλπιγγας
2938 2211 2991 2264 δὲ
3038 2213 3457 2286 παραλαμϐάνει
3492 2217 3527 2287 ἢ
3559 2218 3651 2271 διὰ

2055 2297 2145 2349 τὸν
2201 2301 2568 2369 πνευματικὸν
2623 2301 2732 2356 τῶν
2794 2306 2999 2359 πιστῶν
3048 2307 3304 2377 πόλεμον,
3338 2308 3399 2361 ὃν
3456 2310 3646 2379 ἔχουσι

2056 2384 2192 2457 πρὸς
2224 2389 2317 2441 τὸν
2349 2391 2743 2463 ἀντικείμενον,
2780 2394 2811 2465 ἢ
2852 2396 2938 2449 διά
2960 2397 3058 2466 τὴν
3082 2397 3178 2449 ἐπὶ
3200 2398 3296 2450 τοῦ
3321 2399 3453 2452 Σινᾶ
3488 2416 3650 2452 συνα-

2055 2481 2241 2553 γωγὴν
2273 2480 2367 2535 τοῦ
2402 2482 2529 2537 λαοῦ
2563 2488 2655 2539 καὶ
2689 2488 2786 2559 τὴν
2818 2490 2995 2542 ἐκεῖσε
3032 2492 3152 2542 κατ’
3174 2488 3332 2555 ἀξίαν
3379 2490 3534 2557 τάξιν
3554 2509 3567 2521 ’
3596 2496 3649 2545 οἰ

2054 2573 2163 2645 γὰρ
2197 2574 2410 2645 ἔσχατοι
2448 2578 2674 2632 ἐκείνων
2706 2581 2814 2633 τῶν
2851 2581 3042 2651 φωνῶν
3066 2583 3157 2635 καὶ
3187 2582 3297 2636 τῶν
3328 2583 3651 2652 σαλπίγγων

2056 2668 2381 2738 κατήκουον.
2419 2670 2633 2734 Ταύτας
2664 2672 2721 2725 δὲ
2766 2672 2866 2737 τὰς
2905 2677 3054 2745 τρεῖς
3086 2675 3290 2741 τάξεις,
3324 2675 3437 2729 τῶν
3472 2692 3652 2745 κατη-

2055 2759 2354 2830 χουμένων,
2386 2762 2496 2816 τῶν
2545 2764 2650 2817 ὑπὸ
2697 2766 3022 2837 πνευμάτων
3079 2769 3513 2839 ἐνεργουμένων,
3547 2770 3655 2823 καὶ

2054 2851 2163 2905 τῶν
2196 2854 2255 2905 ἐν
2301 2856 2558 2927 μετανοίᾳ
2589 2856 2780 2920 ὄντων,
2828 2857 3011 2928 ἐφίησι
3053 2859 3151 2930 μὲν
3185 2862 3213 2912 ὁ
3249 2860 3396 2931 ἱερὸς
3440 2860 3651 2931 θεσμὸς

2054 2946 2345 2999 ἐπακούειν
2386 2948 2488 3017 τῆς
2528 2949 2905 3017 ἀναγνώσεως,
2940 2951 3197 3023 ἀπείργει
3249 2953 3307 3005 δὲ
3352 2953 3471 3007 τῶν
3512 2951 3653 3021 ἐξῆς

2059 3038 2390 3109 μυστηρίων.
2429 3038 2578 3109 Πλὴν
2610 3041 2768 3111 καὶὴ
2811 3041 2964 3107 τάξις
3001 3044 3099 3113 τῆς
3140 3043 3384 3109 στάσεως
3435 3046 3653 3100 τούτων

2057 3125 2199 3179 κατὰ
2220 3126 2563 3198 δικαιοσύνην
2589 3127 2790 3200 ἐτάχθη
2810 3146 2823 3158 ⁸
2861 3130 2956 3183 καὶ
2987 3131 3189 3202 ἐσχάτη
3217 3133 3315 3203 μὲν
3346 3133 3503 3198 τάξις
3527 3140 3654 3200 τοῖς

2059 3219 2485 3289 κατηχουμένοις
2519 3220 2936 3291 ἀπονενέμηται,
2970 3221 3045 3285 ὠς
3077 3223 3344 3295 ἀμυήτοις
3396 3228 3499 3289 ἔτι,
3545 3228 3658 3280 καὶ

2059 3318 2134 3390 μὴ
2160 3318 2371 3372 τελείαν
2398 3318 2496 3390 τὴν
2532 3318 2671 3373 κατά
2695 3320 2825 3374 Θεὸν
2853 3322 3103 3388 ἀπότεξιν
3140 3323 3385 3393 ἔχουσιν
3422 3327 3498 3390 ὡς
3530 3328 3659 3399 γὰρ

2055 3409 2149 3461 ἐπὶ
2195 3408 2305 3463 τῶν
2352 3409 2680 3481 σωματικῶν
2733 3410 2866 3481 ἔχει,
2902 3412 2982 3465 ὅτι
3032 3411 3102 3465 τά
3168 3414 3475 3488 ἠλιτόμηνα
3539 3420 3660 3471 καὶ

2056 3498 2387 3572 ἐκτρώματα
2417 3502 2518 3556 οὐκ
2542 3502 2606 3557 ἀν
2637 3520 2722 3566 τις
2748 3503 2883 3574 πρὸς
2906 3504 2967 3557 τὺ
3000 3506 3115 3574 φῶς
3147 3508 3449 3578 ἀναχθῆναι
3473 3510 3659 3571 εἴποι,

2053 3591 2185 3645 διότι
2218 3591 2315 3663 τῆς
2359 3596 2627 3665 μητρικῆς
2675 3597 2913 3669 γαστρὸς
2946 3597 3211 3652 ἀτέλεστα
3244 3600 3661 3653 ἐκπεπτώκαςι

2057 3680 2213 3754 (φαίη
2246 3682 2354 3755 γάρ
2386 3687 2413 3737 ὁ
2448 3686 2692 3755 φυσικῶς
2725 3689 2818 3741 καὶ
2853 3688 3112 3761 ἰατρικῶς
3142 3688 3305 3760 ἔχων,
3340 3691 3419 3756 ὡς
3440 3694 3537 3745 οὐκ
3574 3693 3663 3745 ἂν

2054 3776 2134 3839 εἰς
2180 3774 2321 3828 αὐτὰ
2350 3776 2411 3829 τὸ
2440 3776 2554 3846 φῶς
2588 3778 2921 3850 ἐνεργήσειε,
2960 3780 3120 3850 φύσιν
3153 3780 3279 3852 ἔχον
3327 3784 3411 3846 εἰς
3456 3785 3668 3837 ἐκεῖνα

2054 3868 2316 3938 ἐνεργεῖν,
2342 3868 2378 3922 ἀ
2408 3867 2471 3940 δὴ
2503 3870 2595 3923 καὶ
2629 3872 2804 3939 φωτὸς
2853 3872 3075 3928 δεκτικά
3125 3875 3263 3926 εἰσιν
3281 3875 3321 3945 ·)
3356 3875 3501 3928 οὕτω
3542 3880 3667 3929 καὶ

2054 3959 2147 4013 ἐπὶ
2177 3959 2287 4012 τῶν
2321 3962 2703 4033 πνευματικῶν
2737 3963 2881 4034 ἔχει’
2911 3963 2992 4015 ἔτι
3032 3963 3142 4036 γάρ
3179 3967 3228 4018 οἱ
3282 3967 3662 4037 κατηχούμε-

2055 4069 2135 4105 νοι
2194 4052 2299 4105 ὑπὸ
2336 4054 2445 4108 τῶν
2489 4056 2699 4123 Λογίων
2750 4056 3114 4128 μορφοῦνται,
3156 4058 3252 4111 καὶ
3298 4059 3360 4111 οὐ
3422 4059 3667 4113 τελείαν

2054 4146 2324 4201 ἀπέλαὸον
2347 4148 2645 4219 μόρφωσιν,
2669 4150 3227 4224 τελεσφορηϐήσονται
3243 4153 3322 4217 δὲ,
3348 4155 3482 4208 ὅταν
3508 4156 3569 4209 Ba
3581 4158 3669 4231 ίῳ

2055 4248 2462 4321 ἀναγεννηθῶσι
2506 4251 2870 4323 βαπτίσματι’
2919 4253 3039 4306 τότε
3088 4254 3185 4307 καί⁵
3231 4255 3310 4320 ὡς
3366 4258 3673 4324 δεκτικῦίς

2054 4343 2236 4407 αὐτοῖς
2264 4343 2358 4396 τοῦ
2390 4344 2568 4412 φωτὸς
2604 4340 2776 4406 οὖσιν,
2804 4344 3104 4414 ἐπιλάμποι
3126 4344 3196 4398 ἂν
3233 4346 3304 4399 τά
3340 4348 3452 4400 τῶν
3480 4349 3677 4404 θείων

2060 4435 2372 4506 μυστηρίων
2406 4434 2560 4504 φῶτα
2579 4452 2592 4466 ’
2618 4434 2713 4488 νῦν
2737 4435 2793 4489 δὲ
2816 4437 3345 4501 ἀποδιαστέλλονται,
3373 4456 3677 4510 προνοου-

2061 4526 2228 4597 μένης
2257 4528 2357 4598 τῆς
2406 4528 2686 4601 ἰεραρχίας
2722 4529 2939 4598 καὶτῆς
2964 4528 3264 4597 εὐκοσμίας
3298 4530 3409 4582 τῶν
3452 4533 3681 4601 ἱερῶν,

2057 4619 2143 4671 ἵνα
2189 4618 2263 4690 μὴ
2316 4618 2547 4683 καὶτοῖς
2568 4619 2791 4690 τυχοῦσι
2823 4619 3100 4690 κατάδηλα
3218 4622 3317 4673 καὶ
3357 4623 3545 4675 αὐτῶν
3595 4627 3689 4699 δὴ

2054 4709 2163 4761 τῶν
2201 4711 2645 4781 κατηχουμένων,
2690 4712 2792 4783 τῆς
2835 4713 2978 4765 κατά
3017 4712 3234 4783 πνεῦμα
3292 4713 3463 4784 ζωῆς,
3498 4720 3689 4772 κατὰ

2057 4802 2247 4873 καιρὸν
2277 4804 2368 4856 τὸν
2392 4806 2739 4877 προσήκοντα
2771 4805 3071 4875 μελλόντων
3097 4807 3154 4859 ἐν
3198 4806 3279 4877 τῷ
3310 4807 3693 4878 γεννηθῆναι

2056 4893 2145 4947 διὰ
2173 4895 2564 4967 βαπτίσματος,
2598 4898 2693 4952 καὶ
2738 4897 2809 4951 τά
2860 4897 2977 4951 θεῖα
3031 4899 3327 4953 ἀπολαόεῖν
3360 4900 3545 4970 φῶτα.
3603 4906 3689 4958 ἰι

2057 4985 2186 5053 γοῦν
2213 4987 2321 5039 τῶν
2353 4990 2773 5059 κατηχουμένων
2799 4988 2949 5053 τάξις
2975 4992 3174 5064 ἐσχάτη
3208 4993 3379 5045 ἐστίν.

2132 5077 2158 5147 §
2194 5078 2300 5133 \‘ll.
2344 5080 2406 5131 Ἡ
2436 5081 2493 5133 δὲ
2543 5080 2630 5133 διὰ
2675 5081 2783 5133 τῶν
2818 5085 3163 5153 πνευμάτων
3224 5085 3701 5156 ἐνεργουμένων

2058 5169 2283 5241 δευτέρα
2322 5171 2417 5223 καὶ
2444 5172 2749 5242 ὲμπροσθία
2770 5189 2783 5201 ·
2809 5171 2969 5225 τοῦτο
2996 5176 3105 5245 γάρ
3148 5176 3267 5228 ἐστι
3312 5176 3374 5229 τὸ
3416 5176 3585 5246 πρὸς
3620 5184 3707 5236 τὸ

2059 5263 2201 5316 ἄνωο
2234 5266 2283 5315 εἰ
2312 5263 2420 5334 γὰρ
2462 5264 2556 5315 καὶ
2587 5264 2816 5336 δευτέρα
2866 5266 2986 5318 ἐστὶ
3032 5266 3168 5339 πρὸς
3201 5268 3331 5331 τοὺς
3371 5284 3710 5340 κατηχου-

2063 5354 2276 5424 μένους,
2308 5352 2594 5424 ἀλλὰπρὸς
2617 5352 2678 5406 τὸ
2704 5352 2836 5417 ἀνω,
2861 5354 2943 5406 ὅτι
2959 5344 3106 5408 οὗτοι
3128 5352 3528 5427 ἐτελέσθησαν,
3570 5365 3715 5418 καὶ

2058 5447 2157 5499 οὐκ
2194 5446 2428 5517 ἀμύητοι
2475 5447 2631 5509 εἰσιν,
2660 5446 2735 5511 ὡς
2766 5447 2986 5512 ἐκεῖνοι,
3014 5446 3143 5501 εἴτι
3172 5449 3206 5519 ή
3232 5447 3355 5501 Θεία
3382 5459 3711 5509 κοινυιινία

2060 5541 2425 5603 συστέλλεται,
2456 5542 2547 5593 καὶ
2578 5540 2685 5595 ἀπὸ
2725 5541 2836 5595 τῶν
2887 5543 3261 5614 ἐνισχημένων
3307 5558 3713 5620 σωματικοῖς

2060 5631 2421 5703 θελκτηρίοις,
2449 5632 2615 5701 ἤγουν
2640 5630 2837 5685 πάθεσι
2861 5632 2958 5685 καί¹
2995 5638 3263 5705 ταραχαῖς
3294 5635 3537 5706 ὴδονῶν-
3584 5649 3718 5700 καὶ

2061 5723 2330 5794 ἐπικραίνει
2380 5720 2561 5784 καλῶς
2594 5720 2739 5794 ἔχειν
2788 5723 2889 5792 τὴν
2936 5724 3089 5790 τάξιν
3137 5726 3203 5777 ἐκ
3252 5725 3348 5779 τοῦ
3392 5727 3719 5791 ἐναντίου

2063 5810 2371 5881 ἐπίκεφῶν’
2393 5810 2454 5861 Et
2473 5812 2576 5880 γάρ
2604 5810 2944 5882 ἐστιιφησὶν,
2963 5813 3315 5886 ἀληθὲς.ὼςὸ
3345 5815 3495 5870 κατὰ
3529 5823 3719 5882 Θεὸν
