3728 6350
42 402 145 457 461

597 401 682 456 DE
717 400 995 459 ECCLES.
1038 400 1439 465 HlERARCH.,
1482 400 1637 457 CAP.
1673 400 1761 457 Ill.
1802 431 1871 443 -—-
1902 400 2249 458 PARAPHR.
2288 402 2753 461 PACHYMEILE.

3207 404 3319 460 ιτα

41 521 359 592 ἄνθρωπος,
380 520 529 573 οὐδὲν
550 520 658 573 τῶν
687 521 884 593 σαρκὸς
906 518 1186 592 ἐνεργήσει
1216 518 1365 590 παρά
1400 518 1467 571 τὰ
1494 536 1513 572 ι

1868 520 2041 574 virum
2071 536 2134 575 ea
2182 536 2304 590 quae
2337 521 2520 576 carnis
2553 531 2678 575 sunt
2723 519 2947 575 minime
2991 530 3310 574 curaturum

47 614 219 681 φύσιν
242 612 662 681 ἀναγκαιότατα,
692 614 753 666 τὸ
772 614 1061 682 φαγεῖν,τὸ
1089 615 1254 673 πιεῖν,
1281 610 1343 662 τὸ
1367 609 1632 671 ὑπνῶσαι,

46 707 145 759 καὶ
175 704 350 759 ταῦτα
397 704 710 777 παρέργως,
739 707 863 769 ναὸς
887 705 942 758 δὲ
976 705 1128 757 ἔσται
1156 704 1249 756 καὶ
1269 701 1466 764 ὀπαδδς
1496 700 1635 753 κατὰ

48 799 239 851 πάντα
286 796 381 849 τοῦ
434 796 772 866 πνεύματος·
806 796 1029 865 εὔδηλον
1057 795 1133 859 ὡς
1178 796 1207 847 ό
1247 792 1485 855 τοιοῦτος
1540 792 1634 845 ἆτε

46 892 172 961 Θεῷ
206 892 506 961 ἡνωμένος,
550 892 651 944 οὐκ
691 890 1117 961 ἐνεργηθήσεται
1178 888 1282 940 ὑπὸ
1324 886 1636 957 ἀκαθάρτου

51 984 398 1055 πνεύματος·
434 984 721 1052 γελάσεται
764 982 819 1035 δὲ
869 981 1066 1052 μᾶλλον
1110 980 1242 1033 αὐτὸ
1271 980 1364 1031 καὶ
1391 995 1638 1031 καταπα-

46 1078 261 1139 λαίσει,
305 1077 399 1131 καὶ
442 1075 760 1142 ἐκδιώξεται
797 1074 890 1127 καὶ
933 1073 1120 1145 δράσει
1164 1071 1360 1143 μᾶλλον
1400 1072 1480 1134 είς
1506 1069 1638 1122 αὐτὸ

47 1172 184 1241 παρ’
215 1170 245 1222 ὃ
268 1170 513 1222 πείσεται
546 1171 675 1240 παρ’
698 1166 895 1222 αὑτοῦ·
941 1166 1139 1236 μᾶλλον
1179 1165 1236 1217 δέ
1281 1164 1375 1217 καὶ⁵
1429 1162 1636 1235 ἑτέροις

50 1264 243 1333 ἰατρὸς
266 1261 628 1334 πνευματικὸς
658 1262 972 1333 ὀφθήσεται.
1005 1260 1124 1311 Ἔτι
1157 1258 1356 1330 μᾶλλον
1394 1257 1451 1310 δὲ
1481 1258 1638 1327 ἀκριεο

48 1356 164 1420 ϐὡς
188 1351 330 1416 οἶδα,
356 1354 433 1417 ὡς
455 1356 488 1426 ἡ
522 1354 632 1407 τῶν
663 1352 993 1426 ίεραρχικῶν
1014 1350 1220 1422 ἀμιγὴς
1254 1350 1362 1404 τῶν
1381 1350 1638 1421 χειρόνων

50 1447 314 1499 ἁπάντων
361 1443 633 1516 διάκρισις
694 1444 890 1515 μᾶλλον
935 1443 1047 1512 ἔχει
1101 1441 1469 1511 δαιμονῶντας
1510 1439 1638 1502 τοὺς

48 1538 327 1606 ἀσελγεῖς,
361 1538 393 1607 ἢ
418 1540 542 1601 τοὺς
573 1538 678 1590 ὑπὸ
696 1536 1021 1606 πνευμάτων
1048 1535 1489 1596 καταπίπτοντας
1506 1550 1518 1561 ·
1545 1533 1640 1585 καὶ¹

47 1631 162 1700 γὰρ
177 1632 229 1681 οί
250 1628 477 1681 τοιοῦτοι
499 1628 566 1679 τά
578 1627 746 1690 ὅντως
766 1627 893 1678 ὄντα
911 1626 1220 1696 προήκαντο
1248 1623 1333 1676 διὰ
1354 1622 1451 1694 τὴν
1474 1621 1641 1692 αἰσχί-

50 1735 187 1789 στην
227 1717 442 1788 ἡδονὴν,
467 1718 560 1770 κα)⁸
594 1716 689 1787 τὴν
718 1716 970 1768 ἀϐέϐαιον
1003 1717 1061 1767 ἐν
1086 1717 1200 1778 τοῖς
1220 1712 1520 1785 ἀλλοτρίοις
1540 1713 1639 1764 οὐκ

46 1806 107 1862 οὗ
118 1826 240 1873 σαν,
258 1810 392 1863 ἀλλά
406 1808 668 1861 δοκοῦσαν
688 1806 1002 1860 εὐπάθειαν.
1032 1806 1312 1877 Ἀλλότρια
1332 1804 1386 1856 δὲ
1405 1803 1550 1871 λέγει
1570 1801 1641 1854 τά

1738 612 1871 667 citra
1929 622 2138 666 natura:
2192 615 2600 675 necessitatem.
2632 623 2691 666 ut
2744 612 2796 665 in
2831 610 3195 674 comedendo.
3223 612 3308 666 bi-

1738 702 1936 766 bendo,
1966 704 2314 766 dormienda.
2336 716 2390 760 et
2419 707 2533 759 haec
2579 707 2782 773 obiter,
2814 707 2908 760 sed
2939 706 3196 774 templum
3226 721 3314 759 su—

1739 806 2117 865 ctatoremque
2172 798 2401 867 spiritus
2432 796 2598 868 208
2640 813 2738 866 per
2790 797 2974 857 omnia
3025 797 3308 858 futurum;

1739 892 2086 950 manifestum
2130 904 2252 959 est,
2306 895 2484 949 virum
2534 894 2904 961 ejnsccmodi,
2962 902 3150 963 utpote
3203 894 3317 948 Deo

1740 983 1975 1044 unitum.
2017 997 2361 1053 nequaquam
2411 984 2480 1038 ab
2532 983 2813 1037 immundo
2845 982 3043 1053 spiritu
3096 984 3321 1053 agitand

1740 1074 1899 1140 dum;
1934 1077 2027 1131 sed
2078 1078 2257 1146 potius
2306 1076 2483 1145 ipsum
2536 1076 2827 1130 irrisurum
2855 1085 2910 1130 et
2932 1076 3309 1137 subacturum,

1740 1168 2262 1237 insectaturnmque,
2298 1167 2689 1237 illaturumque
2714 1168 2898 1237 potius
2920 1167 3124 1237 aliquid
3150 1183 3314 1236 quam

1739 1263 1807 1315 ah
1835 1275 1901 1315 eo
1932 1275 2251 1329 passurum;
2284 1260 2531 1329 quinimo
2559 1274 2776 1329 quoque
2803 1259 2927 1313 aliis
2951 1274 3011 1314 se
3042 1259 3314 1313 medicum

1738 1350 2040 1420 spiritalem
2087 1349 2388 1405 exhibebit.
2438 1349 2710 1405 Prmterca
2761 1360 3098 1419 compertum
3138 1351 3318 1405 habeo

1739 1443 2179 1499 sincerissinmm
2231 1458 2515 1498 sacrorum
2562 1443 2819 1497 ordinum
2844 1443 3109 1513 judicium
3143 1444 3318 1511 magis

1739 1536 2103 1590 dzeutoniacos
2135 1536 2455 1591 existimare
2502 1535 2627 1591 illos
2676 1535 2769 1604 qui
2804 1534 3005 1590 inertia
3042 1535 3311 1596 diﬁlmmt,

1739 1642 1905 1695 quam
1971 1628 2062 1697 qui
2117 1629 2404 1698 spiritibus
2444 1628 2841 1695 succumbunt;
2895 1627 3162 1697 siquidem
3225 1629 3317 1697 qui

1743 1718 1878 1773 tales
1919 1729 2073 1784 sunt,
2123 1730 2346 1792 propter
2396 1720 2778 1789 turpissimam
2838 1720 3206 1790 voluptatem,
3261 1730 3319 1773 ct

1741 1824 1863 1863 eam
1889 1826 2012 1880 qua:
2038 1812 2091 1866 in
2118 1813 2311 1867 alienis
2333 1812 2557 1866 minime
2586 1820 2688 1877 est,
2717 1814 2813 1867 sed
2842 1826 2964 1867 esse
2989 1810 3222 1880 videtur,
3241 1813 3322 1866 fe-

49 1900 190 1975 πρὸς
211 1899 515 1968 ἁμαρτίαν·
532 1898 591 1951 ού
607 1897 717 1969 γὰρ
737 1894 939 1967 φυσικὴ
961 1896 994 1966 ἡ
1014 1895 1277 1966 ἁμαρτία.
1301 1893 1371 1945 Ἦ
1390 1890 1521 1944 ἀλλὰ

1850 1913 2037 1971 tatem,
2062 1918 2190 1957 vera
2210 1904 2349 1958 bona
2383 1906 2773 1974 prodegerunt.
2803 1904 2996 1960 Aliena
3020 1915 3200 1960 autem
3233 1919 3322 1958 vo-

50 2007 187 2060 φησι
220 1990 291 2044 τά
334 1989 477 2044 κατά
520 1989 745 2061 κόσμον,
770 1988 845 2052 ὼς
874 1986 936 2040 ού
966 2004 1110 2051 τινος
1145 1985 1290 2040 ίδικὰ
1329 1984 1494 2047 ἰδίως,
1519 1981 1634 2036 ἀλλ’

49 2082 112 2146 ἐξ
147 2080 322 2135 ἀλλων
364 2083 445 2144 είς
486 2080 678 2144 ἀλλους
733 2079 1171 2150 μεταπίπτοντα·
1207 2076 1240 2146 ἦ
1286 2076 1382 2128 καὶ
1420 2074 1496 2139 ὡς
1535 2074 1637 2127 ούκ

48 2170 221 2242 οὖσης
251 2171 309 2223 ἐν
333 2170 544 2234 τούτοις
563 2169 654 2224 διὰ
684 2169 883 2232 παντὸς
914 2168 1014 2239 τῆς
1038 2166 1311 2238 ἡμετέρας
1341 2162 1635 2233 διαγωγῆς,

47 2261 190 2315 ἀλλά
214 2263 352 2334 πρὸς
374 2262 560 2334 ἓτερον
599 2260 713 2331 βίον
736 2260 971 2333 ὁρώσης,
1005 2259 1091 2328 ἐφ’
1108 2252 1153 2325 ᾧ
1177 2258 1271 2311 καὶ
1307 2255 1631 2326 γεγόναμεν.

49 2362 152 2416 Διά
179 2362 311 2431 γοῦν
338 2362 495 2416 τοῦτο
525 2361 872 2434 κυριωτέρως
896 2355 1039 2415 οῦτοι
1060 2359 1168 2413 τῶν
1189 2358 1293 2412 ὑπὸ
1314 2357 1639 2428 πνευμάτων

50 2454 507 2509 καταπιπτόντων
523 2453 625 2525 τῆς
640 2451 923 2516 κοινωνίας
942 2450 1401 2523 ἀφορισθήσονται
1419 2466 1433 2479 ·
1451 2448 1512 2500 ού
1529 2446 1639 2518 γὰρ

54 2546 278 2616 θεμιτὸν
299 2547 480 2609 αὐτοῖς
497 2547 686 2617 ἐτέρου
715 2542 859 2608 τινὸς
878 2543 1025 2615 ἱεροῦ
1047 2541 1388 2615 μετασχεῖνῆ
1410 2540 1511 2610 τῆς
1529 2538 1639 2591 τῶν

52 2640 267 2705 Λογίων
294 2637 673 2708 ἀναγνώσεως,
705 2637 780 2701 ὡς
810 2636 875 2690 ἂν
922 2636 987 2689 δι’
1012 2636 1192 2688 αὐτῶν
1226 2633 1641 2703 ἐπιστρέφοιντο

60 2734 154 2785 ἐπὶ
183 2732 255 2786 τά
286 2735 346 2800 ἐξ
384 2727 459 2786 ὧν
492 2732 769 2798 ἐξέπεσον.
806 2730 990 2784 Ταῦτα
1015 2730 1072 2783 δὲ
1116 2730 1291 2783 πάντα
1319 2726 1533 2798 εἴρηται
1562 2724 1640 2796 τῷ

50 2826 195 2896 ἁγίῳ
216 2824 472 2896 περὶτῶν
494 2823 777 2895 ἐμπαθῶν,
807 2822 900 2875 καὶ
932 2822 1011 2875 ἔτι
1044 2820 1311 2892 μενόντων
1337 2819 1642 2889 ἀμετανοή-

51 2934 181 2980 των,
198 2917 276 2980 ὡς
291 2916 405 2987 ἔχει
428 2916 490 2969 τὺ
517 2917 625 2969 ἀπὸ
650 2916 744 2969 τοῦ
774 2916 1017 2987 μείζονος
1034 2912 1429 2983 ἐπιφερόμενον
1443 2911 1646 2981 ἐπιχείο

58 3026 229 3081 ρημα.
248 3010 387 3078 Φησὶ
414 3007 544 3079 γάρ·
573 3008 635 3060 El
655 3007 764 3079 γάρ
788 3007 882 3061 καὶ
910 3006 1037 3069 τοὺς
1065 3006 1201 3075 πρὸς
1229 3004 1364 3074 αὐτῇ
1397 3006 1462 3074 τῇ
1485 3019 1644 3073 μετα-

53 3101 170 3171 νοίᾳ
197 3099 359 3161 ὄντας
375 3101 409 3170 ἡ
428 3097 536 3151 τῶν
558 3096 719 3150 θείων
741 3094 1023 3168 ἱερουργία
1039 3093 1360 3155 ἀπωθεῖται,
1378 3092 1437 3145 ού
1460 3107 1632 3164 προσ-

56 3194 247 3265 ιεμένη
271 3192 495 3254 τούτους
523 3190 612 3244 διά
643 3190 704 3243 τὸ
737 3190 810 3260 μὴ
830 3185 967 3242 εἶναι
984 3186 1264 3249 παντελῶς
1288 3186 1634 3258 ἱερωτάτους,

56 3280 472 3356 προσφωνοῦσα,
494 3275 627 3343 οἷον,
656 3279 733 3342 ὡς
758 3277 985 3340 ἀθέατός
1013 3277 1128 3347 είμι
1155 3276 1249 3327 καὶ⁸
1276 3272 1634 3343 ἀκοινώνητος

58 3382 188 3431 πᾶσι
214 3379 329 3440 τοῖς
359 3375 432 3446 μὴ
461 3374 631 3440 ἀξίοις
670 3373 750 3435 είς
783 3369 1089 3432 κοινωνίαν,
1120 3366 1301 3438 πολλῷ
1330 3382 1393 3435 γε
1434 3364 1633 3436 μᾶλλον

57 3470 516 3543 ἁπειρχθήσονται
544 3465 747 3537 ταύτης
781 3466 830 3518 οί
857 3464 936 3517 ἔτι
965 3461 1343 3535 ἀμετανόητοι.
1387 3459 1540 3511 Ἐπεὶ
1577 3457 1634 3511 δὲ

55 3564 149 3616 τοῦ
183 3563 329 3616 θείου
368 3560 496 3615 ναοῦ
539 3560 827 3630 γεγόνασιν
855 3556 979 3623 ἔξω,
1009 3555 1105 3611 καὶ
1132 3556 1180 3607 οἱ
1206 3553 1441 3623 ἀμύητοι
1468 3568 1637 3621 κατη-

57 3657 331 3729 χούμενοι,
371 3654 465 3708 καὶ
489 3656 540 3708 οἱ
566 3653 856 3725 ἐμπαθεῖς,
905 3651 982 3714 ὼς
1013 3648 1317 3703 ἀποστάται
1354 3645 1455 3715 τῆς
1486 3644 1638 3708 θείας

60 3752 231 3822 ζωῆς·
271 3750 495 3822 προσέτι
524 3747 580 3800 δὲ
632 3748 725 3800 καὶ
745 3747 793 3798 οί
821 3744 926 3798 ὑπὸ
960 3740 1284 3812 πνευμάτων
1312 3736 1636 3808 ἐνοχλούμε-

58 3858 157 3902 νοι,
188 3841 494 3913 πρόστιμον
539 3838 754 3910 ἔχοντες
802 3835 901 3888 καὶ¹
947 3826 1228 3896 οῦτοι,καὶ
1274 3830 1375 3885 ούκ
1421 3829 1638 3900 ἔχοντες

60 3934 356 4002 ἀπολογίαν
399 3932 462 3985 τὸ
516 3930 787 3993 ἀκουσίως
819 3928 1069 3997 πάσχειν,
1094 3926 1250 3980 αὐτοὶ
1287 3923 1397 3995 γάρ
1432 3923 1639 3975 ἔδωκαν

60 4026 286 4088 ἑαυτοὺς
332 4026 447 4087 τοῖς
498 4021 830 4094 ἀκαθάρτοις
881 4018 1177 4089 πνεύμασι,
1236 4017 1309 4089 μὴ
1359 4013 1637 4068 συντονίαν

60 4120 191 4191 apo;
219 4117 290 4171 τά
323 4116 441 4170 θεῖα
494 4116 590 4171 καὶ⁵
620 4114 954 4186 στερρότητα
1002 4110 1359 4182 κεκτημένοι·
1388 4104 1508 4162 εἶτα
1540 4107 1638 4161 σὺν

60 4213 277 4275 τούτοις
322 4209 419 4264 καί
473 4209 523 4262 οί
583 4208 1016 4279 μετανοήσαντες
1065 4204 1163 4275 μὲν
1195 4203 1290 4256 ἐπὶ
1326 4204 1441 4266 τοῖς
1488 4200 1640 4264 ἰδίοις

62 4306 361 4375 σφάλμασι,
386 4301 480 4355 καὶ⁵
507 4300 608 4370 τῆς
641 4298 891 4361 ἐναντίας
917 4294 1255 4357 ἀποστάντες
1295 4291 1463 4362 ζωῆς,
1485 4289 1640 4343 ούπω

61 4400 109 4451 5‘s
150 4398 350 4460 τελέως
378 4393 773 4465 καθαρθέντες·
804 4393 897 4445 καὶ
924 4390 1040 4461 μετ’
1081 4388 1276 4450 αὐτοὺς
1303 4388 1352 4439 οἱ
1384 4384 1458 4456 μὴ
1487 4383 1641 4453 ἄμω-

67 4507 147 4559 μοι
176 4487 353 4556 πάντη
376 4487 470 4538 καὶ
495 4483 785 4554 ἀλώϐητοι,
811 4481 997 4543 καθὼς
1021 4479 1115 4533 καὶ
1134 4478 1192 4531 ὲν
1212 4475 1289 4546 τῷ
1310 4475 1459 4546 νόμῳ
1480 4473 1542 4526 τὸ
1560 4474 1641 4537 εἰς

1736 2002 1825 2048 cat
1849 2009 1969 2064 quae
1999 1996 2064 2049 ad
2088 2004 2368 2065 peceatum
2398 1998 2707 2065 pertinent;
2734 2012 2838 2053 non
2869 1996 3014 2051 enim
3037 2008 3319 2067 peccatum

1736 2086 1965 2157 estqui'd
1995 2086 2365 2143 naturale.Vcl
2384 2087 2559 2143 aliena
2580 2088 2710 2142 dicit
2728 2102 2789 2142 ea
2810 2104 2932 2159 quite
2958 2090 3142 2144 mundi
3166 2099 3318 2150 sunt.

1737 2178 1879 2249 quod
1897 2177 2095 2234 nullius
2110 2181 2327 2249 proprie
2352 2180 2461 2234 sint
2478 2180 2716 2251 propria,
2740 2181 2835 2235 sed
2857 2182 2926 2236 ab
2949 2180 3069 2235 aliis
3087 2180 3152 2234 ad
3180 2181 3320 2236 alios

1740 2277 2160 2335 tran'scant;aut
2184 2271 2350 2325 etiam
2369 2270 2513 2339 quod
2544 2271 2597 2325 in
2625 2270 2710 2326 bis
2735 2284 3076 2339 nequaquam
3098 2271 3320 2325 οιιιιιίηο

1737 2364 1915 2433 posita
1944 2363 2015 2421 sit
2034 2370 2219 2417 nostra
2241 2361 2453 2419 vivendi
2485 2362 2651 2428 ratio,
2673 2363 2769 2418 sed
2795 2361 2960 2417 aliam
2992 2364 3161 2417 vitam
3193 2378 3320 2433 spe-

1740 2453 2053 2521 ctet,cujus
2070 2453 2237 2508 etiam
2272 2454 2446 2525 gratia
2477 2454 2586 2509 nati
2624 2466 2834 2509 sumus.
2868 2452 3002 2509 Cum
3042 2456 3225 2524 itaque
3265 2456 3319 2509 hi

1742 2546 1917 2615 magis
1943 2546 2162 2615 proprie
2190 2545 2475 2615 spiritibus
2511 2545 2847 2615 subiaceant,
2888 2546 3085 2601 merito
3109 2562 3138 2600 a
3165 2560 3321 2601 com-

1742 2638 1997 2691 munione
2030 2638 2398 2693 excluduntur
2434 2659 2446 2693 :
2483 2654 2661 2706 neque
2704 2639 2850 2693 enim
2896 2639 2980 2694 eis
3030 2637 3160 2693 licet
3190 2637 3324 2692 alte-

1745 2728 1860 2783 rius
1876 2728 2198 2797 cujusquam
2232 2730 2530 2800 participes
2561 2744 2702 2794 esse,
2738 2740 3098 2800 prmterquam
3134 2730 3323 2785 lectio-

1742 2820 1828 2875 nis
1883 2819 2315 2889 Scripturarum,
2363 2830 2421 2875 ut
2466 2836 2563 2890 per
2615 2838 2710 2877 eas
2766 2831 3112 2876 revertantur
3138 2822 3206 2876 ad
3253 2838 3319 2875 ea

1741 2911 1940 2981 quibus
1980 2912 2331 2967 exciderunt.
2359 2911 2487 2966 Haec
2522 2923 2706 2965 autem
2736 2915 2919 2966 omnia
2961 2912 3106 2966 dicta
3137 2921 3266 2965 sunt
3288 2929 3319 2965 ιι

1744 3002 1862 3059 viro
1883 3015 2075 3059 sancto
2120 3003 2187 3058 de
2220 3003 2287 3058 iis
2318 3004 2409 3073 qui
2450 3004 2801 3074 passionibus
2827 3004 3050 3059 obnoxii
3080 3010 3230 3067 sunt,
3265 3014 3318 3057 et

1744 3094 1922 3149 athuc
1956 3104 2179 3149 manent
2208 3093 2647 3165 imposniteutes,
2679 3102 2941 3163 tanquam
2973 3094 3016 3148 si
3051 3108 3082 3148 a
3120 3090 3318 3161 majori

1686 3240 1708 3259 ,
1746 3185 1985 3243 inferens
2014 3197 2514 3257 argumentaretur.
2548 3188 2605 3242 Si
2633 3188 2801 3256 enim,
2836 3188 3038 3258 inquit,
3073 3188 3194 3241 illos
3225 3187 3318 3256 qni

1744 3281 1797 3334 in
1830 3279 1943 3349 ipsa
1975 3281 2154 3335 adlmc
2208 3279 2536 3349 pmnitentia
2567 3290 2858 3335 versantur
2922 3295 3205 3336 sacrorum
3235 3281 3322 3335 di-

1751 3370 2004 3425 vinorum
2053 3369 2352 3426 celebratio
2397 3370 2647 3441 repellat,
2674 3386 2740 3425 eo
2766 3371 2911 3440 quod
2955 3386 3061 3425 non
3101 3369 3325 3425 omnino

1742 3464 2073 3520 sanctissimi
2102 3465 2233 3528 sint.
2264 3479 2608 3536 nequaquam
2640 3479 2736 3520 eos
2761 3464 3080 3527 admittens,
3108 3462 3324 3534 procla-

1742 3558 1940 3612 mando
1974 3557 2383 3625 quodammodo
2412 3572 2473 3612 se
2502 3557 2760 3612 omnibus
2817 3574 2913 3613 sua
2943 3556 3321 3612 communica-

1742 3653 1887 3706 tione
1938 3650 2179 3721 indignis
2238 3650 2572 3706 invisibilem
2636 3650 3324 3718 incommtmicabilemquo

1748 3746 2040 3808 exsistere,
2062 3743 2235 3798 multo
2256 3744 2430 3814 magis
2459 3744 2529 3797 ab
2546 3759 2609 3798 ea
2642 3744 2974 3799 aret-buntur
3005 3743 3098 3813 qui
3139 3742 3321 3797 adhuc

1743 3837 2152 3906 impmnitcntes
2202 3845 2357 3889 sunt.
2411 3834 2509 3890 Ubi
2571 3846 2753 3891 autem
2809 3852 2839 3889 a
2883 3836 3066 3890 divino
3123 3834 3323 3904 templo

1741 3927 1946 3981 exclusi
1990 3935 2119 3981 sunt
2174 3926 2584 3987 catechumeni,
2617 3928 2709 3995 qui
2739 3928 2968 3982 necdum
2999 3925 3177 3981 sacris
3212 3926 3321 3980 ini-

1745 4019 1865 4074 tiati
1921 4028 2071 4084 sunt,
2122 4018 2327 4087 quique
2382 4017 2733 4086 passionibus
2764 4019 2987 4074 obnoxii
3019 4027 3168 4081 sunt,
3201 4028 3257 4071 et
3289 4034 3320 4071 a

1744 4112 1923 4166 divina
1974 4110 2084 4165 vita
2132 4110 2494 4176 defecerunt;
2525 4123 2689 4179 atque
2728 4110 2954 4181 insuper
2977 4112 3145 4166 etiam
3175 4114 3321 4189 quia

1740 4203 2026 4273 spiritibus
2058 4212 2344 4265 vexantur,
2373 4212 2427 4257 et
2459 4204 2604 4257 hanc
2659 4218 2882 4272 pmnam
2931 4205 3194 4272 subeunt,
3223 4223 3323 4262 nec

1741 4294 2155 4350 excusationem
2190 4292 2428 4357 habent,
2455 4295 2600 4362 quod
2638 4293 2754 4349 lucc
2786 4295 2941 4350 inviti
2975 4297 3320 4364 sustineant,

1743 4383 2002 4452 quoniam
2053 4383 2379 4452 semetipsos
2417 4385 2706 4453 spiritibus
2746 4387 3047 4444 immundis
3089 4390 3328 4445 tradide-

1746 4486 1899 4542 runt,
1926 4493 2049 4532 cum
2100 4492 2200 4532 nec
2246 4477 2612 4533 intentionem
2664 4494 2838 4550 neque
2894 4482 3213 4536 ﬁrmitatem
3268 4483 3320 4536 in

65 4576 250 4628 θυσίαν
276 4571 522 4643 ἐζητεῖτο
564 4570 866 4642 πρόϐατον·
895 4564 1049 4640 οἶμαι
1082 4566 1140 4620 δὲ
1180 4565 1358 4633 λέγειν
1392 4563 1537 4617 τούτι

1851 4571 1946 4625 inis
1974 4571 2283 4626 obtineant.
2320 4570 2526 4626 Deinde
2553 4588 2678 4627 cum
2707 4574 2791 4627 his
2817 4590 3033 4645 quoque
3060 4576 3158 4640 illi,
3186 4592 3323 4644 quos

64 4669 182 4730 τοὺς
212 4665 287 4736 μὴ
321 4663 590 4736 ἱερωσύνῃ
637 4660 1067 4731 διαπρέποντας·
1101 4657 1161 4710 ού
1199 4655 1306 4727 γὰρ
1352 4656 1445 4708 καί
1497 4648 1643 4707 οὗτοι

69 4760 165 4826 ἔξω
192 4776 297 4813 που
322 4758 592 4817 ἵστανται,
623 4752 738 4806 ἀλλ’
768 4751 873 4816 ἔξω
917 4751 1077 4821 μόνον
1108 4747 1203 4802 τοῦ
1252 4745 1641 4817 θυσιαστηρίου

72 4849 364 4916 ἱστάμενοι,
410 4843 769 4914 ἀπείργονται
807 4840 906 4911 τῆς
955 4840 1105 4910 ἱερᾶς
1145 4838 1375 4906 ἐποψίας
1414 4834 1502 4889 διὰ
1534 4832 1645 4886 τῶν

70 4937 334 5007 ἀναμέσον
400 4932 830 5005 ἐφαπλουμένων
902 4929 1460 5001 παραπετασμάτων·
1526 4926 1645 4979 τότε

71 5034 112 5081 οἱ
152 5029 399 5099 πανίεροι
454 5025 875 5096 φιλοθεάμονες,
928 5021 1343 5084 ἐποπτεύοντες,
1386 5016 1646 5089 ὑμνοῦσιν

73 5120 387 5191 ύμνολογίαν
420 5117 738 5188 καθολικὴν,
768 5116 801 5187 ἢ
825 5116 901 5179 ὼς
924 5116 1030 5168 ὑπὸ
1052 5113 1268 5167 πάντων
1298 5110 1583 5182 ᾁδομένην,
1610 5107 1643 5180 ἢ

74 5214 141 5277 ὡς
179 5214 322 5285 ὑπὲρ
364 5210 661 5281 καθολικῖκ
696 5210 919 5281 χάριτος
959 5205 1273 5277 γινομένην.
1316 5201 1519 5255 Τοῦτον
1554 5200 1645 5254 τὸν

74 5313 229 5384 ῦςινον
261 5317 310 5367 οί
336 5315 433 5385 μὲν
461 5311 805 5383 ύμνολογίαν,
822 5309 870 5362 οἱ
901 5308 957 5361 δέ
985 5307 1085 5377 τῆς
1111 5303 1406 5377 θρησκείας
1426 5303 1486 5355 τὸ
1509 5301 1647 5373 σύμ-

77 5410 217 5462 ϐολον
242 5408 522 5477 λέγουσιν·
563 5403 714 5458 ἄλλοι
734 5401 791 5454 δὲ
823 5400 1112 5471 θειοτέρως
1145 5395 1466 5469 ἱεραρχικὴν
1496 5394 1649 5464 εὐχα-

78 5501 277 5566 ριστίαν
316 5499 502 5570 φασιν,
539 5497 614 5560 ὼς
644 5492 996 5565 περιεκτικὴν
1024 5490 1241 5560 ἁπάσης
1263 5487 1405 5558 ὑπὲρ
1431 5486 1649 5538 πάντων

78 5593 149 5655 ιξς
177 5592 323 5663 ἡμᾶς
354 5588 577 5659 ἀγαθῶν
617 5583 995 5657 εὐχαριστίας·
1044 5580 1287 5653 περιέχει
1338 5577 1447 5648 γὰρ
1479 5576 1549 5629 τὰ
1570 5576 1649 5639 είς

79 5694 212 5761 ἡμᾶς
246 5690 432 5745 θεόθεν
470 5684 841 5757 ἀφικνούμενα
893 5680 1017 5753 ἱερὰ
1061 5679 1228 5750 δῶρα,
1272 5676 1367 5730 καὶ
1408 5673 1589 5738 καλῶς
1620 5674 1649 5726 ό

79 5788 207 5860 ὑπὲρ
237 5789 457 5843 πάντων
488 5786 647 5853 λόγος
671 5779 990 5854 εὐχαριστία
1017 5778 1240 5849 ἐκλήθη,
1268 5778 1351 5830 ὃτι
1384 5777 1491 5829 πᾶν
1510 5773 1650 5845 ὑπὲρ

81 5882 167 5950 τῆς
190 5883 463 5955 ἡμετέρας
493 5877 765 5949 σωτηρίας
799 5870 1245 5946 ἐπραγματεύθη.
1272 5870 1380 5923 Καὶ
1410 5868 1518 5940 γὰρ
1556 5867 1650 5920 καὶ

1745 4674 2051 4717 erratorum
2077 4664 2295 4731 quidem
2347 4678 2574 4718 suorum
2632 4666 2888 4735 paenitet,
2932 4678 2989 4722 et
3030 4667 3324 4721 contraria:

1746 4756 1873 4808 vita:
1918 4757 2168 4810 nuntium
2226 4755 2517 4821 miserunt,
2570 4760 2814 4814 nondum
2856 4770 3039 4814 tamen
3070 4759 3315 4829 perfecto

1748 4848 1865 4918 puri
1892 4859 2044 4914 sunt,
2079 4858 2132 4903 et
2163 4850 2464 4905 secundum
2491 4850 2592 4905 hos
2622 4850 2767 4919 iiqui
2801 4865 2908 4904 non
2960 4851 3186 4904 omnino
3220 4853 3324 4903 im-

1749 4942 2008 4995 maculati
2038 4952 2167 4996 sunt
2196 4953 2252 4997 et
2292 4943 2627 5008 intemerati,
2660 4954 2819 5011 prout
2841 4943 2891 4996 in
2930 4941 3049 5013 lege
3080 4955 3321 5010 quoque,

1748 5037 1815 5088 ad
1845 5036 2191 5090 sacriﬁcium
2245 5052 2416 5106 agnus
2447 5036 2827 5103 requirebatur
2860 5036 3095 5103 :opinor
3138 5043 3321 5087 autem

1747 5125 2049 5197 signiﬁcari
2080 5126 2202 5179 illos
2230 5126 2322 5195 qui
2358 5140 2465 5180 non
2492 5137 2620 5179 sunt
2640 5124 2805 5196 209
2830 5125 2939 5194 apti
2970 5122 3322 5184 sacerdotio;

1748 5219 2015 5287 siquidem
2049 5219 2100 5271 hi
2135 5232 2240 5271 non
2295 5226 2442 5271 stant
2485 5216 2643 5281 foris,
2676 5219 2772 5272 sed
2822 5217 3020 5281 solum,
3054 5230 3178 5270 cum
3215 5230 3323 5269 non

1748 5320 1927 5364 astent
1958 5309 2137 5372 altari,
2171 5323 2203 5362 a
2236 5309 2422 5363 divino
2469 5319 2691 5378 aSpectu
2738 5316 3007 5363 arcentur
3054 5320 3149 5375 per
3185 5305 3326 5360 vela-

1752 5402 1896 5457 mina
1921 5418 2044 5471 qua:
2075 5402 2127 5454 in
2161 5401 2340 5455 medio
2370 5402 2775 5472 expanduntur.
2824 5400 2962 5455 Tum
2992 5400 3211 5453 demum
3235 5412 3326 5452 sa-

1750 5492 2044 5549 cratissimi
2090 5500 2431 5562 spectatores
2463 5492 2698 5547 hostiam
2738 5490 3173 5560 contemplantes
3201 5488 3326 5541 uni-

1753 5586 1962 5640 vcrsale
1988 5585 2267 5653 quoddam
2304 5584 2481 5638 laudis
2511 5584 2792 5639 canticum
2826 5582 3143 5647 concinunt,
3177 5578 3323 5650 quod

1751 5682 1834 5734 vel
1881 5681 1951 5734 ab
2003 5680 2268 5734 universis
2318 5679 2555 5744 canitur,
2586 5677 2669 5732 vel
2704 5692 2801 5746 pro
2834 5674 3127 5731 universali
3166 5671 3325 5742 quasi

1752 5774 1926 5845 gratia
1953 5772 2201 5829 offertur.
2231 5770 2386 5826 Hunc
2422 5772 2682 5841 hymnum
2731 5779 2935 5837 autem,
2985 5767 3074 5821 alii
3101 5764 3322 5835 quidem

1754 5863 2179 5936 hymnologiam,
2219 5862 2307 5915 alii
2350 5860 2623 5930 religionis
2663 5860 2966 5933 symbolum
3001 5854 3317 5931 appellant:
