3730 6320
413 315 520 419 ιιι

1577 355 1632 414 S.
1671 355 1969 413 DIONYSII
2002 355 2464 411 AREOPAGITE
2526 397 2537 420 ι

3534 356 3628 411 464

417 479 507 532 alii
535 461 663 531 iero
702 470 964 534 divinius,
995 468 1398 524 hierarchicam
1433 470 1831 527 eucharistiam
1883 487 1921 524 νε

2104 471 2315 543 τρώτως
2353 469 2504 542 παρὰ
2530 468 2624 523 τοῦ
2657 469 2861 539 ἀγαθοῦ
2891 471 3026 525 Θεοῦ
3069 471 3406 543 ὑπέστημεν,
3433 472 3631 537 καὶτοῖς

417 579 568 633 cant,
599 576 657 620 ut
692 581 814 636 qua:
851 578 1071 618 munem
1101 578 1205 632 pro
1232 563 1488 618 omnibus
1519 579 1647 634 erga
1699 579 1798 619 nos
1829 564 1986 620 bonis

418 661 720 730 gratiarum
779 656 1052 710 actionem
1089 655 1518 724 complectatur;
1559 656 1801 710 continet
1837 655 1982 710 enim

417 751 504 805 illa
538 764 693 804 sacra
722 762 949 801 munera
994 762 1116 815 qua:
1153 745 1418 800 divinitus
1457 746 1522 800 ad
1556 762 1656 800 nos
1686 747 1984 814 dimanant,

415 851 671 910 recteque
711 855 812 909 pro
867 838 1121 891 ouiuilms
1151 837 1451 904 gratiarum
1486 838 1629 891 actio
1667 847 1984 908 nuncupata

415 943 520 995 est,
561 933 689 1002 quia
739 928 1121 999 quidquidad
1170 928 1403 982 salutem
1456 938 1702 983 nostram
1753 939 1986 997 spectat,

411 1033 638 1088 operata
668 1030 772 1074 est.
805 1019 1023 1072 Etenim
1045 1021 1280 1088 primum
1307 1035 1337 1072 a
1378 1020 1519 1074 bono
1542 1019 1649 1074 Deo
1680 1023 1907 1087 conditi,
1932 1031 1989 1076 et

419 1103 765 1183 primigeniis
817 1110 1319 1178 pulchritmlinibus
1360 1112 1426 1163 ad
1460 1111 1882 1166 deiformitatem
1909 1113 1990 1168 ef-

416 1204 636 1258 formati
667 1218 874 1256 smnus.
933 1201 1259 1272 Primigenia
1312 1217 1441 1258 vero
1477 1213 1638 1258 vocat
1689 1221 1750 1260 ca
1781 1221 1900 1274 qua:
1933 1207 1987 1263 in

415 1296 595 1351 divina
674 1305 869 1349 natura
941 1294 1379 1363 conspiciuntur,
1431 1309 1662 1364 quorum
1737 1297 1986 1355 homines

415 1404 514 1457 pro
567 1397 731 1456 captu
781 1386 1052 1454 modoque
1110 1399 1210 1440 suo
1269 1385 1411 1440 Deus
1441 1387 1732 1456 participes
1785 1389 1986 1455 ell'ecit,

415 1490 471 1533 et
499 1480 551 1532 in
585 1479 844 1548 paradiso
874 1478 1130 1552 diviniori
1181 1477 1250 1530 ad
1287 1492 1520 1546 superna
1553 1479 1714 1534 modo
1747 1477 1986 1552 subrige-

416 1576 612 1628 hamur
642 1594 656 1628 :
689 1587 944 1629 ueterum
996 1588 1119 1627 cum
1171 1572 1536 1640 imprudentia
1592 1582 1778 1627 nostra
1827 1575 1983 1628 bonis

417 1667 524 1721 illis
555 1667 968 1730 excidissemus,
1007 1665 1332 1733 praeparatis
1380 1664 1531 1718 hisce
1585 1664 1742 1719 bonis
1772 1667 1838 1720 ad
1870 1668 1980 1734 pri-

2088 561 2413 632 ἀρχετύποις
2441 562 2660 616 κάλλεσι
2695 564 2830 635 πρὸς
2866 565 2927 617 τὸ
2976 563 3209 626 θεοειδὲς
3239 563 3629 636 ἐμορφώθημεν.

2103 655 2405 725 Ἀρχέτυπα
2427 655 2484 708 δέ
2523 673 2655 726 φησι
2683 655 2754 709 τὰ
2777 659 2840 728 τῇ
2861 656 2981 727 θείᾳ
3006 656 3167 725 φύσει
3200 656 3630 727 ἐπιθεωρούμενα,

2087 737 2162 798 ὧν
2187 746 2285 817 τὴν
2321 745 2462 799 κατὰ
2508 745 2568 798 τὸ
2615 746 2962 818 ἐνδεχόμενον
2995 747 3283 818 μετουσίαν
3307 750 3420 810 τοῖς
3446 746 3632 818 ἀνθρώ-

2091 854 2212 900 ποις
2250 836 2382 900 Θεὸς
2412 837 2742 908 ἐδωρήσατο,
2775 839 2868 892 καὶ
2898 838 3178 910 θειοτέρας
3202 840 3484 910 ἀναγωγῆς
3498 840 3547 892 ἐν
3565 838 3636 908 τῷ

2093 927 2400 998 παραδείσῳ
2442 927 2872 1000 κατηξιώθημεν.
2911 927 3064 995 Εἶτα,
3098 932 3220 985 ἐπεὶ
3246 929 3306 996 ἐξ
3336 929 3636 1002 ἁπροσεξίας

2091 1019 2205 1071 τῶν
2229 1018 2446 1087 ἀγαθῶν
2481 1019 2703 1073 ἐκείνων
2725 1019 3062 1092 ἐξώσθημεν,
3081 1023 3490 1083 ἐπισκευαστοᾶς
3517 1021 3641 1088 ἀγα-

2093 1108 2207 1172 θοῖς
2247 1112 2332 1173 εἰς
2357 1110 2421 1164 τὸ
2465 1112 2690 1182 ἀρχαῖον
2731 1111 2870 1180 ἔγνω
2897 1112 3357 1177 ἀνακαλέσασθαι,
3394 1111 3643 1183 (ἐπισκευ-

2090 1204 2227 1258 αστὰ
2253 1205 2308 1257 δέ
2336 1204 2483 1272 λέγει
2527 1204 2596 1258 τὰ
2638 1203 2834 1273 ἀγαθὰ,
2869 1206 2970 1270 ὅτι,
3001 1207 3316 1278 ἁμαρτωλοὶ
3351 1208 3510 1271 ὄντες,
3554 1209 3644 1278 χά-

2093 1316 2196 1370 ριτι
2226 1296 2597 1368 ἐκαλλωπίσθη
2607 1314 2703 1368 μεν
2723 1298 2814 1350 καὶ
2831 1297 3156 1371 ἐσώθημεν)
3183 1302 3274 1353 καὶ
3304 1301 3394 1354 διὰ
3413 1304 3502 1374 τῆς
3522 1320 3645 1355 παν·-

2090 1391 2276 1454 τελοῢς
2295 1387 2668 1461 προσλήψεως,
2681 1389 2778 1459 τῆς
2792 1390 3003 1455 τελείας
3022 1390 3162 1460 λέγω
3178 1394 3336 1446 ἐνανθ
3345 1396 3643 1466 ρωπήσεως,

2091 1483 2190 1554 τὴν
2244 1483 2352 1538 τῶν
2398 1482 2614 1536 οἰκείων
2671 1485 2956 1554 μετάδοσιν
3004 1485 3437 1558 ἀγαθουργῆσαι.
3489 1487 3648 1540 Τοῦτο

2096 1576 2242 1645 λέγει
2270 1576 2362 1629 καὶ
2383 1576 2411 1627 ὁ
2437 1576 2608 1646 μέγας
2641 1577 2956 1648 Γρηγόριος⁸
2981 1577 3326 1647 Προσέλαϐε
3353 1579 3416 1632 τὸ
3442 1579 3646 1647 χεῷον,

2091 1673 2190 1724 ἵνα
2219 1671 2302 1736 δῷ
2327 1669 2392 1724 τὸ
2401 1671 2673 1736 βέλτιον.

415 1762 620 1814 stinum
679 1774 778 1813 nos
836 1767 1038 1814 statum
1085 1773 1346 1814 revocare
1390 1758 1936 1828 minimeduhitavit
1976 1761 2316 1832 (przepamta
2380 1781 2542 1833 porro
2611 1777 2763 1819 vocat
2818 1766 2955 1820 bona
3032 1767 3160 1833 illa;
3211 1767 3470 1836 quoniam
3533 1781 3652 1820 cum

413 1866 663 1906 essemus
687 1860 1027 1920 peccatores,
1053 1850 1229 1919 gratia
1249 1849 1447 1904 salvati
1511 1860 1567 1906 et
1627 1851 1809 1906 ornati
1844 1855 2074 1924 sumus),
2105 1869 2161 1910 et
2219 1861 2533 1914 omnimmla
2576 1862 2970 1930 aS‘smnptiune,
2995 1860 3252 1930 perlecta:
3303 1863 3518 1928 inquam
3551 1860 3653 1912 hu-

415 1944 725 2008 manitatis,
775 1942 1119 2012 propriorum
1190 1956 1293 1995 nos
1356 1942 1620 1997 bonorum
1676 1945 1972 2016 participes
2007 1947 2209 2005 ell'eeit.
2260 1949 2374 2006 Hoc
2430 1963 2512 2008 est
2568 1954 2711 2022 quod
2800 1966 2854 2007 et
2923 1967 3150 2022 magnus
3202 1951 3500 2021 Gregorius
3536 1951 3650 2004 ait:

413 2036 706 2104 Auumpsit
731 2035 982 2098 deterius,
1017 2044 1068 2086 ut
1098 2033 1246 2087 daret
1277 2033 1335 2086 id
1364 2035 1502 2103 quod
1531 2045 1605 2089 at
1645 2037 1850 2090 melius.

489 2127 518 2199 ᾗ
556 2126 690 2182 VIII.
721 2124 858 2181 Nota
886 2141 1013 2178 vero
1037 2135 1095 2178 ut
1123 2127 1434 2180 summatim
1467 2127 1551 2181 his
1578 2129 1921 2197 complexus:

2164 2131 2191 2204 ᾗ
2234 2132 2366 2186 VIII.
2409 2132 2721 2203 qusiwsat
2754 2132 2832 2194 δέ,
2872 2133 2951 2185 ὅτι
2983 2132 3369 2200 κεφαλαιωδῶς
3394 2133 3489 2204 τὴν
3514 2132 3658 2202 ἱερὰν

415 2235 623 2273 sacram
648 2233 862 2272 onmem
893 2218 1296 2288 hymnologiam
1323 2219 1618 2272 secundum
1651 2234 1812 2288 quam
1836 2219 1989 2275 heni-

415 2314 619 2384 guitate
669 2311 761 2366 Dei
807 2310 1147 2372 collaudata,
1199 2309 1497 2379 propositis
1541 2312 1855 2367 muneribus
1903 2327 1998 2366 eo-

415 2405 645 2472 opertis,
683 2402 941 2457 salutatio
975 2417 1039 2458 ac
1072 2402 1373 2456 tatmlarum
1405 2403 1654 2457 recitatio
1689 2403 1891 2457 linitur.
1915 2405 1992 2458 Ae

413 2496 669 2553 salutatio
709 2495 930 2563 quidem
980 2495 1245 2564 designat,
1287 2496 1557 2563 quomodo
1592 2498 1660 2549 ad
1691 2511 1858 2550 unum
1893 2497 1991 2550 ali-

414 2605 573 2660 quem
615 2597 816 2644 statum
858 2602 955 2657 per
987 2603 1199 2642 sacram
1225 2590 1661 2644 communionem
1693 2590 1992 2644 adducendi

413 2682 526 2734 sint
559 2680 637 2735 illi
672 2680 762 2749 qui
795 2678 877 2732 vel
913 2693 1096 2734 secum
1130 2680 1252 2747 ipsi,
1299 2679 1380 2732 vel
1420 2694 1540 2732 cum
1580 2679 1702 2733 aliis
1731 2679 1782 2732 in
1813 2681 1995 2748 aliquo

413 2773 766 2827 dissidebant.
806 2769 920 2826 Nos
949 2772 1130 2841 itaque
1171 2772 1422 2827 salutatio
1452 2771 1824 2839 siliilinVicem
1865 2787 1996 2826 con-

409 2865 562 2936 Iungi
591 2863 884 2934 signiﬁcat.
905 2865 1189 2929 Quomodo
1210 2875 1390 2918 autem
1423 2863 1639 2917 secum?
1667 2862 1802 2929 Quia
1833 2865 1994 2917 nimi-

413 2976 530 3012 rnm
561 2959 676 3029 ipse
709 2971 896 3013 secum
924 2957 1154 3026 quilibet
1183 2959 1400 3023 unitur,
1440 2965 1496 3011 et
1521 2957 1590 3012 ad
1625 2972 1789 3011 unmn
1859 2959 1994 3015 aﬂ‘e-

395 3057 542 3106 ctum
555 3053 752 3118 fertur,
779 3053 930 3106 verbi
953 3052 1150 3122 gratia,
1177 3051 1474 3106 fraternam
1507 3051 1991 3120 conspirationem.

409 3143 524 3196 Nisi
561 3143 706 3196 enim
737 3143 804 3196 ad
837 3159 1001 3196 unum
1029 3144 1156 3211 quis
1183 3157 1305 3196 sese
1339 3142 1578 3212 colligat,
1612 3150 1670 3196 ut
1706 3141 1865 3196 talem
1890 3141 1992 3193 ali-

409 3251 571 3304 quem
593 3233 847 3290 al'l‘eclum
881 3235 1174 3304 concipiat,
1195 3249 1472 3303 nunquam-
1499 3235 1672 3303 ipsum
1703 3233 1992 3302 exprimet.

413 3328 542 3382 Huic
585 3337 768 3380 autem
815 3335 1104 3396 geruntur,
1149 3327 1304 3395 quasi
1357 3326 1579 3381 minime
1609 3327 1865 3381 decorum
1899 3327 1990 3393 sit,

411 3435 506 3473 eos
539 3419 632 3487 qni
675 3418 727 3472 iu
779 3418 936 3471 altari
979 3421 1290 3488 congregati
1328 3419 1749 3490 conjunguntur,
1797 3419 1994 3473 iterum

2092 2225 2412 2296 ύμνολογίαν
2456 2226 2632 2277 πᾶσαν
2690 2226 2747 2277 ἐν
2779 2223 2987 2287 τούτοις
3023 2224 3259 2286 διέλαϐε,
3301 2223 3424 2276 καθ’
3464 2226 3525 2293 ἢν
3560 2223 3660 2293 τῆς

2098 2317 2508 2390 φιλανθρωπίας
2555 2317 2650 2370 τοῦ
2696 2315 2830 2369 Θεοῦ
2872 2315 3225 2386 ὑμνηθείσης,
3270 2314 3662 2386 περικεκαλυμ-

2094 2408 2269 2479 μένων
2319 2410 2587 2479 κειμένων
2622 2408 2731 2461 τῶν
2753 2407 2960 2479 δώρων,
3007 2409 3035 2460 ὁ
3077 2407 3367 2477 ἀσπασμὸς
3415 2405 3661 2469 τελεῖται,

2092 2503 2185 2554 καὶ
2211 2500 2319 2553 τῶν
2354 2499 2627 2570 πτυχῶνὴ
2657 2499 2974 2570 ἁνάρῤησις.
3003 2499 3114 2550 Καὶ
3147 2498 3180 2548 ὁ
3220 2497 3320 2568 μὲν
3358 2498 3662 2568 ἀσπασμὸς,

2091 2593 2171 2646 ὅτι
2208 2610 2324 2656 πως
2363 2591 2783 2662 συναχθήσονται
2828 2591 2918 2642 ἐπὶ
2957 2590 3054 2660 τὴν
3089 2589 3295 2642 ἑνιαίαν
3327 2589 3538 2660 ἐκείνην
3578 2589 3663 2642 διὰ

2091 2685 2192 2755 τῆς
2226 2684 2386 2753 ἁγίας
2425 2684 2775 2756 μεταλήώεως
2801 2679 3136 2738 κατάστασιν
3163 2683 3211 2735 οἱ
3236 2682 3552 2754 διῃρημένοι
3577 2701 3665 2735 κα-

2089 2777 2158 2832 τά
2185 2795 2238 2830 τι
2264 2778 2296 2849 ἦ
2324 2777 2458 2846 πρὸς
2482 2778 2705 2840 ἑαυτοὺς
2727 2777 2760 2846 ἢ
2797 2776 2931 2846 πρὸς
2958 2774 3234 2845 ἀλλήλους.
3270 2775 3345 2827 Τὸ
3381 2774 3511 2842 γοῦν
3536 2776 3664 2847 πρὸς

2091 2867 2349 2936 ἀλλήλους
2383 2866 2621 2938 ἡνῶσθαι
2655 2868 2681 2920 ὁ
2712 2859 2998 2935 ἀσπασμὸς
3019 2863 3186 2935 δηλοῖ.
3212 2864 3285 2916 Τὸ
3299 2864 3366 2916 ’δὲ
3388 2865 3524 2936 πρὸς
3547 2867 3667 2919 ἐαυ-

2091 2962 2217 3024 τοὺς
2262 2959 2408 3025 πῶ;;
2461 2961 2532 3012 Ἢ
2565 2958 2804 3031 δηλονότι
2851 2959 2946 3010 καὶ⁸
2992 2958 3219 3020 ἕκαστος
3263 2957 3502 3020 ἐνίζεται
3537 2959 3665 3028 πρὸς

2093 3055 2303 3117 ἑαυτὸν,
2347 3054 2440 3106 καὶ
2472 3055 2552 3116 εἰς
2591 3052 2717 3122 μίαν
2761 3051 2937 3122 ὁρμὴν
2978 3049 3238 3120 φέρεται,
3272 3048 3373 3120 τὴν
3413 3049 3546 3121 πρὸς
3579 3051 3668 3102 τὸν

2092 3146 2316 3216 ἀδελφὸν
2348 3145 2586 3217 δηλονότι
2631 3144 2947 3215 σύμπνοιαν.
2987 3144 3048 3196 Εἰ
3093 3142 3202 3213 γὰρ
3251 3141 3332 3212 μὴ
3366 3143 3555 3195 ἑαυτὸν
3588 3160 3666 3204 τις

2093 3241 2171 3302 είς
2207 3238 2268 3290 τὸ
2309 3237 2366 3290 ἓν
2405 3235 2617 3302 συνάξει
2649 3235 2898 3300 γενέσθαι
2931 3233 3143 3287 τοιᾶσδέ
3168 3249 3312 3296 τινος
3336 3234 3536 3309 ὁρμῆς,
3574 3230 3688 3286 οὐκ

2094 3328 2158 3383 ἂν
2183 3329 2262 3390 είς
2282 3326 2440 3380 τοῦτο
2463 3327 2724 3397 ὁρμήσειε
2750 3323 2988 3377 πώποτε.
3025 3323 3209 3375 Ταῦτα
3233 3321 3291 3375 δὲ
3318 3324 3668 3394 πράττονται,

2093 3420 2169 3483 ὼς
2211 3421 2271 3472 ού
2313 3417 2478 3472 καλὸν
2510 3417 2568 3471 ὃν
2609 3417 3019 3489 ὲνοποιηθέντας
3061 3415 3256 3477 αὐτοὺς
3292 3417 3362 3485 τῇ
3392 3414 3542 3478 ἐντὸς
3580 3414 3670 3466 τοῦ

411 3509 574 3562 dilabi
611 3509 663 3561 in
699 3508 905 3563 divisas
935 3509 1262 3578 cupiditates
1283 3549 1300 3575 ,
1339 3524 1370 3564 e
1403 3511 1600 3579 quibus
1629 3511 1847 3564 omnino
1870 3526 1921 3580 pi

2104 3510 2242 3583 ἱεροῦ
2269 3511 2653 3582 θυσιαστηρίου
2692 3513 3000 3581 συναγωγῇ,
3027 3508 3118 3560 ἐπὶ
3147 3506 3247 3570 τὰς
3277 3507 3547 3577 μεριστάς
3581 3508 3671 3559 καὶ.

411 3601 646 3654 turbati!
706 3610 900 3654 contra
958 3609 1205 3655 naturam
1279 3601 1574 3655 inimicitia:
1633 3603 1988 3658 suscitantur.

410 3695 689 3750 Adversus
714 3706 900 3750 autem
940 3697 1178 3766 tequales
1206 3697 1357 3763 dicit,
1383 3698 1434 3750 id
1461 3706 1546 3751 est
1585 3698 1861 3752 hominum
1893 3698 1992 3752 ad-

414 3802 599 3842 versus
648 3787 916 3843 homines.
975 3789 1112 3843 Illud
1150 3802 1328 3842 auten:
1366 3789 1532 3859 210
1561 3789 1628 3842 ad
1654 3790 1704 3843 id
1732 3792 1873 3858 quod
1901 3806 1988 3844 se-

411 3881 648 3937 cundum
693 3891 946 3936 naturam
987 3891 1095 3947 est,
1127 3880 1176 3936 id
1208 3890 1290 3936 est
1319 3881 1387 3934 ad
1418 3882 1655 3947 bonum;
1690 3882 1989 3936 humanum

412 3974 554 4028 enim
610 3973 811 4028 bonum
858 3987 1022 4027 otnne
1069 3981 1157 4027 est
1195 3972 1493 4028 secundum
1527 3981 1812 4036 naturam,
1849 3972 1990 4026 sicut

413 4067 612 4120 malum
655 4073 844 4121 contra
888 4074 1164 4119 naturam.
1209 4064 1304 4120 Vel
1338 4065 1504 4120 etiam
1542 4065 1802 4134 aequalem
1834 4075 1991 4119 vocat

410 4157 650 4226 ejusdem
689 4168 900 4211 natura:
940 4153 1238 4220 hominem,
1273 4155 1386 4210 sive
1426 4156 1754 4224 proximum.

484 4247 513 4319 ﬁ
560 4248 652 4306 IX.
713 4247 864 4303 Hanc
909 4251 1089 4317 itaque
1131 4247 1473 4313 conjunctam
1519 4245 1684 4300 vitam
1736 4247 1992 4301 salutatio

411 4342 624 4403 sancit.
681 4341 807 4394 dum
850 4341 1026 4394 simile
1075 4339 1128 4392 in
1155 4340 1159 4344 ’
1190 4339 1352 4393 simili
1387 4339 1646 4402 collocat,
1711 4347 1765 4392 et
1809 4339 1994 4392 divina

412 4432 800 4499 individuaque
869 4445 900 4484 a
981 4430 1216 4485 dividuis
1302 4428 1663 4498 humanisque
1735 4431 1990 4484 secernit.

419 4522 481 4575 lat
549 4523 630 4576 sic
687 4522 904 4591 quidem
965 4522 1172 4590 hasque
1223 4520 1296 4574 ob
1348 4534 1541 4574 causas
1592 4522 1652 4574 lit
1702 4521 1988 4589 salutatio;

415 4615 720 4669 tabularum
756 4631 888 4670 vero
937 4615 1182 4669 recita-tio
1232 4613 1558 4681 depraedicat
1590 4628 1684 4669 eos
1737 4615 1828 4683 qui
1867 4632 1993 4671 san-

412 4718 500 4763 cte
537 4707 811 4772 ﬁxerunt,
855 4709 1096 4776 quiuimo
1145 4710 1310 4763 etiam
1359 4707 1602 4762 viventes
1658 4709 1862 4763 excitat
1922 4708 1989 4762 ad

413 4800 740 4868 ejuscemodi
787 4800 1218 4866 ammlationem;
1267 4815 1371 4853 non
1407 4801 1554 4854 enim
1587 4811 1805 4857 sanctos
1833 4804 1986 4872 quasi

415 4903 658 4947 mortuos
693 4893 972 4957 habemus,
1015 4894 1107 4948 sed
1139 4902 1197 4945 ut
1229 4892 1469 4948 viventes
1511 4893 1674 4946 vitam
1708 4895 1985 4948 meliorem

413 4995 578 5054 atque
630 4984 1036 5052 sempiternam.
1097 4983 1308 5052 Accipit
1355 4994 1534 5038 autem
1581 4985 1683 5037 hoc
1719 5001 1784 5039 ex
1831 4985 1987 5040 Salo-

417 5092 575 5130 mone
618 5077 832 5130 dicente
883 5093 896 5129 :
942 5075 1087 5130 Jmti
1127 5079 1182 5130 in
1237 5087 1537 5145 perpetuum
1584 5079 1752 5130 rivum
1805 5086 1864 5142 1';
1919 5092 1988 5130 ex

415 5168 586 5222 sacris
641 5166 942 5236 Evangeliis
995 5183 1009 5220 :
1067 5168 1172 5232 Qui
1224 5169 1384 5221 credit
1437 5170 1491 5220 in
1547 5151 1628 5220 me
1659 5207 1674 5229 ,
1727 5167 1880 5221 etiam
1939 5167 1988 5220 si

417 5271 654 5313 mortuas
731 5259 916 5327 fuerit,
983 5259 1186 5315 aieet'.
1246 5259 1360 5312 Non
1423 5260 1594 5314 solum
1662 5261 1839 5326 itaque
1891 5273 1989 5314 nos

416 5360 727 5405 sanctorum
781 5349 1111 5405 mentionem
1162 5350 1409 5414 facimus,
1466 5367 1651 5404 verum
1700 5351 1862 5402 etiam
1890 5350 1988 5405 hos

417 5441 609 5493 divina:
675 5442 948 5494 memoria:
1020 5439 1358 5495 exhibemus.
1426 5441 1552 5494 Post
1606 5442 1718 5494 haec
1775 5454 1988 5510 quoque

416 5531 548 5584 dicit
601 5535 872 5600 quomodo
925 5533 1106 5586 divina
1154 5533 1248 5586 liat
1289 5533 1731 5586 commemoratio
1781 5550 1793 5585 :
1838 5535 1984 5601 quod

413 5623 560 5676 extitit
598 5623 652 5676 in
693 5624 972 5692 prophetis
1002 5625 1198 5678 dicitur
1237 5640 1252 5678 :
1297 5623 1606 5680 Meminisse
1647 5639 1831 5680 coram
1881 5625 1986 5682 Do-

493 5789 516 5818 ν
543 5779 677 5848 Sap.
710 5793 768 5843 ν,
805 5779 885 5840 l6,
930 5790 948 5817 ε
977 5777 1132 5833 Joan.
1171 5793 1244 5848 τι,
1277 5776 1364 5832 ἳΰ.

2093 3601 2253 3656 πάλιν
2280 3602 2639 3655 καταπίπτειν
2661 3600 2975 3671 ἐπιθυμίας,
3001 3599 3058 3664 ἐξ
3075 3591 3150 3650 ὧν
3171 3599 3393 3661 πάντως
3416 3598 3672 3669 δημιουρ-

2092 3693 2312 3763 γοῦνται
2348 3695 2402 3746 αἱ
2442 3691 2705 3763 ἐμπαθεῖς
2737 3690 3021 3761 ἀπέχθειαι
3057 3689 3192 3760 πρὸς
3218 3688 3280 3741 τὸ
3311 3689 3460 3742 κατὰ
3495 3689 3668 3759 φύσιν.

2103 3789 2396 3861 Ὀμοειδεῖς
2432 3789 2491 3842 δέ
2528 3787 2675 3856 λέγει
2713 3787 2912 3848 ταύτας
2947 3785 3021 3848 ὡς
3061 3781 3368 3856 ἀνθρώπων
3413 3783 3548 3854 πρὸς
3582 3783 3670 3834 ἁν-

2093 3883 2360 3956 θρὼπους.
2424 3883 2496 3936 Τὸ
2549 3883 2606 3936 δὲ
2651 3882 2787 3953 πρὸς
2823 3882 2885 3935 τὸ
2932 3879 3075 3934 κατὰ
3113 3878 3312 3949 φύσιν,
3361 3877 3426 3930 τὸ
3473 3875 3672 3944 ἀγαθὸν

2091 3976 2360 4048 δηλονότι⁸
2403 3976 2508 4027 πᾶν
2552 3973 2661 4044 γὰρ
2702 3971 3036 4044 ἀνθρώπινον
3072 3971 3274 4039 ἀγαθὸν
3315 3969 3461 4022 κατὰ
3496 3967 3674 4038 φύσιν,

2090 4070 2165 4133 ὼς
2197 4069 2258 4120 τὸ
2282 4067 2449 4122 κακον
2473 4067 2624 4136 παρὰ
2649 4066 2826 4134 φύσιν.
2849 4066 2919 4117 Ἦ
2945 4063 3051 4135 μὴν
3086 4063 3176 4117 τὸν
3201 4062 3430 4133 ὁμοειδῆ
3455 4063 3548 4114 καὶ
3581 4058 3676 4128 τῆς

2094 4162 2257 4232 αὐτῆς
2292 4160 2504 4231 φύσεως
2529 4160 2830 4230 ἄνθρωπον,
2859 4157 3035 4210 είτουν
3059 4156 3149 4208 τὸν
3180 4153 3428 4226 πλησίον.

2165 4253 2192 4325 §
2240 4253 2326 4306 IX.
2378 4251 2591 4322 Ταύτην
2629 4247 2720 4303 οὖν
2755 4249 2854 4319 τὴν
2891 4247 3095 4300 ἑνιαίαν
3137 4246 3284 4318 ζωὴν
3321 4248 3350 4300 ὁ
3387 4242 3677 4312 ἀσπασμὸς

2091 4346 2404 4418 νομοθετεῖ,
2441 4343 2698 4414 ἐνιδρύων
2734 4341 2811 4412 τῷ
2837 4341 3004 4411 ὁμοίῳ
3049 4340 3110 4393 τὸ
3152 4341 3361 4411 ὅμοιον,
3412 4340 3508 4392 καὶ
3549 4337 3679 4388 ἀπο-

2089 4435 2410 4490 διαστέλλων
2445 4434 2515 4487 τὰ
2539 4434 2656 4487 θεῖα
2691 4433 2784 4486 καὶ
2824 4434 2998 4486 ἐνιαία
3033 4430 3144 4482 τῶν
3182 4429 3429 4501 μερικῶν
3459 4428 3556 4482 καὶ
3590 4428 3677 4478 ἁν-

2091 4527 2399 4597 θρωπίνων.
2467 4526 2576 4579 Καὶ
2639 4526 2668 4578 ὁ
2737 4524 2834 4594 μὲν
2899 4521 3189 4591 ἀσπασμὸς
3241 4520 3392 4573 οὕτω
3445 4519 3545 4571 καὶ
3598 4514 3686 4568 διὰ.

2089 4617 2262 4671 ταῦτα
2277 4634 2289 4646 ⁸
2327 4618 2359 4687 ἡ
2381 4616 2439 4669 δὲ
2463 4617 2570 4669 τῶν
2594 4614 2814 4686 πτυχῶν
2837 4613 3138 4684 ἀνάῤῥησις
3161 4609 3538 4682 ἀνακηρύττει
3560 4607 3683 4667 τοὺς

2094 4706 2422 4778 βεϐιωκότας
2450 4707 2630 4770 ὁσίως,
2655 4707 2715 4758 ού
2753 4705 2858 4776 μὴν
2888 4704 2967 4766 δὲ,
3010 4703 3150 4756 ἀλλὰ
3169 4702 3265 4756 καὶ
3301 4705 3432 4764 τοὺς
3473 4699 3683 4763 ζῶντας

2092 4800 2349 4870 διεγείρει
2388 4802 2467 4862 εἰς
2489 4797 2580 4852 τὸν
2618 4796 2712 4850 τοῦ
2748 4796 2934 4866 ὁμοίου
2970 4794 3132 4863 ζῆλον
3154 4810 3168 4823 ο
3199 4793 3322 4846 οὐδὲ
3357 4791 3473 4865 γὰρ
3499 4791 3578 4852 ὡς
3602 4805 3687 4840 τε-

2091 4890 2454 4961 λευτήσαντας
2502 4888 2694 4958 ἔχομεν
2753 4887 2878 4948 τοὺς
2921 4884 3142 4953 ἁγίους,
3205 4881 3320 4935 ἀλλ’
3355 4883 3433 4944 ὡς
3478 4877 3686 4942 ζῶντας

2092 4982 2375 5054 κρείττονα
2430 4981 2573 5052 ζωὴν
2619 4981 2712 5032 καὶ
2754 4979 2942 5031 ἀΐδιον.
2996 4975 3282 5047 Λαμὸάνει
3318 4974 3377 5027 δὲ
3411 4972 3578 5026 τοῦτο
3626 4972 3689 5020 ἐκ

2094 5072 2434 5143 Σολομῶντος
2458 5089 2470 5102 ο
2500 5072 2741 5133 Δίκαιοι,
2769 5069 3038 5138 λέγοντος,
3061 5070 3148 5132 εὶς
3169 5065 3280 5119 τὸν
3306 5065 3501 5118 αἰῶνα
3524 5061 3685 5121 (ligat.

2093 5167 2186 5218 καὶ
2228 5165 2336 5219 ἀπὸ
2367 5163 2476 5218 τῶν
2517 5162 2676 5234 ίερῶν
2707 5160 3083 5230 Εὐαγγελίωνο
3134 5160 3196 5212 '0
3246 5157 3561 5210 πιστεύων
3601 5153 3692 5214 εἰς

2091 5257 2215 5326 ἐμὲ,
2261 5255 2377 5310 κᾶν
2403 5253 2694 5321 ἀποθάνῃ,
2733 5252 2988 5318 ζήσεται.
3034 5250 3126 5320 Μὴ
3167 5249 3328 5319 μόνον
3353 5247 3492 5317 γοῦν
3523 5244 3690 5315 ήμεζ

2090 5348 2197 5401 τῶν
2220 5349 2381 5402 ὁσίων
2416 5345 2842 5419 μνημονεύομεν,
2870 5342 3007 5396 ἀλλὰ
3035 5342 3130 5394 καὶ
3161 5344 3230 5412 τῇ
3253 5341 3356 5394 τοῦ
3377 5337 3522 5392 Θεοῦ
3553 5351 3696 5406 μνη-

2094 5441 2298 5511 μοσύνη
2324 5439 2546 5502 τούτους
2571 5437 2912 5507 ἁνατίθεμεν.
2947 5433 3102 5488 Μετὰ
3132 5433 3328 5498 ταῦτα,
3372 5433 3475 5487 καὶ
3503 5428 3622 5491 πῶς
3649 5426 3690 5494 ἡ

2091 5531 2209 5584 θεία
2235 5532 2418 5602 μνήμη
2445 5530 2672 5597 γίνεται,
2701 5529 2847 5597 λέγει
2865 5545 2878 5557 ·
2905 5526 2968 5580 τδ
2996 5525 3104 5598 γὰρ
3129 5526 3426 5597 λεγόμενον
3450 5527 3515 5578 ἐν
3548 5536 3686 5590 προ-

2091 5628 2308 5695 φήταις,
2357 5622 2694 5693 Ἀναμνῆσαι
2723 5620 2956 5676 ἐνώπιον
2990 5619 3220 5690 Κυρίου,
3266 5620 3366 5689 οὐχ
3411 5615 3599 5676 οὕτως
3623 5609 3684 5661 δὲ
