3728 6306
122 303 228 358 ιιιε

689 299 776 352 DE
811 297 1092 354 ECCLES.
1131 298 1526 363 ΗΙΕΗΑΒΕΗη
1561 300 1663 354 CA]

1865 332 1942 342 --
1964 287 2326 360 PARAPHR.
2350 287 2814 362 PXCHYMERLE

3293 312 3392 368 ιεσ

112 421 276 482 νοεῖν,
312 418 388 481 ὡς
425 417 523 488 τῆς
563 417 780 488 μνήμης
814 414 908 467 τοῦ
950 413 1084 467 Θεοῦ
1132 415 1532 486 ἀνανεουμένης
1555 417 1613 469 έν
1642 433 1663 467 τ

1873 418 1982 482 ἰηο,
2031 434 2135 474 non
2194 421 2266 474 ita
2307 419 2749 490 intelligendum,
2791 422 2946 490 quasi
2991 423 3082 478 Dei
3128 431 3388 483 memoria

114 510 390 581 φαντασίᾳ.
428 507 520 561 τοῦ
569 508 918 579 ἡγεμονικοῦ,
955 509 1091 578 ὅπερ
1115 506 1332 560 ἐπὶτῶν
1359 511 1522 579 σαρκὶ
1544 525 1706 580 προσ-

111 602 415 673 δεδεμένων
453 599 688 672 νοερῶν,
736 599 882 652 τοῦτ’
946 598 1092 653 ἔστιν
1138 597 1330 670 ἡμῶν,
1382 600 1663 670 συμϐαίνει
1687 618 1700 630 ·

111 695 254 748 ἀλλὰ
290 696 476 767 μνήμη
524 693 660 746 Θεοῦ
687 693 895 762 λέγοιτο
930 693 995 746 ἂν
1033 693 1255 757 εἰκότως
1292 695 1326 764 ἡ
1369 692 1568 762 γνῶσις
1608 693 1702 746 τοῦ

111 787 276 850 Θεοῦ,
313 787 435 841 καθ’
472 789 538 860 ἢν
584 784 842 855 γινώσκει
876 786 1001 847 τοὺς
1037 785 1308 847 τελείους,
1357 783 1608 848 θεοειδεῖς
1645 786 1703 837 ὲν

111 879 266 950 αὐτῷ
301 880 654 950 γιγνομένους
679 877 745 930 δι’
770 876 1023 947 ἐναρέτου
1066 875 1204 946 βίου,
1243 875 1336 928 καὶ
1375 875 1702 941 ἀξιωθέντας

109 970 214 1039 τῆς
255 969 613 1041 ἁνεπιλήστου
654 968 781 1039 περὶ
806 968 982 1020 αὐτῶν
1015 967 1289 1035 γνώσεως,
1327 965 1508 1029 καθὼς
1561 983 1702 1038 παρ-

113 1063 305 1116 ιστῶσι
355 1064 448 1116 καὶ
497 1061 564 1115 τά
603 1061 971 1134 παρατεθέντα
1019 1061 1136 1113 θεῖα
1183 1059 1354 1131 ρητάο
1401 1059 1592 1129 Τίμιος
1632 1060 1701 1113 δὲ

108 1152 398 1205 ἐναντίον
434 1151 657 1218 Κυρίου
697 1154 730 1205 ό
759 1149 878 1203 τῶν
919 1151 1106 1205 ὁσίων
1144 1148 1418 1214 θάνατος,
1466 1150 1526 1202 οὺ
1574 1149 1698 1203 καθ’

107 1244 137 1296 ὂ
172 1242 361 1306 ἁπλῶς
394 1242 618 1306 θάνατος
653 1243 747 1295 καὶ
787 1240 1057 1307 διάζευξις
1079 1238 1257 1310 ψυχῆς
1283 1239 1393 1292 ἀπὸ
1421 1238 1694 1310 σώματος,

107 1341 250 1395 ἀλλά
283 1343 472 1395 καθότι
499 1344 545 1395 οί
586 1341 718 1395 θεῖοι
743 1329 935 1414 ἄνδρες
961 1340 1292 1393 τελειοῦνται
1319 1342 1376 1392 ἐν
1415 1341 1653 1412 ὁσιότητι
1679 1359 1694 1372 ·

106 1434 302 1506 ὥσπερ
345 1435 573 1505 λέγομεν
608 1436 700 1487 καὶ
741 1433 928 1504 τιμίαν
955 1433 1160 1496 ἅλυσιν,
1202 1434 1260 1486 οὐ
1297 1432 1416 1487 καθ’
1451 1434 1615 1504 αὐτὴν
1637 1434 1698 1486 τὸ

104 1528 292 1597 τίμιον
322 1527 568 1596 ἔχουσαν,
600 1525 733 1579 ἀλλὰ
758 1526 889 1579 διότι
915 1524 1201 1597 περιετέθη
1238 1527 1379 1598 ὑπὲρ
1409 1527 1575 1597 αὐτῆς
1597 1526 1696 1596 τῆς

107 1617 395 1680 εὐσεϐείας
433 1615 510 1687 τῷ
544 1616 864 1689 κηρύττοντι
897 1617 995 1690 τὴν
1030 1619 1328 1671 εὐσέϐειαν.
1369 1618 1605 1675 Κάκεῖνο
1638 1617 1694 1674 δὲ

105 1707 168 1759 τὺ
201 1709 301 1780 τῆς
349 1709 484 1779 πρὸς
534 1709 623 1763 τὸν
651 1710 908 1780 -Χριστὺν
959 1709 1203 1772 ένώσεως
1242 1709 1542 1780 ἀδιαίρετον
1585 1707 1694 1761 τῶν

1814 518 2105 564 renovetur
2137 511 2189 564 in
2214 512 2501 581 phantasia
2534 515 2911 578 memorativa,
2945 516 3087 582 quod
3116 521 3390 576 mentibus

1810 600 1961 653 carni
2006 600 2276 670 alligatis,
2319 603 2370 656 id
2416 609 2500 656 est
2551 602 2726 665 nobis,
2769 618 2870 657 usu
2909 605 3086 670 venit;
3118 609 3214 663 sed
3246 612 3390 677 quod

1809 693 2072 746 memoria
2105 692 2200 748 Dei
2235 704 2382 749 recte
2417 693 2633 747 dicatur
2655 694 2746 748 Dei
2779 696 3035 761 scientia,
3057 713 3163 768 qua
3189 714 3390 772 cngno-

1808 782 1910 836 scit
1941 796 2034 836 eos
2061 785 2151 852 qui
2181 784 2404 853 perfecti
2433 792 2581 848 sunt,
2612 782 2902 840 deiformes
2938 787 2990 840 in
3015 802 3074 842 se
3097 787 3270 845 factos
3295 808 3390 861 per

1807 874 1976 927 vitam
2025 873 2318 930 virtutibus
2363 874 2656 941 illustrem,
2699 876 2999 946 dignosque
3045 881 3284 946 habitos,
3329 893 3389 938 ut

1805 966 2060 1035 perennis
2105 979 2290 1021 eorum
2347 965 2604 1022 memoria
2663 982 2756 1022 seu
2825 972 3015 1026 notitia
3075 973 3384 1042 habeatur,

1802 1060 2253 1125 quemadmodum
2302 1058 2483 1116 divina
2540 1077 2754 1132 quoque
2806 1063 3036 1120 oracula
3079 1075 3382 1124 testantur:

1803 1151 2048 1208 Pretiosa
2091 1154 2148 1206 in
2207 1167 2478 1224 conspectu
2537 1157 2748 1212 Domini
2796 1175 2936 1214 mors
2979 1169 3278 1215 sanctorum
3333 1164 3382 1228 ⁸,

1802 1259 1907 1299 non
1969 1245 2022 1299 in
2072 1257 2333 1315 quantum
2364 1248 2687 1317 simpliciter
2723 1265 2870 1305 mors
2905 1260 3028 1318 est,
3081 1262 3136 1306 et
3188 1253 3384 1308 anima:

1803 1351 1831 1388 a
1890 1350 2120 1405 corpore
2186 1338 2457 1405 separatio
2493 1378 2508 1403 ,
2578 1339 2671 1392 sed
2734 1348 3002 1408 quatenus
3058 1339 3226 1395 divini
3279 1343 3384 1397 viri

1802 1427 1854 1480 in
1881 1427 2171 1482 sanctitate
2191 1437 2673 1495 consummantur;
2702 1431 3018 1484 sicntetiam
3051 1431 3381 1488 viuetionem

1800 1519 2094 1586 pretiosam
2151 1519 2402 1583 dicimus,
2452 1537 2555 1575 non
2603 1522 2746 1591 quod
2777 1537 2875 1591 per
2916 1537 2974 1576 se
3004 1523 3238 1593 pretiosa
3287 1524 3395 1589 sit,

1799 1612 1890 1662 sed
1948 1611 2091 1678 quod
2156 1625 2254 1680 pro
2313 1613 2569 1682 religione
2636 1612 2901 1681 applicata
2948 1613 3019 1667 sit
3069 1614 3380 1682 religionem

1799 1702 2131 1770 praedicanti.
2179 1703 2317 1770 Quin
2364 1713 2419 1758 et
2479 1704 2581 1759 hoc
2645 1719 2862 1774 quoque
2911 1716 3221 1760 sanctorum
3259 1720 3390 1764 cum

105 1800 281 1868 ἁγίων
330 1801 676 1878 παρίστησιν,
702 1802 782 1854 ὅτι
815 1800 921 1855 τῶν
947 1803 1141 1874 τιμίων
1176 1801 1390 1874 δωρεῶν
1419 1802 1663 1856 ὲπιτεθει·

1865 1795 2011 1848 ιιοὶειο
2051 1796 2304 1849 unionem
2367 1797 2658 1866 signiﬁcat,
2703 1801 2846 1868 quod
2882 1799 3144 1869 appositis
3189 1815 3381 1854 mune-

106 1894 241 1958 σῶν,
263 1894 594 1958 ἀδιαστάτως
609 1898 641 1967 ἠ
659 1894 767 1948 τῶν
795 1896 1072 1966 ὀνομάτων
1105 1896 1276 1966 ἀνακή
1289 1895 1434 1967 ρυξις
1457 1896 1683 1964 γίνεται.

179 1985 208 2056 §
255 1984 321 2039 Χ.
363 1986 579 2040 Τούτων
616 1981 708 2039 οὖν
732 1985 1051 2055 γεγονότων,
1097 1986 1336 2038 νίπτεται
1369 1985 1469 2049 τὰς
1503 1988 1688 2056 χεῖρας

100 2079 132 2128 6
157 2078 419 2149 ἱεράρχης
441 2077 743 2152 ἔμπροσθεν
767 2079 872 2132 τῶν
891 2077 1050 2150 ἱερῶν
1077 2095 1138 2132 συ
1147 2079 1356 2149 μϐόλων
1380 2076 1569 2142 ἑστὼς,
1597 2079 1691 2132 καὶ

104 2168 229 2238 μετ’
273 2168 437 2220 αὐτοῦ
478 2169 714 2233 ἅπαντες
754 2171 802 2226 οἱ
842 2171 1025 2241 ἱερεῖς.
1066 2169 1130 2223 Ἦ
1168 2169 1224 2222 δὲ
1250 2169 1348 2242 τῆς
1388 2170 1690 2236 συντάξεως

99 2263 414 2328 ἀνάγνωσις
461 2260 581 2314 καθ’
635 2262 939 2334 ὑπερϐατόν
981 2263 1147 2326 ἐστιν,
1185 2263 1267 2316 ὅτι
1314 2263 1414 2333 μὲν
1435 2257 1526 2314 οὖν
1551 2263 1578 2314 6
1606 2259 1693 2312 λε-

99 2353 366 2423 λουμένος
401 2353 459 2405 οὐ
489 2352 677 2426 χρῄζει
718 2354 1110 2408 ἀπονίπτεσθαι
1139 2355 1300 2425 ἕτερα
1339 2355 1500 2428 μέρη,
1537 2356 1585 2406 εί
1617 2355 1691 2426 μὴ

96 2444 173 2496 τὰ
209 2445 357 2515 ἄκρα
393 2447 485 2498 καὶ
527 2447 596 2498 τά
635 2446 856 2517 ἔσχατα·
889 2448 979 2517 ἀφ’
1014 2443 1082 2518 ἦς
1106 2448 1169 2518 δὴ
1195 2447 1502 2516 ἀπονίψεως
1518 2450 1577 2500 ὲν
1595 2464 1693 2501 κα-

98 2537 251 2606 θαρᾷ
284 2536 395 2599 ἕξει
432 2539 740 2609 γενόμενος,
781 2540 1048 2611 ἄχραντον
1094 2541 1377 2610 ποιήσεται
1414 2540 1512 2611 τὴν
1556 2539 1692 2610 πρὸς

94 2629 192 2680 τὸν
235 2628 370 2682 Θεὸν
392 2631 725 2702 ἐπιστροφὴν
749 2670 763 2694 ,
793 2636 810 2654 ‘
845 2632 873 2682 6
903 2632 1044 2702 ἱερὸς
1068 2631 1265 2703 λουτὴρ
1289 2635 1317 2684 ὁ
1355 2634 1410 2684 ἐν
1436 2631 1513 2702 τῷ
1545 2631 1694 2702 νόμῳ

95 2721 415 2790 εἰρημένος,
465 2721 560 2775 καὶ
607 2724 639 2793 ἡ
679 2722 774 2775 νῦν
818 2724 1070 2795 ἀπόνιψις
1109 2725 1217 2779 τῶν
1256 2722 1475 2796 χειρῶν,
1509 2723 1690 2795 δηλοίο

97 2808 263 2860 τοῦτο
307 2811 415 2881 γάρ
461 2811 575 2865 ἐστι
626 2813 686 2865 τὸ
727 2814 1122 2868 ὑπαινίσσεται.
1172 2815 1258 2878 Ὠς
1311 2814 1418 2885 γὰρ
1463 2815 1490 2866 ὁ
1534 2812 1694 2884 νόμος

97 2895 218 2970 εἶχε
243 2899 504 2973 λουτῆρα,
538 2903 710 2968 οὕτως
738 2905 969 2958 ἐνταῦθα
999 2908 1030 2978 ἡ
1060 2906 1313 2976 ἀπόνιψις
1349 2907 1556 2974 γίνεται
1587 2904 1695 2957 τῶν

97 2990 328 3060 χειρῶν.
380 2992 436 3046 '0
477 2993 533 3045 δὲ
582 2995 734 3062 ἆγιος
793 2997 886 3050 καὶ
933 2996 993 3048 τὸ
1033 2997 1131 3061 τάς
1176 3000 1364 3067 χεῖρας
1414 2995 1696 3048 νίπτεσθαι

95 3081 327 3148 ἀνάγει·
359 3081 609 3153 δηλοῦται
651 3085 758 3157 γάρ
784 3086 1032 3140 ἐντεῦθεν
1059 3089 1090 3156 ή
1120 3087 1281 3157 μέχρι
1305 3086 1413 3138 τῶν
1449 3086 1690 3155 ἐσχάτων

95 3175 377 3246 ἀκροτάτη
405 3175 670 3247 κάθαρσις
688 3193 701 3207 ο
720 3177 920 3248 ἔσχατα
947 3178 1056 3250 γὰρ
1088 3179 1184 3232 καὶ
1210 3179 1354 3248 ἀκρα
1376 3176 1468 3230 τοῦ
1497 3175 1684 3248 σώμα-

94 3251 188 3328 τος
218 3268 274 3318 αἱ
300 3267 480 3337 χεῖρές
508 3270 634 3321 είσι.
663 3269 761 3322 Διά
783 3270 941 3323 τοῦτο
963 3271 1070 3342 γὰρ
1092 3270 1239 3339 λέγει
1275 3271 1368 3324 καὶ
1400 3269 1462 3322 τὺ
1501 3270 1686 3339 Ἀσχε-

94 3373 188 3418 τος
217 3357 390 3420 ἔσται,
415 3359 656 3430 δηλονότι
681 3361 964 3426 ἀπόλυτος,
999 3363 1074 3425 ὡς
1099 3363 1170 3435 μὴ
1197 3365 1263 3434 τῇ
1289 3363 1469 3432 ἥττονι
1495 3361 1683 3432 ἀγωγῇ

95 3449 193 3501 καὶ
215 3449 453 3502 διαθέσει
481 3451 852 3522 συνεχόμενος.
875 3454 936 3506 Εἰ
955 3453 1061 3525 γὰρ
1084 3455 1177 3507 καὶ
1202 3454 1300 3517 τὰς
1327 3454 1558 3523 ἐσχάτας
1584 3453 1685 3522 τῆς

93 3538 279 3608 ψυχῆς
304 3540 602 3608 φαντασίας
619 3542 1072 3614 καθαρθήσονται,
1097 3544 1478 3614 φανερωτέρας
1506 3543 1685 3608 ἕξουσι

95 3630 197 3693 τὶς
225 3630 561 3699 θεοφανείας,
598 3632 706 3686 τῶν
739 3635 1124 3706 ὑπερκοσμίων
1159 3639 1253 3688 καὶ
1281 3635 1440 3688 θείων
1470 3652 1687 3706 μαρμα-

97 3721 284 3794 ρυγῶν
332 3723 592 3791 ἐφιέντων
653 3724 794 3795 (ἀντὶ
846 3726 939 3779 τοῦ
967 3727 1268 3798 ἐφιεισῶν)
1336 3727 1434 3799 τὴν
1479 3729 1684 3782 οἰκείαν

94 3815 297 3885 αἴγλην
342 3817 423 3879 είς
457 3815 554 3888 τὴν
578 3815 685 3869 τῶν
729 3817 990 3887 ὁμοειδῶν
1017 3818 1161 3871 κατά
1200 3821 1360 3890 χάριν
1405 3821 1684 3891 ἐσόπτρων

94 3907 351 3975 ἀγλαΐαν.
398 3907 674 3979 Ἐσοπτρα
710 3907 766 3961 δὲ
808 3908 953 3978 λέγει
1007 3912 1106 3976 τὰς
1137 3910 1246 3965 τῶν
1287 3911 1456 3980 ἁγίων
1484 3913 1679 3983 ψυχὰς,

93 4002 168 4065 ὡς
195 4000 291 4054 τοῦ
321 3999 464 4052 θείου
501 3999 676 4068 φωτὸς
712 4000 986 4064 δεκτικὰς,
1017 4002 1111 4054 καὶ
1135 4002 1234 4073 τῆς
1258 4003 1563 4072 κρείττονος
1585 4005 1682 4078 λη-

97 4092 234 4158 ξεως
260 4091 761 4162 ἀφομοιωματικάς.
804 4091 1116 4156 ’Δττικὲζων
1141 4092 1218 4157 δὲ,
1255 4093 1329 4155 ὡς
1377 4092 1676 4165 Ἀθηναῖος,

97 4183 358 4248 συνέταξε
381 4183 442 4235 τὸ
469 4184 648 4254 ῥητὸν,
685 4187 928 4254 φάσκων,
956 4184 1064 4236 τῶν
1101 4186 1474 4256 μαρμαρυγῶν
1500 4187 1678 4256 ἐφιέν-

95 4293 204 4327 των
229 4275 328 4345 τὴν
351 4275 553 4327 οἰκείαν
577 4274 769 4346 αἴγλην
791 4293 803 4305 ·
832 4275 972 4328 οὕτω
996 4275 1103 4346 γὰρ
1127 4275 1220 4328 καὶ
1253 4277 1309 4331 ἐν
1333 4276 1410 4346 τῷ
1437 4277 1479 4340 ζ’
1515 4295 1683 4346 κεφα-

95 4369 233 4439 λαίῳ
277 4369 380 4438 τῆς
415 4369 705 4436 Οὐρανίου
763 4371 1064 4437 ίεραρχίας
1101 4370 1386 4440 πεποίηκε,
1415 4369 1556 4422 κατὰ
1599 4369 1677 4433 τὸ,

1793 1887 1943 1940 ribus
1986 1888 2240 1954 pretiosis
2281 1889 2528 1956 protinus
2554 1904 2768 1960 quoque
2813 1893 3033 1947 nomina
3063 1893 3378 1948 recitantur.

1865 1976 1892 2046 §
1933 1976 1998 2028 Χ.
2033 1976 2131 2031 llis
2166 1977 2348 2046 itaque
2382 1980 2638 2046 peractis,
2683 1989 2870 2035 astans
2898 1998 3082 2037 coram
3115 1983 3380 2054 symbolis

1791 2067 2080 2123 hierarcha
2111 2085 2302 2122 manus
2323 2070 2510 2133 abluit,
2543 2080 2598 2124 et
2627 2087 2731 2125 una
2755 2088 2877 2126 cum
2919 2075 3034 2144 ipso
3065 2090 3256 2129 omnes
3285 2092 3377 2129 sa-

1793 2162 2060 2218 cerdotes.
2090 2161 2282 2217 Lectio
2305 2164 2733 2220 constructionis
2761 2166 2916 2237 hujus
2945 2170 3242 2240 hyperbato
3265 2185 3360 2224 seu

1795 2254 2229 2321 transgressione
2281 2263 2516 2319 constat,
2577 2256 2720 2322 quod
2776 2258 3030 2314 nimirqu
3088 2261 3178 2329 qui
3225 2262 3371 2319 lotus

1795 2354 1920 2410 est,
1982 2360 2086 2401 non
2143 2361 2280 2417 opus
2335 2346 2532 2399 habeat
2591 2347 2818 2403 aliorum
2870 2355 3234 2408 membrorum
3289 2359 3373 2410 lo-

1797 2436 1942 2491 tione
1976 2481 1990 2504 ,
2061 2453 2222 2507 quam
2283 2441 2653 2493 sununitatmn
2709 2455 2803 2494 seu
2876 2447 3280 2501 extremitatnm
3314 2461 3370 2515 ιι,

1797 2542 1826 2582 a
1874 2543 1977 2596 qua
2023 2531 2212 2600 utique
2279 2533 2480 2589 lolione
2539 2550 2731 2604 purum
2804 2534 3046 2588 habitum
3114 2551 3374 2591 consecu-

1798 2628 1903 2684 tus,
1945 2620 2350 2677 immaculatam
2392 2623 2562 2679 faciet
2598 2627 2663 2678 ad
2707 2625 2877 2679 Deum
2926 2628 3369 2691 conversionem,

1797 2711 1876 2765 uti
1909 2725 2123 2765 sacrum
2167 2713 2441 2768 lavacrum
2471 2755 2485 2778 ,
2538 2717 2604 2770 de
2635 2731 2742 2784 quo
2781 2718 2833 2770 in
2882 2717 3000 2788 lege
3029 2719 3231 2772 dictum
3264 2727 3372 2784 est,

1797 2811 1852 2858 et
1887 2804 2000 2858 haec
2027 2819 2286 2858 manuum
2325 2807 2456 2861 lotio
2484 2807 2748 2861 declarat.
2793 2807 2904 2862 Hoc
2939 2809 3083 2863 enim
3119 2820 3200 2864 est
3229 2812 3374 2880 quod

1799 2896 2120 2951 insinuatur.
2156 2897 2802 2970 Quemadntodumzll
2837 2901 2980 2954 enim
3023 2902 3106 2955 lev
3142 2904 3372 2957 habebat

1800 2983 2103 3053 lavacrum,
2125 2987 2203 3041 sic
2228 2997 2282 3042 et
2313 2988 2399 3040 hic
2415 2987 2473 3042 ﬁt
2490 2972 2742 3040 manuum
2769 2990 2994 3046 ablutio.
3033 2991 3130 3045 Hic
3148 3004 3373 3049 sanctus

1801 3089 1982 3133 autem
2010 3095 2267 3134 manuum
2295 3081 2552 3137 lationem
2579 3085 2816 3152 adducit,
2851 3086 2974 3156 quia
3006 3085 3133 3141 hinc
3153 3103 3372 3158 quoque

1791 3187 2002 3226 summa
2029 3174 2432 3228 extremitatnm
2452 3175 2692 3244 expiatio
2719 3177 3066 3247 designatur;
3095 3181 3360 3248 siquidem

1789 3281 1981 3320 manus
2011 3275 2135 3320 sunt
2171 3269 2420 3336 corporis
2456 3271 2798 3326 summitates
2827 3287 2921 3326 seu
2967 3274 3370 3335 extremitates.

1789 3359 1996 3415 Idcirco
2029 3362 2192 3414 etiam
2231 3362 2361 3416 dicit
2397 3361 2572 3428 ipsum
2621 3363 2850 3418 liberum
2882 3363 3146 3431 futurum,
3199 3367 3250 3421 id
3283 3375 3372 3420 est

1787 3451 2125 3518 expeditum,
2177 3463 2234 3505 ut
2271 3453 2364 3521 qui
2407 3451 2550 3505 nulla
2586 3452 2834 3508 inferiori
2867 3455 3277 3510 conversatione
3309 3467 3364 3511 et

1787 3529 2131 3597 aﬂectatione
2152 3543 2474 3602 detineatur.
2512 3545 2784 3601 Extremls
2799 3546 2943 3600 enim
2969 3549 3162 3601 animm
3193 3548 3362 3617 phan-

1789 3635 1938 3689 tasiis
1971 3635 2170 3704 expiati
2200 3633 2529 3692 clarioribus
2561 3653 2777 3706 quoque
2807 3638 2900 3693 Dei
2930 3640 3362 3708 apparitionibus
3427 3693 3432 3700 .

1787 3727 2116 3792 gaudebunt,
2153 3729 2686 3793 supermundialibus
2717 3731 2834 3784 istis
2869 3730 3173 3797 divinisque
3201 3749 3363 3787 coru-

1785 3818 2119 3871 scatiouibus
2147 3819 2200 3871 in
2233 3819 2535 3873 consimilis
2564 3822 2762 3887 speciei
2800 3822 3037 3891 specula,
3065 3824 3358 3878 secundum

1785 3911 2030 3978 gratiam,
2059 3908 2238 3963 lumen
2274 3925 2429 3964 suum
2462 3912 2834 3966 evibrantibns
2865 3912 3148 3982 (ἐφιέντων
3171 3915 3358 3968 dicens

1787 4015 1882 4068 pro
1925 4001 2201 4069 ἐφιεισῶν,
2249 4001 2608 4054 masculinum
2662 4017 2759 4072 pro
2786 4001 3093 4072 feminino).
3127 4004 3356 4072 Specula

1785 4101 1962 4144 autem
2002 4090 2234 4160 appellat
2287 4101 2599 4152 sanctorum
2654 4095 2888 4158 animas,
2935 4103 3121 4164 utpote
3159 4095 3359 4153 div-ima

1785 4181 1920 4235 lucis
1955 4195 2203 4249 capaces,
2231 4192 2284 4236 et
2306 4184 2371 4237 ad
2409 4184 2688 4238 meliorem
2724 4185 2868 4239 illam
2900 4195 3104 4240 sortem
3137 4202 3360 4256 compa-

1786 4285 1947 4329 ratas.
1980 4274 2228 4345 Loquens
2273 4286 2452 4331 autem
2485 4278 2679 4339 Attice,
2722 4288 2780 4332 ut
2825 4279 3199 4345 Atheniensis,
3229 4297 3355 4336 vero

1783 4367 1907 4422 bum
1939 4367 2040 4421 hoc
2063 4369 2395 4434 construxit,
2427 4369 2634 4434 dicens,
2668 4370 3140 4426 coruscationibus
3169 4371 3354 4440 splen-

95 4462 308 4524 Κλντὺς
346 4460 717 4531 Ἱπποδάμεια,
758 4463 850 4514 καὶ
889 4461 1184 4524 Ψολόεντος
1227 4461 1452 4532 ἐχίδνης.
1500 4461 1597 4515 Διά
1627 4481 1658 4516 τ

1865 4475 1969 4512 rem
2000 4474 2157 4514 suum
2199 4460 2612 4527 evibrantibus;
2660 4461 2850 4516 eodem
2889 4463 3050 4517 modo
3087 4464 3216 4517 fecit
3262 4479 3356 4518 ca-

91 4552 146 4604 δὲ
195 4549 532 4619 ἐπίπροσθεν
569 4550 678 4605 τῶν
721 4550 881 4622 ἱερῶν
931 4551 1209 4622 συμὸόλων
1258 4553 1290 4624 ἡ
1333 4554 1440 4605 τῶν
1489 4554 1680 4625 ἱερέων

92 4644 351 4711 ἀπόνιψις
384 4632 629 4710 γίνεταις
679 4643 765 4705 Ὠς
802 4642 894 4695 ἐπὶ
930 4643 1166 4714 Χριστοῦ
1199 4642 1292 4696 τοῦ
1335 4645 1515 4708 πάσας
1554 4647 1679 4714 ἐφο-

95 4736 298 4807 ρῶντος
323 4736 422 4799 τὰς
449 4737 793 4808 ἀνθρωπίνας
823 4737 1048 4799 ἐννοίας,
1089 4737 1188 4807 τῆς
1226 4738 1533 4810 ἀκροτάτης
1565 4741 1678 4810 όρι-

93 4830 332 4900 ζομένης
374 4828 694 4900 καθάρσεως
729 4831 786 4881 ὲν
820 4831 931 4892 τοῖς
977 4830 1404 4893 πανεπισκόποις
1447 4831 1676 4902 ἀκριϐα-

95 4925 290 4992 σμοῖς,
337 4923 433 4975 καὶ
476 4926 594 4986 ταῖς
631 4922 945 4986 ἀδεκάστοις
990 4923 1178 4975 τούτου
1221 4923 1494 4993 κρίσεσιν·
1534 4923 1675 4976 οὕτω

92 5011 383 5084 τοιγαροῦν
417 5011 635 5077 ένωθεὶς
671 5016 699 5067 6
743 5014 1002 5086 ίεράρχης
1037 5017 1148 5078 τοῖς
1181 5014 1363 5080 θείοις,
1409 5018 1680 5088 ἱερουργεῖ

93 5104 156 5156 τὰ
196 5103 473 5157 θειότατα.
512 5103 675 5166 Τίνας
712 5105 808 5174 μὲν
846 5101 938 5158 οὖν
971 5104 1070 5169 τὰς
1107 5108 1186 5170 είς
1211 5109 1360 5178 ἡμᾶς
1393 5106 1681 5178 θεουργίας

97 5197 277 5267 φαμὲν
326 5195 603 5266 (δηλονότι
637 5195 736 5259 τὰς
781 5196 874 5249 τοῦ
935 5196 1110 5268 Ἰησοῦ
1158 5197 1250 5250 τοῦ
1287 5198 1489 5269 Κυρίου
1525 5199 1681 5270 ἡμῶν

94 5289 332 5358 Χριστοῦ
381 5289 510 5360 περ)⁵
553 5290 700 5360 ἡμᾶς
747 5289 1017 5360 προνοίας,
1070 5291 1135 5353 ἃς
1177 5290 1270 5345 ἐπὶ
1315 5292 1556 5363 σωτηρίᾳ
1578 5291 1673 5344 τοῦ

94 5382 282 5448 γένους
318 5379 499 5452 ἡμῶν,
535 5381 751 5453 εὐδοκία
775 5380 866 5434 τοῦ
895 5381 1103 5452 Πατρὸς
1139 5381 1196 5435 ἐν
1224 5383 1498 5455 Πνεύματι
1536 5385 1674 5456 ἁγίῳ

95 5472 455 5542 ἐτελείωσεν),
485 5471 611 5542 ἑξῆς
633 5470 772 5525 κατὰ
805 5472 1030 5542 δύναμιν
1073 5471 1315 5544 εῐπωμεν
1349 5473 1478 5544 περὶ
1508 5468 1583 5529 ὧν
1611 5475 1674 5528 ἂν

166 5632 186 5666 ι
219 5627 366 5683 Psal.
391 5644 518 5692 σιν,
541 5628 623 5683 15.
728 5635 757 5665 τι
781 5628 936 5684 Joan.
962 5645 1080 5691 xm,
1109 5627 1193 5684 ιι).
1271 5625 1389 5684 ινιι.
1421 5645 1484 5695 ιι,
1515 5629 1639 5684 HQ.

1783 4553 1892 4619 pile
1934 4552 2163 4620 septimo
2187 4551 2424 4607 Calcatis
2448 4551 2781 4618 hieran-him,
2809 4553 2962 4621 juxta
2987 4554 3116 4610 illud
3143 4555 3353 4620 Κλυτδς

1795 4643 2142 4714 Ἱπποδάμεια
2155 4646 2229 4708 u‘,
2283 4652 2338 4697 et
2365 4644 2660 4707 Ψολὸεντος
2695 4645 2925 4717 ἐχίδνης.
2955 4646 3220 4702 C:cterum
3253 4661 3352 4700 cur

1780 4749 1963 4788 coram
1991 4736 2164 4790 sacris
2186 4735 2552 4805 symbolisilla
2581 4737 2924 4790 sacerdotum
2959 4736 3164 4790 ablutio
3193 4736 3350 4789 insti-

1781 4825 1991 4878 tuitur?
2025 4825 2152 4894 quia
2191 4826 2448 4879 nimirum
2485 4840 2672 4878 coram
2699 4825 2936 4890 Christo,
2964 4827 3054 4896 qui
3091 4827 3355 4881 occultis-

1777 4917 1946 4971 simas
1973 4931 2219 4986 quasque
2245 4918 2511 4972 humanas
2552 4918 2912 4988 cogitationes
2954 4917 3215 4981 intuetur,
3259 4933 3355 4974 su-

1774 5025 1960 5081 prema
1987 5010 2076 5064 illa
2105 5012 2347 5080 expiatio
2373 5012 2864 5082 perspicacissimis
2893 5013 3347 5077 scrutationibus,

1778 5103 2252 5172 exactissimisque
2279 5113 2333 5158 et
2358 5104 2722 5174 integerrimis
2744 5102 2970 5175 judiciis
3005 5105 3304 5166 absolvitur
3335 5124 3362 5168 :_

1777 5195 1881 5249 hoc
1924 5198 2066 5250 enim
2115 5196 2272 5250 modo
2303 5197 2597 5251 hierarcha
2637 5195 2834 5250 divinis
2870 5197 3030 5252 rebus
3053 5197 3240 5251 unitus
3270 5198 3351 5252 di-

1781 5290 2060 5345 vinissima
2105 5299 2387 5346 consecrat
2413 5292 2695 5361 mysteria.
2727 5293 3004 5359 Quasnam
3045 5299 3225 5344 autem
3263 5291 3348 5346 di~

1783 5381 1936 5434 vinas
1993 5382 2045 5436 in
2103 5398 2199 5437 nos
2256 5383 2597 5450 opcrationes
2641 5384 2871 5438 dicimus
2933 5382 3166 5456 (scilicet
3218 5381 3348 5437 Jesu

1782 5474 1982 5530 Christi
2017 5475 2227 5531 Domini
2261 5476 2429 5530 nostri
2461 5477 2607 5531 circa
2647 5491 2746 5532 nos
2775 5477 3168 5546 providentiae,
3211 5491 3354 5544 (Illas

3273 5666 3294 5692 τ

165 5744 178 5760 ⁶
221 5737 429 5794 Dcessc
455 5738 668 5796 videtur
700 5739 969 5811 particula
1006 5737 1366 5810 coniunctiva,
1396 5757 1555 5810 quam
1593 5740 1718 5814 legit
1748 5742 2026 5814 interpres.
2073 5742 2166 5798 Eo.
2202 5742 2444 5801 ΡΛτιιυι..
