3730 6292
332 278 436 334 467

1534 276 1590 333 S.
1627 273 1928 331 DIONYSII
1964 269 2431 327 AREOPAGITIE

3488 258 3593 314 MSS

337 397 392 450 in
442 396 610 450 nostri
657 399 870 466 generis
924 396 1177 460 salutem,
1228 394 1568 465 bencplacito
1610 394 1807 455 l‘atris,
1859 390 1910 442 in

2142 386 2518 458 δυνηθείημεν.
2571 383 2708 435 Ὅσα
2739 383 2796 437 δὲ
2843 380 2989 452 παρὰ
3030 380 3138 432 τῶν
3172 377 3374 430 ἐνθέων
3403 378 3593 445 ἱερορ-

336 488 539 557 Spiritu
561 500 750 544 sancto
784 487 1053 559 perfecit),
1081 489 1144 542 de
1166 487 1252 541 his
1281 492 1676 553 consequenter
1700 497 1793 551 pro
1820 480 1903 533 vi-

2010 480 2120 549 χῶν
2158 476 2579 550 ἱερουργούντων
2605 476 2702 545 τὴν
2730 474 3062 544 ἀναίμακτον
3098 470 3288 525 θυσίαν
3316 471 3595 539 ὑμνεῖται,

336 583 424 635 rili
467 582 709 636 dicamus
754 590 912 649 prout
943 581 1262 651 poterimus.
1299 579 1428 646 Qua:
1463 592 1592 631 vero
1633 591 1661 629 a
1709 573 1909 628 divinis

2109 578 2236 646 ἡμῖν
2267 572 2504 642 ἐφικτὸν,
2534 569 2786 643 ἐροῦμεν.

335 673 638 729 inierarcliis
686 672 1024 727 incruentam
1074 671 1305 725 hostiam
1339 667 1776 724 sacrificantibus
1814 680 1907 720 ce-

334 766 636 831 lebrentur,
675 766 852 834 quoad
886 778 1191 833 possumus,
1221 762 1573 833 proferemus.

407 853 553 925 §Xl.
586 854 791 909 Natura
830 856 1067 911 humana
1102 856 1171 909 ab
1205 854 1357 908 initio
1388 862 1445 906 ut
1483 852 1737 923 paradiso
1762 852 1912 904 excio

337 946 438 1009 dit,
467 947 625 1001 morti
668 946 864 1001 tradita
890 956 1004 1011 est;
1036 952 1431 1013 consequenter
1459 944 1618 997 etiam
1660 940 1913 1011 prwvari-

336 1037 482 1090 catio
510 1039 749 1106 primum
783 1047 1063 1106 parentem
1087 1047 1367 1099 nostrum,
1403 1036 1637 1088 divinam
1668 1034 1915 1087 volunta-

339 1137 446 1182 tem
498 1138 938 1198 transgressum,
993 1129 1403 1198 dereptiunibus
1459 1126 1682 1187 erroris,
1739 1124 1913 1193 iisque

335 1234 457 1288 qua:
493 1219 695 1276 divinis
727 1220 888 1275 bonis
925 1221 1307 1283 adversantur,
1342 1227 1398 1272 ut
1433 1216 1592 1271 morti
1632 1224 1686 1270 et
1724 1229 1918 1269 corru-

337 1311 509 1382 ptioni
535 1352 549 1376 ,
580 1312 815 1383 propriis
849 1312 962 1367 suis
990 1310 1444 1380 propensiouilms
1497 1307 1735 1361 tradidit.
1776 1303 1914 1371 Quid

338 1413 519 1457 autem
564 1414 669 1470 est,
731 1403 971 1475 propriis
1017 1400 1509 1472 propensiouibus?
1538 1398 1673 1454 Cum
1709 1397 1916 1452 scilicet

339 1507 513 1552 Status
565 1498 742 1553 nostri
790 1497 1053 1567 originem
1111 1511 1142 1549 e
1202 1504 1341 1550 terra
1388 1495 1648 1548 ducamus
1698 1493 1916 1561 (corpus

339 1590 487 1644 enim
512 1600 758 1645 nostrum
783 1604 848 1644 ex
880 1607 942 1644 ea
960 1589 1218 1657 constat),
1243 1587 1438 1641 merito
1470 1595 1589 1655 post
1620 1594 1918 1653 transgres-

341 1680 552 1735 sionem
599 1679 761 1734 finem
797 1695 1011 1750 quoque
1047 1679 1244 1748 origini
1274 1686 1696 1732 consentaneum
1748 1675 1916 1729 liabe-

2082 854 2108 925 §
2143 851 2237 905 XI.
2255 850 2318 901 Ἡ
2343 845 2653 918 ἀνθρωπεία
2673 842 2853 914 φύσις,
2880 836 3117 912 ἀρχῆθεν
3140 833 3233 888 τοῦ
3264 829 3598 903 παραδείσου

2012 946 2399 1014 ὲξολισθήσασα
2419 982 2433 1003 ,
2476 937 2744 1011 παρεδόθη
2769 934 2847 1005 τῷ
2880 932 3094 1001 θανάτῳ
3112 947 3126 961 υ
3153 925 3465 986 ἀκολούθως
3490 920 3604 991 γὰρ

2014 1043 2047 1111 ἡ
2086 1036 2396 1109 παράϐασις
2433 1032 2524 1085 τὸν
2562 1028 2981 1099 ὲξοιστρήσαντα
3002 1021 3096 1076 τοῦ
3123 1020 3265 1073 θείου
3295 1016 3602 1085 θελήματος

2014 1132 2332 1203 προπάτορα
2364 1128 2486 1188 ταῖς
2524 1123 2761 1184 ἀπάταις
2787 1118 2881 1172 τοῦ
2922 1116 3144 1176 πλάνου,
3182 1113 3297 1173 τοῖς
3339 1106 3604 1165 ἐναντίοις

2013 1194 2120 1271 τῶν
2148 1194 2305 1269 θείων
2328 1212 2568 1282 ἀγαθῶν,
2586 1208 2663 1279 τῷ
2686 1207 2899 1278 θανάτῳ
2922 1203 3163 1275 δηλονότι
3189 1201 3283 1253 καὶ
3304 1200 3373 1267 τῇ
3401 1194 3607 1265 φθορᾷ,

2018 1311 2177 1373 ίδίαις
2230 1309 2450 1369 ἑαυτοῖς
2499 1306 2691 1377 ῥοπαῖς
2742 1297 3113 1371 παραδέδωκε.
3152 1292 3217 1345 Τί
3259 1291 3317 1343 δέ
3358 1291 3477 1340 ἐστι
3519 1285 3605 1345 τὸ,

2015 1404 2241 1464 οἰκείαις
2278 1401 2472 1472 ῥοπαῖς
2496 1414 2511 1461 ;
2540 1396 2743 1464 ’Ἢγουν
2769 1390 2958 1459 ἐπειδὴ
2980 1386 3154 1457 ἀρχὴν
3173 1383 3273 1453 τῆς
3292 1380 3608 1472 συστάσεως

2017 1501 2081 1551 ὲκ
2103 1497 2205 1566 γῆς
2231 1467 2479 1564 ἔσχομεν,
2509 1487 2590 1559 (τὸ
2623 1485 2730 1557 γάρ
2757 1478 3061 1552 σωματικὸν
3101 1474 3256 1545 ἡμῶν
3282 1470 3344 1536 ἐξ
3377 1467 3611 1566 αὑτῆςο)

2017 1561 2239 1650 είκύτως
2274 1561 2414 1657 μετὰ
2445 1582 2540 1653 τὴν
2578 1577 2915 1650 παράϐασιν,
2956 1571 3049 1625 καὶ
3086 1569 3145 1621 τὸ
3176 1567 3330 1628 τέλος
3372 1561 3614 1657 πρόσφοῗ

2022 1698 2110 1752 ρον
2156 1649 2386 1747 ἔσχομεν
2418 1649 2695 1743 τῇνάρχῇ,
2732 1669 2811 1729 είς
2866 1663 2969 1734 γῆν
3025 1659 3371 1719 ἀναλύοντες,
3423 1649 3615 1752 ἐπειδη

342 1786 465 1825 tuus
511 1769 563 1823 in
600 1777 801 1824 terrain
852 1771 1112 1834 resoluti,
1153 1786 1274 1823 cum
1320 1768 1525 1823 dictum
1579 1767 1691 1821 sit:
1755 1763 1916 1818 Terra

2109 1741 2252 1840 5:301}:
2279 1741 2367 1833 Γῆ
2400 1741 2591 1829 ετ,καὶ
2620 1763 2706 1826 εις
2745 1758 2863 1829 γῆν
2916 1754 3245 1819 ἁπελεύσῃ.
3277 1749 3488 1814 ’Ἡγουν
3527 1741 3615 1795 διὰ

342 1880 447 1927 es,
530 1873 580 1916 et
646 1863 698 1915 in
757 1870 951 1915 terram
1016 1862 1286 1915 reverteris
1310 1870 1359 1913 ν.
1412 1857 1507 1914 Vel
1556 1859 1735 1925 itaque
1794 1871 1918 1926 pro-

346 1964 467 2023 pter
520 1953 571 2006 id
618 1950 760 2020 quod
817 1950 1072 2013 infertur,
1134 1950 1446 2020 apponitur,
1494 1949 1659 2019 212
1690 1946 1920 2015 propriis

346 2042 802 2113 propensionibus
822 2081 838 2107 ,
878 2042 963 2095 vel
993 2043 1156 2096 etiam
1199 2042 1386 2097 liberis
1413 2058 1476 2096 ac
1504 2040 1838 2111 spontaneis,
1867 2047 1925 2092 et

346 2134 398 2187 id
442 2133 603 2203 quod
629 2131 865 2187 infertur
901 2133 1098 2188 iterum
1130 2132 1323 2187 eodem
1364 2133 1525 2186 modo
1580 2130 1921 2199 intelligitur.

343 2226 586 2281 Observa
615 2241 747 2279 vero
789 2223 1064 2293 quomodo
1095 2224 1295 2277 dixerit
1325 2239 1340 2277 :
1382 2224 1420 2275 A
1454 2223 1559 2276 vita
1592 2237 1709 2291 qua:
1746 2222 1812 2275 ad
1837 2237 1923 2275 su-

344 2333 516 2388 perna
552 2317 842 2382 tendebat;
895 2315 1175 2384 ἀνάγωγος
1204 2315 1347 2369 enim
1391 2329 1484 2368 seu
1517 2315 1791 2368 adducens
1815 2313 1924 2366 vita

348 2425 564 2479 quoque
597 2409 799 2463 dicitur
838 2408 1104 2462 dissoluta
1144 2413 1197 2459 et
1230 2406 1594 2475 ilmuorigera,
1642 2421 1764 2474 qua:
1802 2422 1923 2474 pra-

348 2518 476 2556 vum
538 2502 759 2557 ductum
808 2502 1094 2571 sequitur;
1138 2503 1226 2556 liic
1278 2510 1458 2554 autem
1508 2500 1776 2568 signiﬁcat
1806 2514 1924 2552 eam

348 2610 471 2664 qua:
516 2595 800 2665 superiora
850 2595 1085 2663 quaerit,
1132 2603 1186 2648 et
1222 2594 1287 2647 ad
1329 2594 1494 2647 Deum
1527 2607 1787 2646 conversa
1819 2601 1923 2646 est.

350 2685 491 2741 Hinc
531 2701 656 2741 cum
703 2695 893 2740 natura
927 2701 955 2738 a
1002 2695 1147 2739 recta
1171 2686 1238 2738 ad
1285 2685 1449 2738 Deum
1494 2685 1577 2737 via
1628 2683 1925 2749 aberraret,

353 2778 583 2833 minime
613 2778 869 2843 advertit,
903 2792 965 2832 se
1002 2792 1109 2830 non
1134 2777 1238 2831 diis
1266 2788 1320 2830 et
1342 2777 1559 2841 amicis,
1591 2776 1685 2831 sed
1719 2773 1931 2828 infestis

2021 1836 2503 1932 τὸὲπιιρερόμενον
2538 1855 2744 1910 τίθεται
2778 1852 2839 1904 τὸ
2866 1849 3090 1910 οἰκείαις
3117 1845 3337 1932 ὁρμαῖς,
3366 1839 3400 1909 ἢ
3426 1836 3615 1932 δηλον-

2022 1954 2103 2007 ότι
2140 1950 2549 2023 προαιρετικαῖς
2588 1944 2683 1998 καὶ
2708 1938 3094 2005 αῦτεξουσίοις,
3141 1933 3237 1987 καὶ
3268 1931 3330 1983 τὸ
3354 1926 3616 1996 ἐπιφερό-

2027 2063 2184 2115 μενον
2222 2043 2382 2096 πάλιν
2420 2039 2540 2094 καθ’
2573 2036 2705 2091 αὐτὸ
2726 2035 2946 2089 νοεῖται.
2977 2031 3117 2099 Ὅρα
3151 2026 3207 2078 δὲ
3244 2021 3365 2085 πῶς
3401 2015 3524 2072 εἷπε
3560 2015 3620 2067 τὸ

2038 2108 2343 2206 Ἃναγὼγου
2378 2132 2522 2202 ζωῆς
2553 2147 2566 2159 ο
2605 2127 2886 2195 ἀνάγωγος
2919 2120 3027 2191 γὰρ
3059 2116 3171 2188 ζωὴ
3208 2114 3429 2206 λέγεται
3466 2109 3561 2162 καὶ
3586 2108 3619 2176 ἡ

2025 2204 2321 2292 ἀκόλαστος
2342 2226 2435 2279 καὶ
2456 2222 2797 2282 ἀπαίδευτος,
2824 2218 2901 2280 ὼς
2930 2213 3108 2285 κακὴν
3132 2206 3357 2279 ἀγωγὴν
3384 2204 3612 2273 ἔχουσα-

2028 2319 2262 2374 ὲνταῦθα
2286 2317 2343 2371 δὲ
2368 2315 2467 2387 τὴν
2492 2312 2562 2366 τά
2594 2311 2706 2365 ἀνω
2730 2306 3019 2378 ζητοῦσαν,
3041 2303 3135 2355 καὶ
3158 2299 3296 2368 πρὸς
3330 2296 3467 2347 Θεὸν
3490 2294 3623 2387 ἐπε-

2030 2411 2384 2485 στραμμένην
2425 2383 2616 2476 ιρησίν.
2676 2397 2955 2454 Ἐντεῦθεν
3002 2396 3035 2465 ἡ
3070 2392 3244 2485 ,φύσις
3287 2383 3624 2485 πλανωμένη

2026 2476 2126 2576 τῆς
2169 2476 2304 2574 πρὸς
2338 2476 2471 2552 Θεὸν
2512 2495 2727 2557 εὐθείας
2763 2491 2903 2553 ὁδοῦ,
2933 2484 3218 2540 ἐλάνθανεν
3254 2480 3317 2576 οῦ
3353 2476 3532 2538 θεοὺς,
3560 2476 3622 2527 οσῖι

2030 2565 2263 2668 φίλους,
2291 2565 2456 2647 ἀλλὰ
2503 2587 2786 2659 δυσμενεῖς
2833 2577 3229 2668 θεραπεύουσα,
3284 2565 3360 2625 ὧν
3414 2569 3480 2638 δὴ
3516 2566 3627 2668 ,καὶ

2030 2661 2263 2753 ἀφειδῶς
2299 2682 2434 2751 αὐτῇ
2474 2672 2969 2745 κατακεχρημένων
2996 2666 3137 2722 κατὰ
3166 2665 3227 2717 τὸ
3260 2661 3628 2753 οἰκεῖονῄάνηο

2030 2777 2171 2841 λεὲς,
2202 2776 2274 2845 (τί
2302 2772 2409 2843 γάρ
2432 2770 2597 2824 κακὸν
2620 2768 2719 2820 οὐκ
2743 2763 2996 2834 ἐποίησεν
3019 2759 3058 2829 ς)
3086 2760 3165 2821 εἰς
3193 2754 3445 2808 κίνδυνον
3468 2751 3627 2803 ἀπω-

354 2870 605 2925 hostibus
650 2870 817 2927 fuisse
864 2872 1205 2935 obsecutum,
1250 2869 1446 2939 quibus
1480 2870 1594 2939 ipsa
1634 2867 1931 2922 crudeliter

2109 2880 2179 2937 ξας
2196 2843 2571 2943 ἐμπεπτώκει,
2589 2864 2646 2916 ὃν
2660 2862 2724 2933 δὴ
2741 2861 2833 2913 καὶ
2848 2853 3181 2924 ἀνυπαρξίαν
3194 2850 3365 2917 λέγει,
3384 2843 3629 2943 δηλονρτι

350 2979 451 3033 pro
498 2964 839 3020 immanitate
878 2982 973 3020 sua
1006 2935 1380 3031 abutentibus,
1413 2935 1565 3032 (quid
1605 2961 1750 3015 enim
1803 2958 1927 3012 mali

2109 2935 2263 3017 νατον
2315 2956 2567 3030 ψυχικόν.
2637 2953 2694 3007 Ὀ
2742 2948 2873 3019 γοῦν
2926 2946 3054 3007 Θεὸς
3100 2940 3260 3012 ἡμῶν
3304 2940 3375 2993 δι’
3419 2935 3628 2990 οίκείαν

351 3071 458 3109 non
507 3055 869 3125 intulerunt?)
916 3058 967 3110 in
1013 3057 1308 3111 discrimen
1356 3054 1742 3110 internecioois
1796 3052 1928 3105 inci-

2109 3056 2402 3128 τειροτάτην
2453 3048 2786 3119 ἀγαθότητα,
2828 3042 2924 3112 τὴν
2982 3035 3279 3140 αὐτουργὸν
3328 3033 3445 3133 οὐκ.
3486 3030 3631 3140 iam:

352 3149 551 3213 derat,
584 3148 729 3217 quod
757 3148 926 3202 etiam
962 3157 1138 3202 status
1176 3148 1534 3216 privatioaem
1570 3153 1746 3210 vocat,
1777 3142 1931 3197 scili-

2109 3118 2231 3204 νατο
2274 3118 2561 3217 πρδνοιαν⁵
2614 3143 2695 3194 ὅτι
2738 3134 2938 3207 δηλαδὴ
2973 3130 3131 3194 αὐτὸς
3171 3125 3239 3198 ἦν
3278 3129 3307 3179 ὁ
3352 3122 3448 3177 τοῦ
3492 3118 3628 3223 Θεοῦ

352 3248 443 3293 cet
475 3248 705 3294 mortem
741 3238 1065 3308 spiritalem.
1104 3240 1306 3295 Verum
1337 3240 1477 3293 Deus
1496 3248 1681 3292 noster
1710 3242 1932 3306 propter

2109 3260 2226 3311 ιγος,
2261 3242 2290 3293 ὁ
2316 3211 2710 3308 ἀναμαρτήτως
2752 3226 3144 3311 ἀναδεξάμενος
3171 3218 3241 3271 τά
3258 3216 3531 3311 ημέτερα,
3570 3211 3631 3310 δς

353 3330 623 3385 iutinitam
661 3347 815 3387 suam
849 3332 1171 3398 bonitatem,
1205 3347 1304 3402 per
1341 3346 1399 3386 se
1432 3330 1603 3385 nostri
1629 3343 1815 3384 curam
1838 3344 1933 3396 ge-

2241 3300 2437 3402 μείνας
2453 3300 2727 3394 ἀλώϐητος
2749 3317 2925 3386 πάντη
2948 3315 3083 3384 ὅπερ
3099 3307 3188 3381 ἦν,
3211 3307 3287 3379 μὴ
3309 3305 3508 3405 ἐκστάς
3533 3300 3633 3369 τῆς

354 3438 478 3478 rere
506 3439 612 3478 non
659 3425 911 3491 destitit;
942 3425 1198 3495 quoniam
1224 3423 1483 3477 nimirum
1515 3422 1810 3491 ipsummet
1836 3418 1933 3474 Dei

2110 3442 2173 3488 ας
2196 3396 2395 3489 ἕξεως,
2423 3417 2557 3490 (ἕξιν
2584 3414 2642 3468 δὲ
2668 3411 2818 3480 λέγει
2853 3403 3084 3462 ἐνταῦθα
3122 3401 3182 3454 οῦ
3221 3396 3487 3467 ποιότητά
3510 3409 3632 3444 τινα

354 3512 596 3570 Verbum
628 3531 689 3570 ea
724 3531 845 3585 quae
876 3486 1062 3572 nostra
1094 3524 1224 3571 sunt
1261 3486 1550 3569 assumens
1572 3514 1776 3582 absque
1812 3526 1935 3582 pec-

2113 3486 2303 3588 μονον,
2505 3508 2608 3578 τὴν
2646 3502 2877 3575 φυσικὴν
2906 3498 3073 3567 αὐτὴν
3109 3489 3376 3589 διαμονην
3413 3486 3508 3589 καὶ
3536 3502 3633 3537 κα-

355 3619 504 3673 cato,
522 3609 721 3679 quippe
747 3610 867 3663 sine
892 3608 1260 3674 mutilatioue,
1288 3620 1514 3660 manens
1536 3604 1757 3661 omnino
1788 3600 1930 3671 quod

355 3712 501 3766 erat,
549 3716 649 3755 nec
697 3717 727 3753 a
759 3700 979 3771 proprio
1018 3708 1161 3754 statu
1205 3698 1466 3754 deficiens
1496 3696 1719 3766 (statum
1753 3706 1933 3747 autem

357 3793 450 3848 hic
500 3808 607 3848 non
650 3792 887 3862 aliquam
940 3792 1259 3861 qualitatem
1316 3790 1699 3843 immaneutem
1756 3794 1935 3845 vocat.

358 3888 455 3941 sed
492 3885 798 3941 naturalem
840 3901 994 3940 suam
1029 3884 1462 3953 permanentiaui
1496 3892 1551 3936 et
1587 3878 1936 3936 Constitutio-

359 3980 509 4049 nem)
547 3980 630 4033 sui
665 3979 825 4033 nobis
863 3977 1200 4034 consortium
1234 3975 1478 4037 tradidit,
1511 3987 1612 4027 nec
1636 3987 1741 4026 non
1768 3971 1940 4026 virtu-

362 4076 432 4127 tis
480 4074 801 4144 apostatica:
858 4075 1122 4128 adversus
1181 4086 1284 4125 nos
1336 4069 1624 4138 imperium
1692 4064 1940 4120 dissolvit

360 4168 549 4233 (quam
578 4174 634 4219 et
667 4164 1072 4219 multitudinem
1110 4179 1205 4218 seu
1237 4161 1451 4216 tui-bam
1473 4168 1649 4220 vocat,
1686 4174 1790 4211 non
1824 4172 1943 4211 om-

363 4256 495 4308 nino
538 4263 761 4325 propter
796 4269 1083 4308 numerum
1118 4295 1132 4318 ,
1197 4254 1289 4307 scd
1333 4252 1475 4319 quod
1515 4250 1583 4303 ab
1615 4248 1706 4300 illo
1759 4247 1940 4312 unico,

364 4346 566 4414 quique
597 4361 761 4416 supra
799 4362 963 4399 unum
999 4358 1083 4400 est
1111 4345 1242 4409 Deo,
1264 4360 1423 4411 quam
1457 4341 1822 4396 remotissime
1843 4339 1942 4393 de-

2036 3578 2339 3678 τάὸχεσινὴ
2363 3603 2462 3674 τὴν
2486 3597 2622 3670 πρὸς
2646 3594 2816 3664 αὐτὴν
2843 3592 2972 3661 ἡμῖν
2997 3583 3281 3678 κοινωνίαν
3298 3578 3633 3677 ἐδωρήσατο,

2042 3667 2430 3754 καὶσκατέλυσέ
2455 3692 2516 3745 τὸ
2532 3667 2663 3743 καθ’
2708 3683 2866 3756 ἡμῶν
2902 3680 3101 3751 κράτος
3126 3675 3226 3746 τῆς
3256 3667 3634 3735 ἀποστατικῆς

2039 3790 2322 3859 δυνάμεως
2367 3785 2453 3855 (ἢν
2494 3781 2589 3835 καὶ
2646 3776 2854 3848 πληθὺν
2896 3771 3065 3839 λέγει,
3111 3766 3172 3819 οὑ
3221 3762 3345 3819 κατ’
3403 3757 3632 3858 ἀριθμὸν

2041 3848 2258 3943 πάντως
2286 3848 2313 3942 ,7
2355 3848 2491 3930 ἀλλά
2533 3871 2621 3925 διὰ
2673 3869 2733 3922 τὸ
2791 3863 3096 3933 ἀποστῆναι
3139 3855 3483 3928 πορρωτάτω
3538 3848 3631 3902 τοῦ

2041 3973 2241 4026 ὲνιαίου
2279 3968 2373 4023 καὶ
2400 3966 2540 4035 ὑπὲρ
2577 3962 2638 4015 τὸ
2670 3961 2727 4013 ἓν
2749 3956 2931 4026 Θεοῦ),
2955 3955 3053 4008 οὐκ
3076 3953 3133 4004 ὲν
3159 3947 3304 4019 ίσχύῖ
3360 3946 3630 4015 θεότητος,

2044 4064 2159 4118 ἀλλ’
2197 4064 2254 4115 ὲν
2296 4059 2474 4130 κρίσει
2516 4056 2610 4109 καί¹
2638 4049 2969 4121 δικαιοσύνῃ.
3032 4045 3184 4098 Ἐπεὶ
3208 4042 3318 4112 γὰρ
3356 4040 3427 4093 δι’
3455 4039 3632 4130 ἀμαρ-

2043 4157 2163 4210 τίαν
2211 4126 2586 4223 παρεδόθημεν
2617 4143 2695 4214 τῷ
2729 4141 2967 4211 θανάτῳ,
3012 4135 3208 4208 εὑρέθη
3256 4131 3421 4193 αὐτὸς
3461 4132 3489 4181 ὀ
3528 4126 3633 4180 Κύ-

2052 4264 2163 4319 ριος
2186 4220 2592 4314 ἀναμάρτητος,
2623 4237 2717 4289 καὶ
2739 4232 2833 4287 τοῦ
2857 4231 3086 4285 θανάτου
3112 4224 3339 4285 δικαίως

2048 4307 2259 4410 γέγονε.
2297 4307 2411 4387 ὶςάι
2447 4307 2636 4401 ῶσπερ
2661 4326 2721 4392 ἐξ
2754 4326 2871 4388 ένὸς
2894 4320 2987 4375 τοῦ
3020 4317 3235 4390 πρώτου
3283 4312 3458 4410 Ἀδάμ
3478 4307 3631 4405 ἦλθεν

375 4397 398 4413 τ
445 4397 562 4414 vr-
598 4397 759 4416 "rw
1009 4397 1054 4400 ν-
1112 4397 1176 4399 κν
1230 4397 1294 4411 ι.

365 4438 580 4509 fecerit)
615 4455 723 4493 non
754 4441 807 4493 in
834 4438 1075 4508 potentia
1115 4437 1434 4500 divinitatis,
1469 4438 1560 4490 sed
1590 4436 1642 4490 in
1666 4433 1868 4503 judicio
1895 4443 1935 4487 el

2109 4397 2148 4484 ci
2190 4429 2395 4489 πάντας
2443 4424 2505 4477 τὸ
2551 4397 2832 4492 βλαϐερὸν,
2874 4413 3044 4475 οὕτως
3085 4410 3143 4476 ἐξ
3188 4407 3306 4470 ἑνὸς
3342 4403 3503 4456 πάλιν
3545 4397 3633 4499 τοῦ

365 4530 596 4601 inStitia.
639 4530 773 4587 Cum
817 4530 962 4584 enim
1005 4541 1227 4598 propter
1259 4538 1539 4596 peccatum
1574 4527 1730 4580 morti
1760 4525 1944 4579 traditi

366 4638 641 4685 essemus,
682 4623 940 4676 iuventus
976 4631 1059 4676 est
1100 4622 1215 4689 ipse
1252 4620 1509 4675 Dominus
1551 4617 1945 4687 impeccabilis,

367 4722 535 4783 atque
570 4716 694 4783 jure
732 4716 931 4769 merito
973 4728 1147 4767 morte
1188 4714 1439 4781 superior
1462 4711 1656 4767 evasit.
1696 4709 1764 4762 Et
1808 4709 1950 4762 sicut

370 4809 439 4862 ab
470 4823 578 4862 uno
600 4808 775 4876 primo
804 4809 1012 4862 Adamo
1046 4806 1109 4860 ad
1126 4821 1318 4861 omnes
1340 4821 1477 4858 noxa
1504 4803 1669 4866 venit,
1700 4802 1953 4856 similiter

2053 4522 2306 4592 δευτέρου
2355 4491 2668 4586 ’Δδὰμ,τοῦ
2704 4510 2954 4581 Σωτῆρος
2979 4503 3136 4576 ἡμῶν
3174 4496 3349 4592 Ἰησοῦ
3380 4491 3636 4592 Χριστοῦ,

2056 4617 2148 4669 έπ)⁸
2170 4587 2373 4674 πάντας
2390 4608 2539 4677 διέϐη
2560 4606 2620 4659 τὸ
2650 4604 2930 4673 σωτήριον.
2967 4592 3241 4649 Ἐντεῦθεν
3260 4590 3356 4642 καὶ
3382 4588 3482 4658 τὴν
3501 4587 3636 4654 ἠμε-

2054 4708 2220 4778 τέραν
2246 4699 2609 4774 μετεσκεύασε
2646 4695 2827 4764 φύσιν,
2863 4690 2923 4744 τὸ
2944 4686 3192 4758 ἀλαμπὲς
3219 4680 3507 4751 ἐμπλήσας

2056 4765 2167 4863 τὸς,
2196 4765 2257 4850 τὸ
2301 4794 2533 4848 ἀνείδεον
2580 4789 2675 4844 καὶ
2714 4783 2943 4845 ἀκαλλὲς
2979 4779 3261 4850 κοσμήσας
3300 4770 3495 4863 τὸτῆς
3537 4765 3640 4862 Qu:

370 4916 439 4954 ex
466 4915 572 4955 uno
589 4915 805 4970 quoque
827 4900 1067 4955 secundo
1088 4899 1283 4961 Adam,
1310 4897 1590 4951 Salvatore
1618 4903 1800 4948 nostro
1825 4892 1935 4947 JeSt

2109 4893 2164 4961 ἧς
2196 4889 2511 4959 οἰκητήριον
2545 4882 2702 4951 σῶμα
2722 4921 2735 4944 ,
2766 4878 2977 4936 πάντως
3005 4865 3282 4942 μολυσμοῦ
3319 4862 3639 4970 φθοροποιρυ

375 4947 439 4954 π
467 4947 569 4955 —---
593 4947 803 4970 τ---ι--τ
828 4947 1062 4955 una"
1391 4947 1488 4949 ηρ
1665 4947 1675 4948 κ

374 4992 616 5053 Christo.
655 4994 722 5045 ad
774 5007 966 5045 omnes
996 4991 1143 5045 salus
1186 4988 1423 5044 transiit.
1465 4987 1602 5041 Hinc
1628 4994 1934 5038 etnaturau

2109 4947 2459 5050 ιευθερῶσας”
2504 4975 2598 5027 καὶ
2629 4947 2831 5034 ἔδειξεν
2868 4968 2995 5037 ἡμῖν
3036 4960 3154 5015 ὁδὸν
3176 4952 3471 5023 ἀναγωγῆς
3509 4947 3640 5018 πρὸς

377 5092 617 5137 nostram
653 5084 977 5147 immutavit,
1019 5082 1071 5135 id
1097 5082 1239 5149 quod
1274 5080 1567 5135 obscurum
1598 5086 1717 5131 erat
1753 5074 1935 5128 lumini

2109 5076 2243 5137 ὒτὸν,
2272 5072 2410 5126 κατά
2440 5069 2536 5140 τὴν
2559 5068 2633 5129 ὡς
2663 5062 2882 5117 δυνατὸν
2907 5057 3262 5127 ἀφομοίωσιν.

377 5175 701 5244 adimplens,
735 5185 789 5230 et
830 5176 973 5244 quod
1022 5174 1253 5228 informe
1284 5183 1449 5243 atque
1500 5173 1815 5226 indecorum
1848 5174 1966 5220 erat.
1997 5181 2198 5220 ornans
2228 5207 2243 5232 ,
2286 5175 2448 5233 atque
2489 5175 2688 5228 corpus
2742 5157 2938 5209 animze
2982 5148 3320 5203 domicilium
3378 5142 3447 5195 ab
3492 5139 3639 5192 Omni

379 5268 642 5336 spurcitia
714 5277 1101 5335 corrumpente
1164 5239 1457 5331 liberans;
1522 5264 1680 5319 nobis
1739 5277 1955 5331 quoque
1992 5261 2132 5314 viam
2192 5272 2310 5326 quae
2337 5258 2403 5310 ad
2446 5256 2624 5324 ipsum
2666 5250 2817 5305 ducit
2848 5245 3108 5305 ostendit,
3155 5239 3457 5294 secundum
3520 5246 3641 5284 eam

382 5375 506 5429 qua:
543 5359 818 5428 possibilis
844 5368 926 5413 est
953 5356 1072 5426 ejus
1110 5358 1581 5412 assimilatiouem.

457 5450 489 5519 ᾗ
525 5450 643 5507 XII.
677 5450 944 5504 Caeterum
976 5451 1251 5519 quomodo
1277 5451 1437 5503 aliter
1469 5450 1650 5503 divina
1674 5449 1778 5504 ista
1829 5445 1958 5501 imi-

386 5543 525 5594 tatio
569 5542 745 5606 fieret,
784 5542 887 5596 nisi
946 5542 1218 5597 innovatis
1251 5556 1468 5610 semper
1493 5539 1796 5594 istiusmodi
1828 5552 1956 5592 san-

389 5634 493 5688 ctis
532 5634 932 5688 sacramentis?
962 5633 1078 5689 Hoc
1107 5636 1276 5702 enim,
1303 5634 1498 5705 inquit,
1522 5633 1681 5702 facile
1705 5634 1757 5686 in
1788 5646 1955 5685 nteant

548 5721 569 5750 '
588 5719 720 5776 Gen.
756 5739 839 5792 ιιι,
872 5724 953 5783 l9.

2136 5439 2164 5512 §
2200 5437 2313 5494 XII.
2351 5435 2476 5498 Πῶς
2515 5431 2573 5486 δὲ
2607 5430 2779 5492 ἄλλως
2820 5425 3045 5497 ἔμελλεν
3079 5424 3113 5493 ὴ
3139 5415 3481 5512 θεομιμησίαῄ
3498 5413 3647 5482 γίνε-

2064 5532 2185 5586 σθαι
2206 5572 2221 5595 ,
2263 5530 2337 5602 μὴ
2369 5524 2773 5593 ὰνανεουμένων
2806 5518 2893 5572 ἀεὶ
2926 5515 3035 5571 τῶν
3068 5512 3326 5567 τοιούτων
3368 5506 3519 5579 ἱερῶν
3562 5521 3646 5556 τεο

2061 5623 2260 5689 λετῶν;
2315 5621 2489 5674 Τοῦτο
2536 5615 2642 5686 γὰρ
2699 5610 2932 5673 ποιεῖτε,
2977 5607 3163 5678 φησὶν,
3216 5604 3304 5667 είς
3352 5598 3460 5667 τὴν
3493 5595 3646 5665 ἐμὴν
