3728 6310
49 248 177 305 ιοε)

43 455 167 524 τῆς
227 455 505 525 μυστικῆς
538 454 703 524 εὐχῆς
740 453 1133 526 περιλαμϐάνει
1174 453 1203 505 ὁ
1248 453 1418 522 ἅγιος.
1481 452 1673 505 Ἔνθεν

46 546 83 597 ὁ
109 544 275 607 θεῖος
320 545 582 615 ίεράρχης
610 544 708 606 τὰς
732 543 825 597 τοῦ
857 543 1107 614 Σωτῆρος
1133 542 1290 613 ἡμῶν
1335 542 1509 613 Ἰησοῦ
1538 544 1674 613 Χρι-

53 634 206 687 στοῦ
238 635 503 704 προνοίας
542 634 809 705 ὑμνήσας,
846 632 912 696 ἃς
943 633 1158 704 εὐδοκία
1189 634 1400 703 Πατρὸς
1430 635 1486 685 ὲν
1503 633 1675 686 Πνεύ-

58 742 213 795 ματι
244 724 394 795 ἁγίῳ
437 724 738 787 ἐτελείωσε,
773 725 865 777 καὶ
887 725 1228 788 ἀνατατικοῖς
1254 723 1552 795 ὀφθαλμοῖς
1578 725 1677 797 τὴν

52 800 285 884 νοητὴν
319 813 555 886 θεωρίαν
576 814 938 881 ἐποπτεύσας,
972 815 1064 870 ἐπὶ
1097 815 1195 886 τὴν
1246 814 1576 885 συμϐολικὴν
1612 817 1678 868 ἱε-

60 905 377 977 ρουργίαν,
418 905 660 959 τουτέστι
688 908 779 960 τὸν
803 908 965 979 ἄρτον
998 908 1092 961 καὶ
1120 907 1181 959 τὸ
1219 908 1497 977 ποτήριον,
1521 907 1676 977 ἔρχε-

54 1010 184 1046 ται.
232 993 637 1064 Ἔξηγούμενος
680 994 735 1047 δὲ
766 994 883 1059 πῶς
929 997 1021 1049 καὶ
1064 995 1222 1048 τοῦτο
1264 995 1678 1068 θεοπαραδότως

61 1086 253 1145 ποιεῖ,
292 1085 458 1156 φησιν
492 1084 921 1155 ἀπολογούμενος
951 1088 1043 1140 καὶ
1071 1086 1313 1140 ἀναϐοῶν
1334 1088 1470 1162 πρὸς
1497 1088 1676 1149 αὐτὸν,

60 1175 169 1237 τὸ,
229 1174 320 1227 Σὺ
369 1174 477 1246 γὰρ
515 1175 688 1241 εἶπας
715 1192 728 1204 ·
784 1176 962 1229 Τοῦτο
994 1176 1212 1230 ποιεῖτε
1248 1180 1335 1242 είς
1376 1178 1489 1244 τὴν
1528 1178 1681 1246 ἐμὴν

62 1264 460 1334 ἀνάμνησιν.
511 1264 663 1332 Εἶτα,
710 1269 938 1339 αίτήσας
985 1270 1133 1335 ἄξιος
1148 1271 1401 1338 γενέσθαι
1447 1272 1540 1324 καὶ
1583 1272 1680 1342 τῆς

64 1359 381 1424 κοινωνίας
429 1362 521 1414 καὶ
571 1362 672 1431 τῆς
736 1361 1097 1433 μεταδόσεως,
1151 1363 1243 1417 ὑπ’
1290 1362 1413 1436 ὄψιν
1451 1362 1572 1431 ἄγει
1615 1362 1683 1415 τὰ

67 1452 233 1521 ὺμνη
246 1453 409 1521 μένα,
448 1453 840 1507 ἀνακαλύπτων
882 1453 973 1507 τὸν
1022 1455 1324 1527 ἀδιαίρετον
1359 1456 1541 1527 ἄρτον,
1590 1456 1684 1509 καὶ

64 1544 156 1604 εἰς
188 1541 371 1595 πολλὰ
399 1544 641 1616 διαιρῶν.
686 1544 964 1599 Ἐντεῦθεν
997 1547 1090 1599 καὶ
1133 1547 1194 1600 τὸ
1227 1548 1425 1601 ἑνιαῖον
1460 1546 1553 1599 τοῦ
1589 1564 1685 1601 πο-

65 1634 308 1705 τηρίου,
365 1637 497 1688 πᾶσι
539 1636 895 1710 καταμερίζει
936 1639 1078 1693 κατά
1098 1656 1217 1692 τινα
1239 1639 1396 1708 λόγον
1424 1640 1684 1713 μυστικὸν

656 229 750 301 be
782 245 1064 304 seems.
1102 243 1501 306 lIlERABCll.,
1538 242 1703 297 car-
1733 241 1820 298 ιιι.
1846 240 2277 298 -Ρλιιςλρυιι
2316 237 2780 297 ριιοιιγιιειιέε.

43 359 465 431 ἀνάμνησιν.
488 362 627 432 Ὅρα
652 360 730 425 δὲ,
761 362 842 415 ὅτι
874 362 932 415 ὲν
956 359 1167 424 τούτοις
1197 359 1373 413 πάντα
1416 359 1506 412 τὸν
1552 358 1675 411 νοῦν

1851 356 2320 408 mmemoralionem
2368 366 2415 408 ι.

3253 246 3355 301 Πῦ

2510 353 2749 411 Observa
2837 370 2968 411 vero
3048 359 3190 425 quod
3270 360 3357 413 hic

1778 456 2000 500 sanctus
2064 454 2296 500 mentem
2345 460 2560 502 omnem
2623 450 2845 517 mystica
2900 463 3061 517 prece
3115 464 3356 518 compre-

1778 536 2003 591 hendat.
2074 537 2276 591 Deinde
2310 537 2522 592 divinus
2568 540 2851 593 hierarcba
2906 540 3219 595 Salvatoris.
3269 556 3359 593 no-

1779 628 1874 681 stri
1928 626 2054 681 Jesu
2107 628 2305 681 Christi
2365 628 2732 697 providentias
2783 631 3097 686 collaudans
3147 670 3163 697 ,
3214 646 3367 700 quas

1777 721 1959 776 Patris
1986 710 2327 788 beneplacito
2361 720 2412 773 in
2452 719 2656 791 Spiritu
2691 734 2879 777 sancto
2925 725 3362 791 consummavit,

1779 812 1941 882 213
1981 820 2037 866 et
2090 811 2312 866 intentis
2359 811 2531 866 oculis
2576 812 2875 882 spiritalem
2922 815 3194 868 contuitus
3225 828 3369 868 con-.

1782 904 2218 973 templationem,
2255 905 2321 957 ad
2383 919 2663 959 sacrorum
2722 905 3090 977 symbolorum
3124 948 3139 969 ,
3202 906 3357 975 panis

1780 998 1992 1054 scilicet
2021 1005 2074 1051 ct
2114 997 2328 1061 ealicis,
2371 1000 2841 1053 consecratiOuem
2879 998 3141 1065 procedit.
3179 997 3358 1067 Expli-

1781 1108 1916 1147 cans
1969 1106 2096 1146 vero
2151 1093 2424 1161 quomodo
2481 1102 2536 1147 et
2585 1093 2687 1148 hoc
2734 1109 2798 1147 ex
2842 1093 3023 1146 divina
3066 1092 3369 1148 traditione

1785 1183 1970 1248 faciat,
2003 1199 2062 1239 se
2096 1186 2373 1253 purgando
2410 1193 2463 1239 et
2496 1184 2560 1238 ad
2600 1185 2772 1253 ipsum
2805 1185 3193 1251 exclamando,
3222 1186 3296 1240 ait
3339 1204 3352 1238 :

1786 1274 1864 1328 Tu
1894 1276 2039 1329 enim
2072 1275 2260 1329 dixiin
2286 1291 2305 1329 :
2347 1275 2462 1329 Hoc
2502 1278 2662 1345 facile
2692 1278 2745 1330 in
2773 1294 2941 1331 meam
2978 1294 3357 1332 commentare-

1786 1370 1999 1422 tionem.
2053 1365 2338 1425 Postulans
2387 1369 2588 1425 deinde
2610 1385 2732 1423 cum
2797 1377 3187 1427 communione
3245 1380 3357 1426 tum

1786 1461 1903 1531 ejus
1964 1459 2349 1515 distributione
2410 1461 2603 1531 dignus
2670 1462 2849 1529 ellici,
2920 1464 3018 1518 sub
3079 1472 3357 1533 aspectum

1788 1552 1940 1606 ducit
1969 1568 2031 1605 ea
2075 1568 2194 1624 qua:
2226 1553 2552 1618 celebravit,
2587 1555 2836 1609 revelans
2876 1554 3022 1608 illum
3057 1570 3246 1619 panem
3276 1555 3360 1608 in-

1789 1646 2021 1699 divisnm
2047 1686 2062 1710 ,
2108 1654 2160 1700 et
2195 1646 2246 1698 in
2293 1646 2462 1701 multa
2495 1646 2854 1703 distribuens.
2906 1645 3116 1701 Exinde
3147 1660 3365 1715 quoque

69 1724 175 1777 καὶ
204 1725 347 1778 αὐτὸ
370 1725 519 1779 ποιοῦ
530 1743 685 1798 μενος
702 1745 715 1756 ·
752 1728 813 1780 τὸ
832 1727 940 1800 γὰρ
973 1728 1030 1783 ἓν
1064 1729 1158 1783 καὶ
1182 1728 1388 1785 ἁπλοῦν
1410 1728 1503 1783 τοῦ
1528 1728 1675 1801 θεαρ-

1851 1738 2114 1809 tgularem
2159 1738 2310 1793 illum
2368 1740 2596 1795 calicem
2632 1740 2885 1793 omnibus
2928 1739 3222 1804 distribuit,
3268 1754 3357 1793 se-

69 1819 396 1887 χικωτάτου
432 1819 606 1887 Λόγου
634 1820 771 1890 πρὸς
798 1820 858 1873 τὸ
895 1821 1148 1875 σύνθετον
1178 1823 1272 1875 καὶ
1305 1822 1497 1893 ὁρατὸν
1523 1822 1681 1876 ἀναλ-

71 1910 328 1975 λοιώτως
382 1911 522 1965 κατὰ
578 1913 676 1983 τὴν
733 1914 1142 1991 ἐνανθρώπησιν
1196 1915 1559 1988 προελήλυθε,
1613 1917 1682 1971 τὰ

73 2004 208 2056 καθ’
266 2006 416 2077 ἡμᾶς
454 2005 687 2059 ταπεινά
729 2009 842 2070 τοῖς
896 2006 1190 2073 θειοτάτοις
1240 2008 1403 2062 αὑτοῦ
1451 2008 1677 2075 ἑνώσας.

73 2095 247 2148 Οῦτω
289 2096 401 2170 γὰρ
428 2098 691 2169 ὲνούμεθα
720 2100 816 2153 καὶ
850 2103 1010 2171 ἡμεῖς
1042 2102 1210 2175 αὐτῷ,
1240 2103 1399 2176 είπερ
1432 2104 1506 2168 ὡς
1542 2105 1676 2178 μέλη

78 2189 496 2263 σηναρμολογού
507 2191 644 2261 μεθα
668 2193 807 2245 κατὰ
832 2193 891 2246 τὸ
918 2196 1113 2248 ταύτὸν
1143 2195 1242 2266 τῆς
1265 2196 1544 2270 ἁλωϐήτου
1588 2200 1680 2252 καὶ

78 2282 379 2352 μακαρίας
412 2280 557 2355 ζωῆς
577 2301 590 2314 ο
621 2285 711 2338 καὶ
752 2285 1111 2359 μὴπάθοιμεν
1135 2289 1272 2360 ὅπερ
1302 2290 1491 2362 νεκρὸν
1516 2291 1679 2364 μέρος

80 2373 368 2445 σώματος,
389 2377 523 2450 πρὸς
535 2376 643 2441 ζῶν
662 2378 1057 2451 συντιθέμενον.
1088 2381 1173 2445 Ὠς
1193 2381 1300 2454 γὰρ
1316 2383 1490 2439 ἐκεῖνο
1510 2384 1678 2455 ἀνάρ-

82 2484 292 2535 μοστον
324 2469 500 2541 πάντη
548 2471 641 2527 καὶ
695 2472 985 2545 ἁκόλλητον
1019 2475 1111 2528 καὶ
1162 2474 1407 2539 ὰσύζωον
1446 2477 1676 2547 γίνεται,

78 2557 232 2617 οὕτω
260 2560 357 2616 καὶ
391 2563 576 2631 ἡμεῖς,
611 2562 770 2636 εἴπερ
800 2565 941 2619 οὕτω
981 2566 1190 2638 νεκρῶς
1215 2566 1430 2643 ἔχομεν,
1467 2569 1526 2620 ού
1562 2587 1679 2625 συν-

79 2650 659 2725 αρμολογηθησόμεθα
691 2654 769 2727 τῷ
809 2657 971 2721 ζῶντι
1010 2658 1232 2728 Χριστῷ
1276 2659 1493 2713 πώποτε
1517 2678 1529 2690 σ
1572 2660 1678 2733 χρὴ

81 2741 219 2813 γὰρ,
251 2744 299 2800 εί
344 2744 441 2816 τῆς
481 2745 763 2809 κοινωνίας
795 2747 1077 2821 ἐφιέμεθα,
1104 2750 1183 2813 είς
1209 2749 1308 2821 τὴν
1338 2749 1500 2803 αὐτοῦ
1534 2751 1675 2805 θειο-

81 2837 264 2908 τάτην
302 2837 448 2915 ζωὴν
484 2839 912 2906 ἀποσκοπεῦσαι,
957 2841 1051 2895 καὶ
1081 2842 1222 2895 οὕτω
1241 2846 1307 2918 τῇ
1346 2844 1482 2916 πρὸς
1510 2846 1676 2918 αὐτὴν

82 2928 427 2998 ἀφομοιώσει
453 2931 532 2994 είς
556 2930 654 3002 τὴν
694 2931 902 3002 θεοειδῆ
924 2931 1036 3001 ἕξιν
1065 2933 1413 3005 ἀναδραμεῖν,
1447 2934 1677 3004 ἐναρμο-

83 3021 217 3082 vim;
256 3019 591 3094 δωρηθείσης
626 3025 759 3094 ἡμῖν
790 3023 888 3095 τῆς
916 3024 1051 3095 πρὸς
1067 3023 1127 3076 τὸ
1161 3025 1342 3095 ὅμοιον
1370 3026 1671 3090 κοινωνίας.

1783 1828 2019 1882 cundum
2070 1828 2291 1882 modum
2325 1832 2614 1899 quemdam
2657 1830 2946 1900 mysticum
2977 1829 3080 1885 hoc
3113 1828 3355 1897 faciens;

1783 1937 1915 1976 nam.
1947 1937 2112 1977 unum
2153 1931 2207 1977 et
2241 1921 2469 1991 simplex
2505 1920 2599 1975 Dei
2630 1921 2865 1976 Verbum
2891 1936 2988 1993 per
3032 1919 3359 1978 incarnatio-

1783 2028 1945 2078 nem,
1993 2013 2047 2069 in
2099 2013 2552 2083 compositionem
2598 2013 2758 2066 simul
2806 2022 2860 2067 et
2912 2022 3194 2085 aspectum
3243 2011 3361 2071 sine

1782 2105 1889 2161 ulla
1927 2107 2012 2162 sui
2064 2107 2446 2162 immutatione
2491 2106 2783 2176 processit,
2834 2105 3062 2160 humilia
3108 2104 3224 2159 hanc
3256 2118 3354 2159 no-

1782 2206 1896 2253 stra
1927 2214 2050 2253 cum
2082 2199 2459 2254 divinissimis
2490 2198 2604 2253 suis
2636 2196 2829 2266 uuiens
2862 2195 3225 2254 excellentiis.
3265 2194 3357 2252 Sic

1781 2294 1926 2348 enim
1962 2304 2016 2349 et
2053 2308 2165 2349 nos.
2188 2294 2288 2363 ipsi
2322 2295 2566 2360 unimur,
2610 2296 2652 2350 si
2701 2303 2959 2364 tanquam
2993 2291 3231 2345 membra
3280 2289 3357 2344 illi

1781 2390 2086 2444 secundum
2123 2389 2490 2444 immaculata:
2533 2402 2598 2442 ac
2641 2388 2814 2442 beata:
2846 2386 2967 2439 vita:
3016 2382 3357 2439 identitatem

1782 2496 2143 2552 congruamus
2171 2501 2183 2538 :
2221 2498 2287 2538 ne
2318 2482 2457 2537 idem
2485 2481 2643 2538 nobis
2670 2479 2904 2544 accidat,
2936 2477 3080 2547 quod
3113 2474 3361 2529 membro

1781 2581 1997 2626 mortuo
2020 2573 2145 2628 vivo
2173 2574 2389 2641 corpori
2421 2574 2689 2643 apposito.
2718 2570 3187 2642 Quemadmodqu
3212 2567 3359 2629 enim

1781 2661 1912 2715 illud
1970 2662 2328 2734 incongruum
2374 2662 2602 2717 omnino
2655 2664 2989 2731 minimeque
3052 2659 3355 2718 cohaerens.

1778 2753 2011 2821 vitaeque
2050 2768 2246 2823 expers
2275 2754 2522 2820 exsistit;
2555 2754 2635 2810 sic
2661 2763 2718 2809 et
2763 2768 2883 2821 nos,
2942 2752 2989 2807 si
3028 2752 3104 2806 ita
3154 2744 3357 2803 mortui

1780 2845 2063 2910 fuerimus,
2125 2861 2399 2917 nunquam
2453 2847 2576 2901 vivo
2630 2845 2852 2902 Christo
2909 2855 3282 2917 congrncmus
3338 2854 3365 2894 ευ

1777 2945 2005 3008 Oportet,
2025 2938 2169 2993 enim
2196 2939 2377 3002 nos,si
2408 2939 2846 2995 communionem
2872 2937 2988 3005 ejus
3012 2941 3371 3006 appetamus,

1779 3028 1845 3080 ad
1892 3028 2284 3084 divinissimam
2333 3029 2451 3099 ejus
2491 3032 2658 3084 vitam
2706 3028 3010 3091 eollimare,
3061 3036 3115 3081 ct
3154 3025 3235 3079 sic
3261 3036 3360 3093 per

86 3114 211 3181 ejus
269 3115 716 3173 assimilatiunem
769 3117 837 3172 ad
875 3116 1192 3174 deiformem
1249 3128 1450 3173 statum
1490 3125 1838 3190 contendere,
1905 3132 2064 3189 prout
2107 3123 2264 3179 nobis
2325 3124 2597 3194 congruit,
2639 3122 2997 3177 similitudine
3032 3119 3150 3189 ejus
3203 3113 3368 3170 nobis

88 3210 524 3268 rommunicata.

160 3300 362 3372 §Xlll.
398 3303 582 3357 Ταῦτα
636 3304 725 3358 διὰ
779 3305 889 3359 τῶν
941 3306 1281 3377 τελουμένων
1326 3310 1353 3361 ὁ
1409 3308 1668 3381 ίεράρχης

1851 3303 1870 3375 ᾗ
1910 3301 2042 3357 XIH.
2101 3299 2224 3356 Haec
2277 3299 2518 3370 pontifex
2573 3313 2672 3367 per
2721 3312 2783 3353 ea
2832 3312 2952 3367 quze
2996 3298 3349 3355 celebrantur

87 3394 370 3465 ἐμφαίνει,
399 3394 794 3452 ἀνακαλύπτων
828 3399 921 3452 καὶ
952 3398 1194 3471 διαιρῶν,
1223 3402 1317 3454 καὶ
1349 3400 1447 3469 τῆς
1482 3418 1672 3453 κοινω-

88 3485 209 3547 νίας
259 3484 607 3557 μεταδιδούς·
644 3487 1029 3559 ἀναζωγραφεῖ
1072 3490 1183 3562 γὰρ
1227 3490 1285 3543 ὲν
1327 3492 1439 3554 τοῖς
1475 3490 1676 3560 συμϐό-

90 3576 203 3639 λιοις
241 3574 514 3647 αἰσθητῶς
553 3577 651 3648 τὴν
686 3578 881 3650 νοητὴν
925 3580 1081 3651 ἡμῶν
1125 3579 1290 3653 ζωὴν,
1340 3581 1431 3634 τὸν
1473 3581 1675 3653 Κύριον

92 3667 250 3738 ἡμῶν
298 3667 507 3740 Ἰησοῦν
540 3670 792 3741 Χριστὸν,
838 3672 903 3725 ὲκ
931 3672 1027 3725 τοῦ
1079 3672 1221 3727 κατά
1269 3674 1330 3727 τὸ
1360 3674 1501 3727 θεῖον
1545 3692 1676 3746 κρυ-

95 3762 242 3830 φίου,
288 3761 530 3832 δηλονότι
582 3765 681 3835 τῆς
732 3765 1109 3838 ἀμεταϐλήτου
1164 3767 1439 3839 θεότητος,
1488 3770 1550 3822 ὲν
1607 3771 1673 3840 τῇ

97 3852 351 3909 παντελεῖ
382 3855 478 3909 καὶ
517 3855 743 3928 ἀληθινῇ
794 3857 889 3910 καὶ
925 3857 1108 3930 τελείᾳ
1156 3859 1450 3931 σαρκώσει,
1480 3861 1544 3914 ὲκ
1575 3860 1675 3930 τῆς

95 3947 371 4018 ἡμετέρας
404 3947 617 4017 φύσεως
672 3950 1097 4022 είδοποιηθέντα,
1133 3954 1226 4006 καὶ
1262 3954 1397 4025 πρὸς
1444 3952 1542 4024 τὴν
1580 3971 1677 4024 με-

101 4037 284 4109 ριστὴν
328 4038 405 4103 ὼς
450 4039 639 4111 ὑλικὴν
678 4040 837 4112 ἡμῶν
870 4041 1030 4111 φύσιν
1075 4042 1449 4107 ἀναλλοιώτως
1482 4044 1546 4097 ὲκ
1580 4041 1673 4097 τοῦ

98 4129 239 4184 κατά
281 4130 442 4200 φύσιν
489 4132 625 4196 ἑνὸς,
676 4132 820 4186 τοῦτ’
874 4133 988 4186 ἔστι
1032 4134 1133 4204 τῆς
1182 4134 1345 4191 αὑτοῦ
1402 4134 1673 4204 θεότητος,

99 4221 446 4294 προελθόντα,
480 4226 573 4277 καὶ
595 4226 674 4286 είς
706 4224 994 4296 μετουσίαν
1014 4226 1125 4279 τῶν
1150 4226 1368 4295 ἀγαθῶν
1385 4227 1550 4281 αὐτοῦ
1573 4226 1676 4299 τὴν

97 4318 441 4390 ἀνθρωπίνην
475 4320 744 4373 καλοῦντα
776 4320 1157 4391 ταπεινότητα,
1194 4321 1351 4393 εἴπερ
1383 4324 1476 4375 καὶ
1516 4323 1675 4392 ἡμεῖς

98 4413 389 4483 ἐπιτήδειοι
428 4413 750 4485 φαινοίμεθα
799 4414 937 4486 πρὸς
973 4414 1071 4485 τὴν
1099 4413 1241 4467 κατά
1272 4414 1500 4484 δύναμιν
1545 4415 1675 4483 ἀφο-

105 4504 340 4572 μοίωσιν.

168 4594 193 4666 §
230 4593 366 4651 XIV.
424 4594 697 4649 Ἐντεῦθεν
737 4596 1019 4667 μετασχὼν
1051 4597 1079 4651 6
1115 4596 1394 4669 ίεράρχης,
1437 4598 1531 4651 καὶ
1582 4614 1675 4667 με.

100 4687 307 4750 ταδοὺς,
342 4687 424 4749 εἰς
458 4687 807 4759 εὐχαριστίαν
848 4688 1166 4759 καταλήγει.
1215 4689 1440 4761 Πρῶτον
1470 4690 1527 4743 δὲ
1582 4705 1676 4759 με·

102 4779 448 4850 ταλαμϐἀνει,
488 4781 580 4833 καὶ
613 4781 752 4834 οὕτω
799 4782 1147 4852 μεταδίδωσιν
1170 4799 1183 4813 ο
1220 4784 1301 4835 ὃτι
1333 4783 1415 4835 δεῖ
1460 4782 1677 4853 πρῶτον

104 4879 156 4928 ὲν
185 4875 441 4948 μετουσίᾳ
474 4876 725 4943 γενέσθαι
770 4879 863 4931 καὶ
886 4876 1271 4949 ἀποπληρώσει
1297 4877 1406 4930 τῶν
1432 4877 1672 4947 ἀγαθῶν,

104 4970 189 5022 καὶ
221 4965 320 5021 εἷθ’
352 4966 495 5020 οὕτω
530 4968 864 5039 μεταδιδόναι
887 4987 902 5001 ’
934 4970 1149 5041 πρῶτον
1191 4971 1543 5042 φωτισθῆναι,
1583 4972 1675 5024 καὶ

105 5060 236 5112 οὕτω
258 5055 514 5129 φωτίσαι.
534 5059 622 5112 Διὸ
645 5059 908 5113 καὶτοῦτο
924 5060 986 5130 δὴ
1011 5058 1368 5132 ποριζόμεθα,
1385 5062 1465 5115 ὅτι
1489 5061 1673 5126 κακῶς

107 5154 341 5207 ποιοῦσιν
386 5154 601 5217 οἵτινες,
631 5154 870 5207 διδακτοὶ
913 5154 986 5225 μὴ
1020 5154 1170 5217 ὄντες
1204 5153 1360 5218 Θεοῦ,
1404 5153 1675 5207 διδάσκειν

104 5246 481 5318 ἐπιχειροῦσιν.
523 5248 611 5311 Ὠς
643 5247 751 5318 γάρ
777 5247 868 5299 ἐπὶ
901 5247 1013 5299 τῶν
1045 5246 1282 5318 ἡλιακῶν
1316 5246 1548 5299 ἀκτίνων
1583 5248 1677 5299 καὶ

106 5342 206 5394 τῶι
232 5340 401 5395 ύέλων
424 5340 558 5412 ἔχει,
583 5343 663 5395 ὅτι
699 5342 913 5409 πρῶτον
945 5343 1005 5395 τὸ
1030 5342 1143 5411 φῶς
1164 5342 1406 5411 δέχονται
1431 5343 1478 5392 οἱ
1508 5339 1674 5401 ῦελοι,

108 5435 138 5503 ἢ
162 5434 218 5487 τὸ
249 5434 437 5506 κέρας,
463 5433 496 5505 ἢ
522 5434 646 5488 ἄλλο
677 5453 729 5488 τι
754 5436 861 5489 τῶν
892 5434 1189 5503 διαψανῶν,
1213 5436 1305 5487 καὶ
1328 5431 1425 5487 εἷθ’
1451 5432 1593 5489 οὕτω
1616 5434 1676 5485 τὸ

112 5528 217 5595 φῶς
248 5526 381 5599 πρὸς
415 5527 484 5581 τά
517 5526 647 5583 ἄλλα
686 5528 1096 5599 ἑποχετεύουσιν
1116 5545 1128 5559 ·
1160 5528 1302 5581 οὕτω
1339 5526 1432 5581 καὶ
1464 5527 1553 5579 ἐπὶ
1578 5526 1671 5579 τοῦ

183 5704 204 5731 ι
234 5688 359 5745 Luc.
399 5700 534 5752 nti,
572 5688 656 5744 l9.

1780 3395 2038 3457 insinuat,
2082 3394 2207 3449 dum
2259 3392 2448 3447 eadem
2498 3391 2726 3456 revelat,
2770 3398 2826 3446 et
2854 3390 3068 3455 dividit,
3102 3399 3157 3445 et
3201 3407 3354 3446 com-

1781 3486 2089 3541 tnunioncm
2121 3484 2425 3549 distribuit;
2461 3483 2790 3538 scnsibiliter
2821 3483 2965 3537 enim
2996 3482 3050 3536 in
3089 3482 3353 3554 symbolis

1779 3580 1842 3651 ad
1874 3578 2052 3634 vivum
2095 3576 2350 3649 exprimit
2381 3575 2544 3629 vitam
2589 3584 2829 3629 nostram
2878 3572 3212 3645 Spiritalem,
3254 3575 3359 3631 Do-

1781 3672 1984 3725 minum
2034 3680 2278 3725 nostrum
2329 3668 2514 3723 Jesum
2561 3666 2875 3734 Christum,
2924 3680 2991 3722 ex
3049 3667 3231 3721 abdito
3264 3667 3356 3721 illo

1780 3763 1982 3824 divino.
2005 3763 2215 3817 scilicet
2264 3760 2616 3816 immutabilis
2647 3758 2966 3822 divinitatis,
3016 3760 3353 3821 onmimoda,

1780 3869 2013 3924 veraque
2049 3863 2102 3909 et
2134 3853 2373 3925 perfecta
2404 3854 2778 3908 incarnatione
2819 3866 2886 3905 ex
2929 3860 3114 3907 nostra
3154 3859 3359 3909 natura.

1780 3946 2156 4013 eﬂ‘urmatum,
2197 3955 2254 4001 et
2300 3944 2368 3999 ad
2407 3944 2701 4007 dividuam,
2736 3945 2947 3999 scilicet
3004 3943 3353 3997 materiatam

1782 4047 2027 4092 nostram
2063 4046 2310 4091 naturam
2336 4076 2352 4101 ,
2400 4035 2720 4091 immutabili
2756 4034 2968 4088 ratione
3002 4047 3072 4087 ex
3109 4045 3176 4087 eo
3211 4035 3355 4102 quod

1780 4145 1866 4188 est
1898 4142 2093 4187 natura
2113 4145 2213 4185 sua
2237 4145 2427 4196 unum,
2459 4129 2510 4183 id
2539 4138 2625 4183 est
2651 4128 2883 4198 ipsamet
2914 4126 3201 4182 divinitate
3230 4140 3355 4193 pro-

1782 4225 2061 4291 deuntem,
2086 4232 2140 4278 et
2182 4222 2472 4277 humanam
2497 4228 2739 4274 nostram
2770 4216 3130 4274 humilitatem
3159 4216 3226 4270 ad
3259 4215 3359 4269 boo

1780 4330 1973 4370 norum
2015 4329 2236 4369 suorum
2267 4310 2741 4381 participationem
2784 4308 3146 4373 invitantem,
3193 4307 3347 4361 dum-

1781 4407 1940 4462 modo
1980 4416 2035 4462 et
2080 4420 2178 4459 nos
2229 4418 2334 4456 nou
2367 4401 2531 4470 inepti
2566 4401 2848 4456 videamur
2886 4400 2953 4456 ad
2984 4399 3104 4470 ejus
3131 4437 3145 4462 ,
3173 4396 3354 4467 quoad

1781 4502 1897 4559 ﬁeri
1930 4509 2124 4570 potest,
2158 4497 2590 4565 similitudinem.

1851 4594 1883 4664 ς
1915 4591 2049 4646 XIV.
2082 4590 2379 4645 Hierarclta
2407 4589 2605 4643 deinde
2638 4588 3068 4655 communicans,
3112 4600 3358 4640 commu-

1707 4682 1754 4741 D
1782 4690 2111 4755 niunemque
2148 4684 2501 4746 distribuens,
2532 4682 2734 4737 desinit
2772 4684 2822 4735 iu
2853 4680 3147 4750 gratiarum
3182 4679 3362 4733 actim

1786 4793 1932 4832 nem.
1968 4777 2206 4831 Primum
2245 4786 2423 4829 autem
2462 4774 2580 4841 ipse
2623 4773 3008 4837 communicat,
3040 4781 3095 4825 et
3130 4773 3208 4826 sic
3240 4772 3357 4825 dis-

1787 4870 2003 4935 tribuit;
2049 4877 2266 4938 oportet
2301 4868 2447 4923 enim
2484 4867 2717 4938 primum
2758 4878 2881 4919 esse
2928 4865 3241 4934 participem
3290 4878 3358 4917 ac

1785 4967 2003 5036 plenum
2035 4966 2323 5029 bonorum,
2363 4977 2429 5018 ac
2476 4962 2672 5016 deinde
2704 4960 2785 5013 sic
2833 4958 3191 5020 distribuere;
3240 4957 3352 5025 pri-

1786 5077 1929 5115 nium
1988 5059 2318 5121 illuminari,
2369 5072 2432 5110 ac
2476 5056 2671 5110 deinde
2711 5054 3040 5107 illuminare.
3087 5050 3358 5118 Quocirca

1787 5149 1951 5222 215
1981 5164 2268 5205 censemus
2302 5147 2420 5200 illos
2452 5146 2590 5199 male
2614 5159 2799 5212 agere,
2833 5142 2921 5211 qui
2953 5156 3073 5195 cum
3108 5155 3213 5194 non
3245 5141 3364 5195 sint.

1785 5246 1927 5299 docti
1969 5259 1997 5296 a
2054 5242 2191 5305 Deo,
2246 5243 2443 5296 docere
2486 5248 2838 5309 praesumunt.
2888 5232 3363 5302 Quemadmodum

1785 5339 1928 5393 enim
1962 5338 2013 5391 iu
2048 5338 2318 5391 solarilms
2361 5334 2527 5405 radiis
2560 5348 2623 5387 ac
2661 5331 2814 5385 vitris
2854 5344 2913 5384 se
2943 5345 3030 5383 res
3069 5329 3249 5389 habet,
3294 5333 3356 5381 ut

1785 5436 1920 5488 vitra
1955 5448 2248 5496 cornuave,
2282 5430 2364 5485 vel
2394 5429 2511 5483 alite
2540 5440 2631 5481 res
2677 5434 3087 5493 transparentcs
3120 5422 3363 5489 primum

1785 5529 1965 5584 lumen
1999 5526 2281 5596 recipiant,
2310 5540 2371 5579 ac
2398 5522 2589 5579 deinde
2619 5522 2695 5575 sic
2734 5520 2914 5578 lumen
2947 5520 3011 5573 ad
3045 5517 3147 5570 alia
3186 5526 3356 5570 trans-
