3728 6300
82 278 212 339 I73

429 393 490 450 Il.
529 392 878 461 Μυστήριον
908 392 1155 460 τελετῆς
1184 394 1402 462 μύρου.

170 513 346 569 Κατά
370 511 462 565 τὸν
498 510 660 564 αὐτὸν
688 508 788 579 τῆς
816 508 1086 575 συνάξεως
1108 507 1327 580 τρόπον,
1366 509 1424 560 αἱ
1447 505 1557 561 τῶν
1583 509 1707 561 ἀτε-

86 605 360 658 λειιὶιτων
410 600 734 656 ἀπολύονται
779 599 982 666 τάξεις,
1027 597 1502 671 προηγησαμένων
1523 598 1566 631 ⁷⁸
1607 599 1704 671 δη-

87 697 247 768 λαδὴ
293 696 398 766 τῆς
437 712 495 748 τε
543 693 862 765 ίεραρχικῆς
901 693 994 744 ἐπὶ
1032 693 1142 749 πᾶν
1185 691 1246 743 τὸ
1283 690 1426 762 ἱερὸν
1471 690 1704 761 εὖόσμου

84 787 492 862 περιαγωγῆς,
526 788 621 844 καὶ
663 785 764 855 τῆς
796 782 1077 855 ψαλμικῆς
1120 782 1439 854 ίερολογίας,
1476 782 1570 836 καὶ
1603 781 1706 852 τῆς

81 883 212 936 τῶν
251 883 549 941 θειοτάτων
580 880 790 948 Λογίων
832 874 1208 946 ἀναγνώσεως.
1246 870 1376 928 Εἶτα
1419 873 1481 928 τὸ
1531 874 1704 946 μύρον

83 979 118 1029 ὁ
166 975 446 1047 ἰεράρχης
483 971 662 1026 λαϐὼν
701 970 973 1042 ἐπιτίθησι
1011 967 1089 1038 τῷ
1137 968 1266 1040 θείῳ
1310 966 1700 1038 θυσιαστηρίῳ,

83 1066 658 1138 περικεκαλυμμένον
704 1065 809 1118 ὑπὸ
855 1063 1176 1117 δυοκαίδεκα
1211 1062 1467 1132 πτέρυξιν
1504 1063 1699 1133 ίεραῖς,

84 1155 466 1210 ἀναϐοώντων
515 1157 769 1212 ἁπάντων
788 1157 834 1188 ⁷⁸
864 1154 1142 1228 ἁγιωτάτῃ
1170 1155 1320 1224 φωνῇ
1347 1152 1409 1205 τὸ
1432 1150 1576 1225 ἱερὸν
1600 1153 1703 1222 τῆς

82 1251 209 1304 τῶν
256 1249 570 1321 θεολήπτων
610 1248 904 1320 προφητῶν
929 1248 1212 1310 ἐπιπνοίας
1252 1245 1578 1317 μελῲδημαο
1607 1245 1701 1303 καὶ

82 1343 197 1412 τὴν
243 1341 336 1395 ἐπ’
378 1341 525 1412 αὐτῷ
571 1341 900 1412 τελουμένην
947 1339 1112 1413 εὐχὴν
1165 1335 1590 1408 ἀποπληρώσας,
1643 1338 1700 1389 ἐν

83 1437 225 1496 ταῖς
274 1435 614 1503 ἁγιωτάταις
649 1431 758 1485 τῶν
802 1431 1216 1504 ἀφιερωμένων
1260 1430 1504 1492 τελεταῖς
1550 1425 1700 1498 αὐτῷ

83 1528 308 1600 χρῆται
361 1529 496 1598 πρὸς
547 1529 727 1584 πᾶσαν
775 1528 958 1597 σχεδὸν
1006 1524 1326 1599 ίεραρχικὴν
1383 1525 1696 1596 τελεσιουρ-

81 1624 249 1693 γίαν.

722 1737 812 1792 ΙΙΙ.
849 1741 1085 1806 Θεωρία.

1188 276 1272 332 ΒΞ
1303 275 1587 343 ECCLES,
1623 275 2026 344 HIERARCH.,
2047 277 2202 336 CAP.
2242 281 2327 339 IV.

1735 397 1783 453 Δ

3284 284 3388 343 474

2019 393 2084 450 ll.
2118 393 2435 464 Mysterium
2458 396 2868 451 consecrationis
2901 401 3172 466 unguenti.

1878 509 2078 564 Eodem
2111 509 2272 563 modo
2301 523 2411 579 quo
2455 509 2507 564 in
2549 510 2766 580 synaxi,
2802 509 3043 579 fordines
3073 527 3260 566 eorum
3293 515 3384 583 qui

1808 600 1988 656 minus
2020 600 2246 670 perfecti
2295 610 2443 670 sunt,
2469 603 2857 669 excluduntur,
2888 604 3190 673 praemissis
3226 608 3384 661 vide-

1808 691 1957 754 licet,
2004 706 2160 748 sacra
2201 708 2297 762 per
2345 701 2516 748 totum
2563 694 2820 764 templum
2869 688 2992 751 cum
3042 699 3229 752 odoris
3277 699 3388 753 fra-

1805 786 2017 854 grantia
2051 786 2417 855 processioue,
2453 787 2898 858 psalmorumque
2927 805 3084 844 sacra
3139 791 3386 845 modula-

1808 873 1983 936 tione,
2033 883 2088 930 et
2134 875 2600 932 divinissimorum
2653 879 3008 950 Eloquiorum
3063 882 3381 952 promulga-

1807 965 1972 1020 tione.
2002 966 2210 1023 Deinde
2238 967 2480 1036 pontifex
2506 979 2730 1040 accepto
2758 981 3033 1040 unguento
3063 975 3217 1042 ponit
3250 974 3380 1028 illud

1803 1070 1965 1125 supra
2013 1057 2252 1112 divinum
2301 1058 2496 1124 altare,
2547 1059 2833 1116 duodecim
2870 1064 3043 1118 sacris
3073 1064 3174 1119 alis
3217 1065 3385 1119 obve-

1804 1147 1993 1218 latum,
2025 1151 2238 1207 cunctis
2267 1153 2611 1208 sanctissima
2645 1169 2776 1209 voce
2805 1157 3223 1212 concinentibus
3254 1158 3381 1211 illud

1802 1242 2062 1298 divinitus
2108 1245 2416 1303 aﬂlatorum
2475 1246 2863 1317 praphelarum
2904 1251 3180 1309 canticum
3233 1249 3384 1307 allia-

1803 1336 1986 1404 tionis,
2017 1337 2403 1408 completoque
2436 1351 2605 1410 super
2641 1357 2707 1395 eo
2738 1344 3145 1399 consecratoria
3191 1360 3384 1414 preca-

1803 1432 1970 1496 tione,
2007 1431 2059 1486 in
2091 1433 2465 1489 sanctissimis
2511 1436 2820 1507 quibusque
2856 1451 3037 1492 rerum
3084 1440 3381 1494 sacranda-

1799 1541 1919 1580 rmn
1968 1527 2476 1582 consecrationibus
2537 1531 2726 1584 eodem
2795 1531 2966 1584 utitur
3035 1532 3104 1585 ad
3152 1546 3368 1586 onmem

1798 1615 1972 1675 ferme
2001 1617 2393 1674 hierarchicam
2421 1620 2920 1674 consecrationem.

2232 1731 2398 1805 216
2430 1731 2516 1786 Ill.
2547 1730 2954 1801 Contemplatio.

1695 1888 1812 1964 §l.

175 2042 248 2094 Ἦ
285 2040 386 2112 μὲν
412 2035 506 2095 οὗν
520 2041 566 2073 ⁷³
604 2042 940 2115 είσαγωγικὴ
975 2043 1078 2114 τῆς
1112 2043 1462 2114 τελειωτικῆς
1495 2043 1699 2113 ταύτης
1735 2052 1775 2104 Β

82 2135 414 2206 ἱερουργίας
467 2134 725 2206 ἀναγωγὴ
765 2133 853 2189 διὰ
881 2135 992 2188 τῶν
1038 2136 1177 2190 κατά
1222 2138 1283 2190 τὸ
1328 2135 1469 2189 θεῖον
1520 2135 1690 2207 μύρον

83 2225 259 2297 ίερῶς
293 2225 589 2297 δρωμένων
623 2229 820 2291 ἐκεῖνο,
856 2224 1028 2300 οἶμαι,
1072 2229 1242 2301 δηλοῖ,
1286 2230 1348 2282 τὸ
1389 2245 1688 2300 περικεκαη

77 2320 297 2390 λύφθαι
336 2320 445 2373 τῶν
482 2320 644 2374 ὁσίων
689 2319 898 2393 ἀνδρῶν
922 2323 967 2353 ⁷⁸
991 2323 1051 2375 τὸ
1077 2323 1220 2376 κατά
1263 2321 1386 2377 νοῦν
1422 2322 1565 2392 ἱερὸν
1598 2321 1692 2374 καὶ

77 2413 293 2476 εὐῶδες
313 2429 326 2442 ·
357 2413 477 2483 ἥτις
499 2413 695 2477 ὲνθέως
726 2414 1072 2482 ὲγκελεύεται
1097 2417 1209 2478 τοῖς
1237 2415 1402 2486 ἱεροῖς
1438 2413 1688 2486 ἀνδράσι,

81 2505 165 2578 μὴ
185 2505 523 2574 φαινομένας
549 2505 691 2575 ἔχειν
712 2506 802 2558 ἐπὶ
820 2506 946 2579 δόξῃ
969 2510 1098 2578 κενῇ
1115 2507 1213 2572 τὰς
1237 2510 1356 2562 κατ’
1378 2509 1579 2581 ἀρετὴν
1593 2507 1689 2562 τοῦ

77 2597 329 2667 κρυφίου
399 2596 533 2650 Θεοῦ
606 2597 776 2660 καλὰς
843 2599 937 2652 καὶ
1008 2598 1228 2665 εὐώδεις
1298 2600 1686 2672 ἀφομοιώσεις.

82 2690 394 2761 ’Δχραντοι
426 2690 531 2759 γάρ
565 2691 700 2744 εἰσιν
736 2691 792 2744 αἱ
830 2689 922 2744 τοῦ
965 2689 1101 2746 Θεοῦ
1140 2693 1368 2765 κρύφιαι
1406 2694 1500 2747 καὶ
1549 2694 1691 2766 ὑπὲρ

76 2781 213 2836 νςῦν
249 2781 475 2849 εὐώδεις
529 2783 889 2858 εὐπρέπειαι,
941 2789 1035 2840 καὶ
1085 2788 1290 2859 νοητῶς
1336 2789 1689 2860 ἐμφαίνονται

85 2879 279 2948 μόνοις
295 2878 344 2909 ⁷⁸
378 2881 492 2942 τοῖς
525 2883 765 2950 νοεροῖς,
801 2881 1066 2951 ὁμοειδεῖς
1099 2879 1241 2950 ἔχειν
1281 2880 1560 2935 ἐθέλουσαι
1589 2881 1689 2944 τὰς

81 2972 211 3022 κατ’
265 2969 471 3042 ἀρετὴν
517 2973 574 3023 ἐν
619 2971 817 3042 ψυχαῖς
875 2973 1403 3046 ἀπαραφθάρτους⁷⁶
1449 2976 1685 3038 εἰκόνας.

82 3061 158 3112 Τὸ
200 3059 314 3132 γὰρ
340 3061 438 3132 τῆς
478 3061 744 3128 θεοειδοῦς
778 3064 980 3136 ἀρετῆς
1012 3065 1445 3136 ἀπαράγραπτον
1486 3061 1545 3118 εὖ
1593 3083 1689 3137 με·

85 3151 408 3222 μιμημένον
441 3153 483 3183 ⁷⁷
535 3152 788 3225 ἄγαλμα,
843 3154 979 3226 πρὸς
1021 3156 1197 3207 ἐκεῖνο
1244 3155 1305 3208 τὸ
1349 3156 1538 3228 νοητὸν
1594 3156 1688 3208 καὶ

81 3240 291 3303 εὐῶδες
333 3240 552 3312 ἀφορῶν
597 3243 810 3307 κάλλος,
837 3243 1008 3310 οὕτως
1035 3245 1194 3297 ἑαυτὸ
1233 3248 1395 3297 τυποῖ
1437 3246 1530 3297 καὶ
1574 3243 1688 3297 δια-

83 3322 320 3386 πλάττει
369 3334 504 3405 πρὸς
549 3334 610 3386 τὸ
655 3333 938 3388 κάλλιστον
983 3337 1227 3408 μίμημα.
1278 3338 1386 3389 Καὶ
1435 3337 1685 3410 καθάπερ

1879 2040 2106 2110 Ipsamet
2153 2043 2372 2112 quidem
2419 2041 2816 2097 iutroductoria
2862 2040 3176 2111 perfectivac
3219 2035 3384 2113 hujus

1795 2133 2228 2189 consecrationis
2261 2149 2504 2204 anagoge
2549 2149 2646 2203 per
2671 2149 2734 2188 ea
2768 2149 2889 2203 qua:
2917 2133 3103 2188 divino
3151 2133 3243 2188 illo
3275 2151 3379 2187 uu-

1794 2233 1995 2292 gnento
2052 2237 2468 2289 consecrantur,
2519 2232 2577 2278 ut
2630 2225 2862 2294 Opinor,
2913 2225 3189 2289 insinuat,
3245 2226 3378 2279 viris

1794 2313 2004 2370 sanctis
2045 2313 2408 2373 obvelandam
2441 2329 2564 2370 esse
2604 2315 2805 2370 mentis
2834 2315 3182 2370 sanctitatem
3215 2327 3380 2384 atque

1793 2409 2192 2478 fragrantiam;
2233 2427 2355 2466 cum
2396 2411 2661 2466 divinitus
2710 2409 2807 2466 viri
2844 2410 3020 2468 sancti
3060 2409 3378 2480 iubeantur,

1795 2520 1900 2558 non
1929 2505 1996 2559 ad
2046 2519 2243 2559 vanam
2275 2503 2501 2572 gloriam
2536 2516 2862 2574 apparentes
2895 2507 3082 2560 arcani
3130 2506 3219 2560 Dei
3262 2507 3379 2575 pul-

1794 2595 1954 2650 chras
1982 2611 2044 2650 ac
2076 2594 2388 2665 fragrantes
2425 2594 2628 2648 habere
2658 2595 3064 2650 similitudines.
3096 2595 3378 2666 Siquidem

1794 2703 1995 2741 arcana
2044 2686 2137 2740 Dei
2189 2687 2410 2752 decora,
2463 2701 2694 2755 quorum
2748 2689 2988 2745 suavitas
3043 2689 3380 2744 intellectum

1793 2790 2048 2848 superat,
2098 2792 2320 2848 prorsus
2373 2787 2500 2832 sunt
2539 2780 2864 2835 intemerata
2892 2820 2908 2846 ,
2955 2781 3198 2849 solisque
3245 2780 3378 2835 viris

1792 2870 2133 2942 Spirttalibus
2198 2869 2524 2937 spiritaliter
2586 2881 2888 2940 apparent,
2945 2872 3091 2942 quod
3149 2873 3200 2925 in
3255 2874 3376 2925 ani-

1792 2964 1984 3018 mabus
2015 2961 2215 3016 nostris
2269 2961 2493 3031 exigant
2525 2962 2728 3017 habere
2776 2961 2881 3018 sibi
2915 2962 3229 3016 conforntes
3280 2977 3376 3031 per
3411 2953 3420 2962 '
3472 2967 3490 2980 ‘

1792 3057 2048 3110 virtutem
2079 3063 2134 3109 et
2173 3055 2618 3124 incorruptibiles
2650 3056 2934 3126 imagines.
2967 3053 3376 3109 Incircumscri.

1791 3159 1943 3218 ptum
1973 3148 2115 3200 enim
2161 3147 2295 3202 illud
2326 3148 2548 3202 virtutis
2575 3145 2860 3203 deiformis
2888 3146 3242 3202 simulacrum
3272 3148 3376 3200 rite

1792 3241 2112 3295 imitandum
2145 3251 2250 3304 est,
2299 3249 2358 3294 ut
2388 3239 2652 3309 spiritalis
2682 3256 2746 3294 ac
2783 3240 3035 3310 fragrans
3075 3241 3252 3308 ipsum
3292 3253 3373 3293 re-

1790 3331 1932 3387 ferat
1960 3333 2330 3403 pulchritudo,
2377 3348 2544 3403 seque
2576 3332 2780 3386 formet
2804 3341 2857 3386 et
2904 3333 3128 3402 ellingat
3155 3333 3220 3386 ad
3251 3331 3374 3401 pul-

82 3431 176 3482 ἐπὶ
219 3427 333 3480 τῶν
365 3424 636 3498 αἰσθητῶν
681 3425 924 3490 εἰκόνων,
960 3428 1005 3480 εἰ
1043 3425 1091 3461 ⁷⁸
1121 3423 1259 3495 πρὸς
1282 3427 1344 3482 τὸ
1375 3429 1678 3499 ἀρχέτυπον
1704 3467 1707 3489 γ

1878 3427 2110 3480 :rrimam
2152 3427 2271 3498 ejus
2319 3426 2707 3484 imitationem.
2765 3425 2830 3480 Et
2875 3426 3017 3480 sicut
3066 3426 3124 3480 in
3179 3425 3373 3496 imagi-

83 3518 227 3584 εἶδος
269 3521 300 3569 ὁ
338 3521 584 3590 γραφεὺς
628 3517 862 3582 ἀκλινῶς
897 3519 1115 3590 εἰσορᾷ,
1159 3517 1298 3590 πρὸς
1338 3517 1506 3590 μηδὲν
1552 3518 1681 3573 ἀλλο

82 3613 194 3667 τῶν
238 3613 452 3683 ὁρατῶν
503 3610 893 3682 ἀνθελκόμενος
931 3611 962 3682 ἢ
1011 3612 1155 3665 κατά
1184 3630 1238 3666 τι
1293 3611 1679 3684 μεριζόμενος,

85 3703 252 3756 αὐτὸν
285 3703 514 3765 ἐκεῖνον,
541 3702 689 3766 ὅστις
711 3702 851 3763 ἐστὶ,
879 3702 969 3754 τὸν
993 3703 1340 3774 γραφόμενον
1359 3706 1404 3736 ⁷³
1431 3705 1500 3774 (εἰ
1526 3705 1682 3776 θέμις
1727 3744 1730 3747 λ

83 3797 326 3866 εἰπεῖν),
375 3794 751 3860 διπλασιάσει,
803 3797 895 3848 καὶ
928 3795 1092 3862 δείξει
1148 3797 1211 3849 τὸ
1255 3797 1450 3868 ἀληθὲς
1499 3795 1684 3867 ἐν’τῷ

85 3887 430 3958 ὁμοιώματι,
465 3888 560 3939 καὶ
600 3886 660 3939 τὸ
707 3886 1015 3959 ἀρχέτυπον
1058 3888 1116 3938 ὲν
1156 3895 1222 3958 τῇ
1271 3888 1473 3953 εἰκόνι,
1517 3889 1612 3942 καὶ
1635 3888 1682 3922 ⁸⁸

86 3982 350 4050 ἑκάτερον
381 3981 435 4032 ὲν
473 3979 717 4050 ἐκατέρῳ
758 3978 907 4051 παρὰ
940 3979 1002 4032 τὸ
1042 3980 1142 4051 τῆς
1175 3980 1361 4044 οὐσίας
1394 3980 1678 4052 διάφορονο

85 4073 230 4125 οὕτω
261 4074 373 4134 τοῖς
421 4070 728 4139 φιλοκάλοις
776 4073 833 4123 ὲν
879 4071 955 4143 νῷ
1009 4071 1310 4143 γραφεῦσιν
1355 4075 1388 4145 ἡ
1441 4073 1578 4143 πρὸς
1623 4072 1684 4126 τὸ

86 4163 288 4225 εὐῶδες
314 4163 410 4214 καὶ
445 4162 675 4234 κρύφιον
712 4161 904 4225 κάλλος
931 4163 1126 4235 ἀτενὴς
1152 4163 1245 4216 καὶ
1281 4164 1684 4236 ἀπαρέγκλιτος

87 4252 290 4324 θεωρία
335 4252 395 4304 τὸ
441 4251 677 4314 ἀπλανὲς
733 4250 1036 4323 δωρήσεται
1078 4254 1172 4305 καὶ
1213 4251 1612 4307 θεοειδέστατον
1638 4254 1681 4285 ⁸¹

89 4345 340 4416 ίνδαλμα.
391 4345 630 4409 Εἰκότως
675 4340 766 4398 οὖν
812 4345 947 4417 πρὸς
991 4345 1090 4416 τὴν
1124 4345 1464 4418 ὑπερουσίως
1509 4347 1682 4419 εὐώδη

88 4440 180 4492 καὶ
213 4439 414 4510 νοητὴν
457 4439 788 4510 εὐπρέπειαν
823 4442 872 4493 οἰ
908 4440 1038 4494 θεῖοι
1085 4444 1315 4511 γραφεῖς
1339 4442 1384 4473 ⁸⁸
1409 4441 1468 4495 τὸ
1501 4443 1685 4513 νοερὸν

88 4533 296 4593 ἑαυτῶν
321 4534 786 4604 ἀμεταστρέπτως
813 4533 1226 4598 εἰδοποιοῦντες,
1245 4535 1498 4606 οὐδεμίαν
1515 4535 1684 4606 δρῶσι

86 4626 192 4677 τῶν
229 4626 285 4677 ἐν
322 4624 504 4687 αὐτοῖς
546 4623 892 4694 θεομιμήτων
930 4623 1142 4696 ἀρετῶν
1171 4625 1252 4687 εἰς
1290 4624 1352 4677 τὸ
1393 4623 1682 4696 θεαθῆναι,

89 4717 228 4771 κατὰ
273 4717 334 4768 τὸ
380 4716 579 4786 λόγιον,
627 4719 738 4778 τοῖς
788 4715 1129 4787 ἀνθρὼποις’
1182 4715 1297 4770 ἀλλ’
1349 4716 1509 4788 ίερῶς
1559 4718 1686 4769 ἐπο-

1786 3515 1944 3570 nibus
1975 3518 2348 3583 sensibilibus,
2379 3519 2424 3572 si
2459 3515 2632 3586 pictor
2664 3516 2731 3570 ad
2766 3517 3081 3586 primaevam
3131 3517 3372 3586 speciem

1785 3620 2104 3664 constanter
2129 3609 2396 3675 intendat,
2426 3609 2568 3662 nulla
2601 3624 2659 3664 re
2688 3608 2792 3663 alia
2825 3610 3022 3664 visibili
3052 3611 3371 3676 distractus,

1785 3717 1962 3770 neque
1985 3703 2282 3756 secundum
2307 3702 2583 3771 quidpiam
2610 3702 2835 3766 divisus,
2869 3702 3020 3756 illum
3063 3702 3238 3772 ipsum
3278 3703 3373 3771 qui

1786 3793 2161 3863 depingendus
2191 3803 2278 3847 est
2310 3793 2375 3862 (si
2404 3793 2478 3847 ita
2512 3794 2693 3848 dicere
2740 3793 2924 3863 liceat)
2972 3793 3373 3862 quodammodo

1787 3886 2094 3954 replicabit,
2124 3894 2290 3954 atque
2320 3886 2609 3954 ipsammet
2636 3884 2925 3939 veritatem
2956 3885 3010 3937 in
3051 3883 3372 3939 similitudi-

1787 3993 1910 4030 nem
1941 3988 1996 4030 et
2027 3979 2382 4046 archetypum
2417 3976 2471 4028 in
2519 3974 2757 4043 imagine
2786 3974 3076 4042 exprimet,
3107 3972 3369 4028 alterum-

1787 4087 1892 4138 que
1923 4071 1975 4122 in
2007 4070 2180 4124 altero
2209 4068 2344 4122 citra
2379 4068 2704 4122 substantia:
2734 4066 3094 4122 dilfcrentiam
3127 4066 3366 4122 referet:

1786 4164 1865 4217 sic
1917 4161 2130 4215 honesti
2173 4160 2488 4214 amantibus
2541 4159 2595 4212 in
2635 4169 2814 4214 mente
2865 4159 3189 4228 pictoribus,
3239 4175 3368 4214 sua-.

1787 4253 2049 4308 vcolentis
2091 4263 2148 4307 et
2209 4267 2424 4306 arcana:
2486 4251 2908 4322 pulchritudinis
2973 4250 3182 4306 intenta
3237 4267 3369 4306 cou-

1785 4353 2046 4413 stausque
2069 4343 2460 4414 contemplatio
2491 4343 2824 4397 iufallibilem
2850 4342 3002 4400 iudet
3024 4343 3372 4413 maximeque

1788 4437 2106 4494 deiformem
2164 4437 2630 4507 imaginationem.
2698 4438 2888 4494 Merito
2957 4440 3144 4510 itaque
3196 4438 3376 4494 divini.

1787 4531 2063 4600 pictores,
2113 4531 2330 4601 quando
2387 4540 2624 4587 mentem
2675 4547 2832 4586 suam
2892 4531 2959 4586 ad
3017 4547 3370 4600 supraessen-

1791 4621 1969 4674 tialem
2001 4621 2146 4674 illam
2180 4623 2516 4692 fragrantem
2551 4623 2964 4694 spiritalemque
2997 4623 3362 4694 pulchritudi-

1791 4727 1914 4766 nem
1961 4723 2279 4768 constanter
2323 4713 2631 4781 efformant,
2661 4715 2860 4770 nullam
2896 4717 3150 4770 virtutem
3179 4730 3370 4773 earum

90 4810 396 4870 πτεύουσιν,
427 4808 502 4870 ώς
536 4809 594 4860 ἐν
630 4807 820 4871 εἰκόνι,
848 4806 926 4877 τῷ
961 4807 1090 4878 θείῳ
1125 4806 1280 4878 μύρῳ
1317 4807 1386 4860 τά
1422 4807 1522 4876 τῆς
1559 4809 1679 4861 Ἑκ-

1878 4802 1904 4858 e
1933 4805 2001 4859 iis
2028 4805 2210 4860 insunt
2233 4815 2421 4876 agunt,
2449 4816 2507 4860 ut
2532 4807 2600 4861 ab
2629 4807 2964 4870 hominibus,
2995 4807 3072 4861 uti
3104 4807 3370 4876 scriptum

88 4902 313 4974 κλησίας
341 4898 611 4971 ἰερώτατα
640 4898 1197 4971 περικεκαλυμμένα·
1238 4900 1318 4952 διὸ
1362 4899 1456 4952 καὶ
1501 4901 1674 4962 αὐτοὶ,

88 4994 145 5046 τὸ
187 4992 304 5045 κατ’
358 4990 568 5062 ἀρετὴν.
605 4991 748 5061 ἱερὸν
790 4991 883 5045 καὶ
933 4990 1333 5043 θεοειδέστατον
1407 4990 1537 5043 εἴσω
1582 4990 1677 5044 τοῦ

91 5084 421 5155 θεομιμήτου
468 5083 562 5136 καὶ
610 5081 948 5154 θεογρόιπτου
999 5081 1116 5146 νοὸς
1183 5081 1343 5154 ίερῶς
1383 5083 1680 5153 περικαλύ-

93 5192 345 5238 πτοντες,
392 5175 529 5246 πρὸς
586 5175 756 5247 μόνην
798 5174 1164 5229 ἀποϐλέπουσι
1218 5173 1315 5246 τὴν
1357 5174 1676 5246 ’ἀρχέτυπον

94 5267 273 5338 νόησιν
291 5282 304 5294 ·
324 5265 446 5318 οὐδὲ
481 5266 590 5338 γὰρ
617 5265 835 5320 ἀθέατοι
858 5266 903 5298 ⁸³
933 5267 1093 5337 μόνον
1115 5266 1222 5320 εἰσὶ
1241 5269 1353 5330 τοῖς
1375 5265 1672 5337 ἀνομοίοις,

1780 4904 1898 4958 cst,
1949 4895 2264 4961 videantur;
2313 4897 2406 4951 sed
2466 4907 2656 4950 sancte
2707 4898 2759 4950 in
2817 4908 3092 4966 unguento
3145 4898 3355 4959 divino,

1782 4988 1932 5042 velut
1982 4987 2037 5043 in
2091 4989 2352 5058 imagine,
2407 4989 2782 5043 sacratissima
2838 5004 3065 5060 quaeque
3111 4990 3370 5055 Ecclesia:

1783 5083 2042 5151 mysteria
2085 5081 2258 5136 velata
2290 5083 2766 5151 contemplantur;
2813 5092 2976 5150 atque
3029 5083 3165 5138 adeo
3210 5085 3370 5154 quid-o

1781 5173 1911 5242 quid
1955 5174 2008 5227 in
2062 5176 2269 5229 virtute
2311 5188 2530 5228 sacrum
2581 5190 2645 5229 ac
2697 5175 2933 5229 maxime
2978 5176 3245 5230 deiforme
3284 5186 3371 5230 est

1785 5267 1926 5320 intra
1968 5277 2204 5323 mentem
2247 5283 2424 5334 suam,
2473 5283 2596 5337 quae
2628 5269 2695 5322 ad
2733 5269 3025 5339 imaginem
3058 5279 3115 5324 et
3164 5269 3366 5325 similia

1397 5429 1632 5484 VARUE
1675 5429 2061 5487 LECTIONES

162 5575 204 5605 “
235 5574 689 5644 προηγουμένων,
719 5574 818 5628 Ch.
887 5576 930 5607 τ’
961 5575 1198 5636 πάντων,
1223 5573 1361 5629 S.P.
1402 5576 1462 5629 D.
1497 5575 1597 5629 Ch.
1671 5576 1717 5608 ⁷³
1744 5571 1838 5631 οὖν
1866 5592 1972 5631 non
2006 5591 2091 5634 est
2129 5580 2180 5634 in
2207 5581 2264 5635 S.
2295 5581 2356 5635 P.
2391 5583 2450 5635 ί).
2483 5582 2582 5636 Ch.
2618 5583 2675 5636 Β.
2754 5579 2800 5610 ⁷⁵
2825 5579 2934 5632 τῶν
2958 5577 3117 5631 θείων
3136 5574 3365 5644 ἀνδρῶν,

98 5641 151 5696 S.
182 5645 239 5696 l’.
281 5641 334 5696 Β.
368 5641 505 5697 Sar.
585 5645 629 5675 ⁷⁸
663 5646 844 5708 μόνον,
879 5645 946 5697 Μ.
982 5648 1073 5698 Sc.

96 5715 318 5779 ὶκεῖνην,
351 5725 406 5767 et
439 5730 535 5782 pro
562 5714 928 5778 διπλασιάσει,
965 5714 1307 5771 διαπλάσσει.

1153 5647 1198 5676 ⁷⁸
1224 5644 1738 5749 ἀπαραθραύστους.

1153 5717 1281 5749 ιη..
1419 5717 1437 5747 τ
1507 5715 1566 5749 ...λ
1605 5731 1738 5749 νην.

1825 5648 1868 5678 ⁷⁷
1899 5651 2296 5721 μεμηγμένονη
2353 5655 2397 5684 ⁷⁸
2426 5654 2532 5714 ἀεί,
2562 5653 2630 5705 Μ.
2663 5654 2752 5706 Sc.
2798 5660 2852 5702 et
2895 5665 3038 5721 umx,
3065 5647 3176 5701 ἀλλ’
3204 5645 3367 5721 αυτὸν

1507 5715 1567 5768 τὺ
1605 5715 2136 5788 γραφόμενον,“5.’ῖι⁰
2160 5719 2220 5772 τὸ
2253 5719 2430 5772 ἀλ.....
2463 5721 2553 5776 καὶ
2579 5736 2686 5774 om.
2723 5722 2792 5775 Μ.
2834 5721 2891 5776 Β.
2926 5720 2982 5773 S.
3016 5722 3084 5773 υ.
3107 5721 3198 5774 Sc.
3237 5716 3363 5770 Suro

99 5784 138 5816 "
165 5785 605 5853 θεοειδεστὰτων,
638 5786 703 5842 Μ.
749 5787 828 5868 ,ξξ
859 5785 1206 5876 θεογραφεῖς,
1243 5788 1313 5845 Μ.
1385 5788 1429 5820 ⁸³
1459 5784 1741 5862 θεωρητοί,
1774 5784 1840 5842 Μ.
1878 5785 1967 5846 Sc.
