3728 6298
359 264 466 321 47⁵

1497 258 1556 315 s.
1595 257 1899 316 monvsn
1932 229 2406 319 summatm.

3543 259 3649 316 ιπσ

359 381 601 437 tudinem
639 379 736 435 Dei
758 382 909 437 facta
939 388 1042 449 est,
1091 382 1475 446 recoudentes,
1520 382 1588 436 ad
1623 381 1923 452 primaevam

2104 381 2154 433 ,λ’
2205 380 2313 435 οὐδ’
2384 379 2539 434 αὐτοὶ
2604 379 2741 453 πρὸς
2813 379 2913 452 τὴν
2978 379 3201 433 ἐκείνων
3262 378 3640 436 καθέλκονται

358 474 632 529 duntaxat
661 475 899 544 speciem
950 483 1115 545 atque
1160 474 1580 545 intelligentiam
1614 474 1929 539 intuentur;

360 585 536 639 neque
561 570 706 625 enim
735 570 909 626 solum
953 570 1239 627 dissimilia
1274 586 1377 625 non
1406 569 1611 635 vident,
1640 572 1732 627 sed
1768 587 1834 626 ne
1865 571 1942 626 ad.

359 677 546 715 eorum
572 662 787 730 quidem
815 671 1089 731 aspectum
1121 663 1524 731 pertrahuntur.
1550 661 1931 728 Quamobrem,

361 754 501 808 sicut
532 770 627 808 eos
661 755 836 819 decet,
866 770 973 809 non
1006 768 1069 809 ea
1118 769 1240 823 qua:
1289 764 1490 809 temere
1536 755 1810 827 videntur,
1841 754 1936 809 sed

359 860 481 913 qua:
516 860 643 900 vere
677 845 837 913 justa
862 857 986 900 sunt
1017 859 1083 899 ac
1112 844 1249 899 bona
1282 843 1538 914 diligunt;
1573 860 1747 914 neque
1776 845 1933 900 istam

358 945 607 1003 spectant
637 936 898 1006 gloriam,
943 950 1065 1004 quae
1112 935 1229 990 sine
1278 936 1486 990 ratione
1536 935 1697 1005 vulgo
1734 935 1940 1005 passim

362 1029 518 1082 beata
556 1028 898 1097 pnedicatnr,
943 1027 1037 1083 sed
1077 1028 1383 1083 imitatione
1433 1028 1525 1083 Dei
1577 1029 1773 1083 bonum
1823 1044 1938 1082 ma-

362 1113 543 1171 lumve
571 1132 667 1186 per
692 1132 749 1173 se
783 1116 1111 1187 judicantes,
1156 1116 1337 1170 divina
1364 1117 1611 1187 quaedam
1646 1116 1941 1173 simulacra

363 1206 669 1265 ﬁnutistius
684 1210 994 1279 fragrantia:
1012 1209 1231 1273 diviuze,
1253 1208 1414 1278 217
1439 1224 1558 1278 qua:
1580 1224 1709 1264 vere
1734 1210 1933 1264 bonum

2035 472 2185 526 θέαν.
2214 472 2374 526 Ὅθεν
2408 473 2618 536 ἑαυτοῖς
2661 470 2986 535 ἀκολούθως,
3014 472 3134 525 οὐδὲ
3170 472 3279 525 τῶν
3312 472 3640 527 δοκούντων

2034 567 2158 637 είκῆ
2182 565 2361 620 καλῶν
2375 568 2466 620 καὶ
2486 566 2728 630 δικαίων,
2748 565 2883 619 ἀλλά
2895 566 3005 621 τῶν
3027 566 3190 629 ὅντως
3206 564 3375 620 ὄντων
3399 568 3637 638 ἐρῶσιν-

2034 659 2155 712 οὐδὲ
2190 656 2326 729 πρὸς
2359 655 2513 722 δόξαν
2539 656 2706 727 ὁρῶσι
2730 657 2830 729 τὴν
2854 655 2959 709 ὑπὸ
2984 656 3218 727 πλήθους
3261 654 3482 726 ἀλόγως
3534 676 3641 729 μα-

2037 750 2423 822 καριζομένην,
2453 748 2588 803 ἀλλά
2611 750 2672 802 τὸ
2698 748 2859 802 καλὸν
2886 749 2918 819 ἢ
2953 752 3132 819 χεῖρον
3171 751 3255 818 ἐφ’
3280 750 3487 802 ἑαυτοῦ
3522 750 3637 802 θεο-

2042 845 2293 914 μιμήτως
2338 842 2653 914 κρίναντες,
2699 841 2987 912 ἀγάλματα
3025 840 3144 893 θεῖα
3188 842 3283 911 τῆς
3316 841 3638 912 θεαρχικω-

2038 934 2207 1005 τάτης
2244 934 2382 987 είσὶν
2414 932 2661 997 εὐωδίας,
2707 933 2827 1002 ἥτις
2873 934 2957 1002 ἐφ’
2986 932 3185 1003 ἑαυτῆς
3225 931 3284 986 τὸ
3328 932 3568 1004 ἀληθῶς
3594 932 3639 963 ⁸⁸

2038 1024 2235 1089 εὑῶδες
2262 1025 2456 1096 ἔχουσα
2483 1025 2617 1095 πρὸς
2654 1024 2716 1078 τὸ
2736 1027 2847 1087 τοῖς
2882 1024 3092 1087 πολλοῖς
3134 1025 3400 1095 ἀνομοίως
3430 1023 3637 1077 δοκοῦν

2037 1118 2141 1171 οὐκ
2171 1117 2576 1188 ἐπιστρέφεται,
2599 1119 2720 1181 ταῖς
2744 1117 2994 1189 ἀληθέσιν
3031 1118 3198 1187 αὐτῆς
3224 1118 3433 1171 εἰκόσιν
3476 1119 3638 1171 ἐντυ-

2043 1208 2219 1263 ποῦσα
2240 1209 2300 1262 τὸ
2322 1207 2698 1281 ἀνυπόκριτον.

363 1304 414 1357 in
449 1319 509 1357 se
538 1306 759 1361 odorem
790 1308 1103 1371 continens,
1132 1306 1198 1358 ad
1240 1306 1389 1364 illud.
1441 1307 1583 1374 quod
1618 1304 1778 1375 vulgo
1811 1306 2015 1374 passim
2054 1304 2396 1377 inaequaliter
2422 1315 2668 1376 apparet,
2696 1318 2969 1376 nunquam
2998 1303 3353 1369 convertitur,
3392 1304 3454 1358 in
3487 1308 3636 1357 veris

360 1397 479 1451 suis
515 1395 844 1467 imaginibus
887 1399 1198 1466 exprimens
1250 1402 1552 1456 veritatem.

1856 1538 2147 1669 ἰιιᾘ

434 1722 546 1791 Age
587 1722 699 1793 jam
751 1723 1051 1795 deinceps,
1098 1724 1355 1795 quoniam
1395 1726 1719 1782 exteriorem
1783 1726 1919 1781 ritus

2111 1727 2247 1797 Φέρε
2310 1726 2374 1798 δὴ
2434 1727 2641 1789 λοιπὸν,
2696 1726 2883 1798 ἐπειδὴ
2934 1727 3032 1797 τὴν
3081 1727 3232 1790 ἐκτὸς
3283 1727 3633 1796 εὐπρέπειαν

361 1826 493 1868 vere
537 1814 749 1883 pulchri
801 1823 1141 1871 venustatem
1202 1816 1543 1883 aspeximus,
1605 1816 1930 1871 diviniorem

359 1904 477 1974 ejus
527 1906 984 1976 pulchritudinem
1038 1907 1384 1971 intueamur,
1429 1922 1659 1977 eamque
1708 1905 1936 1962 sublatis

359 1998 727 2056 velamini‘uus
756 2015 855 2071 per
888 2015 947 2056 se
988 1999 1439 2070 contemplemur,
1480 1999 1626 2054 clare
1666 2014 1821 2053 suum
1847 2000 1931 2071 ju-

354 2092 459 2148 liar
485 2091 613 2146 illud
645 2092 859 2147 beatum
886 2092 1249 2157 evibraulem,
1284 2106 1490 2162 nosque
1519 2091 1631 2155 illa,
1656 2106 1777 2159 quze
1805 2091 1936 2144 viris

357 2184 695 2254 spiritalibus
734 2185 1020 2254 explorata
1092 2196 1215 2250 est,
1264 2185 1449 2239 odoris
1494 2182 1798 2252 fragrantia
1851 2197 1936 2235 re-

356 2276 619 2345 plentem.
667 2276 855 2346 Neque
885 2277 1029 2331 enim
1068 2275 1419 2344 aspectabilis
1455 2275 1715 2345 unguenti
1751 2272 1935 2328 conle-

355 2360 467 2415 ctio
503 2362 569 2417 iis
596 2364 688 2429 qui
720 2364 961 2433 pontiﬁci
997 2373 1196 2430 priesto
1236 2372 1364 2416 sunt
1404 2362 1937 2417 incommunicabilis

356 2462 450 2506 aut
481 2455 881 2523 inaspectabilis
930 2455 1179 2519 exsistit,
1217 2454 1310 2508 sed
1341 2468 1372 2507 e
1421 2453 1660 2518 diverso,
1700 2454 1824 2508 dum
1858 2452 1925 2507 atl

356 2542 507 2611 ipsos
553 2558 726 2610 usjue
772 2544 1073 2613 pertendit,
1129 2559 1195 2598 ac
1249 2544 1397 2598 sistit
1448 2560 1567 2600 eam
1621 2561 1740 2615 qua:
1792 2545 1932 2616 vulgi

358 2646 582 2704 captum
622 2644 844 2704 superat
881 2636 1418 2705 contemplationem,
1457 2636 1524 2691 ab
1554 2636 1743 2691 iisdem
1773 2653 1929 2693 reve—

356 2728 544 2773 renter
570 2720 868 2790 obtegitur,
886 2733 939 2776 et
973 2736 1003 2776 a
1043 2723 1197 2776 turba
1232 2723 1514 2793 pontiﬁcio
1537 2723 1663 2793 jure
1692 2727 1936 2781 secerni-

356 2817 468 2863 tur.
523 2810 803 2880 Siquidem
850 2812 940 2867 ille
986 2814 1172 2868 radius
1215 2830 1395 2869 rerum
1436 2816 1933 2873 sacratissimarum

353 2902 481 2957 dum
536 2905 667 2959 viris
708 2906 944 2970 divinis,
995 2916 1251 2976 tanquam
1302 2907 1752 2979 intelligentibus,
1801 2927 1933 2980 pure

352 3006 517 3064 atque
558 2997 872 3051 immediate
900 2999 1157 3063 collucet,
1192 3010 1247 3054 et
1278 3012 1573 3071 conceptus
1604 3017 1790 3058 eorum
1822 3005 1931 3072 spi-

2039 1817 2382 1889 ἐθεασάμεθα
2414 1818 2512 1889 τῆς
2543 1818 2670 1889 ὅλης
2712 1820 2878 1891 καλῆς
2916 1819 3242 1892 ἱερουργίας,
3276 1820 3357 1882 είς
3382 1818 3447 1871 τὸ
3485 1819 3631 1871 θειό-

2035 1925 2192 1980 τερον
2235 1909 2402 1979 αὐτῆς
2446 1909 2840 1980 ἀποϐλέψωμεν
2892 1910 3107 1972 κάλλος,
3148 1908 3314 1980 αὐτὴν
3355 1908 3446 1976 ἐφ’
3500 1910 3633 1960 ἐαυ-

2036 2001 2135 2071 τῆς
2182 2000 2675 2072 ἀποκαλυψαμένην
2717 2000 2784 2052 τά
2826 2000 3316 2071 παραπετάσματα,
3354 1998 3634 2069 θεώμενοι

2035 2095 2134 2165 τὴν
2178 2095 2448 2165 μακαρίαν
2488 2092 2912 2147 ἀποστίλϐουσαν
2951 2092 3206 2164 ἐμφανῶς
3256 2092 3480 2169 αἴγλην,
3538 2093 3633 2144 καὶ

2038 2185 2138 2255 τῆς
2171 2184 2613 2257 ἀπερικαλύπτου
2646 2188 2760 2249 τοῖς
2785 2188 2989 2257 νοεροῖς
3016 2172 3441 2255 ἁποπληροῦἇαν
3476 2185 3630 2254 ἡμᾶς

2036 2274 2281 2337 εὐωδίας.
2317 2274 2448 2328 Οὐδὲ
2482 2274 2589 2347 γὰρ
2626 2277 2659 2347 ἡ
2695 2273 3004 2345 φαινομένη,
3023 2272 3117 2327 τοῦ
3147 2272 3315 2344 μύρου
3336 2273 3632 2342 τελετουρ-

2037 2367 2194 2433 γία³⁸
2226 2369 2337 2429 τοῖς
2379 2367 2503 2437 περὶ
2534 2366 2624 2418 τὸν
2669 2365 2928 2437 ίεράρχην
2973 2366 3119 2417 ἐστὶν
3175 2361 3555 2433 ἀκοινώνητος
3591 2361 3625 2431 ἢ

2036 2458 2281 2523 ἀθέατος,
2312 2458 2448 2511 ἀλλά
2478 2458 2782 2510 τούναντίον
2814 2456 2971 2528 ἀχρις
3003 2456 3180 2509 αὐτῶν
3210 2455 3498 2526 διήκουσα,
3536 2454 3628 2506 καὶ

2039 2548 2241 2602 ἱστῶσα
2274 2548 2372 2619 τὴν
2405 2548 2545 2619 ὑπὲρ
2582 2549 2709 2611 τοὺς
2748 2546 2971 2611 πολλοὺς
3015 2546 3276 2617 θεωρίαν,
3312 2545 3407 2598 ὑπ’
3441 2545 3625 2598 αὐτῶν

2036 2641 2079 2691 ίε
2090 2639 2195 2709 ρῶς
2219 2638 2698 2710 περικαλύπτεται,
2725 2640 2937 2709 καὶτῆς
2963 2637 3199 2711 πληθύος
3216 2637 3261 2668 ⁸⁸
3286 2636 3625 2708 ἱεραρχικῶς

2035 2732 2526 2785 ἀποδιαστέλλεται.
2574 2732 2701 2795 Τοῖς
2740 2731 2849 2801 γὰρ
2891 2730 3093 2793 ἐνθέοις
3132 2728 3391 2800 ἀνδράσιν
3436 2730 3474 2798 ἡ
3516 2728 3622 2781 τῶν

2036 2825 2310 2896 πανιέρων
2344 2824 2522 2887 ἀκτὶς,
2556 2823 2633 2886 ὼς
2666 2821 2955 2892 συγγενέσι
2992 2820 3086 2874 τοῦ
3119 2818 3311 2891 νοητοῦ
3332 2818 3402 2881 ⁸⁷,
3444 2818 3620 2870 καθα-

2038 2915 2147 2987 ρῶς
2179 2915 2271 2967 καὶ
2312 2913 2531 2985 ἀμέσως
2557 2913 2922 2983 ὲλλάμπουσα,
2952 2912 3043 2965 καὶ
3079 2910 3180 2973 τὰς
3212 2908 3405 2979 νοεράς
3437 2908 3635 2961 αὐτῶν

2038 3010 2345 3080 ἀντιλήψεις
2402 3006 2857 3079 ἀπερικαλύπτως
2920 3002 3321 3067 εὖωδιάζουσα,
3372 3002 3516 3073 πρὸς
3564 3004 3622 3054 τὸ

353 3087 540 3143 ritales
580 3088 722 3143 bono
750 3089 925 3157 palam
974 3091 1169 3145 imbuit
1192 3094 1382 3157 odore,
1412 3094 1478 3146 ad
1511 3093 1561 3148 id
1590 3096 1735 3164 quod
1766 3086 1917 3150 'humi

2104 3100 2312 3169 ειμένον
2337 3098 2518 3150 οὐκέτι
2540 3096 2739 3166 ὁμοίως
2759 3096 2805 3128 ⁸⁸
2830 3094 3072 3167 πρόεισιν
3095 3132 3109 3157 ,
3137 3092 3252 3146 ἀλλ’
3286 3094 3379 3146 ὑπ’
3413 3095 3617 3155 αὐτῶν,

352 3181 523 3247 serpit
576 3195 912 3251 nequaquam
960 3183 1213 3238 similiter
1243 3186 1512 3252 procedit,
1544 3188 1640 3239 sed
1678 3186 1745 3241 ab
1771 3186 1925 3255 ipsis,

352 3279 543 3339 utpote
595 3270 812 3325 arcanis
872 3270 1139 3341 spiritalis
1198 3273 1275 3327 rei
1324 3273 1761 3342 spectatoribus,
1813 3277 1931 3331 sine

352 3360 686 3423 ostensione,
737 3375 805 3414 ne
843 3375 873 3414 a
915 3361 1276 3417 dissimilibus
1318 3365 1628 3435 quibusque
1673 3367 1929 3433 violetur,

353 3449 605 3517 pennatis
654 3449 951 3504 involucris
988 3452 1296 3518 obducitur,
1347 3455 1567 3523 quibus,
1616 3470 1716 3511 ceu
1760 3458 1932 3512 sacris

356 3536 552 3606 signis,
586 3541 831 3609 praeclari
863 3544 1085 3596 ordines
1114 3542 1590 3617 subditorumpro
1625 3549 1933 3623 capacitate

354 3642 452 3684 sua
485 3632 552 3684 ad
587 3646 675 3687 res
701 3646 887 3688 sacras
918 3645 1333 3701 promoventur.

2036 3192 2110 3256 ὡς
2134 3190 2378 3262 κρυφίων
2407 3191 2503 3242 τοῦ
2533 3186 2723 3257 νοητοῦ
2760 3184 3002 3257 θεωρῶν,
3036 3186 3510 3256 ἀνεκπομπεύτως
3541 3187 3619 3247 εἰς

2035 3284 2096 3336 τὸ
2118 3284 2228 3345 τοῖς
2252 3279 2521 3351 ἀνομοίοις
2553 3279 2839 3350 ἄχραντον,
2866 3277 2970 3330 ὑπὸ
3003 3279 3299 3348 πτερωτοῖς
3332 3277 3620 3347 αἰνίγμασι

2039 3372 2492 3441 συγκαλύπτεται·
2520 3369 2586 3423 δι’
2619 3363 2691 3423 ὧν
2722 3370 2881 3440 ἱερῶν
2900 3369 3233 3439 αἰνιγμάτων
3267 3370 3322 3420 αἱ
3349 3367 3463 3419 τῶν
3493 3370 3614 3421 ὐπο-

2039 3464 2346 3535 6ε6ηκότων
2379 3461 2635 3532 εὖκοσμοι
2667 3461 2848 3527 τάξεις
2880 3461 3169 3529 ἀνάγονται
3203 3460 3337 3531 πρὸς
3368 3460 3471 3532 τὴν
3498 3462 3629 3514 ut“

2039 3555 2206 3619 αὐτὰς
2242 3552 2392 3625 ἱερὰν
2423 3551 2726 3623 ἀναλογίαν.

1917 3787 1946 3860 ς
1990 3783 2103 3845 ιιι.

423 3912 517 3969 Est
557 3915 741 3987 igitur,
788 3929 847 3973 ut
898 3919 1029 3983 dixi,
1076 3933 1490 3981 sacrosanctum
1543 3929 1669 3994 hoc,
1715 3930 1856 4000 quod
1891 3946 1923 3987 a

351 4012 509 4065 nobis
540 4014 697 4067 modo
727 4013 978 4072 laudatur
1003 4020 1347 4095 mysterium,
1377 4022 1495 4091 ejus
1521 4025 1734 4080 ordinis
1766 4037 1927 4097 atque

351 4102 587 4165 virtutis,
606 4113 663 4159 ut
692 4108 1057 4167 lucrarcliicas
1081 4125 1422 4169 consummet
1450 4116 1776 4183 functiones;
1796 4135 1926 4189 quo-

350 4197 491 4249 ciica
511 4211 723 4264 quoque
739 4201 902 4255 divini
923 4218 1281 4274 praem-plores
1300 4210 1490 4272 nostri,
1517 4220 1769 4279 tan1uant
1787 4213 1928 4282 ejus-

2104 3933 2261 3986 Ἔστι
2295 3932 2357 4003 δὴ
2390 3926 2502 3995 οὖν,
2555 3932 2693 4001 ὅπερ
2725 3928 2925 4000 ἓφην,ἡ
2973 3925 3067 3979 νῦν
3116 3922 3432 3993 ὑμνουμένη
3484 3918 3610 3990 παρ’

2030 4024 2186 4095 ἡμῶν
2228 4021 2348 4094 ἱερὰ
2389 4022 2737 4093 τελετουργία
2756 4022 2800 4052 ’⁵⁸
2832 4021 2930 4090 τῆς
2970 4014 3320 4083 τελειωτικῆς
3354 4012 3465 4066 τῶν
3502 4014 3611 4082 ἱερ-

2030 4113 2269 4185 αρχικῶν
2312 4113 2357 4147 ⁸⁸
2402 4112 2607 4179 τάξεως
2659 4111 3098 4181 καὶδυνάμεως·
3149 4107 3229 4159 διὸ
3267 4105 3367 4158 καὶ
3411 4104 3605 4172 ταύτην

2030 4208 2080 4260 oi
2129 4206 2260 4258 θεῖοι
2313 4204 2683 4275 καθηγεμόνες
2721 4201 2899 4273 ἡμῶν,
2941 4201 3015 4263 ὼς
3058 4198 3302 4269 ὁμοταγῆ
3343 4197 3439 4249 καὶ
3477 4196 3603 4248 ταὺ-

352 4284 472 4337 dem
497 4287 702 4342 ordinis
718 4299 771 4343 et
789 4294 1123 4359 operationis
1140 4312 1262 4350 cum
1287 4313 1637 4357 sacrosancto
1659 4318 1923 4374 synaxeos

2104 4298 2257 4368 δργὸν
2288 4296 2364 4367 τῷ
2396 4297 2494 4367 τῆς
2531 4295 2799 4361 συνάξεως
2830 4292 2959 4365 ίερῷ
2982 4290 3328 4361 τελεστηρίῳ,
3364 4290 3485 4351 ταῖς
3517 4288 3607 4339 αὺ-

351 4386 717 4443 sncramento,
762 4379 952 4436 iisdem
1006 4383 1338 4454 imaginibus
1385 4400 1441 4444 ut
1468 4390 1782 4461 plurimum,
1809 4409 1923 4465 my-

2104 4392 2150 4452 ῑς
2204 4389 2407 4442 εἰκόσιν
2438 4388 2512 4451 ὡς
2546 4386 2614 4439 τὰ
2647 4384 2815 4438 πολλά
2847 4384 2940 4437 καὶ
2984 4383 3267 4453 μυστικαῖς
3308 4377 3600 4447 διακοσμή-

353 4464 613 4534 sticisquc
647 4468 1089 4530 distinctionibus
1118 4492 1179 4531 ac
1211 4482 1385 4534 sacris
1416 4483 1595 4538 verbis
1627 4464 1931 4555 descripse-

2034 4499 2151 4535 σεσι
2185 4480 2279 4534 καὶ
2307 4478 2626 4550 ἰερολογίσις
2657 4474 2983 4540 διετάξαντο.
3019 4471 3128 4525 Καὶ
3158 4470 3250 4522 τὸν
3291 4468 3391 4539 μὲν
3430 4468 3603 4538 ἱεράρρ

354 4565 501 4610 runt.
541 4558 715 4627 Atque
744 4564 1050 4628 pontiﬁcem
1080 4569 1298 4637 quidem
1334 4574 1515 4629 videre
1547 4576 1710 4632 liceat
1738 4579 1923 4633 eodem

2104 4592 2130 4626 ν
2163 4572 2421 4635 ὡσαύτως
2462 4570 2566 4640 ὄψῃ
2602 4571 2643 4600 ⁹¹
2687 4569 2785 4638 τὴν
2821 4567 2929 4621 ἀπὸ
2960 4564 3053 4618 τοῦ
3113 4563 3383 4633 θειοτέρου
3441 4561 3599 4615 τόπου

354 4650 514 4740 modo
538 4665 567 4703 a
594 4651 865 4709 diviniore.
893 4655 1008 4711 loco
1037 4660 1222 4718 odoris
1253 4665 1575 4721 suavitatem
1605 4669 1672 4723 ad
1696 4684 1933 4740 sequen-

2028 4663 2199 4737 καλὴν
2233 4663 2457 4716 εὐωδίαν
2490 4663 2569 4725 εἰς
2594 4658 2663 4712 τὰ
2694 4658 2819 4728 ἑξῆς
2862 4655 2982 4729 ἱερά
3018 4653 3380 4726 προφέροντα,
3419 4654 3512 4705 καὶ
3539 4654 3599 4721 τῇ

355 4738 424 4791 ιί.ι
460 4736 574 4795 loca
608 4757 762 4798 sacra
792 4744 1210 4819 dilfundcntetn,
1246 4768 1448 4823 suoque
1493 4757 1557 4810 ad
1591 4736 1923 4819 etimdeitllo-

2105 4760 2163 4822 ὸς
2198 4759 2257 4811 τὸ
2294 4756 2484 4809 ταύτὸν
2520 4752 2775 4808 άναλύσει
2809 4751 3145 4811 διδάσκοντα,
3169 4746 3276 4800 τῶν
3318 4745 3479 4799 θείων
3512 4746 3601 4815 τὴν

352 4844 474 4883 cum
516 4834 689 4905 reditu
727 4837 1033 4905 docentem,
1070 4845 1345 4909 quomodo
1390 4846 1696 4903 divinarum
1740 4866 1920 4905 rerum

352 4924 718 4993 participatio,
745 4930 871 4984 dum
899 4931 952 4985 iu
981 4935 1234 4989 omnibus
1263 4936 1481 5005 quidem
1512 4942 1684 4995 Sacris
1707 4957 1805 5010 pro
1828 4957 1921 4995 cu—

347 5020 543 5084 jusque
589 5020 800 5077 meritis
838 5026 1312 5095 communicatur;
1369 5029 1712 5086 niliilmninus
1759 5032 1811 5084 in
1864 5046 1924 5086 se

354 5120 529 5177 neque
562 5111 870 5179 imminuta,
906 5134 1083 5187 neque
1117 5121 1236 5177 loco
1265 5134 1437 5191 mota,
1471 5126 1522 5179 in
1556 5125 1723 5179 divini
1769 5125 1921 5181 fundi

353 5203 710 5273 proprietate,
759 5207 877 5265 sine
930 5211 1036 5267 ulla
1078 5215 1160 5269 sui
1201 5216 1600 5284 immutatione,
1633 5218 1923 5273 consistat.

2032 4850 2318 4923 μετουσίαν
2351 4850 2406 4900 ὲν
2440 4847 2609 4900 ἀπασι
2646 4845 2742 4915 μὲν
2767 4841 3045 4911 γίγνεσθαι
3071 4839 3190 4893 κατ’
3213 4837 3368 4904 ἀξίαν
3395 4840 3508 4900 τοῖς
3534 4839 3602 4889 ἱε-

2035 4943 2164 5011 ροῖς,
2203 4937 2467 5009 ἀμείωτον
2505 4936 2561 4988 δὲ
2598 4929 2735 4987 εἶναι
2782 4934 2873 4985 καὶ
2909 4931 3161 5001 ἀκίνητον
3179 4931 3224 4961 ⁹²
3268 4928 3465 4999 πάντη,
3513 4927 3600 4981 καὶ

2030 5030 2161 5082 εἴσω
2192 5029 2289 5099 τῆς
2325 5027 2464 5081 κατά
2487 5027 2635 5079 θείαν
2658 5025 2860 5096 ἵδρυσιν
2895 5022 3150 5094 ἰδιότητος
3173 5020 3601 5092 ἀπαραλλάκτως

2032 5122 2340 5191 ἑστηκυῖαν.
2378 5121 2603 5193 Ἐπίσης
2634 5118 2691 5171 δὲ
2718 5118 2875 5172 πάλιν
2900 5116 2956 5170 αἱ
2989 5116 3097 5169 τῶν
3117 5114 3326 5183 Λογίων
3349 5113 3484 5183 ᾠδαὶ
3513 5110 3599 5162 καὶ

2033 5213 2386 5282 ἀναγνώσεις,
2446 5216 2572 5278 τοὺς
2618 5212 2717 5285 μὲν
2770 5210 3087 5274 ἀτελέστους
3120 5210 3165 5242 ’³
3216 5206 3523 5279 μαιεύονταε
3555 5204 3598 5237 ’⁸

1655 5412 1891 5469 VARUS
1925 5414 2326 5470 LECTIONES.

440 5535 467 5608 s
485 5537 701 5608 ἀληθές,
734 5541 800 5595 ιι.
836 5544 923 5598 Sc.

351 5603 398 5688 '_'
421 5607 519 5688 οιξχ
572 5603 822 5688 ἑτοίμως,
959 5687 962 5688 ν
999 5603 1479 5688 ⁸⁹λτελεσιουρίίαί
1540 5603 1583 5651 ’7"

351 5675 643 5746 ἁμείωτον,
669 5675 767 5737 Ch.

1018 5547 1061 5622 ξθ
1088 5548 1479 5622 τελεσιουργία,
1511 5550 1567 5604 Ρ.
1602 5552 1699 5605 Ch.
1734 5552 1792 5606 ἴ).
1874 5553 1919 5583 ⁸⁸
1944 5552 2037 5605 τοῦ
2069 5551 2321 5622 πλήθους,
2352 5554 2417 5609 Μ.

1634 5622 1739 5674 τῶν
1770 5623 2077 5685 ἱερατικῶν,
2132 5626 2187 5678 l‘.

874 5686 917 5718 ’³
945 5686 1350 5754 ἀτελεστάτους,
1383 5693 1441 5746 ι).
1512 5694 1553 5722 ’³
1582 5693 1865 5764 μυοῦσθαι,
1898 5693 1963 5747 Μ.
1998 5690 2085 5752 Sc.

2530 5557 2571 5586 ⁸⁷
2602 5557 2659 5610 S.
2698 5556 2753 5610 I‘.
2795 5556 2854 5609 9.
2886 5556 2986 5626 Ch.
3022 5554 3111 5609 Sc.
3146 5557 3350 5626 atltltmt
3405 5558 3588 5626 φυτὰ.

2266 5629 2305 5657 ⁹¹
2339 5626 2479 5695 wet,
2508 5627 2564 5681 ὃ.
2615 5625 2686 5692 ὡς
2734 5628 2922 5693 αὑταῖς
2963 5625 3137 5696 ὕψεσι,
3169 5625 3235 5680 Μ.
3271 5633 3360 5681 bc.
3440 5631 3482 5657 "
3510 5628 3593 5680 καὶ
