3730 6298
354 273 459 329 479

1496 272 1557 328 S.
1597 270 1900 327 DlONYSll
1937 273 2400 334 AREOPAGITA‘J

3516 286 3629 341 480

352 397 524 451 vitate
554 395 822 465 perfundi,
849 403 1010 463 atque
1035 406 1187 448 sacra
1217 392 1451 461 quadam
1481 393 1752 463 voluptate
1775 400 1825 447 et

2152 394 2364 466 ροῦσθαι
2389 396 2483 448 καὶ
2503 394 2782 467 θειοτάτης
2803 398 3255 468 τροφῆς.οὑκοῦν
3272 398 3305 467 ἡ
3324 399 3425 454 τοῦ
3445 399 3625 473 μύρου

351 488 637 541 vinissimo
669 485 926 539 alimento
954 483 1166 537 satiari.
1195 481 1433 552 lpsamet
1465 484 1630 552 igitur
1666 484 1928 555 unguenti

355 580 586 650 mystica
622 574 963 645 compositio,
1001 575 1166 649 219
1195 577 1346 644 quasi
1383 576 1435 631 in
1471 578 1795 647 ﬁguratione
1838 591 1929 632 re-

352 686 472 727 rum
502 667 945 738 inﬁgurabilium,
978 669 1266 737 ipsummet
1288 667 1470 723 Jesum
1504 670 1657 724 nobis
1688 670 1932 741 depingit

352 779 473 820 esse
505 762 707 817 fontem
736 763 984 827 uberem,
1017 777 1049 817 e
1077 776 1184 830 quo
1215 761 1519 815 divinorum
1548 766 1777 818 odorum
1808 778 1930 817 sua-

351 859 548 911 vitates
581 854 931 918 hauriuntur,
958 855 1085 909 dum
1120 854 1562 924 proportionibus
1597 855 1926 925 divinOprin-

354 949 627 1018 eipalibus
665 948 718 1002 in
759 958 969 1002 mentes
1025 948 1263 1002 maxime
1308 946 1602 1001 deiformes
1645 946 1922 1003 divinissi-

351 1058 471 1097 mos
497 1041 619 1095 illos
650 1040 874 1108 spiritus
904 1039 1164 1102 infundit,
1191 1039 1386 1109 quibus
1421 1039 1666 1093 suaviter
1696 1038 1923 1105 aﬂ‘ectar,

350 1132 633 1201 sacrisque
672 1130 1115 1200 perceptionibus
1160 1130 1353 1199 plenze,
1394 1129 1624 1200 spiritali
1670 1129 1925 1184 alimonia

349 1226 730 1296 perfruuntur,
763 1227 890 1279 dum
931 1226 1313 1281 suaveolentes
1357 1226 1473 1281 ista:
1511 1225 1927 1281 distributiones

352 1318 537 1372 divina
571 1317 862 1383 largitione
892 1318 1191 1387 Spiritalem
1230 1319 1428 1374 animae
1465 1319 1767 1388 portionem
1796 1318 1926 1373 sub-

351 1418 500 1464 eunt.

2038 486 2336 556 συμϐολικὴ
2374 486 2638 552 σύνθεσις,
2674 488 2749 551 ὡς
2781 489 2838 541 ὲν
2884 488 3163 561 μορφώσει
3209 491 3321 544 τῶν
3357 493 3629 565 ἀμορφώ-

2032 595 2161 641 των,
2187 579 2347 632 αὑτὸν
2381 581 2511 649 ἡμῖν
2530 581 2835 651 ὑπογράφει
2866 582 2959 635 τὸν
2995 582 3203 653 Ἰησοῦν
3227 588 3468 657 πηγαῖον
3492 588 3627 640 ὄντα

2032 671 2141 725 τῶν
2193 670 2349 723 θείων
2406 671 2619 725 εὐωδῶν
2671 673 3005 745 ἀντιλήψεων
3059 674 3214 729 ὄλϐον
3239 716 3253 739 ,
3301 676 3625 747 ἀναλογίαις

2034 765 2347 836 θεαρχικαῖς
2381 766 2461 828 είς
2491 764 2562 817 τά
2599 766 2967 821 θεοειδέστατα
2988 768 3008 799 ⁸
3044 769 3152 823 τῶν
3189 770 3396 841 νοερῶν
3437 772 3625 824 ἀναδι-

2032 855 2197 939 δόνταν
2220 858 2346 920 τοὺς
2379 856 2683 921 θειοτάτους
2716 859 2941 929 ἀτμοὺς,
2977 862 3061 929 ἐφ’
3092 856 3175 925 οἷς
3206 864 3254 914 οἱ
3287 861 3409 926 νόες
3442 864 3624 915 εὐπα-

2032 946 2139 1010 θῶς
2184 948 2451 1018 ἡδόμενοι,
2502 949 2597 1002 καὶ
2652 950 2761 1005 τῶν
2796 954 2955 1023 ἱερῶν
2988 955 3327 1027 ἀντιλήψεων
3362 955 3623 1025 ἀποπλη-

2032 1041 2301 1112 ρούμενοι,
2326 1045 2498 1113 τροφῇ
2534 1047 2697 1114 νοητῇ
2731 1045 2987 1115 χρῶνται,
3034 1050 3099 1117 τῇ
3145 1046 3283 1116 πρὸς
3316 1047 3378 1099 τὸ
3433 1045 3623 1116 νοερὸν

2031 1133 2210 1186 αὐτῶν
2242 1134 2476 1187 είσδύσει
2506 1134 2615 1187 τῶν
2647 1134 2791 1196 κατά
2822 1136 2973 1197 θείαν
3009 1136 3225 1209 μέθεξιν
3258 1138 3479 1192 εὐωδῶν
3510 1138 3624 1189 δια-

2030 1225 2250 1283 δόσεων.

1906 1529 2062 1605 5v.

430 1697 690 1755 Existimo
739 1704 918 1749 autem
971 1708 1089 1748 esse
1138 1691 1506 1761 perspicuum,
1539 1691 1918 1760 superioribus
1948 1699 1991 1752 Β

351 1792 628 1854 essentiis,
680 1798 869 1857 utpote
919 1771 1305 1849 di‘vinioribus,
1348 1785 1568 1839 fontalis
1607 1783 1924 1854 fragrantia!

350 1882 790 1937 distributionem
812 1878 1251 1948 prepinquiorem
1270 1874 1673 1943 quodammodo
1693 1874 1925 1928 exsiste-

352 1989 430 2037 re,
488 1972 767 2042 magisque
822 1984 881 2025 se
931 1969 1037 2023 illis
1086 1982 1406 2038 expromere
1457 1981 1521 2021 ac
1574 1965 1921 2029 distribuere,

350 2073 565 2136 partem
597 2062 910 2118 earumdem
940 2061 1179 2115 maxime
1235 2058 1553 2113 deiforn.em
1595 2058 1927 2125 virtutisque

348 2154 614 2223 spiritalis
636 2153 1045 2224 capacissimam
1073 2152 1278 2206 aﬂ‘atim
1312 2148 1649 2212 mundando,
1680 2163 1746 2202 ac
1776 2147 1919 2201 mul-

351 2246 613 2316 tipliciter
641 2245 949 2309 subeundo;
977 2243 1042 2298 ad
1071 2245 1359 2298 inferiores
1387 2255 1591 2300 autem.
1620 2250 1675 2295 et
1696 2241 1788 2310 qui
1818 2256 1925 2294 non

346 2354 501 2406 aeque
546 2353 776 2407 capaces
801 2346 951 2403 sunt,
989 2352 1298 2405 supremam
1330 2336 1476 2390 illam
1506 2334 1924 2402 contemplatio-

350 2445 473 2483 nem
503 2438 670 2499 atque
696 2428 1131 2482 communionem
1170 2436 1486 2481 reverenter
1519 2426 1921 2489 contrahendo,

348 2520 593 2588 ejusdem
618 2519 1113 2589 participationem,
1146 2518 1593 2573 instillationibus
1618 2534 1808 2573 eorum
1834 2533 1925 2571 ca-

349 2610 469 2679 ptui
498 2610 947 2674 accommodatis,
969 2609 1152 2665 divina
1179 2609 1411 2680 quadam
1445 2609 1795 2679 proportione
1828 2609 1924 2664 de-

351 2704 556 2756 rivare.
600 2699 747 2756 Ordo
793 2702 978 2771 itaque
1023 2701 1349 2771 Serapbim,
1411 2702 1504 2770 qui
1546 2710 1766 2756 sanctas
1807 2701 1927 2755 illas

348 2794 507 2848 nobis
530 2792 946 2849 excellentior-es
966 2795 1230 2851 essentias
1256 2811 1416 2864 supra
1438 2795 1653 2850 modum
1679 2803 1924 2863 superat,

350 2888 406 2942 in
442 2889 546 2941 alis
586 2886 1256 2955 duodecitnsigniﬁcatur,
1287 2897 1476 2942 astans
1510 2887 1637 2941 Jesu
1678 2897 1730 2941 et
1761 2900 1927 2955 prope

349 2978 526 3049 ipsum
562 2979 880 3043 collocatus,
928 2980 1257 3034 beatissimis
1286 2978 1402 3047 ejus
1445 2978 1923 3047 contemplationi-

350 3073 475 3137 bus,
500 3082 763 3141 quantum
793 3072 877 3126 fas
906 3081 1009 3138 est,
1058 3088 1259 3127 vacans
1287 3082 1343 3125 et
1372 3071 1633 3140 spiritalis
1663 3072 1923 3127 distribu-

348 3163 515 3219 tionis
547 3164 598 3216 in
632 3163 992 3219 sanctissimis
1017 3161 1374 3231 receptaculis
1403 3170 1588 3216 sancte
1613 3160 1822 3230 plenus,
1846 3170 1920 3226 et,

350 3264 411 3307 ut
439 3254 679 3309 sensibili
711 3255 871 3310 modo
900 3256 1102 3317 dicam,
1140 3252 1366 3308 multum
1394 3254 1737 3307 decantatam
1774 3252 1921 3306 illam

349 3344 445 3398 Dei
485 3345 696 3399 laudem
728 3343 1039 3399 incessabili
1076 3359 1205 3399 voce
1235 3343 1619 3413 proclamans;
1648 3356 1803 3397 sacra
1844 3341 1921 3399 si-

349 3437 569 3507 quidem
602 3438 906 3494 caelestium
938 3438 1226 3505 spirituum
1277 3436 1513 3505 cognitio
1557 3444 1613 3489 et
1649 3432 1919 3489 indefessa

351 3538 460 3591 est,
479 3540 534 3582 et
558 3527 801 3583 divinum
828 3512 1000 3582 habet.
1018 3543 1258 3582 amorem
1277 3526 1676 3581 iudeﬁcientent
1698 3542 1714 3592 ;
1746 3525 1925 3580 omni-

352 3636 459 3689 que
504 3620 707 3675 :nalitia
730 3630 786 3677 el.
809 3621 1080 3676 oblivione
1126 3620 1376 3689 superior
1408 3620 1626 3685 existit;
1649 3619 1790 3673 unde
1812 3619 1924 3674 cla-

351 3727 470 3766 mor
506 3712 594 3766 ille
620 3712 983 3776 incessabilis,
1018 3728 1137 3767 meo
1169 3713 1390 3782 quidem
1414 3711 1641 3779 judicio,
1680 3710 1925 3778 designat

350 3804 741 3872 sempiternam
762 3820 950 3860 eorum
974 3814 1027 3858 et
1053 3804 1463 3869 immutabilem,
1484 3820 1607 3859 cum
1627 3804 1771 3857 omni
1796 3819 1924 3859 con-

356 3895 599 3949 tentione
616 3906 780 3965 atque
807 3897 1103 3966 gratiarum
1138 3896 1375 3961 actione,
1412 3910 1589 3950 rerum
1618 3895 1921 3951 divinarum

353 3988 633 4044 scientiam
666 3998 829 4058 atque
852 3989 1237 4060 cognitionem.

2095 1693 2252 1745 Ἔστι
2283 1692 2358 1757 δὲ,
2397 1690 2472 1755 ὡς
2497 1688 2669 1763 οἶμαι,
2699 1692 2875 1764 δῆλον,
2906 1697 2988 1749 ὅτι
3021 1696 3141 1756 ταῖς
3170 1693 3315 1763 ὑπὲρ
3340 1693 3490 1761 ἡμᾶς
3516 1693 3617 1743 οὑ-

2028 1784 2188 1848 σίαις,
2217 1784 2294 1847 ὡς
2333 1784 2653 1856 θειοτέραις,
2688 1788 2721 1857 ἡ
2758 1787 2856 1857 τῆς
2889 1787 3128 1857 πηγαίοις
3163 1785 3399 1847 εὐωδίας
3424 1785 3619 1836 ἀνάδορ

2026 1893 2108 1939 at;
2152 1878 2424 1948 ἐγγυτέρα
2452 1876 2566 1940 πώς
2595 1880 2730 1943 ἐστι,
2759 1880 2850 1931 καὶ
2892 1878 3089 1949 μᾶλλον
3118 1877 3290 1946 αὑτὴν
3311 1877 3331 1906 ⁷
3361 1874 3618 1943 ἐκφαίνει

2024 1969 2119 2022 καὶ
2143 1969 2447 2022 διαδίδωσιν
2470 1971 2490 2001 ⁸
2520 1972 2600 2034 είς
2630 1971 2690 2023 τὸ
2721 1971 3077 2023 διειδέστατον
3111 1968 3311 2031 αὐτῶν,
3376 1969 3471 2019 καὶ
3518 1967 3617 2018 εὑ-

2026 2060 2239 2114 εκτικδν
2269 2062 2369 2129 τῆς
2399 2062 2542 2115 κατά
2568 2062 2691 2116 νοῦν
2723 2062 3111 2132 ἀντιληΜικῆς
3139 2060 3427 2130 δυνάμεως
3452 2056 3620 2128 ἀφθό-

2023 2170 2129 2215 νως
2162 2151 2594 2223 ὑπερὸλύζουσα,
2644 2154 2737 2207 καὶ
2767 2152 3147 2216 πολυπλασίως
3184 2152 3204 2183 ⁹
3246 2150 3613 2221 εἰσδυομένηο

2024 2243 2161 2316 πρὸς
2204 2244 2259 2298 δὲ
2292 2244 2360 2298 τὰ
2389 2245 2497 2298 τῶν
2521 2246 2721 2317 νοερῶν
2758 2246 2800 2276 ¹⁰
2836 2245 3123 2315 ὑφειμένα,
3166 2246 3259 2298 καὶ
3302 2244 3380 2315 μὴ
3424 2241 3614 2296 ὡσαύ-

2023 2350 2131 2397 τως
2152 2334 2393 2397 δεκτικὰ,
2422 2334 2517 2405 τὴν
2535 2335 2843 2406 ὑπερτάτην
2873 2338 2912 2366 ¹¹
2940 2336 3221 2406 ἀχράντως
3240 2334 3615 2405 ἀποκρύψασα

2026 2426 2153 2481 θέαν
2196 2430 2288 2482 καὶ
2320 2427 2558 2499 μέθεξιν,
2589 2428 2870 2496 ἀναλόγοις
2898 2428 3008 2481 τῶν
3032 2428 3373 2499 μετεχόντων
3414 2428 3613 2496 ἀτμοῖς

2024 2520 2083 2572 ὲν
2135 2518 2451 2597 συμμετρίᾳ
2491 2518 2755 2589 θεαρχικῇ
2783 2517 3088 2571 διαδίδοται.
3121 2518 3239 2569 Τῶν
3284 2517 3426 2587 ὑπὲρ
3460 2517 3614 2585 ἡμᾶς

2024 2608 2115 2667 οὖν
2143 2611 2312 2679 ἁγίων
2337 2610 2532 2663 οὐσιῶν
2558 2613 2590 2681 ἡ
2625 2611 2779 2663 τόσον
2811 2610 3179 2680 ὑπερκειμένη
3205 2608 3315 2660 τῶν
3352 2608 3607 2678 Σεραφὶμ

2023 2702 2197 2767 τάξις,
2240 2704 2297 2754 ἐν
2326 2705 2393 2773 τῇ
2427 2702 2533 2755 τῶν
2556 2702 2842 2773 πτερύγων
2870 2703 2912 2733 ¹¹
2941 2698 3313 2754 δυοκαιδεκάδι
3344 2697 3609 2768 σημαίνε-

2022 2813 2134 2857 ται,
2178 2797 2303 2867 περὶ
2322 2796 2411 2849 τὸν
2447 2793 2654 2864 Ἰησοῦν
2684 2793 2894 2847 ἑστῶσα
2917 2793 3008 2853 καὶ
3041 2791 3320 2862 ἱδρυμένη,
3352 2791 3469 2851 τοῖς
3505 2805 3613 2858 μα·-

2024 2890 2385 2961 καριωτάτοις
2414 2886 2579 2943 αὑτοῦ
2615 2887 2898 2957 θεάμασιν,
2919 2886 2994 2949 ὡς
3020 2884 3259 2955 θεμιτὸν,
3286 2880 3614 2935 ἐπιϐάλλου-

2028 3002 2114 3045 σα,
2166 2985 2260 3036 καὶ
2305 2983 2404 3053 τῆς
2436 2982 2630 3053 νοητῆς
2677 2980 2965 3043 διαδόσεως
3016 2978 3178 3050 ἱερῶς
3222 2978 3279 3030 ὲν
3311 2976 3609 3043 πανάγνοις

2027 3075 2314 3143 ὑποδοχαῖς
2339 3072 2819 3144 ἁποπληρουμένη,
2848 3073 2943 3124 καὶ
2972 3071 3070 3142 τὴν
3094 3069 3607 3141 πολυύμνητον,αί-

2030 3167 2239 3240 σθητῶς
2267 3169 2461 3231 εἰπεῖν,
2489 3167 2768 3236 ἀσιγήτοις
2792 3166 3049 3235 στόμασιν
3076 3163 3459 3231 ἀνακράζουσα
3486 3161 3609 3213 θεο-

2028 3258 2247 3326 λογίαν·
2283 3260 2314 3329 ἡ
2362 3258 2469 3329 γὰρ
2501 3257 2622 3329 ίερά
2661 3257 2767 3309 τῶν
2803 3255 3185 3326 ὑπερκοσμίων
3227 3254 3363 3306 νοῶν
3405 3253 3609 3321 γνῶσις

2028 3348 2309 3418 ἀκάματος
2358 3348 2417 3401 τέ,
2460 3350 2595 3409 ἐστι,
2642 3349 2734 3399 καὶ
2773 3346 3145 3417 ἁκατάληκτον
3184 3345 3297 3414 ἔχει
3337 3345 3427 3397 τὸν
3463 3344 3607 3396 θεῖον

2030 3440 2225 3511 ἔρωτα,
2264 3441 2459 3502 κακίας
2487 3457 2545 3492 τε
2568 3440 2683 3509 ἅμα
2714 3439 2893 3507 πάσης
2918 3437 3235 3508 ὑπέρκειται
3277 3437 3372 3489 καὶ
3396 3435 3566 3506 λήθης
3591 3451 3604 3465 ’

2032 3532 2175 3595 ὅθεν,
2201 3532 2275 3595 ὡς
2303 3529 2476 3603 οἶμαι,
2513 3533 2573 3585 τὸ
2596 3532 2694 3602 τῆς
2724 3532 2982 3601 ἀσιγήτου
3010 3528 3256 3599 κραυγῆς
3289 3528 3609 3580 ὑπαινίσσεὲ

2029 3642 2119 3678 ται
2155 3624 2255 3695 τὴν
2280 3624 2495 3676 αἰώνιον
2542 3623 2720 3677 αὐτῶν
2758 3624 2849 3676 καὶ
2888 3622 3261 3692 ἀμετάστατον
3312 3621 3369 3670 ὲν
3422 3635 3607 3671 συντο-

2032 3716 2121 3787 νίᾳ
2150 3717 2297 3787 πάσῃ
2335 3717 2426 3769 καὶ
2457 3714 2780 3787 εὐχαριστίᾳ
2815 3713 2923 3769 τῶν
2965 3712 3125 3767 θείων
3164 3712 3473 3783 ἐπιστήμην
3505 3709 3608 3765 καὶ

2031 3810 2235 3881 νόησιν.

1900 4146 1929 4219 5
1974 4143 2078 4205 v1.

426 4308 782 4375 lncorporeas
839 4307 1055 4376 quidem
1115 4310 1477 4378 proprietates
1554 4310 1825 4378 serapliim
1892 4328 1899 4362 ε

2128 4304 2210 4366 Τὰς
2243 4302 2343 4375 μὲν
2371 4296 2464 4359 οὖν
2498 4298 2817 4369 ἀσωμάτους
2846 4296 2953 4349 τῶν
2980 4297 3222 4367 σεραφὶμ
3255 4294 3512 4363 ἰδιότητας
3540 4294 3601 4344 ἐν

352 4396 655 4465 Scripturis
682 4406 867 4452 sancte
894 4399 1185 4453 sensilibus
1212 4400 1397 4470 ﬁguris
1420 4400 1615 4469 quibus
1641 4416 1728 4455 res
1758 4402 1918 4457 intel-

355 4487 559 4542 lectiles
579 4488 890 4558 exprimunt
914 4492 1157 4561 depictas
1186 4493 1237 4547 itt
1258 4491 1557 4547 caalcstinm
1584 4491 1923 4546 bierarcbia-

352 4594 469 4633 rum
522 4579 983 4650 descriptionibus
1031 4584 1312 4653 praeclare,
1353 4584 1429 4637 uti
1465 4592 1615 4653 puto,
1648 4587 1922 4653 spectavi-

352 4687 493 4735 mus,
545 4673 760 4739 tuisque
815 4674 1150 4743 spiritalibus
1196 4676 1365 4730 ocnlis
1406 4676 1785 4741 exhibuimus;
1829 4679 1921 4732 sed

352 4763 606 4831 quoniam
639 4766 933 4821 etiamnum
982 4768 1047 4821 iis
1080 4770 1169 4837 qui
1214 4770 1454 4835 pontiﬁci
1490 4782 1804 4825 reverenter
1829 4788 1918 4827 as-

351 4855 570 4920 sistunt,
631 4856 777 4910 illam
830 4858 1001 4925 ipsam
1043 4857 1489 4911 sublimissimam
1520 4858 1920 4913 distinctionem

354 4955 510 5009 nobis
533 4962 921 5025 reprwscntant
951 4955 1210 5017 breviter,
1243 4954 1438 5008 iterum
1467 4954 1922 5008 immaterialibus

351 5047 522 5102 oculis
555 5064 716 5117 quam
754 5046 991 5102 maxime
1015 5047 1331 5101 deiformem
1367 5061 1553 5103 eorum
1578 5046 1919 5115 splendorem

353 5138 803 5207 contemplemur.

2022 4399 2131 4459 τοῖς
2154 4394 2369 4462 Λογίοις
2398 4391 2680 4460 αἰσθηταῖς
2707 4388 2877 4441 εἰκόσι
2904 4385 3012 4440 τῶν
3035 4386 3240 4457 νοητῶν
3270 4386 3314 4416 ¹⁸
3342 4388 3601 4453 ὲκφαντο-

2029 4490 2203 4561 ρικαῖς
2230 4485 2390 4557 ίερῶς
2415 4481 2923 4554 ἀναγεγραμμένας,
2949 4482 3005 4531 ὲν
3028 4481 3138 4541 τοῖς
3158 4477 3469 4546 διακόσμοις
3487 4475 3601 4527 τῶν

2025 4578 2430 4653 ὑπερουρανίων
2460 4574 2769 4646 ἱεραρχιῶν,
2793 4572 2866 4634 ὡς
2894 4568 3068 4642 οἶμαι,
3090 4570 3271 4633 καλῶς
3302 4569 3602 4639 ἐθεασάμε-

2025 4672 2113 4734 θα,
2162 4670 2254 4722 καί
2300 4671 2413 4732 τοῖς
2460 4670 2571 4730 σοῖς
2614 4668 2818 4739 νοεροῖς
2862 4662 3156 4732 ὀφθαλμοῖς
3211 4660 3595 4730 ὑπεδείξαμεν·

2024 4764 2175 4834 ὅμως
2200 4759 2384 4828 ἐπειδὴ
2410 4758 2505 4811 καλ⁹
2530 4756 2625 4810 νῦν
2649 4758 2698 4808 οί
2726 4756 2816 4807 τὸν
2842 4755 3100 4824 ίεράρχην
3130 4751 3295 4822 ίερῶς
3312 4749 3603 4821 περιεστῶο.

2026 4871 2138 4918 τες,
2170 4852 2340 4922 αὐτὴν
2395 4852 2526 4925 ἡμῖν
2554 4849 2767 4919 ἐκείνην
2793 4845 3131 4899 ἀποτυποῦσι
3160 4846 3260 4915 τὴν
3293 4842 3596 4914 ὑπερτάτην

2027 4948 2385 5019 διακόσμησιν
2414 4946 2471 4995 ὲν
2500 4944 2752 5011 ἐπιτομῇ,
2773 4940 2864 4993 καὶ
2890 4938 2985 4991 νῦν
3021 4933 3343 5001 ἀῦλοτάτσις
3378 4942 3420 4973 η
3451 4941 3601 5012 aqua

2028 5040 2125 5112 τὴν
2156 5037 2556 5106 θεοειδεστάτην
2584 5034 2759 5088 αὐτῶν
2791 5031 3018 5101 ἀγλαΐαν
3042 5029 3305 5100 ὰᾲόμεθα.

1661 5315 1889 5371 VARl/E
1928 5316 2218 5373 LECTION
2228 5318 2327 5373 ES.

448 5498 469 5528 ⁸
493 5497 571 5560 είς
599 5511 706 5551 ιιοη
737 5497 895 5551 habet
935 5497 1026 5565 ιι,
1058 5497 1157 5567 sed
1186 5497 1449 5567 duntaxat
1472 5496 1862 5567 θεοειδέστερα,
1894 5506 1945 5552 et
1972 5513 2118 5559 mox,
2146 5500 2273 5561 τοὺς
2298 5498 2603 5560 θειοτάτους
2628 5494 2823 5567 δηλοῦν
2850 5494 3225 5567 ἀτμοὺςηψλιαι
3256 5492 3435 5567 omnia
3470 5486 3595 5567 refl-

356 5566 433 5637 tlil
477 5568 625 5620 Scot.
726 5568 746 5597 ⁷
774 5566 990 5637 ἑαυτήν.

358 5636 769 5708 Sr.;ut_ram_que
804 5636 1089 5693 lectionem
1135 5637 1256 5691 Sar.
1289 5638 1575 5708 expressit.

355 5719 508 5765 ταις.
540 5703 609 5760 Μ.
647 5703 737 5760 Sc.

1088 5567 1108 5597 θ
1136 5566 1216 5618 ἔτι
1257 5566 1353 5618 και
1379 5567 1711 5634 διαδίδωσιν,
1743 5553 1809 5620 td.
1851 5553 1906 5599 ὐ
1935 5553 2369 5631 πολλαπλασίως,
2400 5568 2460 5620 n.
2539 5553 2599 5598 ια’
2626 5553 2807 5636 ἱερῶν,
2865 5553 2934 5617 υἱ
3000 5553 3216 5634 ίίὺέεὲρ
3255 5562 3473 5663 ἀρετήν,
3522 5555 3591 5609 Μ.

1088 5674 1089 5687 η
1135 5637 1256 5691 Sar.
1289 5638 1575 5694 expressit.
1672 5638 1713 5669 ¹²
1743 5637 1975 5694 πτερῶν,
2005 5638 2101 5694 Ch.
2131 5637 2186 5692 S.
2224 5639 2289 5692 il.
2525 5638 2567 5669 ¹³
2592 5637 2682 5691 καὶ
2708 5635 2816 5688 τῶν
2841 5634 3045 5694 νοητῶν
3066 5674 3081 5694 ,
3112 5633 3181 5688 Μ.
3324 5644 3342 5663 ⁸
3366 5632 3590 5694 ἀγιωταρ

1768 5655 1975 5710 πτερῶν,
2005 5655 2101 5694 un.
2131 5655 2186 5692 δ.
2224 5655 2289 5692 at.
2319 5655 2407 5693 ac.

2525 5638 2567 5669 ¹³
2592 5632 2690 5691 καῖ
2708 5635 2816 5688 τῶν
2841 5634 3045 5704 νοητῶν
3066 5674 3081 5697 ,
3112 5632 3197 5688 Μ(
3300 5632 3342 5663 λ’
3366 5632 3590 5697 ἀγιωταρ
