3728 6300
1212 337 1298 393 DE
1332 335 1612 394 ECCLES.
1658 335 2056 393 illERARCH..
2089 337 2245 394 CAP.
2283 336 2376 392 IV.

1668 453 1696 525 §
1737 449 1874 510 vn.

149 580 239 635 Τὸ
285 576 389 651 μὲν
418 571 511 630 οὗν
542 570 1031 647 ἀπειροπρόσωπον
1064 566 1242 623 αὐτῶν
1280 571 1374 623 καὶ
1416 568 1667 621 πολύπουτ

1882 567 2026 637 320
2050 568 2276 623 Inﬁnita:
2306 569 2523 638 quidem
2556 570 2723 626 facies
2764 586 2954 628 eorum
2991 576 3256 647 multique
3280 596 3376 649 pe-

64 669 498 742 ὲκφαντορικόν
534 667 698 726 ἐστιν,
732 664 807 726 ὡς
837 659 1011 733 οἶμαι,
1035 662 1135 733 τῆς
1166 659 1565 730 πολυθεάμονος
1589 660 1667 712 αὑ-

1882 660 2241 730 ιδίειιίίίοεηι,
2272 670 2332 715 ιιι
2366 662 2578 731 opinor,
2610 666 2719 718 vim
2756 668 3258 740 proprietatemque
3274 688 3372 727 eo-

63 764 197 816 τῶν
256 762 345 824 εἰς
389 759 487 822 τὰς
519 756 800 818 θειοτάτας
830 754 1123 824 ὲλλάμψεις
1160 752 1438 823 ἰδιότητος.
1470 753 1563 806 καὶ
1594 754 1667 822 τῆ.

1882 768 1912 804 n
1948 768 2053 821 qua
2097 751 2297 808 multas
2318 753 2533 807 divinas
2562 766 2796 809 cernunt
2828 757 3250 826 illustrationes,
3278 767 3376 817 bo-

68 856 417 925 ἁεικινήτου
446 853 538 905 καὶ
560 849 864 923 πολυπύρου
880 847 989 901 τῶν
1008 846 1168 899 θείων
1190 846 1410 915 ἀγαθῶν
1429 848 1667 917 νοήσεως

1882 858 2098 914 'umque
2126 844 2437 899 divinorum
2464 845 2904 915 intelligentiam,
2934 864 3055 918 quae
3085 853 3375 921 sempiter—

69 949 188 1019 τὴν
242 946 305 999 δὲ
336 945 443 997 τῶν
474 942 712 1014 πτερῶν,
732 940 806 1004 ὡς
828 939 897 993 τὰ
925 938 1097 1006 Λὸγιά
1120 956 1305 1009 φησιν,
1339 938 1575 1010 ἐξαπλῆν
1600 939 1667 992 θέ·

1916 947 2065 990 motu
2101 938 2295 998 cietur,
2340 937 2616 1007 multaque
2662 949 2948 1009 peragrat;
2995 956 3156 997 senas
3192 953 3374 999 autem

78 1058 200 1103 σιν,
230 1040 339 1091 οὐκ
370 1034 600 1107 ἀριθμὸν
636 1034 778 1105 ἱερὸν
809 1032 1093 1103 ἐμφαίνειν
1124 1031 1329 1101 οἴομαι,
1361 1030 1498 1083 κατὰ
1523 1031 1583 1083 τὸ
1604 1030 1667 1083 δά

1882 1042 1928 1091 s,
1961 1042 2096 1096 quas
2120 1026 2343 1096 Eloquia
2384 1040 2836 1096 commemorant,
2864 1045 2970 1084 non
3002 1033 3252 1087 existimo
3284 1051 3376 1090 sa.

76 1132 187 1197 ξαν
210 1131 450 1200 ἑτέροις,
478 1127 591 1180 ἀλλ’
614 1128 693 1179 ὅτι
720 1126 818 1195 τῆς
868 1142 931 1177 πε
942 1126 993 1196 pi.
1016 1124 1147 1177 Θεὸν
1172 1123 1483 1195 ὑπερτάτης
1506 1123 1667 1176 οὐσίας

1882 1135 1946 1172 un
1973 1136 2260 1173 numerum
2288 1122 2576 1184 denotare,
2600 1130 2658 1175 ut
2682 1122 3005 1190 quibusdam
3034 1125 3252 1193 placuit,
3280 1129 3374 1184 sed

78 1222 185 1273 καὶ
251 1220 465 1285 τάξεως
498 1217 813 1286 άναγωγικά
850 1216 942 1269 καὶ
975 1215 1219 1268 ἀπόλυτα
1254 1216 1532 1278 παντελῶς
1576 1218 1667 1269 ἐστ

1882 1226 1943 1265 as
1976 1212 2212 1265 virtutes
2244 1228 2517 1282 suprema:
2556 1213 2701 1267 illius
2729 1230 2850 1283 qua:
2871 1215 3017 1269 circa
3054 1217 3220 1272 Deum
3252 1234 3379 1274 ven-

1796 1314 1950 1358 satur
1978 1306 2233 1361 essentite
2274 1322 2372 1361 seu
2402 1308 2792 1375 distinctionis,
2816 1312 3046 1378 primas.
3069 1315 3295 1376 medias,
3321 1325 3379 1369 et

1795 1406 2092 1474 extremas,
2119 1414 2239 1454 esse
2270 1400 2429 1469 plane
2456 1402 2729 1469 spiritales
2756 1418 2819 1457 ac
2842 1404 3157 1470 deiformes,
3188 1424 3381 1477 super-

1798 1508 1863 1544 na
1891 1503 2094 1560 petere,
2112 1494 2437 1561 penitusque
2456 1493 2654 1549 liberas
2677 1496 2945 1550 exsistere
2967 1513 3033 1551 ac
3050 1513 3372 1566 supramun-

62 349 184 407 481
1212 347 1298 393 DE
1333 347 1612 394 ωιλλεδ.
1659 347 2056 393 "numnum.
2089 347 2245 394 CAP.
2284 347 2376 392 tv.
3266 347 3372 400 ‘33

79 1316 188 1367 καὶ
226 1315 600 1385 ὑπερκόσμια,
633 1312 700 1364 τά
734 1310 945 1382 πρῶτα,
980 1310 1071 1363 καὶ
1103 1309 1261 1380 μέσα,
1296 1312 1388 1363 καί
1411 1309 1693 1363 τελευταῖα

79 1405 207 1458 τῶν
264 1404 472 1474 νοερῶν
508 1404 676 1473 αὐτῆς
722 1404 815 1455 καὶ
854 1402 1102 1455 θεοειδῶν
1143 1401 1442 1471 δυνάμεων.
1475 1402 1635 1454 Ὅθεν
1658 1404 1692 1473 ἡ

81 1497 206 1550 τῶν
232 1497 449 1565 Λογίων
481 1496 746 1569 ἱερωτάτη
776 1496 955 1563 σοφία,
980 1495 1077 1566 τὴν
1097 1494 1205 1548 τῶν
1223 1494 1439 1566 πτερῶν
1465 1494 1693 1547 διάπλα-

89 1607 181 1641 σιν
217 1590 627 1660 ἱερογράφουσα
656 1590 718 1653 ιδ,
753 1590 881 1659 περὶ
910 1586 978 1640 τά
1005 1587 1194 1659 πρῶτα
1221 1588 1283 1651 ¹⁶,
1310 1588 1403 1640 καὶ
1428 1586 1497 1638 τά
1530 1587 1690 1658 μέσα,

88 1685 192 1735 καὶ
210 1685 347 1745 τοὺς
370 1682 532 1745 πόδας
568 1682 745 1734 αὐτῶν
776 1683 1016 1752 ἐντίθησι
1052 1681 1121 1734 τὰ
1156 1681 1350 1753 πτερὰ,
1378 1682 1440 1733 τὸ
1466 1680 1691 1735 καθόλου

90 1775 391 1847 πτερωτὸν
420 1775 597 1827 αὐτῶν
620 1774 964 1846 αίνισσομένη
1014 1775 1106 1827 καὶ
1132 1773 1471 1827 παντοδαπὸν
1486 1773 1585 1843 τῆς
1602 1772 1695 1824 ἐπὶ

88 1871 154 1923 τὸ
176 1869 359 1933 ὅντως
389 1867 448 1921 ὃν
478 1868 829 1939 ἁναγωγικῆς
859 1868 1157 1937 δυνάμεως.

1798 1584 1987 1638 diales.
2020 1583 2171 1639 Hanc
2202 1584 2272 1639 ob
2304 1599 2528 1637 causam
2564 1587 2936 1640 sacratissima
2971 1589 3265 1658 Scriptura:
3288 1604 3381 1643 sa—

1798 1675 2021 1743 pientia,
2055 1676 2179 1728 dum
2234 1675 2442 1728 alarum
2478 1676 2704 1745 ﬁguram
2759 1677 3016 1747 depingit,
3074 1680 3142 1732 ad
3192 1694 3385 1733 eorum

1800 1766 1989 1830 facies,
2024 1767 2314 1837 mediaque
2342 1782 2591 1836 corpora,
2626 1782 2689 1822 ac
2710 1769 2875 1836 pedes
2904 1785 3119 1839 pennas
3134 1771 3380 1836 adhibet,

1799 1872 1859 1916 ut
1890 1863 2151 1926 insinuet,
2207 1877 2301 1918 eas
2343 1864 2559 1929 penitus
2600 1865 2775 1919 alatas
2804 1880 2928 1920 esse
2955 1879 3121 1936 atque
3148 1868 3297 1921 omni
3328 1868 3382 1923 vi

1726 1972 1770 2027 Β
1800 1953 1867 2009 ad
1897 1954 1948 2009 id
1968 1955 2111 2023 quod
2136 1955 2409 2010 veraciter
2424 1955 2643 2011 exsistit
2665 1971 2878 2013 sursum
2902 1957 3054 2014 ferri.

1666 2099 1695 2173 δ
1727 2095 1893 2195 vin.

172 2264 241 2316 Εί
271 2261 334 2315 δὲ
360 2262 429 2315 τά
459 2261 726 2333 πρόσωπα
758 2261 996 2326 καὶτοὺς
1019 2261 1186 2323 πόδας
1218 2260 1570 2327 καλύπτουσι,
1602 2262 1698 2315 καὶ

99 2358 295 2427 μόνοις
315 2356 569 2408 πέτονται
590 2356 629 2385 ¹⁷
652 2355 836 2425 μέσοις
865 2358 1103 2426 πτεροῖς,
1132 2354 1382 2425 ἐννόησον
1412 2354 1589 2424 ίερῶς,
1614 2354 1697 2406 ὅτι

94 2446 369 2501 τοσοῦτον
398 2446 709 2520 ἐξῃρημένη
732 2446 840 2499 τῶν
875 2446 1193 2518 ὑπερτάτων
1233 2446 1429 2499 οὐσιῶν
1468 2449 1499 2517 ἡ
1545 2447 1699 2512 τάξις

96 2539 353 2610 εὐλαϐής
382 2540 499 2591 ἐστι
536 2540 665 2611 περὶ
710 2539 778 2591 τά
816 2530 930 2591 τῶν
960 2540 1197 2610 νοήσεων
1233 2540 1275 2570 ¹⁸
1306 2538 1474 2609 αὐτῆς
1508 2538 1701 2609 ὑψηλὸ-

96 2650 242 2702 τερα
272 2632 370 2685 καὶ
397 2632 688 2702 βαθύτερα,
720 2632 813 2685 καὶ
843 2632 1027 2703 μέσοις
1054 2634 1272 2701 πτεροῖς
1294 2632 1351 2683 ὲν
1389 2631 1701 2702 συμμετρίᾳ

99 2727 248 2798 πρὸς
281 2726 540 2779 θεοπτίαν
574 2727 834 2794 ἀνάγεται
864 2726 927 2790 ι’,
976 2727 1087 2790 τοῖς
1111 2725 1275 2788 θείοις
1306 2725 1491 2793 ζυγοῖς
1514 2726 1700 2777 ὑποτι-

96 2818 267 2871 θείσα
299 2818 399 2889 τὴν
421 2818 627 2871 οἰκείαν
655 2816 819 2889 ζωὴν,
854 2819 948 2870 καὶ
977 2818 1113 2885 πρὸς
1137 2818 1326 2870 αὐτῶν
1360 2816 1520 2889 ἱερῶς
1543 2817 1697 2869 εὐθε-

98 2930 202 2963 του
212 2912 354 2983 μὲνη
378 2913 513 2983 πρὸς
536 2914 633 2984 τὴν
666 2914 865 2982 ἑαυτῆς
895 2911 1369 2983 ὲπιγνωμοσύνην.

1876 2260 2033 2328 Quod
2086 2260 2131 2314 si
2188 2258 2356 2315 facies
2403 2260 2680 2329 pedesque
2738 2260 3021 2331 obtegunt,
3081 2262 3383 2329 mediisque

1806 2363 2014 2408 tantum
2046 2352 2148 2407 alis
2187 2352 2391 2417 volant,
2425 2353 2684 2424 intellige,
2722 2363 2827 2408 tam
2852 2365 3199 2424 prarstantem
3229 2372 3382 2410 sum-

1808 2458 2015 2497 marum
2049 2453 2367 2497 naturarum
2406 2443 2650 2497 ordinem
2694 2446 2928 2499 revereri
2954 2461 3014 2499 ea
3046 2462 3164 2515 qua:
3188 2446 3382 2499 altiora

1804 2534 2268 2605 profundioraqne
2313 2546 2461 2600 sunt,
2504 2550 2664 2604 quam
2704 2546 2762 2591 ut
2794 2537 3143 2605 intelligendo
3169 2538 3383 2606 assequi

1803 2636 2035 2704 possint,
2063 2637 2366 2704 mediisque
2394 2633 2496 2687 alis
2529 2636 2808 2690 moderate
2834 2638 2899 2690 ad
2934 2637 3024 2689 Dei
3049 2636 3385 2706 contempla-

1808 2729 2005 2783 tionem
2040 2729 2220 2790 evehi,
2251 2728 2378 2781 dum
2423 2736 2476 2783 et
2506 2728 2703 2783 divinis
2747 2728 2991 2783 lancibus
3031 2730 3194 2783 vitam
3229 2743 3383 2782 suam

1803 2818 2044 2886 subjicit,
2079 2827 2133 2873 et
2165 2818 2233 2874 ab
2262 2818 2327 2873 iis
2354 2827 2545 2873 sancte
2596 2819 2663 2873 ad
2708 2821 2791 2875 sui
2828 2820 3075 2874 notitiam
3102 2836 3387 2892 prornove-

1804 2917 1913 2969 tur.

1672 3072 1701 3146 ς
1743 3069 1855 3130 rx.

168 3240 248 3292 Τδ
263 3238 322 3292 δὲ
338 3237 451 3300 τοῖς
469 3237 683 3305 Λογίοις
714 3234 1026 3307 εἰρημένον,
1044 3236 1121 3299 ὡς
1149 3236 1277 3289 ἐκέκ
1286 3251 1445 3306 ραγον
1460 3236 1505 3267 ¹⁰
1522 3235 1609 3287 ἓτε
1619 3252 1667 3307 ρι

1886 3233 2040 3301 Quod
2088 3244 2269 3290 autem
2316 3234 2597 3306 Scriptura
2639 3237 2804 3301 dicat,
2844 3237 3127 3293 Clamabat
3155 3238 3291 3294 alter
3320 3242 3389 3296 ad

113 3332 255 3402 πρὸς
273 3331 365 3383 τὸν
384 3329 470 3381 ἒτε
479 3347 590 3401 ρον,
605 3330 781 3383 ἐκεῖνο
794 3325 944 3399 οἶμαι
960 3328 1173 3399 δηλοῦν,
1190 3330 1270 3383 ὅτι
1286 3329 1392 3382 τῶν
1407 3327 1705 3383 θεοπτικιῖη

114 3424 299 3477 αὐτῶν
340 3424 577 3494 νοήσεων
621 3421 869 3493 ἀλλήλοις
900 3422 1145 3492 ἀφθόνως
1192 3421 1552 3494 μεταδιδόασι.
1600 3421 1708 3473 Καὶ

115 3517 280 3570 τοῦτο
303 3517 367 3569 δὲ’
391 3516 541 3587 ἱερᾶς
567 3514 888 3585 ἀξιώσωμεν
917 3517 1138 3587 μνήμης
1155 3556 1170 3580 ,
1199 3514 1275 3579 ὡς
1301 3516 1333 3586 ἠ
1366 3515 1474 3568 τῶν
1495 3515 1706 3583 Λογίων

110 3610 340 3680 Ἐϐραία
353 3609 504 3677 φωνὴ
531 3609 650 3660 κατ’
682 3608 991 3679 ὲμφατικὴν
1018 3610 1060 3639 ¹¹
1086 3608 1403 3679 ἐπωνυμίαν
1429 3608 1583 3661 καλεῖ
1609 3607 1707 3670 τὰς

121 3700 431 3766 ἁγιωτάτας
462 3700 569 3751 τῶν
602 3700 855 3770 Σεραφὶμ
886 3700 1093 3763 οὐσίας,
1142 3703 1206 3753 ἐκ
1242 3699 1337 3752 τοῦ
1375 3699 1517 3754 κατὰ
1554 3699 1705 3753 θείαν

123 3794 217 3843 καὶ
290 3790 545 3859 ἀκίνητον
565 3792 607 3822 ²ν²
638 3789 781 3861 ζωὴν
804 3790 1068 3862 διαπύρου
1101 3792 1193 3845 καὶ
1219 3789 1594 3862 ὑπερζέοντος.

1646 4093 1797 4166 §X.

201 4272 373 4345 Εἴπερ
403 4271 495 4325 οὖν
527 4274 592 4338 υ,
620 4272 696 4339 ὡς
721 4275 770 4328 οἰ
806 4274 875 4329 τά
905 4275 1171 4348 Ἐϐραίων
1190 4277 1710 4349 άφερμηνεύσαντές

133 4383 312 4436 φασιν,
341 4367 389 4417 ei
421 4365 682 4420 θειότατοι
734 4369 977 4440 σεοαφὶμ
1006 4371 1343 4438 ἐμπρησταὶ
1372 4372 1465 4425 καὶ
1482 4374 1713 4443 θερμαί-

131 4475 339 4524 νοντες
363 4459 467 4511 ὑπὸ
482 4460 578 4530 τῆς
601 4459 875 4528 θεολογιας
897 4449 1313 4534 ὠνομάσθησαν,
1338 4465 1712 4539 ὲκφαντορικῷ

130 4550 232 4619 τῆς
259 4549 549 4613 οὑσιώδους
578 4551 756 4604 αὐτῶν
776 4552 943 4616 ἕξεως
966 4554 1211 4624 ὀνόματι,
1245 4556 1339 4608 τοῦ
1366 4556 1511 4609 θείου
1539 4558 1585 4589 ³³
1620 4558 1713 4627 μύ-

135 4658 231 4713 mu
292 4640 433 4693 κατὰ
480 4642 815 4713 συμϐολικὴν
863 4645 1280 4715 εἰκονογραφίαν
1326 4644 1713 4716 ἀνακινητικὰς

1814 3326 2067 3395 alterum,
2118 3327 2223 3382 hoc
2263 3328 2515 3383 existimo
2549 3328 2879 3400 signiﬁcare,
2908 3331 3051 3400 quod
3079 3330 3387 3386 divinarum

1812 3435 2035 3475 suarum
2081 3422 2350 3476 visionum
2397 3430 2449 3477 et
2493 3421 2970 3491 inlelligentiarurn
3021 3425 3394 3493 participatio-

1812 3528 1936 3567 nem
1993 3514 2115 3567 sine
2154 3513 2354 3568 invidia
2406 3513 2509 3567 sibi
2564 3525 2752 3567 mutuo
2786 3516 3210 3569 communicent.
3250 3516 3390 3583 Quin

1808 3609 1971 3663 etiam
1998 3608 2099 3663 hoc
2124 3616 2425 3661 memoratu
2452 3608 2693 3677 dignum,
2725 3608 2864 3677 quod
2890 3608 2942 3661 in
2969 3610 3141 3663 sacris
3172 3608 3397 3663 Litteris

1807 3700 2169 3755 Sanctissima:
2205 3699 2309 3755 illa:
2357 3709 2563 3753 natura:
2589 3714 2852 3768 perquam
2896 3700 3266 3769 significanter
3292 3699 3397 3754 lle-

1808 3791 1997 3845 braica
2026 3806 2155 3846 voce
2176 3790 2460 3859 Serapliim
2487 3790 2842 3859 appellentur,
2867 3793 3008 3862 quod
3025 3792 3277 3845 nimirum
3299 3806 3399 3860 per

1811 3882 2051 3936 divinam
2087 3897 2407 3950 semperque
2442 3883 2695 3937 mobilem
2722 3884 3060 3945 vitatusuatn
3092 3885 3393 3953 ignescant,

1814 3987 1869 4031 et
1893 3993 2055 4045 supra
2082 3976 2301 4030 modum
2340 3977 2605 4029 ferveant.

1889 4280 1947 4335 Si
1978 4280 2166 4351 igitur,
2212 4288 2272 4335 ut
2320 4278 2707 4337 llcbraicorum
2738 4283 3019 4336 nominum
3065 4282 3397 4357 interpretes

1818 4374 2105 4439 allirmant,
2141 4374 2460 4431 divinissimi
2485 4374 2559 4429 illi
2593 4378 2871 4447 seraphirn
2901 4379 3198 4435 incensore:
3224 4389 3279 4433 et
3302 4398 3395 4434 ca-

1817 4468 2093 4538 lcfactores
2136 4484 2164 4523 a
2200 4466 2481 4538 Scriptura
2517 4471 2890 4534 nominentur,
2941 4472 3087 4540 quod
3119 4472 3171 4526 id
3200 4488 3394 4527 nomen

1818 4571 2019 4613 statum
2065 4573 2254 4613 eorum
2298 4559 2605 4614 naturalem
2636 4561 2929 4631 exprimat,
2990 4561 3213 4630 utique,
3239 4562 3394 4630 juxta

1818 4650 2177 4720 symbolicam
2222 4650 2631 4721 eﬁigiationem,
2694 4654 2896 4707 habent
2937 4654 3197 4724 unguenti
3227 4653 3397 4707 divini

135 4737 312 4800 ἔχουσι
346 4730 605 4800 δυνάμεις
631 4732 676 4763 ³⁸
727 4734 807 4795 είς
837 4732 1099 4802 ἕκφανσιν
1126 4736 1255 4788 αὐτὸ
1290 4737 1381 4788 καὶ
1408 4736 1667 4807 δραστικο

1882 4758 1963 4797 res
1994 4742 2137 4808 illas,
2170 4758 2289 4812 qua:
2312 4760 2528 4799 sursum
2564 4754 2732 4814 agunt
2768 4746 2833 4799 ad
2867 4746 3043 4815 ipsum
3086 4748 3399 4813 exprimen-

134 4829 303 4898 τέρων
329 4826 519 4897 ἀτμῶν
566 4827 802 4881 διάδοσιν
853 4828 1278 4899 ὲκκαλουμένας.
1336 4830 1398 4881 Ἡ
1430 4828 1538 4900 γὰρ
1572 4829 1711 4900 ὑπὲρ

136 4920 256 4975 νοῦν
279 4920 485 4990 εὐώδης
507 4921 664 4974 οὐσία
681 4922 815 4992 πρὸς
841 4921 950 4973 τῶν
972 4920 1247 4991 διαπύρων
1276 4922 1369 4973 καί¹
1396 4920 1712 4991 καθαρωτά-

137 5030 242 5067 των
282 5012 419 5066 νοῶν
468 5015 547 5077 είς
580 5013 843 5083 ξκφανσιν
879 5014 1249 5067 ἀνακινεῖσθαι
1282 5014 1443 5082 φιλεῖ,
1490 5014 1583 5066 καὶ
1611 5014 1711 5078 τὰς

140 5106 413 5168 θειοτάτας
448 5106 617 5175 αὐτῆς
660 5106 943 5171 ἐπιπνοίας
981 5107 1037 5158 ὲν
1072 5107 1384 5171 πανολϐίαις
1416 5107 1712 5160 διαδόσεσιν

140 5198 381 5268 δωρεῖται
405 5198 519 5259 τοῖς
552 5195 725 5259 οὕτως
748 5193 916 5267 αὐτὴν
958 5197 1345 5268 ὑπερκοσμίως
1370 5197 1711 5269 ἐκκαλουμέ-

142 5307 264 5351 mag.
305 5288 516 5343 Οὐκοῦν
555 5290 592 5360 ἡ
631 5287 878 5361 θειοτάτη
922 5288 1032 5342 τῶν
1077 5290 1487 5361 ὑπερουρανίων
1516 5290 1715 5345 οὐσιῶν

1819 4834 1971 4899 dum,
2002 4844 2057 4890 et
2088 4836 2155 4891 ad
2180 4835 2520 4893 efﬁcaciores
2556 4852 2784 4907 vapores
2810 4837 3217 4892 distribuendos
3257 4837 3398 4891 inei-

1822 4937 1956 4983 tant.
2018 4928 2229 4983 Etenim
2273 4929 2508 4983 essentia
2569 4929 2679 4992 illa,
2730 4926 2884 4996 cujus
2924 4927 3109 4983 odoris
3156 4929 3401 4983 suavitas

1821 5027 2054 5073 mentem
2093 5028 2334 5087 superat,
2357 5020 2428 5074 ab
2457 5019 2630 5088 igneis
2659 5018 3078 5088 purissitnisque
3119 5018 3401 5073 mentibus

1821 5106 1889 5160 ad
1918 5106 2001 5159 sui
2031 5104 2529 5161 rnanifestationem
2552 5107 2770 5162 invitari
2802 5116 2970 5172 amat,
2998 5108 3398 5163 divinissitnas-

1820 5212 1928 5266 que
1956 5212 2083 5251 suas
2116 5197 2499 5266 inspirationes
2525 5197 2970 5253 lueulentiss'tmis
2995 5199 3399 5255 distributioni-

1822 5292 1925 5346 bus
1952 5291 2260 5361 impertitur
2300 5293 2365 5347 iis
2424 5292 2515 5360 qui
2558 5291 2638 5346 sic
2686 5291 2831 5347 illam
2882 5292 3403 5362 supramumlialiter

1442 5443 1672 5499 VARl/E
1713 5443 2119 5501 LECTIONES.

232 5635 267 5664 ¹⁵
290 5631 471 5703 scribe
503 5630 904 5703 ίερογραφοῦσα
927 5672 941 5695 ,
974 5633 1045 5703 ita
1080 5629 1231 5685 Vien.
1305 5631 1349 5661 ¹⁶
1377 5628 1662 5703 πρδσωπα,
1693 5629 1750 5684 S.
1780 5629 1837 5703 Ρ.
1875 5630 1977 5685 Cb.
2041 5632 2083 5703 ‘1
2112 5632 2392 5703 πέτανται,
2449 5632 2551 5703 CII‘
2587 5634 2646 5688 D.
2686 5632 2744 5703 S.

153 5706 189 5736 "
214 5705 414 5772 ἄγεται,
444 5702 503 5755 S.
556 5699 950 5773 Ἲοὸιέπραγεν,
983 5702 1042 5755 D.
1116 5705 1157 5734 ¹¹
1187 5699 1545 5774 specuum
1620 5703 1667 5774 "7
1690 5702 2020 5774 ἀεικίνητον,
2050 5700 2107 5757 S.
2144 5702 2203 5756 Ρ.
2232 5704 2333 5758 Cb.
2416 5703 2459 5735 ³³
2508 5699 2658 5759 εἶπον
2682 5702 2798 5774 οὖν,
2845 5705 2914 5761 Μ.

636 5776 676 5804 ³³
707 5770 914 5844 ξχοντες
937 5774 1191 5845 δυνάμεις
1220 5770 1297 5835 εἰς
1333 5773 1589 5841 ἕκφανσιν
1615 5771 1801 5837 αὑτοῦ,
1823 5770 1901 5827 Μ.
1926 5770 2017 5827 Sc.

150 5776 297 5835 ‘iaiw,
337 5774 405 5825 Μ.
446 5774 533 5827 Sc.

2830 5634 2872 5667 “'
2911 5632 3008 5698 t'g
3041 5643 3299 5708 νοήσεως,
3334 5637 3397 5690 ῐ).

2845 5705 2914 5760 Μ.
3137 5709 3182 5741 ⁸³
3206 5708 3299 5760 τοῦ
3345 5704 3397 5760 δι

2990 5707 3058 5762 ic.
3123 5704 3182 5741 ³³
3206 5708 3299 5760 τοῦ
3345 5704 3403 5761 δι
