3728 6296
553 181 572 218 ι

361 325 458 386 ὅθί

1442 360 1449 368 .
1527 311 1585 372 S.
1625 313 1932 370 DIONYSII
1969 307 2433 369 AREOPAGITIE

3541 297 3639 352 ιω

361 449 456 501 sed
489 458 608 514 qtuc
645 453 772 498 sunt
814 443 970 513 (cum.
995 442 1138 496 enim
1173 441 1239 495 ab
1275 438 1401 494 aliis
1433 439 1754 507 dissideant.
1798 451 1888 506 qut

2137 431 2437 504 πρέφεται,
2460 425 2601 480 τοῦτ’
2623 423 2792 486 ἐστιν,
2814 422 2874 477 ού
2909 417 3182 494 φροντίζει
3208 413 3523 482 κενοδόξως
3542 416 3640 466 τῶν

361 539 523 594 modo
544 545 792 607 quaerunt
818 549 1100 605 apparere,
1131 547 1254 591 cum
1285 547 1351 588 ea
1392 545 1512 601 quae
1537 540 1798 598 apparent
1831 545 1935 582 non

362 628 470 683 sint
515 627 810 695 omninoi),
837 629 930 681 sed
977 629 1180 680 bonum
1220 639 1461 694 quoque,
1492 623 1634 692 quod
1667 637 1696 674 a
1735 635 1794 675 se
1820 620 1938 689 ipso

2047 528 2122 598 μὴ
2143 520 2554 594 ἀποδεχομένων
2591 515 2701 569 ἐσθ’
2729 516 2818 569 ὅτε
2840 515 2940 579 τάς
2965 513 3095 585 παρ’
3124 509 3287 565 αὐτοῦ
3312 507 3563 578 κρίσεις·
3587 507 3640 558 aii

2042 615 2152 688 γὰρ
2177 610 2482 685 ἐπιτηδεύει
2503 607 2658 675 δόξαν
2682 605 2827 678 ἐχειν
2853 603 3010 676 παρὰ
3045 599 3370 673 ἀνθρώποις.

367 733 472 772 non
497 728 601 785 est,
623 716 958 786 iudicantes,
981 731 1037 773 et
1068 722 1210 775 sicut
1234 729 1425 773 natura
1446 687 1557 771 sua
1588 732 1648 772 se
1675 687 1858 779 habet,
1886 712 2177 768 simulacra
2213 709 2458 777 quamam
2485 711 2613 759 sunt
2646 699 2843 755 divina:
2871 697 3206 768 fragrantize,
3249 693 3302 748 id
3339 700 3436 746 est
3473 687 3644 759 ipsius

360 810 477 874 Dei,
504 811 594 878 qui
619 813 817 866 bonum
851 827 946 882 per
971 830 1030 869 se
1058 815 1265 869 faciens
1287 813 1353 866 ad
1375 825 1566 868 onmes
1587 810 1808 864 minime
1837 804 2199 867 convertitur,
2225 802 2378 856 idest
2419 796 2584 868 226
2603 794 2825 849 minime
2852 801 3026 858 curat,
3049 789 3191 844 inani
3215 785 3392 858 gloria
3422 786 3642 847 doctus,

359 917 454 956 eos
479 903 570 971 qui
600 905 891 975 aliquando
920 924 1025 961 non
1061 908 1361 978 suscipiunt
1400 905 1519 973 ejus
1541 908 1762 963 decreta
1798 922 1814 959 :
1841 916 1948 957 non
1973 900 2115 955 enim
2135 896 2320 964 studet
2344 893 2570 963 gloriam
2610 891 2677 945 ab
2702 887 3011 942 hominibus
3041 885 3260 939 habere.

369 1035 372 1038 -
447 1000 476 1071 ς
515 999 579 1054 II.
620 1000 911 1068 Ceterum,
945 1002 1149 1072 inquit,
1173 1019 1297 1059 cum
1341 1001 1788 1058 introductoriam
1819 1013 1946 1053 con-

361 1094 769 1162 templationem
797 1096 1162 1164 attulerimns,
1187 1098 1412 1167 agedum
1437 1097 1692 1166 deinceps
1718 1095 1944 1150 divinio-

357 1204 468 1241 rem
511 1187 995 1258 sublimiorcmque
1053 1190 1170 1259 ejus
1225 1191 1678 1254 pulchritudinem
1728 1189 1942 1242 intuea-

357 1294 503 1340 ntur,
546 1278 825 1348 ipsamque
873 1293 972 1347 per
1015 1296 1074 1335 se
1119 1280 1291 1335 lucem
1341 1280 1668 1350 spiritalem,
1716 1279 1939 1334 sublatis

357 1369 724 1436 uelaminibus,
753 1371 1182 1439 ronteinplemur,
1221 1383 1277 1428 et
1309 1373 1481 1442 ipsius
1517 1371 1815 1444 fragrantia
1852 1387 1942 1424 re-

357 1461 625 1530 pleamur.
658 1461 848 1533 Neque
891 1465 1030 1518 enim
1079 1466 1333 1535 unguenti
1377 1465 1674 1530 confectio,
1721 1463 1864 1534 quod
1911 1479 1940 1515 ιι

359 1554 708 1609 multitudine
735 1570 840 1609 non
883 1551 1148 1618 videatur,
1180 1557 1384 1611 idcirco
1409 1556 1577 1611 etiam
1609 1555 1940 1617 bierarcluu,

359 1655 416 1699 et
447 1647 512 1698 iis
536 1648 626 1713 qui
662 1662 785 1700 cum
822 1648 935 1717 ipso
959 1658 1107 1712 sunt,
1131 1648 1502 1718 inspectabilis
1529 1648 1796 1706 exsistet:
1843 1648 1943 1702 sed

2050 1037 2054 1045 .
2122 995 2150 1066 ς
2181 995 2246 1046 Η.
2290 989 2508 1060 Ἐπειδὴ
2550 987 2651 1059 τὴν
2691 980 3061 1053 εἰσαγωγικὴν
3098 977 3334 1049 Θεωρίαν
3357 973 3606 1046 εἴπομεν
3629 1009 3646 1036 ,

2048 1065 2202 1158 φησὶ,
2231 1085 2362 1155 φέρε
2387 1081 2574 1134 λοιπὸν
2616 1080 2694 1142 είς
2731 1076 2797 1129 τὸ
2842 1073 3138 1140 θειότερον
3165 1070 3260 1123 καί⁵
3307 1065 3647 1138 ὑψηλότερον

2046 1177 2276 1241 κάλλος
2307 1173 2497 1241 αὐτῆς
2526 1167 2982 1238 ἁποϐλέψωμεν,
3025 1164 3118 1218 καὶ
3150 1159 3649 1230 ἀποκαλυψάμενοι

2043 1269 2112 1323 τὰ
2133 1265 2630 1339 παραπετάσματα,
2660 1261 2852 1329 αὐτὴν
2878 1259 2994 1326 τὴν
3020 1253 3246 1322 νοητὴν
3259 1252 3504 1321 αἴγλην·
3526 1253 3650 1304 θεα-

2044 1360 2298 1430 σώμεθα,
2319 1359 2414 1412 καὶ
2429 1357 2528 1429 τῆς
2550 1353 2760 1409 ἐκεῖθεν
2779 1350 3009 1414 εὐωδίας
3027 1343 3467 1419 ἐμφορηθῶμεν.
3501 1340 3648 1394 Οὐδὲ

2045 1450 2178 1520 γὰρ,
2211 1448 2396 1522 ἐπειδὴ
2416 1450 2530 1511 τοῖς
2553 1446 2768 1508 πολλοῖς
2805 1445 2951 1496 ἐστιν
2985 1439 3214 1501 ἀθέατος
3241 1438 3279 1505 ἡ
3313 1433 3650 1503 τοῦμύρου

2047 1543 2483 1613 “laureum-la,
2520 1541 2622 1612 ἤδη
2653 1539 2747 1592 καὶ
2774 1536 2850 1607 τῷ
2880 1535 3112 1607 ἰεράρχῃ
3141 1531 3314 1594 οὕτως
3351 1529 3521 1582 ἔσται
3553 1568 3568 1588 .
3617 1526 3646 1596 ἦ

2048 1639 2161 1700 τοῖς
2187 1633 2315 1706 περὶ
2344 1634 2522 1687 αὐτόν·
2560 1630 2676 1684 ἀλλ’
2707 1629 2846 1700 αὑτὴ
2877 1628 2975 1698 μὲν
2999 1627 3155 1697 ἄχρις
3188 1623 3375 1676 αὐτῶν
3395 1620 3650 1690 διαφέρει

360 1752 487 1790 cum
534 1711 586 1791 in
631 1736 718 1792 liis
758 1711 976 1806 quidem
1005 1711 1239 1793 excellal
1273 1738 1392 1808 ejus
1417 1737 1828 1807 contemplatio,
1861 1736 1888 1806 il

2137 1746 2139 1764 ν
2175 1727 2305 1798 περὶ
2332 1724 2506 1795 αὐτῆς
2531 1721 2790 1793 θεωρίαν,
2834 1718 2989 1770 αὐτοὶ
3018 1716 3074 1770 δὲ
3097 1714 3173 1778 ὡς
3202 1711 3398 1784 τιμίαν
3427 1711 3649 1780 ἐκείνην

359 1831 521 1884 simet
565 1829 710 1884 illam
753 1841 1021 1900 tanquam
1067 1830 1392 1899 pretiosam,
1424 1840 1492 1886 et
1536 1829 1678 1900 vulgi
1725 1837 1944 1897 captum

361 1923 718 1978 excedentem
736 1924 1087 1979 abscondunt
1117 1931 1172 1978 et
1194 1937 1222 1975 a
1249 1922 1594 1977 multitudine
1627 1931 1940 1977 secernunt.

363 2013 517 2083 Sa'pe
545 2015 692 2070 enim
723 2014 774 2067 in
814 2014 955 2068 libro
993 2013 1066 2067 De
1090 2014 1282 2068 divinis
1307 2014 1603 2067 nominibus
1631 2011 1945 2081 explanavi-

361 2121 506 2171 mns,
537 2106 664 2174 quid
710 2105 783 2160 sit
814 2103 1148 2160 ,iutellectile'
1195 2115 1251 2160 et
1279 2105 1408 2174 quid
1447 2104 1776 2177 intelligens.
1833 2103 1945 2157 ll‘uc

362 2201 526 2269 igitur
568 2199 732 2252 etiam
778 2198 867 2254 hic
912 2199 1074 2262 dicit;
1112 2199 1321 2252 sanctis
1366 2197 1499 2261 illis,
1553 2198 1644 2267 qui
1689 2199 1944 2266 episcopo

361 2302 559 2361 praesto
599 2299 728 2345 sunt
777 2300 1032 2360 tanquam
1087 2289 1389 2345 intellectili
1427 2289 1528 2343 luci
1572 2288 1821 2358 cognatis
1851 2289 1947 2358 (si-

359 2384 578 2452 quidem
612 2381 717 2437 diei
755 2381 1001 2450 lucisque
1033 2380 1127 2434 filii
1170 2382 1320 2451 sunt)
1368 2381 1536 2435 Deum
1564 2395 1670 2434 non
1696 2395 1790 2448 per
1812 2379 1945 2434 alte-

363 2475 478 2534 rius
496 2475 820 2538 doctrinam,
848 2471 943 2527 sed
969 2485 1068 2540 per
1090 2471 1440 2539 semetipsum
1472 2469 1592 2524 illos
1621 2467 1944 2522 illustrando

365 2565 680 2636 mysterium
717 2563 1188 2632 contemplationis
1216 2561 1496 2627 revelare;
1522 2561 1775 2630 quocirca
1809 2559 1943 2630 ipsis

367 2673 474 2711 non
524 2646 878 2726 circmnjacet
932 2657 1106 2709 velum
1153 2656 1204 2708 iu
1247 2654 1431 2708 divino
1469 2662 1785 2723 unguento,
1847 2652 1942 2706 sed

367 2751 603 2806 revelata
642 2749 805 2813 facie,
829 2749 1132 2803 secundum
1162 2747 1505 2816 Apostolum,
1531 2744 1786 2817 mysteria
1815 2760 1945 2810 con-

366 2841 729 2910 templantnr;
776 2855 882 2893 non
925 2838 1181 2908 perfectis
1229 2848 1410 2894 autent
1462 2853 1598 2908 opus
1631 2846 1717 2892 est
1748 2835 1940 2907 signis.

363 2934 574 2988 Idcirco
602 2933 701 3001 ipsi
732 2940 877 2993 sunt,
909 2930 1000 3000 qui
1034 2940 1366 3000 unguentum
1405 2930 1579 2990 sacris
1614 2930 1714 2983 alis
1753 2938 1944 2997 cente-

362 3034 518 3096 gunt,
548 3035 600 3080 et
633 3039 663 3078 a
697 3022 1043 3094 multitudine
1076 3030 1388 3077 secernunt.
1425 3021 1717 3091 Episcopos
1759 3031 1940 3074 autem

363 3128 525 3173 vocat
569 3115 962 3186 speculatores,
999 3113 1444 3182 quandoquidem
1463 3113 1638 3179 etiam
1674 3127 1704 3165 a
1730 3110 1945 3168 Grecis

365 3209 662 3280 gentilibus
690 3209 774 3264 sic
819 3205 1278 3276 ntutcupabantnr
1315 3203 1412 3273 qui
1472 3204 1744 3273 praepositi
1792 3211 1951 3258 erant

365 3305 434 3356 :tl)
473 3300 752 3372 omnibus,
789 3307 853 3353 ut
889 3299 957 3352 de
992 3296 1192 3351 futuris
1227 3293 1398 3350 Deum
1435 3296 1854 3365 interrogarent,
1896 3305 1953 3350 et

366 3394 571 3468 hostias
605 3407 703 3463 pro
733 3391 867 3462 ipsis
892 3387 1157 3443 offerrent
1195 3403 1260 3442 ac
1303 3387 1601 3456 propitium
1642 3387 1949 3442 redderent.

379 3487 691 3560 Ἀνομοίους
717 3497 896 3540 autem
923 3491 1082 3538 vocat
1110 3483 1287 3537 minus
1317 3481 1594 3551 perfectos
1625 3481 1678 3536 in
1708 3483 1953 3550 populo;

369 3583 416 3636 is
437 3581 581 3635 enim
605 3577 654 3634 ei
697 3592 814 3632 mos
862 3573 1204 3646 cs_t._Neqne
1246 3572 1680 3641 enim,inquit.
1733 3573 1814 3628 sic
1859 3573 1937 3626 .ad

368 3673 680 3728 sacerdotes
705 3670 848 3725 sicut
871 3667 936 3722 ad
982 3666 1382 3722 multitudinem
1429 3665 1700 3719 obtectum
1729 3672 1789 3725 et
1817 3665 1942 3719 abs-

366 3762 648 3818 conditum
685 3769 1094 3816 sacramentum
1125 3755 1390 3827 procedit,
1415 3754 1510 3810 sed
1549 3755 1618 3809 ab
1669 3753 1778 3809 illis
1815 3770 1940 3826 pro-

365 3865 488 3926 pter
537 3855 936 3911 multitudinem
987 3849 1276 3912 occulitur,
1315 3857 1373 3902 ut
1421 3859 1476 3902 et
1506 3847 1618 3918 ipsa
1657 3863 1753 3918 pru
1782 3858 1944 3918 captu

366 3960 624 4018 statuque
649 3962 765 4001 suo
786 3958 884 4015 per
913 3944 1202 4012 wnigmata
1231 3956 1448 3996 sursum
1482 3941 1806 3998 adducatur.

431 4042 470 4113 ᾗ
503 4041 586 4096 ιιι.
631 4039 724 4093 Est
772 4039 938 4108 igitur
992 4035 1107 4089 lucc
1152 4048 1310 4088 sacra
1360 4033 1711 4095 consecratio
1741 4048 1970 4104 quoque;

368 4149 477 4185 una
533 4146 600 4184 ex
666 4126 1029 4184 liicrarcbicis
1076 4124 1364 4178 ordinibus
1419 4133 1584 4192 atque
1637 4123 1960 4189 virtutibus,

369 4231 702 4292 quapropter
727 4219 888 4274 etiam
909 4206 1154 4284 ejusdem
1186 4217 1417 4270 rationis
1439 4224 1522 4271 est
1539 4231 1663 4272 cum
1688 4231 1961 4286 synaxeos

373 4322 740 4368 sacrmncnto.
775 4309 914 4376 Quin
944 4317 1001 4362 et
1033 4307 1120 4362 hic
1157 4307 1476 4376 pontificem
1520 4322 1740 4379 quoque
1776 4309 1960 4364 videas

371 4408 445 4461 ab
476 4403 633 4458 altari
656 4401 1098 4456 incensationcm
1125 4399 1451 4462 ordientem,
1478 4406 1532 4452 et
1563 4399 1959 4453 circumeundo

2046 1824 2143 1877 xui.
2173 1823 2311 1894 ὑπὲρ
2331 1822 2458 1884 τοὺς
2491 1817 2721 1881 πολλοὺς
2764 1808 3247 1884 περικαλύπτουσι,
3276 1805 3378 1858 καὶ
3398 1805 3519 1858 ἀπὸ
3548 1803 3650 1856 τῶν

2047 1915 2258 1971 πολλῶν
2304 1911 2695 1967 διαστέλλουσι.
2732 1906 2999 1969 Πολλάκις
3027 1904 3135 1976 γὰρ
3171 1905 3228 1956 ἐν
3256 1901 3340 1972 τῷ
3360 1898 3516 1968 Περὶ
3543 1894 3653 1949 τῶν

2046 2009 2219 2063 θείων
2257 2004 2564 2076 ὀνομάτων
2595 2001 2968 2073 ἐδηλώσαμεν,
3004 1996 3056 2050 τί
3081 1995 3270 2066 νοητὸν
3297 1994 3402 2046 καὶ¹
3445 1991 3506 2044 τί
3545 2006 3654 2042 νοε-

2050 2100 2160 2172 ρόν.
2187 2097 2357 2152 Τοῦτο
2386 2091 2478 2149 οὖν
2507 2094 2602 2148 καὶ
2637 2089 2874 2145 ἐνταῦθα
2913 2105 3099 2161 φησιν,
3123 2087 3204 2140 ὅτι
3246 2086 3365 2147 τοῖς
3402 2082 3548 2152 περὶ
3568 2078 3655 2133 τὸν

2047 2193 2342 2248 ἐπίσκοπον
2369 2189 2545 2258 ἁγίοις
2580 2181 2748 2250 οὖσιν,
2776 2182 2850 2247 ὡς
2882 2180 3164 2251 συγγενέσι
3186 2177 3279 2231 τοῦ
3307 2172 3520 2246 νοητοῦ
3549 2190 3654 2242 φω·

2046 2287 2160 2350 τὸς,
2187 2283 2314 2357 (υἱοὶ
2338 2281 2449 2354 γὰρ
2472 2279 2683 2352 ἡμέρας
2705 2261 2849 2331 οὗτοι
2875 2275 2971 2330 καὶ
2998 2274 3160 2328 τέκνα
3185 2268 3409 2340 φωτός,)
3442 2268 3655 2320 ἀποκα-

2047 2379 2241 2432 λύπτει
2279 2380 2307 2430 ό
2328 2375 2481 2439 Θεὸς,
2505 2374 2564 2426 ού
2595 2372 2662 2426 δι’
2693 2370 2880 2443 ἐτέρου
2910 2365 3255 2427 διδασκαλίας
3276 2401 3290 2427 ,
3318 2359 3450 2415 ἀλλ’
3496 2359 3654 2418 αὐτὰ

2045 2473 2242 2535 αὐτοὺς
2268 2467 2513 2540 φωτίζων
2547 2465 2607 2518 τὸ
2632 2464 2923 2535 μυστήριον
2953 2459 3052 2530 τῆς
3076 2456 3324 2529 Θεωρίας·
3352 2453 3442 2506 διὸ
3473 2452 3655 2510 αὐτοῖς

2045 2565 2105 2618 οὐ
2124 2562 2425 2636 περίκειται
2445 2559 2707 2630 κάλυμμα
2725 2554 2866 2610 κατά
2889 2551 2982 2606 τοῦ
3005 2549 3146 2605 θείου
3173 2548 3367 2620 μύρου,
3385 2544 3516 2598 ἀλλ’
3537 2544 3655 2596 Em.

2045 2654 2441 2724 κεκαλυμμένη)
2459 2649 2750 2722 προσώπῳ,
2767 2645 2909 2701 κατὰ
2919 2644 3009 2698 τὸν
3024 2638 3362 2701 Ἀπόστολον,
3379 2632 3602 2706 θεωροῦ
3611 2649 3654 2683 τι

2043 2749 2114 2804 τὰ
2145 2749 2440 2820 μυστήρια·
2465 2747 2576 2807 τοῖς
2602 2742 2659 2794 δὲ
2691 2741 2768 2812 μὴ
2797 2737 3024 2800 τελείοις
3048 2733 3206 2807 χρεία
3229 2729 3552 2802 συμϐόλων.
3572 2728 3654 2780 Διὶ

2047 2840 2202 2893 αὐτοί
2236 2829 2374 2891 εἰσιν
2413 2839 2459 2890 οἱ
2481 2836 2542 2889 τὸ
2573 2833 2744 2906 μύρον
2781 2833 2900 2894 ταῖς
2926 2830 3097 2900 ἱεραῖς
3133 2823 3360 2895 πτέρυξι
3389 2820 3656 2893 περισκέ-

2045 2951 2260 2998 ποντες,
2302 2932 2396 2986 καὶ
2423 2931 2523 3002 τῆς
2556 2927 2793 3000 πληθύος
2831 2919 3357 2980 άποδιαστέλλοντες.
3396 2914 3656 2985 Θεωροίις

2045 3027 2102 3081 δὲ
2151 3024 2307 3079 καλεῖ
2343 3026 2469 3087 τοὺς
2510 3020 2868 3083 ἐπισκόπους,
2897 3013 3087 3084 ἐπειδὴ
3113 3011 3208 3064 καὶ
3245 3007 3376 3078 παρ’
3420 3004 3656 3071 Ἕλλησι

2049 3117 2244 3190 θεωροὶ
2264 3110 2551 3169 ἐκαλοῦντο
2578 3115 2626 3168 oi
2652 3109 3078 3184 προϐαλλόμενοι
3103 3101 3255 3175 παρὰ
3276 3100 3508 3154 πάντων
3536 3099 3656 3150 ἐπε·

2055 3188 2231 3280 ρωτᾷν
2260 3206 2392 3276 Θεὸν
2435 3205 2562 3277 περὶ
2609 3202 2928 3276 μελλόντων,
2961 3198 3056 3252 καὶ
3087 3194 3276 3257 θυσίας
3299 3193 3444 3262 ὑπὲρ
3477 3188 3654 3243 αὐτῶν

2052 3300 2382 3373 προσφέρειν
2407 3338 2422 3362 ,
2481 3298 2575 3352 καὶ
2637 3292 2975 3364 ἐξιλεοῦσθαι
3038 3290 3178 3360 ὑπὲρ
3231 3285 3438 3341 αὐτῶν.
3511 3283 3657 3336 Ἀνο-

2057 3391 2242 3464 μοίους
2287 3391 2346 3445 δὲ
2400 3390 2557 3443 καλεῖ
2601 3390 2730 3452 τοὺς
2753 3386 2963 3449 ἀτελεῖς
3013 3383 3108 3437 τοῦ
3142 3378 3295 3434 λαοῦ·
3343 3375 3517 3430 τοῦτο
3550 3375 3654 3444 γὰρ

2056 3463 2203 3554 αύτῷ
2231 3483 2372 3547 ἔθος.
2401 3481 2535 3536 Ούδέ
2557 3480 2666 3552 γὰρ
2691 3479 2785 3533 καὶ
2809 3480 2921 3540 τοῖς
2945 3471 3285 3546 ἰερωμένοις,
3320 3468 3482 3538 φησὶ,
3522 3463 3653 3535 πρὸς

2043 3578 2105 3631 τὸ
2134 3575 2424 3646 ὑφειμένον
2478 3574 2572 3628 καὶ
2611 3567 3156 3642 περικεκαλυμμένω
3177 3566 3211 3634 ἡ
3237 3559 3433 3631 τελετὴ
3469 3559 3652 3631 πρόειο

2051 3685 2156 3732 σιν,
2181 3668 2370 3738 ὥσπερ
2400 3669 2512 3730 τοῖς
2539 3663 2772 3726 πολλοῖς·
2810 3659 2946 3715 ἀλλὰ
2968 3660 3097 3730 παρ’
3140 3655 3366 3723 ἐκείνων
3398 3653 3495 3706 διὰ
3531 3651 3652 3711 τοὺς

2052 3761 2280 3824 πολλοὺς
2329 3756 2770 3828 συγκαλύπτεται
2800 3792 2816 3818 ,
2863 3754 2951 3806 ἵνα
3009 3751 3105 3804 καὶ
3159 3747 3314 3801 αὐτοὶ
3394 3743 3490 3798 διὰ
3551 3739 3653 3794 τῶν

2054 3853 2393 3922 αἰνιγμάτων
2421 3848 2698 3916 ἀναλόγως
2723 3847 2790 3917 τῇ
2824 3844 2929 3915 ἰδίᾳ
2954 3842 3064 3906 ἕξει
3089 3839 3419 3916 ἀνάγωνται.

2137 4032 2174 4103 ,ᾗ
2209 4031 2298 4084 ΙΙΙ.
2336 4029 2524 4082 Ἔστιν
2549 4019 2641 4078 οὖν
2685 4004 2850 4092 καὶ’ἡ
2889 4017 3109 4090 τοιαύτη
3156 4013 3279 4086 ἱερὰ
3310 4009 3523 4082 τελετὴ,
3557 4011 3649 4080 μία

2063 4123 2173 4190 τῶν
2205 4115 2532 4192 ἱεραρχικῶν
2558 4115 2763 4180 τάξεων
2787 4113 2880 4166 καὶ
2903 4109 3203 4180 δυνάμεων,
3226 4103 3310 4158 διὸ
3339 4103 3435 4156 καὶ
3450 4104 3650 4172 ὁμοτα-

2063 4217 2166 4286 γής
2198 4215 2314 4266 ἐστι
2333 4213 2399 4281 τῇ
2425 4197 2524 4278 τῆς
2557 4197 2827 4271 συνάξεως
2847 4203 3055 4272 τελετῇ.
3091 4199 3200 4252 Καὶ
3220 4196 3341 4267 δψει
3369 4193 3649 4249 κάνταῦθα

2061 4285 2152 4360 τὸν
2174 4303 2432 4378 ἀρχιερέα
2453 4300 2561 4355 ἀπὸ
2580 4297 2672 4351 τοῦ
2699 4291 3084 4364 θυσιαστηρίου
3106 4289 3406 4362 ἀρχόμενον
3427 4285 3646 4356 θυμιᾷν,

2065 4400 2159 4453 καὶ
2189 4394 2632 4468 περιερχόμενον,
2664 4390 2759 4443 καὶ
2786 4390 2866 4451 εἰς
2896 4385 3026 4440 αὐτὸ
3056 4382 3219 4437 πάλιν
3248 4379 3645 4449 καταλήγοντα,

375 4497 645 4554 iueodem
689 4507 906 4548 rursum
955 4491 1340 4559 desinentem,~
1377 4490 1546 4544 hocce
1597 4490 1702 4544 ritu
1755 4491 1888 4544 doce

2137 4491 2159 4544 ι
2203 4487 2522 4542 διδάσκοντα
2563 4480 2832 4544 ἐντεῦθεν,
2875 4476 2972 4549 τὴν
3016 4474 3165 4528 θείαν
3204 4469 3519 4543 μετουσίαν,
3561 4468 3649 4520 ἐπὶ

379 4573 786 4655 tcm,divinam
833 4585 977 4638 illam
1013 4582 1488 4652 participationem
1516 4585 1582 4637 ad
1608 4597 1798 4636 onmes
1819 4597 1958 4652 .pru-

377 4692 736 4742 manantem,
808 4673 1105 4729 secundum
1187 4671 1540 4741 semetipsum
1611 4671 1974 4734 imminutam

375 4775 721 4848 permanere,
770 4782 955 4844 neque
997 4763 1295 4836 quidquam
1332 4777 1362 4817 a
1406 4763 1622 4832 propria
1677 4764 1959 4819 identitate

376 4867 704 4922 desciscere.
777 4859 1048 4915 Similiter
1091 4857 1259 4909 etiam
1307 4854 1619 4924 psalmodia:
1664 4853 1958 4909 lectiones-

376 4973 483 5027 que
517 4959 675 5021 liunt,
708 4968 829 5022 qua:
863 4960 917 5006 ct
945 4947 1283 5019 imperfectis
1318 4944 1480 5016 227
1517 4946 1958 5009 obstetricantur,

378 5061 435 5105 et
467 5053 723 5104 obsessos
746 5061 785 5113 .a
819 5043 1107 5114 spiritibus
1150 5041 1461 5100 retrahunt,
1507 5047 1563 5091 et
1591 5037 1960 5092 adversariam

380 5155 691 5212 prcssuram
714 5126 847 5208 (hoc
879 5136 1023 5190 enim
1080 5142 1241 5187 vocat
1271 5115 1548 5201 ipavorcm
1581 5138 1636 5183 et
1679 5127 1963 5182 illecebras

356 5232 751 5304 peccatorum)
811 5226 1111 5296 repellunt,
1169 5223 1498 5278 insinuando
1544 5221 1718 5292 ipsis,
1758 5233 1815 5275 et
1851 5236 1964 5274 mo.

382 5334 509 5379 dum
539 5321 875 5379 ostendendo
904 5317 1252 5372 adversarios
1297 5315 1611 5384 superandi,
1647 5324 1705 5367 ut
1736 5323 1793 5368 et
1839 5312 1958 5366 aliis

384 5419 650 5474 imitando
690 5415 858 5499 De,qu
920 5409 1115 5466 medici
1147 5394 1446 5474 exsistant;
1510 5418 1700 5460 etnon
1755 5411 1963 5458 tantutn

386 5515 487 5583 ipsi
513 5496 774 5566 adversus
803 5504 1109 5572 contrarios
1137 5516 1369 5572 pavores
1399 5517 1465 5556 ac
1502 5501 1750 5555 timorem
1781 5496 1962 5551 ellica-

385 5613 607 5663 citatem
665 5607 922 5668 habeant,
974 5617 1162 5655 verum
1203 5599 1367 5654 etiam
1413 5597 1534 5651 aliis
1581 5595 1860 5650 conversis
1899 5607 1965 5644 ac

382 5701 777 5772 pomitcntibus
823 5699 931 5753 vim
979 5697 1205 5759 addant,
1256 5707 1324 5746 ne
1374 5693 1548 5747 denuo
1598 5688 1963 5757 subigantur;

382 5812 474 5868 ens
525 5803 729 5858 autem,
781 5791 977 5861 quibus
1019 5791 1087 5844 ad
1120 5785 1490 5845 omnimodam
1525 5783 1820 5853 puritatem
1866 5778 1965 5832 ali-

2061 4583 2268 4645 πάντας
2294 4575 2724 4655 προερχομένην,
2763 4570 2884 4625 καθ’
2911 4567 3108 4639 ἑαυτὴν
3139 4564 3412 4637 ἀμείωτον
3437 4562 3645 4633 μένειν,

2061 4674 2154 4727 καὶ
2183 4651 2347 4743 μηδὲν
2362 4668 2461 4739 τῆς
2478 4665 2686 4728 οἰκείας
2705 4661 3036 4730 ταυτότητος
3057 4653 3390 4723 ἐξίστασθαι.
3424 4651 3647 4720 Ἐπίσης

2061 4763 2118 4815 αἱ
2137 4741 2444 4832 ψαλμῳδίαι
2462 4756 2556 4809 καὶ
2571 4755 2627 4807 αἱ
2647 4749 2979 4822 ἀναγνώσεις
2998 4748 3258 4817 γίνονται,
3281 4743 3376 4797 καὶ
3396 4743 3524 4804 τοὺς
3537 4741 3648 4793 ἁτε·

2061 4850 2281 4912 λέστους
2297 4845 2649 4920 μαιευόμεναι
2659 4883 2672 4906 ,
2687 4843 2781 4896 καὶ
2791 4842 2918 4904 τοὺς
2930 4839 3015 4893 ἐνε
3023 4855 3152 4911 ργου
3159 4835 3353 4907 μένους
3374 4831 3484 4887 ὑπὸ
3499 4849 3645 4884 πνευ-

2065 4944 2252 5014 μάτων
2277 4937 2722 5010 ἐπιστρέφουσαι,
2765 4932 2860 4987 καὶ
2904 4931 3003 5002 τὴν
3046 4928 3294 4983 ἐναντίαν
3342 4923 3644 4998 σύμπτυξιν

2065 5035 2242 5106 (τοῦτο
2265 5034 2374 5107 γάρ
2402 5033 2551 5102 λέγει
2576 5031 2768 5085 πτοίαν
2798 5029 2893 5082 καὶ
2911 5025 3086 5092 θέλειν
3106 5024 3215 5078 τῶν
3251 5025 3308 5076 ἐν
3331 5019 3642 5095 ἁμαρτίαις)

2063 5127 2490 5200 ἀφαιρούμεναι,
2519 5120 2908 5177 ὑποδεικνῐωαι
2933 5118 3162 5181 τούτοις,
3183 5117 3278 5169 καὶ
3298 5115 3641 5169 διδάσκουσαι

2065 5222 2182 5286 πῶς
2204 5219 2651 5291 περιγενήσονται
2678 5215 2786 5267 τῶν
2817 5211 3074 5265 ἐναντίων
3103 5206 3266 5272 οὗτοι,
3300 5209 3397 5260 καὶ
3415 5211 3525 5269 τοῖς
3549 5203 3638 5258 ἀλ-

2065 5318 2176 5381 λοις
2228 5313 2401 5385 ἰατροὶ
2443 5309 2789 5378 θεομιμήτως
2835 5303 3185 5376 φανήσονται,
3232 5300 3328 5353 καὶ
3371 5300 3450 5372 μὴ
3491 5297 3638 5370 μόνον

2065 5409 2275 5474 ἕξουσιν
2315 5407 2399 5474 ἐφ’
2431 5404 2642 5463 έαυτοῖς
2665 5399 2725 5452 τὸ
2754 5397 2899 5451 κατὰ
2931 5397 3031 5468 τῆς
3052 5394 3299 5456 ἐναντίας
3328 5391 3518 5453 πτοίας
3550 5387 3636 5440 καὶ

2068 5498 2231 5570 φόϐου
2257 5495 2604 5566 δραστήριον,
2648 5489 2783 5544 ἀλλὰ
2807 5491 2901 5544 καὶ
2944 5488 3121 5550 ἄλλοις
3162 5485 3498 5556 δωρήσονται
3527 5482 3636 5540 τοκ

2066 5586 2547 5659 ἐπιστρεφομένοις
2571 5583 2666 5637 καὶ
2695 5574 3032 5654 μέτανοοῦσι,
3057 5578 3281 5648 δύναμιν
3306 5573 3634 5659 ἐντιθέμενσι

2069 5681 2205 5753 πρὸς
2228 5658 2288 5732 τὸ
2316 5676 2390 5748 μὴ
2421 5675 2514 5729 καὶ
2532 5669 2686 5738 αὖθις
2713 5671 2938 5737 ἁλῶναι,
2963 5671 3088 5734 τοὺς
3110 5669 3190 5722 ἔτι
3211 5667 3408 5729 ἐνδεεῖς
3425 5663 3558 5736 πρὸς
3578 5658 3634 5712 τὸ

2069 5751 2338 5840 πάναγνον
2364 5768 2478 5843 (οὓς
2507 5767 2570 5839 δὴ
2609 5765 2702 5819 καὶ
2736 5764 2843 5818 τῶν
2871 5761 3073 5816 λαῖκῶν
3107 5760 3365 5830 ἐλέγομεν
3392 5751 3630 5814 ἄνωθεν),
