3728 6298
130 280 260 337 495

730 272 817 328 DE
851 270 1130 328 ECCLES.
1176 268 1572 334 HIER‘ARCIL,
1602 266 1753 322 CAP.
1782 264 1870 321 Π.
1896 296 1958 306 —
1991 260 2338 319 PARAPHR.
2376 259 2848 318 ΡΑΟΗῩΜΕΒᾹΞ.

3313 260 3417 315 494

132 395 361 457 τελέως
396 391 884 464 άποκαθαίρουσαι,
902 396 1039 467 τοὺς
1063 393 1119 446 δὲ
1145 395 1322 465 ἱεροὺς
1350 391 1624 445 ἑστιῶσαν
1650 390 1739 443 διὰ

1923 389 1972 440 ἱι]
1999 388 2151 440 deest
2182 391 2340 454 (quos
2373 383 2627 439 nimirum
2660 391 2817 435 antea
2863 394 3078 450 quoque
3120 380 3287 435 laicos
3315 398 3415 451 ap-

131 486 333 541 ταῦτα
358 486 467 556 γὰρ
511 485 604 538 καλ⁸
645 486 837 550 κοινῶς
859 488 914 539 αἱ
952 486 1259 557 ψαλμῳδίαι
1290 486 1384 541 καὶ
1404 487 1460 539 αί
1489 486 1734 554 ἀναγνώ-

136 598 211 635 σε
222 599 273 645 ις
307 579 584 649 γίνονται.Δ
1722 592 1725 595 ·

228 758 257 830 §
298 756 389 811 1v.
425 756 499 809 Τὸ
519 755 594 819 δὲ,
626 756 686 810 Tl
703 755 789 821 δὲ,
807 756 941 825 οὐχὶ
967 756 1063 810 καὶ
1090 757 1196 822 τὰς
1219 755 1305 825 μὴ
1336 754 1529 821 πάντη
1558 756 1737 807 καθα-

127 849 260 917 ρὰς
279 889 295 911 ,
358 847 783 919 ἐρωτηματικῶς
808 846 1183 919 προενεκτέον,
1210 846 1276 900 ἶν’
1314 846 1638 916 ἐπιφέρηται
1676 842 1738 896 τὸ

130 940 283 1002 Ναὶ,
314 940 547 1004 πάντως·
567 940 712 1009 λέγει
729 940 856 1012 γὰρ,
884 941 943 993 Τι’
954 938 1298 1007 δέ;οὑχίκαὶ
1317 939 1349 1009 ἡ
1365 937 1553 1008 τελετὴ
1576 936 1735 1005 αὐτη,

132 1028 300 1082 κατά
323 1030 422 1100 τὴν
440 1030 537 1099 τῆς
559 1028 827 1095 συνάξεως
846 1028 1090 1101 τελετὴν,
1113 1029 1336 1082 ἀπολύει
1360 1027 1464 1093 ἔξω
1489 1047 1590 1082 που
1610 1030 1737 1094 τοὺς

136 1120 228 1191 μὴ
254 1119 551 1191 καθαροὺς,
572 1123 666 1174 καὶ
690 1120 822 1192 πρὸς
842 1121 1015 1193 μόνων
1030 1122 1137 1174 τῶν
1160 1122 1429 1193 πανιὲρων
1448 1120 1738 1176 ἐποπτεύει

132 1229 277 1275 ται;
308 1214 419 1267 Καὶ
438 1213 594 1267 τοῦτο
620 1215 855 1278 πάντως.
899 1213 1139 1285 Ἀμιγῶς
1177 1215 1234 1267 δὲ
1268 1210 1440 1277 εἶπεν,
1466 1216 1541 1279 ὼς
1579 1214 1645 1268 ἃν
1688 1216 1736 1268 εἰ

134 1307 334 1375 ἔλεγε·
363 1307 462 1361 Διά
483 1307 639 1362 τοῦτο
664 1307 888 1363 ἀπολύει
924 1310 1051 1372 τοὺς
1080 1309 1153 1380 μὴ
1181 1308 1473 1380 καθαροὺς,
1501 1308 1587 1362 ἵνα
1609 1310 1737 1381 ἀμι-

134 1402 266 1469 γῶς
314 1402 423 1455 ἀπὸ
463 1401 667 1456 τούτων
717 1401 1066 1473 ἱερουργῆται
1109 1401 1258 1471 παρά
1302 1401 1412 1455 τῶν
1456 1400 1732 1471 καθαρῶν.

134 1496 343 1549 Ταῦτα
361 1493 620 1558 πολλάκις
646 1494 949 1566 ἐρρέθησαν
984 1495 1113 1565 παρ’
1140 1493 1319 1565 ἡμῶν,
1350 1494 1445 1546 καὶ
1486 1491 1735 1566 περιττὸν

132 1586 307 1660 οἶμαι
332 1587 494 1641 πάλιν
527 1586 706 1655 λέγειν
733 1586 861 1658 περὶ
900 1586 1101 1649 αὐτῶν,
1136 1585 1210 1657 μὴ
1245 1585 1336 1638 τὸν
1363 1586 1623 1657 ίεράρχην
1652 1586 1736 1638 ὲν-

135 1675 346 1727 τεῦθεν
373 1675 634 1745 ὁρῶντας,
662 1674 779 1738 πῶς
806 1675 998 1746 ἔχοντα
1034 1674 1096 1729 τὸ
1124 1674 1395 1744 πάναγνον
1424 1675 1592 1747 μύρον
1615 1678 1735 1738 ταῖς

139 1763 382 1837 πτέρυξι
426 1764 910 1836 περικαλύπτεται.
944 1765 1189 1837 Λέγομεν
1228 1765 1428 1829 τοίνυν,
1460 1767 1537 1831 ὡς
1568 1767 1601 1837 ἡ
1638 1765 1733 1819 τοῦ

1844 478 2201 549 pellabamus)
2236 474 2472 545 perfecte
2516 475 2756 545 explent,
2793 481 3010 527 sanctos
3056 473 3286 534 denique
3317 489 3414 541 pa-

1840 579 1997 625 scant
2028 588 2041 623 :
2077 570 2279 623 idcirco
2327 569 2472 623 enim
2519 565 2884 622 communiter
2924 574 2979 618 et
3029 565 3340 634 psalmodia:
3363 575 3416 618 et

1838 660 2097 715 lectiones
2125 660 2277 713 littttt.

1914 752 1941 824 §
1972 751 2059 806 IV.
2084 752 2214 805 lllttd
2249 760 2429 805 autem
2451 768 2465 803 :
2490 748 2631 815 Quid
2654 765 2829 815 porro,
2860 748 3095 819 nunquid
3126 749 3283 801 etiam
3314 765 3416 801 non

1838 846 2051 898 omnino
2090 858 2273 913 puros,
2316 843 2707 913 interrogative
2749 841 3059 910 legendum,
3106 850 3163 892 ιιι
3216 838 3416 893 infera-

1841 948 1949 1001 tur,
2007 938 2243 991 Omnino
2271 977 2286 1001 ,
2340 934 2618 1005 profecto;
2668 935 2745 988 ait
2790 934 2974 989 enim:
3031 934 3173 998 Quid
3214 931 3418 1001 porro?

1839 1029 2077 1099 nunquid
2124 1030 2283 1081 etiam
2332 1028 2435 1082 boc
2470 1036 2896 1089 sacramentum.
2940 1042 3005 1081 eo
3036 1028 3193 1081 modo
3221 1041 3330 1096 quo
3364 1026 3416 1078 in

1837 1130 2184 1176 sacramento
2218 1136 2492 1190 synaxeos
2535 1122 2654 1176 illos
2683 1122 2773 1192 qui
2819 1137 2926 1175 non
2958 1122 3140 1175 mundi
3184 1130 3310 1173 sunt
3337 1122 3418 1173 di-

1840 1214 2029 1279 mittit,
2059 1223 2113 1267 et
2137 1229 2167 1267 a
2195 1214 2326 1267 solis
2348 1215 2567 1267 omnino
2589 1214 2795 1267 sanctis
2818 1212 3190 1280 conspicitur?
3218 1210 3418 1279 Utique

1838 1304 2104 1375 profecto.
2153 1304 2541 1373 lmpromiscne
2587 1314 2767 1357 autem
2805 1305 2967 1368 dixit,
2999 1319 3064 1357 ac
3093 1304 3135 1358 si
3168 1304 3413 1359 diceret:

1835 1398 2043 1454 Idcirco
2086 1398 2317 1452 dimittit
2358 1413 2451 1451 eos
2490 1399 2581 1467 qui
2637 1412 2741 1450 non
2781 1406 2909 1450 sunt
2942 1398 3151 1459 mundi,
3180 1406 3240 1453 ut
3270 1412 3419 1451 more

1838 1492 1907 1545 ab
1941 1491 2006 1545 iis
2032 1492 2120 1561 qui
2149 1492 2269 1561 puri
2300 1502 2427 1545 sunt
2458 1491 2785 1545 celebretur.
2833 1490 2957 1545 llaec
2998 1504 3140 1557 stcpe
3190 1506 3218 1543 a
3263 1490 3419 1545 nobis

1836 1581 1979 1637 dicta
2015 1593 2142 1637 sunt
2191 1584 2436 1653 adeoque
2484 1596 2953 1651 supervacaneum
3000 1596 3126 1636 esse
3173 1580 3418 1635 arbitror

1837 1673 2030 1729 iterum
2078 1678 2144 1729 de
2196 1674 2279 1729 liis
2332 1675 2494 1729 verba
2540 1673 2743 1737 facere.
2788 1689 2909 1727 cum
2949 1674 3175 1731 necdum
3212 1672 3417 1726 tideri-

1837 1781 1980 1830 mus,
2008 1768 2281 1833 quonmdo
2313 1765 2550 1835 pontifex
2592 1775 2921 1836 unguentum
2972 1780 3190 1823 sacrum
3227 1775 3414 1820 teneat

138 1854 331 1927 μύρου
362 1855 610 1920 σύνθεσις
637 1855 696 1921 ἐξ
722 1857 863 1911 ὑλῶν
893 1857 1274 1912 εὐωδεστάτων
1316 1859 1628 1927 συνάγεται,
1664 1854 1732 1930 ἦς

1915 1872 1937 1911 s
1967 1856 2294 1911 obvclatum.
2340 1858 2578 1911 Dicimus
2626 1857 2809 1925 itaque
2848 1858 3107 1927 unguenti
3151 1861 3425 1927 composi-

136 1949 195 1999 οἱ
229 1944 593 2018 μετασχόντες
622 1949 1001 2013 εὐωδιάζονται
1046 1950 1187 2003 κατά
1222 1949 1286 2002 τὸ
1307 1950 1471 2004 ποσὸν
1499 1951 1597 2021 τῆς
1638 1969 1734 2021 με-

139 2036 376 2101 θέξεως.
420 2038 477 2091 Ὀ
502 2037 633 2106 γοῦν
662 2038 1100 2111 θεαρχικὼτατος
1139 2039 1365 2111 Ἰησοῦς,
1395 2036 1456 2096 οὐ
1477 2041 1539 2094 τὸ
1567 2041 1736 2112 ὄνομα

141 2126 329 2199 μύρον
344 2129 661 2195 ἐκκενωθὲν,
678 2131 754 2195 ῶς
768 2133 869 2185 ὑπε
878 2132 1104 2203 ρουσίως
1119 2132 1344 2205 εὐώδης,
1358 2134 1736 2205 ἀναπίμπλησι

145 2218 312 2284 Θείας
327 2221 519 2292 ἡδονῆς
534 2224 661 2287 τοὺς
698 2224 1044 2294 μετέχοντας.
1078 2225 1141 2278 El
1167 2225 1322 2298 γάρὴ
1344 2226 1452 2279 τῶν
1465 2227 1738 2298 αίσθητῶν

138 2312 372 2365 εὐωδῶν
387 2313 491 2383 ιῖσ,
502 2314 762 2385 εὐωδιῶν]
773 2315 1056 2387 ἀντίληψις
1072 2317 1329 2371 εὐπαθεῖν
1342 2322 1499 2383 ποιεῖ,
1516 2321 1563 2372 εί
1578 2320 1739 2389 μόνον

141 2404 305 2471 ὑγιὲς
344 2404 407 2457 τὸ
441 2404 802 2477 δσφραντικδν
835 2406 1051 2479 ἔχομεν,
1088 2410 1367 2479 ἀναλόγως
1402 2411 1533 2481 φαίη
1564 2428 1647 2475 τις
1671 2411 1737 2465 ἂν

141 2498 247 2549 καὶ
272 2495 374 2559 τὰς
400 2498 591 2570 νοεράς
613 2502 645 2571 ή
655 2500 772 2571 μῶν
797 2501 1073 2573 δυνάμεις,
1104 2505 1197 2557 καὶ
1221 2503 1281 2557 τὺ
1308 2504 1406 2575 τῆς
1431 2504 1608 2576 ψυχῆς
1628 2505 1738 2558 δια-

142 2589 422 2659 κριτικὸν,
446 2591 546 2661 τῆς
572 2591 718 2656 θείας
745 2593 971 2658 εὐωδίας
1013 2595 1505 2666 ἀντιλαμϐάνεσθαι
1526 2636 1540 2661 ,
1580 2599 1739 2671 εἰπερ

140 2680 604 2754 ἀπαραφθάρτως
630 2685 863 2757 ἔχουσιν.
906 2688 968 2741 Ἡ
994 2688 1124 2756 γοῦν
1162 2688 1256 2742 τοῦ
1288 2690 1460 2761 μύρου
1493 2690 1738 2755 σύνθεσις

140 2774 317 2827 αὐτὸν
362 2777 492 2846 ἡμῖν
535 2778 843 2849 ὑπογράφει
886 2781 978 2834 τὸν
1005 2782 1331 2853 ἀμόρφωτον
1373 2785 1430 2836 ὲν
1461 2784 1739 2855 μορφώσει

141 2867 243 2920 τὸν
264 2868 530 2942 δεσπότην
556 2870 809 2941 Χριστὸν,
832 2873 933 2943 τὴν
956 2875 1139 2946 πηγὴν
1161 2876 1260 2945 τῆς
1292 2874 1539 2939 εὐωδίας,
1566 2876 1741 2929 ἀναδι-

140 2957 312 3009 δόντα
335 2958 433 3021 τὰς
469 2957 616 3023 θείας
660 2961 941 3032 ἀποφορὰς
965 2965 1084 3025 ταῖς
1131 2961 1386 3015 θεοειδέσι
1411 2962 1627 3033 ψυχαῖς,
1654 2962 1738 3031 ἐφ’

144 3043 244 3111 αἶς
274 3050 325 3102 οἱ
358 3051 478 3115 νόες
503 3052 773 3123 ἡδόμενοι,
802 3054 1040 3125 χρῶνται
1066 3058 1239 3127 τροφῇ
1265 3058 1428 3127 νοητῇ
1453 3058 1519 3126 τῇ
1541 3054 1739 3127 εὐωδίᾳ

144 3159 355 3217 ταύτῃ.

232 3427 261 3500 §
292 3428 353 3483 V.
390 3428 572 3483 Εἰπὼν
598 3430 654 3485 δὲ
682 3432 841 3498 νόες,
871 3431 1173 3498 καθολικῶς
1196 3433 1292 3489 καὶ
1313 3432 1409 3487 ἐπὶ
1441 3433 1551 3488 τῶν
1574 3436 1742 3505 ἀγγέ-

147 3523 263 3575 λων
309 3524 402 3576 καὶ
448 3524 533 3593 ἐφ’
577 3526 734 3596 ἡμῶν
775 3524 1187 3598 λαμϐανομένης
1235 3528 1336 3599 τῆς
1375 3526 1593 3595 λέξεως,
1638 3529 1739 3600 ἤδη

149 3622 396 3673 ποιεῖται
428 3620 521 3673 καὶ
542 3621 642 3693 τὴν
668 3604 947 3694 διαφορὰν,
975 3624 1056 3675 ὅτι
1087 3625 1263 3675 ἐκεῖσε
1305 3624 1401 3693 μὲν
1430 3621 1740 3677 πολλαπλα-

151 3707 291 3771 σίως
316 3708 603 3773 εἰσδύεται,
624 3710 699 3772 ὡς
721 3710 947 3779 ἔγγιστα
970 3712 1144 3765 οὐσῶν
1164 3712 1274 3765 τῶν
1298 3712 1564 3785 οὐρανίων
1585 3713 1743 3767 δυνά-

151 3816 328 3869 μεων,
354 3800 447 3851 καὶ
462 3799 759 3864 εὐεκτικῶς
776 3803 1015 3873 ἐχουσῶν
1039 3803 1175 3874 πρὸς
1191 3802 1290 3875 τὴν
1313 3802 1567 3875 τοιαύτην
1591 3804 1742 3857 θείαν

79 3887 83 3890 ’
156 3889 482 3962 μετάληψιν·
510 3891 643 3962 πρὸς
668 3892 725 3945 δὲ
746 3894 870 3956 τοὺς
890 3892 1209 3964 ἀνθρώπους
1230 3895 1355 3959 τοὺς
1383 3896 1456 3966 μὴ
1482 3895 1741 3961 ὡσαύτως

149 3980 442 4044 δεκτικοὺς
467 3982 587 4033 κατ’
604 3982 914 4051 άναλογίαψ
935 3982 1092 4035 τοῦτο
1117 3983 1226 4053 γάρ
1253 3984 1369 4036 ἐστι
1391 3983 1452 4036 τὸ
1481 3984 1575 4036 Ἐν
1592 3999 1743 4053 συμ-

147 4073 363 4140 μετρίᾳ
387 4071 731 4127 διαδίδοται.
764 4074 883 4128 Τῶν
909 4074 965 4127 δὲ
992 4074 1257 4144 οὐρανίων
1295 4074 1579 4144 δυνάμεων
1601 4076 1633 4145 ἡ
1656 4075 1743 4128 τό-

156 4177 253 4214 σον
268 4164 636 4235 ὑπερκειμένη
656 4164 769 4233 (καὶ
785 4165 883 4235 ὅρα
901 4165 995 4217 καὶ
1019 4163 1252 4218 ἐνταῦθα
1268 4163 1386 4227 πῶς
1404 4164 1473 4217 τά
1502 4166 1745 4235 σεραφὶμ

155 4255 382 4307 πάντων
406 4254 772 4326 ὑπερκείμενα
797 4256 990 4326 λέγει’)
1015 4256 1073 4309 ὲν
1094 4258 1159 4327 τῇ
1184 4256 1291 4309 τῶν
1317 4256 1603 4327 πτερύγων
1625 4256 1744 4309 δυο-

161 4349 438 4403 καιδεκάδι
467 4349 813 4419 σημαίνεται.
856 4350 1049 4403 Καίτοι
1074 4366 1137 4417 γε
1182 4352 1356 4402 εἰπεῖν
1380 4368 1464 4413 τις
1503 4350 1615 4421 ἔχει
1653 4350 1734 4402 ὲν·

162 4439 354 4501 ταῦθα,
384 4439 444 4489 οὐ
469 4438 741 4492 δωδεκάδα
767 4440 1004 4510 ἑκάστῳ,
1043 4440 1158 4493 ἀλλ’
1192 4440 1354 4506 ἑξάδα
1378 4440 1488 4493 τῶν
1527 4441 1744 4512 πτερῶν

163 4534 467 4605 ἐπιτίθησιν
491 4536 522 4605 ἡ
550 4534 762 4605 Γραφὴ,
784 4532 816 4604 ἢ
841 4532 1080 4603 δηλονότι
1107 4533 1194 4587 διὰ
1216 4535 1277 4587 τὸ
1299 4536 1470 4587 εἰπεῖν
1493 4534 1583 4587 τὸν
1611 4550 1745 4607 προ-

166 4629 355 4698 ρήτηψ
392 4624 501 4690 ’Ἐξ
531 4625 819 4695 πτέρυγες
851 4625 931 4690 τῷ
966 4627 1057 4679 ἐνὶ
1077 4667 1093 4691 ,
1130 4627 1225 4681 καὶ
1255 4627 1325 4692 ἐξ
1353 4628 1639 4697 πτέρυγες
1659 4628 1740 4693 τῷ

156 4719 273 4779 ἐνὶ,
292 4718 388 4770 καὶ
412 4715 625 4788 σύναμα
640 4717 748 4771 τῶν
762 4717 855 4771 δύο
878 4721 1071 4774 εἰπεῖν.
1090 4720 1237 4793 Αὕτη
1260 4721 1391 4789 γοῦν
1408 4724 1440 4793 ἡ
1459 4723 1734 4795 ὑπερτάτη

156 4811 313 4876 τάξις
334 4812 444 4865 τῶν
464 4813 633 4878 ἁγίων
660 4812 901 4882 σεραφὶμ
928 4814 1054 4884 περὶ
1070 4813 1201 4866 Θεὸν
1226 4815 1482 4886 ἱδρυμένη
1504 4816 1602 4887 τὴν
1626 4816 1740 4869 ἀσί-

158 4910 327 4973 γητον
365 4901 662 4974 ἀνακράζει
707 4902 1002 4971 θεολογίαν.
1047 4904 1438 4976 Ἐξηγούμενος
1481 4907 1557 4970 δὲ,
1587 4906 1639 4959 τί
1678 4910 1738 4961 τὸ

158 4995 439 5064 ἁσίγητον,
474 4994 739 5064 ὲπιφέρεν
791 4994 854 5047 Ἥ
895 4994 1003 5067 γὰρ
1048 4996 1170 5068 ίερά
1204 4996 1404 5066 γνῶσις
1453 4999 1734 5069 ἀκάματος

158 5091 299 5149 ἐστι,
326 5087 420 5140 καὶ
434 5086 809 5155 ἁκατάληκτον
831 5085 1047 5156 ἔχειτὸν
1068 5087 1209 5141 θεῖον
1232 5089 1429 5161 ἔρωτα,
1449 5093 1541 5144 καὶ
1566 5093 1737 5165 ὑπέρ-

162 5197 334 5234 κειται
364 5178 542 5249 πάσης
561 5178 757 5253 κακίας
780 5176 873 5230 καὶ
887 5177 1073 5250 λήθης·
1098 5180 1237 5235 ὥστε
1255 5184 1389 5253 μήτε
1411 5183 1517 5236 ἀπὸ
1543 5185 1739 5251 κακίας

162 5268 385 5341 σιγῆσαί
424 5286 550 5323 ποτε
592 5268 872 5332 ἑκουσίως,
916 5272 1053 5343 μήτε
1098 5272 1208 5326 ἀπὸ
1244 5272 1412 5344 λήθης
1447 5275 1737 5341 ἀκουσίως.

161 5361 361 5425 Καλῶς
401 5361 457 5415 δὲ
502 5362 703 5433 συνῆψε
741 5363 808 5432 τῇ
852 5362 1129 5439 ἐπιστήμῃ
1166 5365 1263 5438 τὴν
1302 5367 1505 5436 νόησινο
1550 5372 1582 5441 ὴ
1629 5370 1740 5442 γὰρ

162 5455 396 5526 ἀκριεὴς
418 5456 550 5528 περὶ
571 5455 877 5512 οὑτινοσοῦν
909 5459 1235 5530 κατανόησις
1272 5461 1581 5534 ἐπιστήμην
1611 5464 1736 5518 τού-

163 5566 258 5601 του
282 5547 599 5620 ἐργάζεται.

240 5740 263 5772 ο
291 5730 448 5783 Cant.
481 5746 516 5792 ι.
543 5736 593 5785 2.
684 5727 701 5764 τ
730 5734 831 5788 lsa.
868 5750 936 5787 Vl.
964 5735 1021 5787 ‘2.

1838 1948 2040 2001 tionem
2070 1962 2136 2001 ex
2179 1948 2630 2017 fragrantissimis
2661 1948 2906 2002 materiis
2952 1949 3231 2017 componi,
3267 1949 3423 2018 cujus

1838 2043 1929 2109 qui
1990 2041 2284 2111 participes
2322 2041 2646 2104 exsistunt,
2697 2055 2796 2109 pro
2862 2042 3073 2093 ratione
3131 2042 3422 2111 participa-

1839 2134 2001 2188 tionis
2050 2135 2373 2189 suavissimo
2422 2134 2591 2188 odore
2644 2132 2982 2187 reficiuntur.
3019 2130 3178 2188 Jesus
3233 2133 3421 2201 itaque

1839 2227 2248 2291 divinissimus,
2301 2228 2461 2297 cuius
2513 2242 2711 2281 nomen
2771 2234 3107 2296 unguentum
3186 2224 3420 2280 effusum

1839 2329 1924 2374 est
1978 2331 2044 2385 θ,
2096 2328 2351 2388 tanquam
2413 2317 2904 2388 supernaturaliter
2969 2316 3256 2386 fragrans,
3336 2319 3419 2371 sui

1840 2410 2135 2480 participes
2195 2410 2376 2465 divina
2419 2409 2592 2478 replet
2629 2409 2926 2478 voluptate.
2990 2407 3048 2461 Si
3106 2408 3250 2462 enim
3296 2424 3423 2462 sen-

1840 2502 2083 2557 sibilium
2138 2501 2423 2570 perceptio
2477 2496 2900 2572 fragrantiarum
2959 2501 3100 2556 bene
3157 2502 3339 2557 allicit.
3374 2502 3419 2555 si

1841 2596 2001 2649 modo
2048 2610 2243 2649 sanum
2291 2592 2555 2647 olfactntn
2603 2594 2935 2661 obtinemus,
2991 2596 3181 2649 eadem
3231 2594 3424 2662 utique

1845 2688 2055 2742 ratione
2083 2688 2229 2741 dicet
2263 2686 2481 2756 aliquis,
2529 2685 2802 2754 spiritales
2845 2696 3062 2742 nostras
3110 2687 3423 2750 facultates,

1841 2778 2142 2846 animmque
2165 2778 2444 2845 judicandi
2476 2778 2640 2841 vires,
2677 2776 2843 2830 divini
2872 2778 3059 2832 odoris
3093 2780 3422 2832 suavitatem

1842 2869 2143 2938 percipere.
2186 2869 2346 2922 modo
2378 2868 2488 2922 sint
2535 2869 2884 2937 incorruptae.
2920 2867 3046 2923 Haec
3092 2852 3276 2938 itaque
3317 2886 3423 2923 un-

1836 2963 2022 3033 guenti
2072 2962 2398 3029 compositio
2460 2962 2751 3031 ipsummet
2810 2961 3213 3030 inﬁgurabilem
3267 2964 3425 3017 nobis

1844 3058 1896 3111 in
1923 3057 2091 3125 figura
2124 3058 2354 3112 exhibet
2386 3056 2673 3110 Dominum
2703 3056 3008 3116 Christum,
3040 3055 3425 3110 suaveolentite

1843 3148 2069 3213 fontem,
2108 3149 2469 3205 deiformibus
2497 3147 2697 3202 animis
2735 3147 2952 3202 divinas
2977 3150 3204 3203 odorum
3237 3163 3423 3201 suav:-

1767 3236 1808 3292 C
1846 3248 1982 3300 tates
2009 3242 2305 3309 alllautem,
2328 3246 2526 3313 quibus
2554 3244 2661 3301 illa;
2696 3255 2905 3300 mentes
2931 3244 3169 3297 suaviter
3194 3241 3422 3305 aﬁ‘ecttc,

1842 3338 2103 3407 fragranti
2135 3337 2236 3393 ista
2273 3339 2498 3409 spiritali
2526 3339 2781 3396 alimonia
2820 3338 3198 3409 perfruuntur.

1916 3428 1947 3499 §
1984 3429 2051 3487 ν.
2094 3431 2291 3486 Diceus
2324 3446 2452 3487 vero
2482 3442 2701 3493 mentes.
2740 3446 2874 3487 voce
2908 3417 3427 3486 hac'nn‘iversaliter

1844 3530 1955 3574 tam
1977 3523 2045 3576 de
2073 3522 2285 3591 angelis
2316 3538 2481 3592 quam
2522 3523 2591 3577 de
2611 3520 2784 3577 nobis
2819 3532 3069 3591 accepta,
3099 3522 3261 3575 modo
3283 3536 3425 3589 quo-

1841 3626 1948 3681 que
1998 3611 2363 3668 diﬂ'ereutiam
2414 3613 2682 3685 assignat,
2739 3616 2997 3683 quoniam
3051 3614 3270 3685 quidem
3323 3612 3427 3667 illis

1844 3706 2221 3775 multipliciter
2276 3706 2619 3771 infunditur,
2669 3708 2819 3776 quod
2869 3708 3131 3761 nimirum
3174 3705 3429 3762 eteiestes

1844 3799 1962 3854 ista:
1992 3799 2221 3854 virtutes
2264 3809 2319 3854 et
2370 3799 2792 3868 protiiuquiores
2835 3800 2969 3864 sint,
3013 3809 3071 3853 et
3123 3799 3425 3853 istiusmodi

1843 3892 2041 3947 divinte
2074 3892 2240 3963 228
2278 3892 2709 3962 participationis
2735 3892 3083 3960 capaciores;
3119 3889 3429 3945 hominibus

1846 3999 1978 4039 vero
2009 3994 2268 4053 tanquam
2322 3985 2503 4038 minus
2531 3983 2847 4053 capacibus,
2881 3985 2951 4037 ad
2995 3982 3307 4037 eorumdem
3336 3998 3428 4036 ca-

1843 4086 1991 4145 ptum
2026 4091 2042 4129 :
2074 4075 2130 4129 id
2158 4073 2304 4129 cnim
2342 4083 2451 4136 est,
2485 4073 2838 4141 Proportione
2871 4074 3101 4143 quadam
3152 4072 3428 4125 distribui-

1844 4178 1951 4220 tur.
1980 4168 2126 4222 Ordo
2150 4178 2332 4221 autem
2365 4167 2455 4234 qui
2492 4164 2746 4221 ccelestes
2790 4166 3024 4220 virtutes
3071 4164 3228 4219 valde
3268 4178 3429 4233 supe-

1851 4269 1938 4314 rat
1969 4259 2220 4331 (observa
2252 4274 2382 4312 vero
2410 4257 2682 4326 quomodo
2731 4258 2818 4312 hic
2858 4259 3133 4327 seraphint
3175 4260 3428 4312 omnibus

1844 4352 2156 4421 superiores
2211 4352 2396 4417 dicat)
2448 4351 2501 4404 itt
2571 4352 2675 4405 alis
2723 4352 3007 4405 duodecim
3066 4352 3426 4421 significatur.

1845 4445 2041 4500 Verum
2076 4444 2165 4498 bic
2206 4460 2311 4498 non
2364 4459 2521 4498 nemo
2553 4455 2735 4513 posset
2763 4443 3022 4512 obiicere,
3075 4460 3180 4498 non
3227 4444 3428 4498 duode-

1846 4537 1976 4600 cim,
2024 4538 2119 4601 sed
2163 4553 2257 4594 sex
2314 4539 2429 4593 alas
2462 4547 2670 4592 tantum
2708 4539 2936 4607 singulis
2973 4539 3312 4606 Scripturam
3345 4547 3428 4587 at-

1850 4632 2107 4696 tt'ibuere,
2155 4648 2278 4686 cum
2344 4634 2601 4687 nimirum
2648 4634 2908 4701 proltbeta
2972 4628 3282 4683 dicat:Sea:
3326 4630 3428 4680 ala:

1848 4724 1961 4787 ιιηὶ.
2007 4734 2053 4777 el
2105 4739 2196 4779 sea:
2238 4724 2340 4779 alte
2385 4728 2478 4780 uni
2546 4727 2602 4790 τ,
2651 4727 2893 4790 duosque
2956 4722 3274 4790 coajunetos
3305 4736 3427 4790 .no-_

1849 4812 2040 4867 minet.
2084 4812 2387 4883 Supremos
2425 4817 2591 4882 igitur
2629 4816 2719 4868 ille
2759 4815 2891 4866 ordo
2919 4822 3234 4865 sanctorum
3277 4784 3431 4864 scra-

1847 4902 2019 4971 pbim,
2043 4905 2133 4970 qui
2173 4919 2343 4973 prope
2388 4905 2554 4959 Deum
2599 4902 2900 4958 collocatus
2936 4910 3039 4959 est,
3081 4899 3429 4952 incessanter

1848 4994 1977 5047 illud
2021 4995 2219 5048 divina:
2263 4995 2440 5049 laudis
2471 4994 2742 5049 canticum
2774 4991 3092 5061 proclamat.
3138 4990 3429 5059 Explicatis

1848 5100 1978 5141 vero
2034 5087 2163 5155 quid
2208 5089 2278 5142 sit
2327 5087 2608 5158 ἀσίγητον,
2671 5085 2892 5138 subdit:
2938 5084 3201 5150 Quoniam
3243 5085 3424 5137 divina

1850 5184 2091 5253 cognitio
2142 5184 2565 5254 indefatigabilis
2622 5194 2727 5249 est,
2780 5191 2835 5236 et
2884 5180 3127 5235 divinum
3184 5196 3424 5235 amorem

1850 5278 2013 5332 habet
2044 5279 2471 5342 indelicientem,
2511 5278 2770 5348 omnique
2813 5276 3022 5331 malitia
3071 5285 3125 5329 et
3154 5274 3427 5329 oblivione

1846 5372 2096 5440 Superior
2116 5372 2351 5435 exsistit,
2379 5373 2450 5426 ita
2480 5380 2663 5440 utprre
2695 5369 2901 5424 malitia
2927 5383 3198 5437 nunquam
3230 5376 3425 5435 sponte

1843 5464 2021 5525 sileat,
2071 5479 2246 5533 neque
2286 5480 2382 5531 per
2433 5463 2758 5518 oblivionem
2794 5461 2980 5516 invite.
3030 5461 3198 5515 Recte
3239 5471 3425 5513 autem

1850 5554 2146 5623 cognitioni
2179 5556 2467 5609 scientiam
2515 5553 2827 5622 subjunxit:
2876 5567 3001 5605 nam
3044 5559 3297 5606 accurata
3328 5569 3429 5603 cu-

1843 5648 2063 5716 juslibet
2098 5651 2171 5705 rei
2194 5651 2434 5719 cognitio
2460 5649 2744 5706 scientiam
2770 5648 2888 5717 ejus
2914 5647 3108 5714 gignit.
