3730 6292
324 265 431 325 495
1494 267 1550 328 S.
1588 262 1741 328 NON
1751 265 1879 325 ἴδη
1928 268 2388 328 ΑΒΕΟΡΛΟΙΤΝΣ
3474 260 3592 322 496

398 385 425 455 §
472 382 554 438 Vl.
602 385 675 439 De
716 383 920 439 sanctis
948 386 1166 454 quidem
1211 391 1505 458 serapliiui,
1547 400 1601 445 et
1630 392 1871 457 quomodl

2127 390 2211 443 \‘l.
2239 390 2321 443 Τά
2351 390 2448 461 μὲν
2481 387 2607 460 περὶ
2645 386 2754 442 τῶν
2801 378 2970 455 άγίων
3013 383 3275 457 σεραφὶμ,
3305 381 3405 434 καὶ
3437 380 3598 445 ὅπως

325 478 378 530 ἰη
428 478 729 546 Scripturis
770 475 986 546 elligiati
1049 478 1375 547 spiritaliter
1428 483 1787 550 exlilicentur,

2119 484 2213 544 ἀἷς
2258 481 2505 552 Γραφαῖς
2544 477 2931 549 είκονιζόμενοι
2966 476 3315 545 ὲκφαίνονται
3354 470 3592 542 νοητῶς.

322 569 462 624 libro
516 568 593 622 De
640 567 831 622 cwlesti
876 570 1176 624 hierarclu'a
1236 575 1687 641 pertractavimus
1734 590 1747 628 :

2115 572 2148 643 ᾧ
2170 571 2308 640 Περὶ
2325 572 2435 641 τῆς
2453 570 2734 640 οὐρανίας
2761 568 3058 636 ιεραρχίας
3075 564 3415 634 διελάὸομεν·
3437 562 3588 631 ὅμως

320 660 577 726 quoniam
631 657 705 712 illi
765 674 982 729 quoque
1029 662 1121 729 qui
1165 662 1318 729 juxta
1367 665 1671 732 pontiﬁcem
1711 679 1793 719 cot

2118 662 2179 734 δὴ
2204 664 2253 716 οἱ
2284 664 2411 735 περὶ
2436 662 2528 715 τὸν
2566 661 2828 733 ἱεράρχην
2869 659 3147 728 ἱστάμενοι
3187 656 3283 709 xui.
3324 654 3387 707 τὸ
3415 652 3591 724 μύρον

320 758 487 811 stunt,
530 755 582 801 et
620 758 952 819 unguentum
1007 762 1255 806 sanetum
1306 755 1597 822 obtegunt,
1650 758 1793 809 eamd

2113 753 2486 817 ικαλύπτοντες
2527 752 2740 824 ἐκείνην
2775 747 3111 804 ἀποτυποῦσι
3142 749 3241 819 τὴν
3279 746 3586 816 διακόσμη-

319 840 723 909 dispositionem
778 852 1205 911 reprarsentaut,
1261 846 1501 900 breviter
1551 862 1767 917 quoque

1707 862 1767 901 ue
1827 847 1894 901 de
1993 862 2100 909 σιν,
2125 846 2369 917 εἴπωμέν
2393 863 2445 899 τι
2475 845 2533 897 ὲν
2559 844 2805 914 συντόμῳ
2830 843 2957 912 περὶ
2983 840 3180 894 αὐτῶν.

318 931 420 986 illis
447 933 651 1001 aliquid
682 934 947 990 dicamus.

389 1024 415 1095 §
456 1022 564 1078 V’ll.
607 1023 844 1082 Diversae
887 1027 1108 1097 quidem
1167 1027 1335 1086 facies
1385 1046 1602 1097 eorum,
1636 1042 1695 1086 ut
1734 1031 1861 1085 uniu

2138 1027 2249 1079 VII.
2299 1026 2371 1078 Τὸ
2418 1026 2514 1096 μὲν
2551 1025 3044 1096 ἀπειροπρόσωπον
3063 1023 3265 1086 αὐτῶν,
3292 1022 3370 1087 ὡς
3392 1022 3586 1077 τοῦτον

312 1119 531 1187 Quidem
563 1119 825 1182 humana,
863 1120 1093 1176 alterius
1128 1137 1256 1177 vero
1306 1123 1524 1192 bovina,
1580 1132 1635 1179 et
1668 1124 1785 1178 alte;

2116 1115 2477 1187 ἀνθρωπείαν,
2504 1114 2691 1168 τοῦτον
2712 1113 2767 1166 δὲ
2796 1113 3019 1183 βοείαν⁹,
3047 1114 3299 1167 κάκεῖνον
3340 1112 3582 1175 λέοντος,

314 1210 517 1276 leonis,
583 1221 637 1266 et
708 1212 933 1267 alterius
972 1214 1192 1283 aquila,
1231 1215 1489 1284 quodque
1542 1217 1681 1271 alius
1730 1217 1778 1270 al

2113 1209 2269 1264 ἄλλον
2293 1210 2473 1272 ἀετοῦ,
2497 1212 2591 1263 xui.
2617 1209 2773 1264 ἀλλον
2815 1210 2991 1274 ἄλλως
3016 1206 3379 1280 ἐμφαίνεσθαι
3401 1206 3464 1258 τὸ
3486 1221 3585 1255 πο-

313 1299 595 1370 appareat',
623 1316 812 1357 eorum
843 1303 1057 1357 videndi
1085 1304 1191 1359 vim
1222 1307 1581 1374 multiplicem
1608 1308 1786 1363 declar

2113 1307 2259 1375 ὶαμον
2286 1304 2461 1357 αὐτῶν
2502 1304 2818 1376 παρίστησι*
2848 1304 2996 1355 πᾶσα
3037 1302 3145 1373 γὰρ
3173 1301 3270 1355 θέα
3296 1303 3355 1353 ὲν
3378 1304 3445 1372 τῇ
3486 1318 3586 1354 πο-

309 1394 490 1448 nimiis
550 1395 694 1448 enim
756 1397 896 1451 visio
954 1399 1013 1450 lit
1064 1398 1286 1467 aliquali
1329 1400 1511 1454 Vultus
1565 1401 1782 1455 detectit

2125 1396 2457 1466 ἀνακαλύψει
2493 1397 2586 1451 τοῦ
2631 1396 2922 1467 προσώπου
2960 1395 3189 1463 γίνεται.
3235 1395 3309 1447 Τὸ
3330 1395 3390 1447 δὲ
3415 1395 3586 1448 πολύ-

311 1482 463 1539 Multi
508 1500 638 1540 vero
690 1487 856 1556 pedes
906 1489 1165 1542 denotant
1204 1500 1523 1560 perpetuum
1551 1505 1740 1545 eorum
1782 1510 1784 1538 τ

2109 1508 2125 1541 θ
2162 1488 2223 1541 τὸ
2262 1489 2567 1557 ἀεικίνητον
2607 1490 2703 1541 καὶ
2739 1484 3043 1559 πολύπορον
3082 1488 3181 1557 τῆς
3221 1487 3374 1550 θείας
3399 1487 3582 1540 αὐτῶν

313 1585 461 1641 tum,
511 1578 729 1647 vimque
771 1579 965 1633 divina:
1004 1582 1336 1649 cognitionis
1392 1582 1558 1635 tnulta
1598 1593 1786 1653 penetr

2110 1598 2244 1645 πεως·
2273 1581 2367 1634 καὶ
2390 1579 2499 1653 γὰρ
2513 1581 2573 1633 τὸ
2596 1583 2676 1644 εἰς
2701 1579 2869 1633 πολλά
2893 1580 3130 1634 νοεῖσθαι
3156 1581 3243 1634 διὰ
3265 1580 3378 1633 τῶν
3405 1581 3583 1635 ποδῶν

312 1675 450 1730 tem;
507 1682 631 1721 nam
683 1670 826 1736 quod
883 1670 1050 1723 multa
1094 1672 1297 1735 norint,
1332 1673 1435 1745 hoc
1475 1685 1699 1742 propter
1722 1691 1785 1744 pe

2113 1692 2222 1728 ται.
2266 1676 2377 1746 Τὴν
2414 1674 2471 1727 δὲ
2499 1672 2740 1743 ὲξαπλῆν
2774 1672 2922 1726 θέσιν
2944 1672 3052 1726 τῶν
3079 1672 3296 1743 πτερῶν
3325 1675 3431 1726 οὐκ
3456 1675 3581 1744 ἀρι-

310 1759 391 1816 lit.
427 1760 691 1814 Senarum
734 1777 862 1815 vero
891 1763 1098 1816 alarum
1144 1766 1595 1833 compositionem
1637 1783 1741 1821 non
1772 1784 1783 1820 t

2106 1786 2122 1819 ιι
2148 1762 2299 1836 οἶμαι
2325 1764 2538 1836 δηλοῦν,
2568 1765 2648 1817 ὃτι
2674 1760 2825 1827 οὗτος
2849 1766 2877 1817 ὁ
2906 1763 3136 1836 ἀριθμὸς
3175 1764 3385 1828 τέλειός
3410 1766 3579 1827 ἐστιν,

305 1852 470 1904 stimo
516 1870 801 1907 numerum
837 1854 1243 1924 demonstrare,
1294 1860 1441 1928 quod
1496 1862 1582 1913 hic
1633 1875 1778 1913 nume

2110 1859 2208 1920 τοῖς
2229 1855 2450 1919 οἰκείοις
2480 1853 2677 1926 μέρεσι
2704 1853 3123 1925 συνιστάμενος,
3148 1854 3297 1924 (τρία
3322 1852 3457 1924 γάρ,
3485 1854 3583 1906 καὶ

309 1944 580 2012 perfectus
630 1947 723 2008 sit,
780 1957 1038 2017 tauquam
1083 1949 1176 2018 qui
1219 1952 1468 2019 partilms
1515 1955 1628 2005 suis
1671 1968 1782 2006 eou:

2134 1949 2226 2002 xui
2262 1947 2340 2011 ἓν,
2368 1945 2531 2000 πάλιν
2558 1945 2637 2011 ἓξ,
2666 1945 2823 1998 ἆτινά
2849 1947 2985 1997 εἰσιν
3008 1945 3198 2015 ἥμισυ,
3236 1944 3445 2013 τρίτον,
3486 1942 3584 1995 xui.

308 2034 434 2103 (tria
467 2036 633 2095 enim,
658 2046 711 2088 et
740 2038 867 2101 duo,
911 2047 964 2091 et
991 2055 1181 2105 unum,
1210 2051 1334 2094 sunt
1386 2042 1581 2096 iterum
1614 2060 1732 2107 sex,
1766 2063 1781 2093 σ

2108 2058 2161 2106 ιν,
2191 2039 2371 2104 καθὼς
2398 2040 2604 2112 ἑτέροις
2627 2037 2792 2103 ἔδοξε·
2822 2039 2915 2091 καὶ
2943 2037 3103 2108 ἡμεῖς
3126 2035 3183 2089 δὲ
3206 2036 3364 2089 αὐτοὶ⁸
3405 2032 3581 2097 οὕτως

308 2138 435 2180 sunt
458 2128 757 2182 .dimidium
789 2130 1030 2197 tertium,
1068 2141 1122 2186 et
1151 2142 1386 2197 sextum,
1422 2144 1481 2190 ut
1507 2136 1627 2190 aliis
1657 2138 1779 2207 plac

2106 2131 2141 2203 ᾧ
2167 2130 2304 2199 Περὶ
2318 2131 2429 2199 τῆς
2445 2130 2729 2197 οὐρανίου
2751 2128 3051 2196 ἱεραρχίας
3069 2127 3329 2197 ἐλέγομεν
3346 2125 3579 2196 ἐξηγού-

305 2219 435 2286 quiu
483 2228 537 2271 et
579 2234 678 2274 nos
712 2220 813 2289 ipsi
858 2221 911 2276 iu
954 2222 1091 2277 libro
1135 2223 1209 2277 De
1244 2227 1437 2280 calcati
1480 2228 1778 2283 liierarchia

2107 2228 2181 2299 δι’)
2208 2225 2321 2279 ἀλλ’
2347 2226 2427 2278 ὃτι
2451 2224 2519 2277 τά
2545 2221 2605 2287 ἒξ
2628 2225 2707 2285 εἰς
2730 2224 2877 2292 τρεῖς
2900 2220 3096 2283 δυάδας
3116 2219 3429 2290 τέμνονται.
3459 2218 3580 2270 Εἰσὶ

305 2309 379 2363 ita
409 2311 647 2367 diximus
682 2315 992 2385 explicari),
1024 2318 1117 2370 sed
1151 2318 1295 2386 quod
1330 2334 1423 2374 sex
1469 2320 1521 2374 in
1562 2332 1674 2376 tres
1710 2322 1778 2375 du

2105 2322 2159 2373 ui
2190 2319 2282 2372 ἐπὶ
2308 2317 2510 2380 πάσαις
2546 2315 2827 2387 οὐρανίαις
2850 2314 3139 2384 δυνάμεσιν
3166 2312 3304 2382 ἅμα,
3348 2312 3445 2364 xui
3470 2312 3578 2364 πά·-

309 2413 452 2459 tales
501 2406 837 2461 dividantur.
894 2408 1035 2463 Sunt
1069 2411 1213 2464 enim
1266 2412 1319 2465 in
1370 2414 1620 2468 omnibus
1670 2430 1782 2484 quoi

2107 2415 2173 2482 :go’
2198 2410 2406 2484 ἑκάστῃ
2426 2411 2807 2481 διακοσμήσει,
2828 2407 3039 2478 πρῶται
3064 2407 3158 2459 καὶ
3182 2405 3349 2475 μέσαι
3369 2405 3467 2456 καὶ
3490 2421 3580 2456 τε-

305 2497 470 2552 simul
503 2498 815 2555 caelestibus
857 2501 1173 2566 virtutibus,
1230 2504 1304 2557 uti
1339 2505 1504 2558 etiam
1558 2506 1610 2560 in
1642 2506 1778 2576 qual‘

2105 2511 2250 2561 ταϊαιο
2276 2505 2365 2559 διά
2387 2503 2546 2558 τοῦτο
2570 2502 2934 2574 περιτίθενται
2963 2499 3021 2565 ἒξ
3046 2499 3336 2570 πτέρυγες,
3368 2498 3457 2550 ἵνα
3480 2497 3578 2569 δη-

304 2590 679 2658 dispositione,
731 2591 937 2660 primae,
986 2602 1040 2647 et
1076 2594 1287 2661 mediae,
1321 2604 1374 2649 et
1421 2606 1747 2664 postrema}:

2107 2602 2129 2672 ᾗ
2160 2600 2252 2652 xui.
2273 2598 2334 2650 τὸ
2358 2590 2702 2665 ἀναγωγικὸν
2724 2592 2902 2645 αὐτῶν
2917 2591 3005 2644 διὰ
3022 2591 3129 2643 τῶν
3150 2589 3358 2644 διπλῶν
3384 2590 3580 2661 πτερύ-

304 2686 371 2738 de
395 2699 557 2740 causa
587 2700 680 2740 sex
722 2686 822 2740 alze
856 2687 1373 2756 circumponuutur.
1402 2697 1461 2742 ut
1497 2704 1595 2759 per
1640 2690 1777 2760 dupli

2104 2732 2118 2756 ,
2147 2692 2206 2745 ού
2234 2691 2343 2762 γάρ
2369 2690 2649 2760 αὐτάρκης
2675 2687 2708 2757 ὴ
2739 2685 2854 2756 μία.
2882 2684 2992 2736 Καὶ
3018 2684 3079 2736 τὸ
3107 2683 3204 2735 καὶ
3243 2679 3315 2733 τὰ
3359 2683 3575 2754 πρῶτα,

303 2777 421 2830 alas
453 2779 765 2833 earumdem
814 2779 883 2832 ad
912 2794 1105 2846 supera
1148 2780 1380 2834 ducendi
1414 2781 1497 2834 vis
1522 2781 1776 2850 signiﬁce‘

2106 2785 2266 2856 μέσα,
2297 2785 2391 2838 xui.
2411 2783 2483 2836 τά
2507 2775 2789 2834 τελευταῖα
2829 2772 2937 2830 τῶν
2964 2775 3167 2847 νοερῶν
3207 2775 3390 2828 αὐτῶν
3414 2776 3578 2829 δυνάσ-

303 2882 409 2921 nou
431 2868 576 2922 enim
603 2883 707 2921 una
732 2867 946 2922 sufﬁcit.
978 2868 1117 2935 Quin
1147 2880 1201 2924 et
1228 2872 1331 2924 hoc
1362 2884 1577 2939 quoque
1594 2871 1776 2942 2291

2101 2894 2153 2939 ›ν,
2179 2877 2259 2939 είς
2283 2873 2444 2927 αὑτὸν
2468 2871 2559 2924 τὸν
2586 2864 2717 2923 Θεὸν
2743 2866 3060 2936 ἀνάγεσθαι,
3091 2867 3184 2919 καὶ
3209 2865 3320 2918 τῶν
3364 2882 3574 2937 χαμερ-

302 2973 441 3023 mas,
465 2968 518 3011 et
543 2959 773 3024 medias,
789 2969 845 3013 et
869 2970 1176 3029 postremas
1196 2963 1424 3016 virtutes
1456 2977 1639 3016 earum
1659 2965 1771 3034 spir

2099 2989 2102 3009 ι
2139 2966 2471 3023 ἀπολύεσθαι
2495 3002 2509 3029 ,
2552 2963 2711 3017 τοῦτο
2734 2962 2842 3035 γὰρ
2882 2962 3029 3033 δηλοῖ
3072 2960 3133 3012 τὸ
3168 2960 3481 3023 ἀπόλυτα,
3510 2961 3572 3013 ού

301 3049 379 3105 les
394 3052 460 3103 ad
483 3051 658 3120 ipsum
680 3050 846 3105 Deum
865 3052 1088 3115 adduci,
1111 3065 1165 3106 et
1184 3070 1212 3106 a
1240 3054 1474 3108 terrenis
1505 3055 1708 3110 absolvi
1745 3057 1774 3110 ii

2103 3079 2119 3113 ι
2142 3060 2278 3112 εἰσὶν
2302 3054 2700 3126 ἀπολελυμέναι
2721 3051 2815 3106 xui.
2850 3056 2904 3106 αἱ
2945 3052 3002 3119 ἒξ
3028 3053 3318 3123 πτέρυγες,
3349 3052 3465 3106 ἀλλ’
3491 3054 3576 3105 ὃτι

300 3150 455 3205 nuat,
508 3141 584 3195 uti
635 3155 739 3195 vox
794 3141 1040 3196 ἀπόλυτα
1096 3143 1374 3208 declarat;
1420 3160 1528 3198 non
1571 3146 1714 3215 quod
1748 3147 1773 3214 il

2114 3150 2414 3222 χαμερπῶν
2440 3141 2785 3200 ἀπολύονται.
2811 3144 2884 3197 Τὸ
2909 3143 3133 3197 καθόλου
3161 3139 3256 3197 οὖν
3297 3143 3573 3214 πτερωτὸν

298 3247 392 3287 tex
428 3233 527 3288 alte
568 3234 845 3289 dissoluta:
878 3234 1008 3299 sint,
1041 3234 1134 3289 sed
1178 3235 1322 3304 quod
1352 3240 1422 3290 ab
1460 3238 1605 3291 humi
1641 3254 1765 3307 repe

2101 3241 2331 3314 σσομένη
2371 3244 2404 3313 ὴ
2445 3240 2564 3295 θεία
2608 3239 2822 3311 Γραφὴ,
2853 3236 3159 3309 περιτίθησι
3198 3239 3293 3289 καὶ
3326 3236 3442 3291 ἀνω
3481 3236 3574 3289 καὶ

301 3329 402 3381 lius
431 3326 594 3382 rebus
632 3326 1010 3382 absolvantur.
1048 3325 1118 3381 Ut
1158 3327 1339 3396 itaque
1375 3329 1555 3383 divina
1598 3329 1774 3401 Script

1420 3329 1555 3383 iviua
1598 3329 1876 3401 Scriptura
1981 3336 2128 3389 κάτω
2154 3335 2247 3389 xui.
2288 3334 2451 3404 μέσον
2474 3332 2573 3395 τὰς
2600 3326 2893 3402 πτέρυγας·

299 3417 517 3486 penitus
564 3417 739 3473 alatas
788 3432 909 3473 esse
960 3419 1243 3482 insinuet,
1278 3434 1494 3474 sursum
1532 3433 1585 3475 et
1622 3423 1875 3477 deorsum

228 3550 233 3561 ,
296 3522 352 3565 et
376 3512 427 3565 iu
455 3511 635 3565 medio
673 3509 741 3564 iis
764 3509 877 3563 alas
900 3508 1144 3564 adhibet.

371 3602 401 3673 ς
442 3601 573 3655 VIII.
620 3600 816 3655 Verum
857 3615 956 3656 cur
1006 3601 1295 3656 inferiores
1340 3610 1395 3656 et
1434 3604 1748 3671 superiores
1779 3604 1844 3656 alt

2119 3599 2246 3654 \‘lll.
2286 3600 2351 3653 Τί
2391 3599 2447 3653 δέ
2483 3601 2597 3652 ἐστι
2645 3592 2707 3651 τὸ
2745 3597 2843 3660 τὰς
2887 3597 2984 3667 μὲν
3030 3596 3144 3650 ἀνω
3167 3596 3261 3650 xui.
3292 3596 3398 3659 τὰς
3425 3598 3572 3651 κάτω

296 3696 713 3766 suecinguutur,
752 3695 943 3749 media:
974 3707 1103 3748 vero
1134 3695 1541 3749 extenduntur?
1562 3695 1686 3763 quia
1716 3695 1768 3748 ni

2095 3690 2379 3753 τέλλεσθαι,
2412 3688 2511 3753 τάς
2543 3688 2599 3740 δὲ
2632 3688 2799 3758 μέσας
2829 3680 3164 3740 ὲκτείνεσθαι
3186 3688 3300 3751 ;ὄτι
3335 3686 3568 3759 εὐλαϐής

292 3800 413 3843 'rmn
442 3790 580 3843 ordo
606 3788 695 3843 ille
724 3789 1043 3843 sublimiora
1067 3789 1528 3859 profundioraque
1573 3802 1760 3843 revere

2096 3801 2121 3836 ν
2153 3785 2185 3854 ή
2215 3782 2367 3848 τάξις
2396 3782 2523 3853 περὶ
2556 3778 2624 3832 τά
2652 3778 2956 3850 ὑψηλότερα
2980 3780 3072 3831 xui.
3097 3777 3406 3850 βαθύτερα,
3435 3777 3569 3849 ὑψη-

293 3882 612 3935 sublimiora
662 3882 884 3936 minime
917 3882 1233 3951 quzerendo,
1269 3890 1322 3935 et
1366 3878 1719 3950 profundiora

2090 3892 2166 3945 pa
2215 3875 2289 3946 μὴ
2335 3872 2609 3943 ζητοῦσα,
2666 3867 2760 3923 xui.
2817 3871 3086 3942 βαθύτερα
3129 3871 3205 3941 μὴ
3253 3872 3563 3942 ὲρευνῶσα,

294 3977 609 4041 scrutando,
673 3978 849 4033 media
884 3992 1013 4033 vero
1061 3977 1163 4032 sibi
1221 3989 1536 4032 eonunensa
1585 3987 1767 4031 sectari

2089 3984 2111 4020 ι
2131 3966 2189 4020 δὲ
2219 3965 2286 4019 τὰ
2313 3966 2451 4037 μέσα
2475 3966 2567 4017 καὶ
2593 3960 2880 4036 σύμμετρα
2903 3962 3159 4033 ζητοῦσα,
3187 3962 3475 4031 ἀνάγεται,
3498 3966 3562 4034 τῇ

294 4086 513 4125 sursum
548 4070 742 4136 fertur,
772 4071 968 4125 divinae
990 4071 1218 4139 iustitiae
1251 4071 1417 4124 vitam
1459 4084 1610 4124 suatn
1639 4070 1767 4125 SUbil

2091 4101 2093 4111 π
2133 4059 2447 4131 δικαιοσύνῃ
2510 4056 2821 4110 ὑποτιθεῖσα
2863 4056 2961 4127 τὴν
3004 4055 3210 4107 οἰκείαν
3257 4054 3438 4127 ζωὴν,
3473 4056 3564 4109 καὶ

294 4167 434 4229 lens,
459 4171 511 4216 et
548 4162 842 4216 secundum
887 4164 1030 4217 illam
1066 4178 1160 4217 sua
1196 4163 1451 4231 dirigens.

1972 4155 2100 4225 παρ’
2133 4152 2347 4221 ἐκείνης
2380 4149 2671 4203 εύθετοῦσα
2702 4150 2770 4202 τὰ
2801 4148 2919 4203 καθ’
2946 4149 3146 4218 αὐτην.

366 4255 395 4325 δ
439 4253 531 4308 IX.
574 4253 727 4319 Quod
778 4264 956 4306 autem
982 4254 1119 4308 alter
1166 4253 1231 4307 ad
1265 4253 1496 4306 alterum
1526 4253 1746 4322 clamet,
1777 4271 1839 4310 no

2107 4244 2204 4300 IX.
2238 4244 2311 4297 Τὸ
2362 4243 2420 4298 δὲ
2462 4242 2685 4314 κράζειν
2730 4243 2914 4312 ἕτερον
2945 4243 3083 4311 πρὸς
3123 4238 3215 4294 τὸν
3244 4241 3466 4314 ἓτερον,
3502 4240 3568 4293 τὸ

295 4348 505 4401 tionuiu
532 4345 899 4399 abundantem
931 4346 1475 4401 communicationem
1501 4347 1766 4418 designat.

1969 4332 2068 4408 τῆς
2103 4336 2438 4408 μεταδόσεως
2467 4336 2573 4389 τῶν
2595 4337 2831 4407 νοήσεων
2856 4332 3084 4402 ἄφθονον
3116 4337 3381 4405 παριστᾷ.

367 4438 394 4510 §
454 4436 520 4491 Χ.
562 4436 831 4492 Caeterum
881 4452 1002 4490 cum
1056 4434 1323 4489 ilebraica
1369 4451 1583 4505 quoque
1641 4437 1840 4491 dialect

2107 4429 2169 4483 Χ.
2208 4429 2362 4482 Ἐπεὶ
2385 4429 2440 4481 δὲ
2468 4430 2558 4482 καὶ
2580 4426 2913 4498 ἐμπρησταὶ
2942 4428 3036 4480 καὶ
3060 4428 3479 4495 θερμαίνοφτες
3498 4428 3558 4480 ὲκ

291 4532 585 4583 incensore:
608 4540 659 4582 et
680 4528 1043 4596 calefac'entes
1072 4529 1518 4595 interpretentur,
1549 4530 1677 4583 hinc
1703 4530 1764 4598 sig

2108 4522 2399 4594 Ἐϐραῖκῆς
2424 4521 2700 4574 διαλέκτου
2731 4518 3225 4591 μεθερμηνεύονται
3246 4560 3260 4581 ,
3308 4518 3557 4590 δηλοῦται

290 4626 485 4675 licatur
515 4622 595 4674 vis
645 4619 860 4673 illorqu
905 4634 1123 4671 sursum
1156 4619 1435 4673 attollendi
1472 4634 1567 4688 per
1609 4634 1763 4686 ungui

2093 4616 2216 4669 ῦθεν
2233 4614 2292 4668 τὸ
2328 4613 2705 4683 ἀνακινητικὸν
2737 4611 2913 4665 αὐτῶν
2944 4610 3053 4663 τῶν
3090 4609 3186 4662 τοῦ
3220 4611 3397 4681 μύρου
3439 4628 3559 4681 νοη-

289 4714 566 4795 spitjlales
589 4712 1034 4775 distributiones;
1063 4710 1329 4780 siquidem
1365 4713 1543 4765 omnis
1571 4712 1762 4782 fragrat

2124 4709 2443 4762 διαδόσεωνσ
2472 4708 2537 4778 τῇ
2559 4705 2734 4776 θέρμῃ
2767 4704 2876 4775 γὰρ
2909 4702 3003 4755 τοῦ
3051 4702 3222 4773 πυρὸς
3265 4704 3377 4756 πᾶν
3420 4702 3556 4755 eiu?)—

287 4794 467 4861 ealdre
490 4805 630 4874 ignis
654 4802 912 4858 dissoluta
945 4817 1174 4871 vapores
1193 4803 1430 4867 excitat;
1458 4822 1578 4859 nam
1612 4820 1760 4874 Stlpr

2094 4800 2451 4870 ἀναλυόμενον
2486 4802 2613 4863 τοὺς
2662 4800 2866 4868 ἀτμοὺς
2907 4795 3229 4848 ἀναδίδωσιν
3264 4794 3411 4864 φιλεῖ
3451 4795 3558 4865 γάρ

281 4898 373 4952 illa
434 4895 793 4964 fragransque
855 4902 1047 4946 natura
1091 4894 1160 4948 ab
1212 4893 1395 4963 ignitis
1452 4896 1753 4965 purissimis

2087 4894 2329 4967 περτάτη
2368 4894 2461 4947 xui.
2503 4892 2708 4962 εὐώδης
2744 4890 2899 4943 οὐσία
2942 4888 3094 4960 παρά
3137 4888 3245 4941 τῶν
3278 4889 3555 4961 διαπύρων

281 4989 560 5044 mentibus
603 4988 669 5040 ad
715 4986 977 5055 spiritalis
1006 5003 1116 5040 sua:
1144 4988 1491 5055 aspirationis
1519 4988 1754 5043 dilfusim

2091 4986 2492 5058 καθαρωτάτων
2515 4984 2652 5038 νοῶν
2675 4981 2962 5044 κινεῖσθαι,
2989 4982 3068 5043 εἰς
3105 4980 3205 5049 τὴν
3224 4979 3327 5050 τῆς
3356 4981 3554 5051 νοητῆς

279 5096 424 5137 amat
459 5082 767 5152 provocari,
801 5082 943 5134 unde
984 5082 1150 5134 etiam
1193 5082 1311 5135 illas
1358 5082 1531 5135 reddit
1573 5083 1747 5151 partic

2079 5078 2139 5147 ἧς
2187 5078 2472 5140 ἐπιπνοίας
2523 5074 2789 5137 διάδοσιν,
2830 5075 2964 5126 ὅπου
3019 5088 3082 5140 γε
3130 5072 3223 5124 καὶ
3264 5071 3552 5134 κοινωνοὺς

278 5176 458 5244 gaudii
512 5189 677 5243 super
727 5189 833 5227 uno
879 5182 1166 5243 peccatore
1212 5175 1592 5242 pmuiteutiam
1646 5190 1746 5243 age

2062 5190 2064 5195 ν
2111 5169 2446 5240 εὐφροσύνης
2508 5167 2728 5229 τούτους
2794 5168 3024 5218 ποιεῖται
3079 5165 3171 5217 ἐπὶ
3237 5164 3318 5218 ἑνὶ
3374 5166 3535 5234 ἁμαρ-

278 5270 643 5338 lVequaquam
676 5265 858 5334 itaque
898 5265 1074 5333 angeli
1111 5265 1429 5332 ignorabant
1473 5266 1648 5334 ipsum
1678 5263 1751 5318 Jc:

2076 5260 2117 5331 ᾧ
2166 5260 2533 5331 μετανοοῦντι.
2596 5258 2803 5311 Οὐκοῦν
2849 5256 2954 5310 οὐδ’
3019 5256 3173 5308 αὐτοὶ
3224 5258 3273 5308 οἱ
3335 5253 3549 5323 ἄγγελοι

283 5363 373 5431 qui
427 5359 749 5421 sanctiﬁcat,
807 5358 1095 5426 aliquando
1143 5358 1342 5423 etiam,
1392 5371 1516 5411 cum
1565 5360 1756 5412 second

2071 5357 2292 5424 οήκασιν
2332 5355 2415 5407 ὃτι
2446 5356 2473 5406 ὁ
2498 5352 2738 5420 ἁγιάζων
2768 5349 2926 5414 αὐτὸς
2969 5348 3174 5419 Ἰησοῦς
3193 5349 3291 5402 xui
3316 5346 3544 5419 ⁴ἡγιάσθη

283 5456 424 5524 quod
470 5456 633 5507 homo
676 5460 763 5506 est
806 5449 1201 5519 baptizaretur,
1260 5449 1659 5504 sanctificatum
1719 5463 1756 5503 ea

2073 5446 2092 5495 ὲ
2136 5443 2281 5499 κατά
2305 5445 2366 5497 τὸ
2400 5440 2736 5514 ἀνθρώπινον
2760 5438 3095 5511 βαπτισθείς.
3132 5437 3454 5509 Σημείωσαι
3491 5435 3546 5491 δὲ

283 5550 418 5601 Nota
447 5560 575 5600 vero
598 5544 885 5597 verborum
915 5542 1317 5596 accuratiouem
1350 5542 1623 5610 quomodo
1644 5556 1754 5610 quo

2082 5536 2189 5589 τῶν
2224 5535 2400 5607 ῥητῶν
2433 5534 2744 5606 ἀκρίϐειαν,
2764 5530 3001 5595 καὶπῶς
3029 5528 3259 5600 ἐφύλαξε
3286 5530 3388 5601 τῆς
3416 5545 3542 5599 σαρ-

280 5641 465 5694 carnis
520 5635 882 5692 dill'erentiam
935 5632 1187 5687 servarit.
1242 5633 1379 5687 Nam
1430 5632 1621 5695 Jesus,
1661 5634 1750 5702 qui

2098 5630 2197 5700 τὴν
2238 5628 2520 5699 διαφοράν.
2564 5626 2619 5680 '0
2658 5626 2766 5697 γὰρ
2795 5624 3035 5694 ἁγιάζων
3074 5621 3283 5693 Ἰησοῦς
3313 5622 3388 5685 ὡς
3416 5619 3540 5681 Θεὸς

280 5735 422 5787 Deus
458 5730 641 5784 onmia
672 5728 997 5791 sanctiﬁcat,
1026 5736 1081 5779 ut
1116 5727 1279 5780 homo
1309 5741 1523 5795 quoque
1549 5724 1753 5779 sanctili

2063 5736 2173 5782 ντα,
2220 5718 2311 5771 καὶ
2362 5718 2521 5780 αὐτὸς
2565 5717 2639 5779 ὡς
2679 5715 2961 5787 ἄνθρωπος
3017 5712 3256 5783 ἡγιάσθη
3295 5712 3400 5765 ὑπὸ
3449 5706 3536 5759 τοῦ
