3728 6312
95 363 230 419 197

700 324 790 429 ΜΞ
822 361 1109 423 ECCLES.
1149 360 1552 426 lllEBAltCll.,
1588 360 1742 416 cap.
1782 362 1959 417 l\'.——
1990 360 2336 418 ranarum.
2377 361 2844 423 mammam.

3315 365 3416 421 493

97 478 351 550 ῐιατρδς
392 475 487 529 καὶ
516 474 605 545 ὑφ’
648 475 864 541 ἑαυτοῦ,
891 474 1013 530 ἐπεὶ
1041 474 1136 529 καὶ
1174 473 1327 536 Θεὸς,
1374 474 1468 528 καὶ
1496 474 1601 530 ὑπὸ
1626 473 1719 527 τοῦ

1863 490 1911 529 is
1942 474 2043 527 fuit
2070 488 2101 528 a
2125 472 2287 527 Patre
2311 514 2327 538 ,
2370 482 2424 528 et
2461 490 2491 527 a
2521 477 2813 544 semetipso
2835 518 2852 541 ,
2885 489 3161 548 quatenus
3191 498 3413 552 minque

94 571 288 639 ἁγίου
338 566 655 638 Πνεύματος
673 608 689 630 ,
723 567 934 622 είδυιῶν
964 568 1058 622 καὶ
1095 566 1203 619 τῶν
1228 566 1490 638 οὐρανίων
1518 565 1723 631 τάξεων

92 662 219 731 τὴν
284 660 424 713 ἰδίαν
473 659 647 732 ἀρχὴν
672 702 686 725 ,
717 659 860 713 τοῦτ’
903 659 1018 713 ἐστι
1078 660 1170 712 τὸν
1216 658 1389 713 αἴτιον
1428 659 1606 713 αὐτῶν
1633 660 1724 713 καὶ

93 752 460 825 δημιουργὸν
503 752 710 823 Ἰησοῦν
732 792 747 816 ,
773 753 854 806 ὅτι
887 751 989 806 κᾶν
1018 752 1343 823 ἀγιάζηται,
1366 752 1478 808 ἀλλ’
1509 747 1602 805 οῦν
1630 754 1726 807 καὶ

94 845 302 909 οὕτως
350 845 462 916 ἔχει
506 846 567 897 τὸ
600 846 721 898 κατ’
765 845 951 897 ούσίαν
991 843 1346 899 ἀναλλοίωτον
1371 884 1385 905 ,
1426 845 1558 909 Θεὸς
1594 847 1721 917 γάρ.

97 938 332 990 Νοοῦσι
368 936 476 1007 γὰρ
518 936 678 990 αὑτὸν
715 936 875 1007 ίερῶς
897 975 911 999 ,
942 936 1023 989 ὅτι
1068 934 1487 1007 ὲνηνθρώπησεο
1516 936 1576 989 τὸ
1618 935 1725 1007 γὰρ

98 1028 353 1098 ὑφέντα
376 1031 436 1083 τὸ
464 1030 619 1083 ὲνανθ
630 1034 956 1101 ρωπήσαντα
983 1028 1151 1098 δηλοῖ.
1182 1028 1292 1081 Καὶ
1325 1029 1373 1081 εί
1403 1027 1687 1096 ἁγιάζεται
1706 1069 1720 1092 ,

101 1121 239 1175 ἀλλ’
293 1117 391 1175 οὖν
439 1120 580 1175 κατά
615 1122 677 1174 τὸ
726 1120 1064 1192 ἀνθρώπινον
1108 1120 1423 1190 ἁγιάζεται,
1450 1120 1538 1173 διὰ
1568 1121 1726 1177 τοῦτο

103 1215 441 1285 πρόκειται·
469 1214 579 1268 Καὶ
605 1213 891 1283 ἁγιάζεται
918 1213 980 1265 τὸ
1022 1212 1199 1283 τίμιον
1230 1212 1399 1285 μύρον
1428 1214 1489 1267 τὸ
1526 1214 1727 1285 σύμϐο-

102 1305 211 1359 λον
238 1305 339 1358 τοῦ
367 1305 639 1358 Δεσπότου
661 1302 916 1377 Χριστοῦ,
938 1302 1031 1356 καὶ
1058 1302 1127 1355 τὰ
1148 1306 1389 1376 σεραφὶμ
1410 1304 1723 1376 περιίσταν-

101 1412 233 1449 τιιι.
289 1394 730 1466 Ἀπαράλλακτον
774 1394 831 1447 δὲ
886 1390 1067 1455 εἶπεν,
1113 1392 1146 1463 ἢ
1189 1392 1265 1457 ὡς
1302 1394 1438 1465 πρὸς
1476 1393 1538 1447 τὸ
1584 1394 1727 1448 κατά

103 1490 306 1543 πάντα
323 1488 424 1559 τῆς
446 1488 566 1542 καθ’
590 1488 739 1559 ἡμᾶς
767 1486 982 1556 φύσεως
1010 1485 1343 1558 ὁμοιωθέντα
1373 1488 1503 1557 ἡμῖν
1522 1527 1537 1548 ,
1556 1488 1725 1559 χωρὶς

101 1578 440 1651 ἁμαρτίας,
500 1579 535 1650 ἢ
580 1578 656 1643 ὼς
712 1578 786 1651 μὴ
845 1578 1211 1649 ὑπομείναντα
1256 1578 1644 1650 παραλλαγὴν,
1689 1578 1724 1650 ἦ

100 1670 337 1743 τροπῆς
380 1669 737 1739 ἀποσκίασμα
772 1668 913 1723 κατὰ
941 1669 1040 1741 τὴν
1073 1668 1336 1740 θεότητα,
1368 1672 1427 1723 ὲν
1452 1670 1530 1741 τῷ
1557 1686 1725 1742 προσ-

101 1759 312 1814 λαϐεῖν
357 1761 419 1814 τὸ
468 1760 829 1832 ἀνθρώπινον.
894 1761 1005 1814 Καὶ
1045 1760 1107 1813 τὸ
1148 1760 1211 1832 δὴ
1264 1761 1531 1834 θειότερον
1565 1762 1723 1817 τοῦτό

1828 565 1970 623 Deus
2016 576 2125 631 est,
2166 575 2221 622 et
2252 581 2283 621 a
2339 565 2545 638 Spiritu
2599 580 2822 636 sancto,
2856 571 3156 629 scientibus
3200 590 3417 646 quoque

1827 658 2140 715 ccelestibus
2174 660 2461 716 ordinibus
2501 663 2782 731 proprium
2827 664 3197 735 principium,
3232 668 3283 723 id
3332 678 3417 724 est

1828 758 2103 803 auctorem
2137 765 2294 804 suum
2324 760 2378 804 et
2404 761 2708 807 creatorem
2742 751 2951 820 Jesnm,
2984 757 3129 824 quod
3153 758 3254 811 ctsi
3288 774 3417 811 san—

1827 841 2122 910 etiﬁcetur,
2160 851 2343 898 tamen
2367 844 2537 897 etiam
2569 845 2648 899 sic
2687 846 2847 899 habet
2869 856 3078 901 naturae
3101 850 3418 903 immutabi-

1830 933 2063 1002 litatem,
2113 934 2372 1005 quoniam
2429 935 2571 989 Deus
2620 945 2725 994 est.
2781 936 2982 993 Sancte
3035 941 3179 993 enim
3234 940 3418 995 sciunt

1830 1027 2005 1095 ipsum
2037 1042 2159 1083 esse
2200 1029 2544 1083 incarnatum
2582 1045 2597 1082 :
2628 1030 2855 1084 verbum
2883 1030 3028 1084 enim
3071 1032 3273 1101 ὑφέντα
3318 1047 3413 1086 seu

1829 1120 2347 1187 condescendentem,
2380 1122 2629 1193 designat
2677 1122 3042 1177 incarnatnm.
3088 1124 3156 1178 Et
3200 1126 3244 1178 si
3284 1141 3423 1187 san-6

1827 1209 2118 1275 ctiticetur,
2157 1213 2345 1282 utique
2388 1213 2685 1268 secundum
2734 1213 3125 1267 humanitatem
3173 1216 3414 1271 sanctiﬁ-

1826 1314 2001 1365 catnr,
2050 1306 2255 1360 idcirco
2285 1306 2503 1360 additur
2532 1324 2545 1361 :
2574 1306 2640 1359 Et
2681 1305 3058 1361 sanctiﬁcatnr
3109 1306 3414 1375 pretiosum

1828 1405 2162 1466 unguentum
2193 1397 2334 1467 quod
2365 1397 2570 1452 Christi
2606 1397 2817 1452 Domini
2850 1399 3157 1470 symbolum
3208 1410 3327 1464 est,
3359 1408 3413 1453 ct

1828 1488 2101 1556 seraphim
2132 1488 2512 1544 circumstant.
2543 1489 2691 1543 Dixit
2721 1499 2903 1543 autem
2931 1489 3260 1542 invariatum
3284 1528 3299 1552 ,
3328 1489 3411 1544 vel

1828 1582 1970 1649 quod
2002 1595 2096 1649 per
2140 1582 2326 1635 omnia
2372 1590 2579 1636 natura:
2619 1592 2821 1636 nostra:
2858 1582 3051 1637 similis
3105 1582 3279 1637 factus
3326 1592 3415 1637 est

1827 1673 2038 1742 absque
2065 1683 2310 1741 peccato,
2333 1672 2417 1727 vel
2446 1674 2587 1742 quod
2619 1690 2726 1729 non
2757 1675 3021 1729 subiverit
3054 1673 3413 1728 mutationem

1827 1766 1911 1821 vel
1941 1766 2336 1821 vicissitudinis
2366 1766 2843 1821 obumbrationem
2874 1767 3173 1821 secundum
3209 1766 3412 1819 divini-

102 1856 299 1917 ἐστιν,
349 1854 429 1909 ὅτι
467 1853 545 1925 τῷ
573 1853 702 1925 θείῳ
743 1853 899 1925 μύρῳ
930 1853 1068 1925 πρὸς
1107 1854 1286 1906 πᾶσαν
1327 1854 1719 1926 τελεσιουργίαι

1863 1871 2023 1922 atem,
2047 1874 2170 1913 cum
2200 1859 2487 1913 humanam
2526 1871 2773 1915 naturam
2805 1860 3120 1928 assumpsit.
3166 1860 3230 1913 Et
3268 1859 3412 1930 quod

99 1946 325 2017 χρῆται
359 1945 393 2016 ἡ
424 1945 707 2018 ίεραρχία,
757 1944 1115 1998 ὑποδεικνῦσα
1149 1943 1397 2015 φανερῶς
1436 1945 1529 1997 τὸν
1569 1946 1722 2014 ἁγια-

105 2038 355 2110 ζόμενον
406 2037 617 2111 Ἰησοῦν
677 2036 992 2108 ἀγιάζοντα.
1038 2038 1129 2092 Διὸ
1171 2038 1264 2092 καὶ
1310 2040 1343 2109 ή
1392 2037 1487 2092 τοῦ
1533 2038 1723 2109 βαπτί-

108 2150 333 2206 σματος
362 2134 522 2206 χάρις
551 2133 728 2205 (τοῦτο
756 2133 864 2205 γάρ
895 2136 1011 2189 ἐστι
1045 2134 1105 2189 τὸ
1140 2134 1284 2189 κατά
1304 2135 1435 2189 Θεὸν
1457 2136 1721 2207 γεννηθῆ-

105 2225 252 2294 ναι·)
287 2223 589 2277 τελειοῦται
615 2224 704 2278 διά
723 2224 818 2278 τοῦ
844 2224 1016 2297 μύρου
1048 2226 1405 2297 σταυροειδῶς
1436 2228 1722 2299 ἐπιχεομέ-

108 2334 210 2369 νου
252 2315 337 2387 τῷ
378 2314 757 2388 βαπτιστηρίῳ
790 2317 943 2389 παρά
970 2316 1062 2371 τοῦ
1091 2319 1347 2393 ίεράρχου
1388 2319 1719 2391 θεωροῦντος

107 2405 333 2478 νοητῶς
375 2405 507 2459 αὐτὸ
546 2408 608 2459 τὸ
638 2407 828 2477 νοητὸν
858 2408 1057 2479 μύρον,
1088 2409 1177 2463 τὸν
1200 2409 1403 2480 Κύριον
1445 2410 1574 2481 ἄχρι
1624 2412 1720 2465 καὶ

111 2500 355 2553 θανάτου
401 2499 799 2571 καταδυόμενον
823 2517 837 2531 ’
877 2501 970 2555 τὸν
1016 2502 1124 2573 γὰρ
1167 2501 1393 2556 θάνατον
1514 2503 1719 2575 κολυμ-

113 2591 302 2663 ϐήθρα
326 2592 495 2659 δηλοῖ,
516 2594 608 2651 καὶ
636 2592 963 2647 ἀνασπῶντα
987 2596 1044 2649 ὲν
1066 2597 1133 2665 τῇ
1159 2595 1452 2668 ἀκρατήτῳ
1480 2596 1713 2667 καθόδῳ,

114 2683 314 2737 καθότι
341 2685 442 2738 οὐκ
468 2680 535 2757 ἦν
567 2686 885 2758 κρατεῖσθαι
924 2687 1027 2739 ὑπὸ
1059 2686 1152 2739 τοῦ
1188 2688 1441 2752 θανάτου,
1476 2691 1603 2752 τοὺς
1637 2691 1717 2754 εἰς

114 2775 215 2829 τὸν
249 2774 480 2832 θάνατον
508 2777 673 2831 αὑτοῦ
703 2777 1155 2850 βαπτιζομένους.
1185 2778 1429 2850 Κρύφιον
1461 2780 1520 2834 δὲ
1541 2779 1719 2849 λόγιον

116 2866 273 2935 λέγει
295 2908 311 2933 ,
357 2869 438 2922 ὅτι
463 2868 779 2940 ἀπόκρυφος
813 2872 926 2935 τοῖς
960 2870 1175 2935 πολλοῖς
1215 2873 1247 2943 ή
1282 2871 1578 2943 αἰτιολογία
1621 2872 1716 2928 τοῦ

117 2961 204 3024 εἰς
242 2961 477 3033 Χριστὸν
513 2961 905 3035 βαπτίσματος.

196 3138 227 3213 §
264 3138 355 3194 XI.
397 3141 470 3197 Ού
504 3142 608 3214 μὴν
640 3142 697 3197 δὲ
729 3143 866 3199 ἀλλὰ
901 3148 995 3200 καὶ
1023 3147 1171 3220 αύτῷ
1202 3149 1278 3221 τῷ
1310 3149 1716 3229 βαπτισθέντιή

122 3231 222 3285 τοῦ
250 3231 421 3304 μύρου
450 3233 631 3304 χρίσις
662 3236 762 3306 τὴν
790 3237 1133 3309 ὲπιφοίτησιν
1160 3240 1409 3312 δωρεῖται
1434 3242 1530 3296 τοῦ
1553 3244 1725 3299 Πνεύ-

127 3340 335 3393 ματος,
373 3323 700 3396 δηλουμένου
736 3329 984 3385 ἐντεῦθεν
1008 3372 1023 3396 ,
1070 3333 1189 3386 ἐπεὶ
1226 3333 1315 3387 διὰ
1360 3337 1459 3407 τῆς
1493 3337 1588 3390 τοῦ
1626 3338 1727 3410 μύσ-

129 3436 223 3489 ρου
248 3417 479 3490 κρίσεως
502 3422 757 3493 ἐπιφοιτᾷ
778 3422 841 3475 τὸ
859 3424 1083 3495 Πνεῦμα
1104 3427 1164 3480 τὸ
1185 3428 1357 3495 ἅγιον.
1376 3428 1449 3481 Τὸ
1473 3429 1530 3483 δὲ
1556 3430 1725 3503 μύρον

125 3511 275 3563 ἐστὶν
308 3512 338 3563 6
368 3512 632 3590 Χριστὸς,
667 3515 748 3568 ὄτι
777 3517 869 3569 καὶ
896 3516 986 3571 ὑπ’
1020 3519 1185 3572 αὐτοῦ
1213 3522 1277 3591 δὴ
1318 3522 1412 3575 τοῦ
1445 3524 1725 3596 ἀνθρωπο-

127 3609 357 3681 πρεπῶς
385 3610 465 3683 τῷ
499 3606 638 3683 ἁγίῳ
673 3608 948 3685 Πνεόματι
987 3611 1446 3684 καθαγιασθὲντος
1478 3616 1538 3669 τὸ
1570 3618 1725 3685 ἅγιον

128 3701 357 3774 Πνεῦμα
388 3707 703 3776 χορηγεῖται
731 3707 806 3771 ὡς
849 3709 1047 3761 οἰκεῖον
1086 3705 1270 3762 αὐτοῦ.
1302 3708 1511 3781 ’Ὠσπερ
1551 3708 1607 3764 δὲ
1632 3711 1724 3765 ἐπὶ

124 3795 239 3849 τῶν
265 3796 512 3864 ἀγγέλων
545 3798 822 3863 ούσιὼδεις
867 3801 1154 3866 ἀκούοντες
1193 3803 1336 3869 ἕξεις
1358 3843 1371 3868 ,
1405 3805 1464 3857 ού
1507 3805 1725 3877 ποιότη-

125 3904 230 3951 τας
266 3888 465 3955 ἔξωθεν
498 3890 637 3944 κατά
675 3892 1018 3965 συμϐεϐηκὸς
1054 3896 1435 3969 ἑπιγινομένας
1462 3897 1722 3970 νοοῦμεν,

130 3980 315 4052 πολλῷ
366 3982 564 4053 μᾶλλον
593 3984 753 4039 τοῦτο
784 3987 875 4041 ἐπὶ
900 3988 1036 4042 Θεοῦ
1067 3991 1331 4061 νοήσομεν
1355 4008 1368 4020 ·
1406 3992 1465 4044 οὐ
1500 3991 1608 4062 γὰρ
1639 3992 1725 4045 δε-

128 4071 336 4144 ξόμεθα
361 4074 622 4145 ποιότητα
662 4077 1157 4149 ὲπισυμόαίνουσαν
1180 4081 1280 4150 τὴν
1308 4080 1441 4146 ἕξιν,
1465 4081 1578 4134 ἀλλ’
1612 4081 1725 4147 ἕξιν

128 4165 366 4237 οισιώδη
406 4166 657 4237 θεότητος
680 4208 695 4231 ,
723 4170 824 4244 τὴν
852 4171 1096 4239 φυσικῶς
1139 4171 1367 4242 ἔχουσαν
1398 4174 1489 4243 ἀφ’
1525 4175 1725 4245 ἑαυτῆς

129 4257 202 4310 τὰ
235 4258 334 4328 τῆς
381 4258 712 4331 ἀγαθότητος
744 4262 959 4316 ἅπαντα
982 4303 997 4327 ,
1024 4264 1229 4317 ὲπείτοι
1256 4282 1318 4333 γε
1348 4266 1441 4318 καὶ
1466 4268 1499 4337 ἡ
1534 4267 1725 4338 θεότης

131 4351 272 4422 αὑτὴ
306 4352 409 4405 οὐκ
437 4352 724 4411 αύτοουσία
754 4356 870 4410 ἐστὶ
892 4354 986 4409 τοῦ
1013 4355 1170 4421 Θεοῦ,
1201 4355 1339 4417 ἀλλά
1365 4358 1490 4431 δόξα
1518 4376 1601 4424 τις
1627 4361 1724 4431 τῆς

132 4442 191 4496 ού
200 4441 319 4505 σίας
346 4441 534 4495 αὐτοῦ.

204 4532 232 4605 §
267 4533 385 4585 ΧΠ.
426 4533 704 4605 Ἐννόησον
734 4534 894 4591 πάλιν
922 4537 1050 4590 ἄλλο
1073 4581 1087 4604 ,
1116 4539 1197 4597 ὅτι
1222 4539 1317 4597 καὶ
1341 4540 1470 4592 αὐτὸ
1496 4540 1559 4593 τὸ
1580 4540 1722 4594 θεῖον

137 4626 516 4696 θυσιαστήριον
544 4628 602 4680 ὲν
632 4627 709 4701 τῷ
731 4630 895 4700 τιμίῳ
912 4630 1223 4708 τελειοῦμεν
1253 4632 1591 4704 μύρῳ.”Εστι
1619 4633 1729 4706 δὲὴ

137 4715 358 4787 τοιαύτη
388 4715 587 4787 θεωρία
603 4717 779 4793 ὑψηλὴ
802 4720 895 4771 καὶ
916 4718 1253 4787 ὑπερούσιος,
1270 4721 1362 4772 καὶ
1387 4721 1527 4791 ἀρχὴ
1550 4720 1731 4791 πάσης

142 4809 455 4879 ἁγιαστείας
477 4810 568 4861 καὶ
587 4810 960 4882 τελεσιουργὸς
981 4812 1224 4884 δύναμις·
1246 4816 1327 4867 ὅτι
1348 4830 1464 4877 πως
1490 4815 1584 4867 καὶ
1598 4814 1728 4869 αὐτὸ

140 4901 199 4957 τὸ
221 4901 491 4955 θειότατον
512 4900 891 4975 θυσιαστήριον
916 4906 944 4957 6
969 4903 1169 4977 Κύριος
1194 4905 1350 4978 ἡμῶν
1367 4905 1570 4976 Ἰησοῦς
1594 4907 1728 4977 Χρι-

143 4994 282 5059 στὸς,
311 4994 447 5063 πρὸς
482 4994 541 5048 ὃν
577 4996 720 5060 ἆπας
750 4996 873 5061 νοῦς
900 4997 1041 5062 θεῖος
1067 4999 1403 5072 ἀφιεροῦται,
1436 5000 1572 5054 Τότε
1593 4999 1721 5071 γὰρ,

143 5089 301 5161 φησὶν
322 5088 351 5140 6
382 5087 567 5151 Δαυῖδ,
590 5088 915 5158 ἀνοίσομεν
942 5090 1041 5142 ἐπὶ
1068 5092 1129 5145 τὸ
1152 5090 1587 5160 θυσιαστήριόν
1608 5109 1725 5147 σου

138 5182 409 5255 μόσχους
428 5220 443 5243 ,
474 5182 599 5245 τοὺς
629 5181 803 5247 θείους
828 5182 1027 5255 δηλαδὴ
1058 5184 1182 5248 νόας
1212 5184 1405 5253 λέγων.
1449 5186 1535 5249 Ὠς
1563 5184 1671 5256 γὰρ
1698 5186 1727 5238 ὀ

148 5275 342 5347 μόσχος
385 5272 677 5345 ἀφιεροῦτο
725 5274 787 5328 τὸ
839 5276 1106 5339 παλαιὸν,
1157 5276 1299 5331 οὕτω
1354 5278 1447 5331 καὶ
1492 5278 1543 5331 οἱ
1592 5279 1727 5331 θεῖοι

144 5368 257 5432 νᾶες
304 5365 657 5439 ἀφιεροῦνται
700 5366 852 5439 Θεῷ,
890 5368 947 5421 ἐν
976 5360 1021 5435 ᾧ
1056 5368 1157 5441 τὴν
1201 5370 1564 5441 προσαγωγὴν
1610 5369 1727 5440 ἐχο-

151 5476 263 5531 μεν,
305 5460 522 5521 πάντως
546 5457 993 5530 ὀλοκαυτούμενοι
1027 5460 1303 5531 μυστικῶς
1324 5477 1337 5491 ·
1370 5464 1403 5534 ἠ
1428 5462 1537 5535 γὰρ
1558 5479 1729 5534 προσ-

152 5550 336 5621 αγωγὴ
376 5552 470 5604 ἐπὶ
496 5551 603 5605 τῶν
629 5553 886 5625 ἐμψύχων
913 5555 1110 5609 θυσιῶν
1130 5553 1345 5625 λέγεται
1370 5596 1384 5619 ,
1425 5557 1482 5610 ὲν
1507 5549 1551 5623 ᾧ
1571 5555 1729 5623 ἁγιά-

156 5642 327 5707 ζονται
353 5643 552 5698 πάντα.
589 5644 712 5711 Πῶς
740 5647 800 5700 τὸ
835 5646 1073 5703 τοιοῦτον
1102 5647 1481 5723 θυσιαστήριον
1505 5647 1611 5705 ὑπὸ
1635 5647 1727 5707 τοῦ

228 5826 249 5865 ⁶
276 5823 397 5883 1⁸εαί
449 5840 499 5883 ι..
526 5823 614 5881 2|.

1752 3212 1791 3267 C

1757 4561 1797 4615 D

1832 1949 2070 2007 divinius
2086 1948 2249 2021 23o
2267 1959 2372 2015 est,
2391 1951 2533 2018 quod
2555 1950 2858 2005 hicrarchia
2878 1952 2945 2004 ad
2966 1966 3179 2006 omnem
3200 1966 3413 2006 sacram

1830 2043 2298 2098 consecrationem
2327 2042 2567 2096 divinum
2596 2052 2931 2114 unguentum
2960 2043 3201 2107 adhibet,
3233 2046 3411 2097 mani-

1830 2132 1965 2189 feste
2017 2134 2399 2189 demonstrans
2459 2133 2645 2189 Jesum
2702 2136 3105 2191 sanctiﬁcatum
3160 2137 3411 2190 sanctiﬁ-

1825 2242 1972 2282 care.
2017 2227 2362 2297 Quapropter
2402 2241 2619 2297 quoque
2666 2228 2841 2298 gratia
2882 2228 3232 2299 baptismatis
3271 2230 3411 2299 (haec:

1822 2320 1968 2377 oaim
2002 2328 2089 2373 est
2119 2319 2417 2374 secundum
2459 2318 2629 2374 Deum
2659 2319 2963 2389 generatio)
2998 2328 3412 2375 consummatur

1823 2427 1852 2464 a
1885 2410 2142 2479 pontiﬁce
2172 2424 2268 2481 per
2299 2421 2636 2481 unguentum
2686 2411 2739 2463 in
2774 2411 2953 2466 crucis
3001 2410 3234 2465 fortnam
3308 2411 3406 2467 ha-

1810 2501 2329 2569 ptisterioinfusum,
2358 2505 2486 2558 dum
2519 2503 2846 2573 spiritaliter
2874 2501 3095 2558 exhibet
3120 2504 3411 2573 ipsummet

1824 2603 2161 2663 unguentum
2189 2594 2466 2665 spiritale,
2517 2596 2726 2650 scilicet
2757 2594 3042 2650 Dominum
3073 2596 3139 2650 ad
3181 2606 3410 2650 mortem

1824 2700 1994 2757 usque
2020 2688 2365 2753 demersum;
2396 2687 2668 2757 siquidem
2712 2687 2991 2742 lavacrum
3036 2688 3139 2742 hoc
3176 2696 3406 2741 mortem

1821 2778 2111 2850 signiﬁcat,
2145 2790 2200 2835 et
2225 2780 2373 2834 illum
2404 2782 2496 2851 qni
2531 2780 2736 2835 invicto
2776 2796 2878 2836 suo
2918 2782 3202 2845 descensu,
3235 2796 3343 2849 quo
3377 2795 3410 2832 a

1823 2881 1996 2927 morte
2018 2874 2267 2941 superari
2309 2889 2414 2927 non
2442 2872 2637 2943 potuit,
2670 2872 2722 2925 in
2753 2883 2925 2928 morte
2964 2888 3062 2945 sua
3108 2872 3409 2941 baptizatos

1822 2964 2073 3019 attraxit.
2102 2965 2375 3017 Arcanum
2402 2980 2568 3032 porro
2595 2974 2751 3018 vocat
2779 2965 3083 3029 oraculum,
3114 2965 3239 3033 quia
3270 2962 3409 3016 mulo

1826 3055 2039 3109 titndini
2069 3056 2279 3110 occulta
2308 3065 2426 3111 erat
2455 3056 2596 3109 ratio
2627 3056 2972 3125 baptismatis
3002 3056 3226 3111 Christi.

1905 3150 1934 3223 δ
1978 3151 2067 3206 XI.
2121 3151 2263 3218 Quin
2317 3151 2480 3204 etiam
2535 3150 2750 3218 ipsimet
2812 3147 3091 3219 baptizato
3146 3150 3405 3220 unguenti
3472 3180 3477 3185 -

1828 3243 2013 3299 unctio
2045 3243 2221 3297 sancti
2260 3241 2498 3310 Spiritus
2542 3239 2794 3310 illapsnm
2821 3242 3101 3311 elargitur,
3135 3242 3260 3295 dum
3307 3242 3408 3295 hoc

1827 3337 1986 3394 modo
2016 3352 2112 3407 per
2138 3334 2394 3407 unguenti
2425 3336 2735 3389 unctionem
2769 3334 3004 3403 Spiritus
3042 3344 3264 3390 sanctus
3308 3334 3406 3388 de-

1826 3431 2086 3485 scendere
2126 3428 2485 3497 signiﬁcatur.
2534 3426 2875 3496 Unguentum
2925 3437 3103 3481 autem
3154 3427 3406 3482 Christus

1826 3531 1929 3586 est,
1959 3521 2212 3591 quoniam
2259 3520 2328 3574 ab
2354 3520 2470 3589 ipso
2495 3534 2715 3588 quoque
2761 3520 3100 3588 humanitus,
3128 3536 3156 3574 a
3204 3520 3407 3589 Spiritu

1826 3624 2015 3669 sancto
2044 3613 2386 3669 sanctiﬁcato
2417 3612 2658 3681 Spiritus
2694 3621 2916 3668 sanctus
2947 3628 3203 3683 tanquam
3237 3612 3408 3681 ipsius

1828 3703 2063 3776 Spiritus
2113 3705 2365 3758 donatur.
2415 3702 2879 3769 Quemadmodum
2937 3713 3119 3757 autem
3168 3718 3293 3757 cum
3344 3702 3397 3755 in

1826 3795 2032 3866 angelis
2053 3793 2434 3849 substantiales
2454 3794 2669 3850 habitus
2691 3795 2961 3862 audimus,
2985 3809 3090 3849 non
3113 3796 3407 3865 qualitates

1826 3889 2169 3944 extrinsecus
2198 3902 2294 3956 per
2340 3885 2595 3941 accidens
2643 3888 2998 3943 advenientes
3029 3887 3406 3956 intelligimus,

1827 3980 1997 4035 multo
2055 3979 2227 4050 magis
2274 3979 2325 4032 id
2374 3981 2438 4032 de
2467 3976 2573 4033 Dco
2603 3979 2994 4048 cogitabimns;
3032 3992 3205 4047 neque
3258 3980 3404 4033 enim

1829 4074 2069 4127 habitum
2100 4086 2198 4141 pro
2246 4071 2506 4141 qualitate
2544 4070 2867 4149 accidentall
2908 4070 3239 4140 accipiemus
3262 4108 3278 4135 ,
3310 4072 3404 4125 sed

1828 4166 2069 4220 habitum
2094 4163 2438 4218 essentialem
2467 4164 2768 4219 divinitatis
2792 4204 2807 4227 ,
2846 4163 2935 4231 qui
2982 4161 3309 4217 naturaliter
3335 4178 3402 4215 ex

1827 4272 1885 4310 se
1913 4256 2112 4319 habeat
2140 4255 2323 4310 omnia
2352 4270 2470 4324 qua:
2500 4265 2629 4311 sunt
2656 4255 2934 4323 bonitatis,
2962 4253 3402 4325 quandoquidem

1827 4350 1941 4418 ipsa
1986 4362 2205 4417 quoque
2253 4347 2428 4403 deitas
2470 4348 2561 4402 hic
2608 4363 2714 4403 non
2773 4356 2854 4402 est
2897 4347 3127 4417 ipsamet
3173 4346 3407 4401 essentia

1829 4442 1944 4506 Dei,
1978 4443 2071 4497 sed
2105 4442 2421 4512 apparentia
2450 4442 2697 4511 quasdam
2725 4442 2892 4512 ipsius
2922 4441 3192 4498 essentite.

1901 4534 1929 4606 §
1972 4534 2086 4591 XII.
2124 4534 2420 4590 Causidera
2452 4537 2632 4590 denuo
2678 4536 2859 4601 aliud,
2894 4545 2952 4588 ut
2994 4535 3158 4588 etiam
3205 4535 3409 4601 ipsum-

1840 4638 1950 4681 met
1988 4626 2157 4682 altare
2198 4628 2441 4681 divinum
2475 4628 2714 4696 pretioso
2765 4627 2854 4680 illo
2898 4636 3169 4696 unguento
3204 4641 3404 4681 conse-

1837 4732 2073 4773 cremus.
2106 4719 2205 4773 Est
2251 4729 2431 4774 autem
2479 4725 2594 4774 haec
2644 4718 3029 4787 contemplatio
3071 4718 3318 4772 sublimis
3353 4729 3410 4773 ct

1835 4812 2292 4883 supernatnralis.
2320 4821 2375 4866 ct
2399 4812 2550 4881 origo
2584 4812 2761 4867 omnis
2790 4810 3236 4864 sanctiﬁcationis
3258 4851 3273 4874 ,
3298 4812 3409 4865 vin-

1836 4913 2031 4973 tusque
2067 4903 2397 4972 perfectiva;
2447 4902 2698 4972 quoniam
2751 4902 2925 4970 ipsum
2966 4915 3184 4970 quoque
3234 4901 3409 4958 altare

1833 4996 2231 5052 divinissimum
2290 5005 2375 5050 est
2418 4992 2678 5047 Dominus
2720 5001 2905 5045 noster
2941 4989 3101 5046 Jesus
3134 4990 3404 5055 Christus,

1829 5090 1883 5144 in
1911 5105 2020 5159 quo
2049 5090 2228 5143 omnis
2254 5102 2406 5141 mens
2435 5085 2613 5138 divina
2644 5084 3034 5137 sanctiﬁcatur.
3072 5081 3216 5135 Tum:
3240 5085 3407 5147 enim,

1828 5183 2001 5254 inquit
2025 5180 2214 5245 David,
2243 5180 2564 5247 imponemus
2595 5189 2751 5245 super
2784 5175 2952 5230 altare
2974 5186 3120 5228 tuum
3143 5175 3332 5229 vitulos
3359 5176 3405 5239 ⁸,

1828 5275 2041 5330 divinas
2063 5272 2317 5327 nimirum
2343 5280 2554 5325 mentes
2586 5270 2913 5339 intelligens.
2938 5266 3404 5336 Quemadmodum

1829 5366 1972 5422 enim
2012 5366 2211 5420 vitulus
2250 5362 2381 5417 olim
2406 5360 2874 5423 sanctiﬁcabatur,
2906 5360 2979 5413 ita
3011 5359 3175 5412 etiam
3209 5356 3405 5413 divina:

1836 5468 2065 5526 mentes,
2099 5457 2328 5527 mystice
2363 5455 2414 5509 in
2439 5451 2740 5508 holocausti
2782 5463 2985 5505 morem
3031 5449 3248 5517 penitus
3275 5463 3405 5503 con-

1837 5562 2108 5615 crematae,
2144 5556 2531 5606 consecrantur
2559 5545 2688 5611 Deo,
2715 5545 2768 5599 in
2794 5558 2902 5615 quo
2927 5556 3207 5599 accessum
3237 5542 3403 5600 habe-

1838 5663 1989 5711 mus;
2019 5644 2273 5717 qnoniam
2302 5640 2554 5699 adtluctio
2580 5638 2821 5699 vivarum
2846 5636 3183 5696 victimarum
3209 5632 3401 5691 dicitur
