3728 6360
164 321 270 378 501

1240 319 1328 375 on
1362 318 1641 376 ECCLES.
1678 302 2076 385 memneris
2112 306 2362 377 (λιρςῖν.

3338 315 3441 372 5.Ὶῖ

160 438 227 491 ὲν
277 436 399 497 ταῖς
444 433 545 506 ἤδη
592 436 719 506 παρ’
763 433 920 507 ἡμῶν
947 435 1286 507 ὑμνημέναις
1315 437 1641 509 ἱεραρχίαις,
1679 438 1754 501 ὡς

1924 442 2035 496 nnis
2091 440 2423 499 bierarcltite
2480 440 2805 494 divisionem
2856 436 2909 490 in
2951 432 3279 490 bierarcltiis
3329 432 3395 486 iis
3425 474 3440 495 ,

159 526 345 601 οἶμαι,
389 525 577 590 καλῶς
608 527 937 600 ὲξεθέμεθα,
978 529 1250 599 φήσαντες
1286 528 1363 593 ὡς
1402 531 1436 600 ἡ
1462 516 1582 582 καθ⁴
1611 530 1756 600 ἡμᾶς

165 622 296 695 ἱερὰ
321 621 626 692 παράδοσις
650 620 762 691 ἔχει
798 622 979 675 πᾶσαν
1018 621 1336 693 ίεραρχικὴν
1378 621 1758 698 πραγματείαν

162 719 252 775 εἰς
286 710 391 774 τὰς
432 709 715 775 θειοτάτας
743 712 788 743 ⁸⁵
827 710 1045 775 τελετὰς
1091 710 1440 782 διαιρεῖσθαι,
1491 713 1585 766 καὶ
1630 714 1758 777 τοὺς

162 801 390 868 ἐνθέους
415 802 595 855 αὐτῶν
618 802 809 874 ὲπιστὴ
819 819 985 873 μονας
1009 802 1109 857 καὶ
1131 801 1362 873 μύστας,
1392 802 1490 857 καὶ
1510 803 1636 865 τοὺς
1664 805 1759 857 ὑπ’

161 891 354 946 αὐτῶν
382 891 548 964 ἱερῶς
572 892 951 965 τελουμένους.

1862 548 2000 600 quas
2023 534 2233 601 pridem
2278 530 2699 594 celebravimus,
2731 540 2973 599 congrue
3002 525 3161 592 satis,
3193 524 3268 578 uti
3297 538 3442 592 reor,

1862 626 2236 693 exposuimus.
2274 640 2397 679 cum
2440 624 2683 679 diximus
2731 621 3127 677 ltierarcbicam
3175 619 3440 673 rationem

1862 731 2079 771 omnem
2116 718 2168 771 in
2218 717 2399 771 divina
2434 714 2690 785 mysteria
2732 727 2827 769 seu
2874 725 3033 766 sacra
3081 708 3271 774 dividi,
3304 720 3358 764 et
3388 710 3441 764 in

1862 819 1956 861 eos
1999 806 2089 875 qui
2131 821 2196 861 ea
2231 815 2416 860 tenent
2454 804 2853 873 enuntiantque
2877 800 3019 865 aliis,
3052 810 3218 869 atque
3266 800 3316 853 in
3348 817 3442 853 eos

1864 900 1956 966 qui
1990 899 2058 953 ab
2093 897 2204 953 illis
2235 897 2544 952 initiantur.

1743 1075 1778 1147 ᾗ*
1808 1073 1886 1133 ll.

240 1234 453 1290 Οὐκοῦν
496 1236 533 1309 ἡ
571 1236 669 1307 μὲν
704 1234 983 1305 ἀγιωτάτη
1011 1234 1055 1267 ⁸⁸
1078 1236 1186 1291 τῶν
1228 1237 1637 1310 ὗπερουρανίων
1664 1238 1754 1291 οὑ-

166 1328 304 1381 σιῶν
357 1328 606 1399 ίεραρχία
647 1326 868 1400 τελετὴν
914 1329 1011 1398 μὲν
1056 1327 1168 1399 ἔχει
1212 1330 1311 1401 τὴν
1349 1331 1491 1385 κατά
1527 1331 1754 1403 δύναμιν

159 1417 379 1472 οἰκείαν
405 1417 539 1472 Θεοῦ
584 1420 679 1472 καὶ
716 1418 825 1471 τῶν
861 1418 1019 1472 θείων
1083 1420 1381 1493 ἀῦλοτάτην
1432 1422 1636 1493 νόησιν,
1664 1423 1758 1477 καὶ

156 1514 269 1583 τὴν
298 1512 396 1566 τοῦ
422 1511 685 1577 θεοειδοῧς
707 1511 1001 1585 ὁλόκληρον
1028 1515 1121 1567 καὶ
1143 1515 1244 1579 εἰς,
1268 1515 1344 1580 ὡς
1366 1517 1606 1586 ἐφικτὸν,
1638 1517 1758 1570 θεο-

165 1604 414 1675 μίμητον
460 1603 591 1669 ἕξινο
643 1605 1012 1674 φωταγωγους
1055 1605 1112 1658 δὲ
1160 1606 1255 1659 καὶ
1303 1606 1440 1679 πρὸς
1461 1608 1560 1679 τὴν
1609 1608 1759 1680 ἱερὰν

156 1694 377 1767 ταύτην
413 1694 689 1748 τελείωσιν
724 1696 1031 1768 ἡγεμόνας,
1071 1696 1170 1762 τὰς
1214 1699 1344 1768 περὶ
1389 1698 1521 1751 Θεὸν
1548 1700 1753 1769 πρωτί-

1924 1236 2111 1308 Itaque
2139 1239 2503 1294 sanctissimae
2548 1238 2769 1308 quidem
2821 1237 3292 1309 superctelestium
3342 1251 3430 1291 cs-

1858 1328 2155 1384 sentiarum
2189 1331 2509 1385 ltierarchite
2546 1345 2643 1400 pro
2675 1327 3088 1385 consecratione
3111 1340 3193 1386 est
3222 1329 3424 1385 intelli-

1858 1420 2037 1489 gentia
2067 1420 2155 1475 illa
2180 1437 2342 1491 quam
2374 1421 2619 1477 maxime
2654 1437 2682 1475 a
2721 1422 2954 1476 materia
2987 1432 3216 1489 semota,
3250 1437 3354 1491 qua
3383 1436 3443 1476 se

1863 1511 2140 1584 Deumque
2160 1525 2379 1581 norunt,
2409 1525 2573 1585 atque
2605 1515 2997 1570 deiformitatis
3023 1515 3248 1585 integer,
3277 1531 3445 1584 quan-

1863 1615 2060 1676 tusque
2113 1609 2392 1677 possibilis
2439 1619 2547 1675 est,
2598 1608 2794 1664 divina:
2849 1607 3170 1663 imitationis
3221 1618 3437 1662 status:

1861 1696 2261 1755 illuminalores
2292 1717 2422 1757 vero
2463 1712 2519 1757 et
2561 1702 2629 1756 ad
2680 1700 2988 1756 istiusmodi
3038 1708 3441 1755 sacrosanctam

162 1804 306 1849 στας
342 1785 549 1851 οὐσίας’
588 1783 749 1842 αὗται
788 1788 897 1859 γὰρ
932 1790 1013 1852 εἰς
1050 1788 1150 1853 τὰς
1175 1790 1578 1862 ὑποϐεϐηκυίας
1608 1793 1754 1864 ἱερὰς

1924 1792 2224 1847 titationem
2257 1793 2426 1848 duces
2453 1802 2580 1849 sunt
2610 1793 2801 1863 primae
2839 1793 2959 1848 istae
2981 1792 3301 1847 substantiae
3323 1806 3445 1861 qua:

155 1877 352 1943 τάξεις
377 1878 707 1948 ἀγαθοειδῶς
734 1882 826 1933 καὶ
852 1879 1129 1949 ἀναλόγως
1170 1881 1627 1955 διαπορθμεύουσι
1650 1884 1751 1947 τὰς

155 1972 522 2044 δωρουμένας
565 1972 754 2036 αὐταῖς
797 1973 883 2026 ἀεὶ
926 1973 1249 2046 θεουργικάς
1274 1975 1502 2044 γνώσεις
1528 1976 1751 2047 ὑπὸτῆς

156 2062 490 2127 αὐτοτελοῦς
506 2064 599 2118 καὶ
617 2064 1044 2134 σοφοποιούντων
1068 2066 1109 2097 ⁴⁷
1134 2066 1291 2120 θείων
1316 2067 1449 2120 νοῶν
1473 2067 1749 2139 θεαρχίας.

158 2158 237 2208 Αἱ
262 2156 320 2209 δὲ
343 2155 451 2209 τῶν
474 2156 704 2228 πρώτων
726 2156 925 2211 οὐσιῶν
945 2158 1231 2229 ὑφειμέναι
1256 2159 1661 2230 διακοσμήσεις,
1678 2158 1753 2223 ὡς

154 2246 234 2299 δι’
258 2246 484 2300 ἐκείνων
513 2247 673 2318 ίερῶς
696 2248 1029 2318 ἀναγόμεναι
1050 2248 1186 2319 πρὸς
1227 2248 1326 2321 τὴν
1358 2248 1614 2321 θεουργὸν
1654 2249 1753 2319 τῆς

156 2337 430 2409 θεαρχίας
452 2337 737 2410 ἑλλαμψιν,
782 2341 838 2393 αί
884 2337 1199 2410 τελούμεναι
1226 2340 1412 2407 τάξεις
1434 2340 1540 2393 εἰσί
1575 2358 1634 2394 τε
1660 2341 1763 2394 καὶ

154 2429 387 2499 ἀληθῶς
428 2428 803 2502 ὀνομάζονται.
848 2431 983 2485 Μετ’
1022 2431 1237 2504 ἐκείνην
1270 2432 1329 2485 δὲ
1362 2432 1460 2503 τὴν
1498 2432 1753 2503 οὐρανίαν

156 2520 264 2574 καὶ
308 2521 679 2591 ὺπερκόσμιον
726 2520 1031 2593 ἱεραρχίαν,
1059 2522 1139 2585 είς
1179 2522 1247 2575 τὰ
1290 2522 1410 2576 καθ’
1435 2524 1584 2593 ἡμᾶς
1621 2524 1755 2593 ἀγα-

155 2611 531 2684 θουργικῶςὴ
560 2613 787 2685 θεαρχία
829 2613 928 2679 τὰς
979 2614 1278 2685 ἱερωτάτας
1326 2614 1497 2685 αὐτῆς
1545 2614 1753 2687 δωρεὰς

155 2706 539 2777 προφέρουσα,
581 2707 794 2777 νηπίοις
838 2707 937 2778 μὲν
976 2702 1116 2773 οὖσι,
1152 2707 1292 2761 κατὰ
1316 2707 1377 2761 τὸ
1399 2706 1599 2776 λόγιον,
1626 2708 1754 2761 ἐδω-

161 2800 378 2869 ρήσατο
427 2798 524 2870 τὴν
570 2798 711 2853 κατὰ
754 2798 916 2872 νόμον
966 2798 1280 2870 ίεραρχίαν,
1331 2798 1600 2870 ἀμυδραίς
1644 2797 1753 2851 τῶν

156 2890 386 2963 ἀληθῶν
433 2891 639 2958 εἰκόσι,
702 2893 795 2946 καὶ
854 2892 1227 2964 πορῤωτάτοις
1278 2891 1387 2946 τῶν
1431 2891 1753 2962 ἀρχετύπων

157 2985 592 3056 ἀπεικονίσμασι
612 3026 626 3050 ,
659 2987 752 3040 καὶ
784 2985 1182 3057 δυσθεωρήτοις
1212 2986 1518 3057 αἰνίγμασι,
1545 2986 1640 3040 καὶ
1658 2984 1751 3038 τύὲ

156 3098 293 3144 ποις
315 3083 418 3137 οὐκ
440 3080 777 3150 εὐδιάκριτον
802 3079 987 3151 ἔχουσι
1009 3081 1109 3153 τὴν
1134 3080 1624 3152 ἐγκεκαλυμμένην
1650 3078 1749 3132 αὑ-

1857 1884 2003 1937 circa
2044 1884 2212 1940 Deum
2246 1898 2572 1953 versantur;
2608 1887 2690 1941 liae
2720 1886 2867 1941 enim
2919 1885 2974 1940 in
3026 1885 3316 1941 inferiores
3357 1900 3445 1940 sa-

1858 1990 1982 2030 cros
2004 1976 2226 2032 ordines
2255 1977 2510 2049 benigne,
2536 1993 2633 2050 pro
2663 1979 2927 2047 cujusque
2953 1986 3149 2048 captu,
3181 1977 3445 2031 continuo

1859 2068 2084 2123 deiﬁcas
2109 2069 2369 2125 scientias
2397 2069 2669 2135 derivant,
2698 2084 2836 2139 quas
2870 2068 2999 2137 ipsis
3029 2068 3325 2137 impertivit
3349 2083 3446 2137 per

1860 2178 1921 2218 se
1948 2164 2319 2233 perlectus.ac
2365 2161 2743 2233 sapientiﬁcus
2797 2160 2885 2215 ille
2927 2159 3235 2214 divinarum
3290 2174 3443 2213 men-

1862 2253 1993 2308 tium
2018 2255 2243 2309 divinus
2265 2253 2630 2324 principatus.
2671 2252 2845 2308 Porro
2888 2252 3079 2322 primis
3107 2250 3228 2305 istis
3264 2265 3443 2305 essen-

1864 2348 1955 2402 tiis
2003 2347 2237 2403 subdita:
2298 2347 2706 2411 distinctiones,
2767 2356 2956 2416 utpote
3001 2360 3121 2414 quae
3174 2359 3269 2413 per
3322 2342 3441 2397 illas

1859 2449 2047 2494 sancte
2074 2439 2141 2494 ad
2170 2440 2424 2496 deiﬁcam
2449 2440 2619 2495 divini
2651 2440 2991 2508 principatus
3020 2437 3441 2491 illustrationem

1861 2530 2230 2595 adducuntur,
2263 2539 2552 2595 vocantur,
2572 2540 2629 2584 et
2655 2540 2783 2584 sunt
2814 2544 2941 2585 vere
2969 2528 3193 2584 ordines
3218 2525 3441 2581 initiati.

1863 2616 2172 2674 Secundum
2216 2618 2366 2674 illam
2398 2629 2581 2674 autem
2614 2618 2897 2675 caelestem
2926 2618 3237 2687 mundoque
3278 2630 3441 2686 supe-

1863 2709 2063 2765 riorem
2092 2711 2461 2766 blerarchiam
2493 2710 2754 2785 divinitas
2782 2711 2835 2765 in
2867 2725 2966 2765 nos
2994 2709 3237 2765 beneﬁce
3262 2722 3444 2763 sacra-

1864 2802 2071 2855 tissima
2100 2816 2197 2855 sua
2228 2817 2457 2857 munera
2488 2802 2837 2874 depromens,
2870 2801 2939 2856 iis
2966 2801 3185 2869 quidem
3236 2800 3329 2869 qui
3366 2800 3447 2853 in-

1863 2891 2038 2948 fames
2066 2903 2241 2957 erant,
2271 2903 2323 2948 ut
2360 2892 2644 2963 Scriptura
2673 2902 2924 2959 testatur,
2962 2892 3189 2961 legalem
3220 2890 3443 2945 indulsit

1862 2984 2250 3050 hierarcltiam,
2282 2984 2385 3039 sub
2410 2983 2644 3040 exilibus
2676 2984 2933 3038 nimirum
2974 2982 3263 3037 veritatem
3311 2982 3444 3035 ima-

1860 3075 2075 3145 ginibus
2121 3084 2286 3145 atque
2336 3074 2695 3142 simulacris;
2749 3090 2870 3144 quae
2928 3073 2996 3128 ab
3037 3070 3442 3142 exemplaribus

156 3183 282 3244 τοῖς
326 3180 556 3252 θεωρίαν
603 3181 864 3251 ἀνάλογον
901 3182 1016 3252 φῶς
1042 3181 1108 3245 ⁸⁸,
1151 3180 1228 3246 ὡς
1268 3180 1548 3235 ἀσθενέσιν
1572 3180 1754 3252 ὄψεσιν

1924 3168 2157 3223 urimum
2188 3167 2553 3233 dissidebant,
2585 3168 2949 3237 obscurisque
2982 3165 3364 3239 zenigmatibus
3388 3175 3444 3219 et

156 3272 421 3337 ἀϐλαϐῶς
447 3273 820 3344 ἐπιλάμψασα.
848 3272 1033 3347 Ταύτῃ
1053 3273 1111 3328 δὲ
1133 3275 1200 3345 τῇ
1224 3272 1362 3328 κατὰ
1385 3273 1545 3345 νόμον
1573 3274 1756 3346 ἱεραρ-

158 3366 284 3436 χίᾳ,
315 3365 503 3437 τελετὴ
551 3366 650 3436 μὲν
692 3367 725 3437 ἡ
771 3367 908 3438 πρὸς
951 3367 1051 3439 τὴν
1089 3366 1465 3439 πνευματικὴν
1501 3365 1754 3439 λατρείαν

156 3458 463 3527 ἀναγωγή·
506 3459 836 3530 χειραγωγοὶ
877 3457 934 3512 δὲ
972 3458 1108 3531 πρὸς
1144 3457 1348 3530 ταύτην
1382 3459 1433 3511 οἱ
1470 3456 1570 3530 τὴν
1592 3458 1755 3528 ἀγίαν

157 3550 387 3621 ἐκείνην
427 3549 631 3620 σκηνὴν
679 3550 785 3605 ὑπὸ
825 3548 1070 3612 Μωσέως
1113 3548 1274 3621 ἱερῶς
1304 3550 1632 3622 μυηθέντες,
1659 3544 1753 3603 τοῦ

160 3639 387 3712 πρώτου
423 3638 533 3693 τῶν
570 3639 711 3692 κατά
756 3638 917 3709 νόμον
958 3638 1228 3709 ίεραρχῶν
1256 3638 1459 3709 μύστου
1498 3641 1593 3693 καὶ
1623 3642 1754 3711 ἡγε-

162 3728 353 3797 μόνος·
395 3726 531 3798 πρὸς
572 3728 638 3798 ἢν
678 3726 833 3798 ἱερὰν
856 3726 1058 3798 σκηνὴν
1083 3728 1459 3798 είσαγωγικῶς
1503 3730 1755 3801 ἱερογρα-

158 3817 293 3886 φῶν
312 3818 412 3889 τὴν
435 3816 578 3870 κατά
603 3817 765 3888 νόμον
790 3819 1090 3891 ίεραρχίαν,
1117 3819 1300 3873 εἰκόνα
1321 3819 1490 3875 τύπου
1514 3821 1753 3892 δειχθέν-

158 3926 257 3972 τος
305 3908 455 3981 αὐτῷ
496 3910 638 3963 κατὰ
660 3910 721 3963 τὸ
765 3911 976 3965 Σιναῖον
1004 3910 1049 3944 ’⁵⁸
1089 3911 1216 3985 ὅρος
1240 3912 1424 3967 ἐκάλει
1466 3913 1644 3967 πάντα
1684 3913 1755 3967 τὰ

161 4000 312 4058 κατὰ
348 4004 441 4057 τὸν
481 4004 640 4076 νόμον
681 4004 1127 4078 ίερουργούμενα.
1169 4006 1494 4079 Τελούμενοι
1520 4009 1566 4041 ⁸ο
1602 4008 1660 4062 δὲ
1704 4011 1753 4064 oi

162 4096 307 4167 πρὸς
324 4095 434 4149 τῶν
463 4097 701 4168 νομικῶν
726 4095 1006 4168 συμϐόλων
1030 4098 1305 4168 ἀναλόγως
1326 4078 1753 4173 επιῇελεωτέραν

164 4110 307 4167 προς
324 4113 434 4149 των
463 4113 701 4168 νομικων
726 4114 788 4149 συ
796 4110 1006 4168 μϐολων
1030 4110 1305 4168 ἀναλόγως
1326 4110 1753 4245 επῖἴελεωτεραν

164 4189 377 4261 μύησιν
403 4191 748 4261 ἀναγόμενοι.
774 4193 885 4265 Τὴν
908 4192 1247 4264 τελειοτέραν
1270 4192 1325 4245 δὲ
1354 4210 1392 4264 μ
1428 4209 1553 4263 ησιν
1584 4196 1621 4266 ἡ
1646 4193 1755 4247 θεο-

162 4282 329 4351 λογία
352 4281 451 4353 τὴν
479 4281 601 4336 καθ’
630 4284 776 4354 ἡμᾶς
824 4283 1107 4355 ἱεραρχίαν
1133 4284 1317 4355 φησὶν,
1364 4285 1753 4359 ἀποπλήρωσιν

164 4373 343 4445 αὐτὴν
381 4373 592 4445 ἐκείνης
630 4374 977 4428 ἀποκαλοῦσα
1002 4375 1096 4428 καὶ
1121 4374 1270 4447 ίηεράν
1295 4374 1468 4448 λῆξιν.
1502 4377 1656 4431 Ἔστι
1696 4377 1754 4432 δὲ

162 4468 264 4521 καὶ
289 4468 514 4539 οὐρανία
537 4470 630 4521 καὶ
652 4468 849 4540 νομικὴ
877 4467 1207 4532 κοινωνικῶς
1241 4471 1312 4541 τῇ
1352 4469 1623 4542 μεσότητι¹
1644 4470 1754 4525 τῶν

162 4562 353 4634 ἄκρων
377 4562 898 4634 ἀντιλαμϐανομένη,
925 4565 991 4634 τῇ
1019 4563 1115 4634 μὲν
1138 4562 1467 4616 κοινωνοῦσα
1489 4567 1610 4629 ταῖς
1634 4582 1751 4618 νοε-

166 4657 292 4727 ραίς
321 4656 365 4686 ³¹
410 4653 664 4727 θεωρίαις
683 4694 697 4717 ,
738 4658 803 4726 τῇ
829 4655 884 4708 δὲ
916 4656 997 4709 ὅτι
1039 4655 1134 4709 καὶ
1162 4655 1449 4726 συμϐόλοις
1474 4657 1751 4728 αἰσθητοῖς

164 4747 526 4808 ποικίλλεται,
556 4748 647 4801 καὶ
665 4747 731 4801 δι’
759 4747 938 4801 αὐτῶν
968 4747 1131 4820 ίερῶς
1163 4748 1257 4801 ἐπὶ
1292 4748 1354 4801 τὸ
1379 4748 1530 4802 Θεῖον
1553 4750 1753 4818 ἀνάγε-

162 4858 276 4894 ται.
326 4840 400 4893 Τὸ
444 4840 663 4911 τρισσὸν
708 4840 766 4895 δὲ
809 4840 1069 4906 ὡσαύτως
1119 4842 1233 4912 ἔχει
1282 4842 1380 4913 τῆς
1429 4843 1750 4915 ἱεραρχικῆς

162 4918 483 5005 διαιρέσεως
554 4974 569 4998 ,
596 4935 675 4999 είς
702 4934 801 4999 τὰς
824 4935 1129 5004 ἀγιωτάτας
1152 4934 1260 4989 τῶν
1283 4934 1512 4988 τελετῶν
1545 4937 1690 5008 ἱερου
1699 4956 1749 5009 ρ-

164 5027 291 5094 γίας
313 5026 686 5099 διαιρουμένη,
718 5028 812 5080 καὶ
837 5028 963 5092 τοὺς
1000 5026 1254 5091 θεοειδεῖς
1287 5026 1395 5080 τῶν
1424 5026 1585 5098 ἱερῶν
1608 5030 1750 5101 ὑπη-

168 5119 353 5188 ρέτας,
402 5119 497 5172 καὶ
542 5121 667 5183 τοὺς
700 5120 791 5174 ὑπ’
830 5120 1011 5174 αὐτῶν
1051 5119 1327 5188 ἀναλόγως
1372 5120 1467 5173 ἐπὶ
1510 5119 1583 5173 τὰ
1629 5120 1753 5193 ἱερὰ

166 5213 627 5284 προσαγομένους.
659 5214 892 5284 Ἐκάστη
918 5213 974 5267 δὲ
999 5212 1109 5266 τῶν
1138 5211 1305 5283 τριῶν
1336 5211 1435 5283 τῆς
1461 5212 1580 5265 καθ’
1602 5214 1749 5285 ἡμᾶς

169 5303 455 5375 ἱεραρχίας
476 5302 1143 5378 διαιρέσεως⁶²ἀκολούθως
1170 5307 1237 5375 τῇ
1260 5321 1320 5357 τε
1345 5308 1542 5377 νομικῇ
1568 5308 1661 5360 καὶ
1681 5310 1748 5380 τῇ

168 5396 419 5469 θειοτέρα
453 5398 563 5451 τῶν
606 5397 727 5452 καθ’
771 5400 916 5470 ἡμᾶς
945 5399 1216 5471 ἱεραρχίᾳ,
1255 5395 1443 5469 πρώτη
1486 5398 1580 5450 καὶ
1609 5398 1749 5471 μέση

1862 3262 2070 3330 ﬁguris,
2100 3276 2223 3333 quae
2257 3272 2507 3333 opertam
2546 3276 2644 3316 nec
2676 3260 2753 3316 ita
2787 3260 3004 3316 facilem
3034 3259 3332 3328 dijudicatu
3363 3258 3443 3313 in-

1862 3354 2216 3425 telligentiam
2262 3354 2567 3420 habebant,
2621 3354 2805 3409 lumen
2849 3354 2915 3409 iis
2946 3352 3439 3424 proportionatum,

1863 3458 2122 3518 tanquam
2151 3449 2611 3519 imbecillioribus
2640 3449 2835 3518 oculis,
2869 3449 3103 3504 innocue
3130 3446 3441 3502 ali'undens.

1861 3539 2028 3611 llujus
2062 3550 2241 3595 autem
2274 3540 2463 3611 legalis
2492 3541 2820 3597 bierarcbize
2850 3539 3169 3611 mysterium
3196 3537 3444 3591 introdu-

1858 3633 1967 3687 Ctio
1999 3634 2245 3702 quaedam
2276 3632 2379 3688 fuit
2408 3632 2477 3689 ad
2509 3634 2715 3689 cultum
2749 3632 3073 3703 spiritalem.
3118 3632 3298 3686 Duces
3324 3631 3444 3699 ejus

1857 3724 2183 3779 exstiterunt
2220 3725 2255 3779 ii
2293 3726 2386 3796 qui
2436 3727 2578 3781 sacri
2628 3726 2776 3781 illius
2828 3722 3166 3780 tabernaculi
3216 3724 3379 3778 ritum
3412 3738 3439 3775 a

1858 3815 2062 3887 Moyse,
2106 3816 2283 3886 primo
2305 3815 2441 3888 legis
2474 3816 2795 3887 pontiﬁcum
2824 3816 3048 3870 doctore
3073 3829 3137 3867 ac
3162 3815 3320 3879 duce,
3354 3812 3439 3865 di-

1857 3908 2103 3963 dicerant
2130 3924 2145 3961 :
2178 3909 2268 3977 qui
2301 3910 2370 3964 ad
2401 3923 2620 3964 sacrum
2654 3908 2785 3963 illud
2834 3907 3249 3963 tabernaculum
3280 3906 3441 3960 insti-

1860 4001 2081 4057 tutionis
2108 4016 2273 4057 causa
2316 4001 2685 4064 bierarcltiam
2739 4001 2877 4072 legis
2908 4001 3071 4073 233
3102 4000 3439 4065 describens,

1858 4093 1925 4147 ad
1946 4092 2299 4163 exemplaris,
2334 4094 2479 4164 quod
2502 4094 2578 4148 illi
2615 4094 2668 4148 in
2703 4103 2889 4148 monte
2918 4092 3048 4148 Sina
3074 4102 3440 4148 monstratum

1857 4185 2071 4252 fuerat,
2110 4185 2401 4256 imaginem
2458 4196 2514 4241 et
2561 4187 2922 4241 imitationem
2973 4185 3200 4251 omnia,
3231 4199 3352 4255 quae
3387 4185 3440 4238 in

1859 4282 1973 4347 lege
2004 4289 2191 4335 sancte
2220 4278 2443 4348 ﬁebant,
2463 4279 2776 4335 revocabat.
2795 4278 3233 4335 Perﬁciebantur
3256 4289 3439 4333 autem

1860 4377 1916 4442 ii,
1945 4375 2039 4445 qui
2074 4388 2103 4426 a
2131 4374 2392 4445 legalibus
2439 4373 2617 4445 signis
2670 4374 2972 4429 secundum
3029 4382 3247 4443 captum
3281 4389 3437 4428 suum

1859 4470 1926 4521 ad
1957 4464 2341 4537 perfectiorem
2387 4464 2732 4535 disciplinam
2772 4464 3261 4536 promovebantur.
3309 4464 3442 4518 Per-

1822 4555 1830 4597 Ρ
1857 4555 2138 4614 feCtioretn
2172 4572 2303 4613 vero
2328 4558 2708 4627 mysteriorum
2733 4557 3073 4628 disciplinam
3103 4572 3259 4612 sacra
3292 4558 3443 4612 Scri—

1857 4664 2018 4722 ptura
2042 4660 2285 4707 nostram
2314 4662 2473 4707 vocat
2508 4651 2878 4706 lticrarcbiam
2900 4689 2917 4717 ,
2950 4666 3075 4705 cum
3106 4650 3250 4705 lianc
3294 4651 3449 4706 illius

1855 4749 2386 4801 consummationem
2446 4758 2774 4814 sacrumque
2828 4743 2988 4798 ﬁnem
3043 4743 3311 4801 nominat.
3343 4743 3440 4798 Est

1858 4847 2039 4894 autem
2078 4838 2268 4893 eadem
2297 4837 2463 4892 etiam
2487 4836 2729 4895 caelestis
2763 4845 2819 4891 et
2860 4835 3047 4905 legalis
3090 4836 3438 4890 communio-

1857 4948 1925 4985 ne
1948 4931 2180 5000 quadam
2213 4931 2403 4986 mediae
2429 4929 2760 4984 conditionis
2784 4942 2914 4992 sum,
2939 4944 3043 4998 qua
3069 4927 3437 4983 communicat

1857 5025 2142 5092 extremis,
2169 5040 2291 5080 cum
2323 5023 2410 5077 illa
2437 5022 2693 5077 nimirum
2726 5019 2781 5075 in
2815 5020 3152 5090 spiritalibus
3191 5031 3439 5076 contem-

1858 5119 2219 5189 plationibus,
2249 5132 2374 5172 cum
2407 5116 2510 5171 hac
2538 5129 2671 5170 vero
2693 5112 3036 5169 sensibilium
3066 5113 3332 5168 varietate
3358 5113 3436 5169 si-

1858 5227 2109 5283 gnorum,
2142 5226 2237 5281 per
2265 5224 2387 5279 qua:
2409 5208 2571 5261 etiam
2599 5208 2666 5261 ad
2693 5206 2942 5262 divinum
2970 5203 3179 5260 Numen
3204 5207 3435 5263 adduci-

1859 5313 1968 5358 tur.
2014 5302 2184 5357 Porro
2240 5300 2504 5371 triplicem
2558 5300 2729 5354 etiam
2792 5298 2960 5353 habet
3017 5299 3159 5353 sacri
3229 5300 3437 5355 ordinis

1857 5397 2321 5460 distributionem,
2362 5405 2630 5464 quatenus
2658 5388 2917 5446 dividitur
2960 5391 3016 5446 in
3060 5392 3435 5451 sanctissimas

1480 5579 1715 5639 VARUS
1750 5580 2154 5638 LECTIONES.

237 5721 282 5752 ⁸⁸
307 5721 626 5785 ὁσιιιιτάτας,
658 5720 725 5775 Μ.
758 5720 818 5774 Ι).
849 5720 947 5775 Ch.

1048 5721 1094 5753 ⁸⁵
1119 5724 1408 5793 ἱερωτάτη,
1436 5722 1496 5777 D.

166 5790 214 5851 ,⁸³
240 5794 374 5847 Σινί
392 5833 410 5859 ,
441 5792 506 5847 Μ.

1597 5724 1640 5755 ⁸⁷
1670 5724 1959 5793 σοφοποιοῦ
1986 5725 2113 5778 τῶν.
2191 5724 2236 5755 ⁸⁸
2267 5724 2525 5794 ἀνάλογον
2570 5722 2632 5779 τὸ
2658 5724 2714 5778 ἐν
2753 5724 2943 5788 αὑταῖς
2969 5724 3111 5794 φῶς.
3132 5723 3239 5780 Cb.
3268 5718 3430 5781 ἢδη.

623 5793 666 5825 ⁵ο
697 5791 1142 5865 προτελούμενοι,
1173 5791 1248 5849 Μ.
1283 5806 1337 5851 et
1365 5791 1487 5852 mox
1515 5791 1843 5867 ἀναγόμεθα.

1954 5798 1993 5827 ⁸¹
2027 5798 2279 5867 νοηταῖς,
2307 5797 2405 5852 Cit.
2434 5798 2555 5853 Sor.
2590 5866 2595 5867 γ
2634 5797 2678 5829 ⁸³
2710 5796 2829 5867 lege
2851 5796 3189 5868 διαιρέσεων.
