3728 6296
299 234 406 299 5.3
1488 240 1549 296 Β.
1587 239 1771 309 DlONl

2101 239 2379 299 PAGITE.
3475 248 3573 307 su

306 355 695 427 mysteriorum
729 358 1116 424 caeremonias,
1173 365 1339 428 atque
1386 357 1439 411 in
1469 358 1763 415 deil‘ormcs

2110 362 2393 418 τελευταία
2433 362 2682 421 τάττεται
2706 366 2955 439 δυνάμει,
2992 366 3091 437 τῆς
3114 382 3177 419 τε
3213 366 3573 438 ίεροπριποῦς

305 462 525 503 crorum
553 448 929 514 administros.
958 459 1016 505 et
1042 450 1099 505 in
1138 449 1260 505 illos
1300 450 1392 519 qui
1425 452 1494 505 ab
1526 452 1608 506 bis
1632 454 1699 506 ad
1726 469 1777 508 sa

2101 456 2285 524 λογίας
2311 456 2755 531 προμυθουμένη,
2783 461 2876 513 καὶ
2898 460 2997 532 τῆς
3019 460 3280 514 άπάντων
3304 459 3573 531 εὑκόσμου

304 540 504 609 cuique
555 542 910 611 congruentia
952 554 1367 613 promoventur.
1401 543 1667 610 Quaelibet
1702 561 1768 599 au

2137 550 2279 604 κατὰ
2326 551 2481 617 τάξιν
2528 552 2850 624 ἐναρμονίου
2899 554 2993 608 καὶ
3028 552 3344 623 συνδετικῆς
3395 570 3568 607 κοινω-

303 644 371 688 ex
401 630 577 687 tribus
604 632 930 687 bierarcbiae
958 642 1159 687 nostra:
1190 634 1575 703 partitionibus
1600 637 1666 690 ad
1700 637 1889 707 legalis
1994 641 2132 706 νίας.
2326 634 2335 643 ’

303 728 357 775 et
376 719 514 787 ejus,
546 737 666 790 qua:
692 729 878 777 nostra
909 723 1014 778 hac
1042 722 1277 778 divinior
1308 734 1411 790 est,
1443 725 1765 782 bierarchia:
1799 729 2234 797 similitmlincm,
2279 710 2478 802 prima.
2535 744 2590 790 et
2626 737 2827 802 media,
2878 748 2936 792 et
2983 748 3225 793 extrema
3288 736 3575 798 statuitur.

303 831 429 871 cum
457 828 663 873 sanctze
690 819 1082 889 proportionis,
1134 830 1246 875 tum
1278 822 1677 879 venustissimae
1722 838 1936 895 suoque
1974 831 2151 884 ordini
2188 846 2462 903 congruae,
2508 848 2574 888 ac
2624 845 2816 888 cuncta
2868 838 3247 890 connectentis
3296 831 3578 889 societatis

308 909 512 965 virtute
542 911 805 969 subnixa.
1996 927 2005 937 '

1862 1038 1890 1108 ἓ
1924 1033 2029 1095 ΠΙ.

373 1218 736 1280 Sanctissima
764 1220 950 1289 itaque
979 1218 1368 1289 mysteriorum
1401 1218 1749 1275 consecratio
1774 1219 1845 1291 pri

2108 1217 2140 1270 il
2173 1219 2270 1289 μὲν
2297 1214 2389 1272 οὖν
2416 1219 2696 1291 ἁγιωτάτῃ
2718 1218 2828 1274 τῶν
2851 1218 3081 1293 τελετῶν
3110 1221 3153 1273 ίε
3164 1220 3399 1293 ρουργία
3440 1221 3580 1293 πρώ-

306 1330 449 1367 ntam
485 1313 704 1382 quidem
739 1282 997 1364 virtutem
1027 1282 1347 1363 deiformem
1382 1308 1577 1375 habet,
1607 1323 1718 1379 qua

2121 1282 2218 1382 μέν
2237 1309 2349 1380 ἔχει
2376 1282 2580 1381 θεοειδῆ
2601 1282 2827 1384 δύναμιν
2846 1282 2945 1383 τήν
2965 1311 3116 1383 ἱεράν
3136 1282 3249 1365 τῶν
3265 1282 3582 1367 ’ἀτελέστων

306 1407 462 1459 l'anos
487 1403 663 1458 sacris
684 1402 907 1472 expiat;
939 1401 1174 1455 mediam
1206 1415 1360 1470 vero,
1386 1416 1491 1471 qua
1524 1416 1618 1455 eos
1648 1401 1745 1472 qui
1771 1457 1778 1471 ε

2107 1419 2283 1476 αρσιν,
2314 1403 2487 1474 μέσην
2514 1403 2592 1467 δὲ,
2615 1403 2715 1475 τὴν
2755 1403 2863 1457 τῶν
2901 1403 3281 1475 καθαρθέντων
3316 1421 3579 1474 φωτιστιο

301 1494 505 1566 expiati
541 1504 667 1552 sunt
700 1493 1058 1549 illuminaodo
1092 1493 1306 1557 initiat;
1353 1502 1684 1561 postremam
1734 1495 1773 1548 di

2143 1494 2371 1567 μύησινο
2418 1495 2652 1567 ἐσχάτην
2682 1493 2758 1557 δὲ,
2791 1494 2883 1547 καὶ
2922 1494 3029 1549 τῶν
3071 1495 3356 1568 προτέρων
3385 1511 3582 1565 συγκε-

303 1602 430 1654 quc,
463 1595 520 1640 et
542 1600 815 1640 summam
842 1584 1288 1656 pmcedeutium,
1312 1596 1419 1655 qua
1448 1585 1621 1639 sacris
1647 1584 1775 1640 initi:

2112 1587 2400 1657 αιωτικὴν,
2425 1587 2526 1659 τὴν
2560 1586 2669 1640 τῶν
2714 1585 3025 1658 μυηθέντων
3059 1587 3117 1640 ὲν
3149 1589 3443 1661 ἐπιστήμῃ
3480 1587 3584 1641 τῶν

303 1676 652 1747 propriarum
687 1675 1165 1730 consecrationum
1197 1673 1426 1729 scientia
1459 1689 1775 1730 consumma

2113 1678 2205 1732 ίων
2255 1682 2507 1753 μυήσεων
2556 1679 2857 1734 τελείωσιν.
2895 1679 2959 1733 Ἦ
2996 1678 3053 1733 δὲ
3102 1679 3211 1732 τῶν
3280 1681 3585 1752 ίερουργῶν

312 1770 551 1838 perlicit.
603 1767 776 1825 Porro
834 1782 1115 1823 sacrarunt
1173 1766 1548 1820 ministrorum
1605 1766 1784 1824 distini

2112 1768 2351 1841 ιόσμησις
2376 1770 2434 1823 ὲν
2467 1769 2564 1840 μὲν
2585 1772 2651 1840 τῇ
2676 1769 2905 1843 δυνάμει
2930 1773 2996 1844 τῇ
3023 1769 3213 1843 πρώτῃ
3236 1769 3329 1824 διὰ
3349 1769 3469 1825 τῶν
3495 1787 3584 1824 τε-

307 1864 511 1915 virtnte
546 1861 718 1931 prima
751 1874 851 1931 per
878 1858 1137 1930 mysteria
1158 1858 1428 1927 ‘prol'anos
1456 1859 1679 1927 expiat;
1712 1872 1779 1912 mi

2114 1860 2164 1914 ὃν
2200 1858 2561 1932 ἀποκαθαίρει
2594 1860 2721 1923 τοὺς
2748 1859 3099 1925 ἀτελέστους·
3135 1862 3193 1913 ἐν
3229 1862 3297 1932 τῇ
3330 1861 3481 1933 μέσῃ
3510 1861 3586 1925 δὲ,

306 1967 437 2007 vero
462 1953 708 2022 expiatos
748 1951 1049 2016 illuminat,
1103 1961 1375 2021 postrema
1417 1952 1655 2020 denique
1702 1964 1778 2005 eai

2118 1954 2321 2021 αγωγεῖ
2346 1953 2471 2016 τοὺς
2497 1951 2890 2022 καθαρθέντας’
2913 1954 2970 2006 ὲν
2994 1953 3197 2026 ἐσχάτῃ
3221 1952 3279 2006 δὲ
3308 1954 3405 2006 καὶ
3424 1955 3590 2027 ἀκρο-

304 2058 562 2116 suprcma
613 2058 900 2099 sacrorum
962 2043 1345 2098 ministrorum
1398 2044 1597 2097 virtute
1643 2055 1761 2110 eos,

2117 2063 2129 2116 ι
2168 2044 2278 2099 τῶν
2319 2044 2615 2117 ίερουργῶν
2651 2045 2933 2117 δυνάμεων
2967 2045 3275 2100 άποτελειοῖ
3323 2049 3460 2111 τοὺς
3515 2048 3589 2119 τῷ

307 2136 480 2191 divini
517 2136 742 2191 luminis
770 2135 1070 2207 participes
1100 2136 1232 2191 {acti
1267 2144 1416 2202 sunt,
1459 2135 1698 2206 perfecta
1747 2151 1775 2188 v

2116 2157 2125 2188 ι
2150 2139 2292 2207 φωτὶ
2333 2138 2799 2211 κεκοινωνηκότας
2841 2140 2901 2192 ὲν
2922 2141 3043 2204 ταῖς
3064 2139 3171 2194 τῶν
3199 2139 3588 2213 θεωρηθεισῶν

311 2245 431 2283 rum
470 2227 896 2283 illustrationum
949 2226 1179 2284 scientia
1215 2225 1473 2282 absolvit.
1529 2226 1728 2281 Eorum
1765 2242 1895 2282 vero

305 2320 401 2390 qui
438 2319 728 2376 initiantur
754 2320 837 2375 vis
859 2320 1037 2392 prima
1072 2327 1159 2373 est
1180 2358 1196 2384 ,
1222 2332 1361 2389 qua!
1392 2318 1681 2388 expiatur;
1718 2319 1893 2373 media

310 2419 438 2482 post
457 2412 849 2480 expiationem,
874 2425 996 2481 qua:
1018 2409 1345 2476 illustratur,
1367 2419 1424 2465 et
1444 2412 1509 2464 ad
1532 2410 1893 2480 quorumdam

308 2515 785 2560 sacramentorum
831 2513 1193 2573 conspectum
1226 2501 1566 2569 admittitur;
1618 2514 1893 2573 postrema

310 2596 936 2668 denique,caaterisque
992 2594 1266 2661 divinior,
1312 2610 1377 2652 ea
1439 2609 1561 2665 quae
1610 2611 1894 2650 sacrarum

310 2705 448 2758 quas
472 2689 706 2761 percipit
734 2689 1163 2745 illustrationum
1211 2697 1635 2744 consummante
1663 2686 1894 2741 scientia

309 2778 685 2839 collust‘ratur.
746 2780 969 2855 Triplex
1028 2782 1215 2854 itaque
1271 2783 1452 2836 virtus
1510 2782 1895 2853 mysteriorum

311 2886 519 2932 sanctae
546 2876 984 2933 consecrationis
1012 2875 1287 2931 celebrata
1319 2884 1424 2943 est,
1470 2889 1596 2930 eum
1628 2888 1694 2928 ex
1743 2874 1897 2928 Scri-

313 2970 487 3041 pturis
515 2970 921 3027 ostenderimus
954 2984 1169 3026 sacram
1205 2970 1424 3040 quidem
1455 2966 1548 3023 Dei
1604 2982 1896 3037 regenera—

314 3062 518 3118 tionem
570 3077 695 3118 esse
727 3062 889 3117 simul
914 3062 1282 3134 expiationem
1323 3070 1379 3115 et
1407 3060 1748 3129 splendorem
1777 3058 1898 3112 illu-
1924 3054 1965 3110 C

312 3164 617 3222 :trantem;
645 3156 961 3226 mysterium
991 3166 1172 3210 autem
1202 3168 1473 3226 synaxeos
1503 3164 1561 3208 et
1610 3153 1895 3222 unguenti,

311 3248 683 3317 cognitionem
713 3262 835 3302 esse
862 3246 1028 3322 235
1061 3258 1223 3318 atque
1246 3245 1537 3302 scientiam
1567 3260 1690 3314 qua:
1713 3244 1896 3299 divina

313 3352 482 3408 opera
514 3349 878 3403 consummat,
930 3354 1028 3409 per
1074 3354 1240 3409 quam
1271 3346 1624 3393 sacrosancte
1664 3337 1731 3390 ad
1763 3336 1902 3390 divi-

318 3447 447 3485 num
478 3430 846 3501 principatum
878 3442 933 3485 et
959 3431 1158 3486 unilica
1187 3429 1449 3493 adductio
1484 3437 1541 3483 et
1578 3427 1899 3483 beatissima

317 3528 380 3582 lit
411 3525 742 3579 counnunio.
771 3523 926 3580 Nunc
954 3536 1137 3579 autem
1161 3523 1421 3592 deinceps
1463 3525 1783 3592 exponenda
1816 3534 1901 3578 est

318 3616 602 3672 distinctio
624 3617 994 3684 sacerdotum.
1023 3635 1145 3689 qua:
1176 3618 1231 3673 in
1263 3618 1512 3673 ordinem
1560 3616 1894 3687 expiantem,

316 3708 680 3768 illustrantem
702 3751 717 3778 ,
751 3711 1229 3785 perlicieutemque
1260 3708 1539 3769 dividitur.

1996 2231 2315 2303 ἐλλάμψεων
2337 2232 2789 2303 ὲπιστημονικαϊς
2809 2232 3151 2287 τελειώσεσιν
3175 2235 3242 2287 ⁸³.
3283 2235 3348 2287 Ἦ
3395 2234 3458 2289 δὲ
3486 2236 3591 2289 τῶν

1995 2324 2331 2396 τελουμένων
2368 2323 2595 2396 δύναμις
2636 2325 2669 2396 ή
2713 2322 2903 2397 πρώτη
2947 2326 3046 2397 μὶν
3074 2325 3221 2380 ἔστιν
3258 2328 3293 2398 ἡ
3325 2327 3593 2401 καθαιρο-

2000 2416 2156 2489 μένη⁸
2198 2416 2338 2488 μέση
2364 2416 2419 2473 δὲ
2446 2416 2583 2489 μετὰ
2607 2416 2705 2489 τὴν
2733 2416 2998 2489 κάθαρσιν
3037 2419 3071 2490 ἡ
3099 2418 3474 2491 φωτιζομένη,
3501 2421 3593 2475 καί

1996 2528 2158 2565 τινων
2204 2510 2365 2583 ίερῶν
2404 2510 2749 2584 θεωρητική⁶
2793 2511 3082 2565 τελευταία
3109 2511 3165 2567 δὲ
3208 2513 3305 2565 καὶ
3336 2511 3593 2584 θειοτέρα

1995 2604 2103 2657 τῶν
2136 2602 2311 2657 ἄλλων
2339 2604 2373 2674 ἡ
2402 2603 2510 2656 τῶν
2537 2603 2699 2673 ἱερῶν
2726 2602 3022 2675 φωτισμῶν
3042 2643 3056 2667 ,
3081 2596 3155 2657 ὧν
3182 2602 3433 2672 ἐγεγόνει
3460 2604 3595 2658 θεω-

2002 2698 2092 2771 ρὺς
2110 2736 2124 2760 ν
2163 2694 2547 2767 ἐλλαμπομένη
2591 2695 2690 2770 τὴν
2716 2695 3068 2767 τελειωτικὴν
3093 2695 3430 2767 ἐπιστήμην.
3483 2695 3594 2766 Τῆς

2002 2790 2101 2865 μὲν
2121 2784 2213 2841 οὖν
2239 2788 2400 2857 ἁγίας
2420 2787 2528 2841 τῶν
2550 2786 2783 2841 τελετῶν
2812 2787 3120 2861 ἱερουργίας
3144 2789 3175 2859 ἡ
3204 2788 3407 2858 τρισσὴ
3433 2786 3595 2841 δύνα-

2003 2899 2093 2954 μις
2144 2880 2403 2953 ὕμνηται,
2444 2880 2547 2950 τῆς
2589 2879 2686 2953 μὲν
2727 2879 2877 2951 ἱερᾶς
2902 2879 3241 2948 θεογενεσῐας
3264 2880 3330 2933 ὲκ
3354 2879 3469 2932 τῶν
3505 2878 3596 2931 λο-

2000 2973 2133 3043 γίων
2178 2970 2591 3042 ἀποδειχθείσης
2637 2970 2957 3043 καθάρσεως
3000 2970 3094 3025 καὶ
3122 2970 3460 3041 φωτιστικῆς
3506 2970 3593 3023 ἑλ-

1998 3065 2257 3137 λάμψεωεῗ
2272 3082 2284 3097 ’
2312 3064 2411 3135 τῆς
2438 3062 2709 3129 συνάξεως
2734 3062 2790 3120 δὲ
2810 3064 2902 3117 καὶ
2920 3062 3019 3134 τῆς
3032 3061 3126 3117 τοῦ
3151 3061 3324 3133 μύρου
3340 3052 3591 3133 τελετῆς,

2002 3154 2353 3226 τελειωτικῆς
2376 3152 2487 3209 τῶν
2509 3151 2806 3225 θεουργιῶν
2843 3150 3100 3221 γνώσεως
3127 3151 3221 3205 καὶ
3250 3151 3591 3223 ἐπιστήμης,

2001 3249 2069 3303 δι’
2096 3244 2163 3321 ἦς
2191 3246 2353 3320 ἱερῶς
2377 3249 2410 3319 ἡ
2433 3246 2569 3319 πρὸς
2589 3245 2690 3321 τὴν
2709 3243 2965 3317 θεαρχίαν
2990 3243 3231 3307 ένοποιὺς
3255 3242 3303 3275 ⁸⁸
3326 3244 3593 3315 ἀναγωγὴ

2003 3340 2097 3393 καὶ
2131 3339 2522 3412 μακαριωτάτη
2566 3337 2818 3391 κοινωνία
2857 3335 3335 3408 τελεσιουργεῖται.
3380 3335 3505 3389 Νῦν
3540 3335 3595 3392 δι

2002 3432 2101 3504 τὴν
2129 3433 2409 3505 ἱερατικὴν
2440 3430 2800 3502 διακόσμησιν
2835 3428 2963 3500 ἑξῆς
2989 3428 3323 3500 ἀφηγητέον,
3367 3428 3457 3492 είς
3493 3447 3595 3482 xa-

2006 3521 2268 3595 θαρτικὴν
2306 3522 2400 3576 καὶ
2438 3521 2771 3599 φωτιστικὴν
2808 3520 2903 3576 καὶ.
2939 3518 3289 3590 τελειωτικὴν
3340 3518 3600 3591 εὐταξίαν

2006 3616 2407 3695 ὃιαιρουμένην.

1882 3900 1908 3971 ς
1944 3897 2051 3960 ιν.

378 4080 501 4147 Lex
533 4090 754 4160 quidem
797 4089 914 4145 haec
948 4098 1033 4144 est
1059 4100 1421 4147 sacrosanctae
1447 4096 1675 4144 summa:
1716 4086 1850 4143 Deit:

2125 4086 2285 4157 εσμδς
2316 4084 2414 4155 μὲν
2432 4078 2585 4147 οὗτός
2613 4083 2727 4136 ἐστι
2746 4080 2846 4152 τῆς
2869 4078 3125 4152 θεαρχίας
3160 4080 3189 4131 ὁ
3224 4077 3511 4147 πανίερος,
3538 4080 3597 4132 τὸ

320 4184 420 4246 tis,
461 4190 521 4235 ut
548 4197 648 4251 per
673 4182 848 4253 prima
882 4196 1004 4251 quae
1034 4191 1355 4252 sequuntur,
1387 4182 1453 4236 ad
1499 4180 1792 4235 divinissiu

2126 4178 2229 4232 τῶν
2258 4176 2488 4251 πρώτων
2515 4177 2585 4229 τὰ
2611 4173 2838 4246 δεύτερα
2876 4173 3011 4243 πρὸς
3030 4172 3090 4225 τὸ
3128 4170 3398 4226 θειότατον
3421 4171 3598 4241 αὐτῆς

318 4273 442 4341 ejus
474 4271 653 4327 lucem
682 4274 1042 4326 adducantur.
1086 4276 1282 4331 Annon
1351 4271 1641 4327 sensibiles
1681 4288 1790 4342 quo

2123 4270 2303 4341 γεσθαι
2346 4271 2565 4340 φέγγος.
2593 4270 2664 4323 Ἦ
2712 4268 2833 4339 οὐχὶ
2883 4268 2979 4321 καὶ
3019 4265 3119 4329 τὰς
3169 4263 3434 4334 αἰσθητὰς
3486 4264 3595 4317 τῶν

318 4362 661 4420 substantias
693 4360 1084 4418 elementorum
1121 4368 1401 4418 cernimus
1441 4364 1677 4431 primum
1710 4363 1775 4416 ad

2126 4365 2287 4435 κείων
2311 4362 2496 4426 οὐσίας
2519 4360 2735 4435 ὁρῶμεν
2762 4361 2841 4424 είς
2863 4359 2933 4415 τὰ
2961 4358 3158 4429 μᾶλλον
3185 4357 3375 4419 αὐταῖς
3401 4371 3595 4425 συγγε-

321 4470 445 4524 ιιιιτε
481 4454 614 4528 ipsis
642 4454 818 4523 magis
840 4464 1069 4524 cognata
1097 4464 1243 4522 sunt,
1270 4454 1554 4519 accedere,
1590 4469 1654 4509 ac
1689 4470 1786 4523 per

2122 4471 2234 4527 ῖερα
2275 4454 2488 4528 πρῶτον
2519 4453 2719 4515 ἰούσας,
2746 4451 2839 4505 καὶ
2860 4449 2926 4503 δι’
2954 4449 3173 4505 ἐκείνων
3194 4448 3278 4516 ἐφ’
3305 4445 3475 4518 ἕτερα
3496 4447 3594 4517 τὴν

320 4546 521 4605 deinde
556 4546 936 4605 eﬂicacitatem
963 4563 1116 4602 suam
1149 4549 1215 4603 ad
1245 4548 1349 4602 alia
1397 4548 1683 4603 derivare?
1711 4546 1791 4601 Me

2130 4547 2212 4599 ίαν
2251 4544 2489 4609 διιούσας
2515 4546 2560 4577 ⁸⁸
2603 4544 2912 4615 ένέργειανς
2944 4540 3182 4602 Εἰκότως
3207 4534 3299 4594 οὖν
3340 4539 3374 4608 ἡ
3410 4538 3595 4607 πάσης

324 4639 493 4710 igitur
529 4640 708 4696 omnis
747 4655 873 4695 cum
923 4639 1217 4695 invisibilis
1264 4650 1375 4693 tum
1417 4638 1648 4695 visibilis
1703 4641 1796 4694 dis}

2122 4642 2237 4696 ίτου
2266 4639 2357 4695 καὶ
2381 4638 2578 4712 ὁρατῆς
2607 4635 2902 4710 εὐκοσμίας
2939 4633 3081 4707 ἀρχὴ
3110 4633 3203 4689 καὶ
3243 4630 3478 4701 ἵδρυσις,
3518 4631 3594 4691 εἰς

321 4734 522 4791 ctionis
555 4732 769 4787 initium
812 4745 876 4786 ac
917 4731 1075 4786 sedes
1121 4731 1188 4785 ad
1224 4745 1339 4797 eos,
1378 4732 1469 4801 qui
1521 4731 1793 4787 deii‘ormii

2121 4750 2130 4795 ;
2154 4730 2583 4800 θεοειδεστέρους
2608 4726 2852 4799 πρώτους
2881 4725 3120 4781 ἐνδίδωσι
3140 4722 3239 4786 τὰς
3264 4721 3387 4774 θεου
3398 4718 3593 4791 ργικὰς

322 4836 473 4895 sunt,
504 4826 729 4883 deiﬁcos
774 4841 905 4881 suos
938 4825 1122 4883 radios
1155 4825 1424 4894 permittit
1455 4826 1757 4895 pervenire,
1818 4838 1901 4879 at-

321 4935 430 4989 que
454 4933 551 4990 per
583 4919 724 4983 illos,
759 4927 948 4989 utpote
974 4918 1313 4990 limpidiores
1337 4918 1582 4989 spiritus.
1605 4928 1655 4975 et
1678 4920 1745 4974 ad
1771 4935 1903 4993 par-

325 5013 660 5086 ticipandum
689 5013 1197 5082 traducendumque
1229 5013 1412 5068 lumen
1460 5013 1633 5083 magis
1656 5012 1901 5078 idoneos,

324 5104 678 5163 inferioribus
720 5120 818 5175 pro
871 5103 1086 5159 illorqu
1144 5105 1443 5176 capacitate
1503 5103 1793 5166 illucescit,
1847 5112 1904 5157 et

324 5205 571 5269 apparet.
607 5197 833 5252 Istorum
865 5197 1031 5269 igitur
1056 5206 1177 5263 est,
1224 5198 1317 5268 qui
1355 5200 1517 5269 primi
1558 5199 1727 5253 Deum
1778 5186 1902 5251 cer-

322 5300 481 5357 nunt,
515 5291 872 5365 sequentibus
899 5291 1018 5347 sine
1044 5290 1265 5357 invidia,
1301 5306 1398 5363 pro
1455 5292 1671 5347 modulo
1718 5289 1905 5359 cujus-

2008 4826 2232 4887 ἀκτῖνας
2272 4821 2425 4885 ἱέναι,
2450 4820 2544 4875 καὶ
2565 4819 2633 4873 δι’
2660 4817 2903 4880 ἐκείνων.
2928 4816 3003 4880 ὼς
3024 4813 3398 4884 διειδεστέρων
3432 4811 3592 4872 νοῶν.

2013 4918 2105 4972 καὶ
2128 4916 2262 4993 πρὸς
2292 4914 2522 4990 μετοχὴν
2546 4911 2724 4983 φωτὸς
2761 4912 2855 4966 καὶ
2895 4907 3176 4981 μετάδοσιν
3203 4904 3420 4969 οἰκείως
3442 4905 3595 4979 ὲχόνυ

2010 5030 2138 5074 των,
2181 5014 2258 5075 εἰς
2280 5012 2407 5074 τοὺς
2434 5008 2755 5083 ὐφειμένους
2789 5003 3063 5077 ἀναλόγως
3095 5000 3275 5063 αὐτοῖς
3299 4996 3589 5069 ὲλλάμπει,

2012 5105 2104 5161 καὶ
2148 5102 2507 5171 ἐπιφαίνεται.
2562 5098 2777 5154 Τούτων
2824 5094 2917 5150 οὖν
2964 5097 3079 5149 ἐστι
3125 5092 3235 5146 τῶν
3287 5090 3524 5165 πρώτων
3546 5088 3589 5121 ⁸⁸

2012 5194 2312 5253 θεοπτικῶν
2353 5194 2415 5246 τὸ
2449 5196 2561 5256 τοῖς
2593 5191 2864 5264 δευτέροις
2898 5186 3145 5258 ἀφθόνως
3179 5185 3239 5238 ἐν
3276 5179 3588 5255 συμμετρίᾳ

2010 5291 2075 5361 τῇ
2113 5286 2227 5344 κατ’
2264 5287 2457 5353 αὐτοὺς
2493 5284 2765 5353 ὑποδεῖξαι
2796 5282 2865 5337 τὰ
2900 5281 3036 5353 πρὸς
3068 5278 3245 5335 αὐτῶν
3282 5275 3445 5349 ἱερῶς
3473 5276 3589 5327 tm.

1638 5465 1867 5523 VARIIE
1910 5466 2305 5525 LElI'l‘lthl‘lS.

397 5651 445 5689 "‘
471 5651 831 5725 θεωρήσεσιν,
862 5649 934 5708 Μ.
968 5650 1057 5707 Sc.
1136 5651 1180 5684 "‘
1204 5650 1279 5718 ὡς
1306 5651 1566 5715 ἑνοποιός,
1607 5648 1672 5703 Μ.

1774 5650 1815 5681 si
1846 5647 2065 5716 διεξσας,
2100 5649 2156 5704 Ρ,
2195 5648 2253 5703 ι),
2285 5647 2381 5704 Ch,
2466 5649 2509 5681 ³⁵
2542 5646 2790 5721 πρώτως,
2816 5643 2873 5700 S.
2910 5642 2970 5700 Ι).
3000 5654 3051 5701 et
3096 5642 3245 5697 Viett.
