  <div class='ocr_page' id='page_1' title='image "/cluster/home/n/w/nwhite01/storage/ocr_20150623/3/hvd.32044014713192/260.png"; bbox 0 0 3728 6304; ppageno 0'>
   <div class='ocr_carea' id='block_1_1' title="bbox 116 292 3393 372">
    <p class='ocr_par' dir='ltr' id='par_1_1' title="bbox 116 292 3393 372">
     <span class='ocr_line' id='line_1_1' title="bbox 116 292 3393 372; baseline 0.005 -21"><span class='ocrx_word' id='word_1_1' title='bbox 116 292 235 351; x_wconf 74' lang='lat' dir='ltr'><strong>sos</strong></span> <span class='ocrx_word' id='word_1_2' title='bbox 1192 304 1280 359; x_wconf 80' lang='lat' dir='ltr'><strong>DE</strong></span> <span class='ocrx_word' id='word_1_3' title='bbox 1317 302 1600 361; x_wconf 82' lang='lat' dir='ltr'><strong>ECCLES.</strong></span> <span class='ocrx_word' id='word_1_4' title='bbox 1638 302 2037 372; x_wconf 75' lang='lat' dir='ltr'><strong>HIERARCH.,</strong></span> <span class='ocrx_word' id='word_1_5' title='bbox 2074 305 2224 362; x_wconf 73' lang='lat' dir='ltr'><strong>CAP.</strong></span> <span class='ocrx_word' id='word_1_6' title='bbox 2268 305 2329 366; x_wconf 75' lang='grc' dir='ltr'><strong>Υ.</strong></span> <span class='ocrx_word' id='word_1_7' title='bbox 3288 308 3393 369; x_wconf 74' lang='lat'><strong>566</strong></span> 
     </span>
    </p>
   </div>
   <div class='ocr_carea' id='block_1_2' title="bbox 117 406 1671 511">
    <p class='ocr_par' dir='ltr' id='par_1_2' title="bbox 117 406 1671 511">
     <span class='ocr_line' id='line_1_2' title="bbox 117 406 1671 511; baseline 0.007 -51"><span class='ocrx_word' id='word_1_8' title='bbox 117 406 432 511; x_wconf 52' lang='grc' dir='ltr'><strong>πτευθξντα</strong></span> <span class='ocrx_word' id='word_1_9' title='bbox 464 409 581 511; x_wconf 68' lang='grc' dir='ltr'><strong>θεία</strong></span> <span class='ocrx_word' id='word_1_10' title='bbox 602 411 879 487; x_wconf 78' lang='grc' dir='ltr'><strong>θεάματα·</strong></span> <span class='ocrx_word' id='word_1_11' title='bbox 915 417 1010 472; x_wconf 81' lang='grc' dir='ltr'><strong>καὶ</strong></span> <span class='ocrx_word' id='word_1_12' title='bbox 1040 416 1101 472; x_wconf 69' lang='grc' dir='ltr'><strong>τὸ</strong></span> <span class='ocrx_word' id='word_1_13' title='bbox 1131 419 1335 490; x_wconf 80' lang='grc' dir='ltr'><strong>μυῆσαι</strong></span> <span class='ocrx_word' id='word_1_14' title='bbox 1366 420 1435 473; x_wconf 75' lang='grc' dir='ltr'><strong>τὰ</strong></span> <span class='ocrx_word' id='word_1_15' title='bbox 1471 422 1671 493; x_wconf 84' lang='grc' dir='ltr'><strong>ἱεραρχι</strong></span> 
     </span>
    </p>
   </div>
   <div class='ocr_carea' id='block_1_3' title="bbox 1847 406 3391 511">
    <p class='ocr_par' dir='ltr' id='par_1_3' title="bbox 1847 422 3391 493">
     <span class='ocr_line' id='line_1_3' title="bbox 1847 422 3391 493; baseline 0.001 -16"><span class='ocrx_word' id='word_1_16' title='bbox 1847 440 1958 493; x_wconf 71' lang='lat' dir='ltr'><strong>me,</strong></span> <span class='ocrx_word' id='word_1_17' title='bbox 1992 424 2093 479; x_wconf 85' lang='lat' dir='ltr'><strong>sibi</strong></span> <span class='ocrx_word' id='word_1_18' title='bbox 2128 429 2485 477; x_wconf 85' lang='lat' dir='ltr'><strong>sacrosancte</strong></span> <span class='ocrx_word' id='word_1_19' title='bbox 2531 431 2815 493; x_wconf 84' lang='lat' dir='ltr'><strong>perspecta</strong></span> <span class='ocrx_word' id='word_1_20' title='bbox 2852 422 3033 477; x_wconf 78' lang='lat' dir='ltr'><strong>divina</strong></span> <span class='ocrx_word' id='word_1_21' title='bbox 3084 422 3391 493; x_wconf 77' lang='lat' dir='ltr'><strong>spectacula</strong></span> 
     </span>
    </p>
   </div>
   <div class='ocr_carea' id='block_1_4' title="bbox 117 497 1671 605">
    <p class='ocr_par' dir='ltr' id='par_1_4' title="bbox 117 497 1671 583">
     <span class='ocr_line' id='line_1_4' title="bbox 117 497 1671 583; baseline 0.01 -34"><span class='ocrx_word' id='word_1_22' title='bbox 117 497 200 550; x_wconf 74' lang='grc' dir='ltr'><strong>κὰ</strong></span> <span class='ocrx_word' id='word_1_23' title='bbox 245 500 358 554; x_wconf 85' lang='grc' dir='ltr'><strong>τῶν</strong></span> <span class='ocrx_word' id='word_1_24' title='bbox 411 504 527 572; x_wconf 78' lang='grc' dir='ltr'><strong>μετ’</strong></span> <span class='ocrx_word' id='word_1_25' title='bbox 578 506 887 580; x_wconf 75' lang='grc' dir='ltr'><strong>ἐπιστήμης</strong></span> <span class='ocrx_word' id='word_1_26' title='bbox 933 510 1282 583; x_wconf 80' lang='grc' dir='ltr'><strong>τελειωτικῆς</strong></span> <span class='ocrx_word' id='word_1_27' title='bbox 1331 512 1400 566; x_wconf 74' lang='grc' dir='ltr'><strong>τὰ</strong></span> <span class='ocrx_word' id='word_1_28' title='bbox 1446 512 1561 566; x_wconf 88' lang='grc' dir='ltr'><strong>θεῖα</strong></span> <span class='ocrx_word' id='word_1_29' title='bbox 1610 512 1671 583; x_wconf 75' lang='grc' dir='ltr'><strong>τῆ</strong></span> 
     </span>
    </p>
   </div>
   <div class='ocr_carea' id='block_1_5' title="bbox 1847 497 3391 605">
    <p class='ocr_par' dir='ltr' id='par_1_5' title="bbox 1847 514 3391 586">
     <span class='ocr_line' id='line_1_5' title="bbox 1847 514 3391 586; baseline -0.003 -14"><span class='ocrx_word' id='word_1_30' title='bbox 1847 517 2098 572; x_wconf 83' lang='lat' dir='ltr'><strong>nsinuare</strong></span> <span class='ocrx_word' id='word_1_31' title='bbox 2126 535 2140 570; x_wconf 76' lang='grc' dir='ltr'><strong>ε</strong></span> <span class='ocrx_word' id='word_1_32' title='bbox 2170 516 2369 571; x_wconf 87' lang='lat' dir='ltr'><strong>docere</strong></span> <span class='ocrx_word' id='word_1_33' title='bbox 2399 517 2563 569; x_wconf 85' lang='lat' dir='ltr'><strong>etiam</strong></span> <span class='ocrx_word' id='word_1_34' title='bbox 2590 530 2651 568; x_wconf 89' lang='lat' dir='ltr'><strong>ea</strong></span> <span class='ocrx_word' id='word_1_35' title='bbox 2681 531 2800 585; x_wconf 63' lang='lat' dir='ltr'><strong>qua:</strong></span> <span class='ocrx_word' id='word_1_36' title='bbox 2829 515 3148 570; x_wconf 76' lang='lat' dir='ltr'><strong>hicrarcbia:</strong></span> <span class='ocrx_word' id='word_1_37' title='bbox 3173 514 3391 586; x_wconf 88' lang='lat' dir='ltr'><strong>pr0pria</strong></span> 
     </span>
    </p>
   </div>
   <div class='ocr_carea' id='block_1_6' title="bbox 116 592 1671 679">
    <p class='ocr_par' dir='ltr' id='par_1_6' title="bbox 116 592 1671 676">
     <span class='ocr_line' id='line_1_6' title="bbox 116 592 1671 676; baseline 0.012 -36"><span class='ocrx_word' id='word_1_38' title='bbox 116 592 245 641; x_wconf 80' lang='grc' dir='ltr'><strong>κατ’</strong></span> <span class='ocrx_word' id='word_1_39' title='bbox 293 592 490 659; x_wconf 77' lang='grc' dir='ltr'><strong>αὐτοὺς</strong></span> <span class='ocrx_word' id='word_1_40' title='bbox 543 598 821 671; x_wconf 82' lang='grc' dir='ltr'><strong>ἱεραρχίας</strong></span> <span class='ocrx_word' id='word_1_41' title='bbox 872 603 1085 657; x_wconf 80' lang='grc' dir='ltr'><strong>ᾶπαντα</strong></span> <span class='ocrx_word' id='word_1_42' title='bbox 1131 604 1319 668; x_wconf 62' lang='grc' dir='ltr'><strong>καλῶς</strong></span> <span class='ocrx_word' id='word_1_43' title='bbox 1371 604 1671 676; x_wconf 62' lang='grc' dir='ltr'><strong>μυηθέντωι</strong></span> 
     </span>
    </p>
   </div>
   <div class='ocr_carea' id='block_1_7' title="bbox 1847 592 3393 679">
    <p class='ocr_par' dir='ltr' id='par_1_7' title="bbox 1849 607 3393 679">
     <span class='ocr_line' id='line_1_7' title="bbox 1849 607 3393 679; baseline -0.003 -18"><span class='ocrx_word' id='word_1_44' title='bbox 1849 622 1960 675; x_wconf 92' lang='lat' dir='ltr'><strong>nnt,</strong></span> <span class='ocrx_word' id='word_1_45' title='bbox 1996 626 2185 665; x_wconf 90' lang='lat' dir='ltr'><strong>eorum</strong></span> <span class='ocrx_word' id='word_1_46' title='bbox 2226 620 2333 673; x_wconf 87' lang='lat' dir='ltr'><strong>est,</strong></span> <span class='ocrx_word' id='word_1_47' title='bbox 2369 609 2462 679; x_wconf 91' lang='lat' dir='ltr'><strong>qni</strong></span> <span class='ocrx_word' id='word_1_48' title='bbox 2506 626 2626 663; x_wconf 92' lang='lat' dir='ltr'><strong>cum</strong></span> <span class='ocrx_word' id='word_1_49' title='bbox 2664 609 2976 678; x_wconf 82' lang='lat' dir='ltr'><strong>perliciente</strong></span> <span class='ocrx_word' id='word_1_50' title='bbox 3004 608 3231 662; x_wconf 84' lang='lat' dir='ltr'><strong>scientia</strong></span> <span class='ocrx_word' id='word_1_51' title='bbox 3256 607 3393 664; x_wconf 80' lang='lat' dir='ltr'><strong>divi-</strong></span> 
     </span>
    </p>
   </div>
   <div class='ocr_carea' id='block_1_8' title="bbox 116 682 1671 793">
    <p class='ocr_par' dir='ltr' id='par_1_8' title="bbox 116 682 1671 793">
     <span class='ocr_line' id='line_1_8' title="bbox 116 682 1671 793; baseline 0.012 -61"><span class='ocrx_word' id='word_1_52' title='bbox 116 682 218 793; x_wconf 68' lang='grc' dir='ltr'><strong>κσιὶ</strong></span> <span class='ocrx_word' id='word_1_53' title='bbox 249 684 352 757; x_wconf 77' lang='grc' dir='ltr'><strong>τὴν</strong></span> <span class='ocrx_word' id='word_1_54' title='bbox 384 687 757 793; x_wconf 78' lang='grc' dir='ltr'><strong>τελεσιουργὸν</strong></span> <span class='ocrx_word' id='word_1_55' title='bbox 790 694 884 749; x_wconf 81' lang='grc' dir='ltr'><strong>τοῦ</strong></span> <span class='ocrx_word' id='word_1_56' title='bbox 923 697 1126 768; x_wconf 83' lang='grc' dir='ltr'><strong>μυῆσαι</strong></span> <span class='ocrx_word' id='word_1_57' title='bbox 1163 697 1388 769; x_wconf 82' lang='grc' dir='ltr'><strong>δύναμιν</strong></span> <span class='ocrx_word' id='word_1_58' title='bbox 1421 697 1671 770; x_wconf 64' lang='grc' dir='ltr'><strong>προσειλι</strong></span> 
     </span>
    </p>
   </div>
   <div class='ocr_carea' id='block_1_9' title="bbox 1847 682 3389 793">
    <p class='ocr_par' dir='ltr' id='par_1_9' title="bbox 1847 701 3389 775">
     <span class='ocr_line' id='line_1_9' title="bbox 1847 701 3389 775; baseline -0.003 -15"><span class='ocrx_word' id='word_1_59' title='bbox 1847 722 1885 760; x_wconf 67' lang='grc' dir='ltr'><strong>ια</strong></span> <span class='ocrx_word' id='word_1_60' title='bbox 1916 719 2145 775; x_wconf 64' lang='lat' dir='ltr'><strong>quaeque</strong></span> <span class='ocrx_word' id='word_1_61' title='bbox 2196 704 2337 759; x_wconf 80' lang='lat' dir='ltr'><strong>sacri</strong></span> <span class='ocrx_word' id='word_1_62' title='bbox 2372 703 2452 757; x_wconf 90' lang='lat' dir='ltr'><strong>sni</strong></span> <span class='ocrx_word' id='word_1_63' title='bbox 2500 703 2708 757; x_wconf 81' lang='lat' dir='ltr'><strong>ordinis</strong></span> <span class='ocrx_word' id='word_1_64' title='bbox 2755 702 3008 775; x_wconf 81' lang='lat' dir='ltr'><strong>mysteria</strong></span> <span class='ocrx_word' id='word_1_65' title='bbox 3053 701 3219 766; x_wconf 82' lang='lat' dir='ltr'><strong>probe</strong></span> <span class='ocrx_word' id='word_1_66' title='bbox 3264 710 3389 756; x_wconf 87' lang='lat' dir='ltr'><strong>sunt</strong></span> 
     </span>
    </p>
   </div>
   <div class='ocr_carea' id='block_1_10' title="bbox 115 781 1671 885">
    <p class='ocr_par' dir='ltr' id='par_1_10' title="bbox 115 781 1671 885">
     <span class='ocr_line' id='line_1_10' title="bbox 115 781 1671 885; baseline 0.01 -56"><span class='ocrx_word' id='word_1_67' title='bbox 115 781 303 885; x_wconf 60' lang='lat' dir='ltr'><strong>:pé&#39;cwv</strong></span> <span class='ocrx_word' id='word_1_68' title='bbox 324 794 340 810; x_wconf 92' lang='grc'><strong>·</strong></span> <span class='ocrx_word' id='word_1_69' title='bbox 378 781 473 835; x_wconf 77' lang='grc' dir='ltr'><strong>καὶ</strong></span> <span class='ocrx_word' id='word_1_70' title='bbox 498 782 563 885; x_wconf 65' lang='grc' dir='ltr'><strong>τὸ</strong></span> <span class='ocrx_word' id='word_1_71' title='bbox 600 786 919 855; x_wconf 78' lang='grc' dir='ltr'><strong>μεταδοῦναι</strong></span> <span class='ocrx_word' id='word_1_72' title='bbox 964 791 1087 845; x_wconf 82' lang='grc' dir='ltr'><strong>κατ’</strong></span> <span class='ocrx_word' id='word_1_73' title='bbox 1136 790 1290 857; x_wconf 79' lang='grc' dir='ltr'><strong>ἀξίαν</strong></span> <span class='ocrx_word' id='word_1_74' title='bbox 1341 790 1411 844; x_wconf 78' lang='grc' dir='ltr'><strong>τὰ</strong></span> <span class='ocrx_word' id='word_1_75' title='bbox 1445 791 1568 863; x_wconf 75' lang='grc' dir='ltr'><strong>ἱερὰ</strong></span> <span class='ocrx_word' id='word_1_76' title='bbox 1599 791 1671 845; x_wconf 85' lang='grc' dir='ltr'><strong>τῶ</strong></span> 
     </span>
    </p>
   </div>
   <div class='ocr_carea' id='block_1_11' title="bbox 1847 781 3385 885">
    <p class='ocr_par' dir='ltr' id='par_1_11' title="bbox 1847 795 3385 865">
     <span class='ocr_line' id='line_1_11' title="bbox 1847 795 3385 865; baseline -0.003 -11"><span class='ocrx_word' id='word_1_77' title='bbox 1847 800 2014 865; x_wconf 90' lang='lat' dir='ltr'><strong>docti,</strong></span> <span class='ocrx_word' id='word_1_78' title='bbox 2068 808 2616 865; x_wconf 84' lang='lat' dir='ltr'><strong>consummatamque</strong></span> <span class='ocrx_word' id='word_1_79' title='bbox 2653 795 2883 850; x_wconf 78' lang='lat' dir='ltr'><strong>docendi</strong></span> <span class='ocrx_word' id='word_1_80' title='bbox 2938 797 3073 850; x_wconf 89' lang='lat' dir='ltr'><strong>alios</strong></span> <span class='ocrx_word' id='word_1_81' title='bbox 3126 795 3385 850; x_wconf 87' lang='lat' dir='ltr'><strong>virtutem</strong></span> 
     </span>
    </p>
   </div>
   <div class='ocr_carea' id='block_1_12' title="bbox 112 868 1671 974">
    <p class='ocr_par' dir='ltr' id='par_1_12' title="bbox 112 868 1671 974">
     <span class='ocr_line' id='line_1_12' title="bbox 112 868 1671 974; baseline 0.01 -55"><span class='ocrx_word' id='word_1_82' title='bbox 112 868 564 974; x_wconf 62' lang='grc' dir='ltr'><strong>ἐπιστημονικῶς</strong></span> <span class='ocrx_word' id='word_1_83' title='bbox 586 877 681 929; x_wconf 76' lang='grc' dir='ltr'><strong>καὶ</strong></span> <span class='ocrx_word' id='word_1_84' title='bbox 693 876 1005 952; x_wconf 70' lang='grc' dir='ltr'><strong>ὁλοκλήρως</strong></span> <span class='ocrx_word' id='word_1_85' title='bbox 1040 882 1417 953; x_wconf 79' lang='grc' dir='ltr'><strong>μετασχόντων</strong></span> <span class='ocrx_word' id='word_1_86' title='bbox 1440 883 1538 953; x_wconf 81' lang='grc' dir='ltr'><strong>τῆς</strong></span> <span class='ocrx_word' id='word_1_87' title='bbox 1562 884 1671 954; x_wconf 80' lang='grc' dir='ltr'><strong>ἱερα</strong></span> 
     </span>
    </p>
   </div>
   <div class='ocr_carea' id='block_1_13' title="bbox 1847 868 3386 974">
    <p class='ocr_par' dir='ltr' id='par_1_13' title="bbox 1852 889 3386 964">
     <span class='ocr_line' id='line_1_13' title="bbox 1852 889 3386 964; baseline -0.004 -15"><span class='ocrx_word' id='word_1_88' title='bbox 1852 902 2190 964; x_wconf 88' lang='lat' dir='ltr'><strong>cceperunt;</strong></span> <span class='ocrx_word' id='word_1_89' title='bbox 2223 900 2564 946; x_wconf 85' lang='lat' dir='ltr'><strong>sacramenta</strong></span> <span class='ocrx_word' id='word_1_90' title='bbox 2600 904 2726 941; x_wconf 78' lang='lat' dir='ltr'><strong>vero</strong></span> <span class='ocrx_word' id='word_1_91' title='bbox 2756 904 2854 958; x_wconf 92' lang='lat' dir='ltr'><strong>pro</strong></span> <span class='ocrx_word' id='word_1_92' title='bbox 2876 889 3138 958; x_wconf 75' lang='lat' dir='ltr'><strong>dignitate</strong></span> <span class='ocrx_word' id='word_1_93' title='bbox 3172 890 3386 943; x_wconf 82' lang='lat' dir='ltr'><strong>tradere</strong></span> 
     </span>
    </p>
   </div>
   <div class='ocr_carea' id='block_1_14' title="bbox 110 963 1671 1054">
    <p class='ocr_par' dir='ltr' id='par_1_14' title="bbox 110 963 668 1034">
     <span class='ocr_line' id='line_1_14' title="bbox 110 963 668 1034; baseline 0.013 -16"><span class='ocrx_word' id='word_1_94' title='bbox 110 963 280 1033; x_wconf 77' lang='grc' dir='ltr'><strong>τικῆς</strong></span> <span class='ocrx_word' id='word_1_95' title='bbox 311 963 668 1034; x_wconf 79' lang='grc' dir='ltr'><strong>τελειώσεως.</strong></span> 
     </span>
    </p>
   </div>
   <div class='ocr_carea' id='block_1_15' title="bbox 1847 963 3386 1054">
    <p class='ocr_par' dir='ltr' id='par_1_15' title="bbox 1847 963 3386 1054">
     <span class='ocr_line' id='line_1_15' title="bbox 1847 963 3386 1054; baseline -0.004 -15"><span class='ocrx_word' id='word_1_96' title='bbox 1847 963 2033 1041; x_wconf 70' lang='lat' dir='ltr'><strong>{lorum</strong></span> <span class='ocrx_word' id='word_1_97' title='bbox 2089 996 2209 1049; x_wconf 89' lang='lat' dir='ltr'><strong>est,</strong></span> <span class='ocrx_word' id='word_1_98' title='bbox 2263 984 2355 1054; x_wconf 88' lang='lat' dir='ltr'><strong>qui</strong></span> <span class='ocrx_word' id='word_1_99' title='bbox 2401 986 2539 1037; x_wconf 89' lang='lat' dir='ltr'><strong>scite</strong></span> <span class='ocrx_word' id='word_1_100' title='bbox 2583 989 2748 1051; x_wconf 90' lang='lat' dir='ltr'><strong>atque</strong></span> <span class='ocrx_word' id='word_1_101' title='bbox 2791 984 3001 1051; x_wconf 75' lang='lat' dir='ltr'><strong>integre</strong></span> <span class='ocrx_word' id='word_1_102' title='bbox 3025 978 3386 1035; x_wconf 82' lang='lat' dir='ltr'><strong>sacerdotalis</strong></span> 
     </span>
    </p>
   </div>
   <div class='ocr_carea' id='block_1_16' title="bbox 1810 1072 2784 1149">
    <p class='ocr_par' dir='ltr' id='par_1_16' title="bbox 1810 1072 2784 1149">
     <span class='ocr_line' id='line_1_16' title="bbox 1810 1072 2784 1149; baseline -0.004 -16"><span class='ocrx_word' id='word_1_103' title='bbox 1810 1079 2138 1134; x_wconf 84' lang='lat' dir='ltr'><strong>initiationis</strong></span> <span class='ocrx_word' id='word_1_104' title='bbox 2168 1076 2463 1149; x_wconf 81' lang='lat' dir='ltr'><strong>participes</strong></span> <span class='ocrx_word' id='word_1_105' title='bbox 2495 1072 2784 1130; x_wconf 78' lang='lat' dir='ltr'><strong>exsistunt.</strong></span> 
     </span>
    </p>
   </div>
   <div class='ocr_carea' id='block_1_17' title="bbox 1682 1236 1817 1310">
    <p class='ocr_par' dir='ltr' id='par_1_17' title="bbox 1682 1236 1817 1310">
     <span class='ocr_line' id='line_1_17' title="bbox 1682 1236 1817 1310; baseline 0.015 -15"><span class='ocrx_word' id='word_1_106' title='bbox 1682 1236 1817 1310; x_wconf 55' lang='grc' dir='ltr'><strong>ιν.</strong></span> 
     </span>
    </p>
   </div>
   <div class='ocr_carea' id='block_1_18' title="bbox 178 1410 1671 1489">
    <p class='ocr_par' dir='ltr' id='par_1_18' title="bbox 178 1410 1671 1489">
     <span class='ocr_line' id='line_1_18' title="bbox 178 1410 1671 1489; baseline 0.006 -26"><span class='ocrx_word' id='word_1_107' title='bbox 178 1410 396 1467; x_wconf 71' lang='grc' dir='ltr'><strong>υῦκοῦν</strong></span> <span class='ocrx_word' id='word_1_108' title='bbox 443 1412 475 1485; x_wconf 78' lang='grc' dir='ltr'><strong>ἡ</strong></span> <span class='ocrx_word' id='word_1_109' title='bbox 526 1412 646 1468; x_wconf 81' lang='grc' dir='ltr'><strong>θεία</strong></span> <span class='ocrx_word' id='word_1_110' title='bbox 696 1415 804 1470; x_wconf 87' lang='grc' dir='ltr'><strong>τῶν</strong></span> <span class='ocrx_word' id='word_1_111' title='bbox 856 1416 1126 1489; x_wconf 82' lang='grc' dir='ltr'><strong>ίεραρχῶν</strong></span> <span class='ocrx_word' id='word_1_112' title='bbox 1170 1417 1324 1485; x_wconf 82' lang='grc' dir='ltr'><strong>τάξις</strong></span> <span class='ocrx_word' id='word_1_113' title='bbox 1364 1417 1554 1489; x_wconf 80' lang='grc' dir='ltr'><strong>πρώτη</strong></span> <span class='ocrx_word' id='word_1_114' title='bbox 1605 1418 1671 1489; x_wconf 79' lang='grc' dir='ltr'><strong>μὲ</strong></span> 
     </span>
    </p>
   </div>
   <div class='ocr_carea' id='block_1_19' title="bbox 1847 1410 3383 1489">
    <p class='ocr_par' dir='ltr' id='par_1_19' title="bbox 1880 1412 3383 1483">
     <span class='ocr_line' id='line_1_19' title="bbox 1880 1412 3383 1483; baseline -0.002 -15"><span class='ocrx_word' id='word_1_115' title='bbox 1880 1415 2202 1471; x_wconf 77' lang='lat' dir='ltr'><strong>Pontiﬁcum</strong></span> <span class='ocrx_word' id='word_1_116' title='bbox 2229 1414 2414 1483; x_wconf 84' lang='lat' dir='ltr'><strong>itaque</strong></span> <span class='ocrx_word' id='word_1_117' title='bbox 2445 1412 2663 1467; x_wconf 77' lang='lat' dir='ltr'><strong>divinus</strong></span> <span class='ocrx_word' id='word_1_118' title='bbox 2698 1415 2831 1464; x_wconf 90' lang='lat' dir='ltr'><strong>ordo</strong></span> <span class='ocrx_word' id='word_1_119' title='bbox 2861 1412 3066 1480; x_wconf 88' lang='lat' dir='ltr'><strong>pritnus</strong></span> <span class='ocrx_word' id='word_1_120' title='bbox 3086 1420 3171 1468; x_wconf 82' lang='lat' dir='ltr'><strong>est</strong></span> <span class='ocrx_word' id='word_1_121' title='bbox 3191 1423 3383 1466; x_wconf 83' lang='lat' dir='ltr'><strong>eorum</strong></span> 
     </span>
    </p>
   </div>
   <div class='ocr_carea' id='block_1_20' title="bbox 103 1499 1671 1584">
    <p class='ocr_par' dir='ltr' id='par_1_20' title="bbox 103 1499 1671 1583">
     <span class='ocr_line' id='line_1_20' title="bbox 103 1499 1671 1583; baseline 0.007 -29"><span class='ocrx_word' id='word_1_122' title='bbox 103 1499 229 1555; x_wconf 75' lang='grc' dir='ltr'><strong>ἐστι</strong></span> <span class='ocrx_word' id='word_1_123' title='bbox 261 1501 375 1556; x_wconf 84' lang='grc' dir='ltr'><strong>τῶν</strong></span> <span class='ocrx_word' id='word_1_124' title='bbox 397 1502 699 1559; x_wconf 86' lang='grc' dir='ltr'><strong>θεοπτικῶν</strong></span> <span class='ocrx_word' id='word_1_125' title='bbox 730 1507 957 1574; x_wconf 76' lang='grc' dir='ltr'><strong>τάξεων,</strong></span> <span class='ocrx_word' id='word_1_126' title='bbox 976 1510 1252 1582; x_wconf 80' lang='grc' dir='ltr'><strong>ἀκροτάτη</strong></span> <span class='ocrx_word' id='word_1_127' title='bbox 1286 1510 1343 1564; x_wconf 82' lang='grc' dir='ltr'><strong>δὲ</strong></span> <span class='ocrx_word' id='word_1_128' title='bbox 1376 1511 1469 1565; x_wconf 75' lang='grc' dir='ltr'><strong>καὶ</strong></span> <span class='ocrx_word' id='word_1_129' title='bbox 1497 1512 1671 1583; x_wconf 78' lang='grc' dir='ltr'><strong>ἐσχάτ</strong></span> 
     </span>
    </p>
   </div>
   <div class='ocr_carea' id='block_1_21' title="bbox 1847 1499 3385 1584">
    <p class='ocr_par' dir='ltr' id='par_1_21' title="bbox 1849 1505 3385 1577">
     <span class='ocr_line' id='line_1_21' title="bbox 1849 1505 3385 1577; baseline -0.003 -16"><span class='ocrx_word' id='word_1_130' title='bbox 1849 1508 2065 1561; x_wconf 86' lang='lat' dir='ltr'><strong>rdinum</strong></span> <span class='ocrx_word' id='word_1_131' title='bbox 2096 1507 2189 1577; x_wconf 91' lang='lat' dir='ltr'><strong>qui</strong></span> <span class='ocrx_word' id='word_1_132' title='bbox 2218 1507 2382 1561; x_wconf 85' lang='lat' dir='ltr'><strong>Deum</strong></span> <span class='ocrx_word' id='word_1_133' title='bbox 2418 1505 2603 1559; x_wconf 81' lang='lat' dir='ltr'><strong>vident</strong></span> <span class='ocrx_word' id='word_1_134' title='bbox 2628 1543 2645 1571; x_wconf 89' lang='lat'><strong>,</strong></span> <span class='ocrx_word' id='word_1_135' title='bbox 2683 1506 2937 1573; x_wconf 83' lang='lat' dir='ltr'><strong>idemque</strong></span> <span class='ocrx_word' id='word_1_136' title='bbox 2970 1510 3025 1557; x_wconf 90' lang='lat' dir='ltr'><strong>et</strong></span> <span class='ocrx_word' id='word_1_137' title='bbox 3051 1517 3299 1558; x_wconf 87' lang='lat' dir='ltr'><strong>summus</strong></span> <span class='ocrx_word' id='word_1_138' title='bbox 3328 1510 3385 1556; x_wconf 86' lang='lat' dir='ltr'><strong>et</strong></span> 
     </span>
    </p>
   </div>
   <div class='ocr_carea' id='block_1_22' title="bbox 104 1592 1671 1674">
    <p class='ocr_par' dir='ltr' id='par_1_22' title="bbox 104 1592 1671 1674">
     <span class='ocr_line' id='line_1_22' title="bbox 104 1592 1671 1674; baseline 0.008 -29"><span class='ocrx_word' id='word_1_139' title='bbox 104 1592 276 1648; x_wconf 78' lang='grc' dir='ltr'><strong>πάλιν</strong></span> <span class='ocrx_word' id='word_1_140' title='bbox 310 1596 343 1665; x_wconf 74' lang='grc' dir='ltr'><strong>ἡ</strong></span> <span class='ocrx_word' id='word_1_141' title='bbox 378 1595 537 1666; x_wconf 81' lang='grc' dir='ltr'><strong>αὑτὴ,</strong></span> <span class='ocrx_word' id='word_1_142' title='bbox 571 1600 666 1653; x_wconf 81' lang='grc' dir='ltr'><strong>καὶ</strong></span> <span class='ocrx_word' id='word_1_143' title='bbox 696 1597 806 1671; x_wconf 84' lang='grc' dir='ltr'><strong>γάρ</strong></span> <span class='ocrx_word' id='word_1_144' title='bbox 836 1601 918 1665; x_wconf 82' lang='grc' dir='ltr'><strong>εἰς</strong></span> <span class='ocrx_word' id='word_1_145' title='bbox 950 1602 1120 1674; x_wconf 83' lang='grc' dir='ltr'><strong>αὐτὴν</strong></span> <span class='ocrx_word' id='word_1_146' title='bbox 1162 1603 1505 1658; x_wconf 79' lang='grc' dir='ltr'><strong>ἀποτελεῖται</strong></span> <span class='ocrx_word' id='word_1_147' title='bbox 1530 1605 1573 1637; x_wconf 86' lang='grc'><strong>⁸⁷</strong></span> <span class='ocrx_word' id='word_1_148' title='bbox 1608 1623 1671 1660; x_wconf 85' lang='grc' dir='ltr'><strong>κα</strong></span> 
     </span>
    </p>
   </div>
   <div class='ocr_carea' id='block_1_23' title="bbox 1847 1592 3384 1674">
    <p class='ocr_par' dir='ltr' id='par_1_23' title="bbox 1847 1595 3384 1670">
     <span class='ocr_line' id='line_1_23' title="bbox 1847 1595 3384 1670; baseline -0.003 -15"><span class='ocrx_word' id='word_1_149' title='bbox 1847 1602 2051 1664; x_wconf 80' lang='lat' dir='ltr'><strong>ltinnis,</strong></span> <span class='ocrx_word' id='word_1_150' title='bbox 2088 1600 2288 1670; x_wconf 85' lang='lat' dir='ltr'><strong>quippe</strong></span> <span class='ocrx_word' id='word_1_151' title='bbox 2342 1600 2395 1655; x_wconf 93' lang='lat' dir='ltr'><strong>in</strong></span> <span class='ocrx_word' id='word_1_152' title='bbox 2446 1614 2555 1669; x_wconf 92' lang='lat' dir='ltr'><strong>quo</strong></span> <span class='ocrx_word' id='word_1_153' title='bbox 2604 1608 2660 1654; x_wconf 91' lang='lat' dir='ltr'><strong>et</strong></span> <span class='ocrx_word' id='word_1_154' title='bbox 2702 1597 3005 1654; x_wconf 82' lang='lat' dir='ltr'><strong>absolvitur</strong></span> <span class='ocrx_word' id='word_1_155' title='bbox 3047 1606 3102 1651; x_wconf 91' lang='lat' dir='ltr'><strong>et</strong></span> <span class='ocrx_word' id='word_1_156' title='bbox 3132 1595 3384 1666; x_wconf 68' lang='lat' dir='ltr'><strong>espletur</strong></span> 
     </span>
    </p>
   </div>
   <div class='ocr_carea' id='block_1_24' title="bbox 102 1684 1671 1767">
    <p class='ocr_par' dir='ltr' id='par_1_24' title="bbox 102 1684 1671 1767">
     <span class='ocr_line' id='line_1_24' title="bbox 102 1684 1671 1767; baseline 0.01 -31"><span class='ocrx_word' id='word_1_157' title='bbox 102 1684 527 1755; x_wconf 78' lang='grc' dir='ltr'><strong>ἀποπληροῦται</strong></span> <span class='ocrx_word' id='word_1_158' title='bbox 551 1690 698 1743; x_wconf 75' lang='grc' dir='ltr'><strong>πᾶσα</strong></span> <span class='ocrx_word' id='word_1_159' title='bbox 717 1690 820 1761; x_wconf 85' lang='grc' dir='ltr'><strong>τῆς</strong></span> <span class='ocrx_word' id='word_1_160' title='bbox 859 1691 981 1747; x_wconf 85' lang='grc' dir='ltr'><strong>καθ’</strong></span> <span class='ocrx_word' id='word_1_161' title='bbox 1014 1694 1161 1764; x_wconf 77' lang='grc' dir='ltr'><strong>ἡμᾶς</strong></span> <span class='ocrx_word' id='word_1_162' title='bbox 1195 1696 1477 1767; x_wconf 84' lang='grc' dir='ltr'><strong>ἱεραρχίας</strong></span> <span class='ocrx_word' id='word_1_163' title='bbox 1510 1697 1545 1767; x_wconf 81' lang='grc' dir='ltr'><strong>ἡ</strong></span> <span class='ocrx_word' id='word_1_164' title='bbox 1576 1695 1671 1751; x_wconf 60' lang='grc' dir='ltr'><strong>διαι</strong></span> 
     </span>
    </p>
   </div>
   <div class='ocr_carea' id='block_1_25' title="bbox 1847 1684 3384 1767">
    <p class='ocr_par' dir='ltr' id='par_1_25' title="bbox 1847 1685 3384 1749">
     <span class='ocr_line' id='line_1_25' title="bbox 1847 1685 3384 1749; baseline -0.005 0"><span class='ocrx_word' id='word_1_165' title='bbox 1847 1696 1982 1749; x_wconf 87' lang='lat' dir='ltr'><strong>mnis</strong></span> <span class='ocrx_word' id='word_1_166' title='bbox 2024 1692 2351 1749; x_wconf 74' lang='lat' dir='ltr'><strong>hierarcbite</strong></span> <span class='ocrx_word' id='word_1_167' title='bbox 2399 1701 2601 1747; x_wconf 64' lang='lat' dir='ltr'><strong>nostrae</strong></span> <span class='ocrx_word' id='word_1_168' title='bbox 2634 1691 2935 1745; x_wconf 75' lang='lat' dir='ltr'><strong>distinctio.</strong></span> <span class='ocrx_word' id='word_1_169' title='bbox 2968 1685 3038 1744; x_wconf 91' lang='lat' dir='ltr'><strong>Ut</strong></span> <span class='ocrx_word' id='word_1_170' title='bbox 3070 1687 3214 1743; x_wconf 91' lang='lat' dir='ltr'><strong>enim</strong></span> <span class='ocrx_word' id='word_1_171' title='bbox 3266 1687 3384 1743; x_wconf 89' lang='lat' dir='ltr'><strong>hie-</strong></span> 
     </span>
    </p>
   </div>
   <div class='ocr_carea' id='block_1_26' title="bbox 102 1778 1671 1860">
    <p class='ocr_par' dir='ltr' id='par_1_26' title="bbox 102 1778 1671 1860">
     <span class='ocr_line' id='line_1_26' title="bbox 102 1778 1671 1860; baseline 0.008 -31"><span class='ocrx_word' id='word_1_172' title='bbox 102 1778 402 1849; x_wconf 74' lang='grc' dir='ltr'><strong>κόσμησις.</strong></span> <span class='ocrx_word' id='word_1_173' title='bbox 451 1779 537 1845; x_wconf 85' lang='grc' dir='ltr'><strong>Ὦς</strong></span> <span class='ocrx_word' id='word_1_174' title='bbox 569 1780 677 1855; x_wconf 83' lang='grc' dir='ltr'><strong>γάρ</strong></span> <span class='ocrx_word' id='word_1_175' title='bbox 710 1782 931 1839; x_wconf 79' lang='grc' dir='ltr'><strong>ἅπασαν</strong></span> <span class='ocrx_word' id='word_1_176' title='bbox 965 1785 1243 1857; x_wconf 82' lang='grc' dir='ltr'><strong>ίεραρχίαν</strong></span> <span class='ocrx_word' id='word_1_177' title='bbox 1262 1786 1479 1860; x_wconf 82' lang='grc' dir='ltr'><strong>ὁρῶμεν</strong></span> <span class='ocrx_word' id='word_1_178' title='bbox 1500 1790 1581 1852; x_wconf 85' lang='grc' dir='ltr'><strong>εἰς</strong></span> <span class='ocrx_word' id='word_1_179' title='bbox 1603 1789 1671 1843; x_wconf 65' lang='grc' dir='ltr'><strong>τὸ·</strong></span> 
     </span>
    </p>
   </div>
   <div class='ocr_carea' id='block_1_27' title="bbox 1847 1778 3383 1860">
    <p class='ocr_par' dir='ltr' id='par_1_27' title="bbox 1847 1780 3383 1846">
     <span class='ocr_line' id='line_1_27' title="bbox 1847 1780 3383 1846; baseline -0.005 -5"><span class='ocrx_word' id='word_1_180' title='bbox 1847 1786 2073 1842; x_wconf 62' lang='grc' dir='ltr'><strong>ιισειιίιιιη</strong></span> <span class='ocrx_word' id='word_1_181' title='bbox 2124 1800 2342 1839; x_wconf 88' lang='lat' dir='ltr'><strong>omnem</strong></span> <span class='ocrx_word' id='word_1_182' title='bbox 2393 1784 2640 1839; x_wconf 84' lang='lat' dir='ltr'><strong>videmus</strong></span> <span class='ocrx_word' id='word_1_183' title='bbox 2674 1783 2727 1838; x_wconf 92' lang='lat' dir='ltr'><strong>in</strong></span> <span class='ocrx_word' id='word_1_184' title='bbox 2759 1780 2945 1837; x_wconf 82' lang='lat' dir='ltr'><strong>Jesum</strong></span> <span class='ocrx_word' id='word_1_185' title='bbox 2982 1782 3234 1836; x_wconf 80' lang='lat' dir='ltr'><strong>desinere</strong></span> <span class='ocrx_word' id='word_1_186' title='bbox 3257 1820 3273 1846; x_wconf 93' lang='lat'><strong>,</strong></span> <span class='ocrx_word' id='word_1_187' title='bbox 3300 1780 3383 1836; x_wconf 84' lang='lat' dir='ltr'><strong>sic</strong></span> 
     </span>
    </p>
   </div>
   <div class='ocr_carea' id='block_1_28' title="bbox 118 1868 1671 1950">
    <p class='ocr_par' dir='ltr' id='par_1_28' title="bbox 118 1868 1671 1950">
     <span class='ocr_line' id='line_1_28' title="bbox 118 1868 1671 1950; baseline 0.009 -28"><span class='ocrx_word' id='word_1_188' title='bbox 118 1868 331 1939; x_wconf 75' lang='grc' dir='ltr'><strong>Ἰησοῦν</strong></span> <span class='ocrx_word' id='word_1_189' title='bbox 356 1872 897 1948; x_wconf 82' lang='grc' dir='ltr'><strong>άποπεραιουμένην,</strong></span> <span class='ocrx_word' id='word_1_190' title='bbox 924 1877 1098 1944; x_wconf 72' lang='grc' dir='ltr'><strong>οὕτως</strong></span> <span class='ocrx_word' id='word_1_191' title='bbox 1132 1881 1369 1950; x_wconf 73' lang='grc' dir='ltr'><strong>ἑκάστην</strong></span> <span class='ocrx_word' id='word_1_192' title='bbox 1402 1882 1483 1946; x_wconf 83' lang='grc' dir='ltr'><strong>είς</strong></span> <span class='ocrx_word' id='word_1_193' title='bbox 1513 1881 1606 1936; x_wconf 84' lang='grc' dir='ltr'><strong>τὸν</strong></span> <span class='ocrx_word' id='word_1_194' title='bbox 1627 1883 1671 1935; x_wconf 85' lang='lat' dir='ltr'><strong>oi</strong></span> 
     </span>
    </p>
   </div>
   <div class='ocr_carea' id='block_1_29' title="bbox 1847 1868 3381 1950">
    <p class='ocr_par' dir='ltr' id='par_1_29' title="bbox 1847 1873 3381 1950">
     <span class='ocr_line' id='line_1_29' title="bbox 1847 1873 3381 1950; baseline -0.003 -19"><span class='ocrx_word' id='word_1_195' title='bbox 1847 1894 2241 1950; x_wconf 74' lang='lat' dir='ltr'><strong>numquamque</strong></span> <span class='ocrx_word' id='word_1_196' title='bbox 2270 1877 2323 1932; x_wconf 92' lang='lat' dir='ltr'><strong>in</strong></span> <span class='ocrx_word' id='word_1_197' title='bbox 2354 1892 2512 1932; x_wconf 88' lang='lat' dir='ltr'><strong>suum</strong></span> <span class='ocrx_word' id='word_1_198' title='bbox 2554 1878 2796 1930; x_wconf 88' lang='lat' dir='ltr'><strong>divinum</strong></span> <span class='ocrx_word' id='word_1_199' title='bbox 2830 1876 3162 1945; x_wconf 80' lang='lat' dir='ltr'><strong>pontiﬁcem.</strong></span> <span class='ocrx_word' id='word_1_200' title='bbox 3213 1873 3381 1927; x_wconf 84' lang='lat' dir='ltr'><strong>Porro</strong></span> 
     </span>
    </p>
   </div>
   <div class='ocr_carea' id='block_1_30' title="bbox 98 1961 1671 2045">
    <p class='ocr_par' dir='ltr' id='par_1_30' title="bbox 98 1961 1671 2045">
     <span class='ocr_line' id='line_1_30' title="bbox 98 1961 1671 2045; baseline 0.005 -30"><span class='ocrx_word' id='word_1_201' title='bbox 98 1964 253 2015; x_wconf 80' lang='grc' dir='ltr'><strong>κείον</strong></span> <span class='ocrx_word' id='word_1_202' title='bbox 289 1961 469 2017; x_wconf 78' lang='grc' dir='ltr'><strong>ἔνθεον</strong></span> <span class='ocrx_word' id='word_1_203' title='bbox 494 1965 775 2038; x_wconf 82' lang='grc' dir='ltr'><strong>ίεράρχην.</strong></span> <span class='ocrx_word' id='word_1_204' title='bbox 825 1969 889 2023; x_wconf 81' lang='grc' dir='ltr'><em>Ἡ</em></span> <span class='ocrx_word' id='word_1_205' title='bbox 919 1969 975 2024; x_wconf 79' lang='grc' dir='ltr'><strong>δὲ</strong></span> <span class='ocrx_word' id='word_1_206' title='bbox 1005 1971 1105 2043; x_wconf 86' lang='grc' dir='ltr'><strong>τῆς</strong></span> <span class='ocrx_word' id='word_1_207' title='bbox 1142 1974 1460 2045; x_wconf 82' lang='grc' dir='ltr'><strong>ίεραρχικῆς</strong></span> <span class='ocrx_word' id='word_1_208' title='bbox 1489 1973 1671 2040; x_wconf 78' lang='grc' dir='ltr'><strong>τάξεω</strong></span> 
     </span>
    </p>
   </div>
   <div class='ocr_carea' id='block_1_31' title="bbox 1847 1961 3382 2045">
    <p class='ocr_par' dir='ltr' id='par_1_31' title="bbox 1858 1967 3382 2026">
     <span class='ocr_line' id='line_1_31' title="bbox 1858 1967 3382 2026; baseline -0.004 -1"><span class='ocrx_word' id='word_1_209' title='bbox 1858 1982 1973 2026; x_wconf 86' lang='lat' dir='ltr'><strong>rtus</strong></span> <span class='ocrx_word' id='word_1_210' title='bbox 2003 1971 2213 2025; x_wconf 86' lang='lat' dir='ltr'><strong>ordinis</strong></span> <span class='ocrx_word' id='word_1_211' title='bbox 2244 1969 2572 2026; x_wconf 88' lang='lat' dir='ltr'><strong>hierarchici</strong></span> <span class='ocrx_word' id='word_1_212' title='bbox 2609 1969 2660 2023; x_wconf 92' lang='lat' dir='ltr'><strong>in</strong></span> <span class='ocrx_word' id='word_1_213' title='bbox 2693 1974 2864 2023; x_wconf 89' lang='lat' dir='ltr'><strong>sacris</strong></span> <span class='ocrx_word' id='word_1_214' title='bbox 2904 1968 3158 2022; x_wconf 90' lang='lat' dir='ltr'><strong>omnibus</strong></span> <span class='ocrx_word' id='word_1_215' title='bbox 3189 1967 3382 2021; x_wconf 87' lang='lat' dir='ltr'><strong>distin-</strong></span> 
     </span>
    </p>
   </div>
   <div class='ocr_carea' id='block_1_32' title="bbox 96 2054 1696 2139">
    <p class='ocr_par' dir='ltr' id='par_1_32' title="bbox 96 2054 1696 2139">
     <span class='ocr_line' id='line_1_32' title="bbox 96 2054 1696 2139; baseline 0.013 -33"><span class='ocrx_word' id='word_1_216' title='bbox 96 2054 336 2125; x_wconf 86' lang='grc' dir='ltr'><strong>δύναμις</strong></span> <span class='ocrx_word' id='word_1_217' title='bbox 388 2057 448 2111; x_wconf 76' lang='grc' dir='ltr'><strong>ὲν</strong></span> <span class='ocrx_word' id='word_1_218' title='bbox 484 2059 687 2125; x_wconf 83' lang='grc' dir='ltr'><strong>πάσαις</strong></span> <span class='ocrx_word' id='word_1_219' title='bbox 728 2066 901 2134; x_wconf 78' lang='grc' dir='ltr'><strong>χωρεῖ</strong></span> <span class='ocrx_word' id='word_1_220' title='bbox 930 2066 1048 2130; x_wconf 80' lang='grc' dir='ltr'><strong>ταῖς</strong></span> <span class='ocrx_word' id='word_1_221' title='bbox 1096 2067 1269 2139; x_wconf 79' lang='grc' dir='ltr'><strong>ἱεραῖς</strong></span> <span class='ocrx_word' id='word_1_222' title='bbox 1313 2068 1551 2139; x_wconf 81' lang='grc' dir='ltr'><strong>ὀλότησι,</strong></span> <span class='ocrx_word' id='word_1_223' title='bbox 1602 2072 1696 2127; x_wconf 78' lang='grc' dir='ltr'><strong>καὶ</strong></span> 
     </span>
    </p>
   </div>
   <div class='ocr_carea' id='block_1_33' title="bbox 94 2144 1697 2232">
    <p class='ocr_par' dir='ltr' id='par_1_33' title="bbox 94 2144 1697 2232">
     <span class='ocr_line' id='line_1_33' title="bbox 94 2144 1697 2232; baseline 0.013 -34"><span class='ocrx_word' id='word_1_224' title='bbox 94 2144 193 2198; x_wconf 73' lang='grc' dir='ltr'><strong>διὰ</strong></span> <span class='ocrx_word' id='word_1_225' title='bbox 217 2146 406 2201; x_wconf 81' lang='grc' dir='ltr'><strong>πασῶν</strong></span> <span class='ocrx_word' id='word_1_226' title='bbox 437 2148 547 2203; x_wconf 90' lang='grc' dir='ltr'><strong>τῶν</strong></span> <span class='ocrx_word' id='word_1_227' title='bbox 580 2151 743 2222; x_wconf 85' lang='grc' dir='ltr'><strong>ἱερῶν</strong></span> <span class='ocrx_word' id='word_1_228' title='bbox 773 2153 981 2220; x_wconf 79' lang='grc' dir='ltr'><strong>τάξεων</strong></span> <span class='ocrx_word' id='word_1_229' title='bbox 1012 2157 1224 2229; x_wconf 81' lang='grc' dir='ltr'><strong>ἐνεργεί</strong></span> <span class='ocrx_word' id='word_1_230' title='bbox 1256 2158 1326 2213; x_wconf 81' lang='grc' dir='ltr'><strong>τὰ</strong></span> <span class='ocrx_word' id='word_1_231' title='bbox 1356 2160 1456 2232; x_wconf 83' lang='grc' dir='ltr'><strong>τῆς</strong></span> <span class='ocrx_word' id='word_1_232' title='bbox 1488 2163 1697 2230; x_wconf 79' lang='grc' dir='ltr'><strong>οἰκείας</strong></span> 
     </span>
    </p>
   </div>
   <div class='ocr_carea' id='block_1_34' title="bbox 99 2240 1695 2326">
    <p class='ocr_par' dir='ltr' id='par_1_34' title="bbox 99 2240 1695 2326">
     <span class='ocr_line' id='line_1_34' title="bbox 99 2240 1695 2326; baseline 0.012 -35"><span class='ocrx_word' id='word_1_233' title='bbox 99 2240 395 2313; x_wconf 83' lang='grc' dir='ltr'><strong>ίεραρχίας</strong></span> <span class='ocrx_word' id='word_1_234' title='bbox 442 2246 746 2316; x_wconf 82' lang='grc' dir='ltr'><strong>μυστήρια·</strong></span> <span class='ocrx_word' id='word_1_235' title='bbox 800 2247 1070 2319; x_wconf 83' lang='grc' dir='ltr'><strong>ὲκκρίτως</strong></span> <span class='ocrx_word' id='word_1_236' title='bbox 1118 2250 1176 2305; x_wconf 76' lang='grc' dir='ltr'><strong>δὲ</strong></span> <span class='ocrx_word' id='word_1_237' title='bbox 1222 2251 1361 2325; x_wconf 78' lang='grc' dir='ltr'><strong>αὐτῇ</strong></span> <span class='ocrx_word' id='word_1_238' title='bbox 1412 2254 1565 2326; x_wconf 79' lang='grc' dir='ltr'><strong>παρὰ</strong></span> <span class='ocrx_word' id='word_1_239' title='bbox 1595 2256 1695 2323; x_wconf 83' lang='grc' dir='ltr'><strong>τὰς</strong></span> 
     </span>
    </p>
   </div>
   <div class='ocr_carea' id='block_1_35' title="bbox 94 2328 1694 2416">
    <p class='ocr_par' dir='ltr' id='par_1_35' title="bbox 94 2328 1694 2416">
     <span class='ocr_line' id='line_1_35' title="bbox 94 2328 1694 2416; baseline 0.011 -34"><span class='ocrx_word' id='word_1_240' title='bbox 94 2328 300 2395; x_wconf 79' lang='grc' dir='ltr'><strong>λοιπὰς</strong></span> <span class='ocrx_word' id='word_1_241' title='bbox 324 2332 509 2400; x_wconf 78' lang='grc' dir='ltr'><strong>τάξεις</strong></span> <span class='ocrx_word' id='word_1_242' title='bbox 540 2336 620 2400; x_wconf 85' lang='grc' dir='ltr'><strong>εἰς</strong></span> <span class='ocrx_word' id='word_1_243' title='bbox 653 2336 984 2408; x_wconf 82' lang='grc' dir='ltr'><strong>αὐτουργίαν</strong></span> <span class='ocrx_word' id='word_1_244' title='bbox 1016 2342 1045 2393; x_wconf 83' lang='grc' dir='ltr'>ὁ</span> <span class='ocrx_word' id='word_1_245' title='bbox 1078 2339 1221 2406; x_wconf 80' lang='grc' dir='ltr'><strong>θεῖος</strong></span> <span class='ocrx_word' id='word_1_246' title='bbox 1263 2342 1464 2416; x_wconf 78' lang='grc' dir='ltr'><strong>θεσμὸς</strong></span> <span class='ocrx_word' id='word_1_247' title='bbox 1498 2347 1694 2400; x_wconf 83' lang='grc' dir='ltr'><strong>ἀπονε-</strong></span> 
     </span>
    </p>
   </div>
   <div class='ocr_carea' id='block_1_36' title="bbox 94 2422 1692 2504">
    <p class='ocr_par' dir='ltr' id='par_1_36' title="bbox 94 2422 1692 2504">
     <span class='ocr_line' id='line_1_36' title="bbox 94 2422 1692 2504; baseline 0.009 -25"><span class='ocrx_word' id='word_1_248' title='bbox 94 2422 311 2494; x_wconf 76' lang='grc' dir='ltr'><strong>νέμηκε</strong></span> <span class='ocrx_word' id='word_1_249' title='bbox 344 2425 442 2490; x_wconf 74' lang='grc' dir='ltr'><strong>τὰς</strong></span> <span class='ocrx_word' id='word_1_250' title='bbox 475 2427 750 2499; x_wconf 82' lang='grc' dir='ltr'><strong>θειοτέρας</strong></span> <span class='ocrx_word' id='word_1_251' title='bbox 801 2431 1144 2504; x_wconf 80' lang='grc' dir='ltr'><strong>ἱερουργίας·</strong></span> <span class='ocrx_word' id='word_1_252' title='bbox 1178 2431 1336 2491; x_wconf 74' lang='grc' dir='ltr'><strong>αὗται</strong></span> <span class='ocrx_word' id='word_1_253' title='bbox 1381 2438 1438 2490; x_wconf 77' lang='grc' dir='ltr'><strong>δέ</strong></span> <span class='ocrx_word' id='word_1_254' title='bbox 1474 2439 1609 2491; x_wconf 77' lang='grc' dir='ltr'><strong>εἰσιν</strong></span> <span class='ocrx_word' id='word_1_255' title='bbox 1638 2442 1692 2494; x_wconf 80' lang='grc' dir='ltr'><strong>αἱ</strong></span> 
     </span>
    </p>
   </div>
   <div class='ocr_carea' id='block_1_37' title="bbox 92 2511 1696 2595">
    <p class='ocr_par' dir='ltr' id='par_1_37' title="bbox 92 2511 1696 2595">
     <span class='ocr_line' id='line_1_37' title="bbox 92 2511 1696 2595; baseline 0.011 -32"><span class='ocrx_word' id='word_1_256' title='bbox 92 2511 472 2587; x_wconf 76' lang='grc' dir='ltr'><strong>τελεσιουργοὶ</strong></span> <span class='ocrx_word' id='word_1_257' title='bbox 504 2518 603 2589; x_wconf 78' lang='grc' dir='ltr'><strong>τῆς</strong></span> <span class='ocrx_word' id='word_1_258' title='bbox 637 2518 933 2592; x_wconf 82' lang='grc' dir='ltr'><strong>θεαρχικῆς</strong></span> <span class='ocrx_word' id='word_1_259' title='bbox 974 2521 1255 2595; x_wconf 86' lang='grc' dir='ltr'><strong>δυνάμεως</strong></span> <span class='ocrx_word' id='word_1_260' title='bbox 1284 2526 1514 2590; x_wconf 77' lang='grc' dir='ltr'><strong>εἰκόνες,</strong></span> <span class='ocrx_word' id='word_1_261' title='bbox 1559 2528 1696 2580; x_wconf 81' lang='grc' dir='ltr'><strong>ἀπο-</strong></span> 
     </span>
    </p>
   </div>
   <div class='ocr_carea' id='block_1_38' title="bbox 91 2603 1693 2687">
    <p class='ocr_par' dir='ltr' id='par_1_38' title="bbox 91 2603 1693 2687">
     <span class='ocr_line' id='line_1_38' title="bbox 91 2603 1693 2687; baseline 0.009 -29"><span class='ocrx_word' id='word_1_262' title='bbox 91 2603 352 2659; x_wconf 79' lang='grc' dir='ltr'><strong>τελοῦσαι</strong></span> <span class='ocrx_word' id='word_1_263' title='bbox 388 2608 434 2640; x_wconf 76' lang='grc'><strong>⁸⁸</strong></span> <span class='ocrx_word' id='word_1_264' title='bbox 468 2610 647 2664; x_wconf 85' lang='grc' dir='ltr'><strong>πάντα</strong></span> <span class='ocrx_word' id='word_1_265' title='bbox 682 2610 752 2664; x_wconf 74' lang='grc' dir='ltr'><strong>τὰ</strong></span> <span class='ocrx_word' id='word_1_266' title='bbox 785 2611 1039 2668; x_wconf 87' lang='grc' dir='ltr'><strong>θειότατα</strong></span> <span class='ocrx_word' id='word_1_267' title='bbox 1088 2614 1330 2687; x_wconf 89' lang='grc' dir='ltr'><strong>σύμϐολα</strong></span> <span class='ocrx_word' id='word_1_268' title='bbox 1364 2618 1460 2671; x_wconf 80' lang='grc' dir='ltr'><strong>καὶ</strong></span> <span class='ocrx_word' id='word_1_269' title='bbox 1511 2617 1693 2683; x_wconf 80' lang='grc' dir='ltr'><strong>πάσας</strong></span> 
     </span>
    </p>
   </div>
   <div class='ocr_carea' id='block_1_39' title="bbox 89 2695 1694 2780">
    <p class='ocr_par' dir='ltr' id='par_1_39' title="bbox 89 2695 1694 2780">
     <span class='ocr_line' id='line_1_39' title="bbox 89 2695 1694 2780; baseline 0.009 -30"><span class='ocrx_word' id='word_1_270' title='bbox 89 2695 200 2760; x_wconf 68' lang='grc' dir='ltr'><strong>τὰς</strong></span> <span class='ocrx_word' id='word_1_271' title='bbox 247 2698 403 2768; x_wconf 83' lang='grc' dir='ltr'><strong>ἱεράς</strong></span> <span class='ocrx_word' id='word_1_272' title='bbox 447 2700 856 2774; x_wconf 82' lang='grc' dir='ltr'><strong>διακοσμήσεις.</strong></span> <span class='ocrx_word' id='word_1_273' title='bbox 908 2706 972 2758; x_wconf 80' lang='lat' dir='ltr'><strong>Ei</strong></span> <span class='ocrx_word' id='word_1_274' title='bbox 1017 2706 1127 2779; x_wconf 78' lang='grc' dir='ltr'><strong>γὰρ</strong></span> <span class='ocrx_word' id='word_1_275' title='bbox 1161 2708 1427 2780; x_wconf 78' lang='grc' dir='ltr'><strong>καὶπρὸς</strong></span> <span class='ocrx_word' id='word_1_276' title='bbox 1472 2709 1581 2763; x_wconf 82' lang='grc' dir='ltr'><strong>τῶν</strong></span> <span class='ocrx_word' id='word_1_277' title='bbox 1618 2712 1694 2763; x_wconf 81' lang='lat' dir='ltr'><strong>ls-</strong></span> 
     </span>
    </p>
   </div>
   <div class='ocr_carea' id='block_1_40' title="bbox 93 2784 1688 2870">
    <p class='ocr_par' dir='ltr' id='par_1_40' title="bbox 93 2784 1688 2870">
     <span class='ocr_line' id='line_1_40' title="bbox 93 2784 1688 2870; baseline 0.009 -31"><span class='ocrx_word' id='word_1_278' title='bbox 93 2784 242 2855; x_wconf 77' lang='grc' dir='ltr'><strong>ρέων</strong></span> <span class='ocrx_word' id='word_1_279' title='bbox 305 2788 585 2844; x_wconf 84' lang='grc' dir='ltr'><strong>τελοῦνταί</strong></span> <span class='ocrx_word' id='word_1_280' title='bbox 642 2809 764 2846; x_wconf 91' lang='grc' dir='ltr'><strong>τινα</strong></span> <span class='ocrx_word' id='word_1_281' title='bbox 818 2793 929 2848; x_wconf 90' lang='grc' dir='ltr'><strong>τῶν</strong></span> <span class='ocrx_word' id='word_1_282' title='bbox 997 2796 1307 2868; x_wconf 88' lang='grc' dir='ltr'><strong>σεϐασμίων</strong></span> <span class='ocrx_word' id='word_1_283' title='bbox 1372 2799 1688 2870; x_wconf 80' lang='grc' dir='ltr'><strong>συμϐόλων,</strong></span> 
     </span>
    </p>
   </div>
   <div class='ocr_carea' id='block_1_41' title="bbox 90 2873 1690 2962">
    <p class='ocr_par' dir='ltr' id='par_1_41' title="bbox 90 2873 1690 2962">
     <span class='ocr_line' id='line_1_41' title="bbox 90 2873 1690 2962; baseline 0.011 -35"><span class='ocrx_word' id='word_1_284' title='bbox 90 2873 215 2927; x_wconf 80' lang='grc' dir='ltr'><strong>ἀλλ’</strong></span> <span class='ocrx_word' id='word_1_285' title='bbox 245 2874 308 2929; x_wconf 76' lang='grc' dir='ltr'><strong>οὔ</strong></span> <span class='ocrx_word' id='word_1_286' title='bbox 360 2896 489 2932; x_wconf 84' lang='grc' dir='ltr'><strong>ποτε</strong></span> <span class='ocrx_word' id='word_1_287' title='bbox 521 2882 621 2954; x_wconf 83' lang='grc' dir='ltr'><strong>τὴν</strong></span> <span class='ocrx_word' id='word_1_288' title='bbox 674 2883 825 2955; x_wconf 76' lang='grc' dir='ltr'><strong>ἱεράν</strong></span> <span class='ocrx_word' id='word_1_289' title='bbox 870 2884 1209 2955; x_wconf 87' lang='grc' dir='ltr'><strong>θεογενεσίαν</strong></span> <span class='ocrx_word' id='word_1_290' title='bbox 1240 2891 1269 2944; x_wconf 82' lang='grc' dir='ltr'>ὁ</span> <span class='ocrx_word' id='word_1_291' title='bbox 1318 2889 1497 2962; x_wconf 72' lang='grc' dir='ltr'><strong>ἱερεὺς</strong></span> <span class='ocrx_word' id='word_1_292' title='bbox 1538 2892 1690 2962; x_wconf 68' lang='grc' dir='ltr'><strong>ὲνερς</strong></span> 
     </span>
    </p>
   </div>
   <div class='ocr_carea' id='block_1_42' title="bbox 92 2968 1689 3055">
    <p class='ocr_par' dir='ltr' id='par_1_42' title="bbox 92 2968 1689 3055">
     <span class='ocr_line' id='line_1_42' title="bbox 92 2968 1689 3055; baseline 0.021 -38"><span class='ocrx_word' id='word_1_293' title='bbox 92 2968 260 3038; x_wconf 84' lang='grc' dir='ltr'><strong>γήσει</strong></span> <span class='ocrx_word' id='word_1_294' title='bbox 326 2969 420 3023; x_wconf 82' lang='grc' dir='ltr'><strong>τοῦ</strong></span> <span class='ocrx_word' id='word_1_295' title='bbox 480 2972 759 3029; x_wconf 82' lang='grc' dir='ltr'><strong>θειοτάτου</strong></span> <span class='ocrx_word' id='word_1_296' title='bbox 818 2976 993 3053; x_wconf 80' lang='grc' dir='ltr'><strong>μύρου</strong></span> <span class='ocrx_word' id='word_1_297' title='bbox 1045 2980 1246 3052; x_wconf 78' lang='grc' dir='ltr'><strong>χωρὶς,</strong></span> <span class='ocrx_word' id='word_1_298' title='bbox 1284 2982 1407 3036; x_wconf 72' lang='grc' dir='ltr'><strong>οὐδὲ</strong></span> <span class='ocrx_word' id='word_1_299' title='bbox 1465 2982 1535 3039; x_wconf 77' lang='grc' dir='ltr'><strong>τὰ</strong></span> <span class='ocrx_word' id='word_1_300' title='bbox 1588 2985 1689 3055; x_wconf 81' lang='grc' dir='ltr'><strong>τῆς</strong></span> 
     </span>
    </p>
   </div>
   <div class='ocr_carea' id='block_1_43' title="bbox 1798 2059 3379 2131">
    <p class='ocr_par' dir='ltr' id='par_1_43' title="bbox 1798 2059 3379 2131">
     <span class='ocr_line' id='line_1_43' title="bbox 1798 2059 3379 2131; baseline -0.001 -16"><span class='ocrx_word' id='word_1_301' title='bbox 1798 2062 2080 2118; x_wconf 83' lang='lat' dir='ltr'><strong>ctionibus</strong></span> <span class='ocrx_word' id='word_1_302' title='bbox 2136 2061 2387 2131; x_wconf 86' lang='lat' dir='ltr'><strong>capitur,</strong></span> <span class='ocrx_word' id='word_1_303' title='bbox 2432 2074 2487 2115; x_wconf 90' lang='lat' dir='ltr'><strong>et</strong></span> <span class='ocrx_word' id='word_1_304' title='bbox 2536 2076 2635 2131; x_wconf 69' lang='lat' dir='ltr'><strong>per</strong></span> <span class='ocrx_word' id='word_1_305' title='bbox 2682 2075 2873 2115; x_wconf 75' lang='grc' dir='ltr'><strong>υιιιιιεει</strong></span> <span class='ocrx_word' id='word_1_306' title='bbox 2918 2074 3105 2114; x_wconf 82' lang='lat' dir='ltr'><strong>sacros</strong></span> <span class='ocrx_word' id='word_1_307' title='bbox 3157 2059 3379 2112; x_wconf 77' lang='lat' dir='ltr'><strong>ordines</strong></span> 
     </span>
    </p>
   </div>
   <div class='ocr_carea' id='block_1_44' title="bbox 1801 2148 3379 2222">
    <p class='ocr_par' dir='ltr' id='par_1_44' title="bbox 1801 2148 3379 2222">
     <span class='ocr_line' id='line_1_44' title="bbox 1801 2148 3379 2222; baseline -0.004 -16"><span class='ocrx_word' id='word_1_308' title='bbox 1801 2151 2128 2207; x_wconf 73' lang='lat' dir='ltr'><strong>hierarchia:</strong></span> <span class='ocrx_word' id='word_1_309' title='bbox 2163 2168 2284 2221; x_wconf 75' lang='lat' dir='ltr'><strong>qua:</strong></span> <span class='ocrx_word' id='word_1_310' title='bbox 2313 2151 2414 2220; x_wconf 86' lang='lat' dir='ltr'><strong>ipsi</strong></span> <span class='ocrx_word' id='word_1_311' title='bbox 2444 2149 2660 2222; x_wconf 88' lang='lat' dir='ltr'><strong>propria</strong></span> <span class='ocrx_word' id='word_1_312' title='bbox 2695 2161 2779 2206; x_wconf 90' lang='lat' dir='ltr'><strong>est</strong></span> <span class='ocrx_word' id='word_1_313' title='bbox 2822 2150 3082 2222; x_wconf 76' lang='lat' dir='ltr'><strong>mySIeria</strong></span> <span class='ocrx_word' id='word_1_314' title='bbox 3120 2148 3379 2220; x_wconf 80' lang='lat' dir='ltr'><strong>perﬁcit;</strong></span> 
     </span>
    </p>
   </div>
   <div class='ocr_carea' id='block_1_45' title="bbox 1797 2241 3375 2314">
    <p class='ocr_par' dir='ltr' id='par_1_45' title="bbox 1797 2241 3375 2314">
     <span class='ocr_line' id='line_1_45' title="bbox 1797 2241 3375 2314; baseline -0.002 -16"><span class='ocrx_word' id='word_1_315' title='bbox 1797 2259 1984 2298; x_wconf 90' lang='lat' dir='ltr'><strong>verum</strong></span> <span class='ocrx_word' id='word_1_316' title='bbox 2038 2244 2165 2299; x_wconf 84' lang='lat' dir='ltr'><strong>huic</strong></span> <span class='ocrx_word' id='word_1_317' title='bbox 2196 2244 2531 2299; x_wconf 82' lang='lat' dir='ltr'><strong>excellenter</strong></span> <span class='ocrx_word' id='word_1_318' title='bbox 2564 2258 2675 2314; x_wconf 78' lang='lat' dir='ltr'><strong>pra:</strong></span> <span class='ocrx_word' id='word_1_319' title='bbox 2724 2242 2937 2298; x_wconf 66' lang='lat' dir='ltr'><strong>caeteris</strong></span> <span class='ocrx_word' id='word_1_320' title='bbox 2990 2242 3276 2296; x_wconf 86' lang='lat' dir='ltr'><strong>ordinibus</strong></span> <span class='ocrx_word' id='word_1_321' title='bbox 3319 2241 3375 2295; x_wconf 89' lang='lat' dir='ltr'><strong>in</strong></span> 
     </span>
    </p>
   </div>
   <div class='ocr_carea' id='block_1_46' title="bbox 1795 2333 3378 2393">
    <p class='ocr_par' dir='ltr' id='par_1_46' title="bbox 1795 2333 3378 2393">
     <span class='ocr_line' id='line_1_46' title="bbox 1795 2333 3378 2393; baseline -0.004 -2"><span class='ocrx_word' id='word_1_322' title='bbox 1795 2337 1879 2392; x_wconf 87' lang='lat' dir='ltr'><strong>sui</strong></span> <span class='ocrx_word' id='word_1_323' title='bbox 1912 2337 2277 2393; x_wconf 89' lang='lat' dir='ltr'><strong>ministerium</strong></span> <span class='ocrx_word' id='word_1_324' title='bbox 2312 2336 2497 2391; x_wconf 82' lang='lat' dir='ltr'><strong>divina</strong></span> <span class='ocrx_word' id='word_1_325' title='bbox 2531 2334 2617 2389; x_wconf 81' lang='lat' dir='ltr'><strong>lex</strong></span> <span class='ocrx_word' id='word_1_326' title='bbox 2663 2334 2837 2390; x_wconf 86' lang='lat' dir='ltr'><strong>otiicia</strong></span> <span class='ocrx_word' id='word_1_327' title='bbox 2870 2334 3136 2389; x_wconf 83' lang='lat' dir='ltr'><strong>diviniora</strong></span> <span class='ocrx_word' id='word_1_328' title='bbox 3185 2333 3378 2387; x_wconf 87' lang='lat' dir='ltr'><strong>distri-</strong></span> 
     </span>
    </p>
   </div>
   <div class='ocr_carea' id='block_1_47' title="bbox 1794 2426 3378 2498">
    <p class='ocr_par' dir='ltr' id='par_1_47' title="bbox 1794 2426 3378 2498">
     <span class='ocr_line' id='line_1_47' title="bbox 1794 2426 3378 2498; baseline -0.004 -15"><span class='ocrx_word' id='word_1_329' title='bbox 1794 2428 1935 2494; x_wconf 86' lang='lat' dir='ltr'><strong>buit,</strong></span> <span class='ocrx_word' id='word_1_330' title='bbox 1961 2444 2081 2498; x_wconf 58' lang='lat' dir='ltr'><strong>qua</strong></span> <span class='ocrx_word' id='word_1_331' title='bbox 2114 2429 2371 2484; x_wconf 88' lang='lat' dir='ltr'><strong>nimirum</strong></span> <span class='ocrx_word' id='word_1_332' title='bbox 2400 2438 2528 2484; x_wconf 87' lang='lat' dir='ltr'><strong>sunt</strong></span> <span class='ocrx_word' id='word_1_333' title='bbox 2578 2429 2845 2497; x_wconf 79' lang='lat' dir='ltr'><strong>imagines</strong></span> <span class='ocrx_word' id='word_1_334' title='bbox 2883 2427 3168 2496; x_wconf 62' lang='lat' dir='ltr'><strong>praecipuae</strong></span> <span class='ocrx_word' id='word_1_335' title='bbox 3213 2426 3378 2493; x_wconf 81' lang='lat' dir='ltr'><strong>perli-</strong></span> 
     </span>
    </p>
   </div>
   <div class='ocr_carea' id='block_1_48' title="bbox 1794 2518 3378 2592">
    <p class='ocr_par' dir='ltr' id='par_1_48' title="bbox 1794 2518 3378 2592">
     <span class='ocr_line' id='line_1_48' title="bbox 1794 2518 3378 2592; baseline -0.004 -16"><span class='ocrx_word' id='word_1_336' title='bbox 1794 2522 1988 2576; x_wconf 92' lang='lat' dir='ltr'><strong>cientis</strong></span> <span class='ocrx_word' id='word_1_337' title='bbox 2033 2520 2257 2575; x_wconf 86' lang='lat' dir='ltr'><strong>virtutis</strong></span> <span class='ocrx_word' id='word_1_338' title='bbox 2309 2522 2402 2577; x_wconf 91' lang='lat' dir='ltr'><strong>Dei</strong></span> <span class='ocrx_word' id='word_1_339' title='bbox 2431 2560 2445 2585; x_wconf 87' lang='lat'><strong>,</strong></span> <span class='ocrx_word' id='word_1_340' title='bbox 2491 2520 2691 2592; x_wconf 85' lang='lat' dir='ltr'><strong>quibus</strong></span> <span class='ocrx_word' id='word_1_341' title='bbox 2745 2518 3085 2574; x_wconf 85' lang='lat' dir='ltr'><strong>divinissima</strong></span> <span class='ocrx_word' id='word_1_342' title='bbox 3146 2529 3378 2585; x_wconf 65' lang='lat' dir='ltr'><strong>quaeque</strong></span> 
     </span>
    </p>
   </div>
   <div class='ocr_carea' id='block_1_49' title="bbox 1792 2612 3375 2687">
    <p class='ocr_par' dir='ltr' id='par_1_49' title="bbox 1792 2612 3375 2687">
     <span class='ocr_line' id='line_1_49' title="bbox 1792 2612 3375 2687; baseline -0.008 -18"><span class='ocrx_word' id='word_1_343' title='bbox 1792 2612 2035 2687; x_wconf 85' lang='lat' dir='ltr'><strong>symbola</strong></span> <span class='ocrx_word' id='word_1_344' title='bbox 2059 2627 2338 2683; x_wconf 57' lang='lat' dir='ltr'><strong>sacraque</strong></span> <span class='ocrx_word' id='word_1_345' title='bbox 2361 2613 2742 2668; x_wconf 81' lang='lat' dir='ltr'><strong>distinctiones</strong></span> <span class='ocrx_word' id='word_1_346' title='bbox 2768 2626 2959 2666; x_wconf 90' lang='lat' dir='ltr'><strong>omnes</strong></span> <span class='ocrx_word' id='word_1_347' title='bbox 2986 2622 3375 2663; x_wconf 85' lang='lat' dir='ltr'><strong>consumman-</strong></span> 
     </span>
    </p>
   </div>
   <div class='ocr_carea' id='block_1_50' title="bbox 1794 2696 3376 2766">
    <p class='ocr_par' dir='ltr' id='par_1_50' title="bbox 1794 2696 3376 2766">
     <span class='ocr_line' id='line_1_50' title="bbox 1794 2696 3376 2766; baseline -0.006 -7"><span class='ocrx_word' id='word_1_348' title='bbox 1794 2715 1902 2759; x_wconf 88' lang='lat' dir='ltr'><strong>tnr.</strong></span> <span class='ocrx_word' id='word_1_349' title='bbox 1943 2703 2095 2759; x_wconf 76' lang='lat' dir='ltr'><strong>Licet</strong></span> <span class='ocrx_word' id='word_1_350' title='bbox 2126 2705 2275 2758; x_wconf 92' lang='lat' dir='ltr'><strong>enim</strong></span> <span class='ocrx_word' id='word_1_351' title='bbox 2310 2719 2338 2757; x_wconf 89' lang='lat' dir='ltr'><strong>a</strong></span> <span class='ocrx_word' id='word_1_352' title='bbox 2374 2703 2757 2758; x_wconf 78' lang='lat' dir='ltr'><strong>sacerdotibus</strong></span> <span class='ocrx_word' id='word_1_353' title='bbox 2784 2701 3090 2757; x_wconf 85' lang='lat' dir='ltr'><strong>veneranda</strong></span> <span class='ocrx_word' id='word_1_354' title='bbox 3123 2696 3376 2766; x_wconf 76' lang='lat' dir='ltr'><strong>qnzndam</strong></span> 
     </span>
    </p>
   </div>
   <div class='ocr_carea' id='block_1_51' title="bbox 1792 2790 3374 2863">
    <p class='ocr_par' dir='ltr' id='par_1_51' title="bbox 1792 2790 3374 2863">
     <span class='ocr_line' id='line_1_51' title="bbox 1792 2790 3374 2863; baseline -0.006 -13"><span class='ocrx_word' id='word_1_355' title='bbox 1792 2807 2134 2851; x_wconf 84' lang='lat' dir='ltr'><strong>sacramenta</strong></span> <span class='ocrx_word' id='word_1_356' title='bbox 2166 2795 2550 2857; x_wconf 86' lang='lat' dir='ltr'><strong>conliciantnr,</strong></span> <span class='ocrx_word' id='word_1_357' title='bbox 2587 2808 2865 2863; x_wconf 84' lang='lat' dir='ltr'><strong>nunquam</strong></span> <span class='ocrx_word' id='word_1_358' title='bbox 2901 2800 3081 2845; x_wconf 85' lang='lat' dir='ltr'><strong>tamen</strong></span> <span class='ocrx_word' id='word_1_359' title='bbox 3114 2790 3374 2843; x_wconf 81' lang='lat' dir='ltr'><strong>sacerdos</strong></span> 
     </span>
    </p>
   </div>
   <div class='ocr_carea' id='block_1_52' title="bbox 1791 2878 3375 2959">
    <p class='ocr_par' dir='ltr' id='par_1_52' title="bbox 1791 2878 3375 2959">
     <span class='ocr_line' id='line_1_52' title="bbox 1791 2878 3375 2959; baseline -0.005 -16"><span class='ocrx_word' id='word_1_360' title='bbox 1791 2888 2032 2943; x_wconf 83' lang='lat' dir='ltr'><strong>divinam</strong></span> <span class='ocrx_word' id='word_1_361' title='bbox 2065 2887 2213 2942; x_wconf 86' lang='lat' dir='ltr'><strong>illam</strong></span> <span class='ocrx_word' id='word_1_362' title='bbox 2250 2886 2730 2959; x_wconf 75' lang='lat' dir='ltr'><strong>regenerationem</strong></span> <span class='ocrx_word' id='word_1_363' title='bbox 2762 2887 2885 2940; x_wconf 85' lang='lat' dir='ltr'><strong>sine</strong></span> <span class='ocrx_word' id='word_1_364' title='bbox 2914 2881 3255 2938; x_wconf 77' lang='lat' dir='ltr'><strong>diviniSsimo</strong></span> <span class='ocrx_word' id='word_1_365' title='bbox 3283 2878 3375 2935; x_wconf 90' lang='lat' dir='ltr'><strong>illo</strong></span> 
     </span>
    </p>
   </div>
   <div class='ocr_carea' id='block_1_53' title="bbox 1792 2973 3375 3052">
    <p class='ocr_par' dir='ltr' id='par_1_53' title="bbox 1792 2973 3375 3052">
     <span class='ocr_line' id='line_1_53' title="bbox 1792 2973 3375 3052; baseline -0.005 -18"><span class='ocrx_word' id='word_1_366' title='bbox 1792 2991 2071 3052; x_wconf 87' lang='lat' dir='ltr'><strong>unguento</strong></span> <span class='ocrx_word' id='word_1_367' title='bbox 2108 2980 2531 3042; x_wconf 86' lang='lat' dir='ltr'><strong>consummabit,</strong></span> <span class='ocrx_word' id='word_1_368' title='bbox 2563 2992 2742 3047; x_wconf 87' lang='lat' dir='ltr'><strong>neque</strong></span> <span class='ocrx_word' id='word_1_369' title='bbox 2789 2977 2989 3032; x_wconf 65' lang='lat' dir='ltr'><strong>divinae</strong></span> <span class='ocrx_word' id='word_1_370' title='bbox 3027 2973 3375 3031; x_wconf 86' lang='lat' dir='ltr'><strong>communio-</strong></span> 
     </span>
    </p>
   </div>
   <div class='ocr_carea' id='block_1_54' title="bbox 90 3057 1671 3172">
    <p class='ocr_par' dir='ltr' id='par_1_54' title="bbox 90 3057 1671 3172">
     <span class='ocr_line' id='line_1_54' title="bbox 90 3057 1671 3172; baseline 0.009 -63"><span class='ocrx_word' id='word_1_371' title='bbox 90 3057 248 3164; x_wconf 68' lang='grc' dir='ltr'><strong>θείας</strong></span> <span class='ocrx_word' id='word_1_372' title='bbox 281 3063 585 3172; x_wconf 74' lang='grc' dir='ltr'><strong>Λκοινωνίας</strong></span> <span class='ocrx_word' id='word_1_373' title='bbox 635 3064 844 3121; x_wconf 79' lang='grc' dir='ltr'><strong>τελέσει</strong></span> <span class='ocrx_word' id='word_1_374' title='bbox 898 3070 1174 3141; x_wconf 86' lang='grc' dir='ltr'><strong>μυστήρια</strong></span> <span class='ocrx_word' id='word_1_375' title='bbox 1204 3109 1218 3131; x_wconf 92' lang='grc'><strong>,</strong></span> <span class='ocrx_word' id='word_1_376' title='bbox 1278 3070 1352 3141; x_wconf 80' lang='grc' dir='ltr'><strong>μὴ</strong></span> <span class='ocrx_word' id='word_1_377' title='bbox 1405 3070 1483 3141; x_wconf 85' lang='grc' dir='ltr'><strong>τῷ</strong></span> <span class='ocrx_word' id='word_1_378' title='bbox 1544 3071 1671 3126; x_wconf 85' lang='grc' dir='ltr'><strong>θειο-</strong></span> 
     </span>
    </p>
   </div>
   <div class='ocr_carea' id='block_1_55' title="bbox 1847 3057 3374 3172">
    <p class='ocr_par' dir='ltr' id='par_1_55' title="bbox 1852 3071 3374 3146">
     <span class='ocr_line' id='line_1_55' title="bbox 1852 3071 3374 3146; baseline -0.004 -17"><span class='ocrx_word' id='word_1_379' title='bbox 1852 3094 1879 3129; x_wconf 84' lang='lat' dir='ltr'><strong>s</strong></span> <span class='ocrx_word' id='word_1_380' title='bbox 1906 3077 2162 3146; x_wconf 88' lang='lat' dir='ltr'><strong>mysteria</strong></span> <span class='ocrx_word' id='word_1_381' title='bbox 2195 3074 2568 3139; x_wconf 90' lang='lat' dir='ltr'><strong>consecrabit,</strong></span> <span class='ocrx_word' id='word_1_382' title='bbox 2605 3074 2710 3129; x_wconf 87' lang='lat' dir='ltr'><strong>nisi</strong></span> <span class='ocrx_word' id='word_1_383' title='bbox 2754 3071 3156 3128; x_wconf 84' lang='lat' dir='ltr'><strong>communionis</strong></span> <span class='ocrx_word' id='word_1_384' title='bbox 3186 3085 3374 3125; x_wconf 81' lang='lat' dir='ltr'><strong>sacra-</strong></span> 
     </span>
    </p>
   </div>
   <div class='ocr_carea' id='block_1_56' title="bbox 88 3149 1686 3235">
    <p class='ocr_par' dir='ltr' id='par_1_56' title="bbox 88 3149 1686 3235">
     <span class='ocr_line' id='line_1_56' title="bbox 88 3149 1686 3235; baseline 0.009 -32"><span class='ocrx_word' id='word_1_385' title='bbox 88 3150 243 3220; x_wconf 73' lang='grc' dir='ltr'><strong>τάτῳ</strong></span> <span class='ocrx_word' id='word_1_386' title='bbox 281 3149 652 3228; x_wconf 85' lang='grc' dir='ltr'><strong>θυσιαστηρίῳ</strong></span> <span class='ocrx_word' id='word_1_387' title='bbox 674 3156 783 3211; x_wconf 88' lang='grc' dir='ltr'><strong>τῶν</strong></span> <span class='ocrx_word' id='word_1_388' title='bbox 812 3160 1144 3215; x_wconf 84' lang='grc' dir='ltr'><strong>κοινωνικῶν</strong></span> <span class='ocrx_word' id='word_1_389' title='bbox 1172 3160 1528 3217; x_wconf 81' lang='grc' dir='ltr'><strong>ὲπιτεθέντων</strong></span> <span class='ocrx_word' id='word_1_390' title='bbox 1556 3180 1686 3235; x_wconf 88' lang='grc' dir='ltr'><strong>συμ-</strong></span> 
     </span>
    </p>
   </div>
   <div class='ocr_carea' id='block_1_57' title="bbox 90 3243 1684 3327">
    <p class='ocr_par' dir='ltr' id='par_1_57' title="bbox 90 3243 1684 3327">
     <span class='ocr_line' id='line_1_57' title="bbox 90 3243 1684 3327; baseline 0.009 -32"><span class='ocrx_word' id='word_1_391' title='bbox 90 3243 269 3296; x_wconf 77' lang='grc' dir='ltr'><strong>ϐόλων</strong></span> <span class='ocrx_word' id='word_1_392' title='bbox 292 3260 305 3273; x_wconf 88' lang='grc'><strong>·</strong></span> <span class='ocrx_word' id='word_1_393' title='bbox 340 3245 455 3299; x_wconf 83' lang='grc' dir='ltr'><strong>ἀλλ’</strong></span> <span class='ocrx_word' id='word_1_394' title='bbox 489 3248 609 3303; x_wconf 77' lang='grc' dir='ltr'><strong>οὐδὲ</strong></span> <span class='ocrx_word' id='word_1_395' title='bbox 654 3251 819 3315; x_wconf 76' lang='grc' dir='ltr'><strong>αὐτὸς</strong></span> <span class='ocrx_word' id='word_1_396' title='bbox 866 3252 1045 3326; x_wconf 80' lang='grc' dir='ltr'><strong>ἱερεὺς</strong></span> <span class='ocrx_word' id='word_1_397' title='bbox 1078 3252 1230 3308; x_wconf 81' lang='grc' dir='ltr'><strong>ἔσται</strong></span> <span class='ocrx_word' id='word_1_398' title='bbox 1252 3293 1266 3318; x_wconf 94' lang='grc'><strong>,</strong></span> <span class='ocrx_word' id='word_1_399' title='bbox 1306 3255 1380 3326; x_wconf 85' lang='grc' dir='ltr'><strong>μὴ</strong></span> <span class='ocrx_word' id='word_1_400' title='bbox 1416 3257 1553 3327; x_wconf 80' lang='grc' dir='ltr'><strong>πρὸς</strong></span> <span class='ocrx_word' id='word_1_401' title='bbox 1574 3257 1684 3310; x_wconf 86' lang='grc' dir='ltr'><strong>τῶν</strong></span> 
     </span>
    </p>
   </div>
   <div class='ocr_carea' id='block_1_58' title="bbox 90 3334 1676 3419">
    <p class='ocr_par' dir='ltr' id='par_1_58' title="bbox 90 3334 1676 3419">
     <span class='ocr_line' id='line_1_58' title="bbox 90 3334 1676 3419; baseline 0.011 -33"><span class='ocrx_word' id='word_1_402' title='bbox 90 3334 430 3406; x_wconf 84' lang='grc' dir='ltr'><strong>ίεραρχικῶν</strong></span> <span class='ocrx_word' id='word_1_403' title='bbox 479 3340 811 3398; x_wconf 84' lang='grc' dir='ltr'><strong>τελειώσεων</strong></span> <span class='ocrx_word' id='word_1_404' title='bbox 864 3345 944 3409; x_wconf 84' lang='grc' dir='ltr'><strong>είς</strong></span> <span class='ocrx_word' id='word_1_405' title='bbox 1010 3344 1170 3400; x_wconf 81' lang='grc' dir='ltr'><strong>τοῦτο</strong></span> <span class='ocrx_word' id='word_1_406' title='bbox 1236 3346 1676 3419; x_wconf 76' lang='grc' dir='ltr'><strong>κεκληρωμένος.</strong></span> 
     </span>
    </p>
   </div>
   <div class='ocr_carea' id='block_1_59' title="bbox 90 3425 1678 3512">
    <p class='ocr_par' dir='ltr' id='par_1_59' title="bbox 90 3425 1678 3512">
     <span class='ocr_line' id='line_1_59' title="bbox 90 3425 1678 3512; baseline 0.011 -35"><span class='ocrx_word' id='word_1_407' title='bbox 90 3425 260 3480; x_wconf 83' lang='grc' dir='ltr'><strong>Ὅθεν</strong></span> <span class='ocrx_word' id='word_1_408' title='bbox 310 3427 343 3499; x_wconf 79' lang='grc' dir='ltr'><strong>η</strong></span> <span class='ocrx_word' id='word_1_409' title='bbox 394 3428 515 3484; x_wconf 83' lang='grc' dir='ltr'><strong>θεία</strong></span> <span class='ocrx_word' id='word_1_410' title='bbox 564 3431 923 3505; x_wconf 77' lang='grc' dir='ltr'><strong>θεσμοθεσία,</strong></span> <span class='ocrx_word' id='word_1_411' title='bbox 970 3438 1069 3509; x_wconf 83' lang='grc' dir='ltr'><strong>τὴν</strong></span> <span class='ocrx_word' id='word_1_412' title='bbox 1122 3437 1232 3492; x_wconf 88' lang='grc' dir='ltr'><strong>τῶν</strong></span> <span class='ocrx_word' id='word_1_413' title='bbox 1268 3438 1601 3512; x_wconf 87' lang='grc' dir='ltr'><strong>ίεραρχικῶν</strong></span> <span class='ocrx_word' id='word_1_414' title='bbox 1633 3443 1678 3475; x_wconf 81' lang='grc'><strong>⁸⁸</strong></span> 
     </span>
    </p>
   </div>
   <div class='ocr_carea' id='block_1_60' title="bbox 84 3516 1686 3605">
    <p class='ocr_par' dir='ltr' id='par_1_60' title="bbox 84 3516 1686 3605">
     <span class='ocr_line' id='line_1_60' title="bbox 84 3516 1686 3605; baseline 0.009 -32"><span class='ocrx_word' id='word_1_415' title='bbox 84 3516 299 3581; x_wconf 69' lang='grc' dir='ltr'><strong>τάξεων</strong></span> <span class='ocrx_word' id='word_1_416' title='bbox 344 3521 695 3590; x_wconf 82' lang='grc' dir='ltr'><strong>ἀγιαστείαν,</strong></span> <span class='ocrx_word' id='word_1_417' title='bbox 743 3527 836 3581; x_wconf 78' lang='grc' dir='ltr'><strong>καὶ</strong></span> <span class='ocrx_word' id='word_1_418' title='bbox 881 3528 983 3598; x_wconf 85' lang='grc' dir='ltr'><strong>τὴν</strong></span> <span class='ocrx_word' id='word_1_419' title='bbox 1026 3528 1123 3583; x_wconf 80' lang='grc' dir='ltr'><strong>τοῦ</strong></span> <span class='ocrx_word' id='word_1_420' title='bbox 1172 3529 1320 3585; x_wconf 82' lang='grc' dir='ltr'><strong>θείου</strong></span> <span class='ocrx_word' id='word_1_421' title='bbox 1370 3532 1544 3605; x_wconf 84' lang='grc' dir='ltr'><strong>μύρου</strong></span> <span class='ocrx_word' id='word_1_422' title='bbox 1595 3551 1686 3587; x_wconf 90' lang='grc' dir='ltr'><strong>τε-</strong></span> 
     </span>
    </p>
   </div>
   <div class='ocr_carea' id='block_1_61' title="bbox 85 3606 1681 3692">
    <p class='ocr_par' dir='ltr' id='par_1_61' title="bbox 85 3606 1681 3692">
     <span class='ocr_line' id='line_1_61' title="bbox 85 3606 1681 3692; baseline 0.01 -34"><span class='ocrx_word' id='word_1_423' title='bbox 85 3606 333 3672; x_wconf 80' lang='grc' dir='ltr'><strong>λείωσιν,</strong></span> <span class='ocrx_word' id='word_1_424' title='bbox 378 3612 472 3665; x_wconf 77' lang='grc' dir='ltr'><strong>καὶ</strong></span> <span class='ocrx_word' id='word_1_425' title='bbox 503 3613 602 3687; x_wconf 81' lang='grc' dir='ltr'><strong>τὴν</strong></span> <span class='ocrx_word' id='word_1_426' title='bbox 638 3614 789 3685; x_wconf 70' lang='grc' dir='ltr'><strong>ἱερὰν</strong></span> <span class='ocrx_word' id='word_1_427' title='bbox 820 3614 916 3670; x_wconf 82' lang='grc' dir='ltr'><strong>τοῦ</strong></span> <span class='ocrx_word' id='word_1_428' title='bbox 967 3615 1355 3689; x_wconf 86' lang='grc' dir='ltr'><strong>θυσιαστηρίου</strong></span> <span class='ocrx_word' id='word_1_429' title='bbox 1395 3620 1681 3692; x_wconf 83' lang='grc' dir='ltr'><strong>τελετουρ-</strong></span> 
     </span>
    </p>
   </div>
   <div class='ocr_carea' id='block_1_62' title="bbox 86 3695 1681 3782">
    <p class='ocr_par' dir='ltr' id='par_1_62' title="bbox 86 3695 1681 3782">
     <span class='ocr_line' id='line_1_62' title="bbox 86 3695 1681 3782; baseline 0.013 -35"><span class='ocrx_word' id='word_1_430' title='bbox 86 3695 237 3763; x_wconf 85' lang='grc' dir='ltr'><strong>γίαν,</strong></span> <span class='ocrx_word' id='word_1_431' title='bbox 273 3701 395 3764; x_wconf 82' lang='grc' dir='ltr'><strong>ταῖς</strong></span> <span class='ocrx_word' id='word_1_432' title='bbox 427 3702 535 3756; x_wconf 88' lang='grc' dir='ltr'><strong>τῶν</strong></span> <span class='ocrx_word' id='word_1_433' title='bbox 569 3704 767 3760; x_wconf 78' lang='grc' dir='ltr'><strong>ἐνθέων</strong></span> <span class='ocrx_word' id='word_1_434' title='bbox 797 3705 1068 3779; x_wconf 80' lang='grc' dir='ltr'><strong>ίεραρχῶν</strong></span> <span class='ocrx_word' id='word_1_435' title='bbox 1099 3706 1501 3782; x_wconf 81' lang='grc' dir='ltr'><strong>τελεσιουργοῖς</strong></span> <span class='ocrx_word' id='word_1_436' title='bbox 1530 3711 1681 3768; x_wconf 75' lang='grc' dir='ltr'><strong>δυνά-</strong></span> 
     </span>
    </p>
   </div>
   <div class='ocr_carea' id='block_1_63' title="bbox 90 3792 955 3871">
    <p class='ocr_par' dir='ltr' id='par_1_63' title="bbox 90 3792 955 3871">
     <span class='ocr_line' id='line_1_63' title="bbox 90 3792 955 3871; baseline 0.017 -31"><span class='ocrx_word' id='word_1_437' title='bbox 90 3805 159 3859; x_wconf 87' lang='grc' dir='ltr'><strong>με</strong></span> <span class='ocrx_word' id='word_1_438' title='bbox 168 3806 254 3843; x_wconf 86' lang='grc' dir='ltr'><strong>σιν</strong></span> <span class='ocrx_word' id='word_1_439' title='bbox 290 3792 505 3861; x_wconf 82' lang='grc' dir='ltr'><strong>ὲνιαίως</strong></span> <span class='ocrx_word' id='word_1_440' title='bbox 538 3796 955 3871; x_wconf 71' lang='grc' dir='ltr'><strong>ἀπεκλήρωσεν.</strong></span> 
     </span>
    </p>
   </div>
   <div class='ocr_carea' id='block_1_64' title="bbox 1794 3162 3367 3240">
    <p class='ocr_par' dir='ltr' id='par_1_64' title="bbox 1794 3162 3367 3240">
     <span class='ocr_line' id='line_1_64' title="bbox 1794 3162 3367 3240; baseline -0.006 -17"><span class='ocrx_word' id='word_1_441' title='bbox 1794 3182 1971 3225; x_wconf 88' lang='lat' dir='ltr'><strong>menta</strong></span> <span class='ocrx_word' id='word_1_442' title='bbox 2013 3168 2356 3224; x_wconf 74' lang='lat' dir='ltr'><strong>dit&#39;inissimo</strong></span> <span class='ocrx_word' id='word_1_443' title='bbox 2406 3166 2567 3240; x_wconf 67' lang='lat'><strong>235</strong></span> <span class='ocrx_word' id='word_1_444' title='bbox 2611 3166 2772 3220; x_wconf 86' lang='lat' dir='ltr'><strong>altari</strong></span> <span class='ocrx_word' id='word_1_445' title='bbox 2819 3164 3023 3219; x_wconf 81' lang='lat' dir='ltr'><strong>fuerint</strong></span> <span class='ocrx_word' id='word_1_446' title='bbox 3078 3162 3367 3231; x_wconf 86' lang='lat' dir='ltr'><strong>imposita,</strong></span> 
     </span>
    </p>
   </div>
   <div class='ocr_carea' id='block_1_65' title="bbox 1790 3253 3373 3331">
    <p class='ocr_par' dir='ltr' id='par_1_65' title="bbox 1790 3253 3373 3331">
     <span class='ocr_line' id='line_1_65' title="bbox 1790 3253 3373 3331; baseline -0.004 -18"><span class='ocrx_word' id='word_1_447' title='bbox 1790 3262 1921 3331; x_wconf 91' lang='lat' dir='ltr'><strong>quin</strong></span> <span class='ocrx_word' id='word_1_448' title='bbox 1956 3275 2023 3315; x_wconf 92' lang='lat' dir='ltr'><strong>ne</strong></span> <span class='ocrx_word' id='word_1_449' title='bbox 2055 3262 2313 3315; x_wconf 86' lang='lat' dir='ltr'><strong>sacerdos</strong></span> <span class='ocrx_word' id='word_1_450' title='bbox 2344 3262 2561 3329; x_wconf 89' lang='lat' dir='ltr'><strong>quidem</strong></span> <span class='ocrx_word' id='word_1_451' title='bbox 2595 3260 2699 3313; x_wconf 90' lang='lat' dir='ltr'><strong>erit</strong></span> <span class='ocrx_word' id='word_1_452' title='bbox 2723 3298 2739 3323; x_wconf 93' lang='lat'><strong>,</strong></span> <span class='ocrx_word' id='word_1_453' title='bbox 2787 3258 2890 3311; x_wconf 84' lang='lat' dir='ltr'><strong>nisi</strong></span> <span class='ocrx_word' id='word_1_454' title='bbox 2927 3254 3223 3325; x_wconf 86' lang='lat' dir='ltr'><strong>pontiticlis</strong></span> <span class='ocrx_word' id='word_1_455' title='bbox 3266 3253 3373 3307; x_wconf 80' lang='lat' dir='ltr'><strong>ini-</strong></span> 
     </span>
    </p>
   </div>
   <div class='ocr_carea' id='block_1_66' title="bbox 1787 3348 3372 3420">
    <p class='ocr_par' dir='ltr' id='par_1_66' title="bbox 1787 3348 3372 3420">
     <span class='ocr_line' id='line_1_66' title="bbox 1787 3348 3372 3420; baseline -0.004 -12"><span class='ocrx_word' id='word_1_456' title='bbox 1787 3356 2107 3410; x_wconf 88' lang='lat' dir='ltr'><strong>tiationibus</strong></span> <span class='ocrx_word' id='word_1_457' title='bbox 2134 3361 2202 3409; x_wconf 87' lang='lat' dir='ltr'><strong>ad</strong></span> <span class='ocrx_word' id='word_1_458' title='bbox 2238 3365 2439 3409; x_wconf 88' lang='lat' dir='ltr'><strong>sortem</strong></span> <span class='ocrx_word' id='word_1_459' title='bbox 2473 3354 2633 3408; x_wconf 88' lang='lat' dir='ltr'><strong>istam</strong></span> <span class='ocrx_word' id='word_1_460' title='bbox 2672 3352 2840 3406; x_wconf 81' lang='lat' dir='ltr'><strong>fuerit</strong></span> <span class='ocrx_word' id='word_1_461' title='bbox 2882 3360 3185 3420; x_wconf 85' lang='lat' dir='ltr'><strong>promotus.</strong></span> <span class='ocrx_word' id='word_1_462' title='bbox 3221 3348 3372 3413; x_wconf 81' lang='lat' dir='ltr'><strong>Qua-</strong></span> 
     </span>
    </p>
   </div>
   <div class='ocr_carea' id='block_1_67' title="bbox 1787 3441 3372 3518">
    <p class='ocr_par' dir='ltr' id='par_1_67' title="bbox 1787 3441 3372 3518">
     <span class='ocr_line' id='line_1_67' title="bbox 1787 3441 3372 3518; baseline -0.003 -17"><span class='ocrx_word' id='word_1_463' title='bbox 1787 3456 2009 3518; x_wconf 86' lang='lat' dir='ltr'><strong>pr0pter</strong></span> <span class='ocrx_word' id='word_1_464' title='bbox 2044 3446 2130 3502; x_wconf 78' lang='lat' dir='ltr'><strong>lex</strong></span> <span class='ocrx_word' id='word_1_465' title='bbox 2155 3447 2340 3501; x_wconf 85' lang='lat' dir='ltr'><strong>divina</strong></span> <span class='ocrx_word' id='word_1_466' title='bbox 2372 3445 2839 3501; x_wconf 88' lang='lat' dir='ltr'><strong>hierarchicorum</strong></span> <span class='ocrx_word' id='word_1_467' title='bbox 2881 3444 3135 3498; x_wconf 84' lang='lat' dir='ltr'><strong>ordinum</strong></span> <span class='ocrx_word' id='word_1_468' title='bbox 3161 3441 3372 3497; x_wconf 85' lang='lat' dir='ltr'><strong>sancti-</strong></span> 
     </span>
    </p>
   </div>
   <div class='ocr_carea' id='block_1_68' title="bbox 1785 3538 3364 3609">
    <p class='ocr_par' dir='ltr' id='par_1_68' title="bbox 1785 3538 3364 3609">
     <span class='ocr_line' id='line_1_68' title="bbox 1785 3538 3364 3609; baseline -0.004 -13"><span class='ocrx_word' id='word_1_469' title='bbox 1785 3542 2139 3606; x_wconf 81' lang='lat' dir='ltr'><strong>ﬁcationem,</strong></span> <span class='ocrx_word' id='word_1_470' title='bbox 2192 3552 2245 3597; x_wconf 90' lang='lat' dir='ltr'><strong>et</strong></span> <span class='ocrx_word' id='word_1_471' title='bbox 2308 3540 2567 3609; x_wconf 80' lang='lat' dir='ltr'><strong>unguenti</strong></span> <span class='ocrx_word' id='word_1_472' title='bbox 2624 3538 2795 3593; x_wconf 83' lang='lat' dir='ltr'><strong>divini</strong></span> <span class='ocrx_word' id='word_1_473' title='bbox 2853 3538 3364 3603; x_wconf 85' lang='lat' dir='ltr'><strong>consecrationem,</strong></span> 
     </span>
    </p>
   </div>
   <div class='ocr_carea' id='block_1_69' title="bbox 1783 3629 3367 3705">
    <p class='ocr_par' dir='ltr' id='par_1_69' title="bbox 1783 3629 3367 3705">
     <span class='ocr_line' id='line_1_69' title="bbox 1783 3629 3367 3705; baseline -0.005 -14"><span class='ocrx_word' id='word_1_474' title='bbox 1783 3650 2112 3705; x_wconf 79' lang='lat' dir='ltr'><strong>sacramque</strong></span> <span class='ocrx_word' id='word_1_475' title='bbox 2182 3634 2370 3688; x_wconf 86' lang='lat' dir='ltr'><strong>altaris</strong></span> <span class='ocrx_word' id='word_1_476' title='bbox 2443 3632 2887 3688; x_wconf 86' lang='lat' dir='ltr'><strong>benedictionem</strong></span> <span class='ocrx_word' id='word_1_477' title='bbox 2956 3629 3367 3700; x_wconf 78' lang='lat' dir='ltr'><strong>perlicientibus</strong></span> 
     </span>
    </p>
   </div>
   <div class='ocr_carea' id='block_1_70' title="bbox 1782 3722 3368 3799">
    <p class='ocr_par' dir='ltr' id='par_1_70' title="bbox 1782 3722 3368 3799">
     <span class='ocr_line' id='line_1_70' title="bbox 1782 3722 3368 3799; baseline -0.006 -14"><span class='ocrx_word' id='word_1_478' title='bbox 1782 3732 2093 3785; x_wconf 86' lang='lat' dir='ltr'><strong>divinorum</strong></span> <span class='ocrx_word' id='word_1_479' title='bbox 2133 3729 2454 3799; x_wconf 76' lang='lat' dir='ltr'><strong>pontiﬁcum</strong></span> <span class='ocrx_word' id='word_1_480' title='bbox 2481 3726 2777 3782; x_wconf 76' lang='lat' dir='ltr'><strong>virtutibus</strong></span> <span class='ocrx_word' id='word_1_481' title='bbox 2808 3726 3160 3796; x_wconf 79' lang='lat' dir='ltr'><strong>singulariter</strong></span> <span class='ocrx_word' id='word_1_482' title='bbox 3206 3722 3368 3776; x_wconf 78' lang='lat' dir='ltr'><strong>attri-</strong></span> 
     </span>
    </p>
   </div>
   <div class='ocr_carea' id='block_1_71' title="bbox 1782 3824 1926 3878">
    <p class='ocr_par' dir='ltr' id='par_1_71' title="bbox 1782 3824 1926 3878">
     <span class='ocr_line' id='line_1_71' title="bbox 1782 3824 1926 3878; baseline 0.007 -1"><span class='ocrx_word' id='word_1_483' title='bbox 1782 3824 1926 3878; x_wconf 84' lang='lat' dir='ltr'><strong>buit.</strong></span> 
     </span>
    </p>
   </div>
   <div class='ocr_carea' id='block_1_72' title="bbox 1663 3981 1829 4056">
    <p class='ocr_par' dir='ltr' id='par_1_72' title="bbox 1663 3981 1829 4056">
     <span class='ocr_line' id='line_1_72' title="bbox 1663 3981 1829 4056; baseline -0.006 -14"><span class='ocrx_word' id='word_1_484' title='bbox 1663 3983 1691 4056; x_wconf 70' lang='lat' dir='ltr'><strong>ﬁ</strong></span> <span class='ocrx_word' id='word_1_485' title='bbox 1720 3981 1829 4042; x_wconf 88' lang='lat' dir='ltr'><strong>VI.</strong></span> 
     </span>
    </p>
   </div>
   <div class='ocr_carea' id='block_1_73' title="bbox 156 4135 1671 4221">
    <p class='ocr_par' dir='ltr' id='par_1_73' title="bbox 156 4135 1671 4221">
     <span class='ocr_line' id='line_1_73' title="bbox 156 4135 1671 4221; baseline 0.004 -26"><span class='ocrx_word' id='word_1_486' title='bbox 156 4142 347 4195; x_wconf 77' lang='grc' dir='ltr'><strong>Ἔστιν</strong></span> <span class='ocrx_word' id='word_1_487' title='bbox 381 4135 475 4196; x_wconf 76' lang='grc' dir='ltr'><strong>οὖν</strong></span> <span class='ocrx_word' id='word_1_488' title='bbox 509 4143 542 4213; x_wconf 86' lang='grc' dir='ltr'>ή</span> <span class='ocrx_word' id='word_1_489' title='bbox 578 4143 930 4219; x_wconf 65' lang='grc' dir='ltr'><strong>ίεραρχικήσθ</strong></span> <span class='ocrx_word' id='word_1_490' title='bbox 960 4145 1112 4214; x_wconf 77' lang='grc' dir='ltr'><strong>τάξις</strong></span> <span class='ocrx_word' id='word_1_491' title='bbox 1134 4188 1150 4213; x_wconf 90' lang='grc'><strong>,</strong></span> <span class='ocrx_word' id='word_1_492' title='bbox 1190 4150 1224 4221; x_wconf 80' lang='grc' dir='ltr'>ἡ</span> <span class='ocrx_word' id='word_1_493' title='bbox 1262 4149 1364 4221; x_wconf 85' lang='grc' dir='ltr'><strong>τῆς</strong></span> <span class='ocrx_word' id='word_1_494' title='bbox 1400 4148 1671 4203; x_wconf 83' lang='grc' dir='ltr'><strong>τελειωτι-</strong></span> 
     </span>
    </p>
   </div>
   <div class='ocr_carea' id='block_1_74' title="bbox 84 4234 1746 4334">
    <p class='ocr_par' dir='ltr' id='par_1_74' title="bbox 84 4234 1746 4334">
     <span class='ocr_line' id='line_1_74' title="bbox 84 4234 1746 4334; baseline 0.007 -48"><span class='ocrx_word' id='word_1_495' title='bbox 84 4234 185 4334; x_wconf 68' lang='grc' dir='ltr'><strong>κῆς</strong></span> <span class='ocrx_word' id='word_1_496' title='bbox 207 4235 496 4334; x_wconf 73' lang='grc' dir='ltr'><strong>δυνάμεως</strong></span> <span class='ocrx_word' id='word_1_497' title='bbox 533 4236 994 4334; x_wconf 71' lang='grc' dir='ltr'><strong>άναπεπλησμὲνη</strong></span> <span class='ocrx_word' id='word_1_498' title='bbox 1015 4282 1030 4306; x_wconf 93' lang='grc'><strong>,</strong></span> <span class='ocrx_word' id='word_1_499' title='bbox 1075 4242 1145 4296; x_wconf 84' lang='grc' dir='ltr'><strong>τὰ</strong></span> <span class='ocrx_word' id='word_1_500' title='bbox 1182 4242 1538 4316; x_wconf 86' lang='grc' dir='ltr'><strong>τελεσιουργὰ</strong></span> <span class='ocrx_word' id='word_1_501' title='bbox 1564 4244 1672 4315; x_wconf 83' lang='grc' dir='ltr'><strong>τῆς</strong></span> <span class='ocrx_word' id='word_1_502' title='bbox 1706 4280 1746 4334; x_wconf 81' lang='lat' dir='ltr'><strong>D</strong></span> 
     </span>
    </p>
   </div>
   <div class='ocr_carea' id='block_1_75' title="bbox 84 4327 1671 4405">
    <p class='ocr_par' dir='ltr' id='par_1_75' title="bbox 84 4327 1671 4405">
     <span class='ocr_line' id='line_1_75' title="bbox 84 4327 1671 4405; baseline 0.005 -24"><span class='ocrx_word' id='word_1_503' title='bbox 84 4327 369 4399; x_wconf 78' lang='grc' dir='ltr'><strong>ίεραρχίας</strong></span> <span class='ocrx_word' id='word_1_504' title='bbox 412 4329 680 4400; x_wconf 83' lang='grc' dir='ltr'><strong>ὲκκρίτως</strong></span> <span class='ocrx_word' id='word_1_505' title='bbox 722 4331 1247 4405; x_wconf 79' lang='grc' dir='ltr'><strong>τελετουργοῦσα⁶¹,</strong></span> <span class='ocrx_word' id='word_1_506' title='bbox 1289 4337 1381 4390; x_wconf 73' lang='grc' dir='ltr'><strong>καὶ</strong></span> <span class='ocrx_word' id='word_1_507' title='bbox 1417 4336 1517 4400; x_wconf 75' lang='grc' dir='ltr'><strong>τὰς</strong></span> <span class='ocrx_word' id='word_1_508' title='bbox 1550 4337 1671 4389; x_wconf 84' lang='grc' dir='ltr'><strong>ὲπι-</strong></span> 
     </span>
    </p>
   </div>
   <div class='ocr_carea' id='block_1_76' title="bbox 84 4418 1673 4497">
    <p class='ocr_par' dir='ltr' id='par_1_76' title="bbox 84 4418 1673 4497">
     <span class='ocr_line' id='line_1_76' title="bbox 84 4418 1673 4497; baseline 0.007 -28"><span class='ocrx_word' id='word_1_509' title='bbox 84 4419 296 4490; x_wconf 79' lang='grc' dir='ltr'><strong>στήμας</strong></span> <span class='ocrx_word' id='word_1_510' title='bbox 317 4418 427 4472; x_wconf 85' lang='grc' dir='ltr'><strong>τῶν</strong></span> <span class='ocrx_word' id='word_1_511' title='bbox 468 4418 630 4491; x_wconf 83' lang='grc' dir='ltr'><strong>ἱερῶν</strong></span> <span class='ocrx_word' id='word_1_512' title='bbox 666 4422 1074 4495; x_wconf 81' lang='grc' dir='ltr'><strong>ὲκφαντορικῶς</strong></span> <span class='ocrx_word' id='word_1_513' title='bbox 1106 4423 1351 4497; x_wconf 82' lang='grc' dir='ltr'><strong>μυοῦσα,</strong></span> <span class='ocrx_word' id='word_1_514' title='bbox 1394 4427 1488 4479; x_wconf 73' lang='grc' dir='ltr'><strong>καὶ</strong></span> <span class='ocrx_word' id='word_1_515' title='bbox 1527 4426 1673 4480; x_wconf 83' lang='grc' dir='ltr'><strong>ὲκδι-</strong></span> 
     </span>
    </p>
   </div>
   <div class='ocr_carea' id='block_1_77' title="bbox 81 4506 1670 4591">
    <p class='ocr_par' dir='ltr' id='par_1_77' title="bbox 81 4506 1670 4591">
     <span class='ocr_line' id='line_1_77' title="bbox 81 4506 1670 4591; baseline 0.007 -29"><span class='ocrx_word' id='word_1_516' title='bbox 81 4506 355 4567; x_wconf 80' lang='grc' dir='ltr'><strong>δάσκουσα</strong></span> <span class='ocrx_word' id='word_1_517' title='bbox 382 4510 479 4577; x_wconf 73' lang='grc' dir='ltr'><strong>τὰς</strong></span> <span class='ocrx_word' id='word_1_518' title='bbox 515 4512 810 4583; x_wconf 82' lang='grc' dir='ltr'><strong>ἀναλόγους</strong></span> <span class='ocrx_word' id='word_1_519' title='bbox 850 4516 1026 4570; x_wconf 77' lang='grc' dir='ltr'><strong>αὐτῶν</strong></span> <span class='ocrx_word' id='word_1_520' title='bbox 1064 4520 1158 4573; x_wconf 80' lang='grc' dir='ltr'><strong>καὶ</strong></span> <span class='ocrx_word' id='word_1_521' title='bbox 1197 4519 1348 4591; x_wconf 81' lang='grc' dir='ltr'><strong>ἱερὰς</strong></span> <span class='ocrx_word' id='word_1_522' title='bbox 1372 4519 1512 4587; x_wconf 73' lang='grc' dir='ltr'><strong>ἕξεις</strong></span> <span class='ocrx_word' id='word_1_523' title='bbox 1529 4521 1573 4551; x_wconf 79' lang='grc'>⁸³</span> <span class='ocrx_word' id='word_1_524' title='bbox 1608 4537 1670 4573; x_wconf 88' lang='grc' dir='ltr'><strong>τε</strong></span> 
     </span>
    </p>
   </div>
   <div class='ocr_carea' id='block_1_78' title="bbox 82 4603 1669 4684">
    <p class='ocr_par' dir='ltr' id='par_1_78' title="bbox 82 4603 1669 4684">
     <span class='ocr_line' id='line_1_78' title="bbox 82 4603 1669 4684; baseline 0.006 -29"><span class='ocrx_word' id='word_1_525' title='bbox 82 4605 170 4656; x_wconf 78' lang='grc' dir='ltr'><strong>καὶ</strong></span> <span class='ocrx_word' id='word_1_526' title='bbox 213 4603 493 4673; x_wconf 79' lang='grc' dir='ltr'><strong>δυνάμεις.</strong></span> <span class='ocrx_word' id='word_1_527' title='bbox 552 4606 615 4660; x_wconf 83' lang='grc' dir='ltr'>Ἡ</span> <span class='ocrx_word' id='word_1_528' title='bbox 651 4606 708 4662; x_wconf 85' lang='grc' dir='ltr'>δὲ</span> <span class='ocrx_word' id='word_1_529' title='bbox 747 4607 855 4660; x_wconf 87' lang='grc' dir='ltr'><strong>τῶν</strong></span> <span class='ocrx_word' id='word_1_530' title='bbox 894 4609 1084 4681; x_wconf 78' lang='grc' dir='ltr'><strong>ἱερέων</strong></span> <span class='ocrx_word' id='word_1_531' title='bbox 1123 4612 1493 4684; x_wconf 80' lang='grc' dir='ltr'><strong>φωταγωγικὴ</strong></span> <span class='ocrx_word' id='word_1_532' title='bbox 1515 4611 1669 4679; x_wconf 80' lang='grc' dir='ltr'><strong>τάξις</strong></span> 
     </span>
    </p>
   </div>
   <div class='ocr_carea' id='block_1_79' title="bbox 81 4694 1664 4778">
    <p class='ocr_par' dir='ltr' id='par_1_79' title="bbox 81 4694 1664 4778">
     <span class='ocr_line' id='line_1_79' title="bbox 81 4694 1664 4778; baseline 0.006 -29"><span class='ocrx_word' id='word_1_533' title='bbox 81 4695 167 4749; x_wconf 73' lang='grc' dir='ltr'><strong>ἐπὶ</strong></span> <span class='ocrx_word' id='word_1_534' title='bbox 194 4694 299 4758; x_wconf 74' lang='grc' dir='ltr'><strong>τὰς</strong></span> <span class='ocrx_word' id='word_1_535' title='bbox 338 4694 487 4764; x_wconf 83' lang='grc' dir='ltr'><strong>θείας</strong></span> <span class='ocrx_word' id='word_1_536' title='bbox 525 4698 633 4752; x_wconf 88' lang='grc' dir='ltr'><strong>τῶν</strong></span> <span class='ocrx_word' id='word_1_537' title='bbox 661 4698 893 4754; x_wconf 84' lang='grc' dir='ltr'><strong>τελετῶν</strong></span> <span class='ocrx_word' id='word_1_538' title='bbox 925 4701 1154 4771; x_wconf 70' lang='grc' dir='ltr'><strong>ἐποψίας</strong></span> <span class='ocrx_word' id='word_1_539' title='bbox 1183 4707 1515 4778; x_wconf 87' lang='grc' dir='ltr'><strong>χειραγωγεί</strong></span> <span class='ocrx_word' id='word_1_540' title='bbox 1538 4704 1664 4768; x_wconf 80' lang='grc' dir='ltr'><strong>τοὺς</strong></span> 
     </span>
    </p>
   </div>
   <div class='ocr_carea' id='block_1_80' title="bbox 81 4786 1665 4869">
    <p class='ocr_par' dir='ltr' id='par_1_80' title="bbox 81 4786 1665 4869">
     <span class='ocr_line' id='line_1_80' title="bbox 81 4786 1665 4869; baseline 0.005 -26"><span class='ocrx_word' id='word_1_541' title='bbox 81 4786 433 4858; x_wconf 70' lang='grc' dir='ltr'><strong>τελουμένους</strong></span> <span class='ocrx_word' id='word_1_542' title='bbox 457 4790 560 4843; x_wconf 80' lang='grc' dir='ltr'><strong>ὑπὸ</strong></span> <span class='ocrx_word' id='word_1_543' title='bbox 581 4794 646 4865; x_wconf 81' lang='grc' dir='ltr'><strong>τῇ</strong></span> <span class='ocrx_word' id='word_1_544' title='bbox 670 4792 780 4847; x_wconf 88' lang='grc' dir='ltr'><strong>τῶν</strong></span> <span class='ocrx_word' id='word_1_545' title='bbox 809 4794 1006 4852; x_wconf 76' lang='grc' dir='ltr'><strong>ἐνθέων</strong></span> <span class='ocrx_word' id='word_1_546' title='bbox 1044 4797 1312 4869; x_wconf 80' lang='grc' dir='ltr'><strong>ἱεραρχῶν</strong></span> <span class='ocrx_word' id='word_1_547' title='bbox 1346 4796 1531 4863; x_wconf 76' lang='grc' dir='ltr'><strong>τάξει,</strong></span> <span class='ocrx_word' id='word_1_548' title='bbox 1570 4798 1665 4851; x_wconf 75' lang='grc' dir='ltr'><strong>καὶ</strong></span> 
     </span>
    </p>
   </div>
   <div class='ocr_carea' id='block_1_81' title="bbox 84 4878 1664 4959">
    <p class='ocr_par' dir='ltr' id='par_1_81' title="bbox 84 4878 1664 4959">
     <span class='ocr_line' id='line_1_81' title="bbox 84 4878 1664 4959; baseline 0.008 -30"><span class='ocrx_word' id='word_1_549' title='bbox 84 4878 194 4943; x_wconf 80' lang='grc' dir='ltr'><strong>μετ’</strong></span> <span class='ocrx_word' id='word_1_550' title='bbox 237 4878 415 4953; x_wconf 76' lang='grc' dir='ltr'><strong>αὐτῆς</strong></span> <span class='ocrx_word' id='word_1_551' title='bbox 457 4881 812 4953; x_wconf 76' lang='grc' dir='ltr'><strong>ἱερουργοῦσα</strong></span> <span class='ocrx_word' id='word_1_552' title='bbox 848 4885 947 4949; x_wconf 84' lang='grc' dir='ltr'><strong>τὰς</strong></span> <span class='ocrx_word' id='word_1_553' title='bbox 986 4888 1191 4953; x_wconf 85' lang='grc' dir='ltr'><strong>οἰκείας</strong></span> <span class='ocrx_word' id='word_1_554' title='bbox 1229 4887 1535 4959; x_wconf 87' lang='grc' dir='ltr'><strong>ἱερουργίας</strong></span> <span class='ocrx_word' id='word_1_555' title='bbox 1560 4906 1572 4919; x_wconf 97' lang='grc'><strong>·</strong></span> <span class='ocrx_word' id='word_1_556' title='bbox 1604 4890 1664 4942; x_wconf 83' lang='grc' dir='ltr'><strong>ὲν</strong></span> 
     </span>
    </p>
   </div>
   <div class='ocr_carea' id='block_1_82' title="bbox 80 4961 1664 5048">
    <p class='ocr_par' dir='ltr' id='par_1_82' title="bbox 80 4961 1664 5048">
     <span class='ocr_line' id='line_1_82' title="bbox 80 4961 1664 5048; baseline 0.009 -29"><span class='ocrx_word' id='word_1_557' title='bbox 80 4961 152 5029; x_wconf 79' lang='grc' dir='ltr'><strong>οἷς</strong></span> <span class='ocrx_word' id='word_1_558' title='bbox 179 4968 286 5040; x_wconf 83' lang='grc' dir='ltr'><strong>μὲν</strong></span> <span class='ocrx_word' id='word_1_559' title='bbox 312 4969 452 5041; x_wconf 79' lang='grc' dir='ltr'><strong>αὑτὴ</strong></span> <span class='ocrx_word' id='word_1_560' title='bbox 474 4970 578 5045; x_wconf 80' lang='grc' dir='ltr'><strong>δρᾷ</strong></span> <span class='ocrx_word' id='word_1_561' title='bbox 604 4971 703 5036; x_wconf 78' lang='grc' dir='ltr'><strong>τὰς</strong></span> <span class='ocrx_word' id='word_1_562' title='bbox 740 4973 1025 5048; x_wconf 87' lang='grc' dir='ltr'><strong>θεουργίας</strong></span> <span class='ocrx_word' id='word_1_563' title='bbox 1065 4979 1486 5034; x_wconf 87' lang='grc' dir='ltr'><strong>ὑποδεικνύουσα</strong></span> <span class='ocrx_word' id='word_1_564' title='bbox 1505 4981 1548 5012; x_wconf 73' lang='grc'><strong>⁸³</strong></span> <span class='ocrx_word' id='word_1_565' title='bbox 1574 4980 1664 5034; x_wconf 77' lang='grc' dir='ltr'><strong>διὰ</strong></span> 
     </span>
    </p>
   </div>
   <div class='ocr_carea' id='block_1_83' title="bbox 80 5059 1661 5144">
    <p class='ocr_par' dir='ltr' id='par_1_83' title="bbox 80 5059 1661 5144">
     <span class='ocr_line' id='line_1_83' title="bbox 80 5059 1661 5144; baseline 0.009 -32"><span class='ocrx_word' id='word_1_566' title='bbox 80 5059 179 5113; x_wconf 83' lang='grc' dir='ltr'><strong>τῶν</strong></span> <span class='ocrx_word' id='word_1_567' title='bbox 247 5064 561 5135; x_wconf 84' lang='grc' dir='ltr'><strong>ἱερωτάτων</strong></span> <span class='ocrx_word' id='word_1_568' title='bbox 618 5067 900 5137; x_wconf 88' lang='grc' dir='ltr'><strong>συμϐόλων</strong></span> <span class='ocrx_word' id='word_1_569' title='bbox 955 5072 1048 5124; x_wconf 77' lang='grc' dir='ltr'><strong>καὶ</strong></span> <span class='ocrx_word' id='word_1_570' title='bbox 1110 5072 1474 5144; x_wconf 80' lang='grc' dir='ltr'><strong>θεωρητικοὺς</strong></span> <span class='ocrx_word' id='word_1_571' title='bbox 1533 5074 1661 5137; x_wconf 79' lang='grc' dir='ltr'><strong>τοὺς</strong></span> 
     </span>
    </p>
   </div>
   <div class='ocr_carea' id='block_1_84' title="bbox 80 5152 1663 5221">
    <p class='ocr_par' dir='ltr' id='par_1_84' title="bbox 80 5152 1663 5221">
     <span class='ocr_line' id='line_1_84' title="bbox 80 5152 1663 5221; baseline 0.013 -21"><span class='ocrx_word' id='word_1_572' title='bbox 80 5152 403 5219; x_wconf 81' lang='grc' dir='ltr'><strong>προσιόντας</strong></span> <span class='ocrx_word' id='word_1_573' title='bbox 438 5154 806 5221; x_wconf 82' lang='grc' dir='ltr'><strong>ἀποτελοῦσα,</strong></span> <span class='ocrx_word' id='word_1_574' title='bbox 846 5159 941 5214; x_wconf 76' lang='grc' dir='ltr'><strong>καὶ</strong></span> <span class='ocrx_word' id='word_1_575' title='bbox 976 5159 1086 5214; x_wconf 86' lang='grc' dir='ltr'><strong>τῶν</strong></span> <span class='ocrx_word' id='word_1_576' title='bbox 1110 5162 1271 5215; x_wconf 85' lang='grc' dir='ltr'><strong>ὁσίων</strong></span> <span class='ocrx_word' id='word_1_577' title='bbox 1295 5160 1523 5215; x_wconf 82' lang='grc' dir='ltr'><strong>τελετῶν</strong></span> <span class='ocrx_word' id='word_1_578' title='bbox 1551 5179 1663 5220; x_wconf 82' lang='grc' dir='ltr'><strong>κοι-</strong></span> 
     </span>
    </p>
   </div>
   <div class='ocr_carea' id='block_1_85' title="bbox 81 5243 1659 5325">
    <p class='ocr_par' dir='ltr' id='par_1_85' title="bbox 81 5243 1659 5325">
     <span class='ocr_line' id='line_1_85' title="bbox 81 5243 1659 5325; baseline 0.01 -32"><span class='ocrx_word' id='word_1_579' title='bbox 81 5243 296 5304; x_wconf 77' lang='grc' dir='ltr'><strong>νωνοὺς,</strong></span> <span class='ocrx_word' id='word_1_580' title='bbox 325 5244 409 5307; x_wconf 88' lang='grc' dir='ltr'><strong>είς</strong></span> <span class='ocrx_word' id='word_1_581' title='bbox 431 5243 522 5298; x_wconf 86' lang='grc' dir='ltr'><strong>τὸν</strong></span> <span class='ocrx_word' id='word_1_582' title='bbox 544 5246 806 5320; x_wconf 84' lang='grc' dir='ltr'><strong>ίεράρχην</strong></span> <span class='ocrx_word' id='word_1_583' title='bbox 823 5248 869 5281; x_wconf 68' lang='grc'>⁸⁵</span> <span class='ocrx_word' id='word_1_584' title='bbox 899 5250 957 5307; x_wconf 84' lang='grc' dir='ltr'><strong>δὲ</strong></span> <span class='ocrx_word' id='word_1_585' title='bbox 977 5252 1375 5309; x_wconf 82' lang='grc' dir='ltr'><strong>άναπέιιπουσα</strong></span> <span class='ocrx_word' id='word_1_586' title='bbox 1402 5254 1528 5317; x_wconf 81' lang='grc' dir='ltr'><strong>τοὺς</strong></span> <span class='ocrx_word' id='word_1_587' title='bbox 1558 5253 1659 5325; x_wconf 84' lang='grc' dir='ltr'><strong>τῆς</strong></span> 
     </span>
    </p>
   </div>
   <div class='ocr_carea' id='block_1_86' title="bbox 1847 4144 3348 4218">
    <p class='ocr_par' dir='ltr' id='par_1_86' title="bbox 1847 4144 3348 4218">
     <span class='ocr_line' id='line_1_86' title="bbox 1847 4144 3348 4218; baseline -0.005 -14"><span class='ocrx_word' id='word_1_588' title='bbox 1847 4149 1943 4204; x_wconf 82' lang='lat' dir='ltr'><strong>Est</strong></span> <span class='ocrx_word' id='word_1_589' title='bbox 1999 4148 2163 4218; x_wconf 79' lang='lat' dir='ltr'><strong>igitur</strong></span> <span class='ocrx_word' id='word_1_590' title='bbox 2205 4147 2552 4216; x_wconf 79' lang='lat' dir='ltr'><strong>pontiﬁcatus</strong></span> <span class='ocrx_word' id='word_1_591' title='bbox 2612 4161 2708 4202; x_wconf 89' lang='lat' dir='ltr'><strong>seu</strong></span> <span class='ocrx_word' id='word_1_592' title='bbox 2774 4144 3121 4215; x_wconf 87' lang='lat' dir='ltr'><strong>episcopatus</strong></span> <span class='ocrx_word' id='word_1_593' title='bbox 3165 4144 3348 4210; x_wconf 88' lang='lat' dir='ltr'><strong>ordo,</strong></span> 
     </span>
    </p>
   </div>
   <div class='ocr_carea' id='block_1_87' title="bbox 1775 4235 3361 4312">
    <p class='ocr_par' dir='ltr' id='par_1_87' title="bbox 1775 4235 3361 4312">
     <span class='ocr_line' id='line_1_87' title="bbox 1775 4235 3361 4312; baseline -0.003 -18"><span class='ocrx_word' id='word_1_594' title='bbox 1775 4241 1891 4312; x_wconf 91' lang='lat' dir='ltr'><strong>qui,</strong></span> <span class='ocrx_word' id='word_1_595' title='bbox 1920 4250 2334 4296; x_wconf 89' lang='lat' dir='ltr'><strong>consummante</strong></span> <span class='ocrx_word' id='word_1_596' title='bbox 2363 4241 2566 4294; x_wconf 83' lang='lat' dir='ltr'><strong>virtute</strong></span> <span class='ocrx_word' id='word_1_597' title='bbox 2603 4239 2792 4301; x_wconf 82' lang='lat' dir='ltr'><strong>fultus,</strong></span> <span class='ocrx_word' id='word_1_598' title='bbox 2844 4235 3178 4308; x_wconf 87' lang='lat' dir='ltr'><strong>periicientia</strong></span> <span class='ocrx_word' id='word_1_599' title='bbox 3212 4251 3361 4306; x_wconf 54' lang='lat' dir='ltr'><strong>quae.</strong></span> 
     </span>
    </p>
   </div>
   <div class='ocr_carea' id='block_1_88' title="bbox 1774 4330 3353 4403">
    <p class='ocr_par' dir='ltr' id='par_1_88' title="bbox 1774 4330 3353 4403">
     <span class='ocr_line' id='line_1_88' title="bbox 1774 4330 3353 4403; baseline -0.006 -17"><span class='ocrx_word' id='word_1_600' title='bbox 1774 4349 1880 4403; x_wconf 90' lang='lat' dir='ltr'><strong>que</strong></span> <span class='ocrx_word' id='word_1_601' title='bbox 1908 4334 2048 4389; x_wconf 84' lang='lat' dir='ltr'><strong>sacri</strong></span> <span class='ocrx_word' id='word_1_602' title='bbox 2074 4332 2285 4387; x_wconf 86' lang='lat' dir='ltr'><strong>ordinis</strong></span> <span class='ocrx_word' id='word_1_603' title='bbox 2319 4332 2499 4385; x_wconf 92' lang='lat' dir='ltr'><strong>munia</strong></span> <span class='ocrx_word' id='word_1_604' title='bbox 2533 4330 2955 4401; x_wconf 62' lang='lat' dir='ltr'><strong>praeminenter</strong></span> <span class='ocrx_word' id='word_1_605' title='bbox 2987 4335 3353 4389; x_wconf 85' lang='lat' dir='ltr'><strong>consummat,</strong></span> 
     </span>
    </p>
   </div>
   <div class='ocr_carea' id='block_1_89' title="bbox 1773 4421 3357 4496">
    <p class='ocr_par' dir='ltr' id='par_1_89' title="bbox 1773 4421 3357 4496">
     <span class='ocr_line' id='line_1_89' title="bbox 1773 4421 3357 4496; baseline -0.005 -16"><span class='ocrx_word' id='word_1_606' title='bbox 1773 4435 1937 4496; x_wconf 90' lang='lat' dir='ltr'><strong>atque</strong></span> <span class='ocrx_word' id='word_1_607' title='bbox 1957 4440 2238 4481; x_wconf 88' lang='lat' dir='ltr'><strong>sacrorum</strong></span> <span class='ocrx_word' id='word_1_608' title='bbox 2271 4424 2587 4495; x_wconf 86' lang='lat' dir='ltr'><strong>disciplinas</strong></span> <span class='ocrx_word' id='word_1_609' title='bbox 2624 4422 3035 4493; x_wconf 88' lang='lat' dir='ltr'><strong>interpretando</strong></span> <span class='ocrx_word' id='word_1_610' title='bbox 3069 4421 3268 4487; x_wconf 84' lang='lat' dir='ltr'><strong>tradit,</strong></span> <span class='ocrx_word' id='word_1_611' title='bbox 3300 4430 3357 4473; x_wconf 90' lang='lat' dir='ltr'><strong>et</strong></span> 
     </span>
    </p>
   </div>
   <div class='ocr_carea' id='block_1_90' title="bbox 1772 4513 3355 4587">
    <p class='ocr_par' dir='ltr' id='par_1_90' title="bbox 1772 4513 3355 4587">
     <span class='ocr_line' id='line_1_90' title="bbox 1772 4513 3355 4587; baseline -0.004 -15"><span class='ocrx_word' id='word_1_612' title='bbox 1772 4518 1965 4572; x_wconf 86' lang='lat' dir='ltr'><strong>edocet</strong></span> <span class='ocrx_word' id='word_1_613' title='bbox 2003 4532 2251 4587; x_wconf 67' lang='lat' dir='ltr'><strong>quaenam</strong></span> <span class='ocrx_word' id='word_1_614' title='bbox 2284 4516 2415 4585; x_wconf 87' lang='lat' dir='ltr'><strong>ipsis</strong></span> <span class='ocrx_word' id='word_1_615' title='bbox 2446 4532 2617 4572; x_wconf 72' lang='lat' dir='ltr'><strong>sacrae</strong></span> <span class='ocrx_word' id='word_1_616' title='bbox 2656 4525 2971 4585; x_wconf 87' lang='lat' dir='ltr'><strong>competant</strong></span> <span class='ocrx_word' id='word_1_617' title='bbox 3005 4513 3355 4568; x_wconf 79' lang='lat' dir='ltr'><strong>habitudines</strong></span> 
     </span>
    </p>
   </div>
   <div class='ocr_carea' id='block_1_91' title="bbox 1771 4602 3349 4678">
    <p class='ocr_par' dir='ltr' id='par_1_91' title="bbox 1771 4602 3349 4678">
     <span class='ocr_line' id='line_1_91' title="bbox 1771 4602 3349 4678; baseline -0.006 -15"><span class='ocrx_word' id='word_1_618' title='bbox 1771 4619 1935 4678; x_wconf 89' lang='lat' dir='ltr'><strong>atque</strong></span> <span class='ocrx_word' id='word_1_619' title='bbox 1982 4609 2230 4663; x_wconf 86' lang='lat' dir='ltr'><strong>virtutes.</strong></span> <span class='ocrx_word' id='word_1_620' title='bbox 2279 4608 2639 4662; x_wconf 78' lang='lat' dir='ltr'><strong>Sacerdotum</strong></span> <span class='ocrx_word' id='word_1_621' title='bbox 2677 4616 2855 4660; x_wconf 90' lang='lat' dir='ltr'><strong>autem</strong></span> <span class='ocrx_word' id='word_1_622' title='bbox 2887 4608 3041 4669; x_wconf 91' lang='lat' dir='ltr'><strong>ordo,</strong></span> <span class='ocrx_word' id='word_1_623' title='bbox 3077 4605 3167 4671; x_wconf 88' lang='lat' dir='ltr'><strong>qui</strong></span> <span class='ocrx_word' id='word_1_624' title='bbox 3224 4602 3349 4655; x_wconf 56' lang='lat' dir='ltr'><strong>illuc</strong></span> 
     </span>
    </p>
   </div>
   <div class='ocr_carea' id='block_1_92' title="bbox 1772 4695 3349 4769">
    <p class='ocr_par' dir='ltr' id='par_1_92' title="bbox 1772 4695 3349 4769">
     <span class='ocr_line' id='line_1_92' title="bbox 1772 4695 3349 4769; baseline -0.006 -14"><span class='ocrx_word' id='word_1_625' title='bbox 1772 4702 1970 4767; x_wconf 89' lang='lat' dir='ltr'><strong>minat,</strong></span> <span class='ocrx_word' id='word_1_626' title='bbox 2013 4701 2079 4754; x_wconf 86' lang='lat' dir='ltr'><strong>ad</strong></span> <span class='ocrx_word' id='word_1_627' title='bbox 2115 4715 2274 4754; x_wconf 88' lang='lat' dir='ltr'><strong>sacra</strong></span> <span class='ocrx_word' id='word_1_628' title='bbox 2310 4700 2569 4769; x_wconf 85' lang='lat' dir='ltr'><strong>mysteria</strong></span> <span class='ocrx_word' id='word_1_629' title='bbox 2610 4699 2919 4753; x_wconf 88' lang='lat' dir='ltr'><strong>contnenda</strong></span> <span class='ocrx_word' id='word_1_630' title='bbox 2960 4695 3201 4749; x_wconf 83' lang='lat' dir='ltr'><strong>initiatos</strong></span> <span class='ocrx_word' id='word_1_631' title='bbox 3234 4706 3349 4746; x_wconf 81' lang='lat' dir='ltr'><strong>ma-</strong></span> 
     </span>
    </p>
   </div>
   <div class='ocr_carea' id='block_1_93' title="bbox 1772 4788 3343 4860">
    <p class='ocr_par' dir='ltr' id='par_1_93' title="bbox 1772 4788 3343 4860">
     <span class='ocr_line' id='line_1_93' title="bbox 1772 4788 3343 4860; baseline -0.006 -14"><span class='ocrx_word' id='word_1_632' title='bbox 1772 4791 2000 4846; x_wconf 90' lang='lat' dir='ltr'><strong>nuducit</strong></span> <span class='ocrx_word' id='word_1_633' title='bbox 2054 4792 2361 4845; x_wconf 86' lang='lat' dir='ltr'><strong>divinorum</strong></span> <span class='ocrx_word' id='word_1_634' title='bbox 2420 4791 2599 4846; x_wconf 90' lang='lat' dir='ltr'><strong>ordini</strong></span> <span class='ocrx_word' id='word_1_635' title='bbox 2658 4790 2977 4860; x_wconf 87' lang='lat' dir='ltr'><strong>pontiticum</strong></span> <span class='ocrx_word' id='word_1_636' title='bbox 3027 4788 3343 4855; x_wconf 81' lang='lat' dir='ltr'><strong>subjectus,</strong></span> 
     </span>
    </p>
   </div>
   <div class='ocr_carea' id='block_1_94' title="bbox 1762 4874 3347 4951">
    <p class='ocr_par' dir='ltr' id='par_1_94' title="bbox 1762 4874 3347 4951">
     <span class='ocr_line' id='line_1_94' title="bbox 1762 4874 3347 4951; baseline -0.006 -15"><span class='ocrx_word' id='word_1_637' title='bbox 1762 4896 1887 4936; x_wconf 89' lang='lat' dir='ltr'><strong>cum</strong></span> <span class='ocrx_word' id='word_1_638' title='bbox 1918 4896 2026 4951; x_wconf 91' lang='lat' dir='ltr'><strong>quo</strong></span> <span class='ocrx_word' id='word_1_639' title='bbox 2054 4882 2271 4951; x_wconf 85' lang='lat' dir='ltr'><strong>propria</strong></span> <span class='ocrx_word' id='word_1_640' title='bbox 2310 4896 2406 4935; x_wconf 90' lang='lat' dir='ltr'><strong>sua</strong></span> <span class='ocrx_word' id='word_1_641' title='bbox 2435 4878 2680 4935; x_wconf 85' lang='lat' dir='ltr'><strong>celebrat</strong></span> <span class='ocrx_word' id='word_1_642' title='bbox 2724 4878 2899 4932; x_wconf 81' lang='lat' dir='ltr'><strong>omcia</strong></span> <span class='ocrx_word' id='word_1_643' title='bbox 2927 4917 2943 4940; x_wconf 92' lang='lat'><strong>,</strong></span> <span class='ocrx_word' id='word_1_644' title='bbox 2980 4886 3144 4945; x_wconf 84' lang='lat' dir='ltr'><strong>atque</strong></span> <span class='ocrx_word' id='word_1_645' title='bbox 3189 4875 3243 4928; x_wconf 92' lang='lat' dir='ltr'><strong>in</strong></span> <span class='ocrx_word' id='word_1_646' title='bbox 3277 4874 3347 4927; x_wconf 82' lang='lat' dir='ltr'><strong>iis</strong></span> 
     </span>
    </p>
   </div>
   <div class='ocr_carea' id='block_1_95' title="bbox 1764 4960 3341 5046">
    <p class='ocr_par' dir='ltr' id='par_1_95' title="bbox 1764 4960 3341 5046">
     <span class='ocr_line' id='line_1_95' title="bbox 1764 4960 3341 5046; baseline -0.006 -17"><span class='ocrx_word' id='word_1_647' title='bbox 1764 4975 1982 5046; x_wconf 90' lang='lat' dir='ltr'><strong>quidem</strong></span> <span class='ocrx_word' id='word_1_648' title='bbox 2018 4990 2138 5045; x_wconf 72' lang='lat' dir='ltr'><strong>quae</strong></span> <span class='ocrx_word' id='word_1_649' title='bbox 2166 4975 2294 5029; x_wconf 79' lang='lat' dir='ltr'><strong>facit</strong></span> <span class='ocrx_word' id='word_1_650' title='bbox 2325 4975 2506 5029; x_wconf 85' lang='lat' dir='ltr'><strong>divina</strong></span> <span class='ocrx_word' id='word_1_651' title='bbox 2544 4988 2707 5044; x_wconf 87' lang='lat' dir='ltr'><strong>opera</strong></span> <span class='ocrx_word' id='word_1_652' title='bbox 2759 4960 3121 5026; x_wconf 87' lang='lat' dir='ltr'><strong>sanctissimis</strong></span> <span class='ocrx_word' id='word_1_653' title='bbox 3171 4968 3341 5037; x_wconf 85' lang='lat' dir='ltr'><strong>signis</strong></span> 
     </span>
    </p>
   </div>
   <div class='ocr_carea' id='block_1_96' title="bbox 1762 5057 3340 5135">
    <p class='ocr_par' dir='ltr' id='par_1_96' title="bbox 1762 5057 3340 5135">
     <span class='ocr_line' id='line_1_96' title="bbox 1762 5057 3340 5135; baseline -0.006 -12"><span class='ocrx_word' id='word_1_654' title='bbox 1762 5079 1817 5123; x_wconf 88' lang='lat' dir='ltr'><strong>et</strong></span> <span class='ocrx_word' id='word_1_655' title='bbox 1838 5068 2203 5124; x_wconf 86' lang='lat' dir='ltr'><strong>sacramentis</strong></span> <span class='ocrx_word' id='word_1_656' title='bbox 2256 5067 2538 5132; x_wconf 91' lang='lat' dir='ltr'><strong>ostendit,</strong></span> <span class='ocrx_word' id='word_1_657' title='bbox 2595 5074 3041 5135; x_wconf 88' lang='lat' dir='ltr'><strong>spectatoresque</strong></span> <span class='ocrx_word' id='word_1_658' title='bbox 3102 5076 3195 5115; x_wconf 88' lang='lat' dir='ltr'><strong>cos</strong></span> <span class='ocrx_word' id='word_1_659' title='bbox 3247 5057 3340 5128; x_wconf 86' lang='lat' dir='ltr'><strong>qui</strong></span> 
     </span>
    </p>
   </div>
   <div class='ocr_carea' id='block_1_97' title="bbox 1763 5153 3337 5223">
    <p class='ocr_par' dir='ltr' id='par_1_97' title="bbox 1763 5153 3337 5223">
     <span class='ocr_line' id='line_1_97' title="bbox 1763 5153 3337 5223; baseline -0.007 -11"><span class='ocrx_word' id='word_1_660' title='bbox 1763 5159 2031 5216; x_wconf 83' lang='lat' dir='ltr'><strong>accedunt</strong></span> <span class='ocrx_word' id='word_1_661' title='bbox 2079 5158 2287 5223; x_wconf 71' lang='lat' dir='ltr'><strong>edicit,</strong></span> <span class='ocrx_word' id='word_1_662' title='bbox 2337 5167 2392 5213; x_wconf 89' lang='lat' dir='ltr'><strong>et</strong></span> <span class='ocrx_word' id='word_1_663' title='bbox 2448 5158 2501 5211; x_wconf 88' lang='lat' dir='ltr'><strong>in</strong></span> <span class='ocrx_word' id='word_1_664' title='bbox 2571 5166 2885 5211; x_wconf 86' lang='lat' dir='ltr'><strong>sanctorum</strong></span> <span class='ocrx_word' id='word_1_665' title='bbox 2949 5153 3337 5223; x_wconf 84' lang='lat' dir='ltr'><strong>mysteriorum</strong></span> 
     </span>
    </p>
   </div>
   <div class='ocr_carea' id='block_1_98' title="bbox 1764 5245 3339 5321">
    <p class='ocr_par' dir='ltr' id='par_1_98' title="bbox 1764 5245 3339 5321">
     <span class='ocr_line' id='line_1_98' title="bbox 1764 5245 3339 5321; baseline -0.004 -13"><span class='ocrx_word' id='word_1_666' title='bbox 1764 5252 2083 5308; x_wconf 88' lang='lat' dir='ltr'><strong>societatem</strong></span> <span class='ocrx_word' id='word_1_667' title='bbox 2153 5252 2700 5321; x_wconf 87' lang='lat' dir='ltr'><strong>connuuniouemque</strong></span> <span class='ocrx_word' id='word_1_668' title='bbox 2770 5249 3050 5311; x_wconf 89' lang='lat' dir='ltr'><strong>admittit,</strong></span> <span class='ocrx_word' id='word_1_669' title='bbox 3112 5246 3206 5301; x_wconf 85' lang='lat' dir='ltr'><strong>sed</strong></span> <span class='ocrx_word' id='word_1_670' title='bbox 3270 5245 3339 5302; x_wconf 89' lang='lat' dir='ltr'><strong>ad</strong></span> 
     </span>
    </p>
   </div>
   <div class='ocr_carea' id='block_1_99' title="bbox 1376 5407 2056 5468">
    <p class='ocr_par' dir='ltr' id='par_1_99' title="bbox 1376 5407 2056 5468">
     <span class='ocr_line' id='line_1_99' title="bbox 1376 5407 2056 5468; baseline 0.006 -6"><span class='ocrx_word' id='word_1_671' title='bbox 1376 5407 1611 5465; x_wconf 58' lang='grc' dir='ltr'><strong>νΑῐίΙτΕ</strong></span> <span class='ocrx_word' id='word_1_672' title='bbox 1650 5409 2056 5468; x_wconf 79' lang='lat' dir='ltr'><strong>LECTIONES.</strong></span> 
     </span>
    </p>
   </div>
   <div class='ocr_carea' id='block_1_100' title="bbox 144 5581 970 5654">
    <p class='ocr_par' dir='ltr' id='par_1_100' title="bbox 144 5581 970 5654">
     <span class='ocr_line' id='line_1_100' title="bbox 144 5581 970 5654; baseline 0.008 -21"><span class='ocrx_word' id='word_1_673' title='bbox 144 5581 184 5612; x_wconf 79' lang='lat'>”</span> <span class='ocrx_word' id='word_1_674' title='bbox 213 5581 587 5654; x_wconf 65' lang='grc' dir='ltr'><strong>ἀποτελευτᾷ,</strong></span> <span class='ocrx_word' id='word_1_675' title='bbox 634 5583 691 5638; x_wconf 87' lang='lat' dir='ltr'><strong>S.</strong></span> <span class='ocrx_word' id='word_1_676' title='bbox 750 5584 811 5638; x_wconf 75' lang='grc' dir='ltr'><strong>Ι).</strong></span> <span class='ocrx_word' id='word_1_677' title='bbox 871 5587 970 5643; x_wconf 77' lang='lat' dir='ltr'><strong>Ch.</strong></span> 
     </span>
    </p>
   </div>
   <div class='ocr_carea' id='block_1_101' title="bbox 1068 5589 1828 5654">
    <p class='ocr_par' dir='ltr' id='par_1_101' title="bbox 1068 5589 1828 5654">
     <span class='ocr_line' id='line_1_101' title="bbox 1068 5589 1828 5654; baseline 0.001 -11"><span class='ocrx_word' id='word_1_678' title='bbox 1068 5590 1114 5621; x_wconf 81' lang='grc'><strong>⁵⁸</strong></span> <span class='ocrx_word' id='word_1_679' title='bbox 1139 5589 1549 5645; x_wconf 80' lang='grc' dir='ltr'><strong>ἀποτελειοῦσαι</strong></span> <span class='ocrx_word' id='word_1_680' title='bbox 1571 5631 1586 5654; x_wconf 88' lang='grc'><strong>,</strong></span> <span class='ocrx_word' id='word_1_681' title='bbox 1628 5591 1727 5646; x_wconf 89' lang='lat' dir='ltr'><strong>Ch.</strong></span> <span class='ocrx_word' id='word_1_682' title='bbox 1765 5590 1828 5644; x_wconf 83' lang='grc' dir='ltr'><strong>ι).</strong></span> 
     </span>
    </p>
   </div>
   <div class='ocr_carea' id='block_1_102' title="bbox 1919 5588 3333 5663">
    <p class='ocr_par' dir='ltr' id='par_1_102' title="bbox 1919 5588 3333 5663">
     <span class='ocr_line' id='line_1_102' title="bbox 1919 5588 3333 5663; baseline 0 -20"><span class='ocrx_word' id='word_1_683' title='bbox 1919 5592 1963 5624; x_wconf 69' lang='grc'>⁵⁸</span> <span class='ocrx_word' id='word_1_684' title='bbox 1995 5588 2283 5663; x_wconf 77' lang='grc' dir='ltr'><strong>ἱερατικῶν</strong></span> <span class='ocrx_word' id='word_1_685' title='bbox 2308 5628 2322 5653; x_wconf 90' lang='grc'><strong>,</strong></span> <span class='ocrx_word' id='word_1_686' title='bbox 2355 5589 2414 5643; x_wconf 77' lang='grc' dir='ltr'><strong>Ρ.</strong></span> <span class='ocrx_word' id='word_1_687' title='bbox 2624 5588 2669 5621; x_wconf 59' lang='grc'><strong>(⁸⁸</strong></span> <span class='ocrx_word' id='word_1_688' title='bbox 2712 5589 2990 5663; x_wconf 70' lang='grc' dir='ltr'><strong>ἱερατική,</strong></span> <span class='ocrx_word' id='word_1_689' title='bbox 3027 5588 3085 5644; x_wconf 89' lang='lat' dir='ltr'><strong>S.</strong></span> <span class='ocrx_word' id='word_1_690' title='bbox 3182 5589 3224 5663; x_wconf 48' lang='grc' dir='ltr'><strong>ξ’</strong></span> <span class='ocrx_word' id='word_1_691' title='bbox 3256 5591 3333 5647; x_wconf 71' lang='grc' dir='ltr'><strong>ἱε-</strong></span> 
     </span>
    </p>
   </div>
   <div class='ocr_carea' id='block_1_103' title="bbox 2624 5587 3085 5669">
    <p class='ocr_par' dir='ltr' id='par_1_103' title="bbox 2624 5587 3085 5669">
     <span class='ocr_line' id='line_1_103' title="bbox 2624 5587 3085 5669; baseline 0.002 -27"><span class='ocrx_word' id='word_1_692' title='bbox 2624 5588 2669 5621; x_wconf 72' lang='grc'><strong>⁴⁶⁶</strong></span> <span class='ocrx_word' id='word_1_693' title='bbox 2712 5589 2957 5669; x_wconf 65' lang='grc' dir='ltr'><strong>ἱερατική</strong></span> <span class='ocrx_word' id='word_1_694' title='bbox 2976 5628 2990 5653; x_wconf 89' lang='grc'><strong>,</strong></span> 
     </span>
    </p>
   </div>
   <div class='ocr_carea' id='block_1_104' title="bbox 85 5651 3328 5732">
    <p class='ocr_par' dir='ltr' id='par_1_104' title="bbox 85 5651 3328 5732">
     <span class='ocr_line' id='line_1_104' title="bbox 85 5651 3328 5732; baseline 0.002 -24"><span class='ocrx_word' id='word_1_695' title='bbox 85 5651 416 5732; x_wconf 56' lang='grc' dir='ltr'><strong>ρουργρῦσα,</strong></span> <span class='ocrx_word' id='word_1_696' title='bbox 435 5651 541 5732; x_wconf 51' lang='lat' dir='ltr'><strong>Cll.</strong></span> <span class='ocrx_word' id='word_1_697' title='bbox 615 5655 658 5732; x_wconf 56' lang='lat' dir='ltr'><strong>‘f</strong></span> <span class='ocrx_word' id='word_1_698' title='bbox 687 5655 987 5727; x_wconf 77' lang='grc' dir='ltr'><strong>ἀναλόγως,</strong></span> <span class='ocrx_word' id='word_1_699' title='bbox 1015 5660 1114 5716; x_wconf 81' lang='lat' dir='ltr'><strong>Ch.</strong></span> <span class='ocrx_word' id='word_1_700' title='bbox 1146 5660 1295 5732; x_wconf 77' lang='grc' dir='ltr'><strong>ἱερὰς</strong></span> <span class='ocrx_word' id='word_1_701' title='bbox 1320 5662 1521 5728; x_wconf 77' lang='grc' dir='ltr'><strong>τάξεις,</strong></span> <span class='ocrx_word' id='word_1_702' title='bbox 1551 5651 1608 5715; x_wconf 73' lang='lat' dir='ltr'><strong>S.</strong></span> <span class='ocrx_word' id='word_1_703' title='bbox 1688 5662 1735 5693; x_wconf 79' lang='lat'><strong>&quot;</strong></span> <span class='ocrx_word' id='word_1_704' title='bbox 1764 5663 1939 5717; x_wconf 84' lang='lat' dir='ltr'><strong>variat</strong></span> <span class='ocrx_word' id='word_1_705' title='bbox 1969 5664 2020 5717; x_wconf 89' lang='lat' dir='ltr'><strong>in</strong></span> <span class='ocrx_word' id='word_1_706' title='bbox 2048 5651 2138 5715; x_wconf 58' lang='lat' dir='ltr'><strong>&#39;uis</strong></span> <span class='ocrx_word' id='word_1_707' title='bbox 2168 5651 2352 5715; x_wconf 82' lang='lat' dir='ltr'><strong>verbis</strong></span> <span class='ocrx_word' id='word_1_708' title='bbox 2379 5662 2649 5729; x_wconf 84' lang='lat' dir='ltr'><strong>scriptura</strong></span> <span class='ocrx_word' id='word_1_709' title='bbox 2682 5679 2695 5714; x_wconf 89' lang='lat'><strong>:</strong></span> <span class='ocrx_word' id='word_1_710' title='bbox 2729 5651 2985 5716; x_wconf 62' lang='grc' dir='ltr'><strong>δεικνῦσα</strong></span> <span class='ocrx_word' id='word_1_711' title='bbox 3036 5666 3087 5713; x_wconf 80' lang='grc' dir='ltr'><strong>ιιι</strong></span> <span class='ocrx_word' id='word_1_712' title='bbox 3138 5662 3222 5717; x_wconf 87' lang='lat' dir='ltr'><strong>bis</strong></span> <span class='ocrx_word' id='word_1_713' title='bbox 3264 5664 3328 5717; x_wconf 79' lang='lat' dir='ltr'><strong>li.</strong></span> 
     </span>
    </p>
   </div>
   <div class='ocr_carea' id='block_1_105' title="bbox 86 5722 2595 5802">
    <p class='ocr_par' dir='ltr' id='par_1_105' title="bbox 86 5722 2595 5802">
     <span class='ocr_line' id='line_1_105' title="bbox 86 5722 2595 5802; baseline 0.005 -27"><span class='ocrx_word' id='word_1_714' title='bbox 86 5722 205 5787; x_wconf 66' lang='lat' dir='ltr'><strong>nus,</strong></span> <span class='ocrx_word' id='word_1_715' title='bbox 238 5725 291 5802; x_wconf 83' lang='lat' dir='ltr'><strong>i_n</strong></span> <span class='ocrx_word' id='word_1_716' title='bbox 323 5724 450 5780; x_wconf 80' lang='lat' dir='ltr'><strong>aliis</strong></span> <span class='ocrx_word' id='word_1_717' title='bbox 475 5722 814 5794; x_wconf 77' lang='grc' dir='ltr'><strong>δεικνύουσα,</strong></span> <span class='ocrx_word' id='word_1_718' title='bbox 844 5722 898 5786; x_wconf 81' lang='lat' dir='ltr'><strong>et</strong></span> <span class='ocrx_word' id='word_1_719' title='bbox 932 5722 1004 5786; x_wconf 85' lang='lat' dir='ltr'><strong>ita</strong></span> <span class='ocrx_word' id='word_1_720' title='bbox 1038 5732 1090 5787; x_wconf 94' lang='lat' dir='ltr'><strong>in</strong></span> <span class='ocrx_word' id='word_1_721' title='bbox 1123 5722 1241 5788; x_wconf 73' lang='lat' dir='ltr'><strong>aliis</strong></span> <span class='ocrx_word' id='word_1_722' title='bbox 1273 5722 1515 5789; x_wconf 15' lang='lat' dir='ltr'><strong>casibus—.7</strong></span> <span class='ocrx_word' id='word_1_723' title='bbox 1544 5737 1744 5790; x_wconf 80' lang='lat' dir='ltr'><strong>Omnes</strong></span> <span class='ocrx_word' id='word_1_724' title='bbox 1770 5734 1921 5789; x_wconf 84' lang='lat' dir='ltr'><strong>locus</strong></span> <span class='ocrx_word' id='word_1_725' title='bbox 1955 5745 2146 5790; x_wconf 86' lang='lat' dir='ltr'><strong>notare</strong></span> <span class='ocrx_word' id='word_1_726' title='bbox 2172 5732 2388 5802; x_wconf 74' lang='lat' dir='ltr'><strong>longum</strong></span> <span class='ocrx_word' id='word_1_727' title='bbox 2432 5722 2595 5788; x_wconf 65' lang='lat' dir='ltr'><strong>esset.</strong></span> 
     </span>
    </p>
   </div>
   <div class='ocr_carea' id='block_1_106' title="bbox 83 5792 334 5850">
    <p class='ocr_par' dir='ltr' id='par_1_106' title="bbox 83 5792 334 5850">
     <span class='ocr_line' id='line_1_106' title="bbox 83 5792 334 5850; baseline 0.008 -3"><span class='ocrx_word' id='word_1_728' title='bbox 83 5803 174 5849; x_wconf 78' lang='lat' dir='ltr'><strong>non</strong></span> <span class='ocrx_word' id='word_1_729' title='bbox 200 5792 334 5850; x_wconf 84' lang='grc' dir='ltr'><strong>τῶν.</strong></span> 
     </span>
    </p>
   </div>
   <div class='ocr_carea' id='block_1_107' title="bbox 2688 5733 3325 5804">
    <p class='ocr_par' dir='ltr' id='par_1_107' title="bbox 2688 5733 3325 5804">
     <span class='ocr_line' id='line_1_107' title="bbox 2688 5733 3325 5804; baseline 0.006 -16"><span class='ocrx_word' id='word_1_730' title='bbox 2688 5733 2731 5764; x_wconf 64' lang='grc'><strong>⁵·</strong></span> <span class='ocrx_word' id='word_1_731' title='bbox 2774 5733 2845 5788; x_wconf 82' lang='lat' dir='ltr'><strong>ita</strong></span> <span class='ocrx_word' id='word_1_732' title='bbox 2892 5733 3173 5804; x_wconf 75' lang='lat' dir='ltr'><strong>legendum</strong></span> <span class='ocrx_word' id='word_1_733' title='bbox 3222 5744 3325 5802; x_wconf 72' lang='lat' dir='ltr'><strong>est,</strong></span> 
     </span>
    </p>
   </div>
  </div>
