3730 6338
342 296 447 355 50⁸1

1516 304 1571 360 S.
1609 304 1905 364 DIONYSII
1942 307 2405 366 AREOPAGITIE

3494 310 3594 367 508
3620 274 3623 277 .

342 418 651 489 potitificem
690 394 919 474 remittit
966 434 1059 476 eos
1103 423 1195 491 qui
1248 423 1593 494 disciplinam
1647 439 1815 495 expett

2151 431 2328 502 τήμης
2352 430 2461 483 τῶν
2489 428 2866 502 θεωρηθεισῶν
2896 427 3221 502 ἱερουργιῶν
3251 425 3592 498 ἐφιεμένους.
3622 444 3624 447 ·

344 511 727 581 mysteriorum
760 527 880 580 qua:
914 513 1184 568 viderunt.
1224 513 1421 569 Verum
1458 519 1594 572 ordo
1637 518 1917 573 ministro-

343 617 461 655 rum
486 614 581 656 seu
613 603 969 658 diaconortnn
1017 617 1133 673 est,
1181 609 1276 676 qui
1322 610 1506 677 expiat
1540 619 1597 663 et
1624 610 1914 666 dissimilia

342 693 621 759 discernit,
656 704 947 766 antequam
979 701 1046 753 ad
1075 702 1417 756 sacerdotum
1458 716 1614 756 sacra
1660 703 1911 770 veniant;

339 785 664 841 accedentes
692 788 855 842 etiam
888 790 1106 858 lustrat,
1138 804 1194 848 ut
1219 807 1314 849 eos
1344 808 1372 847 a
1403 794 1692 849 contrariis
1718 795 1916 850 immu-

339 888 437 929 nes
468 877 676 942 reddat,
712 889 877 948 atque
927 897 1212 937 sacrorum
1262 886 1644 955 mysteriorum
1692 898 1910 955 specta-

337 967 460 1021 culo
483 977 537 1022 et
566 974 950 1029 communione
997 976 1207 1046 dignos.
1257 977 1442 1047 Itaque
1491 981 1555 1031 in'
1599 992 1759 1034 sacra
1818 979 1910 1033 Dei

334 1062 754 1129 regeneratioue
798 1064 1010 1121 diaconi
1045 1084 1169 1123 eum
1199 1109 1216 1135 ,
1252 1071 1343 1139 qui
1378 1071 1444 1123 ad
1485 1070 1632 1124 illam
1664 1071 1909 1140 accedit,

335 1153 559 1222 antiqua
591 1165 739 1210 veste
768 1168 974 1213 exuunt
1020 1168 1182 1231 atque
1233 1154 1568 1217 discalceant
1595 1202 1611 1225 ,
1644 1173 1699 1217 et
1726 1164 1792 1216 ad
1822 1178 1914 1216 oc-

334 1243 604 1299 cidentem
652 1247 1074 1304 abrenuntiandi
1128 1267 1288 1305 causa
1339 1253 1577 1318 sistunt,
1616 1266 1913 1319 rursusque

336 1339 629 1392 traducunt
652 1344 719 1395 ad
746 1343 1008 1398 orientem
1042 1342 1189 1415 (sunt
1238 1345 1382 1399 enim
1434 1344 1714 1414 purgantis
1765 1342 1915 1397 ordi-

334 1433 420 1488 nis
444 1440 607 1503 atque
639 1436 877 1506 virtutis)
916 1437 1196 1492 hortantes
1246 1454 1340 1493 eos
1391 1439 1480 1506 qui
1513 1439 1820 1503 accedunt,
1855 1446 1912 1492 ut

333 1526 535 1595 prioris
565 1528 688 1583 vita:
730 1530 1040 1585 indumenta
1080 1532 1297 1598 penitus
1332 1533 1637 1601 deponant;
1675 1533 1909 1586 erroris-

333 1635 442 1690 que
472 1622 687 1691 pristini
724 1625 967 1679 tenebris
1011 1625 1301 1694 patefactis
1343 1627 1539 1681 docent
1574 1642 1669 1681 eos
1716 1637 1774 1680 ut
1809 1628 1910 1681 ob~

337 1715 514 1767 scuris
549 1716 712 1769 rebus
738 1716 1004 1785 ablegatis
1030 1758 1045 1783 ,
1078 1734 1198 1773 sese
1248 1717 1577 1773 transferant
1606 1719 1669 1773 ad
1699 1735 1759 1773 ea
1790 1733 1911 1787 quzc

2028 521 2093 575 Ἦ
2125 522 2181 575 δὲ
2218 523 2326 576 τῶν
2368 523 2693 594 λειτουργῶν
2731 522 2913 587 τάξις,
2948 521 3313 594 ήκαθαρτικὴ
3351 520 3447 572 καὶ
3486 519 3594 571 τῶν

2017 614 2284 685 ἀνομοίων
2316 614 2625 685 διακριτικὴ
2651 654 2666 678 ,
2704 615 2810 686 πρὸ
2825 616 2869 646 ⁸⁵
2902 613 3005 683 τῆς
3034 614 3125 666 ἐπὶ
3147 611 3245 676 τάς
3270 611 3382 664 τῶν
3407 610 3597 681 ἱερέων

2018 702 2324 774 ἱερουργίας
2362 702 2756 773 προσαγωγῆς,
2796 700 3153 772 ἀποκαθαίρει
3191 700 3319 762 τοὺς
3346 696 3599 770 προσιόν-

2014 811 2131 857 τας,
2159 795 2376 865 ἀμιγεῖς
2414 793 2609 857 αὐτοὺς
2647 792 2984 847 ἀποτελοῦσα
3015 790 3124 845 τῶν
3164 790 3427 844 ἐναντίων
3451 827 3465 852 ,
3504 788 3600 841 καὶ

2016 888 2153 958 πρὸς
2177 887 2521 959 ἱερουργικὴν
2551 886 2783 956 ἐποψίαν
2806 886 2900 939 καὶ
2922 883 3203 938 κοινωνίαν
3233 881 3596 951 ἐπιτηδείους.

2018 980 2181 1035 Ὅθεν
2224 981 2316 1033 ἐπὶ
2355 979 2457 1049 τῆς
2504 980 2655 1049 ἱερᾶς
2695 977 3035 1046 θεογενεσίας
3074 977 3123 1029 οἱ
3157 972 3467 1044 λειτουργοὶ
3505 971 3602 1024 τὸν

2014 1068 2304 1140 προσιόντα
2357 1068 2456 1139 τῆς
2497 1067 2731 1131 παλαιᾶς
2773 1065 3178 1137 ἀπογυμνοῦσιν
3224 1063 3479 1133 ἐσθῆτος,
3519 1061 3603 1115 ἔτι

2018 1160 2124 1231 μὴν
2150 1160 2242 1212 καὶ
2281 1158 2567 1212 ὑπολύουσι
2592 1199 2606 1223 ,
2649 1158 2743 1211 καὶ
2778 1158 2915 1229 πρὸς
2949 1155 3157 1227 δυσμὰς
3197 1157 3279 1219 είς
3315 1154 3605 1224 ἀποταγὴν

2016 1249 2223 1312 ἱστῶσι,
2252 1249 2344 1301 καὶ
2366 1245 2519 1312 αὖθις
2544 1248 2679 1318 πρὸς
2699 1248 2773 1300 ’ἐω
2813 1248 3136 1318 μετάγουσι,
3167 1245 3301 1316 (τῆς
3338 1244 3605 1315 καθαρτι-

2015 1342 2117 1411 κῆς
2158 1342 2265 1412 γάρ
2316 1342 2420 1395 εἱσι
2476 1338 2682 1409 τάξεως
2727 1341 2821 1393 καὶ
2861 1339 3214 1410 δυνάμεως,)
3267 1335 3607 1390 ἀποϐάλλειν

2013 1436 2207 1500 ὑλικῶς
2242 1435 2649 1506 ἐγκελευόμενοι
2676 1437 2787 1498 τοῖς
2829 1432 3110 1505 προσιοῦσι
3144 1431 3243 1495 τὰς
3269 1430 3374 1500 τῆς
3405 1428 3607 1499 προτέ-

2018 1548 2115 1602 ρας
2150 1528 2294 1598 ζωῆς
2328 1528 2635 1599 άμφιέσεις,
2662 1528 2756 1579 καὶ
2785 1525 2847 1579 τὸ
2878 1525 2972 1579 τοῦ
3006 1525 3273 1596 προτέρου
3312 1521 3431 1594 βίου
3477 1538 3606 1573 σκο-

2012 1623 2185 1676 τεινὸν
2212 1621 2641 1685 ὑποδεικνύντες,
2664 1620 2757 1673 καὶ
2779 1618 3186 1680 ἐκδιδάσκοντες
3212 1614 3438 1679 αὐτοὺς,
3468 1614 3609 1666 ἀπο-

2013 1713 2347 1784 ταξαμένους
2374 1714 2486 1776 τοῖς
2514 1711 2840 1783 ἀλαμπέσιν,
2872 1712 2962 1764 ἐπὶ
2986 1709 3058 1762 τὰ
3087 1705 3397 1778 φωτιστικά
3439 1721 3611 1776 μετα-

333 1805 1040 1863 illuminant.Diaconorum
1070 1811 1253 1881 itaque
1285 1811 1417 1864 ordo
1447 1822 1528 1864 est
1555 1810 1801 1879 cxpiator

2136 1806 2295 1877 ιῆναι.
2363 1805 2680 1876 Καθαρτικὴ
2738 1803 2916 1856 τοίνυν
2961 1802 3107 1854 ἐστὶν
3162 1802 3195 1870 ή
3249 1795 3609 1868 λειτουργικὴ

329 1896 397 1948 ad
442 1897 700 1964 pra‘clara
731 1900 1072 1955 sacerdotum
1112 1917 1266 1956 sacra
1315 1901 1518 1956 ducens
1550 1916 1643 1956 eos
1679 1902 1769 1971 qui
1815 1916 1910 1955 ex‘

330 1987 461 2054 piati
494 2000 640 2054 sunt,
689 2001 852 2059 atque
903 1992 1089 2059 expiat
1138 1993 1489 2063 imperfectos
1516 2033 1533 2059 ,
1574 2008 1710 2061 quos
1742 1994 1907 2047 etiam

330 2078 474 2133 fovet
504 2083 860 2150 purgantibus
888 2083 1224 2153 eloquiorum
1258 2084 1717 2139 illustrationihus
1746 2094 1909 2152 atque

327 2170 624 2235 doctrinis;
652 2184 707 2227 et
745 2186 1007 2242 praeterea
1056 2178 1309 2245 profanos
1336 2194 1365 2230 a
1399 2177 1772 2231 sacerdotibus
1817 2191 1907 2228 ar-

327 2272 435 2326 cet,
467 2275 690 2332 propter
740 2268 885 2335 quod
924 2268 1204 2337 pontiﬁcio
1252 2267 1502 2322 instituto
1546 2268 1721 2323 sacris
1769 2282 1906 2337 quo-

324 2369 432 2423 que
466 2356 673 2412 foribus
717 2360 1033 2429 przclicitur,
1068 2371 1123 2414 ut
1149 2361 1527 2432 significetur,
1575 2375 1763 2414 eorum
1812 2359 1902 2427 qui

326 2447 393 2499 ad
421 2462 575 2501 sacra
604 2449 828 2504 veniunt
877 2466 1156 2507 accessum
1202 2452 1530 2507 omnimodis
1582 2452 1903 2508 illustratio-

325 2539 484 2593 nibus
510 2554 631 2593 esse
659 2540 1015 2610 expiandum,
1048 2545 1483 2613 quandoquidem
1516 2545 1581 2597 ad
1618 2552 1900 2613 aspectum

324 2633 877 2704 communionemque
923 2652 1205 2691 sacrorum
1268 2637 1651 2699 introdtteendi
1707 2650 1903 2691 munus

322 2723 644 2791 cxpiatoriis
678 2725 968 2783 virtutibus
997 2729 1067 2782 sit
1099 2729 1476 2796 commissum,
1510 2743 1540 2782 a
1565 2729 1761 2798 quibus
1787 2729 1902 2798 alii,

322 2815 412 2881 qui
446 2814 514 2869 ab
554 2817 700 2872 omni
737 2819 900 2892 236
945 2823 1154 2877 macula
1217 2823 1459 2878 mundati
1510 2835 1677 2891 sunt,
1729 2824 1900 2878 intro-

322 2904 627 2962 mittantur.

2011 1898 2388 1970 διακόσμησις,
2414 1896 2507 1949 ἐπὶ
2534 1895 2633 1961 τάς
2662 1894 2836 1965 φανὰς
2868 1892 2977 1946 τῶν
3008 1892 3197 1964 ἱερέων
3214 1892 3259 1922 ⁶⁶
3285 1888 3610 1961 ἱερουργίας

2011 1989 2284 2058 άνάγουσα
2324 1987 2451 2052 τοὺς
2488 1985 2954 2058 κεκαθαρμένους,
2980 1984 3073 2035 καὶ
3112 1982 3240 2045 τοὺς
3273 1979 3615 2042 ἀτελέστους

2011 2081 2456 2153 ἀποκαθαίρουσα
2517 2081 2612 2135 καί
2675 2076 3002 2149 μαιευομένη
3059 2076 3181 2137 ταῖς
3233 2071 3637 2143 καθαρτιπιιαὶῑςΔ

2007 2171 2119 2226 τῶν
2140 2172 2335 2240 λογίων
2376 2172 2670 2242 ἐλλάμψεσι
2706 2168 2799 2221 καὶ
2824 2166 3210 2228 διδασκαλίαις,
3244 2163 3342 2217 καὶ¹
3376 2161 3610 2233 προσέτι

2010 2267 2135 2328 τοὺς
2162 2264 2407 2336 ἀνιέρους
2441 2264 2551 2316 τῶν
2589 2262 2778 2334 ἱερέων
2811 2259 3024 2331 ἀμιγῶς
3062 2254 3567 2311 ἀποδιαστέλλουσα
3592 2272 3609 2284 δ

2008 2359 2089 2414 διὸ
2117 2357 2211 2411 καὶ
2245 2360 2363 2420 ταῖς
2402 2356 2575 2427 ἱεραῖς
2616 2353 2785 2425 αὐτὴν
2824 2352 3076 2423 ἐφίστησι
3111 2349 3311 2411 πύλαις
3340 2350 3375 2418 ἡ
3416 2349 3617 2418 ἱεραρ-

2006 2460 2135 2532 χικὴ
2163 2446 2528 2530 θεσμοθεσία,
2550 2457 2648 2528 τὴν
2688 2454 2823 2527 πρὸς
2858 2452 2927 2506 τὰ
2956 2450 3077 2524 ἱερὰ
3112 2450 3221 2503 τῶν
3263 2449 3622 2519 προσιόντων-

2004 2552 2205 2606 εἴσοδον
2245 2554 2301 2604 ἐν
2342 2553 2460 2614 ταῖς
2499 2547 2785 2602 παντελέσι
2830 2544 3162 2617 καθάρσεσιν
3200 2540 3568 2611 αἱνισσομένη
3591 2550 3632 2602 ,⁷

2004 2646 2098 2700 καὶ
2124 2643 2222 2715 τὴν
2245 2643 2337 2695 ἐπὶ
2363 2640 2460 2706 τὰς
2489 2642 2641 2713 ἱερὰς
2681 2638 2861 2692 αὐτῶν
2900 2637 3130 2707 ἐποψίας
3174 2636 3268 2688 καὶ
3311 2632 3611 2694 κοινωνίας

2004 2732 2369 2806 προσαγωγὴν
2415 2734 2536 2795 ταῖς
2598 2730 2953 2801 καθαρτικαῖς
3003 2726 3298 2796 δυνάμεσιν
3357 2722 3619 2793 ἐγχειρί-

2005 2820 2193 2887 ζουσα,
2237 2823 2331 2875 καὶ
2366 2818 2455 2874 διὰ
2492 2819 2697 2873 τούτων
2740 2817 2937 2881 αὐτοὺς
2971 2814 3341 2885 ἀκηλιδώτους
3365 2813 3612 2882 εἰσδεχο-

2010 2915 2170 2987 μένη.

1844 3077 1874 3151 ς
1906 3075 2043 3137 ΥΠ.

393 3207 831 3266 Demonstratum
863 3224 946 3268 cst
974 3216 1141 3287 igitur
1197 3219 1512 3289 pontificum
1552 3222 1772 3293 quidem
1809 3239 1866 3278 or

2138 3225 2352 3278 ἱδεικται
2391 3225 2571 3278 τοίνυν
2610 3224 2744 3294 ἡμῖν
2784 3222 2817 3293 η
2858 3220 2955 3292 μὲν
2994 3218 3100 3274 τῶν
3144 3217 3418 3291 ἱεραρχῶν
3441 3217 3611 3282 τάξις

318 3298 499 3353 dinem
532 3304 851 3369 perliciendi
890 3310 995 3361 vim
1028 3312 1253 3377 habere,
1288 3330 1352 3368 ac
1390 3316 1566 3385 reipsa
1596 3316 1894 3385 perlicere:

318 3394 667 3448 sacerdotum
708 3408 889 3453 autem
934 3399 1277 3458 illutninandi
1310 3406 1417 3458 vim
1452 3405 1654 3461 habere
1680 3447 1696 3473 ,
1732 3416 1898 3476 atque

317 3482 662 3553 illuminare;
696 3490 1068 3548 minis‘rorum
1100 3511 1234 3550 vero
1276 3498 1529 3566 expiandi
1577 3514 1642 3552 ac
1687 3498 1896 3554 discer-

315 3580 478 3634 nendi
510 3576 829 3638 facultatem
860 3586 1128 3643 obtinere.
1173 3589 1451 3659 Siquidem
1498 3592 1634 3645 ordo
1679 3594 1896 3674 pontifi—

314 3671 435 3725 cius
485 3686 590 3727 non
646 3675 963 3742 perficiendi
1017 3688 1265 3744 tantum,
1313 3682 1406 3736 sed
1459 3692 1515 3737 et
1555 3671 1895 3738 illutninandi

312 3762 474 3816 simul
504 3772 666 3834 atque
697 3768 953 3835 expiandi
996 3770 1101 3822 vim
1151 3773 1348 3839 habet;
1399 3788 1463 3828 ac
1514 3784 1756 3843 poteSIas
1803 3791 1894 3830 sa-

311 3857 623 3926 cerdotum,
662 3868 859 3927 praeter
886 3860 1224 3918 illttminandi
1262 3864 1596 3930 facultatem,
1638 3869 1891 3936 expiandi

310 3962 528 4017 quoque
578 3950 826 4005 continet
878 3954 1211 4012 scientiam:
1265 3972 1457 4012 verum
1505 3960 1793 4017 inferiores
1825 3963 1893 4017 ad

309 4040 653 4109 superiorum
690 4041 1000 4099 functiones
1036 4047 1309 4102 transilire
1356 4065 1699 4121 nequaquam
1754 4069 1895 4121 pos-

309 4140 478 4195 sunt,
516 4149 684 4201 quare
731 4135 883 4191 nefas
930 4140 1001 4192 sit
1047 4154 1143 4194 eos
1190 4142 1257 4195 ad
1306 4150 1510 4197 tantam
1561 4147 1891 4214 preterviam

310 4229 587 4285 devenire.
619 4230 861 4287 Virtutes
887 4246 1066 4289 autem
1096 4252 1216 4306 qua:
1245 4239 1538 4294 diviniores
1567 4249 1713 4307 sunt,
1752 4257 1893 4312 prte-

312 4330 395 4374 ter
425 4322 717 4378 facultates
766 4328 1018 4396 proprias
1064 4329 1385 4384 inferiorum
1437 4348 1653 4402 quoque
1704 4350 1892 4390 sacras

307 4415 566 4469 scientias
596 4417 929 4484 perfectione
971 4435 1065 4474 sua
1116 4424 1418 4478 continent.
1489 4426 1754 4493 Quoniam
1811 4438 1892 4482 ta-

306 4523 428 4560 men
463 4509 856 4565 ecclesiastica:
894 4512 1287 4582 descriptiones
1333 4516 1643 4571 divinarum
1694 4518 1891 4589 imagi-

1998 3317 2317 3391 τελειωτικὴ
2355 3318 2448 3371 καὶ
2478 3315 2885 3388 τελεσιουργός·
2926 3316 2960 3386 ἡ
3001 3314 3058 3367 δὲ
3099 3312 3208 3367 τῶν
3248 3313 3439 3383 ἱερέων
3486 3331 3613 3382 φω-

1996 3408 2212 3479 τιστικὴ
2252 3408 2346 3462 καὶ
2382 3406 2714 3477 φωταγωγός
2738 3422 2752 3436 ο
2799 3406 2833 3476 ἡ
2875 3403 2931 3458 δέ
2973 3402 3080 3455 τῶν
3120 3401 3453 3474 λειτουργῶν
3502 3419 3617 3454 κα·-

1998 3499 2229 3572 θαρτικὴ
2265 3500 2359 3553 καὶ
2391 3498 2731 3569 διακριτικὴ,
2774 3496 2975 3568 δηλαδὴ
3000 3496 3102 3566 τῆς
3143 3494 3469 3567 ἱεραρχικῆς
3502 3493 3613 3545 τά-

1997 3590 2169 3656 ξεως,
2216 3590 2276 3643 οὐ
2319 3580 2720 3663 τελεσιουργεῐν
2776 3586 2972 3659 μόνον,
3031 3583 3286 3639 ἀλλὰκαὶ
3337 3582 3627 3653 φωτίζειν

1996 3683 2113 3753 ἅμα
2136 3684 2230 3737 καὶ
2252 3682 2537 3755 καθαίρειν
2561 3679 2955 3753 ἐπισταμένης,
2986 3679 3077 3732 καὶ
3114 3678 3215 3749 τῆς
3249 3677 3361 3730 τῶν
3400 3676 3616 3749 ἱερέων

1994 3775 2273 3846 δυνάμεως
2308 3775 2535 3847 ἐχούσης
2556 3776 2615 3828 ἐν
2636 3776 2802 3845 ἐαυτῇ
2840 3770 2978 3844 μετὰ
3003 3772 3102 3841 τῆς
3131 3770 3467 3841 φωτιστικῆς
3500 3768 3613 3822 καὶ

1992 3869 2092 3938 τὴν
2116 3866 2458 3939 καθαρτικὴν
2500 3868 2831 3937 ἐπιστήμην.
2874 3866 2939 3916 Αἱ
2979 3863 3077 3934 μὲν
3116 3861 3225 3933 γὰρ
3263 3862 3460 3931 ἥττους
3504 3862 3614 3913 ἐπὶ

1992 3961 2063 4016 τὰ
2084 3960 2319 4032 κρείττω
2358 3958 2673 4031 μεταπηδᾷω
2712 3955 3073 4019 ἀδυνατοῦσι,
3120 3954 3258 4025 πρὸς
3294 3954 3356 4006 τὺ
3370 3955 3413 3985 ⁸⁷
3454 3953 3615 4024 μηδὲ

1994 4032 2212 4123 θεμιτὸν
2233 4053 2422 4114 αὐταῖς
2446 4047 2583 4103 εἶναι
2610 4049 2747 4121 πρὸς
2784 4048 3041 4118 τοιαύτην
3080 4049 3354 4118 ἐγχειρεῖν
3390 4045 3611 4110 ἀλαζο-

1992 4147 2140 4199 νείαν
2164 4162 2177 4175 ο
2205 4147 2260 4197 αἱ
2284 4145 2341 4197 δὲ
2366 4143 2635 4214 θειότεραι
2660 4143 2919 4213 δυνάμεις
2944 4139 3083 4211 μετὰ
3108 4138 3221 4192 τῶν
3247 4138 3466 4192 οἰκείων
3499 4138 3612 4190 καὶ

1990 4238 2090 4302 τὰς
2120 4237 2415 4308 ὑφειμένας
2441 4237 2540 4307 τῆς
2572 4234 2753 4289 αὐτῶν
2791 4233 3123 4305 τελειότητος
3167 4230 3321 4303 ἱεράς
3363 4232 3633 4300 ἐπιστή-

1995 4348 2100 4403 μας
2145 4328 2559 4399 γιγνώσκουσιν.
2609 4329 2799 4398 Ὅμως
2840 4324 3029 4395 ἐπειδὴ
3062 4322 3223 4375 θείων
3256 4323 3395 4375 εἰσὶν
3432 4322 3615 4392 ἐνερ-

1992 4421 2159 4493 γειῶν
2203 4421 2411 4484 εἰκόνες
2445 4422 2500 4472 αἱ
2552 4419 2825 4491 ἱερατικαὶ⁵
2862 4416 3249 4486 διακοσμήσεις
3290 4414 3390 4484 τῆς
3427 4412 3619 4465 εὐκό-

1994 4531 2131 4584 σμου
2157 4513 2252 4566 καὶ
2278 4511 2585 4582 ἀσυγχύτου
2610 4511 2718 4563 τῶν
2756 4509 2914 4562 θείων
2948 4506 3240 4579 ἐνεργειῶν
3268 4504 3507 4571 τάξεως,
3543 4506 3617 4557 ἐν

306 4614 403 4653 nes
430 4609 553 4654 sunt
589 4601 886 4668 actionum,
914 4606 1056 4672 quod
1096 4607 1287 4671 ornati
1338 4607 1690 4678 distiuctiqne
1745 4611 1777 4663 d

2143 4608 2208 4669 ιῖς
2230 4602 2506 4657 δεικνῦσαι
2542 4602 2643 4667 τὰς
2674 4601 3015 4673 τεταγμένας
3055 4598 3352 4669 ἐλλάμψεις
3382 4600 3461 4661 είς
3492 4598 3616 4661 τὰς

305 4708 496 4745 narmn
525 4695 801 4749 actionum
844 4699 1053 4754 ordinis
1098 4708 1280 4753 certas
1328 4709 1583 4770 ratasque
1640 4704 1883 4757 illustra-

305 4784 482 4839 Iiones
514 4786 565 4838 in
593 4803 651 4842 se
679 4788 961 4857 exhibent,
1016 4793 1067 4847 in
1114 4795 1341 4862 primas,
1379 4804 1433 4850 et
1461 4797 1664 4851 medias
1702 4797 1884 4853 novis-

304 4876 584 4947 simosque
611 4896 797 4936 sacras
850 4881 1154 4938 functiones
1207 4893 1372 4955 atque
1413 4888 1630 4943 ordines
1660 4889 1711 4943 in
1767 4890 1884 4944 hie-

303 4971 572 5027 rarchicis
628 4974 1072 5032 distinctionibus
1125 4986 1253 5031 sunt
1308 4978 1649 5043 tlistributte,
1702 4982 1879 5049 quod,

302 5063 381 5115 nti
416 5063 549 5129 dixi,
592 5066 901 5121 divinarum
935 5070 1214 5125 actionum
1251 5073 1496 5127 ordinem
1551 5084 1715 5141 atque
1764 5073 1881 5127 dis-

303 5155 623 5211 tinctiouem
657 5159 712 5212 in
744 5161 1053 5230 semetipsis
1082 5164 1363 5218 exhibent.
1412 5164 1546 5219 Cum
1590 5164 1735 5217 enim
1790 5164 1881 5219 illa

302 5264 511 5304 summa
569 5251 751 5307 Deitas
803 5265 1011 5310 mentes
1058 5271 1191 5321 cas,
1240 5258 1435 5325 quibus
1489 5273 1547 5312 se
1597 5258 1882 5322 insinuat,

302 5342 535 5408 primum
583 5345 763 5415 expiet
790 5385 806 5411 ,
845 5361 909 5402 ac
955 5347 1149 5404 deinde
1198 5350 1466 5406 illuminet
1494 5390 1510 5417 ,
1548 5360 1712 5420 atque
1756 5349 1880 5403 illu-

1988 4698 2211 4771 πρώτας
2253 4699 2347 4752 καὶ
2391 4698 2562 4769 μέσας
2603 4698 2695 4750 καί
2741 4693 3055 4756 τελευταίας
3101 4691 3253 4763 ἱερὰς
3304 4691 3620 4761 ἐνεργείας

1989 4796 2083 4849 καὶ⁸
2120 4792 2336 4859 τάξεις,
2378 4791 2436 4843 ἐν
2474 4789 2808 4860 διακρίσεσιν
2850 4788 3191 4859 ίεραρχικαῖς
3235 4782 3570 4853 ἐτάχθησαν
3598 4824 3620 4848 ,

1988 4887 2387 4960 ἐμφαίνουσαι,
2424 4884 2675 4954 καθάπερ
2717 4881 2853 4952 ἔφην
2876 4919 2891 4943 ,
2936 4881 2993 4932 ἐν
3036 4879 3256 4941 ἑαυταῖς
3284 4875 3392 4929 τῶν
3419 4874 3621 4928 θείων

1988 4979 2278 5052 ἐνεργειῶν
2317 4978 2379 5031 τὸ
2419 4975 2749 5045 τεταγμένον
2793 4973 2888 5026 καὶ
2933 4971 3303 5041 ἀσύμφυρτον.
3364 4966 3633 5038 Ἐπειδὴ

1990 5071 2098 5143 γὰρ
2128 5072 2161 5141 ἡ
2191 5068 2419 5142 θεαρχία
2442 5068 2567 5128 τοὺς
2600 5066 2657 5118 ἐν
2692 5058 2772 5127 οἷς
2802 5063 2868 5117 ἂν
2890 5061 3183 5131 ἐγγένηται
3215 5059 3339 5122 νόας
3370 5058 3623 5112 ἀποκοι-

1992 5164 2167 5236 θαίρει
2197 5162 2412 5235 πρῶτον
2434 5201 2450 5227 ,
2487 5156 2607 5213 εἶτα
2648 5156 2893 5228 φωτίζει,
2925 5157 3020 5210 καὶ
3043 5151 3416 5224 φωτισθέντας
3440 5151 3643 5205 ἀπο-η

1986 5256 2182 5310 τελειοί
2206 5256 2341 5329 πρὸς
2363 5252 2570 5322 θεοειδῆ
2600 5249 3039 5321 τελεσιουργίαν,
3075 5246 3301 5308 εἰκότως
3332 5246 3366 5316 ἡ
3395 5246 3625 5318 [epap—

1988 5348 2115 5421 χι-κὴ
2147 5349 2256 5403 τῶν
2287 5348 2445 5402 θείων
2473 5345 2696 5401 εἰκόνων
2717 5345 2761 5376 es
2802 5347 2882 5408 εἱς
2913 5340 3335 5413 διακεκριμένας
3372 5339 3617 5411 ἐαυτὴν

1612 5506 1841 5561 νΑΙῖΙΑΞ
1887 5505 2291 5564 LECTIONES.

350 5736 356 5745 ,
392 5682 435 5755 ‘f
468 5683 618 5755 πρός.

309 5750 377 5805 Μ.
416 5752 471 5805 I‘.
510 5750 519 5755 ⁷
552 5756 592 5787 ⁵⁸
622 5750 801 5818 εἰκών,
827 5758 925 5811 Ch.
972 5761 1029 5811 D.

702 5685 746 5764 6f
775 5687 1113 5764 eavocdttag,
1161 5687 1227 5743 Μ.
1258 5688 1365 5744 τῶν
1392 5689 1584 5764 ἱερῶν,
1616 5686 1673 5743 Ρ.
1706 5700 1759 5747 Cl
1797 5704 1917 5746 mox
1953 5689 2059 5747 τῶν
2087 5688 2248 5763 ἱερῶν
2275 5687 2523 5761 ἁμιγῶςς
2594 5682 2912 5754 δειίῐῖυίίὶιυτ
2940 5682 3037 5740 ω’·
3075 5681 3135 5736 θ’
3214 5682 3257 5714 ⁸⁷
3285 5678 3418 5751 πῷέ
3488 5682 3621 5757 τῷσ
