3728 6320
97 373 220 428 509

1173 368 1262 422 DE
1302 366 1585 423 ECCLES.
1629 361 2022 424 HIERARCH.,
2053 360 2308 418 CAPJV.

3287 349 3393 404 510

92 489 318 558 διαιρεῖ
341 485 523 552 τάξεις
547 503 606 539 τε
635 486 728 539 καὶ
750 486 1026 556 δυνάμεις,
1056 483 1321 556 ἐναργῶς,
1336 482 1702 537 ὑποδεικνὼα

1864 489 2006 531 ratas
2033 478 2247 530 demum
2279 475 2344 527 ad
2379 471 2696 528 deiformem
2729 471 3019 542 quamdam
3063 476 3380 538 promoveat
3409 505 3414 510 -

92 579 207 643 τὰς
239 578 541 651 θεαρχικὰς
568 579 844 650 ἐνεργείας
875 580 935 631 ὲν
969 577 1404 649 παναγεστάταις
1445 576 1540 628 καὶ
1576 576 1706 646 ἀμι-

93 669 232 738 γέσι
278 670 496 735 τάξεσιν
543 669 824 734 εὐσταθῶς
871 669 967 722 καὶ
1019 667 1339 738 ἀσυγχότως
1390 665 1702 736 ἑστηκυίας.

111 763 268 816 Ἀλλ’
299 763 488 835 ἐπειδὴ
511 763 610 826 τὰς
641 762 923 834 ἱερατικὰς
946 761 1129 828 τάξεις
1154 777 1214 814 τε
1249 761 1340 813 καὶ
1377 756 1707 832 ἀποπληρώ-

95 873 228 922 σεις
251 858 322 921 θ’,
345 857 605 926 δυνάμεις
626 872 686 910 τε
713 854 894 908 αὐτῶν
919 854 1015 908 καὶ
1042 852 1324 925 ἐνεργείας
1367 850 1668 922 εἰρήκαμεν
1691 888 1709 910 ,

96 951 186 1015 ὡς
214 953 356 1022 ἡμῖν
379 951 620 1021 ἐφικτὸν,
658 948 877 1013 καὶτὰς
909 947 1207 1019 ίερωτάτας
1246 943 1459 1007 αὐτῶν,
1495 943 1570 1006 ὡς
1607 939 1709 996 οἷοί

98 1043 170 1096 τέ
199 1045 397 1115 ἐσμεν,
428 1040 857 1113 ἐποπτεύσωμεν
887 1037 1214 1101 τελειώσεις.

1808 568 2220 640 perfectionem,
2253 577 2396 622 recte
2420 580 2575 620 sacer
2606 563 2762 626 ordo,
2789 561 2879 632 qui
2928 558 3128 614 divinis
3179 565 3386 628 praeest

1811 660 2163 725 imaginibus,
2194 658 2246 711 in
2277 658 2522 711 diversos
2562 655 2913 722 semetipsum
2945 649 3168 706 ordines
3210 649 3387 704 virtu-

1813 761 2000 820 tesque
2047 749 2366 817 distinguit;
2425 755 2612 818 aperte
2677 745 3103 808 demonstrans,
3173 743 3392 798 divinas

1812 845 1934 899 illas
1962 845 2270 915 prtecipuas
2303 842 2554 897 actiones
2581 841 2635 893 in
2663 838 3028 894 sanctissimis
3061 835 3393 908 purissimis-

1813 955 1917 1010 que
1947 937 2230 993 ordinibus
2281 943 2602 992 constanter
2650 933 3015 999 distincteque
3060 930 3388 986 consistere.

1814 1031 1918 1087 Sed
1947 1031 2197 1099 quoniam
2223 1027 2566 1083 sacerdotum
2600 1027 2822 1079 onlines
2855 1040 2918 1078 ac
2950 1023 3166 1087 munia,
3216 1021 3376 1075 virtu-

100 1111 313 1206 tesque
372 1152 562 1192 eorum
586 1144 642 1190 et
686 1111 936 1189 actiones
1004 1146 1104 1202 pro
1127 1130 1271 1185 virili
1322 1126 1713 1200 exposuimus,
1762 1123 2164 1206 sacratissimas
2214 1122 2378 1178 etiam
2429 1134 2617 1176 eorum
2663 1118 3165 1195 consecrati‘ones,
3212 1111 3390 1188 quoad

99 1245 432 1302 possumus,
462 1227 898 1289 consideremus.

314 1389 382 1442 11.
423 1385 771 1454 Μυστήριον
799 1380 1103 1451 ιερατικῶν
1134 1375 1514 1434 “leuitatem.

191 1517 255 1572 '0
288 1517 387 1588 μὲν
428 1517 722 1589 ῖεράρχης,
763 1515 857 1568 ἐπὶ
894 1513 992 1584 τὴν
1053 1510 1369 1583 ίεραρχικὴν
1427 1505 1706 1562 τελείωσιν

97 1607 550 1682 προσαγόμενος,
586 1607 754 1678 ἄμφω
780 1602 858 1658 τὼ
884 1603 1010 1656 πόδε
1051 1602 1232 1665 κλίνας
1258 1597 1583 1671 ἐπίπροσθεν
1610 1592 1704 1647 τοῦ

99 1697 500 1768 θυσιαστηρίου
519 1697 600 1761 ⁷⁰,
649 1696 741 1748 ἐπὶ
789 1693 1030 1763 κεφαλῆς
1078 1691 1188 1762 ἔχει
1227 1691 1296 1743 τὰ
1336 1688 1706 1760 θεοπαρόιδοτα

99 1791 307 1858 λόγια,
353 1789 448 1842 καὶ
494 1787 593 1857 τὴν
637 1783 954 1857 ίεραρχικὴν
1018 1786 1211 1854 χεῖρα,
1272 1775 1366 1832 καὶ
1410 1778 1584 1850 τούτῳ
1624 1776 1702 1847 τῷ

97 1884 302 1959 τρόπῳ
328 1881 463 1953 πρὸς
489 1879 583 1933 τοῦ
627 1877 905 1941 τελοῦντος
950 1874 1111 1928 αὑτὸν
1135 1874 1387 1944 ίεράρχου
1411 1873 1529 1934 ταῖς
1569 1887 1703 1923 παν-

100 1971 443 2043 αγεστόιταις
479 1969 826 2039 ἐπικλήσεσιν
870 1963 1299 2019 ἀποτελειοῦται.
1341 1963 1398 2014 Ὁ
1421 1961 1476 2014 δέ
1501 1959 1699 2032 ίερεὺς,

100 2065 282 2135 ἄμφω
304 2061 383 2115 τὼ
407 2061 533 2113 πόδε
563 2059 748 2122 κλίνας
776 2057 1104 2128 ἐπίπροσθεν
1133 2053 1226 2109 τοῦ
1251 2054 1395 2107 θείου
1413 2053 1706 2121 θυσιαστητ

106 2153 256 2224 ρίου,
301 2152 393 2204 ἐπὶ
429 2149 670 2219 κεφαλῆς
714 2147 826 2220 ἔχει
865 2148 964 2219 τὴν
1003 2146 1318 2219 ἱεραρχικὴν
1360 2143 1571 2208 δεξιὰν,
1612 2143 1704 2196 καὶ

97 2241 289 2314 τούτῳ
314 2241 393 2312 τῷ
427 2243 616 2312 τρόπῳ
651 2242 787 2314 πρὸς
818 2239 912 2293 τοῦ
947 2238 1226 2302 τελοῦντος
1255 2237 1418 2292 αὑτὸν
1446 2237 1700 2308 ἱεράρχου

99 2336 230 2397 ταῖς
254 2335 549 2402 ῖεροποιοῖς
574 2331 926 2403 ἐπικλήσεσιν
951 2328 1257 2398 ἁγιάζεται.
1301 2328 1358 2381 Ὀ
1380 2326 1436 2380 δέ
1460 2326 1702 2398 λειτουρ-

99 2425 226 2494 γὸς,
261 2423 358 2476 Eva
387 2425 500 2476 τοῖν
525 2422 703 2476 ποδοῖν
725 2422 910 2484 κλίνας
933 2419 1264 2492 ἐπίπροσθεν
1292 2418 1387 2472 τοῦ
1425 2419 1572 2472 θείου
1607 2417 1702 2472 θυ-

102 2516 432 2588 σιαστηρίου
463 2554 479 2578 ,
525 2516 618 2569 ἐπὶ
667 2515 905 2586 κεφαλῆς
962 2514 1076 2583 ἔχει
1126 2513 1225 2585 τὴν
1283 2512 1378 2566 τοῦ
1424 2512 1704 2576 τελοῦντος

100 2605 277 2658 αὑτὸν
320 2603 573 2675 ἱεράρχου
599 2603 780 2670 δεξιὰν
803 2643 818 2668 ,
866 2601 1238 2674 τελειούμενος
1263 2604 1355 2658 ὑπ’
1382 2603 1546 2657 αὐτοῦ
1583 2606 1703 2667 ταῖς

101 2695 223 2747 τῶν
269 2694 600 2767 λειτουργῶν
645 2694 984 2759 τελεστικαῖς
1028 2695 1400 2766 ἐπικλήσεσιν.
1459 2694 1703 2764 Ἐκάστῳ

101 2789 170 2842 δέ
194 2787 375 2842 αὐτῶν
413 2790 447 2859 ὴ
489 2787 836 2860 σταυροειδὴς
873 2789 1257 2859 ἐνσημαίνεται
1303 2790 1439 2861 πρὸς
1478 2788 1574 2842 τοῦ
1613 2807 1705 2843 τε-

100 2879 332 2942 λοῦντος
377 2880 632 2950 ίεράρχου
679 2879 915 2950 σφραγὶς
934 2919 950 2942 ,
983 2881 1078 2933 καὶ
1119 2879 1238 2934 καθ’
1269 2879 1498 2934 ἕκαστον
1531 2882 1702 2954 ἀνάρ-

104 2974 270 3041 ῥησις
297 2970 415 3043 ἱερὰ
435 2971 701 3040 γίγνεται,
723 2972 818 3024 καὶ
828 2971 1168 3037 τελειωτικὸς
1193 2973 1498 3044 ἀσπασμὸς,
1523 2973 1702 3028 ἀσπα-

1866 1363 1933 1422 11.
1960 1365 2269 1437 Myrterinm
2301 1365 2713 1419 consecrationis
2755 1379 3028 1418 sacrorum
3060 1364 3327 1422 ordinum.

1885 1499 2138 1555 Pontifex
2171 1500 2392 1570 quidem
2442 1498 2536 1568 qui
2588 1497 2655 1552 ad
2707 1496 3035 1566 pontiﬁcium
3088 1513 3387 1554 consecra-

1812 1593 2014 1649 tionem
2041 1602 2126 1647 est
2156 1605 2377 1648 evectus
2411 1603 2640 1661 utroque
2673 1607 2812 1661 genu
2848 1591 2988 1644 ﬂexo
3019 1601 3146 1646 ante
3187 1593 3380 1659 altare,

1740 1717 1780 1772 Β
1811 1701 1972 1756 supra
2007 1695 2167 1755 caput
2199 1686 2361 1740 habet
2397 1685 2708 1754 Scripturas
2740 1703 2769 1741 a
2805 1687 2913 1739 Deo
2964 1684 3214 1751 traditas,
3266 1682 3394 1740 ma-‘

1810 1772 2049 1847 numque
2104 1778 2378 1847 pontiﬁcis
2401 1787 2422 1841 ,‘
2460 1787 2619 1846 atque
2677 1781 2778 1833 hoc
2835 1779 2998 1833 modo
3025 1793 3054 1831 a
3088 1779 3343 1848 pontiﬁce
3367 1787 3389 1848 ,‘

1805 1870 1897 1942 qui
1930 1871 2100 1938 ipsum
2135 1879 2443 1932 consecrat,
2495 1870 2856 1924 sanctissimis
2909 1870 3384 1939 adprecationibus

1805 1971 2179 2017 consecratur.
2232 1961 2501 2016 Sacerdos
2537 1975 2666 2015 vero
2721 1971 2952 2028 utroque
3002 1960 3206 2030 poplite
3253 1973 3384 2016 ante

1805 2053 1980 2107 altare
2006 2051 2165 2115 ﬂexo,
2202 2054 2252 2107 in
2281 2052 2456 2122 capi:e
2500 2051 2661 2107 habet
2707 2052 2957 2106 dextram
3005 2053 3300 2120 pontiﬁcis,
3330 2061 3387 2106 et

1805 2145 1906 2201 hoc
1943 2147 2102 2200 modo
2125 2146 2193 2200 ab
2237 2145 2328 2200 illo
2373 2145 2658 2214 pontiﬁce,
2713 2146 2804 2214 qui
2861 2146 3008 2200 illum
3056 2155 3382 2210 consecrat,

1802 2238 2004 2292 sanctis
2031 2238 2460 2293 iuvocationibus
2489 2249 2860 2294 consecratur.
2900 2239 3073 2295 Porro
3120 2240 3384 2294 diaconus

1803 2330 1964 2400 237
2003 2345 2168 2383 unum
2200 2345 2336 2398 genu
2366 2329 2589 2384 ﬂectens
2612 2341 2737 2383 ante
2763 2332 3001 2385 divinum
3026 2331 3198 2386 altare
3219 2346 3381 2400 supra

1803 2432 1962 2492 caput
1994 2423 2154 2476 habet
2187 2424 2434 2485 dextram
2462 2423 2733 2490 pontiﬁcis
2764 2423 2934 2492 ipsum
2987 2424 3381 2488 consecrantis,

1803 2525 1858 2569 et
1885 2517 1952 2570 ab
1982 2530 2047 2570 eo
2080 2523 2434 2574 consecratur
2459 2515 2891 2570 invocationibns
2913 2516 2978 2570 ad
3011 2516 3383 2570 ministrorum

1804 2607 2270 2663 consecrationem
2317 2607 2781 2662 accommodatis.
2851 2605 3152 2675 Unicuique
3203 2615 3384 2660 autem

1802 2712 1986 2753 eorum
2012 2699 2224 2767 signum
2253 2700 2435 2753 crucis
2467 2714 2497 2752 a
2528 2707 2880 2752 consecrante
2917 2698 3171 2766 pontiﬁce
3202 2698 3388 2766 impri-

1803 2789 1989 2856 mitur,
2042 2799 2096 2844 et
2138 2789 2370 2857 singulis
2417 2797 2600 2842 sancta
2640 2789 2953 2857 prmdicatio
2990 2790 3386 2858 perliciensque

1802 2879 2055 2933 salutatio
2099 2878 2406 2944 adhibetur,
2447 2878 2658 2932 cunctis
2719 2878 3077 2948 prementibus
3124 2877 3383 2932 ecclesia-

1803 2971 1974 3038 sticis,
2005 2986 2107 3025 una
2132 2986 2254 3025 cum
2290 2969 2545 3039 pontiﬁce
2575 2979 2955 3033 consecrante,
2985 2968 3383 3025 consa'lntanti-

101 3064 340 3135 ζομὲνου
405 3063 606 3128 παντὸς
663 3063 940 3135 ἱερατικοῦ
1006 3066 1272 3138 παρόντος
1325 3066 1517 3138 ἀνδρὸς
1541 3106 1555 3129 ,
1609 3068 1702 3120 καὶ

1862 3082 1906 3118 ts
1935 3064 2081 3126 illum
2111 3066 2201 3135 qui
2231 3065 2282 3118 in
2311 3064 2544 3134 aliquem
2574 3065 2838 3118 dictorum
2889 3061 3142 3118 ordinum
3193 3074 3382 3116 sacro-2

101 3153 203 3206 τοῦ
224 3152 544 3216 τελέσαντος
571 3154 826 3223 ίεράρχου
851 3153 943 3208 τὸν
970 3155 1108 3225 πρός
1147 3173 1203 3210 τι
1240 3155 1352 3210 τῶν
1391 3158 1696 3229 εἰρημένων

102 3251 152 3302 is
164 3247 400 3318 ρατικῶν
425 3246 720 3318 ταγμάτων
749 3245 1198 3302 ὰποτελεσθέντα.

714 3363 806 3415 111.
850 3362 1087 3431 Θεωρία.

1808 3173 1927 3211 rum
1956 3167 2040 3212 est
2067 3165 2374 3228 cooptatus.

2323 3351 2413 3407 111.
2455 3348 2864 3420 Contemplatio.

1687 3482 1715 3554 ἐ
1752 3478 1813 3540 1.’

180 3597 355 3652 Κοινὰ
387 3598 486 3668 μέν
523 3599 639 3654 ἐστι
677 3604 792 3665 τοῖς
824 3602 1106 3674 ίεράρχαις
1143 3621 1204 3657 τε
1245 3605 1340 3657 καὶ
1375 3601 1580 3676 ἱερεῦσι
1610 3604 1702 3656 καὶ

102 3690 443 3762 λειτουργοῖς
481 3693 536 3744 ἐν
574 3697 694 3757 ταῖς
735 3695 1038 3765 ῖερατικαῖς
1073 3694 1252 3749 αὐτῶν
1288 3695 1630 3749 τελειωσεσιν
1667 3696 1699 3766 ή

103 3782 250 3854 πρὸς
277 3783 335 3852 τὸ
358 3783 500 3838 θεῖον
523 3784 905 3859 θυσιαστήριον
930 3789 1287 3861 προσαγωγὴ,
1323 3790 1418 3843 καὶ
1449 3789 1700 3842 ὑπόπτω-

105 3892 216 3939 σιςν
241 3876 282 3946 ἡ
302 3875 403 3944 τῆς
429 3876 744 3948 ἱεραρχικῆς
774 3877 957 3949 χειρὸς
979 3877 1243 3942 ἐπίθεσις,
1279 3881 1312 3950 ἡ
1350 3878 1697 3950 σταυροειδὴς

104 3968 382 4038 σφραγὶς,
426 3968 460 4037 ἡ
508 3969 847 4040 ἀηιάρῤησις,
901 3972 929 4024 ὁ
969 3970 1314 4034 τελειωτικὸς
1364 3971 1693 4041 ἀσπασμός*

103 4057 362 4129 ἐξαίρετα
403 4058 460 4111 δέ
503 4060 597 4112 καὶ
633 4059 860 4131 ἑκκριτα
893 4064 1006 4126 τοῖς
1043 4062 1323 4133 ἱεράρχαις
1375 4063 1474 4132 μέν
1510 4065 1542 4134 ἡ
1586 4062 1695 4116 τῶν

1881 3598 2198 3653 Communia
2230 3597 2444 3666 quidem
2475 3606 2602 3651 sunt
2635 3606 2688 3650 et
2717 3591 3082 3664 pontiﬁcibus,
3116 3600 3167 3645 et
3201 3603 3384 3648 sacer-

1806 3693 2047 3758 dotibus,
2079 3700 2134 3746 et
2161 3689 2424 3745 ministris
2455 3706 2574 3744 cum
2603 3696 3010 3752 consecrantur,
3036 3697 3288 3738 accessus
3314 3681 3383 3735 ad

1806 3785 2049 3838 divinum
2085 3783 2292 3848 altare,
2341 3799 2571 3851 genuum
2603 3781 2762 3837 ﬂexio
2786 3824 2801 3849 ,
2853 3780 3141 3852 pontiﬁcizc
3191 3792 3384 3834 manus

1802 3875 2074 3945 impositio
2101 3915 2114 3938 ,
2145 3875 2321 3930 crucis
2351 3873 2634 3943 impressio
2661 3915 2676 3936 ,
2705 3868 3058 3941 praedicatio,
3093 3871 3384 3941 perﬁciens

1798 3967 2092 4031 Salutatio;
2149 3965 2420 4034 praecipua
2475 3978 2603 4017 vero
2654 3974 2710 4016 et
2747 3961 3017 4031 episcopis
3045 3961 3262 4031 propria
3297 3970 3382 4014 est

1799 4056 2204 4126 Scripturarutn
2253 4070 2412 4123 supra
2443 4063 2603 4124 caput
2633 4054 2906 4124 impositio
2931 4095 2945 4120 ,
2981 4053 3123 4123 quod
3156 4051 3383 4106 inferio-

103 4150 304 4217 λογίων
355 4151 448 4204 ἐπί
486 4151 724 4222 κεφαλῆς
773 4152 1050 4216 ἐπίθεσις,
1100 4155 1200 4207 οὐκ
1255 4154 1486 4223 ἐχόντων
1539 4154 1695 4208 τοῦτο

1862 4169 1882 4207 s
1910 4152 2125 4207 ordines
2155 4167 2258 4206 non
2289 4150 2526 4215 habent;
2561 4148 2937 4204 sacerdotibus
2967 4158 3155 4202 autem
3180 4145 3382 4198 utrius-

102 4241 216 4294 τῶν
240 4241 549 4312 ὑφειμένων
571 4242 864 4312 ταγμάτων
886 4261 898 4272 ·
930 4246 1042 4306 τοῖς
1065 4243 1120 4296 δέ
1147 4243 1404 4315 ἱερεῦσιν,
1429 4248 1462 4316 ἡ
1489 4246 1691 4317 ἀμφοῖν

103 4335 218 4386 τοῖν
240 4331 422 4384 ποδοῖν
448 4330 640 4396 κλίσις,
684 4332 784 4384 οὐκ
827 4332 1058 4403 ἐχούσης
1099 4332 1256 4386 τοῦτο
1295 4334 1394 4404 τῆς
1430 4334 1539 4388 τῶν
1579 4336 1690 4391 λει-

1797 4257 1903 4312 que
1943 4242 2094 4312 pedis
2131 4240 2415 4295 inclinatio
2443 4281 2458 4304 ,
2501 4255 2612 4309 quo
2661 4247 2809 4292 caret
2846 4236 3188 4292 consecratio
3226 4233 3384 4288 mini-

1794 4345 2063 4400 strornm,
2094 4333 2323 4388 ministri
2353 4333 2519 4400 enim,
2547 4341 2603 4386 ut
2628 4332 2832 4387 dictum
2867 4343 2969 4395 εει,
2999 4329 3226 4383 alterum
3252 4334 3372 4380 tau-

103 4417 356 4490 τουργῶν
387 4409 747 4484 τελειώσεως·
773 4423 821 4474 οἱ
847 4421 955 4493 γὰρ
985 4421 1306 4494 λειτουργοὶ,
1333 4423 1516 4487 καθὼς
1542 4425 1692 4497 εῖοη-

1862 4443 1910 4482 tn
1935 4442 2072 4498 genu
2101 4427 2344 4482 ﬂectunt.

102 4526 216 4576 ται,
247 4511 338 4564 τὸν
361 4511 456 4565 ἕνα
478 4511 743 4566 κλίνουσιν
771 4514 885 4566 τοῖν
914 4511 1092 4567 ποδοῖν
1117 4513 1297 4585 μόνον.

1651 4634 1680 4706 §
1714 4631 1795 4694 ΙΙ.

187 4769 255 4824 ’11
286 4770 386 4841 μὲν
419 4764 514 4824 οῦν
552 4770 644 4823 ἐπὶ
669 4770 731 4824 τὸ
755 4769 897 4824 θεῖον
943 4769 1325 4844 θυσιαστήριον
1365 4775 1700 4847 προσαγωγὴ

1877 4775 2063 4844 Itaque
2110 4789 2365 4832 accessus
2395 4774 2484 4830 ille
2515 4774 2581 4828 ad
2615 4771 2856 4828 divinum
2911 4769 3084 4824 altare
3123 4783 3378 4839 genuum-

106 4864 202 4918 καὶ
228 4863 547 4925 ὕπόπτωσις
574 4862 872 4914 αἰνίσσεται
898 4863 1032 4915 πᾶσι
1061 4866 1173 4927 τοῖς
1204 4864 1492 4934 ίερατικῶς
1519 4866 1702 4918 τελου-

1862 4887 1910 4926 te
1942 4871 2104 4926 ﬁexio
2154 4872 2394 4927 insinuat
2444 4869 2697 4924 omnibus
2729 4866 2795 4920 iis
2828 4865 2918 4935 qui
2951 4863 3125 4918 sacris
3171 4860 3384 4916 ordini-

109 4957 313 5027 μένοις,
373 4955 684 5009 ὑποτιθέναι
717 4955 945 5010 καθόλου
970 4957 1012 4988 “
1069 4958 1370 5033 τελετάρχῃ
1427 4959 1546 5031 Θεῷ
1600 4961 1700 5033 τὴν

1862 4979 1904 5019 Is
1935 4964 2241 5028 initiantur,
2267 4963 2430 5016 vitam
2459 4959 2734 5031 propriam
2767 4954 2877 5010 Deo
2902 4996 2916 5018 ,
2953 4951 3384 5009 consecrationis

103 5048 313 5102 οἰκείαν
343 5047 509 5119 ζωὴν,
545 5048 639 5101 καὶ
666 5048 766 5118 τὴν
801 5048 1010 5102 ἐαυτῶν
1052 5049 1245 5123 νοερὰν
1281 5052 1532 5124 όλότητα,
1566 5054 1701 5107 πάν-

105 5160 268 5212 αγνον
331 5139 481 5211 αὑτῷ
544 5142 638 5195 καὶ
684 5141 1094 5214 καθιερωμένην
1148 5148 1553 5215 προσαγαγεῖν,
1604 5148 1700 5200 καὶ

103 5235 322 5306 ὁμοειδῆ
346 5235 411 5298 ⁷³,
457 5236 568 5297 καὶ,
616 5233 691 5297 ὡς
719 5235 976 5298 δυνατὸν,
1012 5234 1168 5300 ἀξίαν
1208 5232 1374 5290 οὖσαν
1411 5237 1504 5290 τοῦ
1535 5238 1696 5311 θεαρ-

109 5323 271 5394 χικοῦ
300 5325 394 5377 καὶ
435 5322 844 5391 παναγεστάτου
891 5324 985 5376 καὶ
1027 5323 1225 5394 ἱερείου
1268 5325 1362 5377 καὶ
1400 5325 1695 5397 θυσιαστη-

110 5416 226 5484 ρίου
248 5416 294 5448 ⁷³
331 5415 428 5469 τοῦ
467 5413 850 5487 καθιεροῦντος
883 5416 1170 5488 ίερατικῶς
1207 5416 1335 5480 τοὺς
1379 5416 1629 5482 θεοειδεῖς
1651 5418 1698 5450 ⁷⁵

110 5509 255 5573 νόας.

1804 5057 2035 5123 auctori,
2069 5056 2286 5126 penitus
2313 5052 2724 5121 subjiciendum,
2780 5063 2881 5102 nec
2922 5063 3029 5100 non
3081 5041 3379 5116 spiritalem

1805 5148 2170 5216 integritatem
2225 5147 2448 5201 omnino
2504 5143 2690 5214 potam
2757 5148 3155 5212 purgatamqne
3221 5147 3384 5204 atque

1806 5240 2127 5296 uniformem
2161 5237 2490 5293 oﬂerendam
2522 5223 2673 5302 esse,
2712 5242 2806 5299 ut,
2838 5244 3097 5302 quantum
3137 5231 3251 5286 ﬁeri
3283 5223 3386 5300 po-

1809 5342 1951 5396 test,
1985 5333 2142 5402 digna
2193 5332 2263 5386 sit
2310 5330 2492 5385 divino
2528 5326 2734 5397 templo
2781 5335 2838 5382 et
2885 5325 3045 5380 altari
3098 5322 3256 5391 eius,
3296 5325 3387 5395 qui

1805 5423 2060 5478 sanctiori
2113 5421 2324 5476 ratione
2375 5411 2666 5476 deil'orm’es
2700 5426 2908 5474 mentes
2936 5424 3240 5472 consecrat.

1429 5622 1659 5679 VAle
1696 5621 2080 5680 LECTIONES

181 5763 224 5791 ⁸⁵
257 5759 690 5844 αποκιληρόψχεις.
738 5757 898 5844 fit?
923 5759 1065 5814 θείου
1095 5762 1307 5834 θησίας,
1345 5763 1443 5819 Ch.
1471 5763 1529 5817 υ.
1608 5764 1646 5794 ⁷⁸
1674 5761 1794 5820 add.
1826 5761 1918 5833 τῷ.
1999 5763 2042 5795 ⁷²
2078 5762 2266 5819 desunt
2305 5759 2414 5819 haec
2453 5754 2503 5815 itt
2537 5756 2592 5815 S.
2613 5768 2666 5814 et
2686 5757 2747 5815 Ρ.
2826 5759 2870 5791 ⁷³
2897 5758 2988 5812 καὶ
3017 5753 3163 5830 ίεροῦ
3195 5755 3382 5814 θυαε.-

738 5833 780 5864 “
808 5829 1000 5896 θείους.

114 5831 353 5901 erupis-.2,
383 5832 442 5886 S.
473 5831 533 5886 ιι.
565 5833 624 5887 D.
