  <div class='ocr_page' id='page_1' title='image "/cluster/home/n/w/nwhite01/storage/ocr_20150623/3/hvd.32044014713192/267.png"; bbox 0 0 3730 6314; ppageno 0'>
   <div class='ocr_carea' id='block_1_1' title="bbox 350 298 459 359">
    <p class='ocr_par' dir='ltr' id='par_1_1' title="bbox 350 298 459 359">
     <span class='ocr_line' id='line_1_1' title="bbox 350 298 459 359; baseline 0 -1"><span class='ocrx_word' id='word_1_1' title='bbox 350 298 459 359; x_wconf 69' lang='grc'><strong>519</strong></span> 
     </span>
    </p>
   </div>
   <div class='ocr_carea' id='block_1_2' title="bbox 1519 294 2419 360">
    <p class='ocr_par' dir='ltr' id='par_1_2' title="bbox 1519 294 2419 360">
     <span class='ocr_line' id='line_1_2' title="bbox 1519 294 2419 360; baseline 0.004 -6"><span class='ocrx_word' id='word_1_2' title='bbox 1519 300 1576 354; x_wconf 78' lang='lat' dir='ltr'><strong>S.</strong></span> <span class='ocrx_word' id='word_1_3' title='bbox 1614 294 1909 356; x_wconf 74' lang='lat' dir='ltr'><strong>DiONYSiI</strong></span> <span class='ocrx_word' id='word_1_4' title='bbox 1954 299 2419 360; x_wconf 59' lang='lat' dir='ltr'><strong>AREOPAGITAE</strong></span> 
     </span>
    </p>
   </div>
   <div class='ocr_carea' id='block_1_3' title="bbox 3508 299 3617 358">
    <p class='ocr_par' dir='ltr' id='par_1_3' title="bbox 3508 299 3617 358">
     <span class='ocr_line' id='line_1_3' title="bbox 3508 299 3617 358; baseline -0.073 -1"><span class='ocrx_word' id='word_1_5' title='bbox 3508 299 3617 358; x_wconf 21' lang='lat'><strong>520.</strong></span> 
     </span>
    </p>
   </div>
   <div class='ocr_carea' id='block_1_4' title="bbox 352 412 3608 491">
    <p class='ocr_par' dir='ltr' id='par_1_4' title="bbox 352 412 3608 491">
     <span class='ocr_line' id='line_1_4' title="bbox 352 412 3608 491; baseline 0.002 -18"><span class='ocrx_word' id='word_1_6' title='bbox 352 428 439 491; x_wconf 87' lang='lat' dir='ltr'><strong>ter</strong></span> <span class='ocrx_word' id='word_1_7' title='bbox 459 418 679 491; x_wconf 62' lang='lat' dir='ltr'><strong>directa:</strong></span> <span class='ocrx_word' id='word_1_8' title='bbox 711 416 929 491; x_wconf 76' lang='lat' dir='ltr'><strong>fuerunt</strong></span> <span class='ocrx_word' id='word_1_9' title='bbox 968 417 1022 471; x_wconf 91' lang='lat' dir='ltr'><strong>in</strong></span> <span class='ocrx_word' id='word_1_10' title='bbox 1046 412 1284 491; x_wconf 72' lang='lat' dir='ltr'><strong>Manilia.</strong></span> <span class='ocrx_word' id='word_1_11' title='bbox 1320 413 1611 491; x_wconf 72' lang='lat' dir='ltr'><strong>electione.</strong></span> <span class='ocrx_word' id='word_1_12' title='bbox 1662 413 1851 491; x_wconf 79' lang='lat' dir='ltr'><strong>itaque</strong></span> <span class='ocrx_word' id='word_1_13' title='bbox 1879 424 2056 491; x_wconf 80' lang='lat' dir='ltr'><strong>sortes</strong></span> <span class='ocrx_word' id='word_1_14' title='bbox 2096 416 2392 491; x_wconf 68' lang='lat' dir='ltr'><strong>divisorize,</strong></span> <span class='ocrx_word' id='word_1_15' title='bbox 2427 434 2546 491; x_wconf 45' lang='lat' dir='ltr'><strong>quae</strong></span> <span class='ocrx_word' id='word_1_16' title='bbox 2590 433 2697 477; x_wconf 81' lang='lat' dir='ltr'><strong>nec</strong></span> <span class='ocrx_word' id='word_1_17' title='bbox 2727 419 2925 479; x_wconf 81' lang='lat' dir='ltr'><strong>cedunt</strong></span> <span class='ocrx_word' id='word_1_18' title='bbox 2964 418 3023 477; x_wconf 88' lang='lat' dir='ltr'><strong>in</strong></span> <span class='ocrx_word' id='word_1_19' title='bbox 3052 415 3312 491; x_wconf 71' lang='lat' dir='ltr'><strong>iniuriam</strong></span> <span class='ocrx_word' id='word_1_20' title='bbox 3348 421 3495 477; x_wconf 87' lang='lat' dir='ltr'><strong>tertii</strong></span> <span class='ocrx_word' id='word_1_21' title='bbox 3521 435 3608 479; x_wconf 79' lang='lat' dir='ltr'><strong>aut</strong></span> 
     </span>
    </p>
   </div>
   <div class='ocr_carea' id='block_1_5' title="bbox 352 486 3608 561">
    <p class='ocr_par' dir='ltr' id='par_1_5' title="bbox 352 486 3608 561">
     <span class='ocr_line' id='line_1_5' title="bbox 352 486 3608 561; baseline 0.002 -20"><span class='ocrx_word' id='word_1_22' title='bbox 352 490 491 561; x_wconf 87' lang='lat' dir='ltr'><strong>reip.</strong></span> <span class='ocrx_word' id='word_1_23' title='bbox 517 497 607 545; x_wconf 80' lang='lat' dir='ltr'><strong>aut</strong></span> <span class='ocrx_word' id='word_1_24' title='bbox 632 486 905 561; x_wconf 59' lang='lat' dir='ltr'><strong>Ecclesia},</strong></span> <span class='ocrx_word' id='word_1_25' title='bbox 938 502 1112 561; x_wconf 85' lang='lat' dir='ltr'><strong>neque</strong></span> <span class='ocrx_word' id='word_1_26' title='bbox 1137 489 1382 556; x_wconf 79' lang='lat' dir='ltr'><strong>irrogaut</strong></span> <span class='ocrx_word' id='word_1_27' title='bbox 1412 486 1828 561; x_wconf 75' lang='lat' dir='ltr'><strong>irreverentiam</strong></span> <span class='ocrx_word' id='word_1_28' title='bbox 1854 487 2021 541; x_wconf 84' lang='lat' dir='ltr'><strong>rebus</strong></span> <span class='ocrx_word' id='word_1_29' title='bbox 2042 489 2237 561; x_wconf 55' lang='lat' dir='ltr'><strong>sacris,</strong></span> <span class='ocrx_word' id='word_1_30' title='bbox 2263 498 2321 543; x_wconf 86' lang='grc' dir='ltr'>ιιι</span> <span class='ocrx_word' id='word_1_31' title='bbox 2343 486 2471 561; x_wconf 83' lang='lat' dir='ltr'><strong>dum</strong></span> <span class='ocrx_word' id='word_1_32' title='bbox 2501 489 2793 546; x_wconf 67' lang='lat' dir='ltr'><strong>liaereditas</strong></span> <span class='ocrx_word' id='word_1_33' title='bbox 2816 490 3041 561; x_wconf 80' lang='lat' dir='ltr'><strong>profana</strong></span> <span class='ocrx_word' id='word_1_34' title='bbox 3070 486 3233 546; x_wconf 76' lang='lat' dir='ltr'><strong>datur</strong></span> <span class='ocrx_word' id='word_1_35' title='bbox 3262 492 3505 546; x_wconf 88' lang='lat' dir='ltr'><strong>sortibus</strong></span> <span class='ocrx_word' id='word_1_36' title='bbox 3520 510 3608 551; x_wconf 87' lang='lat' dir='ltr'><strong>ac-</strong></span> 
     </span>
    </p>
   </div>
   <div class='ocr_carea' id='block_1_6' title="bbox 350 556 3604 631">
    <p class='ocr_par' dir='ltr' id='par_1_6' title="bbox 350 556 3604 631">
     <span class='ocr_line' id='line_1_6' title="bbox 350 556 3604 631; baseline 0.001 -17"><span class='ocrx_word' id='word_1_37' title='bbox 350 556 527 631; x_wconf 74' lang='lat' dir='ltr'><strong>ceptis</strong></span> <span class='ocrx_word' id='word_1_38' title='bbox 556 574 622 612; x_wconf 75' lang='lat' dir='ltr'><strong>ex</strong></span> <span class='ocrx_word' id='word_1_39' title='bbox 658 558 797 631; x_wconf 89' lang='lat' dir='ltr'><strong>libro</strong></span> <span class='ocrx_word' id='word_1_40' title='bbox 818 556 1251 631; x_wconf 73' lang='lat' dir='ltr'><strong>Evangelion</strong></span> <span class='ocrx_word' id='word_1_41' title='bbox 1273 597 1289 621; x_wconf 95' lang='lat'><strong>,</strong></span> <span class='ocrx_word' id='word_1_42' title='bbox 1314 556 1612 623; x_wconf 66' lang='lat' dir='ltr'><strong>etc.,licitae</strong></span> <span class='ocrx_word' id='word_1_43' title='bbox 1633 564 1760 611; x_wconf 89' lang='lat' dir='ltr'><strong>sunt</strong></span> <span class='ocrx_word' id='word_1_44' title='bbox 1796 566 1987 631; x_wconf 74' lang='lat' dir='ltr'><strong>natura</strong></span> <span class='ocrx_word' id='word_1_45' title='bbox 2021 572 2138 612; x_wconf 83' lang='lat' dir='ltr'><strong>sua.</strong></span> <span class='ocrx_word' id='word_1_46' title='bbox 2171 558 2532 616; x_wconf 71' lang='lat' dir='ltr'><strong>Consultorize</strong></span> <span class='ocrx_word' id='word_1_47' title='bbox 2560 572 2743 617; x_wconf 88' lang='lat' dir='ltr'><strong>autem</strong></span> <span class='ocrx_word' id='word_1_48' title='bbox 2781 556 2837 616; x_wconf 76' lang='lat' dir='ltr'><strong>et</strong></span> <span class='ocrx_word' id='word_1_49' title='bbox 2863 563 3212 618; x_wconf 68' lang='lat' dir='ltr'><strong>divinatorire</strong></span> <span class='ocrx_word' id='word_1_50' title='bbox 3244 577 3604 631; x_wconf 85' lang='lat' dir='ltr'><strong>nequaquam,</strong></span> 
     </span>
    </p>
   </div>
   <div class='ocr_carea' id='block_1_7' title="bbox 351 629 1605 700">
    <p class='ocr_par' dir='ltr' id='par_1_7' title="bbox 351 629 1605 700">
     <span class='ocr_line' id='line_1_7' title="bbox 351 629 1605 700; baseline 0.001 -18"><span class='ocrx_word' id='word_1_51' title='bbox 351 631 455 700; x_wconf 85' lang='lat' dir='ltr'><strong>nisi</strong></span> <span class='ocrx_word' id='word_1_52' title='bbox 487 629 788 700; x_wconf 87' lang='lat' dir='ltr'><strong>intercedat</strong></span> <span class='ocrx_word' id='word_1_53' title='bbox 814 629 1102 700; x_wconf 88' lang='lat' dir='ltr'><strong>inspiratio</strong></span> <span class='ocrx_word' id='word_1_54' title='bbox 1127 630 1337 691; x_wconf 88' lang='lat' dir='ltr'><strong>divina,</strong></span> <span class='ocrx_word' id='word_1_55' title='bbox 1367 632 1450 700; x_wconf 81' lang='lat' dir='ltr'><strong>vel</strong></span> <span class='ocrx_word' id='word_1_56' title='bbox 1483 642 1605 700; x_wconf 68' lang='lat' dir='ltr'><strong>mag</strong></span> 
     </span>
    </p>
   </div>
   <div class='ocr_carea' id='block_1_8' title="bbox 1612 627 3604 700">
    <p class='ocr_par' dir='ltr' id='par_1_8' title="bbox 1612 627 3604 700">
     <span class='ocr_line' id='line_1_8' title="bbox 1612 627 3604 700; baseline 0.001 -19"><span class='ocrx_word' id='word_1_57' title='bbox 1612 642 1678 700; x_wconf 85' lang='lat' dir='ltr'><strong>na</strong></span> <span class='ocrx_word' id='word_1_58' title='bbox 1730 627 2056 700; x_wconf 64' lang='lat' dir='ltr'><strong>necessitate</strong></span> <span class='ocrx_word' id='word_1_59' title='bbox 2092 639 2317 700; x_wconf 73' lang='lat' dir='ltr'><strong>urgente</strong></span> <span class='ocrx_word' id='word_1_60' title='bbox 2354 630 2515 684; x_wconf 79' lang='lat' dir='ltr'><strong>aliter</strong></span> <span class='ocrx_word' id='word_1_61' title='bbox 2550 631 2774 687; x_wconf 89' lang='lat' dir='ltr'><strong>dubium</strong></span> <span class='ocrx_word' id='word_1_62' title='bbox 2822 633 3002 689; x_wconf 84' lang='lat' dir='ltr'><strong>dirimi</strong></span> <span class='ocrx_word' id='word_1_63' title='bbox 3045 634 3257 699; x_wconf 83' lang='lat' dir='ltr'><strong>nequit,</strong></span> <span class='ocrx_word' id='word_1_64' title='bbox 3312 627 3604 691; x_wconf 42' lang='lat' dir='ltr'><strong>tunc—enim</strong></span> 
     </span>
    </p>
   </div>
   <div class='ocr_carea' id='block_1_9' title="bbox 350 695 3603 773">
    <p class='ocr_par' dir='ltr' id='par_1_9' title="bbox 350 695 3603 773">
     <span class='ocr_line' id='line_1_9' title="bbox 350 695 3603 773; baseline 0.002 -22"><span class='ocrx_word' id='word_1_65' title='bbox 350 698 564 762; x_wconf 91' lang='lat' dir='ltr'><strong>liceret,</strong></span> <span class='ocrx_word' id='word_1_66' title='bbox 600 695 1189 773; x_wconf 13' lang='lat' dir='ltr'><strong>prmmissai&#39;oratione,</strong></span> <span class='ocrx_word' id='word_1_67' title='bbox 1217 710 1366 753; x_wconf 91' lang='lat' dir='ltr'><strong>sorte</strong></span> <span class='ocrx_word' id='word_1_68' title='bbox 1397 698 1533 773; x_wconf 77' lang='lat' dir='ltr'><strong>illud</strong></span> <span class='ocrx_word' id='word_1_69' title='bbox 1544 695 1845 773; x_wconf 69' lang='lat' dir='ltr'><strong>_«liritner_e._</strong></span> <span class='ocrx_word' id='word_1_70' title='bbox 1870 695 1936 750; x_wconf 88' lang='lat' dir='ltr'><strong>Et</strong></span> <span class='ocrx_word' id='word_1_71' title='bbox 1977 697 2055 773; x_wconf 77' lang='lat' dir='ltr'><strong>sic</strong></span> <span class='ocrx_word' id='word_1_72' title='bbox 2079 699 2137 755; x_wconf 91' lang='lat' dir='ltr'><strong>S.</strong></span> <span class='ocrx_word' id='word_1_73' title='bbox 2161 695 2392 769; x_wconf 51' lang='lat' dir='ltr'><strong>August.</strong></span> <span class='ocrx_word' id='word_1_74' title='bbox 2436 702 2489 757; x_wconf 92' lang='lat' dir='ltr'><strong>in</strong></span> <span class='ocrx_word' id='word_1_75' title='bbox 2542 704 2679 773; x_wconf 85' lang='lat' dir='ltr'><strong>psal.</strong></span> <span class='ocrx_word' id='word_1_76' title='bbox 2728 719 2834 758; x_wconf 75' lang='lat' dir='ltr'><strong>nx</strong></span> <span class='ocrx_word' id='word_1_77' title='bbox 2881 704 3032 769; x_wconf 85' lang='lat' dir='ltr'><strong>dicit,</strong></span> <span class='ocrx_word' id='word_1_78' title='bbox 3084 695 3262 760; x_wconf 79' lang='lat' dir='ltr'><strong>sortes</strong></span> <span class='ocrx_word' id='word_1_79' title='bbox 3299 701 3442 759; x_wconf 83' lang='lat' dir='ltr'><strong>nihil</strong></span> <span class='ocrx_word' id='word_1_80' title='bbox 3467 703 3603 765; x_wconf 79' lang='lat' dir='ltr'><strong>aliud</strong></span> 
     </span>
    </p>
   </div>
   <div class='ocr_carea' id='block_1_10' title="bbox 351 764 2278 840">
    <p class='ocr_par' dir='ltr' id='par_1_10' title="bbox 351 764 2278 840">
     <span class='ocr_line' id='line_1_10' title="bbox 351 764 2278 840; baseline 0.002 -16"><span class='ocrx_word' id='word_1_81' title='bbox 351 783 494 834; x_wconf 80' lang='lat' dir='ltr'><strong>esse,</strong></span> <span class='ocrx_word' id='word_1_82' title='bbox 536 764 699 840; x_wconf 79' lang='lat' dir='ltr'><strong>quam</strong></span> <span class='ocrx_word' id='word_1_83' title='bbox 735 770 787 824; x_wconf 93' lang='lat' dir='ltr'><strong>in</strong></span> <span class='ocrx_word' id='word_1_84' title='bbox 815 771 1155 826; x_wconf 90' lang='lat' dir='ltr'><strong>dubitatione</strong></span> <span class='ocrx_word' id='word_1_85' title='bbox 1176 770 1416 825; x_wconf 79' lang='lat' dir='ltr'><strong>huiuana</strong></span> <span class='ocrx_word' id='word_1_86' title='bbox 1446 767 1707 823; x_wconf 90' lang='lat' dir='ltr'><strong>iudicium</strong></span> <span class='ocrx_word' id='word_1_87' title='bbox 1739 764 1936 820; x_wconf 78' lang='lat' dir='ltr'><strong>divina:</strong></span> <span class='ocrx_word' id='word_1_88' title='bbox 1958 764 2278 827; x_wconf 59' lang='lat' dir='ltr'><strong>voluntatis:</strong></span> 
     </span>
    </p>
   </div>
   <div class='ocr_carea' id='block_1_11' title="bbox 1393 1052 2551 1127">
    <p class='ocr_par' dir='ltr' id='par_1_11' title="bbox 1393 1052 2551 1127">
     <span class='ocr_line' id='line_1_11' title="bbox 1393 1052 2551 1127; baseline 0.001 -15"><span class='ocrx_word' id='word_1_89' title='bbox 1393 1055 1881 1113; x_wconf 79' lang='lat' dir='ltr'><strong>PARAPHRASIS</strong></span> <span class='ocrx_word' id='word_1_90' title='bbox 1926 1052 2373 1113; x_wconf 65' lang='lat' dir='ltr'><strong>PACHYMERIE</strong></span> <span class='ocrx_word' id='word_1_91' title='bbox 2412 1055 2551 1127; x_wconf 69' lang='grc'><strong>(26).</strong></span> 
     </span>
    </p>
   </div>
   <div class='ocr_carea' id='block_1_12' title="bbox 417 1190 1914 1273">
    <p class='ocr_par' dir='ltr' id='par_1_12' title="bbox 417 1191 1914 1273">
     <span class='ocr_line' id='line_1_12' title="bbox 417 1191 1914 1273; baseline -0.003 -19"><span class='ocrx_word' id='word_1_92' title='bbox 417 1191 447 1273; x_wconf 65' lang='grc' dir='ltr'><strong>ς</strong></span> <span class='ocrx_word' id='word_1_93' title='bbox 482 1199 522 1254; x_wconf 92' lang='lat' dir='ltr'><strong>i.</strong></span> <span class='ocrx_word' id='word_1_94' title='bbox 555 1198 681 1254; x_wconf 69' lang='lat' dir='ltr'><strong>Haze</strong></span> <span class='ocrx_word' id='word_1_95' title='bbox 705 1198 772 1253; x_wconf 89' lang='lat' dir='ltr'><strong>de</strong></span> <span class='ocrx_word' id='word_1_96' title='bbox 789 1198 970 1254; x_wconf 87' lang='lat' dir='ltr'><strong>divino</strong></span> <span class='ocrx_word' id='word_1_97' title='bbox 989 1198 1324 1270; x_wconf 81' lang='lat' dir='ltr'><strong>mysticoque</strong></span> <span class='ocrx_word' id='word_1_98' title='bbox 1348 1207 1643 1268; x_wconf 82' lang='lat' dir='ltr'><strong>unguento;</strong></span> <span class='ocrx_word' id='word_1_99' title='bbox 1672 1207 1914 1253; x_wconf 65' lang='lat' dir='ltr'><strong>caeterum</strong></span> 
     </span>
    </p>
   </div>
   <div class='ocr_carea' id='block_1_13' title="bbox 2087 1190 3602 1273">
    <p class='ocr_par' dir='ltr' id='par_1_13' title="bbox 2102 1190 3602 1269">
     <span class='ocr_line' id='line_1_13' title="bbox 2102 1190 3602 1269; baseline -0.005 -19"><span class='ocrx_word' id='word_1_100' title='bbox 2102 1196 2130 1269; x_wconf 59' lang='grc' dir='ltr'>ᾗ</span> <span class='ocrx_word' id='word_1_101' title='bbox 2165 1196 2202 1250; x_wconf 93' lang='grc'><strong>1.</strong></span> <span class='ocrx_word' id='word_1_102' title='bbox 2244 1196 2429 1250; x_wconf 80' lang='grc' dir='ltr'>Ταῦτα</span> <span class='ocrx_word' id='word_1_103' title='bbox 2454 1194 2524 1248; x_wconf 89' lang='grc' dir='ltr'><strong>τά</strong></span> <span class='ocrx_word' id='word_1_104' title='bbox 2550 1192 2793 1265; x_wconf 72' lang='grc' dir='ltr'>περὶτοῦ</span> <span class='ocrx_word' id='word_1_105' title='bbox 2822 1190 2966 1246; x_wconf 78' lang='grc' dir='ltr'>θείου</span> <span class='ocrx_word' id='word_1_106' title='bbox 2999 1192 3093 1246; x_wconf 74' lang='grc' dir='ltr'>καὶ</span> <span class='ocrx_word' id='word_1_107' title='bbox 3122 1192 3386 1265; x_wconf 84' lang='grc' dir='ltr'>μυστικοῦ</span> <span class='ocrx_word' id='word_1_108' title='bbox 3416 1191 3602 1264; x_wconf 74' lang='grc' dir='ltr'>μύρου.</span> 
     </span>
    </p>
   </div>
   <div class='ocr_carea' id='block_1_14' title="bbox 345 1290 1921 1361">
    <p class='ocr_par' dir='ltr' id='par_1_14' title="bbox 345 1290 1921 1361">
     <span class='ocr_line' id='line_1_14' title="bbox 345 1290 1921 1361; baseline -0.003 -13"><span class='ocrx_word' id='word_1_109' title='bbox 345 1296 508 1349; x_wconf 79' lang='lat' dir='ltr'><strong>modo</strong></span> <span class='ocrx_word' id='word_1_110' title='bbox 549 1302 763 1360; x_wconf 78' lang='lat' dir='ltr'><strong>tempus</strong></span> <span class='ocrx_word' id='word_1_111' title='bbox 789 1301 875 1345; x_wconf 91' lang='lat' dir='ltr'><strong>e.-t</strong></span> <span class='ocrx_word' id='word_1_112' title='bbox 917 1292 1220 1361; x_wconf 83' lang='lat' dir='ltr'><strong>exponendi</strong></span> <span class='ocrx_word' id='word_1_113' title='bbox 1254 1290 1513 1361; x_wconf 89' lang='lat' dir='ltr'><strong>ipsosmet</strong></span> <span class='ocrx_word' id='word_1_114' title='bbox 1547 1305 1737 1345; x_wconf 89' lang='lat' dir='ltr'><strong>sacros</strong></span> <span class='ocrx_word' id='word_1_115' title='bbox 1773 1292 1921 1345; x_wconf 87' lang='lat' dir='ltr'><strong>ordi-</strong></span> 
     </span>
    </p>
   </div>
   <div class='ocr_carea' id='block_1_15' title="bbox 343 1382 1920 1449">
    <p class='ocr_par' dir='ltr' id='par_1_15' title="bbox 343 1382 1920 1449">
     <span class='ocr_line' id='line_1_15' title="bbox 343 1382 1920 1449; baseline -0.003 -8"><span class='ocrx_word' id='word_1_116' title='bbox 343 1400 464 1449; x_wconf 85' lang='lat' dir='ltr'><strong>nes,</strong></span> <span class='ocrx_word' id='word_1_117' title='bbox 522 1399 587 1439; x_wconf 84' lang='lat' dir='ltr'><strong>ac</strong></span> <span class='ocrx_word' id='word_1_118' title='bbox 630 1383 950 1439; x_wconf 79' lang='lat' dir='ltr'><strong>sortitiones</strong></span> <span class='ocrx_word' id='word_1_119' title='bbox 986 1397 1079 1436; x_wconf 88' lang='lat' dir='ltr'><strong>seu</strong></span> <span class='ocrx_word' id='word_1_120' title='bbox 1129 1382 1560 1439; x_wconf 86' lang='lat' dir='ltr'><strong>distributiones.</strong></span> <span class='ocrx_word' id='word_1_121' title='bbox 1592 1382 1705 1437; x_wconf 88' lang='lat' dir='ltr'><strong>ilac</strong></span> <span class='ocrx_word' id='word_1_122' title='bbox 1736 1391 1920 1438; x_wconf 89' lang='lat' dir='ltr'><strong>autem</strong></span> 
     </span>
    </p>
   </div>
   <div class='ocr_carea' id='block_1_16' title="bbox 342 1473 1926 1545">
    <p class='ocr_par' dir='ltr' id='par_1_16' title="bbox 342 1473 1926 1545">
     <span class='ocr_line' id='line_1_16' title="bbox 342 1473 1926 1545; baseline 0.001 -17"><span class='ocrx_word' id='word_1_123' title='bbox 342 1488 480 1530; x_wconf 84' lang='lat' dir='ltr'><strong>voce</strong></span> <span class='ocrx_word' id='word_1_124' title='bbox 506 1475 696 1541; x_wconf 90' lang='lat' dir='ltr'><strong>utitur,</strong></span> <span class='ocrx_word' id='word_1_125' title='bbox 738 1475 865 1543; x_wconf 86' lang='lat' dir='ltr'><strong>quia</strong></span> <span class='ocrx_word' id='word_1_126' title='bbox 908 1473 1134 1543; x_wconf 86' lang='lat' dir='ltr'><strong>quilibet</strong></span> <span class='ocrx_word' id='word_1_127' title='bbox 1163 1475 1299 1529; x_wconf 83' lang='lat' dir='ltr'><strong>ordo</strong></span> <span class='ocrx_word' id='word_1_128' title='bbox 1327 1473 1735 1530; x_wconf 78' lang='lat' dir='ltr'><strong>ecclesiasticus</strong></span> <span class='ocrx_word' id='word_1_129' title='bbox 1766 1490 1926 1545; x_wconf 79' lang='lat' dir='ltr'><strong>sepa-</strong></span> 
     </span>
    </p>
   </div>
   <div class='ocr_carea' id='block_1_17' title="bbox 343 1566 1922 1637">
    <p class='ocr_par' dir='ltr' id='par_1_17' title="bbox 343 1566 1922 1637">
     <span class='ocr_line' id='line_1_17' title="bbox 343 1566 1922 1637; baseline -0.001 -14"><span class='ocrx_word' id='word_1_130' title='bbox 343 1568 500 1623; x_wconf 72' lang='lat' dir='ltr'><strong>ratim</strong></span> <span class='ocrx_word' id='word_1_131' title='bbox 528 1567 693 1622; x_wconf 85' lang='lat' dir='ltr'><strong>habet</strong></span> <span class='ocrx_word' id='word_1_132' title='bbox 714 1566 1086 1623; x_wconf 85' lang='lat' dir='ltr'><strong>ecclesiastica</strong></span> <span class='ocrx_word' id='word_1_133' title='bbox 1131 1566 1439 1621; x_wconf 87' lang='lat' dir='ltr'><strong>ministeria</strong></span> <span class='ocrx_word' id='word_1_134' title='bbox 1467 1576 1618 1622; x_wconf 80' lang='lat' dir='ltr'><strong>sorte</strong></span> <span class='ocrx_word' id='word_1_135' title='bbox 1653 1566 1922 1637; x_wconf 87' lang='lat' dir='ltr'><strong>quodam-</strong></span> 
     </span>
    </p>
   </div>
   <div class='ocr_carea' id='block_1_18' title="bbox 343 1659 1922 1731">
    <p class='ocr_par' dir='ltr' id='par_1_18' title="bbox 343 1659 1922 1731">
     <span class='ocr_line' id='line_1_18' title="bbox 343 1659 1922 1731; baseline 0.001 -17"><span class='ocrx_word' id='word_1_136' title='bbox 343 1662 503 1716; x_wconf 88' lang='lat' dir='ltr'><strong>modo</strong></span> <span class='ocrx_word' id='word_1_137' title='bbox 539 1661 643 1715; x_wconf 88' lang='lat' dir='ltr'><strong>sibi</strong></span> <span class='ocrx_word' id='word_1_138' title='bbox 667 1660 950 1722; x_wconf 84' lang='lat' dir='ltr'><strong>attributa,</strong></span> <span class='ocrx_word' id='word_1_139' title='bbox 977 1675 1097 1729; x_wconf 75' lang='lat' dir='ltr'><strong>qua:</strong></span> <span class='ocrx_word' id='word_1_140' title='bbox 1125 1662 1404 1731; x_wconf 65' lang='lat' dir='ltr'><strong>praeterire</strong></span> <span class='ocrx_word' id='word_1_141' title='bbox 1437 1661 1645 1731; x_wconf 87' lang='lat' dir='ltr'><strong>nequit.</strong></span> <span class='ocrx_word' id='word_1_142' title='bbox 1681 1659 1922 1716; x_wconf 82' lang='lat' dir='ltr'><strong>Virtutes</strong></span> 
     </span>
    </p>
   </div>
   <div class='ocr_carea' id='block_1_19' title="bbox 341 1749 1924 1819">
    <p class='ocr_par' dir='ltr' id='par_1_19' title="bbox 341 1749 1924 1819">
     <span class='ocr_line' id='line_1_19' title="bbox 341 1749 1924 1819; baseline -0.002 -14"><span class='ocrx_word' id='word_1_143' title='bbox 341 1762 523 1806; x_wconf 84' lang='lat' dir='ltr'><strong>autem</strong></span> <span class='ocrx_word' id='word_1_144' title='bbox 560 1761 615 1805; x_wconf 86' lang='lat' dir='ltr'><strong>et</strong></span> <span class='ocrx_word' id='word_1_145' title='bbox 648 1751 896 1807; x_wconf 83' lang='lat' dir='ltr'><strong>actiones</strong></span> <span class='ocrx_word' id='word_1_146' title='bbox 928 1766 1036 1804; x_wconf 90' lang='lat' dir='ltr'><strong>uno</strong></span> <span class='ocrx_word' id='word_1_147' title='bbox 1061 1750 1361 1819; x_wconf 88' lang='lat' dir='ltr'><strong>eodemque</strong></span> <span class='ocrx_word' id='word_1_148' title='bbox 1387 1765 1551 1805; x_wconf 89' lang='lat' dir='ltr'><strong>sensu</strong></span> <span class='ocrx_word' id='word_1_149' title='bbox 1581 1750 1829 1819; x_wconf 90' lang='lat' dir='ltr'><strong>accipere</strong></span> <span class='ocrx_word' id='word_1_150' title='bbox 1857 1749 1924 1802; x_wconf 93' lang='lat' dir='ltr'><strong>ii-</strong></span> 
     </span>
    </p>
   </div>
   <div class='ocr_carea' id='block_1_20' title="bbox 340 1840 1922 1911">
    <p class='ocr_par' dir='ltr' id='par_1_20' title="bbox 340 1840 1922 1911">
     <span class='ocr_line' id='line_1_20' title="bbox 340 1840 1922 1911; baseline -0.003 -13"><span class='ocrx_word' id='word_1_151' title='bbox 340 1853 484 1909; x_wconf 90' lang='lat' dir='ltr'><strong>ceat,</strong></span> <span class='ocrx_word' id='word_1_152' title='bbox 543 1858 667 1897; x_wconf 90' lang='lat' dir='ltr'><strong>cum</strong></span> <span class='ocrx_word' id='word_1_153' title='bbox 719 1842 860 1896; x_wconf 90' lang='lat' dir='ltr'><strong>idem</strong></span> <span class='ocrx_word' id='word_1_154' title='bbox 919 1840 1181 1896; x_wconf 85' lang='lat' dir='ltr'><strong>valeant:</strong></span> <span class='ocrx_word' id='word_1_155' title='bbox 1216 1842 1483 1911; x_wconf 83' lang='lat' dir='ltr'><strong>siquidem</strong></span> <span class='ocrx_word' id='word_1_156' title='bbox 1531 1841 1742 1897; x_wconf 79' lang='lat' dir='ltr'><strong>dicendi</strong></span> <span class='ocrx_word' id='word_1_157' title='bbox 1796 1848 1922 1895; x_wconf 85' lang='lat' dir='ltr'><strong>sunt</strong></span> 
     </span>
    </p>
   </div>
   <div class='ocr_carea' id='block_1_21' title="bbox 338 1931 1921 2003">
    <p class='ocr_par' dir='ltr' id='par_1_21' title="bbox 338 1931 1921 2003">
     <span class='ocr_line' id='line_1_21' title="bbox 338 1931 1921 2003; baseline -0.003 -12"><span class='ocrx_word' id='word_1_158' title='bbox 338 1935 717 1991; x_wconf 87' lang='lat' dir='ltr'><strong>doctrinaliter</strong></span> <span class='ocrx_word' id='word_1_159' title='bbox 748 1933 1003 2003; x_wconf 78' lang='lat' dir='ltr'><strong>expiandi</strong></span> <span class='ocrx_word' id='word_1_160' title='bbox 1044 1943 1099 1987; x_wconf 92' lang='lat' dir='ltr'><strong>et</strong></span> <span class='ocrx_word' id='word_1_161' title='bbox 1145 1934 1485 1990; x_wconf 88' lang='lat' dir='ltr'><strong>iiluminandi</strong></span> <span class='ocrx_word' id='word_1_162' title='bbox 1520 1933 1629 1989; x_wconf 89' lang='lat' dir='ltr'><strong>vim</strong></span> <span class='ocrx_word' id='word_1_163' title='bbox 1656 1941 1709 1988; x_wconf 92' lang='lat' dir='ltr'><strong>et</strong></span> <span class='ocrx_word' id='word_1_164' title='bbox 1741 1931 1921 1988; x_wconf 78' lang='lat' dir='ltr'><strong>enica-</strong></span> 
     </span>
    </p>
   </div>
   <div class='ocr_carea' id='block_1_22' title="bbox 340 2028 1922 2099">
    <p class='ocr_par' dir='ltr' id='par_1_22' title="bbox 340 2028 1922 2099">
     <span class='ocr_line' id='line_1_22' title="bbox 340 2028 1922 2099; baseline -0.001 -14"><span class='ocrx_word' id='word_1_165' title='bbox 340 2030 486 2085; x_wconf 84' lang='lat' dir='ltr'><strong>ciam</strong></span> <span class='ocrx_word' id='word_1_166' title='bbox 516 2030 785 2085; x_wconf 88' lang='lat' dir='ltr'><strong>obtinere.</strong></span> <span class='ocrx_word' id='word_1_167' title='bbox 833 2028 1072 2083; x_wconf 87' lang='lat' dir='ltr'><strong>Primum</strong></span> <span class='ocrx_word' id='word_1_168' title='bbox 1102 2030 1248 2084; x_wconf 90' lang='lat' dir='ltr'><strong>enim</strong></span> <span class='ocrx_word' id='word_1_169' title='bbox 1281 2044 1590 2099; x_wconf 88' lang='lat' dir='ltr'><strong>possumus,</strong></span> <span class='ocrx_word' id='word_1_170' title='bbox 1629 2044 1693 2083; x_wconf 87' lang='lat' dir='ltr'><strong>ac</strong></span> <span class='ocrx_word' id='word_1_171' title='bbox 1722 2028 1922 2083; x_wconf 86' lang='lat' dir='ltr'><strong>deinde</strong></span> 
     </span>
    </p>
   </div>
   <div class='ocr_carea' id='block_1_23' title="bbox 338 2120 1918 2192">
    <p class='ocr_par' dir='ltr' id='par_1_23' title="bbox 338 2120 1918 2192">
     <span class='ocr_line' id='line_1_23' title="bbox 338 2120 1918 2192; baseline -0.001 -18"><span class='ocrx_word' id='word_1_172' title='bbox 338 2122 578 2190; x_wconf 81' lang='lat' dir='ltr'><strong>agimus.</strong></span> <span class='ocrx_word' id='word_1_173' title='bbox 608 2120 799 2176; x_wconf 82' lang='lat' dir='ltr'><strong>Liceat</strong></span> <span class='ocrx_word' id='word_1_174' title='bbox 829 2135 1045 2191; x_wconf 85' lang='lat' dir='ltr'><strong>quoque</strong></span> <span class='ocrx_word' id='word_1_175' title='bbox 1068 2120 1229 2175; x_wconf 83' lang='lat' dir='ltr'><strong>aliter</strong></span> <span class='ocrx_word' id='word_1_176' title='bbox 1251 2121 1610 2192; x_wconf 74' lang='lat' dir='ltr'><strong>distinguere.</strong></span> <span class='ocrx_word' id='word_1_177' title='bbox 1644 2136 1709 2176; x_wconf 89' lang='lat' dir='ltr'><strong>ac</strong></span> <span class='ocrx_word' id='word_1_178' title='bbox 1742 2121 1918 2175; x_wconf 89' lang='lat' dir='ltr'><strong>virtu-</strong></span> 
     </span>
    </p>
   </div>
   <div class='ocr_carea' id='block_1_24' title="bbox 338 2214 1915 2285">
    <p class='ocr_par' dir='ltr' id='par_1_24' title="bbox 338 2214 1915 2285">
     <span class='ocr_line' id='line_1_24' title="bbox 338 2214 1915 2285; baseline -0.003 -16"><span class='ocrx_word' id='word_1_179' title='bbox 338 2224 422 2269; x_wconf 87' lang='lat' dir='ltr'><strong>tes</strong></span> <span class='ocrx_word' id='word_1_180' title='bbox 455 2214 671 2285; x_wconf 82' lang='lat' dir='ltr'><strong>quidem</strong></span> <span class='ocrx_word' id='word_1_181' title='bbox 702 2215 953 2283; x_wconf 89' lang='lat' dir='ltr'><strong>accipere</strong></span> <span class='ocrx_word' id='word_1_182' title='bbox 976 2229 1074 2283; x_wconf 91' lang='lat' dir='ltr'><strong>pro</strong></span> <span class='ocrx_word' id='word_1_183' title='bbox 1104 2214 1261 2269; x_wconf 91' lang='lat' dir='ltr'><strong>donis</strong></span> <span class='ocrx_word' id='word_1_184' title='bbox 1293 2214 1629 2282; x_wconf 82' lang='lat' dir='ltr'><strong>spiritalibus</strong></span> <span class='ocrx_word' id='word_1_185' title='bbox 1661 2229 1726 2269; x_wconf 90' lang='lat' dir='ltr'><strong>ac</strong></span> <span class='ocrx_word' id='word_1_186' title='bbox 1750 2215 1915 2269; x_wconf 87' lang='lat' dir='ltr'><strong>meri-</strong></span> 
     </span>
    </p>
   </div>
   <div class='ocr_carea' id='block_1_25' title="bbox 338 2307 1923 2377">
    <p class='ocr_par' dir='ltr' id='par_1_25' title="bbox 338 2307 1923 2377">
     <span class='ocr_line' id='line_1_25' title="bbox 338 2307 1923 2377; baseline -0.002 -14"><span class='ocrx_word' id='word_1_187' title='bbox 338 2310 445 2374; x_wconf 87' lang='lat' dir='ltr'><strong>tis;</strong></span> <span class='ocrx_word' id='word_1_188' title='bbox 488 2307 733 2362; x_wconf 82' lang='lat' dir='ltr'><strong>actinues</strong></span> <span class='ocrx_word' id='word_1_189' title='bbox 757 2322 886 2361; x_wconf 85' lang='lat' dir='ltr'><strong>vero</strong></span> <span class='ocrx_word' id='word_1_190' title='bbox 916 2323 1016 2377; x_wconf 91' lang='lat' dir='ltr'><strong>pro</strong></span> <span class='ocrx_word' id='word_1_191' title='bbox 1047 2307 1406 2372; x_wconf 87' lang='lat' dir='ltr'><strong>ministeriis;</strong></span> <span class='ocrx_word' id='word_1_192' title='bbox 1435 2307 1799 2376; x_wconf 77' lang='lat' dir='ltr'><strong>perfectiones</strong></span> <span class='ocrx_word' id='word_1_193' title='bbox 1824 2322 1923 2360; x_wconf 86' lang='lat' dir='ltr'><strong>att-</strong></span> 
     </span>
    </p>
   </div>
   <div class='ocr_carea' id='block_1_26' title="bbox 338 2396 1918 2466">
    <p class='ocr_par' dir='ltr' id='par_1_26' title="bbox 338 2396 1918 2466">
     <span class='ocr_line' id='line_1_26' title="bbox 338 2396 1918 2466; baseline -0.001 -15"><span class='ocrx_word' id='word_1_194' title='bbox 338 2407 446 2451; x_wconf 91' lang='lat' dir='ltr'><strong>tem</strong></span> <span class='ocrx_word' id='word_1_195' title='bbox 497 2396 844 2451; x_wconf 80' lang='lat' dir='ltr'><strong>manifestum</strong></span> <span class='ocrx_word' id='word_1_196' title='bbox 878 2407 982 2459; x_wconf 88' lang='lat' dir='ltr'><strong>est,</strong></span> <span class='ocrx_word' id='word_1_197' title='bbox 1033 2397 1175 2466; x_wconf 90' lang='lat' dir='ltr'><strong>quod</strong></span> <span class='ocrx_word' id='word_1_198' title='bbox 1225 2396 1277 2451; x_wconf 91' lang='lat' dir='ltr'><strong>in</strong></span> <span class='ocrx_word' id='word_1_199' title='bbox 1320 2396 1797 2452; x_wconf 70' lang='lat' dir='ltr'><strong>constitutionibus</strong></span> <span class='ocrx_word' id='word_1_200' title='bbox 1823 2412 1918 2451; x_wconf 76' lang='lat' dir='ltr'><strong>seu</strong></span> 
     </span>
    </p>
   </div>
   <div class='ocr_carea' id='block_1_27' title="bbox 334 2488 1920 2558">
    <p class='ocr_par' dir='ltr' id='par_1_27' title="bbox 334 2488 1920 2558">
     <span class='ocr_line' id='line_1_27' title="bbox 334 2488 1920 2558; baseline -0.002 -15"><span class='ocrx_word' id='word_1_201' title='bbox 334 2488 781 2545; x_wconf 82' lang='lat' dir='ltr'><strong>ordinationibus</strong></span> <span class='ocrx_word' id='word_1_202' title='bbox 812 2490 1167 2558; x_wconf 84' lang='lat' dir='ltr'><strong>accipiemus.</strong></span> <span class='ocrx_word' id='word_1_203' title='bbox 1200 2488 1292 2544; x_wconf 71' lang='lat' dir='ltr'><strong>Sic</strong></span> <span class='ocrx_word' id='word_1_204' title='bbox 1315 2492 1457 2543; x_wconf 88' lang='lat' dir='ltr'><strong>enim</strong></span> <span class='ocrx_word' id='word_1_205' title='bbox 1495 2489 1546 2542; x_wconf 92' lang='lat' dir='ltr'><strong>in</strong></span> <span class='ocrx_word' id='word_1_206' title='bbox 1577 2501 1759 2543; x_wconf 87' lang='lat' dir='ltr'><strong>nostra</strong></span> <span class='ocrx_word' id='word_1_207' title='bbox 1784 2504 1920 2557; x_wconf 85' lang='lat' dir='ltr'><strong>quo-</strong></span> 
     </span>
    </p>
   </div>
   <div class='ocr_carea' id='block_1_28' title="bbox 2026 1284 3607 1363">
    <p class='ocr_par' dir='ltr' id='par_1_28' title="bbox 2026 1284 3607 1363">
     <span class='ocr_line' id='line_1_28' title="bbox 2026 1284 3607 1363; baseline -0.004 -19"><span class='ocrx_word' id='word_1_208' title='bbox 2026 1290 2213 1363; x_wconf 78' lang='grc' dir='ltr'>καιρὸς</span> <span class='ocrx_word' id='word_1_209' title='bbox 2236 1290 2281 1343; x_wconf 82' lang='grc' dir='ltr'>δ’</span> <span class='ocrx_word' id='word_1_210' title='bbox 2308 1289 2373 1344; x_wconf 81' lang='grc' dir='ltr'><strong>ἂν</strong></span> <span class='ocrx_word' id='word_1_211' title='bbox 2396 1288 2481 1359; x_wconf 78' lang='grc' dir='ltr'><strong>εἴη</strong></span> <span class='ocrx_word' id='word_1_212' title='bbox 2500 1284 2683 1342; x_wconf 81' lang='grc' dir='ltr'>λοιπὸν</span> <span class='ocrx_word' id='word_1_213' title='bbox 2710 1286 2846 1359; x_wconf 82' lang='grc' dir='ltr'>μετὰ</span> <span class='ocrx_word' id='word_1_214' title='bbox 2869 1285 3040 1339; x_wconf 83' lang='grc' dir='ltr'>ταῦτα</span> <span class='ocrx_word' id='word_1_215' title='bbox 3066 1285 3317 1341; x_wconf 73' lang='grc' dir='ltr'>ἐκθέσθαι</span> <span class='ocrx_word' id='word_1_216' title='bbox 3337 1284 3438 1349; x_wconf 81' lang='grc' dir='ltr'>τὰς</span> <span class='ocrx_word' id='word_1_217' title='bbox 3469 1288 3607 1356; x_wconf 61' lang='grc' dir='ltr'>ἱερατ-</span> 
     </span>
    </p>
   </div>
   <div class='ocr_carea' id='block_1_29' title="bbox 2023 1375 3605 1454">
    <p class='ocr_par' dir='ltr' id='par_1_29' title="bbox 2023 1375 3605 1454">
     <span class='ocr_line' id='line_1_29' title="bbox 2023 1375 3605 1454; baseline -0.004 -17"><span class='ocrx_word' id='word_1_218' title='bbox 2023 1383 2182 1448; x_wconf 81' lang='grc' dir='ltr'>τικάς</span> <span class='ocrx_word' id='word_1_219' title='bbox 2206 1382 2387 1450; x_wconf 79' lang='grc' dir='ltr'>τάξεις</span> <span class='ocrx_word' id='word_1_220' title='bbox 2413 1376 2505 1436; x_wconf 70' lang='grc' dir='ltr'><strong>καί</strong></span> <span class='ocrx_word' id='word_1_221' title='bbox 2535 1378 2963 1454; x_wconf 79' lang='grc' dir='ltr'>ἀποκληρώσεις.</span> <span class='ocrx_word' id='word_1_222' title='bbox 2994 1378 3165 1435; x_wconf 81' lang='grc' dir='ltr'>Τοῦτο</span> <span class='ocrx_word' id='word_1_223' title='bbox 3187 1375 3244 1432; x_wconf 78' lang='grc' dir='ltr'>δὲ</span> <span class='ocrx_word' id='word_1_224' title='bbox 3270 1378 3419 1447; x_wconf 84' lang='grc' dir='ltr'>λέγει</span> <span class='ocrx_word' id='word_1_225' title='bbox 3445 1377 3531 1430; x_wconf 69' lang='grc' dir='ltr'><strong>διὰ</strong></span> <span class='ocrx_word' id='word_1_226' title='bbox 3550 1379 3605 1431; x_wconf 80' lang='grc' dir='ltr'>τὸ</span> 
     </span>
    </p>
   </div>
   <div class='ocr_carea' id='block_1_30' title="bbox 2025 1467 3606 1546">
    <p class='ocr_par' dir='ltr' id='par_1_30' title="bbox 2025 1467 3606 1546">
     <span class='ocr_line' id='line_1_30' title="bbox 2025 1467 3606 1546; baseline -0.007 -16"><span class='ocrx_word' id='word_1_227' title='bbox 2025 1476 2261 1546; x_wconf 70' lang='grc' dir='ltr'>ἑκάστην</span> <span class='ocrx_word' id='word_1_228' title='bbox 2277 1472 2426 1540; x_wconf 79' lang='grc' dir='ltr'>τάξιν</span> <span class='ocrx_word' id='word_1_229' title='bbox 2456 1471 2732 1544; x_wconf 76' lang='grc' dir='ltr'>ἱερατικὴν</span> <span class='ocrx_word' id='word_1_230' title='bbox 2752 1469 3130 1543; x_wconf 75' lang='grc' dir='ltr'>ἀφωρισμένως</span> <span class='ocrx_word' id='word_1_231' title='bbox 3152 1469 3294 1539; x_wconf 78' lang='grc' dir='ltr'>ἔχειν</span> <span class='ocrx_word' id='word_1_232' title='bbox 3332 1467 3434 1538; x_wconf 80' lang='grc' dir='ltr'><strong>τῆς</strong></span> <span class='ocrx_word' id='word_1_233' title='bbox 3464 1470 3606 1539; x_wconf 80' lang='grc' dir='ltr'>ἱερα-</span> 
     </span>
    </p>
   </div>
   <div class='ocr_carea' id='block_1_31' title="bbox 2021 1557 3605 1638">
    <p class='ocr_par' dir='ltr' id='par_1_31' title="bbox 2021 1557 3605 1638">
     <span class='ocr_line' id='line_1_31' title="bbox 2021 1557 3605 1638; baseline -0.008 -16"><span class='ocrx_word' id='word_1_234' title='bbox 2021 1568 2171 1631; x_wconf 80' lang='grc' dir='ltr'>τείας</span> <span class='ocrx_word' id='word_1_235' title='bbox 2195 1565 2496 1638; x_wconf 77' lang='grc' dir='ltr'><strong>ὑπηρεσίας</strong></span> <span class='ocrx_word' id='word_1_236' title='bbox 2523 1564 2798 1634; x_wconf 84' lang='grc' dir='ltr'>ἀποκεκλη</span> <span class='ocrx_word' id='word_1_237' title='bbox 2809 1564 3056 1634; x_wconf 83' lang='grc' dir='ltr'>ρωμένας</span> <span class='ocrx_word' id='word_1_238' title='bbox 3075 1557 3184 1615; x_wconf 78' lang='grc' dir='ltr'>οἷον</span> <span class='ocrx_word' id='word_1_239' title='bbox 3202 1558 3438 1630; x_wconf 76' lang='grc' dir='ltr'>αύτῇ,ἀς</span> <span class='ocrx_word' id='word_1_240' title='bbox 3452 1559 3605 1630; x_wconf 80' lang='grc' dir='ltr'>ὑπερ·</span> 
     </span>
    </p>
   </div>
   <div class='ocr_carea' id='block_1_32' title="bbox 2024 1651 3605 1733">
    <p class='ocr_par' dir='ltr' id='par_1_32' title="bbox 2024 1651 3605 1733">
     <span class='ocr_line' id='line_1_32' title="bbox 2024 1651 3605 1733; baseline -0.007 -19"><span class='ocrx_word' id='word_1_241' title='bbox 2024 1661 2183 1733; x_wconf 79' lang='grc' dir='ltr'>ϐῆναι</span> <span class='ocrx_word' id='word_1_242' title='bbox 2209 1661 2267 1713; x_wconf 85' lang='grc' dir='ltr'><strong>οὐ</strong></span> <span class='ocrx_word' id='word_1_243' title='bbox 2291 1658 2531 1713; x_wconf 82' lang='grc' dir='ltr'>δύναται.</span> <span class='ocrx_word' id='word_1_244' title='bbox 2546 1657 2811 1727; x_wconf 77' lang='grc' dir='ltr'><strong>Δυνάμεις</strong></span> <span class='ocrx_word' id='word_1_245' title='bbox 2826 1655 2882 1708; x_wconf 83' lang='grc' dir='ltr'>δὲ</span> <span class='ocrx_word' id='word_1_246' title='bbox 2896 1656 2986 1708; x_wconf 71' lang='grc' dir='ltr'><strong>καί</strong></span> <span class='ocrx_word' id='word_1_247' title='bbox 3004 1656 3087 1708; x_wconf 81' lang='grc' dir='ltr'><strong>ὲνε</strong></span> <span class='ocrx_word' id='word_1_248' title='bbox 3098 1653 3282 1726; x_wconf 87' lang='grc' dir='ltr'>ργείας</span> <span class='ocrx_word' id='word_1_249' title='bbox 3296 1653 3374 1705; x_wconf 73' lang='grc' dir='ltr'><strong>ενι</strong></span> <span class='ocrx_word' id='word_1_250' title='bbox 3389 1651 3487 1723; x_wconf 76' lang='grc' dir='ltr'>μὲν</span> <span class='ocrx_word' id='word_1_251' title='bbox 3515 1652 3605 1704; x_wconf 85' lang='grc' dir='ltr'>λα-</span> 
     </span>
    </p>
   </div>
   <div class='ocr_carea' id='block_1_33' title="bbox 2024 1745 3602 1824">
    <p class='ocr_par' dir='ltr' id='par_1_33' title="bbox 2024 1745 3602 1824">
     <span class='ocr_line' id='line_1_33' title="bbox 2024 1745 3602 1824; baseline -0.006 -15"><span class='ocrx_word' id='word_1_252' title='bbox 2024 1756 2138 1810; x_wconf 78' lang='grc' dir='ltr'>ϐεῖν</span> <span class='ocrx_word' id='word_1_253' title='bbox 2157 1755 2240 1824; x_wconf 76' lang='grc' dir='ltr'><strong>ἐφ’</strong></span> <span class='ocrx_word' id='word_1_254' title='bbox 2258 1754 2374 1817; x_wconf 82' lang='grc' dir='ltr'>ἑνὸς</span> <span class='ocrx_word' id='word_1_255' title='bbox 2390 1754 2676 1824; x_wconf 85' lang='grc' dir='ltr'>νοήματος,</span> <span class='ocrx_word' id='word_1_256' title='bbox 2695 1752 2770 1814; x_wconf 85' lang='grc' dir='ltr'>ὼς</span> <span class='ocrx_word' id='word_1_257' title='bbox 2787 1750 3241 1819; x_wconf 80' lang='grc' dir='ltr'>ταύτοδυνάμους·</span> <span class='ocrx_word' id='word_1_258' title='bbox 3265 1746 3364 1819; x_wconf 79' lang='grc' dir='ltr'>τὴν</span> <span class='ocrx_word' id='word_1_259' title='bbox 3389 1747 3498 1818; x_wconf 80' lang='grc' dir='ltr'>γὰρ</span> <span class='ocrx_word' id='word_1_260' title='bbox 3514 1745 3602 1799; x_wconf 78' lang='grc' dir='ltr'>τοῦ</span> 
     </span>
    </p>
   </div>
   <div class='ocr_carea' id='block_1_34' title="bbox 2024 1838 3603 1919">
    <p class='ocr_par' dir='ltr' id='par_1_34' title="bbox 2024 1838 3603 1919">
     <span class='ocr_line' id='line_1_34' title="bbox 2024 1838 3603 1919; baseline -0.008 -18"><span class='ocrx_word' id='word_1_261' title='bbox 2024 1846 2304 1919; x_wconf 86' lang='grc' dir='ltr'>καθαίρειν</span> <span class='ocrx_word' id='word_1_262' title='bbox 2316 1846 2408 1900; x_wconf 76' lang='grc' dir='ltr'><strong>καὶ</strong></span> <span class='ocrx_word' id='word_1_263' title='bbox 2424 1843 2677 1913; x_wconf 73' lang='grc' dir='ltr'>φωτίζειν</span> <span class='ocrx_word' id='word_1_264' title='bbox 2690 1840 3078 1904; x_wconf 80' lang='grc' dir='ltr'><strong>διδασκαλικῶς</strong></span> <span class='ocrx_word' id='word_1_265' title='bbox 3095 1840 3377 1911; x_wconf 76' lang='grc' dir='ltr'>ἐνέργειαν</span> <span class='ocrx_word' id='word_1_266' title='bbox 3388 1838 3603 1891; x_wconf 77' lang='grc' dir='ltr'>λεκτέον</span> 
     </span>
    </p>
   </div>
   <div class='ocr_carea' id='block_1_35' title="bbox 2022 1927 3606 2007">
    <p class='ocr_par' dir='ltr' id='par_1_35' title="bbox 2022 1927 3606 2007">
     <span class='ocr_line' id='line_1_35' title="bbox 2022 1927 3606 2007; baseline -0.006 -16"><span class='ocrx_word' id='word_1_267' title='bbox 2022 1934 2116 1992; x_wconf 74' lang='grc' dir='ltr'><strong>καὶ</strong></span> <span class='ocrx_word' id='word_1_268' title='bbox 2131 1936 2376 2007; x_wconf 88' lang='grc' dir='ltr'>δύναμιν.</span> <span class='ocrx_word' id='word_1_269' title='bbox 2398 1934 2618 2007; x_wconf 84' lang='grc' dir='ltr'>Πρῶτον</span> <span class='ocrx_word' id='word_1_270' title='bbox 2632 1932 2739 2005; x_wconf 89' lang='grc' dir='ltr'><strong>γάρ</strong></span> <span class='ocrx_word' id='word_1_271' title='bbox 2754 1930 3046 2001; x_wconf 84' lang='grc' dir='ltr'>δυνάμεθα,</span> <span class='ocrx_word' id='word_1_272' title='bbox 3069 1930 3160 1984; x_wconf 71' lang='grc' dir='ltr'><strong>καί</strong></span> <span class='ocrx_word' id='word_1_273' title='bbox 3174 1930 3348 1992; x_wconf 68' lang='grc' dir='ltr'>οὕτως</span> <span class='ocrx_word' id='word_1_274' title='bbox 3364 1927 3606 2000; x_wconf 78' lang='grc' dir='ltr'>ἐνεργοῦ-</span> 
     </span>
    </p>
   </div>
   <div class='ocr_carea' id='block_1_36' title="bbox 2025 2020 3603 2103">
    <p class='ocr_par' dir='ltr' id='par_1_36' title="bbox 2025 2020 3603 2103">
     <span class='ocr_line' id='line_1_36' title="bbox 2025 2020 3603 2103; baseline -0.006 -19"><span class='ocrx_word' id='word_1_275' title='bbox 2025 2048 2142 2103; x_wconf 88' lang='grc' dir='ltr'>μεν.</span> <span class='ocrx_word' id='word_1_276' title='bbox 2152 2028 2305 2083; x_wconf 84' lang='grc' dir='ltr'>Ἐστι</span> <span class='ocrx_word' id='word_1_277' title='bbox 2318 2027 2374 2081; x_wconf 80' lang='grc' dir='ltr'>δὲ</span> <span class='ocrx_word' id='word_1_278' title='bbox 2387 2028 2479 2081; x_wconf 77' lang='grc' dir='ltr'>καὶ</span> <span class='ocrx_word' id='word_1_279' title='bbox 2491 2027 2690 2099; x_wconf 80' lang='grc' dir='ltr'><strong>ἑτέρως</strong></span> <span class='ocrx_word' id='word_1_280' title='bbox 2701 2021 3117 2085; x_wconf 81' lang='grc' dir='ltr'>διαστείλασθαι,</span> <span class='ocrx_word' id='word_1_281' title='bbox 3132 2024 3225 2077; x_wconf 73' lang='grc' dir='ltr'><strong>καὶ</strong></span> <span class='ocrx_word' id='word_1_282' title='bbox 3238 2022 3497 2093; x_wconf 82' lang='grc' dir='ltr'>δυνάμεις</span> <span class='ocrx_word' id='word_1_283' title='bbox 3510 2020 3603 2092; x_wconf 71' lang='grc' dir='ltr'>μὲν</span> 
     </span>
    </p>
   </div>
   <div class='ocr_carea' id='block_1_37' title="bbox 2022 2116 3602 2191">
    <p class='ocr_par' dir='ltr' id='par_1_37' title="bbox 2022 2116 3602 2191">
     <span class='ocr_line' id='line_1_37' title="bbox 2022 2116 3602 2191; baseline -0.005 -12"><span class='ocrx_word' id='word_1_284' title='bbox 2022 2123 2346 2180; x_wconf 77' lang='grc' dir='ltr'>ὲκλαὸέσθαι</span> <span class='ocrx_word' id='word_1_285' title='bbox 2366 2121 2464 2186; x_wconf 76' lang='grc' dir='ltr'>τὰς</span> <span class='ocrx_word' id='word_1_286' title='bbox 2497 2119 2865 2191; x_wconf 82' lang='grc' dir='ltr'>πνευματικὰς</span> <span class='ocrx_word' id='word_1_287' title='bbox 2890 2118 3097 2191; x_wconf 82' lang='grc' dir='ltr'>δωρεὰς</span> <span class='ocrx_word' id='word_1_288' title='bbox 3123 2118 3218 2173; x_wconf 75' lang='grc' dir='ltr'><strong>καὶ</strong></span> <span class='ocrx_word' id='word_1_289' title='bbox 3243 2116 3425 2183; x_wconf 62' lang='grc' dir='ltr'><strong>ἀξίας⁸</strong></span> <span class='ocrx_word' id='word_1_290' title='bbox 3457 2119 3602 2187; x_wconf 84' lang='grc' dir='ltr'>ὲνερ-</span> 
     </span>
    </p>
   </div>
   <div class='ocr_carea' id='block_1_38' title="bbox 2021 2208 3601 2288">
    <p class='ocr_par' dir='ltr' id='par_1_38' title="bbox 2021 2208 3601 2288">
     <span class='ocr_line' id='line_1_38' title="bbox 2021 2208 3601 2288; baseline -0.006 -16"><span class='ocrx_word' id='word_1_291' title='bbox 2021 2235 2083 2288; x_wconf 90' lang='grc' dir='ltr'><strong>γε</strong></span> <span class='ocrx_word' id='word_1_292' title='bbox 2091 2216 2239 2281; x_wconf 84' lang='grc' dir='ltr'>ίαςδὲ</span> <span class='ocrx_word' id='word_1_293' title='bbox 2251 2217 2348 2281; x_wconf 89' lang='grc' dir='ltr'><strong>τάς</strong></span> <span class='ocrx_word' id='word_1_294' title='bbox 2363 2215 2536 2268; x_wconf 89' lang='grc' dir='ltr'>λειτου</span> <span class='ocrx_word' id='word_1_295' title='bbox 2545 2212 2717 2285; x_wconf 81' lang='grc' dir='ltr'>ργίας’</span> <span class='ocrx_word' id='word_1_296' title='bbox 2736 2213 2833 2277; x_wconf 87' lang='grc' dir='ltr'><strong>τάς</strong></span> <span class='ocrx_word' id='word_1_297' title='bbox 2847 2213 2902 2266; x_wconf 84' lang='grc' dir='ltr'>δὲ</span> <span class='ocrx_word' id='word_1_298' title='bbox 2918 2210 3033 2265; x_wconf 83' lang='grc' dir='ltr'>τελε</span> <span class='ocrx_word' id='word_1_299' title='bbox 3043 2208 3517 2281; x_wconf 83' lang='grc' dir='ltr'>ιώσεις,πρόδηλον</span> <span class='ocrx_word' id='word_1_300' title='bbox 3530 2211 3601 2274; x_wconf 82' lang='grc' dir='ltr'>ὡς</span> 
     </span>
    </p>
   </div>
   <div class='ocr_carea' id='block_1_39' title="bbox 2020 2304 3600 2379">
    <p class='ocr_par' dir='ltr' id='par_1_39' title="bbox 2020 2304 3600 2379">
     <span class='ocr_line' id='line_1_39' title="bbox 2020 2304 3600 2379; baseline -0.006 -12"><span class='ocrx_word' id='word_1_301' title='bbox 2020 2312 2113 2367; x_wconf 77' lang='grc' dir='ltr'><strong>ἐπὶ</strong></span> <span class='ocrx_word' id='word_1_302' title='bbox 2139 2311 2245 2366; x_wconf 84' lang='grc' dir='ltr'><strong>τῶν</strong></span> <span class='ocrx_word' id='word_1_303' title='bbox 2272 2310 2657 2365; x_wconf 84' lang='grc' dir='ltr'>καταστάσεων</span> <span class='ocrx_word' id='word_1_304' title='bbox 2674 2348 2688 2371; x_wconf 94' lang='grc'><strong>,</strong></span> <span class='ocrx_word' id='word_1_305' title='bbox 2729 2307 2894 2379; x_wconf 72' lang='grc' dir='ltr'>ἦγουν</span> <span class='ocrx_word' id='word_1_306' title='bbox 2932 2305 3273 2378; x_wconf 83' lang='grc' dir='ltr'>χειροτονιῶν</span> <span class='ocrx_word' id='word_1_307' title='bbox 3298 2304 3600 2376; x_wconf 68' lang='grc' dir='ltr'>ὲκληψὸμεο</span> 
     </span>
    </p>
   </div>
   <div class='ocr_carea' id='block_1_40' title="bbox 2023 2397 3599 2474">
    <p class='ocr_par' dir='ltr' id='par_1_40' title="bbox 2023 2397 3599 2474">
     <span class='ocr_line' id='line_1_40' title="bbox 2023 2397 3599 2474; baseline -0.006 -16"><span class='ocrx_word' id='word_1_308' title='bbox 2023 2404 2114 2458; x_wconf 80' lang='grc' dir='ltr'>θα.</span> <span class='ocrx_word' id='word_1_309' title='bbox 2142 2399 2299 2457; x_wconf 68' lang='grc' dir='ltr'>Οὕτω</span> <span class='ocrx_word' id='word_1_310' title='bbox 2323 2401 2431 2474; x_wconf 85' lang='grc' dir='ltr'>γὰρ</span> <span class='ocrx_word' id='word_1_311' title='bbox 2456 2398 2548 2456; x_wconf 77' lang='grc' dir='ltr'>καὶ</span> <span class='ocrx_word' id='word_1_312' title='bbox 2573 2400 2663 2454; x_wconf 75' lang='grc' dir='ltr'>ἐπὶ</span> <span class='ocrx_word' id='word_1_313' title='bbox 2684 2400 2784 2471; x_wconf 81' lang='grc' dir='ltr'>τῆς</span> <span class='ocrx_word' id='word_1_314' title='bbox 2809 2399 2928 2454; x_wconf 86' lang='grc' dir='ltr'>καθ’</span> <span class='ocrx_word' id='word_1_315' title='bbox 2950 2401 3097 2471; x_wconf 83' lang='grc' dir='ltr'>ἡμᾶς</span> <span class='ocrx_word' id='word_1_316' title='bbox 3125 2398 3409 2469; x_wconf 82' lang='grc' dir='ltr'>ίεραρχίας</span> <span class='ocrx_word' id='word_1_317' title='bbox 3422 2397 3484 2451; x_wconf 77' lang='grc' dir='ltr'><strong>τὸ</strong></span> <span class='ocrx_word' id='word_1_318' title='bbox 3508 2398 3599 2467; x_wconf 65' lang='grc' dir='ltr'>μὶν</span> 
     </span>
    </p>
   </div>
   <div class='ocr_carea' id='block_1_41' title="bbox 2020 2486 3598 2566">
    <p class='ocr_par' dir='ltr' id='par_1_41' title="bbox 2020 2486 3598 2566">
     <span class='ocr_line' id='line_1_41' title="bbox 2020 2486 3598 2566; baseline -0.006 -13"><span class='ocrx_word' id='word_1_319' title='bbox 2020 2498 2256 2553; x_wconf 69' lang='grc' dir='ltr'>ἄτακτον</span> <span class='ocrx_word' id='word_1_320' title='bbox 2279 2498 2373 2551; x_wconf 77' lang='grc' dir='ltr'><strong>καὶ</strong></span> <span class='ocrx_word' id='word_1_321' title='bbox 2399 2490 2707 2566; x_wconf 79' lang='grc' dir='ltr'>ἀκόσμητον</span> <span class='ocrx_word' id='word_1_322' title='bbox 2736 2492 2950 2565; x_wconf 83' lang='grc' dir='ltr'>ἁμιγῶς</span> <span class='ocrx_word' id='word_1_323' title='bbox 2974 2491 3414 2561; x_wconf 79' lang='grc' dir='ltr'>διασταλήσεται,</span> <span class='ocrx_word' id='word_1_324' title='bbox 3455 2492 3515 2544; x_wconf 86' lang='grc' dir='ltr'><strong>τὸ</strong></span> <span class='ocrx_word' id='word_1_325' title='bbox 3545 2486 3598 2543; x_wconf 71' lang='grc' dir='ltr'>δέ</span> 
     </span>
    </p>
   </div>
   <div class='ocr_carea' id='block_1_42' title="bbox 335 2562 1914 2656">
    <p class='ocr_par' dir='ltr' id='par_1_42' title="bbox 335 2583 1914 2655">
     <span class='ocr_line' id='line_1_42' title="bbox 335 2583 1914 2655; baseline 0.001 -20"><span class='ocrx_word' id='word_1_326' title='bbox 335 2597 443 2653; x_wconf 88' lang='lat' dir='ltr'><strong>que</strong></span> <span class='ocrx_word' id='word_1_327' title='bbox 491 2583 799 2639; x_wconf 76' lang='lat' dir='ltr'><strong>bierareliia</strong></span> <span class='ocrx_word' id='word_1_328' title='bbox 846 2585 1107 2655; x_wconf 82' lang='lat' dir='ltr'><strong>quidquid</strong></span> <span class='ocrx_word' id='word_1_329' title='bbox 1153 2585 1570 2653; x_wconf 88' lang='lat' dir='ltr'><strong>incompositum</strong></span> <span class='ocrx_word' id='word_1_330' title='bbox 1614 2595 1669 2640; x_wconf 92' lang='lat' dir='ltr'><strong>et</strong></span> <span class='ocrx_word' id='word_1_331' title='bbox 1699 2587 1914 2640; x_wconf 85' lang='lat' dir='ltr'><strong>inorna-</strong></span> 
     </span>
    </p>
   </div>
   <div class='ocr_carea' id='block_1_43' title="bbox 2087 2562 3599 2656">
    <p class='ocr_par' dir='ltr' id='par_1_43' title="bbox 2087 2578 3599 2656">
     <span class='ocr_line' id='line_1_43' title="bbox 2087 2578 3599 2656; baseline -0.006 -16"><span class='ocrx_word' id='word_1_332' title='bbox 2087 2604 2281 2643; x_wconf 85' lang='grc' dir='ltr'>τακτον</span> <span class='ocrx_word' id='word_1_333' title='bbox 2308 2588 2402 2640; x_wconf 72' lang='grc' dir='ltr'><strong>καὶ</strong></span> <span class='ocrx_word' id='word_1_334' title='bbox 2428 2586 2652 2656; x_wconf 84' lang='grc' dir='ltr'>κόσμιον</span> <span class='ocrx_word' id='word_1_335' title='bbox 2679 2584 3102 2653; x_wconf 57' lang='grc' dir='ltr'>ἀναφανήσεται.</span> <span class='ocrx_word' id='word_1_336' title='bbox 3135 2582 3257 2633; x_wconf 86' lang='grc' dir='ltr'>Ὅτι</span> <span class='ocrx_word' id='word_1_337' title='bbox 3299 2583 3483 2632; x_wconf 78' lang='grc' dir='ltr'>τοίνυν</span> <span class='ocrx_word' id='word_1_338' title='bbox 3510 2578 3599 2633; x_wconf 73' lang='grc' dir='ltr'><strong>καὶ</strong></span> 
     </span>
    </p>
   </div>
   <div class='ocr_carea' id='block_1_44' title="bbox 338 2676 1921 2746">
    <p class='ocr_par' dir='ltr' id='par_1_44' title="bbox 338 2676 1921 2746">
     <span class='ocr_line' id='line_1_44' title="bbox 338 2676 1921 2746; baseline 0.003 -19"><span class='ocrx_word' id='word_1_339' title='bbox 338 2683 450 2727; x_wconf 86' lang='lat' dir='ltr'><strong>tum</strong></span> <span class='ocrx_word' id='word_1_340' title='bbox 502 2684 609 2737; x_wconf 79' lang='lat' dir='ltr'><strong>est,</strong></span> <span class='ocrx_word' id='word_1_341' title='bbox 661 2690 793 2743; x_wconf 86' lang='lat' dir='ltr'><strong>pure</strong></span> <span class='ocrx_word' id='word_1_342' title='bbox 830 2676 1228 2746; x_wconf 73' lang='lat' dir='ltr'><strong>segregabitur,</strong></span> <span class='ocrx_word' id='word_1_343' title='bbox 1280 2685 1461 2730; x_wconf 89' lang='lat' dir='ltr'><strong>rectus</strong></span> <span class='ocrx_word' id='word_1_344' title='bbox 1489 2683 1670 2729; x_wconf 84' lang='lat' dir='ltr'><strong>autem</strong></span> <span class='ocrx_word' id='word_1_345' title='bbox 1699 2677 1835 2729; x_wconf 89' lang='lat' dir='ltr'><strong>ordo</strong></span> <span class='ocrx_word' id='word_1_346' title='bbox 1866 2686 1921 2731; x_wconf 89' lang='lat' dir='ltr'><strong>et</strong></span> 
     </span>
    </p>
   </div>
   <div class='ocr_carea' id='block_1_45' title="bbox 333 2766 1917 2835">
    <p class='ocr_par' dir='ltr' id='par_1_45' title="bbox 333 2766 1917 2835">
     <span class='ocr_line' id='line_1_45' title="bbox 333 2766 1917 2835; baseline 0.001 -15"><span class='ocrx_word' id='word_1_347' title='bbox 333 2775 560 2820; x_wconf 89' lang='lat' dir='ltr'><strong>ornatus</strong></span> <span class='ocrx_word' id='word_1_348' title='bbox 583 2767 1060 2822; x_wconf 84' lang='lat' dir='ltr'><strong>dentonstrabitur.</strong></span> <span class='ocrx_word' id='word_1_349' title='bbox 1079 2766 1346 2835; x_wconf 84' lang='lat' dir='ltr'><strong>Quoniam</strong></span> <span class='ocrx_word' id='word_1_350' title='bbox 1367 2781 1498 2821; x_wconf 89' lang='lat' dir='ltr'><strong>vero</strong></span> <span class='ocrx_word' id='word_1_351' title='bbox 1523 2768 1575 2821; x_wconf 91' lang='lat' dir='ltr'><strong>in</strong></span> <span class='ocrx_word' id='word_1_352' title='bbox 1599 2768 1743 2823; x_wconf 90' lang='lat' dir='ltr'><strong>omni</strong></span> <span class='ocrx_word' id='word_1_353' title='bbox 1772 2768 1917 2823; x_wconf 87' lang='lat' dir='ltr'><strong>hier-</strong></span> 
     </span>
    </p>
   </div>
   <div class='ocr_carea' id='block_1_46' title="bbox 351 2858 1920 2930">
    <p class='ocr_par' dir='ltr' id='par_1_46' title="bbox 351 2858 1920 2930">
     <span class='ocr_line' id='line_1_46' title="bbox 351 2858 1920 2930; baseline 0.002 -17"><span class='ocrx_word' id='word_1_354' title='bbox 351 2859 536 2915; x_wconf 76' lang='lat' dir='ltr'><strong>arcliia</strong></span> <span class='ocrx_word' id='word_1_355' title='bbox 595 2858 785 2930; x_wconf 77' lang='lat' dir='ltr'><strong>triplex</strong></span> <span class='ocrx_word' id='word_1_356' title='bbox 818 2868 903 2914; x_wconf 91' lang='lat' dir='ltr'><strong>est</strong></span> <span class='ocrx_word' id='word_1_357' title='bbox 932 2860 1230 2926; x_wconf 89' lang='lat' dir='ltr'><strong>distinctio,</strong></span> <span class='ocrx_word' id='word_1_358' title='bbox 1260 2861 1399 2915; x_wconf 88' lang='lat' dir='ltr'><strong>sicut</strong></span> <span class='ocrx_word' id='word_1_359' title='bbox 1436 2860 1685 2930; x_wconf 87' lang='lat' dir='ltr'><strong>pulchre,</strong></span> <span class='ocrx_word' id='word_1_360' title='bbox 1715 2871 1775 2916; x_wconf 88' lang='lat' dir='ltr'><strong>ut</strong></span> <span class='ocrx_word' id='word_1_361' title='bbox 1802 2862 1920 2917; x_wconf 79' lang='lat' dir='ltr'><strong>exi-</strong></span> 
     </span>
    </p>
   </div>
   <div class='ocr_carea' id='block_1_47' title="bbox 336 2948 1918 3024">
    <p class='ocr_par' dir='ltr' id='par_1_47' title="bbox 336 2948 1918 3024">
     <span class='ocr_line' id='line_1_47' title="bbox 336 2948 1918 3024; baseline 0.004 -20"><span class='ocrx_word' id='word_1_362' title='bbox 336 2950 526 3016; x_wconf 88' lang='lat' dir='ltr'><strong>stimo,</strong></span> <span class='ocrx_word' id='word_1_363' title='bbox 583 2948 908 3021; x_wconf 74' lang='lat' dir='ltr'><strong>jampridem</strong></span> <span class='ocrx_word' id='word_1_364' title='bbox 958 2952 1299 3009; x_wconf 81' lang='lat' dir='ltr'><strong>ostendimus</strong></span> <span class='ocrx_word' id='word_1_365' title='bbox 1352 2969 1368 3007; x_wconf 89' lang='lat'><strong>:</strong></span> <span class='ocrx_word' id='word_1_366' title='bbox 1413 2954 1681 3024; x_wconf 85' lang='lat' dir='ltr'><strong>siquidem</strong></span> <span class='ocrx_word' id='word_1_367' title='bbox 1740 2954 1918 3010; x_wconf 83' lang='lat' dir='ltr'><strong>omnis</strong></span> 
     </span>
    </p>
   </div>
   <div class='ocr_carea' id='block_1_48' title="bbox 336 3043 1917 3114">
    <p class='ocr_par' dir='ltr' id='par_1_48' title="bbox 336 3043 1917 3114">
     <span class='ocr_line' id='line_1_48' title="bbox 336 3043 1917 3114; baseline 0.004 -17"><span class='ocrx_word' id='word_1_368' title='bbox 336 3043 547 3099; x_wconf 70' lang='lat' dir='ltr'><strong>l‘umtio</strong></span> <span class='ocrx_word' id='word_1_369' title='bbox 583 3043 928 3099; x_wconf 85' lang='lat' dir='ltr'><strong>hierarcbica</strong></span> <span class='ocrx_word' id='word_1_370' title='bbox 950 3044 1214 3099; x_wconf 85' lang='lat' dir='ltr'><strong>dividitur</strong></span> <span class='ocrx_word' id='word_1_371' title='bbox 1243 3045 1296 3100; x_wconf 90' lang='lat' dir='ltr'><strong>in</strong></span> <span class='ocrx_word' id='word_1_372' title='bbox 1328 3045 1472 3114; x_wconf 83' lang='lat' dir='ltr'><strong>ipsas</strong></span> <span class='ocrx_word' id='word_1_373' title='bbox 1502 3045 1831 3102; x_wconf 78' lang='lat' dir='ltr'><strong>initiationes</strong></span> <span class='ocrx_word' id='word_1_374' title='bbox 1860 3056 1917 3103; x_wconf 87' lang='lat' dir='ltr'><strong>et</strong></span> 
     </span>
    </p>
   </div>
   <div class='ocr_carea' id='block_1_49' title="bbox 332 3136 1233 3208">
    <p class='ocr_par' dir='ltr' id='par_1_49' title="bbox 332 3136 1233 3208">
     <span class='ocr_line' id='line_1_49' title="bbox 332 3136 1233 3208; baseline 0 -16"><span class='ocrx_word' id='word_1_375' title='bbox 332 3145 567 3208; x_wconf 83' lang='lat' dir='ltr'><strong>mystas,</strong></span> <span class='ocrx_word' id='word_1_376' title='bbox 594 3144 648 3190; x_wconf 90' lang='lat' dir='ltr'><strong>et</strong></span> <span class='ocrx_word' id='word_1_377' title='bbox 676 3151 771 3193; x_wconf 88' lang='lat' dir='ltr'><strong>eos</strong></span> <span class='ocrx_word' id='word_1_378' title='bbox 794 3136 886 3205; x_wconf 88' lang='lat' dir='ltr'><strong>qui</strong></span> <span class='ocrx_word' id='word_1_379' title='bbox 921 3136 1233 3192; x_wconf 86' lang='lat' dir='ltr'><strong>initiantur.</strong></span> 
     </span>
    </p>
   </div>
   <div class='ocr_carea' id='block_1_50' title="bbox 409 3226 1914 3301">
    <p class='ocr_par' dir='ltr' id='par_1_50' title="bbox 409 3226 1914 3301">
     <span class='ocr_line' id='line_1_50' title="bbox 409 3226 1914 3301; baseline 0.002 -20"><span class='ocrx_word' id='word_1_380' title='bbox 409 3226 438 3299; x_wconf 58' lang='grc' dir='ltr'>ᾗ</span> <span class='ocrx_word' id='word_1_381' title='bbox 467 3228 527 3282; x_wconf 94' lang='lat' dir='ltr'><strong>Il.</strong></span> <span class='ocrx_word' id='word_1_382' title='bbox 563 3227 749 3298; x_wconf 85' lang='lat' dir='ltr'><strong>itaque</strong></span> <span class='ocrx_word' id='word_1_383' title='bbox 769 3227 1012 3283; x_wconf 63' lang='lat' dir='ltr'><strong>caelestis</strong></span> <span class='ocrx_word' id='word_1_384' title='bbox 1042 3227 1259 3298; x_wconf 90' lang='lat' dir='ltr'><strong>quidem</strong></span> <span class='ocrx_word' id='word_1_385' title='bbox 1292 3227 1594 3285; x_wconf 86' lang='lat' dir='ltr'><strong>hierarchia</strong></span> <span class='ocrx_word' id='word_1_386' title='bbox 1623 3228 1783 3301; x_wconf 70' lang='lat' dir='ltr'><strong>m</strong></span> <span class='ocrx_word' id='word_1_387' title='bbox 1816 3245 1914 3300; x_wconf 82' lang='lat' dir='ltr'><strong>pro</strong></span> 
     </span>
    </p>
   </div>
   <div class='ocr_carea' id='block_1_51' title="bbox 334 3318 1916 3400">
    <p class='ocr_par' dir='ltr' id='par_1_51' title="bbox 334 3318 1916 3400">
     <span class='ocr_line' id='line_1_51' title="bbox 334 3318 1916 3400; baseline 0.003 -27"><span class='ocrx_word' id='word_1_388' title='bbox 334 3318 640 3375; x_wconf 87' lang='lat' dir='ltr'><strong>initiatione</strong></span> <span class='ocrx_word' id='word_1_389' title='bbox 688 3320 854 3375; x_wconf 87' lang='lat' dir='ltr'><strong>habet</strong></span> <span class='ocrx_word' id='word_1_390' title='bbox 890 3336 1052 3389; x_wconf 87' lang='lat' dir='ltr'><strong>quam</strong></span> <span class='ocrx_word' id='word_1_391' title='bbox 1094 3322 1335 3377; x_wconf 75' lang='lat' dir='ltr'><strong>maxime</strong></span> <span class='ocrx_word' id='word_1_392' title='bbox 1370 3321 1787 3400; x_wconf 80' lang='lat' dir='ltr'><strong>immaterialem</strong></span> <span class='ocrx_word' id='word_1_393' title='bbox 1828 3338 1916 3377; x_wconf 82' lang='lat' dir='ltr'><strong>re-</strong></span> 
     </span>
    </p>
   </div>
   <div class='ocr_carea' id='block_1_52' title="bbox 334 3412 1910 3487">
    <p class='ocr_par' dir='ltr' id='par_1_52' title="bbox 334 3412 1910 3487">
     <span class='ocr_line' id='line_1_52' title="bbox 334 3412 1910 3487; baseline 0.004 -21"><span class='ocrx_word' id='word_1_394' title='bbox 334 3428 455 3467; x_wconf 90' lang='lat' dir='ltr'><strong>rum</strong></span> <span class='ocrx_word' id='word_1_395' title='bbox 503 3412 814 3468; x_wconf 88' lang='lat' dir='ltr'><strong>divinarum</strong></span> <span class='ocrx_word' id='word_1_396' title='bbox 873 3413 1332 3485; x_wconf 77' lang='lat' dir='ltr'><strong>intelligentiam,</strong></span> <span class='ocrx_word' id='word_1_397' title='bbox 1387 3423 1729 3487; x_wconf 87' lang='lat' dir='ltr'><strong>quantusque</strong></span> <span class='ocrx_word' id='word_1_398' title='bbox 1792 3417 1910 3473; x_wconf 87' lang='lat' dir='ltr'><strong>dari</strong></span> 
     </span>
    </p>
   </div>
   <div class='ocr_carea' id='block_1_53' title="bbox 331 3505 1912 3583">
    <p class='ocr_par' dir='ltr' id='par_1_53' title="bbox 331 3505 1912 3583">
     <span class='ocr_line' id='line_1_53' title="bbox 331 3505 1912 3583; baseline 0.004 -24"><span class='ocrx_word' id='word_1_399' title='bbox 331 3513 535 3572; x_wconf 83' lang='lat' dir='ltr'><strong>potest,</strong></span> <span class='ocrx_word' id='word_1_400' title='bbox 581 3505 775 3561; x_wconf 72' lang='lat' dir='ltr'><strong>divinat</strong></span> <span class='ocrx_word' id='word_1_401' title='bbox 799 3506 1119 3564; x_wconf 86' lang='lat' dir='ltr'><strong>imitationis</strong></span> <span class='ocrx_word' id='word_1_402' title='bbox 1154 3516 1359 3564; x_wconf 85' lang='lat' dir='ltr'><strong>statum</strong></span> <span class='ocrx_word' id='word_1_403' title='bbox 1387 3525 1402 3575; x_wconf 93' lang='lat'><strong>;</strong></span> <span class='ocrx_word' id='word_1_404' title='bbox 1431 3524 1531 3578; x_wconf 90' lang='lat' dir='ltr'><strong>pro</strong></span> <span class='ocrx_word' id='word_1_405' title='bbox 1558 3509 1751 3583; x_wconf 78' lang='lat' dir='ltr'><strong>mystis</strong></span> <span class='ocrx_word' id='word_1_406' title='bbox 1782 3525 1912 3566; x_wconf 83' lang='lat' dir='ltr'><strong>vero</strong></span> 
     </span>
    </p>
   </div>
   <div class='ocr_carea' id='block_1_54' title="bbox 336 3596 1914 3666">
    <p class='ocr_par' dir='ltr' id='par_1_54' title="bbox 336 3596 1914 3666">
     <span class='ocr_line' id='line_1_54' title="bbox 336 3596 1914 3666; baseline 0.006 -17"><span class='ocrx_word' id='word_1_407' title='bbox 336 3596 563 3666; x_wconf 20' lang='lat' dir='ltr'><strong>primas,</strong></span> <span class='ocrx_word' id='word_1_408' title='bbox 590 3596 711 3651; x_wconf 91' lang='lat' dir='ltr'><strong>illas</strong></span> <span class='ocrx_word' id='word_1_409' title='bbox 755 3598 1065 3655; x_wconf 83' lang='lat' dir='ltr'><strong>essentias:</strong></span> <span class='ocrx_word' id='word_1_410' title='bbox 1101 3598 1183 3654; x_wconf 78' lang='lat' dir='ltr'><strong>lue</strong></span> <span class='ocrx_word' id='word_1_411' title='bbox 1211 3599 1353 3654; x_wconf 91' lang='lat' dir='ltr'><strong>enim</strong></span> <span class='ocrx_word' id='word_1_412' title='bbox 1389 3601 1457 3655; x_wconf 90' lang='lat' dir='ltr'><strong>ad</strong></span> <span class='ocrx_word' id='word_1_413' title='bbox 1499 3600 1789 3658; x_wconf 78' lang='lat' dir='ltr'><strong>inferiores</strong></span> <span class='ocrx_word' id='word_1_414' title='bbox 1829 3605 1914 3659; x_wconf 73' lang='lat' dir='ltr'><strong>ti-</strong></span> 
     </span>
    </p>
   </div>
   <div class='ocr_carea' id='block_1_55' title="bbox 332 3688 1909 3759">
    <p class='ocr_par' dir='ltr' id='par_1_55' title="bbox 332 3688 1909 3759">
     <span class='ocr_line' id='line_1_55' title="bbox 332 3688 1909 3759; baseline 0.006 -18"><span class='ocrx_word' id='word_1_415' title='bbox 332 3688 459 3743; x_wconf 81' lang='lat' dir='ltr'><strong>viua</strong></span> <span class='ocrx_word' id='word_1_416' title='bbox 504 3704 725 3745; x_wconf 85' lang='lat' dir='ltr'><strong>munera</strong></span> <span class='ocrx_word' id='word_1_417' title='bbox 767 3689 1011 3747; x_wconf 82' lang='lat' dir='ltr'><strong>beneﬁce</strong></span> <span class='ocrx_word' id='word_1_418' title='bbox 1056 3691 1341 3759; x_wconf 86' lang='lat' dir='ltr'><strong>derivant;</strong></span> <span class='ocrx_word' id='word_1_419' title='bbox 1394 3693 1683 3751; x_wconf 78' lang='lat' dir='ltr'><strong>inferiores</strong></span> <span class='ocrx_word' id='word_1_420' title='bbox 1726 3706 1909 3751; x_wconf 89' lang='lat' dir='ltr'><strong>autem</strong></span> 
     </span>
    </p>
   </div>
   <div class='ocr_carea' id='block_1_56' title="bbox 332 3781 1907 3852">
    <p class='ocr_par' dir='ltr' id='par_1_56' title="bbox 332 3781 1907 3852">
     <span class='ocr_line' id='line_1_56' title="bbox 332 3781 1907 3852; baseline 0.004 -18"><span class='ocrx_word' id='word_1_421' title='bbox 332 3781 563 3838; x_wconf 83' lang='lat' dir='ltr'><strong>virtutes</strong></span> <span class='ocrx_word' id='word_1_422' title='bbox 602 3792 729 3839; x_wconf 86' lang='lat' dir='ltr'><strong>sunt</strong></span> <span class='ocrx_word' id='word_1_423' title='bbox 775 3786 881 3842; x_wconf 72' lang='lat' dir='ltr'><strong>illse</strong></span> <span class='ocrx_word' id='word_1_424' title='bbox 921 3801 1044 3852; x_wconf 64' lang='lat' dir='ltr'><strong>quae</strong></span> <span class='ocrx_word' id='word_1_425' title='bbox 1071 3786 1359 3842; x_wconf 86' lang='lat' dir='ltr'><strong>initiantur</strong></span> <span class='ocrx_word' id='word_1_426' title='bbox 1397 3798 1453 3843; x_wconf 92' lang='lat' dir='ltr'><strong>et</strong></span> <span class='ocrx_word' id='word_1_427' title='bbox 1497 3796 1907 3843; x_wconf 87' lang='lat' dir='ltr'><strong>consecrantur.</strong></span> 
     </span>
    </p>
   </div>
   <div class='ocr_carea' id='block_1_57' title="bbox 333 3868 1980 3973">
    <p class='ocr_par' dir='ltr' id='par_1_57' title="bbox 333 3868 1980 3973">
     <span class='ocr_line' id='line_1_57' title="bbox 333 3868 1980 3973; baseline 0.004 -49"><span class='ocrx_word' id='word_1_428' title='bbox 333 3868 465 3929; x_wconf 76' lang='lat' dir='ltr'><strong>Post</strong></span> <span class='ocrx_word' id='word_1_429' title='bbox 512 3873 795 3930; x_wconf 72' lang='lat' dir='ltr'><strong>caalestem</strong></span> <span class='ocrx_word' id='word_1_430' title='bbox 848 3890 977 3931; x_wconf 88' lang='lat' dir='ltr'><strong>vero</strong></span> <span class='ocrx_word' id='word_1_431' title='bbox 1028 3875 1203 3941; x_wconf 89' lang='lat' dir='ltr'><strong>illam,</strong></span> <span class='ocrx_word' id='word_1_432' title='bbox 1250 3886 1489 3931; x_wconf 83' lang='lat' dir='ltr'><strong>nostram</strong></span> <span class='ocrx_word' id='word_1_433' title='bbox 1530 3877 1671 3933; x_wconf 86' lang='lat' dir='ltr'><strong>hanc</strong></span> <span class='ocrx_word' id='word_1_434' title='bbox 1700 3878 1910 3933; x_wconf 65' lang='lat' dir='ltr'><strong>bieraro</strong></span> <span class='ocrx_word' id='word_1_435' title='bbox 1936 3914 1980 3973; x_wconf 64' lang='grc' dir='ltr'>ϐ</span> 
     </span>
    </p>
   </div>
   <div class='ocr_carea' id='block_1_58' title="bbox 334 3964 1908 4040">
    <p class='ocr_par' dir='ltr' id='par_1_58' title="bbox 334 3964 1908 4040">
     <span class='ocr_line' id='line_1_58' title="bbox 334 3964 1908 4040; baseline 0.004 -22"><span class='ocrx_word' id='word_1_436' title='bbox 334 3964 515 4019; x_wconf 70' lang='lat' dir='ltr'><strong>etaiam</strong></span> <span class='ocrx_word' id='word_1_437' title='bbox 576 3965 759 4021; x_wconf 74' lang='lat' dir='ltr'><strong>divina</strong></span> <span class='ocrx_word' id='word_1_438' title='bbox 808 3969 1022 4024; x_wconf 88' lang='lat' dir='ltr'><strong>bonitas</strong></span> <span class='ocrx_word' id='word_1_439' title='bbox 1064 3969 1426 4032; x_wconf 87' lang='lat' dir='ltr'><strong>constituens,</strong></span> <span class='ocrx_word' id='word_1_440' title='bbox 1471 3970 1908 4040; x_wconf 87' lang='lat' dir='ltr'><strong>quandoquidem</strong></span> 
     </span>
    </p>
   </div>
   <div class='ocr_carea' id='block_1_59' title="bbox 334 4057 1910 4135">
    <p class='ocr_par' dir='ltr' id='par_1_59' title="bbox 334 4057 1910 4135">
     <span class='ocr_line' id='line_1_59' title="bbox 334 4057 1910 4135; baseline 0.004 -24"><span class='ocrx_word' id='word_1_441' title='bbox 334 4057 570 4113; x_wconf 77' lang='lat' dir='ltr'><strong>infantes</strong></span> <span class='ocrx_word' id='word_1_442' title='bbox 596 4073 837 4127; x_wconf 84' lang='lat' dir='ltr'><strong>eramus,</strong></span> <span class='ocrx_word' id='word_1_443' title='bbox 870 4062 1100 4135; x_wconf 76' lang='lat' dir='ltr'><strong>legalem</strong></span> <span class='ocrx_word' id='word_1_444' title='bbox 1143 4062 1509 4119; x_wconf 81' lang='lat' dir='ltr'><strong>itierarchiam</strong></span> <span class='ocrx_word' id='word_1_445' title='bbox 1536 4063 1779 4129; x_wconf 74' lang='lat' dir='ltr'><strong>indulsit,</strong></span> <span class='ocrx_word' id='word_1_446' title='bbox 1807 4064 1910 4117; x_wconf 75' lang='lat' dir='ltr'><strong>im-</strong></span> 
     </span>
    </p>
   </div>
   <div class='ocr_carea' id='block_1_60' title="bbox 333 4148 1913 4225">
    <p class='ocr_par' dir='ltr' id='par_1_60' title="bbox 333 4148 1913 4225">
     <span class='ocr_line' id='line_1_60' title="bbox 333 4148 1913 4225; baseline 0.003 -20"><span class='ocrx_word' id='word_1_447' title='bbox 333 4148 704 4206; x_wconf 86' lang='lat' dir='ltr'><strong>becillioribus</strong></span> <span class='ocrx_word' id='word_1_448' title='bbox 734 4155 939 4209; x_wconf 77' lang='lat' dir='ltr'><strong>nostris</strong></span> <span class='ocrx_word' id='word_1_449' title='bbox 967 4154 1142 4209; x_wconf 83' lang='lat' dir='ltr'><strong>oculis</strong></span> <span class='ocrx_word' id='word_1_450' title='bbox 1177 4154 1357 4209; x_wconf 83' lang='lat' dir='ltr'><strong>lumen</strong></span> <span class='ocrx_word' id='word_1_451' title='bbox 1395 4154 1505 4208; x_wconf 89' lang='lat' dir='ltr'><strong>illis</strong></span> <span class='ocrx_word' id='word_1_452' title='bbox 1533 4156 1913 4225; x_wconf 72' lang='lat' dir='ltr'><strong>proportione-</strong></span> 
     </span>
    </p>
   </div>
   <div class='ocr_carea' id='block_1_61' title="bbox 336 4242 1911 4318">
    <p class='ocr_par' dir='ltr' id='par_1_61' title="bbox 336 4242 1911 4318">
     <span class='ocr_line' id='line_1_61' title="bbox 336 4242 1911 4318; baseline 0.006 -24"><span class='ocrx_word' id='word_1_453' title='bbox 336 4251 448 4294; x_wconf 90' lang='lat' dir='ltr'><strong>tum</strong></span> <span class='ocrx_word' id='word_1_454' title='bbox 474 4254 571 4310; x_wconf 88' lang='lat' dir='ltr'><strong>per</strong></span> <span class='ocrx_word' id='word_1_455' title='bbox 598 4242 857 4299; x_wconf 85' lang='lat' dir='ltr'><strong>obscuras</strong></span> <span class='ocrx_word' id='word_1_456' title='bbox 885 4246 1150 4314; x_wconf 85' lang='lat' dir='ltr'><strong>quasdam</strong></span> <span class='ocrx_word' id='word_1_457' title='bbox 1177 4247 1439 4316; x_wconf 77' lang='lat' dir='ltr'><strong>imagines</strong></span> <span class='ocrx_word' id='word_1_458' title='bbox 1463 4246 1766 4310; x_wconf 71' lang='lat' dir='ltr'><strong>aﬂundens.</strong></span> <span class='ocrx_word' id='word_1_459' title='bbox 1792 4262 1911 4318; x_wconf 66' lang='lat' dir='ltr'><strong>quae</strong></span> 
     </span>
    </p>
   </div>
   <div class='ocr_carea' id='block_1_62' title="bbox 335 4329 1909 4410">
    <p class='ocr_par' dir='ltr' id='par_1_62' title="bbox 335 4329 1909 4410">
     <span class='ocr_line' id='line_1_62' title="bbox 335 4329 1909 4410; baseline 0.008 -26"><span class='ocrx_word' id='word_1_460' title='bbox 335 4346 444 4384; x_wconf 92' lang='lat' dir='ltr'><strong>nou</strong></span> <span class='ocrx_word' id='word_1_461' title='bbox 473 4331 547 4385; x_wconf 88' lang='lat' dir='ltr'><strong>ita</strong></span> <span class='ocrx_word' id='word_1_462' title='bbox 586 4329 882 4399; x_wconf 86' lang='lat' dir='ltr'><strong>dijudicatu</strong></span> <span class='ocrx_word' id='word_1_463' title='bbox 917 4334 1128 4391; x_wconf 76' lang='lat' dir='ltr'><strong>facilem</strong></span> <span class='ocrx_word' id='word_1_464' title='bbox 1164 4336 1575 4410; x_wconf 76' lang='lat' dir='ltr'><strong>intelligentiam</strong></span> <span class='ocrx_word' id='word_1_465' title='bbox 1613 4341 1909 4398; x_wconf 80' lang='lat' dir='ltr'><strong>habebant.</strong></span> 
     </span>
    </p>
   </div>
   <div class='ocr_carea' id='block_1_63' title="bbox 335 4423 1913 4493">
    <p class='ocr_par' dir='ltr' id='par_1_63' title="bbox 335 4423 1913 4493">
     <span class='ocr_line' id='line_1_63' title="bbox 335 4423 1913 4493; baseline 0.009 -17"><span class='ocrx_word' id='word_1_466' title='bbox 335 4423 604 4489; x_wconf 80' lang='lat' dir='ltr'><strong>Quoniam</strong></span> <span class='ocrx_word' id='word_1_467' title='bbox 648 4439 777 4479; x_wconf 90' lang='lat' dir='ltr'><strong>vero</strong></span> <span class='ocrx_word' id='word_1_468' title='bbox 820 4425 978 4493; x_wconf 82' lang='lat' dir='ltr'><strong>dixit,</strong></span> <span class='ocrx_word' id='word_1_469' title='bbox 1018 4442 1238 4483; x_wconf 84' lang='lat' dir='ltr'><strong>onmem</strong></span> <span class='ocrx_word' id='word_1_470' title='bbox 1297 4431 1659 4487; x_wconf 77' lang='lat' dir='ltr'><strong>hierarcliiam</strong></span> <span class='ocrx_word' id='word_1_471' title='bbox 1711 4433 1913 4490; x_wconf 83' lang='lat' dir='ltr'><strong>habere</strong></span> 
     </span>
    </p>
   </div>
   <div class='ocr_carea' id='block_1_64' title="bbox 336 4515 1909 4596">
    <p class='ocr_par' dir='ltr' id='par_1_64' title="bbox 336 4515 1909 4596">
     <span class='ocr_line' id='line_1_64' title="bbox 336 4515 1909 4596; baseline 0.006 -27"><span class='ocrx_word' id='word_1_472' title='bbox 336 4515 727 4586; x_wconf 79' lang='lat' dir='ltr'><strong>initiationem,</strong></span> <span class='ocrx_word' id='word_1_473' title='bbox 782 4528 839 4573; x_wconf 91' lang='lat' dir='ltr'><strong>et</strong></span> <span class='ocrx_word' id='word_1_474' title='bbox 894 4530 1118 4592; x_wconf 83' lang='lat' dir='ltr'><strong>mystas,</strong></span> <span class='ocrx_word' id='word_1_475' title='bbox 1172 4530 1228 4575; x_wconf 86' lang='lat' dir='ltr'><strong>et</strong></span> <span class='ocrx_word' id='word_1_476' title='bbox 1273 4522 1535 4592; x_wconf 88' lang='lat' dir='ltr'><strong>initiatos,</strong></span> <span class='ocrx_word' id='word_1_477' title='bbox 1567 4527 1633 4580; x_wconf 90' lang='lat' dir='ltr'><strong>ad</strong></span> <span class='ocrx_word' id='word_1_478' title='bbox 1684 4525 1909 4596; x_wconf 80' lang='lat' dir='ltr'><strong>legalem</strong></span> 
     </span>
    </p>
   </div>
   <div class='ocr_carea' id='block_1_65' title="bbox 334 4609 1908 4690">
    <p class='ocr_par' dir='ltr' id='par_1_65' title="bbox 334 4609 1908 4690">
     <span class='ocr_line' id='line_1_65' title="bbox 334 4609 1908 4690; baseline 0.007 -26"><span class='ocrx_word' id='word_1_479' title='bbox 334 4609 540 4664; x_wconf 85' lang='lat' dir='ltr'><strong>eultum</strong></span> <span class='ocrx_word' id='word_1_480' title='bbox 571 4611 793 4666; x_wconf 74' lang='lat' dir='ltr'><strong>veniens</strong></span> <span class='ocrx_word' id='word_1_481' title='bbox 824 4613 1132 4669; x_wconf 90' lang='lat' dir='ltr'><strong>istiusmodi</strong></span> <span class='ocrx_word' id='word_1_482' title='bbox 1164 4614 1388 4670; x_wconf 88' lang='lat' dir='ltr'><strong>triadem</strong></span> <span class='ocrx_word' id='word_1_483' title='bbox 1427 4618 1713 4674; x_wconf 86' lang='lat' dir='ltr'><strong>ostendere</strong></span> <span class='ocrx_word' id='word_1_484' title='bbox 1739 4620 1908 4690; x_wconf 88' lang='lat' dir='ltr'><strong>cupit.</strong></span> 
     </span>
    </p>
   </div>
   <div class='ocr_carea' id='block_1_66' title="bbox 335 4701 1912 4779">
    <p class='ocr_par' dir='ltr' id='par_1_66' title="bbox 335 4701 1912 4779">
     <span class='ocr_line' id='line_1_66' title="bbox 335 4701 1912 4779; baseline 0.006 -23"><span class='ocrx_word' id='word_1_485' title='bbox 335 4701 581 4757; x_wconf 88' lang='lat' dir='ltr'><strong>initiatio</strong></span> <span class='ocrx_word' id='word_1_486' title='bbox 616 4703 799 4774; x_wconf 87' lang='lat' dir='ltr'><strong>itaque</strong></span> <span class='ocrx_word' id='word_1_487' title='bbox 829 4706 954 4766; x_wconf 86' lang='lat' dir='ltr'><strong>huic</strong></span> <span class='ocrx_word' id='word_1_488' title='bbox 982 4718 1088 4771; x_wconf 86' lang='lat' dir='ltr'><strong>est,</strong></span> <span class='ocrx_word' id='word_1_489' title='bbox 1131 4722 1159 4759; x_wconf 91' lang='lat' dir='ltr'><strong>a</strong></span> <span class='ocrx_word' id='word_1_490' title='bbox 1196 4708 1333 4779; x_wconf 86' lang='lat' dir='ltr'><strong>typis</strong></span> <span class='ocrx_word' id='word_1_491' title='bbox 1372 4709 1438 4763; x_wconf 87' lang='lat' dir='ltr'><strong>ad</strong></span> <span class='ocrx_word' id='word_1_492' title='bbox 1462 4710 1759 4779; x_wconf 86' lang='lat' dir='ltr'><strong>spiritalem</strong></span> <span class='ocrx_word' id='word_1_493' title='bbox 1794 4712 1912 4767; x_wconf 88' lang='lat' dir='ltr'><strong>cul-</strong></span> 
     </span>
    </p>
   </div>
   <div class='ocr_carea' id='block_1_67' title="bbox 338 4798 1914 4871">
    <p class='ocr_par' dir='ltr' id='par_1_67' title="bbox 338 4798 1914 4871">
     <span class='ocr_line' id='line_1_67' title="bbox 338 4798 1914 4871; baseline 0.006 -23"><span class='ocrx_word' id='word_1_494' title='bbox 338 4806 450 4849; x_wconf 92' lang='lat' dir='ltr'><strong>tum</strong></span> <span class='ocrx_word' id='word_1_495' title='bbox 486 4798 781 4864; x_wconf 88' lang='lat' dir='ltr'><strong>traductio,</strong></span> <span class='ocrx_word' id='word_1_496' title='bbox 824 4800 1278 4868; x_wconf 90' lang='lat' dir='ltr'><strong>quemadmodum</strong></span> <span class='ocrx_word' id='word_1_497' title='bbox 1302 4801 1788 4871; x_wconf 70' lang='lat' dir='ltr'><strong>etiam&#39;l‘heologus</strong></span> <span class='ocrx_word' id='word_1_498' title='bbox 1823 4804 1914 4857; x_wconf 89' lang='lat' dir='ltr'><strong>ille</strong></span> 
     </span>
    </p>
   </div>
   <div class='ocr_carea' id='block_1_68' title="bbox 335 4886 1911 4960">
    <p class='ocr_par' dir='ltr' id='par_1_68' title="bbox 335 4886 1911 4960">
     <span class='ocr_line' id='line_1_68' title="bbox 335 4886 1911 4960; baseline 0.001 -18"><span class='ocrx_word' id='word_1_499' title='bbox 335 4886 633 4960; x_wconf 76' lang='lat' dir='ltr'><strong>Gregorius</strong></span> <span class='ocrx_word' id='word_1_500' title='bbox 668 4903 945 4945; x_wconf 84' lang='lat' dir='ltr'><strong>asseverat</strong></span> <span class='ocrx_word' id='word_1_501' title='bbox 978 4906 993 4943; x_wconf 88' lang='lat'><strong>:</strong></span> <span class='ocrx_word' id='word_1_502' title='bbox 1028 4890 1447 4946; x_wconf 67' lang='lat' dir='ltr'><strong>manutiuctores</strong></span> <span class='ocrx_word' id='word_1_503' title='bbox 1488 4906 1619 4946; x_wconf 90' lang='lat' dir='ltr'><strong>vero</strong></span> <span class='ocrx_word' id='word_1_504' title='bbox 1650 4892 1715 4944; x_wconf 90' lang='lat' dir='ltr'><strong>ad</strong></span> <span class='ocrx_word' id='word_1_505' title='bbox 1749 4891 1911 4956; x_wconf 84' lang='lat' dir='ltr'><strong>hanc,</strong></span> 
     </span>
    </p>
   </div>
   <div class='ocr_carea' id='block_1_69' title="bbox 336 4980 1915 5054">
    <p class='ocr_par' dir='ltr' id='par_1_69' title="bbox 336 4980 1915 5054">
     <span class='ocr_line' id='line_1_69' title="bbox 336 4980 1915 5054; baseline 0 -19"><span class='ocrx_word' id='word_1_506' title='bbox 336 4980 449 5036; x_wconf 79' lang='lat' dir='ltr'><strong>sive</strong></span> <span class='ocrx_word' id='word_1_507' title='bbox 478 4992 667 5054; x_wconf 73' lang='lat' dir='ltr'><strong>mysta:</strong></span> <span class='ocrx_word' id='word_1_508' title='bbox 688 4994 839 5048; x_wconf 85' lang='lat' dir='ltr'><strong>sunt,</strong></span> <span class='ocrx_word' id='word_1_509' title='bbox 866 4983 955 5052; x_wconf 91' lang='lat' dir='ltr'><strong>qui</strong></span> <span class='ocrx_word' id='word_1_510' title='bbox 980 4998 1009 5036; x_wconf 87' lang='lat' dir='ltr'><strong>a</strong></span> <span class='ocrx_word' id='word_1_511' title='bbox 1038 4982 1238 5054; x_wconf 79' lang='lat' dir='ltr'><strong>Moyse,</strong></span> <span class='ocrx_word' id='word_1_512' title='bbox 1270 4983 1446 5051; x_wconf 86' lang='lat' dir='ltr'><strong>primo</strong></span> <span class='ocrx_word' id='word_1_513' title='bbox 1471 4984 1694 5038; x_wconf 91' lang='lat' dir='ltr'><strong>doctore</strong></span> <span class='ocrx_word' id='word_1_514' title='bbox 1718 4998 1783 5038; x_wconf 88' lang='lat' dir='ltr'><strong>ac</strong></span> <span class='ocrx_word' id='word_1_515' title='bbox 1817 4984 1915 5038; x_wconf 83' lang='lat' dir='ltr'><strong>du-</strong></span> 
     </span>
    </p>
   </div>
   <div class='ocr_carea' id='block_1_70' title="bbox 336 5075 1908 5139">
    <p class='ocr_par' dir='ltr' id='par_1_70' title="bbox 336 5075 1908 5139">
     <span class='ocr_line' id='line_1_70' title="bbox 336 5075 1908 5139; baseline 0.003 -12"><span class='ocrx_word' id='word_1_516' title='bbox 336 5081 506 5139; x_wconf 85' lang='lat' dir='ltr'><strong>ctore,</strong></span> <span class='ocrx_word' id='word_1_517' title='bbox 531 5075 706 5129; x_wconf 77' lang='lat' dir='ltr'><strong>cdocti</strong></span> <span class='ocrx_word' id='word_1_518' title='bbox 729 5086 851 5129; x_wconf 87' lang='lat' dir='ltr'><strong>sunt</strong></span> <span class='ocrx_word' id='word_1_519' title='bbox 883 5075 1289 5129; x_wconf 85' lang='lat' dir='ltr'><strong>tabernaculum</strong></span> <span class='ocrx_word' id='word_1_520' title='bbox 1330 5075 1457 5129; x_wconf 90' lang='lat' dir='ltr'><strong>illud</strong></span> <span class='ocrx_word' id='word_1_521' title='bbox 1498 5090 1605 5131; x_wconf 92' lang='lat' dir='ltr'><strong>non</strong></span> <span class='ocrx_word' id='word_1_522' title='bbox 1645 5092 1806 5130; x_wconf 90' lang='lat' dir='ltr'><strong>tnanu</strong></span> <span class='ocrx_word' id='word_1_523' title='bbox 1829 5076 1908 5131; x_wconf 82' lang='lat' dir='ltr'><strong>fa-</strong></span> 
     </span>
    </p>
   </div>
   <div class='ocr_carea' id='block_1_71' title="bbox 337 5165 1913 5238">
    <p class='ocr_par' dir='ltr' id='par_1_71' title="bbox 337 5165 1913 5238">
     <span class='ocr_line' id='line_1_71' title="bbox 337 5165 1913 5238; baseline 0.003 -21"><span class='ocrx_word' id='word_1_524' title='bbox 337 5174 508 5231; x_wconf 91' lang='lat' dir='ltr'><strong>ctum,</strong></span> <span class='ocrx_word' id='word_1_525' title='bbox 559 5168 854 5221; x_wconf 81' lang='lat' dir='ltr'><strong>secundum</strong></span> <span class='ocrx_word' id='word_1_526' title='bbox 905 5168 1046 5236; x_wconf 92' lang='lat' dir='ltr'><strong>quod</strong></span> <span class='ocrx_word' id='word_1_527' title='bbox 1092 5167 1237 5221; x_wconf 85' lang='lat' dir='ltr'><strong>illam</strong></span> <span class='ocrx_word' id='word_1_528' title='bbox 1278 5165 1507 5238; x_wconf 82' lang='lat' dir='ltr'><strong>legalem</strong></span> <span class='ocrx_word' id='word_1_529' title='bbox 1552 5168 1913 5223; x_wconf 87' lang='lat' dir='ltr'><strong>bierarcbiam</strong></span> 
     </span>
    </p>
   </div>
   <div class='ocr_carea' id='block_1_72' title="bbox 2017 2670 3595 2750">
    <p class='ocr_par' dir='ltr' id='par_1_72' title="bbox 2017 2670 3595 2750">
     <span class='ocr_line' id='line_1_72' title="bbox 2017 2670 3595 2750; baseline -0.004 -18"><span class='ocrx_word' id='word_1_530' title='bbox 2017 2679 2110 2732; x_wconf 81' lang='grc' dir='ltr'><strong>ἐπὶ</strong></span> <span class='ocrx_word' id='word_1_531' title='bbox 2138 2680 2318 2750; x_wconf 80' lang='grc' dir='ltr'>πάσης</span> <span class='ocrx_word' id='word_1_532' title='bbox 2351 2676 2636 2749; x_wconf 85' lang='grc' dir='ltr'>ίεραρχίας</span> <span class='ocrx_word' id='word_1_533' title='bbox 2679 2675 2712 2747; x_wconf 79' lang='grc' dir='ltr'>ἡ</span> <span class='ocrx_word' id='word_1_534' title='bbox 2752 2672 3002 2747; x_wconf 84' lang='grc' dir='ltr'>τριαδικὴ</span> <span class='ocrx_word' id='word_1_535' title='bbox 3028 2670 3292 2740; x_wconf 83' lang='grc' dir='ltr'>διαίρεσίς</span> <span class='ocrx_word' id='word_1_536' title='bbox 3333 2673 3474 2735; x_wconf 75' lang='grc' dir='ltr'>ἐστι,</span> <span class='ocrx_word' id='word_1_537' title='bbox 3502 2689 3595 2725; x_wconf 81' lang='grc' dir='ltr'>κα-</span> 
     </span>
    </p>
   </div>
   <div class='ocr_carea' id='block_1_73' title="bbox 2016 2763 3593 2844">
    <p class='ocr_par' dir='ltr' id='par_1_73' title="bbox 2016 2763 3593 2844">
     <span class='ocr_line' id='line_1_73' title="bbox 2016 2763 3593 2844; baseline -0.006 -18"><span class='ocrx_word' id='word_1_538' title='bbox 2016 2772 2124 2837; x_wconf 89' lang='grc' dir='ltr'><strong>λῶς</strong></span> <span class='ocrx_word' id='word_1_539' title='bbox 2151 2772 2245 2827; x_wconf 76' lang='grc' dir='ltr'>καὶ</span> <span class='ocrx_word' id='word_1_540' title='bbox 2278 2770 2488 2844; x_wconf 80' lang='grc' dir='ltr'>πρώην,</span> <span class='ocrx_word' id='word_1_541' title='bbox 2515 2770 2591 2834; x_wconf 84' lang='grc' dir='ltr'>ὠς</span> <span class='ocrx_word' id='word_1_542' title='bbox 2616 2765 2789 2841; x_wconf 72' lang='grc' dir='ltr'>οἶμαι,</span> <span class='ocrx_word' id='word_1_543' title='bbox 2833 2763 3297 2838; x_wconf 72' lang='grc' dir='ltr'>παρεδηλώσαμεν</span> <span class='ocrx_word' id='word_1_544' title='bbox 3316 2781 3329 2795; x_wconf 72' lang='grc' dir='ltr'><strong>ο</strong></span> <span class='ocrx_word' id='word_1_545' title='bbox 3371 2765 3593 2837; x_wconf 51' lang='lat' dir='ltr'><strong>Stupet.</strong></span> 
     </span>
    </p>
   </div>
   <div class='ocr_carea' id='block_1_74' title="bbox 2015 2853 3595 2938">
    <p class='ocr_par' dir='ltr' id='par_1_74' title="bbox 2015 2853 3595 2938">
     <span class='ocr_line' id='line_1_74' title="bbox 2015 2853 3595 2938; baseline -0.008 -18"><span class='ocrx_word' id='word_1_546' title='bbox 2015 2877 2105 2920; x_wconf 77' lang='grc' dir='ltr'><strong>ται</strong></span> <span class='ocrx_word' id='word_1_547' title='bbox 2152 2864 2261 2938; x_wconf 89' lang='grc' dir='ltr'><strong>γάρ</strong></span> <span class='ocrx_word' id='word_1_548' title='bbox 2321 2866 2470 2918; x_wconf 80' lang='grc' dir='ltr'>πᾶσα</span> <span class='ocrx_word' id='word_1_549' title='bbox 2531 2859 2814 2933; x_wconf 83' lang='grc' dir='ltr'>ίεραρχικὴ</span> <span class='ocrx_word' id='word_1_550' title='bbox 2875 2853 3226 2930; x_wconf 82' lang='grc' dir='ltr'>πραγματεία</span> <span class='ocrx_word' id='word_1_551' title='bbox 3292 2858 3374 2922; x_wconf 70' lang='grc' dir='ltr'><strong>είς</strong></span> <span class='ocrx_word' id='word_1_552' title='bbox 3434 2855 3595 2920; x_wconf 59' lang='lat' dir='ltr'><strong>am;</strong></span> 
     </span>
    </p>
   </div>
   <div class='ocr_carea' id='block_1_75' title="bbox 2015 2946 3594 3028">
    <p class='ocr_par' dir='ltr' id='par_1_75' title="bbox 2015 2946 3594 3028">
     <span class='ocr_line' id='line_1_75' title="bbox 2015 2946 3594 3028; baseline -0.007 -17"><span class='ocrx_word' id='word_1_553' title='bbox 2015 2955 2079 3028; x_wconf 82' lang='grc' dir='ltr'>δὴ</span> <span class='ocrx_word' id='word_1_554' title='bbox 2119 2955 2217 3020; x_wconf 80' lang='grc' dir='ltr'>τὰς</span> <span class='ocrx_word' id='word_1_555' title='bbox 2238 2954 2480 3018; x_wconf 75' lang='grc' dir='ltr'>τελετὰς,</span> <span class='ocrx_word' id='word_1_556' title='bbox 2510 2954 2589 3016; x_wconf 83' lang='grc' dir='ltr'><strong>είς</strong></span> <span class='ocrx_word' id='word_1_557' title='bbox 2612 2951 2739 3014; x_wconf 78' lang='grc' dir='ltr'>τοὺς</span> <span class='ocrx_word' id='word_1_558' title='bbox 2767 2948 2994 3021; x_wconf 90' lang='grc' dir='ltr'>μύστας,</span> <span class='ocrx_word' id='word_1_559' title='bbox 3023 2946 3118 2999; x_wconf 73' lang='grc' dir='ltr'><strong>καὶ</strong></span> <span class='ocrx_word' id='word_1_560' title='bbox 3160 2948 3240 3012; x_wconf 80' lang='grc' dir='ltr'><strong>είς</strong></span> <span class='ocrx_word' id='word_1_561' title='bbox 3278 2949 3409 3012; x_wconf 79' lang='grc' dir='ltr'>τοὺς</span> <span class='ocrx_word' id='word_1_562' title='bbox 3435 2964 3594 3019; x_wconf 82' lang='grc' dir='ltr'>μυου-</span> 
     </span>
    </p>
   </div>
   <div class='ocr_carea' id='block_1_76' title="bbox 2020 3050 2235 3122">
    <p class='ocr_par' dir='ltr' id='par_1_76' title="bbox 2020 3050 2235 3122">
     <span class='ocr_line' id='line_1_76' title="bbox 2020 3050 2235 3122; baseline -0.009 -17"><span class='ocrx_word' id='word_1_563' title='bbox 2020 3050 2235 3122; x_wconf 69' lang='grc' dir='ltr'>μόνους.</span> 
     </span>
    </p>
   </div>
   <div class='ocr_carea' id='block_1_77' title="bbox 2087 3222 3594 3307">
    <p class='ocr_par' dir='ltr' id='par_1_77' title="bbox 2087 3222 3594 3307">
     <span class='ocr_line' id='line_1_77' title="bbox 2087 3222 3594 3307; baseline -0.008 -19"><span class='ocrx_word' id='word_1_564' title='bbox 2087 3232 2115 3307; x_wconf 81' lang='lat'>§</span> <span class='ocrx_word' id='word_1_565' title='bbox 2142 3234 2203 3289; x_wconf 93' lang='lat' dir='ltr'><strong>ll.</strong></span> <span class='ocrx_word' id='word_1_566' title='bbox 2230 3232 2440 3288; x_wconf 81' lang='grc' dir='ltr'>Ούκοῦν</span> <span class='ocrx_word' id='word_1_567' title='bbox 2484 3229 2518 3303; x_wconf 81' lang='grc' dir='ltr'>ὴ</span> <span class='ocrx_word' id='word_1_568' title='bbox 2570 3229 2667 3302; x_wconf 81' lang='grc' dir='ltr'>μὲν</span> <span class='ocrx_word' id='word_1_569' title='bbox 2707 3230 2765 3284; x_wconf 88' lang='grc' dir='ltr'><strong>ού</strong></span> <span class='ocrx_word' id='word_1_570' title='bbox 2776 3228 2933 3301; x_wconf 90' lang='grc' dir='ltr'>ρανία</span> <span class='ocrx_word' id='word_1_571' title='bbox 2961 3222 3212 3298; x_wconf 80' lang='grc' dir='ltr'>ἱεραρχία</span> <span class='ocrx_word' id='word_1_572' title='bbox 3235 3223 3462 3296; x_wconf 79' lang='grc' dir='ltr'>τελετὴν</span> <span class='ocrx_word' id='word_1_573' title='bbox 3489 3224 3594 3295; x_wconf 75' lang='grc' dir='ltr'>ἔχει</span> 
     </span>
    </p>
   </div>
   <div class='ocr_carea' id='block_1_78' title="bbox 2013 3314 3592 3398">
    <p class='ocr_par' dir='ltr' id='par_1_78' title="bbox 2013 3314 3592 3398">
     <span class='ocr_line' id='line_1_78' title="bbox 2013 3314 3592 3398; baseline -0.006 -19"><span class='ocrx_word' id='word_1_574' title='bbox 2013 3326 2111 3398; x_wconf 75' lang='grc' dir='ltr'>τὴν</span> <span class='ocrx_word' id='word_1_575' title='bbox 2134 3326 2242 3378; x_wconf 88' lang='grc' dir='ltr'><strong>τῶν</strong></span> <span class='ocrx_word' id='word_1_576' title='bbox 2268 3324 2427 3378; x_wconf 75' lang='grc' dir='ltr'>θείων</span> <span class='ocrx_word' id='word_1_577' title='bbox 2471 3323 2765 3392; x_wconf 82' lang='grc' dir='ltr'>ἀῦλοτάτην</span> <span class='ocrx_word' id='word_1_578' title='bbox 2783 3321 2985 3392; x_wconf 84' lang='grc' dir='ltr'>νόησιν,</span> <span class='ocrx_word' id='word_1_579' title='bbox 3008 3319 3102 3371; x_wconf 71' lang='grc' dir='ltr'>καὶ</span> <span class='ocrx_word' id='word_1_580' title='bbox 3119 3317 3241 3387; x_wconf 86' lang='grc' dir='ltr'>τὴν,</span> <span class='ocrx_word' id='word_1_581' title='bbox 3262 3314 3339 3379; x_wconf 78' lang='grc' dir='ltr'>ὡς</span> <span class='ocrx_word' id='word_1_582' title='bbox 3356 3315 3592 3384; x_wconf 72' lang='grc' dir='ltr'>ἐφικτὸν,</span> 
     </span>
    </p>
   </div>
   <div class='ocr_carea' id='block_1_79' title="bbox 2015 3405 3590 3489">
    <p class='ocr_par' dir='ltr' id='par_1_79' title="bbox 2015 3405 3590 3489">
     <span class='ocr_line' id='line_1_79' title="bbox 2015 3405 3590 3489; baseline -0.008 -17"><span class='ocrx_word' id='word_1_583' title='bbox 2015 3418 2345 3489; x_wconf 81' lang='grc' dir='ltr'>θεομίμητον</span> <span class='ocrx_word' id='word_1_584' title='bbox 2379 3413 2525 3481; x_wconf 71' lang='grc' dir='ltr'>ἒξιψ</span> <span class='ocrx_word' id='word_1_585' title='bbox 2560 3414 2769 3485; x_wconf 81' lang='grc' dir='ltr'>μύστας</span> <span class='ocrx_word' id='word_1_586' title='bbox 2793 3412 2850 3467; x_wconf 83' lang='grc' dir='ltr'>δὲ</span> <span class='ocrx_word' id='word_1_587' title='bbox 2889 3414 2987 3475; x_wconf 88' lang='grc' dir='ltr'><strong>τάς</strong></span> <span class='ocrx_word' id='word_1_588' title='bbox 3025 3405 3340 3482; x_wconf 84' lang='grc' dir='ltr'>πρωτίστας</span> <span class='ocrx_word' id='word_1_589' title='bbox 3376 3407 3590 3471; x_wconf 79' lang='grc' dir='ltr'>οὐσίας·</span> 
     </span>
    </p>
   </div>
   <div class='ocr_carea' id='block_1_80' title="bbox 2014 3499 3594 3582">
    <p class='ocr_par' dir='ltr' id='par_1_80' title="bbox 2014 3499 3594 3582">
     <span class='ocr_line' id='line_1_80' title="bbox 2014 3499 3594 3582; baseline -0.009 -16"><span class='ocrx_word' id='word_1_590' title='bbox 2014 3502 2292 3582; x_wconf 69' lang='grc' dir='ltr'>αὗταιγὰρ</span> <span class='ocrx_word' id='word_1_591' title='bbox 2304 3509 2437 3581; x_wconf 84' lang='grc' dir='ltr'>πρὸς</span> <span class='ocrx_word' id='word_1_592' title='bbox 2447 3510 2571 3572; x_wconf 76' lang='grc' dir='ltr'>τοὺς</span> <span class='ocrx_word' id='word_1_593' title='bbox 2583 3504 2984 3579; x_wconf 76' lang='grc' dir='ltr'>ὑποϐεϐηκότας</span> <span class='ocrx_word' id='word_1_594' title='bbox 3001 3501 3329 3572; x_wconf 84' lang='grc' dir='ltr'>ἀγαθοειδῶς</span> <span class='ocrx_word' id='word_1_595' title='bbox 3341 3500 3441 3564; x_wconf 75' lang='grc' dir='ltr'>τὰς</span> <span class='ocrx_word' id='word_1_596' title='bbox 3456 3499 3594 3561; x_wconf 74' lang='grc' dir='ltr'>θείας</span> 
     </span>
    </p>
   </div>
   <div class='ocr_carea' id='block_1_81' title="bbox 2013 3593 3593 3675">
    <p class='ocr_par' dir='ltr' id='par_1_81' title="bbox 2013 3593 3593 3675">
     <span class='ocr_line' id='line_1_81' title="bbox 2013 3593 3593 3675; baseline -0.008 -18"><span class='ocrx_word' id='word_1_597' title='bbox 2013 3602 2222 3675; x_wconf 78' lang='grc' dir='ltr'>δωρεὰς</span> <span class='ocrx_word' id='word_1_598' title='bbox 2269 3600 2735 3674; x_wconf 78' lang='grc' dir='ltr'>μετοχετεύουσιν⁶</span> <span class='ocrx_word' id='word_1_599' title='bbox 2780 3599 2835 3652; x_wconf 76' lang='grc' dir='ltr'>αἱ</span> <span class='ocrx_word' id='word_1_600' title='bbox 2881 3597 2938 3653; x_wconf 80' lang='grc' dir='ltr'>δὲ</span> <span class='ocrx_word' id='word_1_601' title='bbox 2996 3593 3285 3666; x_wconf 64' lang='grc' dir='ltr'>ὑφειμέναι</span> <span class='ocrx_word' id='word_1_602' title='bbox 3341 3593 3593 3663; x_wconf 79' lang='grc' dir='ltr'>δυνάμεις</span> 
     </span>
    </p>
   </div>
   <div class='ocr_carea' id='block_1_82' title="bbox 2018 3686 3594 3769">
    <p class='ocr_par' dir='ltr' id='par_1_82' title="bbox 2018 3686 3594 3769">
     <span class='ocr_line' id='line_1_82' title="bbox 2018 3686 3594 3769; baseline -0.01 -17"><span class='ocrx_word' id='word_1_603' title='bbox 2018 3696 2320 3769; x_wconf 85' lang='grc' dir='ltr'>μυούμεναί</span> <span class='ocrx_word' id='word_1_604' title='bbox 2347 3698 2456 3749; x_wconf 78' lang='grc' dir='ltr'>εἰσι</span> <span class='ocrx_word' id='word_1_605' title='bbox 2481 3694 2576 3748; x_wconf 74' lang='grc' dir='ltr'><strong>καὶ</strong></span> <span class='ocrx_word' id='word_1_606' title='bbox 2600 3691 2938 3764; x_wconf 89' lang='grc' dir='ltr'>τελούμεναι.</span> <span class='ocrx_word' id='word_1_607' title='bbox 2969 3688 3126 3743; x_wconf 87' lang='grc' dir='ltr'>Μετά</span> <span class='ocrx_word' id='word_1_608' title='bbox 3150 3686 3282 3756; x_wconf 78' lang='grc' dir='ltr'>γοῦν</span> <span class='ocrx_word' id='word_1_609' title='bbox 3305 3687 3411 3757; x_wconf 83' lang='grc' dir='ltr'>τὴν</span> <span class='ocrx_word' id='word_1_610' title='bbox 3432 3687 3594 3755; x_wconf 75' lang='grc' dir='ltr'>οὐρα·</span> 
     </span>
    </p>
   </div>
   <div class='ocr_carea' id='block_1_83' title="bbox 2013 3778 3593 3858">
    <p class='ocr_par' dir='ltr' id='par_1_83' title="bbox 2013 3778 3593 3858">
     <span class='ocr_line' id='line_1_83' title="bbox 2013 3778 3593 3858; baseline -0.009 -13"><span class='ocrx_word' id='word_1_611' title='bbox 2013 3787 2131 3845; x_wconf 78' lang='grc' dir='ltr'>νίαν</span> <span class='ocrx_word' id='word_1_612' title='bbox 2155 3788 2471 3845; x_wconf 87' lang='grc' dir='ltr'>καθιστῶσα</span> <span class='ocrx_word' id='word_1_613' title='bbox 2506 3786 2604 3858; x_wconf 78' lang='grc' dir='ltr'><strong>τὴν</strong></span> <span class='ocrx_word' id='word_1_614' title='bbox 2640 3785 2760 3839; x_wconf 82' lang='grc' dir='ltr'>καθ’</span> <span class='ocrx_word' id='word_1_615' title='bbox 2786 3785 2933 3855; x_wconf 76' lang='grc' dir='ltr'>ἡμᾶς</span> <span class='ocrx_word' id='word_1_616' title='bbox 2958 3780 3237 3853; x_wconf 72' lang='grc' dir='ltr'>ἱεραρχίαν</span> <span class='ocrx_word' id='word_1_617' title='bbox 3265 3782 3300 3851; x_wconf 76' lang='grc' dir='ltr'>ἠ</span> <span class='ocrx_word' id='word_1_618' title='bbox 3326 3778 3593 3851; x_wconf 81' lang='grc' dir='ltr'>ἀγαθότης</span> 
     </span>
    </p>
   </div>
   <div class='ocr_carea' id='block_1_84' title="bbox 2010 3871 3592 3951">
    <p class='ocr_par' dir='ltr' id='par_1_84' title="bbox 2010 3871 3592 3951">
     <span class='ocr_line' id='line_1_84' title="bbox 2010 3871 3592 3951; baseline -0.009 -15"><span class='ocrx_word' id='word_1_619' title='bbox 2010 3881 2106 3936; x_wconf 81' lang='grc' dir='ltr'>τοῦ</span> <span class='ocrx_word' id='word_1_620' title='bbox 2132 3881 2289 3947; x_wconf 81' lang='grc' dir='ltr'>Θεοῦ,</span> <span class='ocrx_word' id='word_1_621' title='bbox 2314 3882 2404 3934; x_wconf 81' lang='grc' dir='ltr'><strong>ὅτε</strong></span> <span class='ocrx_word' id='word_1_622' title='bbox 2433 3880 2531 3951; x_wconf 74' lang='grc' dir='ltr'>μὲν</span> <span class='ocrx_word' id='word_1_623' title='bbox 2554 3878 2737 3949; x_wconf 84' lang='grc' dir='ltr'>νήπιοι</span> <span class='ocrx_word' id='word_1_624' title='bbox 2763 3872 2925 3947; x_wconf 78' lang='grc' dir='ltr'>ἦμεν,</span> <span class='ocrx_word' id='word_1_625' title='bbox 2955 3873 3052 3945; x_wconf 82' lang='grc' dir='ltr'><strong>τὴν</strong></span> <span class='ocrx_word' id='word_1_626' title='bbox 3090 3871 3234 3929; x_wconf 86' lang='grc' dir='ltr'><strong>κατά</strong></span> <span class='ocrx_word' id='word_1_627' title='bbox 3257 3871 3425 3943; x_wconf 86' lang='grc' dir='ltr'>νόμον</span> <span class='ocrx_word' id='word_1_628' title='bbox 3467 3871 3592 3932; x_wconf 72' lang='grc' dir='ltr'>ἐδω-</span> 
     </span>
    </p>
   </div>
   <div class='ocr_carea' id='block_1_85' title="bbox 2017 3963 3591 4047">
    <p class='ocr_par' dir='ltr' id='par_1_85' title="bbox 2017 3963 3591 4047">
     <span class='ocr_line' id='line_1_85' title="bbox 2017 3963 3591 4047; baseline -0.008 -19"><span class='ocrx_word' id='word_1_629' title='bbox 2017 3976 2161 4047; x_wconf 79' lang='grc' dir='ltr'>ρεῖτο</span> <span class='ocrx_word' id='word_1_630' title='bbox 2209 3971 2491 4044; x_wconf 87' lang='grc' dir='ltr'>ίεραρχίαν</span> <span class='ocrx_word' id='word_1_631' title='bbox 2530 3972 2650 4033; x_wconf 83' lang='grc' dir='ltr'>ταῖς</span> <span class='ocrx_word' id='word_1_632' title='bbox 2708 3964 2988 4021; x_wconf 76' lang='grc' dir='ltr'>ἀσθενέσιν</span> <span class='ocrx_word' id='word_1_633' title='bbox 3039 3963 3195 4038; x_wconf 78' lang='grc' dir='ltr'>ημῶν</span> <span class='ocrx_word' id='word_1_634' title='bbox 3242 3964 3435 4033; x_wconf 73' lang='grc' dir='ltr'>ὄψεσιν</span> <span class='ocrx_word' id='word_1_635' title='bbox 3478 3966 3591 4016; x_wconf 74' lang='grc' dir='ltr'>ἐπι·</span> 
     </span>
    </p>
   </div>
   <div class='ocr_carea' id='block_1_86' title="bbox 2010 4051 3594 4137">
    <p class='ocr_par' dir='ltr' id='par_1_86' title="bbox 2010 4051 3594 4137">
     <span class='ocr_line' id='line_1_86' title="bbox 2010 4051 3594 4137; baseline -0.007 -19"><span class='ocrx_word' id='word_1_636' title='bbox 2010 4065 2302 4137; x_wconf 78' lang='grc' dir='ltr'>λάμπουσα</span> <span class='ocrx_word' id='word_1_637' title='bbox 2327 4064 2389 4116; x_wconf 87' lang='grc' dir='ltr'><strong>τὸ</strong></span> <span class='ocrx_word' id='word_1_638' title='bbox 2414 4060 2674 4130; x_wconf 81' lang='grc' dir='ltr'>ἀνάλογον</span> <span class='ocrx_word' id='word_1_639' title='bbox 2716 4057 2831 4129; x_wconf 81' lang='grc' dir='ltr'>φῶς</span> <span class='ocrx_word' id='word_1_640' title='bbox 2869 4057 2958 4113; x_wconf 88' lang='grc' dir='ltr'>διά</span> <span class='ocrx_word' id='word_1_641' title='bbox 2980 4071 3142 4110; x_wconf 81' lang='grc' dir='ltr'>τινων</span> <span class='ocrx_word' id='word_1_642' title='bbox 3173 4055 3436 4128; x_wconf 81' lang='grc' dir='ltr'>ἀμυδρῶν</span> <span class='ocrx_word' id='word_1_643' title='bbox 3461 4051 3594 4108; x_wconf 83' lang='grc' dir='ltr'>εἰκό-</span> 
     </span>
    </p>
   </div>
   <div class='ocr_carea' id='block_1_87' title="bbox 2010 4140 3592 4223">
    <p class='ocr_par' dir='ltr' id='par_1_87' title="bbox 2010 4140 3592 4223">
     <span class='ocr_line' id='line_1_87' title="bbox 2010 4140 3592 4223; baseline -0.009 -10"><span class='ocrx_word' id='word_1_644' title='bbox 2010 4175 2136 4221; x_wconf 92' lang='grc' dir='ltr'>νων,</span> <span class='ocrx_word' id='word_1_645' title='bbox 2167 4158 2260 4211; x_wconf 73' lang='grc' dir='ltr'>καὶ</span> <span class='ocrx_word' id='word_1_646' title='bbox 2281 4140 2740 4223; x_wconf 78' lang='grc' dir='ltr'>ούκέὐδιάκριτον</span> <span class='ocrx_word' id='word_1_647' title='bbox 2760 4149 2992 4222; x_wconf 75' lang='grc' dir='ltr'>ἐχόντων</span> <span class='ocrx_word' id='word_1_648' title='bbox 3009 4147 3109 4220; x_wconf 76' lang='grc' dir='ltr'>τὴν</span> <span class='ocrx_word' id='word_1_649' title='bbox 3128 4147 3385 4220; x_wconf 85' lang='grc' dir='ltr'>θεωρίαν.</span> <span class='ocrx_word' id='word_1_650' title='bbox 3429 4140 3592 4201; x_wconf 63' lang='grc' dir='ltr'>Ἐπει-</span> 
     </span>
    </p>
   </div>
   <div class='ocr_carea' id='block_1_88' title="bbox 2009 4234 3592 4322">
    <p class='ocr_par' dir='ltr' id='par_1_88' title="bbox 2009 4234 3592 4322">
     <span class='ocr_line' id='line_1_88' title="bbox 2009 4234 3592 4322; baseline -0.008 -18"><span class='ocrx_word' id='word_1_651' title='bbox 2009 4250 2188 4322; x_wconf 80' lang='grc' dir='ltr'>δήπερ</span> <span class='ocrx_word' id='word_1_652' title='bbox 2212 4245 2386 4312; x_wconf 79' lang='grc' dir='ltr'>εἶπεν,</span> <span class='ocrx_word' id='word_1_653' title='bbox 2413 4247 2495 4299; x_wconf 86' lang='grc' dir='ltr'>ὃτι</span> <span class='ocrx_word' id='word_1_654' title='bbox 2523 4246 2670 4297; x_wconf 80' lang='grc' dir='ltr'>πᾶσα</span> <span class='ocrx_word' id='word_1_655' title='bbox 2697 4241 2947 4316; x_wconf 78' lang='grc' dir='ltr'>ίεραρχία</span> <span class='ocrx_word' id='word_1_656' title='bbox 2965 4240 3189 4312; x_wconf 77' lang='grc' dir='ltr'>τελετὴν</span> <span class='ocrx_word' id='word_1_657' title='bbox 3214 4240 3352 4311; x_wconf 73' lang='grc' dir='ltr'>ἔχει,</span> <span class='ocrx_word' id='word_1_658' title='bbox 3382 4240 3478 4294; x_wconf 82' lang='grc' dir='ltr'>καὶ</span> <span class='ocrx_word' id='word_1_659' title='bbox 3499 4234 3592 4310; x_wconf 79' lang='grc' dir='ltr'>μύ-</span> 
     </span>
    </p>
   </div>
   <div class='ocr_carea' id='block_1_89' title="bbox 2014 4332 3593 4411">
    <p class='ocr_par' dir='ltr' id='par_1_89' title="bbox 2014 4332 3593 4411">
     <span class='ocr_line' id='line_1_89' title="bbox 2014 4332 3593 4411; baseline -0.008 -16"><span class='ocrx_word' id='word_1_660' title='bbox 2014 4360 2166 4406; x_wconf 85' lang='grc' dir='ltr'>στας,</span> <span class='ocrx_word' id='word_1_661' title='bbox 2190 4341 2283 4395; x_wconf 80' lang='grc' dir='ltr'>καὶ</span> <span class='ocrx_word' id='word_1_662' title='bbox 2304 4337 2662 4411; x_wconf 83' lang='grc' dir='ltr'>μυουμένους,</span> <span class='ocrx_word' id='word_1_663' title='bbox 2690 4333 2861 4390; x_wconf 75' lang='grc' dir='ltr'>ἐλθὼν</span> <span class='ocrx_word' id='word_1_664' title='bbox 2887 4333 2982 4388; x_wconf 68' lang='grc' dir='ltr'><strong>ἐπὶ</strong></span> <span class='ocrx_word' id='word_1_665' title='bbox 3006 4332 3106 4404; x_wconf 78' lang='grc' dir='ltr'>τὴν</span> <span class='ocrx_word' id='word_1_666' title='bbox 3131 4332 3365 4404; x_wconf 78' lang='grc' dir='ltr'>νομικὴν</span> <span class='ocrx_word' id='word_1_667' title='bbox 3388 4334 3593 4403; x_wconf 77' lang='grc' dir='ltr'><strong>ιερουρ⁴</strong></span> 
     </span>
    </p>
   </div>
   <div class='ocr_carea' id='block_1_90' title="bbox 2010 4422 3591 4500">
    <p class='ocr_par' dir='ltr' id='par_1_90' title="bbox 2010 4422 3591 4500">
     <span class='ocr_line' id='line_1_90' title="bbox 2010 4422 3591 4500; baseline -0.004 -15"><span class='ocrx_word' id='word_1_668' title='bbox 2010 4432 2157 4500; x_wconf 84' lang='grc' dir='ltr'>γίαν,</span> <span class='ocrx_word' id='word_1_669' title='bbox 2207 4428 2453 4500; x_wconf 85' lang='grc' dir='ltr'>βούλεται</span> <span class='ocrx_word' id='word_1_670' title='bbox 2488 4426 2658 4494; x_wconf 79' lang='grc' dir='ltr'>δεῖξαι</span> <span class='ocrx_word' id='word_1_671' title='bbox 2696 4426 2798 4498; x_wconf 83' lang='grc' dir='ltr'>τὴν</span> <span class='ocrx_word' id='word_1_672' title='bbox 2834 4422 3090 4494; x_wconf 85' lang='grc' dir='ltr'>τοιαύτην</span> <span class='ocrx_word' id='word_1_673' title='bbox 3132 4423 3349 4495; x_wconf 77' lang='grc' dir='ltr'>τριάδα.</span> <span class='ocrx_word' id='word_1_674' title='bbox 3397 4423 3591 4494; x_wconf 75' lang='grc' dir='ltr'>Τελετὴ</span> 
     </span>
    </p>
   </div>
   <div class='ocr_carea' id='block_1_91' title="bbox 2015 4513 3589 4595">
    <p class='ocr_par' dir='ltr' id='par_1_91' title="bbox 2015 4513 3589 4595">
     <span class='ocr_line' id='line_1_91' title="bbox 2015 4513 3589 4595; baseline -0.004 -19"><span class='ocrx_word' id='word_1_675' title='bbox 2015 4524 2114 4595; x_wconf 71' lang='grc' dir='ltr'><strong>μὲν</strong></span> <span class='ocrx_word' id='word_1_676' title='bbox 2144 4517 2237 4575; x_wconf 78' lang='grc' dir='ltr'><strong>οὖν</strong></span> <span class='ocrx_word' id='word_1_677' title='bbox 2263 4519 2436 4591; x_wconf 77' lang='grc' dir='ltr'>ταύτῃ</span> <span class='ocrx_word' id='word_1_678' title='bbox 2461 4519 2611 4572; x_wconf 69' lang='grc' dir='ltr'>ἐστὶν</span> <span class='ocrx_word' id='word_1_679' title='bbox 2636 4520 2671 4589; x_wconf 80' lang='grc' dir='ltr'><strong>η</strong></span> <span class='ocrx_word' id='word_1_680' title='bbox 2697 4517 2807 4571; x_wconf 81' lang='grc' dir='ltr'><strong>ἀπδ</strong></span> <span class='ocrx_word' id='word_1_681' title='bbox 2829 4515 2941 4570; x_wconf 86' lang='grc' dir='ltr'><strong>τῶν</strong></span> <span class='ocrx_word' id='word_1_682' title='bbox 2965 4513 3154 4570; x_wconf 82' lang='grc' dir='ltr'>τύπων</span> <span class='ocrx_word' id='word_1_683' title='bbox 3188 4516 3283 4569; x_wconf 71' lang='grc' dir='ltr'>ἐπὶ</span> <span class='ocrx_word' id='word_1_684' title='bbox 3305 4516 3408 4587; x_wconf 79' lang='grc' dir='ltr'>τὴν</span> <span class='ocrx_word' id='word_1_685' title='bbox 3433 4533 3589 4575; x_wconf 63' lang='grc' dir='ltr'>πνευι</span> 
     </span>
    </p>
   </div>
   <div class='ocr_carea' id='block_1_92' title="bbox 2015 4603 3590 4686">
    <p class='ocr_par' dir='ltr' id='par_1_92' title="bbox 2015 4603 3590 4686">
     <span class='ocr_line' id='line_1_92' title="bbox 2015 4603 3590 4686; baseline -0.006 -20"><span class='ocrx_word' id='word_1_686' title='bbox 2015 4611 2246 4686; x_wconf 70' lang='grc' dir='ltr'>ματικὴν</span> <span class='ocrx_word' id='word_1_687' title='bbox 2296 4610 2548 4682; x_wconf 84' lang='grc' dir='ltr'>λατρείαν</span> <span class='ocrx_word' id='word_1_688' title='bbox 2596 4606 2873 4679; x_wconf 80' lang='grc' dir='ltr'>ἀναγωγὴ,</span> <span class='ocrx_word' id='word_1_689' title='bbox 2922 4603 3109 4669; x_wconf 82' lang='grc' dir='ltr'>καθὼς</span> <span class='ocrx_word' id='word_1_690' title='bbox 3144 4604 3241 4659; x_wconf 76' lang='grc' dir='ltr'>καὶ</span> <span class='ocrx_word' id='word_1_691' title='bbox 3282 4609 3312 4659; x_wconf 79' lang='grc' dir='ltr'>ὁ</span> <span class='ocrx_word' id='word_1_692' title='bbox 3342 4607 3590 4676; x_wconf 83' lang='grc' dir='ltr'>Θεολόγος</span> 
     </span>
    </p>
   </div>
   <div class='ocr_carea' id='block_1_93' title="bbox 2011 4696 3590 4777">
    <p class='ocr_par' dir='ltr' id='par_1_93' title="bbox 2011 4696 3590 4777">
     <span class='ocr_line' id='line_1_93' title="bbox 2011 4696 3590 4777; baseline -0.008 -16"><span class='ocrx_word' id='word_1_693' title='bbox 2011 4707 2202 4776; x_wconf 80' lang='grc' dir='ltr'>ἀνάγει</span> <span class='ocrx_word' id='word_1_694' title='bbox 2229 4704 2268 4758; x_wconf 88' lang='grc' dir='ltr'><strong>Γ</strong></span> <span class='ocrx_word' id='word_1_695' title='bbox 2275 4702 2527 4777; x_wconf 85' lang='grc' dir='ltr'>ρηγόριος</span> <span class='ocrx_word' id='word_1_696' title='bbox 2546 4718 2559 4730; x_wconf 89' lang='grc'><strong>·</strong></span> <span class='ocrx_word' id='word_1_697' title='bbox 2591 4699 2921 4775; x_wconf 66' lang='grc' dir='ltr'><strong>χειραγωγο)⁸</strong></span> <span class='ocrx_word' id='word_1_698' title='bbox 2939 4698 2998 4754; x_wconf 72' lang='grc' dir='ltr'>δὲ</span> <span class='ocrx_word' id='word_1_699' title='bbox 3018 4697 3155 4771; x_wconf 79' lang='grc' dir='ltr'>πρὸς</span> <span class='ocrx_word' id='word_1_700' title='bbox 3182 4696 3411 4769; x_wconf 82' lang='grc' dir='ltr'>ταύτην,</span> <span class='ocrx_word' id='word_1_701' title='bbox 3434 4700 3590 4769; x_wconf 75' lang='grc' dir='ltr'>ἡγουν</span> 
     </span>
    </p>
   </div>
   <div class='ocr_carea' id='block_1_94' title="bbox 2018 4789 3591 4871">
    <p class='ocr_par' dir='ltr' id='par_1_94' title="bbox 2018 4789 3591 4871">
     <span class='ocr_line' id='line_1_94' title="bbox 2018 4789 3591 4871; baseline -0.004 -18"><span class='ocrx_word' id='word_1_702' title='bbox 2018 4799 2240 4871; x_wconf 87' lang='grc' dir='ltr'>μύσται,</span> <span class='ocrx_word' id='word_1_703' title='bbox 2265 4798 2319 4852; x_wconf 76' lang='grc' dir='ltr'>οι</span> <span class='ocrx_word' id='word_1_704' title='bbox 2351 4796 2457 4851; x_wconf 78' lang='grc' dir='ltr'>ὑπὸ</span> <span class='ocrx_word' id='word_1_705' title='bbox 2481 4795 2727 4858; x_wconf 78' lang='grc' dir='ltr'>Μωσέως</span> <span class='ocrx_word' id='word_1_706' title='bbox 2748 4791 2843 4847; x_wconf 83' lang='grc' dir='ltr'>τοῦ</span> <span class='ocrx_word' id='word_1_707' title='bbox 2870 4789 3088 4863; x_wconf 85' lang='grc' dir='ltr'>πρώτου</span> <span class='ocrx_word' id='word_1_708' title='bbox 3116 4790 3321 4863; x_wconf 84' lang='grc' dir='ltr'>μύστου</span> <span class='ocrx_word' id='word_1_709' title='bbox 3351 4793 3447 4846; x_wconf 74' lang='grc' dir='ltr'><strong>καὶ</strong></span> <span class='ocrx_word' id='word_1_710' title='bbox 3472 4793 3591 4863; x_wconf 71' lang='grc' dir='ltr'>ἡγει</span> 
     </span>
    </p>
   </div>
   <div class='ocr_carea' id='block_1_95' title="bbox 2013 4882 3588 4967">
    <p class='ocr_par' dir='ltr' id='par_1_95' title="bbox 2013 4882 3588 4967">
     <span class='ocr_line' id='line_1_95' title="bbox 2013 4882 3588 4967; baseline -0.007 -21"><span class='ocrx_word' id='word_1_711' title='bbox 2013 4894 2173 4967; x_wconf 82' lang='grc' dir='ltr'>μόνος</span> <span class='ocrx_word' id='word_1_712' title='bbox 2215 4888 2514 4964; x_wconf 88' lang='grc' dir='ltr'>μυηθέντες</span> <span class='ocrx_word' id='word_1_713' title='bbox 2544 4886 2643 4959; x_wconf 79' lang='grc' dir='ltr'><strong>τὴν</strong></span> <span class='ocrx_word' id='word_1_714' title='bbox 2676 4883 3088 4959; x_wconf 83' lang='grc' dir='ltr'>ἀχειροποίητον</span> <span class='ocrx_word' id='word_1_715' title='bbox 3116 4882 3334 4953; x_wconf 78' lang='grc' dir='ltr'>ἐκείνην</span> <span class='ocrx_word' id='word_1_716' title='bbox 3370 4884 3588 4955; x_wconf 81' lang='grc' dir='ltr'>σκηνὴν,</span> 
     </span>
    </p>
   </div>
   <div class='ocr_carea' id='block_1_96' title="bbox 2012 4972 3590 5061">
    <p class='ocr_par' dir='ltr' id='par_1_96' title="bbox 2012 4972 3590 5061">
     <span class='ocr_line' id='line_1_96' title="bbox 2012 4972 3590 5061; baseline -0.01 -21"><span class='ocrx_word' id='word_1_717' title='bbox 2012 4986 2148 5061; x_wconf 83' lang='grc' dir='ltr'>πρὸς</span> <span class='ocrx_word' id='word_1_718' title='bbox 2169 4984 2237 5057; x_wconf 73' lang='grc' dir='ltr'>ἢν</span> <span class='ocrx_word' id='word_1_719' title='bbox 2263 4979 2607 5056; x_wconf 70' lang='grc' dir='ltr'>ίερογραφῶν</span> <span class='ocrx_word' id='word_1_720' title='bbox 2632 4978 2731 5050; x_wconf 82' lang='grc' dir='ltr'>τὴν</span> <span class='ocrx_word' id='word_1_721' title='bbox 2757 4975 2898 5034; x_wconf 87' lang='grc' dir='ltr'><strong>κατά</strong></span> <span class='ocrx_word' id='word_1_722' title='bbox 2928 4974 3095 5047; x_wconf 87' lang='grc' dir='ltr'>νόμον</span> <span class='ocrx_word' id='word_1_723' title='bbox 3121 4973 3430 5047; x_wconf 74' lang='grc' dir='ltr'>ἱεραρχιαν,</span> <span class='ocrx_word' id='word_1_724' title='bbox 3459 4972 3590 5026; x_wconf 78' lang='grc' dir='ltr'>εἰκό-</span> 
     </span>
    </p>
   </div>
   <div class='ocr_carea' id='block_1_97' title="bbox 2011 5062 3587 5145">
    <p class='ocr_par' dir='ltr' id='par_1_97' title="bbox 2011 5062 3587 5145">
     <span class='ocr_line' id='line_1_97' title="bbox 2011 5062 3587 5145; baseline -0.011 -14"><span class='ocrx_word' id='word_1_725' title='bbox 2011 5094 2080 5131; x_wconf 92' lang='grc' dir='ltr'><strong>να</strong></span> <span class='ocrx_word' id='word_1_726' title='bbox 2100 5074 2171 5129; x_wconf 87' lang='grc' dir='ltr'>τὰ</span> <span class='ocrx_word' id='word_1_727' title='bbox 2195 5072 2340 5128; x_wconf 81' lang='grc' dir='ltr'><strong>κατά</strong></span> <span class='ocrx_word' id='word_1_728' title='bbox 2374 5071 2537 5145; x_wconf 88' lang='grc' dir='ltr'>νόμον</span> <span class='ocrx_word' id='word_1_729' title='bbox 2560 5067 2745 5123; x_wconf 73' lang='grc' dir='ltr'>ἐκάλει</span> <span class='ocrx_word' id='word_1_730' title='bbox 2768 5083 2782 5097; x_wconf 78' lang='grc'><em>”</em></span> <span class='ocrx_word' id='word_1_731' title='bbox 2813 5066 2978 5138; x_wconf 72' lang='grc' dir='ltr'>ἡκουε</span> <span class='ocrx_word' id='word_1_732' title='bbox 3013 5064 3143 5138; x_wconf 82' lang='grc' dir='ltr'>γάρ·</span> <span class='ocrx_word' id='word_1_733' title='bbox 3177 5062 3390 5118; x_wconf 81' lang='grc' dir='ltr'>Πάντα</span> <span class='ocrx_word' id='word_1_734' title='bbox 3431 5062 3587 5129; x_wconf 62' lang='lat' dir='ltr'><strong>xeni-</strong></span> 
     </span>
    </p>
   </div>
   <div class='ocr_carea' id='block_1_98' title="bbox 2011 5152 3585 5236">
    <p class='ocr_par' dir='ltr' id='par_1_98' title="bbox 2011 5152 3585 5236">
     <span class='ocr_line' id='line_1_98' title="bbox 2011 5152 3585 5236; baseline -0.011 -10"><span class='ocrx_word' id='word_1_735' title='bbox 2011 5184 2146 5236; x_wconf 79' lang='grc' dir='ltr'>σεις</span> <span class='ocrx_word' id='word_1_736' title='bbox 2178 5166 2329 5223; x_wconf 83' lang='grc' dir='ltr'>κατὰ</span> <span class='ocrx_word' id='word_1_737' title='bbox 2370 5165 2479 5219; x_wconf 77' lang='grc' dir='ltr'><strong>τὸν</strong></span> <span class='ocrx_word' id='word_1_738' title='bbox 2517 5161 2713 5216; x_wconf 80' lang='grc' dir='ltr'>τύπον</span> <span class='ocrx_word' id='word_1_739' title='bbox 2758 5159 2867 5212; x_wconf 79' lang='grc' dir='ltr'><strong>τὸν</strong></span> <span class='ocrx_word' id='word_1_740' title='bbox 2902 5156 3220 5228; x_wconf 79' lang='grc' dir='ltr'>δειχθέντα</span> <span class='ocrx_word' id='word_1_741' title='bbox 3253 5172 3357 5210; x_wconf 87' lang='grc' dir='ltr'><strong>σοι</strong></span> <span class='ocrx_word' id='word_1_742' title='bbox 3408 5152 3585 5218; x_wconf 73' lang='grc' dir='ltr'><strong>ἐν,τῷ</strong></span> 
     </span>
    </p>
   </div>
   <div class='ocr_carea' id='block_1_99' title="bbox 337 5245 1914 5333">
    <p class='ocr_par' dir='ltr' id='par_1_99' title="bbox 337 5255 1912 5329">
     <span class='ocr_line' id='line_1_99' title="bbox 337 5255 1912 5329; baseline 0.003 -20"><span class='ocrx_word' id='word_1_743' title='bbox 337 5255 671 5320; x_wconf 86' lang='lat' dir='ltr'><strong>describens,</strong></span> <span class='ocrx_word' id='word_1_744' title='bbox 701 5258 893 5328; x_wconf 81' lang='lat' dir='ltr'><strong>legulia</strong></span> <span class='ocrx_word' id='word_1_745' title='bbox 924 5258 1011 5313; x_wconf 88' lang='lat' dir='ltr'><strong>illa</strong></span> <span class='ocrx_word' id='word_1_746' title='bbox 1038 5258 1240 5325; x_wconf 71' lang='lat' dir='ltr'><strong>ﬁguras</strong></span> <span class='ocrx_word' id='word_1_747' title='bbox 1267 5273 1361 5319; x_wconf 86' lang='lat' dir='ltr'><strong>seu</strong></span> <span class='ocrx_word' id='word_1_748' title='bbox 1396 5258 1656 5328; x_wconf 81' lang='lat' dir='ltr'><strong>imagines</strong></span> <span class='ocrx_word' id='word_1_749' title='bbox 1675 5258 1912 5329; x_wconf 84' lang='lat' dir='ltr'><strong>appella-</strong></span> 
     </span>
    </p>
   </div>
   <div class='ocr_carea' id='block_1_100' title="bbox 2087 5245 3581 5333">
    <p class='ocr_par' dir='ltr' id='par_1_100' title="bbox 2087 5245 3581 5333">
     <span class='ocr_line' id='line_1_100' title="bbox 2087 5245 3581 5333; baseline -0.014 -18"><span class='ocrx_word' id='word_1_750' title='bbox 2087 5277 2158 5315; x_wconf 86' lang='grc' dir='ltr'>ει.</span> <span class='ocrx_word' id='word_1_751' title='bbox 2179 5252 2611 5333; x_wconf 84' lang='grc' dir='ltr'>Προτελούμενοι</span> <span class='ocrx_word' id='word_1_752' title='bbox 2631 5250 2689 5303; x_wconf 78' lang='grc' dir='ltr'>δὲ</span> <span class='ocrx_word' id='word_1_753' title='bbox 2714 5245 2823 5302; x_wconf 74' lang='grc' dir='ltr'>εἷεν</span> <span class='ocrx_word' id='word_1_754' title='bbox 2850 5249 2935 5314; x_wconf 83' lang='grc' dir='ltr'><strong>ἂν,</strong></span> <span class='ocrx_word' id='word_1_755' title='bbox 2963 5250 3011 5302; x_wconf 72' lang='grc' dir='ltr'>οἱ</span> <span class='ocrx_word' id='word_1_756' title='bbox 3040 5246 3147 5301; x_wconf 62' lang='grc' dir='ltr'>ἀπὶ)</span> <span class='ocrx_word' id='word_1_757' title='bbox 3170 5246 3381 5316; x_wconf 81' lang='grc' dir='ltr'>ταύτης</span> <span class='ocrx_word' id='word_1_758' title='bbox 3404 5245 3495 5300; x_wconf 73' lang='grc' dir='ltr'><strong>ἐπὶ</strong></span> <span class='ocrx_word' id='word_1_759' title='bbox 3517 5258 3581 5295; x_wconf 71' lang='grc' dir='ltr'>τερ</span> 
     </span>
    </p>
   </div>
   <div class='ocr_carea' id='block_1_101' title="bbox 337 5346 1910 5419">
    <p class='ocr_par' dir='ltr' id='par_1_101' title="bbox 337 5346 1910 5419">
     <span class='ocr_line' id='line_1_101' title="bbox 337 5346 1910 5419; baseline 0.004 -18"><span class='ocrx_word' id='word_1_760' title='bbox 337 5346 429 5401; x_wconf 82' lang='lat' dir='ltr'><strong>bat</strong></span> <span class='ocrx_word' id='word_1_761' title='bbox 465 5364 482 5402; x_wconf 92' lang='lat'><strong>:</strong></span> <span class='ocrx_word' id='word_1_762' title='bbox 512 5350 721 5403; x_wconf 85' lang='lat' dir='ltr'><strong>audivit</strong></span> <span class='ocrx_word' id='word_1_763' title='bbox 750 5350 894 5405; x_wconf 86' lang='lat' dir='ltr'><strong>enim</strong></span> <span class='ocrx_word' id='word_1_764' title='bbox 924 5366 940 5402; x_wconf 91' lang='lat'><strong>:</strong></span> <span class='ocrx_word' id='word_1_765' title='bbox 974 5349 1168 5403; x_wconf 80' lang='lat' dir='ltr'><strong>Omnia</strong></span> <span class='ocrx_word' id='word_1_766' title='bbox 1213 5350 1374 5419; x_wconf 77' lang='lat' dir='ltr'><strong>facies</strong></span> <span class='ocrx_word' id='word_1_767' title='bbox 1418 5352 1702 5404; x_wconf 73' lang='lat' dir='ltr'><strong>secundum</strong></span> <span class='ocrx_word' id='word_1_768' title='bbox 1726 5367 1910 5406; x_wconf 67' lang='lat' dir='ltr'><strong>emetu-</strong></span> 
     </span>
    </p>
   </div>
   <div class='ocr_carea' id='block_1_102' title="bbox 270 5437 1911 5509">
    <p class='ocr_par' dir='ltr' id='par_1_102' title="bbox 270 5437 1911 5509">
     <span class='ocr_line' id='line_1_102' title="bbox 270 5437 1911 5509; baseline 0.005 -20"><span class='ocrx_word' id='word_1_769' title='bbox 270 5467 275 5471; x_wconf 91' lang='lat'><strong><em>-</em></strong></span> <span class='ocrx_word' id='word_1_770' title='bbox 335 5437 457 5507; x_wconf 76' lang='lat' dir='ltr'><strong>piar</strong></span> <span class='ocrx_word' id='word_1_771' title='bbox 481 5440 619 5509; x_wconf 84' lang='lat' dir='ltr'><strong>quod</strong></span> <span class='ocrx_word' id='word_1_772' title='bbox 643 5441 737 5495; x_wconf 83' lang='lat' dir='ltr'><strong>tibi</strong></span> <span class='ocrx_word' id='word_1_773' title='bbox 764 5450 1110 5495; x_wconf 74' lang='lat' dir='ltr'><strong>monstratum</strong></span> <span class='ocrx_word' id='word_1_774' title='bbox 1132 5449 1210 5495; x_wconf 75' lang='lat' dir='ltr'><strong>est</strong></span> <span class='ocrx_word' id='word_1_775' title='bbox 1242 5442 1294 5495; x_wconf 87' lang='lat' dir='ltr'><strong>in</strong></span> <span class='ocrx_word' id='word_1_776' title='bbox 1324 5453 1494 5496; x_wconf 82' lang='lat' dir='ltr'><strong>mome</strong></span> <span class='ocrx_word' id='word_1_777' title='bbox 1510 5452 1556 5494; x_wconf 78' lang='grc'><strong>’.</strong></span> <span class='ocrx_word' id='word_1_778' title='bbox 1587 5437 1788 5496; x_wconf 82' lang='lat' dir='ltr'><strong>initiati</strong></span> <span class='ocrx_word' id='word_1_779' title='bbox 1816 5457 1911 5497; x_wconf 84' lang='lat' dir='ltr'><strong>ve-</strong></span> 
     </span>
    </p>
   </div>
   <div class='ocr_carea' id='block_1_103' title="bbox 442 5548 934 5647">
    <p class='ocr_par' dir='ltr' id='par_1_103' title="bbox 442 5548 934 5647">
     <span class='ocr_line' id='line_1_103' title="bbox 442 5548 934 5647; baseline 0.002 -14"><span class='ocrx_word' id='word_1_780' title='bbox 442 5589 465 5617; x_wconf 73' lang='grc' dir='ltr'><strong>ς</strong></span> <span class='ocrx_word' id='word_1_781' title='bbox 490 5579 659 5634; x_wconf 80' lang='lat' dir='ltr'><strong>Exod.</strong></span> <span class='ocrx_word' id='word_1_782' title='bbox 686 5596 812 5647; x_wconf 77' lang='lat' dir='ltr'><strong>xxv,</strong></span> <span class='ocrx_word' id='word_1_783' title='bbox 844 5548 934 5634; x_wconf 73' lang='lat' dir='ltr'><strong>to.</strong></span> 
     </span>
    </p>
   </div>
   <div class='ocr_carea' id='block_1_104' title="bbox 2012 5339 3583 5424">
    <p class='ocr_par' dir='ltr' id='par_1_104' title="bbox 2012 5339 3583 5424">
     <span class='ocr_line' id='line_1_104' title="bbox 2012 5339 3583 5424; baseline -0.013 -15"><span class='ocrx_word' id='word_1_784' title='bbox 2012 5351 2286 5424; x_wconf 76' lang='grc' dir='ltr'>λειοτέραν</span> <span class='ocrx_word' id='word_1_785' title='bbox 2308 5345 2634 5419; x_wconf 83' lang='grc' dir='ltr'>ἀναγόμενοι</span> <span class='ocrx_word' id='word_1_786' title='bbox 2682 5340 2879 5413; x_wconf 85' lang='grc' dir='ltr'>μύησιν</span> <span class='ocrx_word' id='word_1_787' title='bbox 2903 5380 2918 5405; x_wconf 94' lang='grc'><strong>,</strong></span> <span class='ocrx_word' id='word_1_788' title='bbox 2960 5341 3027 5412; x_wconf 77' lang='grc' dir='ltr'>ἢν</span> <span class='ocrx_word' id='word_1_789' title='bbox 3074 5339 3171 5393; x_wconf 75' lang='grc' dir='ltr'>καὶ</span> <span class='ocrx_word' id='word_1_790' title='bbox 3202 5339 3583 5410; x_wconf 64' lang='grc' dir='ltr'>ἀποπλήρωσιν</span> 
     </span>
    </p>
   </div>
   <div class='ocr_carea' id='block_1_105' title="bbox 2011 5425 3583 5518">
    <p class='ocr_par' dir='ltr' id='par_1_105' title="bbox 2011 5425 3583 5518">
     <span class='ocr_line' id='line_1_105' title="bbox 2011 5425 3583 5518; baseline -0.011 -18"><span class='ocrx_word' id='word_1_791' title='bbox 2011 5448 2113 5518; x_wconf 70' lang='grc' dir='ltr'>τῆς</span> <span class='ocrx_word' id='word_1_792' title='bbox 2137 5443 2360 5517; x_wconf 81' lang='grc' dir='ltr'>πρώτης</span> <span class='ocrx_word' id='word_1_793' title='bbox 2384 5439 2481 5497; x_wconf 79' lang='grc' dir='ltr'>καὶ</span> <span class='ocrx_word' id='word_1_794' title='bbox 2503 5435 2657 5510; x_wconf 76' lang='grc' dir='ltr'>ῑιράν</span> <span class='ocrx_word' id='word_1_795' title='bbox 2681 5433 2832 5505; x_wconf 79' lang='grc' dir='ltr'>λῆξιν</span> <span class='ocrx_word' id='word_1_796' title='bbox 2858 5434 2914 5489; x_wconf 81' lang='grc' dir='ltr'>αἱ</span> <span class='ocrx_word' id='word_1_797' title='bbox 2939 5432 3155 5505; x_wconf 76' lang='grc' dir='ltr'>Γραφαὶ</span> <span class='ocrx_word' id='word_1_798' title='bbox 3178 5430 3422 5501; x_wconf 83' lang='grc' dir='ltr'>λέγουσι,</span> <span class='ocrx_word' id='word_1_799' title='bbox 3463 5425 3583 5484; x_wconf 73' lang='grc' dir='ltr'>καθὸ</span> 
     </span>
    </p>
   </div>
   <div class='ocr_carea' id='block_1_106' title="bbox 413 5723 2311 5810">
    <p class='ocr_par' dir='ltr' id='par_1_106' title="bbox 413 5723 2311 5810">
     <span class='ocr_line' id='line_1_106' title="bbox 413 5723 2311 5810; baseline -0.008 -13"><span class='ocrx_word' id='word_1_800' title='bbox 413 5738 528 5810; x_wconf 66' lang='lat'><strong>(26)</strong></span> <span class='ocrx_word' id='word_1_801' title='bbox 576 5738 718 5792; x_wconf 66' lang='lat' dir='ltr'><strong>Vide</strong></span> <span class='ocrx_word' id='word_1_802' title='bbox 755 5735 973 5794; x_wconf 82' lang='lat' dir='ltr'><strong>Scholia</strong></span> <span class='ocrx_word' id='word_1_803' title='bbox 1013 5737 1071 5790; x_wconf 90' lang='lat' dir='ltr'><strong>S.</strong></span> <span class='ocrx_word' id='word_1_804' title='bbox 1129 5734 1346 5789; x_wconf 67' lang='lat' dir='ltr'><strong>Maximi</strong></span> <span class='ocrx_word' id='word_1_805' title='bbox 1412 5741 1546 5788; x_wconf 89' lang='lat' dir='ltr'><strong>tom.</strong></span> <span class='ocrx_word' id='word_1_806' title='bbox 1597 5730 1661 5795; x_wconf 91' lang='lat' dir='ltr'><strong>Il,</strong></span> <span class='ocrx_word' id='word_1_807' title='bbox 1698 5745 1816 5799; x_wconf 89' lang='lat' dir='ltr'><strong>cap.</strong></span> <span class='ocrx_word' id='word_1_808' title='bbox 1847 5728 1879 5783; x_wconf 82' lang='lat'><strong>5</strong></span> <span class='ocrx_word' id='word_1_809' title='bbox 1933 5729 2132 5785; x_wconf 74' lang='lat' dir='ltr'><strong>Eccles.</strong></span> <span class='ocrx_word' id='word_1_810' title='bbox 2181 5723 2311 5782; x_wconf 65' lang='lat' dir='ltr'><strong>intr.</strong></span> 
     </span>
    </p>
   </div>
  </div>
