3730 6330
155 282 250 338 59.!

768 276 855 331 DE
891 275 1176 332 ECCLES.
1215 273 1621 337 HIERARCH.,
1655 272 1811 329 CAP.
1849 271 1914 326 Υ.
1936 302 2004 313 -—
2038 270 2388 328 PARAPHR.
2425 271 2895 329 PACHYMERJE.

3326 276 3427 332 521’

272 394 574 468 πληρωτὴς
600 395 854 467 νόμου,οὑ
876 394 1183 466 καταλυτὴς
1213 396 1245 447 ό
1276 392 1480 464 Κύριος
1504 390 1736 459 λέγεται·

1886 405 1913 445 ο
1945 400 2123 455 erant,
2161 391 2253 460 qui
2297 391 2366 467 ab
2396 391 2495 447 hac
2542 392 2609 446 ad
2654 390 3035 462 perfectiorcm
3084 392 3429 464 disciplinam

158 490 345 559 ὥσπερ
380 489 481 541 καὶ
520 490 550 541 ό
588 489 680 541 ἐπὶ
704 489 996 560 σκιάσματι
1030 489 1235 551 εἰκόνος
1262 484 1523 548 ἐπιτιθεὶς
1549 482 1745 536 πολλά-

159 600 245 645 κις
270 580 341 633 τὰ
365 578 639 651 χρώματα
662 583 925 651 γραφεὺς,
972 579 1261 652 πληρωτὴς
1283 578 1384 648 τῆς
1411 576 1637 640 εἰκόνος,
1681 574 1741 628 οὐ

161 673 462 744 καταλυτὴς
486 672 685 742 λέγοιτ’
711 675 795 728 ἄν.
826 675 887 726 Εἰ
910 675 967 727 δὲ
986 674 1066 727 δεῖ
1087 673 1285 740 Παύλῳ
1303 668 1584 722 πείθεσθαι
1606 665 1744 737 πρὸς

172 766 454 838 Ἐϐραίους
482 767 770 837 γράφοντι,
801 766 914 819 ἔστι
936 784 989 819 τι
1019 765 1181 837 μέσον
1202 763 1305 834 τῆς
1324 760 1580 833 οὐρανίας
1602 758 1746 812 ὲκεί-

159 878 254 930 νης
279 861 373 912 καὶ
405 860 507 931 τῆς
534 861 676 915 κατά
701 860 861 931 νόμον
881 858 1155 930 λατρείας,
1183 858 1217 928 ἡ
1245 856 1363 910 καθ’
1390 856 1537 925 ἡμᾶς
1558 855 1742 923 ίεραρ-

160 950 270 1020 χξα,
296 954 363 1023 τῇ
394 953 495 1023 μὲν
518 951 747 1023 οὐρανίᾳ
765 949 1113 1014 κοινωνοῦσα,
1139 950 1221 1001 ὅτι
1248 946 1342 999 καὶ
1368 944 1507 1015 αὐτὴ
1525 945 1742 1014 νοηταῖς

162 1044 413 1114 θεωρίαις
438 1045 639 1116 χρῆται
658 1062 671 1075 '
699 1047 765 1115 τῇ
798 1044 855 1097 δὲ
892 1043 1034 1097 κατὰ
1059 1042 1241 1113 νόμον,
1277 1041 1359 1093 ὅτι
1383 1038 1477 1093 καὶ
1502 1037 1641 1107 αὐτὴ
1666 1034 1742 1099 ὡς

160 1139 337 1209 ἐκείνη
364 1138 645 1208 αἰσθητοῖς
673 1135 958 1208 ωμὸόλοις
980 1135 1335 1190 ποικίλλεται.

1849 483 2297 549 traducebantur,
2321 496 2484 551 quam
2507 495 2561 537 et
2580 482 2950 553 impletionem
2976 485 3165 554 prima:
3185 500 3431 541 sacram-

1846 587 1955 644 que
1978 582 2182 627 sortem
2207 570 2504 641 Scriptura:
2532 583 2751 638 vocant,
2778 576 3073 631 secundum
3093 579 3235 648 quod
3260 580 3428 635 etiam

1855 664 2116 719 Dominus
2154 664 2477 729 adimpletor
2510 665 2664 736 legis,
2689 675 2744 722 et
2775 684 2879 723 non
2911 670 3119 726 solutor
3149 671 3353 728 dicitur
3380 673 3425 726 ι.

1845 753 2318 821 Quemadmodum
2349 758 2509 813 etiam
2537 759 2733 828 pictor,
2764 762 2854 830 qui
2882 761 3007 815 dum
3037 763 3243 819 umbra:
3282 765 3425 820 ima-

1847 846 1990 917 ginis
2036 862 2178 916 saepe
2203 848 2416 904 colores
2456 850 2624 917 addit,
2667 851 2881 906 dicetur
2917 853 3062 909 illam
3106 856 3423 926 adimplere,

1850 948 1906 992 et
1931 953 2273 1009 nequaquam
2300 940 2531 995 solvere.
2558 939 2614 995 Si
2639 956 2768 996 vero
2796 941 2963 999 Paulo
2987 945 3317 1002 credendum
3341 953 3426 1019 est

1851 1032 1917 1085 ad
1947 1032 2202 1088 Hebraeos
2237 1035 2520 1099 scribenti,
2556 1036 2794 1089 medium
2821 1038 2949 1105 quid
2976 1039 3118 1095 inter
3146 1042 3425 1098 caelestem

1854 1125 2005 1180 illum
2035 1133 2092 1179 et
2122 1125 2346 1195 legalem
2375 1127 2580 1181 cultum
2612 1138 2796 1182 nostra
2820 1138 2904 1185 est
2932 1130 3276 1200 hieran-hia;
3304 1149 3427 1203 qua:

164 1244 285 1282 cum
312 1230 531 1283 cwlesti
559 1229 777 1298 quidem
808 1229 1195 1290 communicat,
1236 1227 1379 1296 quod
1416 1221 1752 1296 spiritalibus
1792 1225 1980 1274 utatur
2004 1218 2597 1287 contemplationibus;
2660 1232 2784 1273 cum
2814 1219 2971 1291 legali
3002 1237 3153 1287 vero.
3193 1226 3336 1293 quod
3369 1233 3427 1280 ut

164 1321 245 1374 illa
286 1334 506 1389 quoque
526 1319 821 1375 sensilibus
851 1318 1021 1391 signis
1052 1321 1382 1386 variegetur.

226 1407 254 1478 ς
281 1409 372 1460 lll.
409 1408 567 1477 Ἔχει
592 1408 648 1460 δὲ
672 1409 764 1461 καὶ
791 1407 927 1479 αὐτὴ
955 1407 1015 1460 τὸ
1035 1408 1255 1480 τρισσὸν
1280 1408 1382 1477 τῆς
1417 1402 1738 1478 ἱεραρχικῆς

157 1499 497 1570 διαιρέσεως,
531 1499 884 1571 διαιρουμένη
927 1498 1009 1563 είς
1033 1518 1094 1553 τε
1122 1500 1221 1563 τὰς
1265 1498 1485 1562 τελετὰς
1526 1498 1621 1552 καὶ
1659 1500 1739 1562 είς

157 1594 279 1655 τοὺς
315 1590 601 1663 ὑπηρέτας
626 1591 734 1645 τῶν
759 1591 939 1655 θείων,
967 1592 1061 1645 καὶ
1087 1593 1270 1664 ἱερεῖς,
1300 1593 1394 1645 καὶ
1418 1592 1635 1663 τρίτους
1660 1593 1739 1655 είς

157 1685 278 1747 τούς
317 1684 764 1756 προσαγομένους
791 1684 881 1737 ὐπ’
919 1684 1098 1738 αὐτῶν
1122 1687 1201 1748 είς
1225 1684 1294 1737 τὰ
1320 1685 1460 1756 ἱερά.
1500 1686 1733 1755 Ἑκάστη

156 1775 210 1828 δὲ
229 1774 435 1828 τούτων
460 1775 696 1846 τριττῶς
723 1775 881 1830 πάλιν
902 1775 1173 1848 διῄρηται.
1204 1776 1323 1829 Τῶν
1347 1776 1479 1845 γοῦν
1504 1777 1736 1830 τελετῶν

157 1868 342 1939 πρώτη
371 1869 408 1939 ἡ
448 1868 719 1940 κάθαρσις
742 1886 755 1898 ·
781 1869 1008 1941 δευτέρα
1032 1869 1139 1922 τῶν
1162 1869 1541 1942 καθαρθέντων
1566 1872 1595 1923 ό
1620 1887 1737 1939 φω-

154 1959 341 2029 τισμός
366 1976 381 1989 ’
431 1961 527 2013 καὶ
571 1961 727 2033 τρίτη
763 1964 797 2032 ἡ
841 1962 1269 2034 συμπληρωτικὴ
1305 1961 1413 2015 τῶν
1456 1963 1737 2035 προτέρων

154 2049 452 2115 τελείωσις.
481 2051 674 2114 Πάλιν,
700 2054 734 2122 ἡ
756 2052 862 2105 τῶν
890 2053 1185 2124 ἱερουργῶν
1208 2053 1564 2124 διακόσμησις
1589 2052 1738 2126 πρώ-

151 2162 257 2208 τως
296 2145 577 2216 καθαίρει,
622 2141 738 2199 εἷτα
776 2147 1017 2215 φωτίζει,
1058 2147 1152 2200 καὶ
1188 2146 1377 2200 ἔπειτα
1415 2147 1628 2201 τελειοί.
1674 2149 1735 2201 Ol

151 2234 387 2289 διάκονοι⁵
429 2236 808 2308 καθαίρουσιν,
838 2239 885 2289 oi
915 2238 1277 2310 πρεσϐύτεροι
1304 2239 1614 2308 φωτίζουσι,
1644 2242 1737 2293 καὶ

151 2328 198 2378 οἱ
223 2328 518 2381 ἐπίσκοποι
543 2327 831 2383 τελειοῦσι.
866 2329 985 2382 Τῶν
1011 2330 1067 2382 δὲ
1089 2331 1425 2401 τελουμένων
1450 2334 1497 2386 oi
1525 2332 1734 2403 πρῶτοι

154 2417 507 2490 καθαίρονται
548 2418 637 2471 διὰ
666 2421 1037 2491 κατηχήσεων,
1062 2423 1109 2474 οί
1142 2421 1379 2494 δεύτεροι
1416 2424 1736 2492 φωτίζονται

152 2506 236 2560 διά
265 2508 362 2560 τοῦ
392 2507 792 2579 βαπτίσματος,
840 2511 934 2564 καὶ
971 2513 1019 2564 οί
1054 2513 1227 2583 τρίτοι
1269 2513 1596 2568 τελειοῦνται
1639 2516 1735 2588 τὴν

152 2600 504 2672 τελειωτικὴν
549 2602 859 2672 ἐπιστήμην
882 2601 1269 2672 λαμϐάνοντες,
1296 2599 1371 2658 ὧν
1412 2607 1469 2659 ὲν
1508 2606 1586 2677 τῷ
1625 2623 1737 2675 φω-

153 2691 329 2760 τισμῷ
379 2691 581 2762 θεωροὶ
625 2692 985 2761 ἐγεγόνεισαν,
1028 2696 1087 2745 ὲν
1134 2695 1393 2765 μετουσίᾳ
1436 2696 1535 2766 τῆς
1587 2696 1737 2760 θείας

157 2781 523 2854 Εὐχαριστίας
564 2783 854 2854 γινόμενοι.
893 2785 965 2837 Τὸ
1005 2781 1100 2839 οὖν
1128 2787 1342 2857 τριττὸν
1381 2787 1482 2858 τῆς
1517 2787 1625 2840 τῶν
1650 2805 1739 2843 τε·

154 2872 319 2927 λετῶν
332 2876 650 2948 ἱερουργίας
668 2878 934 2947 ὑμνεῖται·
954 2877 1015 2930 τὸ
1030 2876 1137 2950 γὰρ
1150 2878 1288 2932 θεῖον
1303 2879 1588 2951 βάπτισμα
1603 2881 1737 2934 ἀπε-

1917 1397 1948 1471 §
1982 1398 2067 1457 ΙΙΙ.
2094 1398 2269 1457 liabet
2289 1410 2471 1457 autem
2494 1402 2660 1457 etiam
2687 1403 2804 1474 ipsa
2833 1404 3099 1476 triplicem
3134 1407 3275 1465 banc
3306 1411 3425 1466 hie-

1849 1492 2156 1548 rarchicam
2190 1495 2623 1562 distinctionem,
2660 1497 2835 1553 divisa
2878 1499 2932 1553 in
2971 1504 3253 1573 mysteria,
3279 1514 3335 1559 et
3368 1506 3423 1560 in

1848 1581 2154 1639 divinorum
2186 1588 2575 1657 mysteriorum
2606 1589 2966 1647 administros
2998 1608 3063 1649 ac
3089 1598 3424 1664 sacerdotes,

1843 1680 1899 1725 et
1928 1672 1979 1725 in
2013 1675 2205 1730 tertios
2237 1676 2357 1731 illos
2383 1678 2477 1747 qui
2507 1678 2575 1732 ab
2606 1678 2690 1733 his
2720 1680 2789 1735 ad
2818 1696 2976 1737 sacra
3010 1696 3423 1753 promoventur.

1839 1762 2110 1831 Qumlibet
2140 1778 2321 1822 autem
2354 1770 2549 1824 borum
2577 1771 2789 1827 functio
2815 1774 2997 1830 denuo
3023 1776 3310 1846 tripliciter
3337 1781 3423 1835 di-

1837 1857 2061 1912 viditur.
2089 1856 2462 1915 lnitiationum
2495 1861 2678 1930 itaque
2715 1865 2893 1933 prima
2924 1877 3011 1922 est
3035 1868 3298 1940 expiatio,
3331 1887 3424 1928 se-

1838 1950 2058 2014 cunda,
2108 1952 2452 2020 expiatorum
2513 1954 2875 2025 illuminatio,
2929 1967 2985 2014 et
3043 1963 3248 2030 tertia,
3300 1979 3423 2034 qua:

1837 2040 2051 2108 priores
2095 2043 2333 2113 complet
2383 2045 2667 2114 perfectio.
2719 2047 2851 2104 ltem
2900 2051 3038 2107 ordo
3084 2053 3418 2112 initiantium

1836 2130 2074 2200 primum
2102 2133 2305 2203 expiat,
2326 2133 2526 2190 deinde
2554 2136 2842 2204 illuminat,
2867 2155 2932 2195 ac
2958 2151 3145 2211 postea
3175 2146 3413 2214 perﬁcit;

1837 2222 2052 2277 diaconi
2109 2225 2353 2294 expiant,
2402 2227 2714 2283 sacerdotes
2754 2229 3080 2296 illuminant,
3109 2233 3275 2305 244
3296 2238 3416 2304 epi-

1837 2314 1987 2382 scopi
2045 2315 2355 2382 perficiunt.
2403 2316 2603 2372 Eorum
2662 2328 2845 2375 autem
2916 2323 3009 2392 qui
3077 2325 3411 2394 initiantur,

1837 2406 1999 2473 primi
2045 2407 2335 2476 expiantur
2371 2423 2468 2477 per
2505 2411 3082 2476 catecltesin,secundi
3107 2414 3419 2471 illuminan-

1852 2498 1941 2543 tur
1968 2506 2065 2562 per
2094 2491 2445 2562 baptismum,
2476 2505 2535 2550 et
2566 2498 2711 2551 tertii
2737 2499 3261 2568 perficiuntur,cum
3287 2520 3412 2575 per-

1838 2580 2088 2637 fectivam
2139 2584 2427 2639 scientiam
2483 2587 2759 2657 accipiunt
2801 2605 2990 2646 eorum
3044 2607 3166 2663 qua:
3215 2595 3271 2651 in
3318 2597 3415 2652 ba-

1838 2673 2036 2741 ptismo
2062 2687 2486 2745 conspexerunt,
2524 2679 2721 2734 divinae
2745 2682 3093 2739 eucharistia:
3117 2689 3413 2757 participes

1837 2764 2033 2819 efl'ccti.
2060 2765 2277 2836 Triplex
2303 2768 2490 2838 itaque
2516 2782 2985 2827 sacramentorum
3014 2789 3172 2829 sacra
3204 2776 3416 2833 functio

1837 2855 2191 2914 celebratur:
2246 2874 2370 2913 nam
2422 2861 2641 2916 divinus
2687 2864 2992 2934 baptismus
3029 2877 3283 2931 ostensus
3328 2881 3414 2926 est

152 2965 336 3037 ὰίχθη
380 2968 476 3021 καὶ
519 2968 788 3039 κάθαρσις
828 2969 921 3020 καὶ
960 2970 1266 3041 φωτισμός⁶
1315 2972 1348 3042 ἡ
1385 2972 1443 3025 δὲ
1482 2970 1734 3026 κοινωνία

1886 2964 1961 3003 sse
1993 2951 2235 3018 expiatio
2280 2962 2340 3007 et
2392 2953 2738 3018 illnminatio,
2777 2960 3179 3016 communionis
3228 2973 3410 3031 autem

153 3054 252 3124 τῇς
279 3056 657 3127 μεταλήψεως,
678 3058 771 3109 καὶ
794 3058 827 3129 ἡ
849 3056 942 3111 τοῦ
968 3058 1137 3129 μύρου
1161 3058 1370 3131 τελετὴ,
1396 3061 1495 3132 τῆς
1512 3061 1734 3114 τελειω-

154 3145 309 3214 τικῆς
339 3144 598 3212 γνώσεως
636 3146 729 3198 καὶ
773 3148 1086 3219 ἐπιστήμης
1128 3144 1238 3203 εἷεν
1273 3151 1647 3223 γνωρίσματα,
1669 3151 1737 3206 δι’

152 3229 220 3305 ἧς
257 3236 422 3306 ίερὼς
450 3238 483 3307 η
510 3237 650 3309 πρὸς
675 3237 766 3290 τὸν
806 3237 937 3291 Θεὸν
967 3241 1220 3294 κοινωνία
1258 3240 1735 3315 τελεσιουργεῖται.

224 3327 251 3398 §
276 3326 366 3380 1V.
400 3329 516 3381 Νῦν
540 3329 597 3381 δὲ
627 3330 872 3402 περὶτῆς
896 3333 1175 3403 ἱερατικῆς
1197 3332 1416 3388 λεκτέον
1437 3335 1737 3408 διακοσμή-

157 3435 315 3482 σεως,
339 3420 432 3473 κοιλ⁵
458 3419 665 3491 ταύτης
688 3423 1068 3497 διαιρουμένης
1087 3425 1307 3497 τριχῶς,
1334 3428 1414 3491 είς
1448 3428 1734 3500 κάθαρσιν,

155 3513 232 3573 εἰς
261 3513 561 3583 φωτισμὸν,
590 3515 669 3577 είς
693 3514 968 3570 τελείωσιν
993 3533 1005 3546 ·
1046 3516 1207 3587 νόμος
1246 3520 1391 3572 ἐστὶν
1414 3515 1567 3584 οὗτος
1590 3522 1737 3578 ἀπά·

158 3616 254 3670 σης
281 3602 565 3672 ίεραρχίας
608 3604 882 3675 πανίερος,
926 3606 988 3658 τὸ
1012 3607 1099 3660 διὰ
1125 3608 1231 3661 τῶν
1268 3608 1497 3680 πρώτων
1521 3610 1591 3664 τὰ
1618 3611 1737 3665 δεύ-

156 3708 288 3762 τερα
328 3694 651 3763 ἀνάγεσθαι.
682 3698 753 3748 Ἢ
792 3697 900 3769 γὰρ
925 3700 984 3752 οὐ
1024 3700 1179 3753 τοῦτο
1204 3700 1492 3772 βλέπομεν,
1521 3704 1615 3756 καὶ
1644 3704 1736 3756 ἐπὶ

157 3782 225 3832 τὰ
245 3783 478 3854 αἰσθητά
501 3782 678 3836 ταῦτα
703 3786 796 3838 καὶ
820 3787 1009 3858 όρατά;
1031 3787 1223 3859 (ταῦτα
1249 3789 1356 3861 γὰρ
1383 3792 1618 3860 στοιχεῖα
1643 3806 1737 3843 κα-

155 3864 238 3924 λεῖ
256 3878 296 3944 ’)
321 3874 394 3938 ὡς
418 3876 513 3928 ἐπὶ
535 3874 631 3928 τοῦ
658 3876 810 3929 ὑέλου
836 3877 980 3931 ἐστιν
1025 3879 1149 3932 ἰδεῖν
1174 3880 1235 3932 τὸ
1261 3880 1376 3949 φῶς
1414 3881 1733 3951 δεχομένου,

158 3964 250 4015 καὶ
286 3963 427 4017 οὕτω
466 3965 826 4034 φωτίζοντος·
870 3969 963 4020 καὶ
1000 3970 1090 4023 ἐπὶ
1111 3969 1205 4023 τοῦ
1234 3971 1422 4041 πυρὸς,
1460 3973 1598 4040 ὅπερ
1641 3972 1736 4025 καὶ

159 4054 415 4126 πρότερον
438 4058 541 4127 τῆς
569 4058 1017 4129 εὐκαταπρήστου
1045 4060 1176 4133 ὕλης
1200 4063 1601 4134 ἐπιδράττεται,
1641 4065 1734 4118 καὶ

155 4144 242 4199 διὰ
275 4148 477 4220 ταύτης
516 4147 619 4213 τάς
646 4150 1052 4222 ἀνεπιτηδείους
1078 4155 1213 4225 πρὸς
1258 4156 1543 4226 μετουσίαν
1569 4156 1731 4211 αὐτοῦ

158 4238 342 4307 φύσεις
365 4242 619 4313 ὲκπυροῖ.
648 4243 745 4296 Διὰ
771 4244 928 4297 τοῦτο
950 4246 1043 4298 καὶ
1083 4246 1261 4319 πάσης
1286 4248 1602 4320 εὐκοσμίας,
1632 4247 1732 4302 κᾶν

1841 3042 2181 3111 participatio
2205 3052 2261 3098 et
2288 3045 2546 3114 unguenti
2576 3047 2963 3118 mysteriorum
2997 3052 3250 3108 notiones
3281 3067 3407 3109 sunt

1840 3131 2155 3200 perfectivm
2202 3136 2530 3205 cognitionis
2581 3147 2746 3207 atque
2792 3141 3059 3208 scientiae,
3087 3158 3194 3213 qua
3222 3159 3414 3201 sacro-

1839 3238 2028 3282 sancte
2059 3228 2244 3282 divina
2271 3231 2586 3284 communio
2616 3233 2949 3287 celebratur.

1908 3316 1936 3387 §
1967 3316 2053 3372 IV.
2085 3316 2239 3373 Nunc
2284 3328 2465 3373 autem
2511 3322 2578 3375 de
2604 3322 2981 3379 ecclesiastico
3007 3324 3198 3395 ordine
3226 3328 3413 3383 dicen-

1837 3408 1967 3462 dum
1999 3418 2104 3473 est,
2134 3411 2223 3478 qui
2256 3425 2381 3464 cum
2411 3412 2577 3465 etiam
2613 3412 2906 3482 trifariam,
2935 3414 2990 3470 in
3018 3418 3405 3486 expiationem,

1834 3500 2317 3571 illuminationem,
2368 3503 2761 3573 perfectionem
2811 3507 3082 3563 dividatur
3113 3526 3129 3576 ;
3160 3511 3245 3565 lex
3297 3512 3411 3568 haec

1838 3605 2185 3649 sacrosancta
2232 3604 2316 3651 est
2363 3596 2545 3651 omnis
2594 3598 2939 3667 bierarcltiaz,
2977 3608 3037 3657 ut
3086 3615 3183 3669 per
3230 3603 3412 3672 prima

1838 3690 2073 3744 secunda
2113 3690 2472 3746 adducantur.
2515 3691 2733 3748 Annon‘
2767 3694 2933 3748 etiam
2980 3692 3111 3750 illud
3145 3696 3200 3751 in
3248 3696 3411 3752 rebus

1835 3782 2185 3837 Sensibllibus
2221 3792 2277 3837 et
2324 3785 2745 3853 aspectabilibus
2774 3786 3059 3843 videmus?
3090 3788 3228 3857 (haec
3265 3793 3411 3846 enim

1835 3873 2103 3928 elementa
2135 3876 2311 3943 vocat)
2341 3884 2400 3927 ut
2443 3875 2496 3928 in
2533 3876 2675 3929 vitro
2723 3877 3035 3947 perspicere
3092 3880 3237 3942 licet,
3267 3884 3411 3950 quod

1834 3964 2001 4018 solem
2052 3966 2265 4033 recipit,
2309 3973 2475 4032 atque
2520 3966 2623 4021 hoc
2673 3967 2837 4022 modo
2896 3966 3203 4039 illuminat;
3252 3983 3309 4028 et
3354 3975 3410 4029 in

1836 4054 1981 4125 igne,
2017 4055 2110 4124 qni
2148 4056 2297 4125 prius
2344 4057 2411 4109 ad
2459 4058 2768 4121 materiam,
2797 4073 2920 4127 qua:
2955 4058 3118 4115 facile
3163 4065 3409 4120 comburi

1836 4156 2035 4218 potest,
2068 4146 2297 4211 accedit,
2329 4155 2388 4200 et
2429 4162 2525 4217 per
2554 4146 2699 4202 hanc
2728 4148 2895 4204 etiam
2937 4151 3117 4206 minus
3149 4163 3303 4221 aptas
3339 4158 3407 4211 ad

1830 4256 1961 4297 .ennt
2011 4239 2379 4306 recipiendum
2433 4248 2654 4293 naturas
2701 4241 2904 4296 exurit.
2939 4240 3149 4299 Idcirco
3193 4260 3413 4316 quoque

156 4332 251 4401 τὴν
272 4333 532 4406 οὐρανίαν
568 4333 750 4407 εἴπης,
783 4336 886 4389 κᾶν
920 4336 1018 4408 τὴν
1058 4337 1159 4390 καθ
1179 4339 1191 4356 ’
1216 4341 1382 4411 ἡμᾶς,
1413 4344 1446 4414 η
1472 4340 1612 4413 ἀρχὴ
1640 4341 1733 4394 καὶ

1886 4332 2019 4388 mnis
2068 4342 2229 4395 recta:
2275 4333 2662 4400 ordinationis,
2695 4334 2811 4389 sive
2842 4335 3119 4391 cmlestem
3169 4339 3285 4394 sive
3313 4356 3411 4394 no-

158 4424 191 4492 ἡ
215 4424 416 4495 ὥρυσις
440 4429 521 4489 είς
564 4428 691 4490 τοὺς
716 4427 962 4499 πρώτους
988 4430 1282 4495 ἐνδίδωσιν,
1306 4432 1445 4486 ὥστε
1475 4434 1610 4487 ίέναι
1634 4433 1732 4497 τὰς

157 4514 302 4579 θείας
341 4518 570 4581 ἀκτῖνας
591 4557 607 4581 ,
638 4520 730 4571 καὶ
764 4518 854 4574 διὰ
890 4520 1095 4575 τούτων
1135 4524 1228 4576 καί¹
1262 4526 1376 4589 τοῖς
1426 4525 1735 4596 ὑφειμένοις

157 4606 521 4676 ἐπιφαίνεται.

210 4700 236 4771 §
256 4699 319 4754 V.
336 4701 558 4755 Τούτων
573 4702 682 4755 τῶν
699 4703 926 4775 πρῶτων
948 4707 1063 4761 ἐστὶ
1079 4708 1139 4762 τὸ
1157 4713 1270 4774 τοῖς
1281 4712 1553 4783 δευτέροις
1569 4708 1733 4779 ἀφθόι

156 4810 257 4857 νως
284 4795 624 4864 μεταδιδόναι
644 4789 717 4848 ὧν
729 4798 879 4851 αὐτοὶ
902 4800 1178 4872 μετέσχον.
1195 4804 1403 4857 Οὐκοῦν
1425 4807 1458 4876 η
1477 4804 1594 4857 θεία
1628 4804 1736 4856 τῶν

158 4883 422 4954 ίεραρχῶν
437 4885 594 4949 τάξις
612 4885 799 4957 πρώτη
819 4888 934 4942 ἐστὶ
950 4891 1042 4943 καὶ
1057 4892 1352 4963 ἀκροτάτη,
1372 4894 1465 4947 καὶ
1481 4894 1679 4964 ἐσχάτη
1702 4895 1735 4963 ὴ

154 4975 284 5045 αὐτή
305 4992 321 5006 ο
340 4976 556 5048 πρώτη,
574 4977 657 5029 ὅτι
672 4978 728 5044 ἐξ
744 4979 955 5052 ἐκείνης
969 4985 1079 5045 τοῖς
1096 4983 1271 5049 ἄλλοις
1290 4984 1655 5054 μεταδίδονται
1668 4983 1736 5036 τά

152 5069 323 5121 οἰκεῖα
342 5085 357 5099 ο
390 5071 620 5141 ἐσχάτη,
651 5070 730 5123 ότι
754 5073 831 5135 εἰς
860 5074 1026 5143 αὐτὴν
1050 5076 1383 5147 ἀποτελευτᾷ
1408 5079 1554 5130 πᾶσα
1583 5077 1736 5147 ἱερα-

152 5160 274 5230 τικὴ
299 5161 682 5233 διακόσμησις.
713 5164 919 5236 Ὥσπερ
956 5166 1062 5238 γάρ
1089 5170 1241 5222 πᾶσα
1265 5168 1515 5241 ἱεραρχία
1538 5171 1617 5233 είς
1642 5169 1733 5222 τὸν

154 5251 379 5324 Σωτῆρα
401 5254 566 5325 ἡμῶν
600 5255 801 5326 Ἰησοῦν
821 5258 1049 5328 Χριστὸν
1073 5260 1504 5331 ἀπηπληροῦται,
1526 5262 1554 5313 ό
1584 5259 1733 5331 πρώ-

154 5358 329 5409 τιστος
373 5346 485 5417 γὰρ
526 5347 789 5418 ίεράρχης
826 5343 977 5412 οὐτός
1015 5350 1193 5403 ἐστιν’
1220 5350 1362 5405 οὑτω
1388 5350 1481 5402 καὶ
1523 5350 1727 5420 ἑκάστη

154 5437 405 5509 ίεραρχία
431 5443 515 5502 είς
540 5440 633 5492 τὸν
657 5442 853 5493 οἰκεῖον
881 5442 1137 5515 ἱεράρχην
1163 5444 1259 5515 τὴν
1285 5442 1566 5515 ἀναφορὰν
1592 5442 1729 5513 ἔχει,

155 5536 225 5601 ὡς
257 5540 422 5594 αὐτοῦ
459 5539 552 5593 διὰ
590 5539 697 5594 τῶν
724 5541 814 5595 ὐπ’
856 5541 1015 5596 αὐτὸν
1048 5544 1340 5615 ταγμάτων
1378 5542 1553 5597 πάντα
1584 5546 1733 5615 ἐνερ-

226 5740 245 5779 ι
274 5740 469 5795 Matth.
502 5755 554 5801 ν,
596 5738 676 5796 l7.

356 5837 636 5895 PtTROt.
673 5836 785 5892 Gn.
828 5835 933 5895 lll.

1836 4437 2008 4481 stram
2041 4424 2268 4493 dixeris,
2303 4425 2629 4495 principium
2660 4440 2725 4483 ac
2770 4429 2929 4483 sedes
2960 4427 3015 4483 in
3072 4431 3277 4498 primos
3324 4448 3412 4485 or-

1835 4523 1991 4576 dines
2034 4520 2248 4577 divinos
2297 4537 2425 4577 suos
2475 4524 2656 4579 radios
2703 4526 2924 4592 emittit,
2968 4535 3136 4596 atque
3168 4542 3271 4597 per
3314 4527 3415 4583 bos

1833 4629 2050 4683 quoque
2077 4613 2427 4671 inferioribus
2452 4617 2699 4674 collucet.

1828 4693 1835 4705 ’
1905 4706 2027 4777 5V.
2076 4706 2275 4762 llorum
2331 4711 2628 4778 primorum
2682 4720 2787 4775 est,
2840 4710 3240 4781 posterioribus
3289 4710 3409 4766 sine

1837 4800 2039 4856 invidia
2088 4802 2495 4857 communicare
2537 4803 2626 4856 illa
2661 4817 2891 4870 quorum
2937 4802 3039 4871 ipsi
3080 4810 3209 4856 sunt
3236 4807 3409 4872 parti-

1837 4893 2008 4960 cipes.
2042 4892 2224 4961 Itaque
2264 4892 2479 4948 divinus
2526 4893 2660 4948 ordo
2697 4892 3013 4962 pontificum
3045 4892 3187 4947 idem
3236 4904 3322 4948 est
3355 4906 3414 4949 et

1840 4986 2051 5056 primus
2075 4994 2131 5041 et
2157 5000 2464 5054 supremus,
2498 4994 2552 5039 et
2591 4985 2812 5038 ultimus
2850 5000 2866 5039 ι
2896 4986 3125 5055 primus,
3152 4988 3409 5054 quoniam

1832 5094 1899 5132 ex
1944 5092 2012 5131 eo
2035 5079 2247 5133 caeteris
2278 5093 2399 5147 quae
2429 5079 2647 5145 propria
2669 5086 2799 5130 sunt
2823 5079 3128 5141 donantur;
3158 5076 3407 5143 ultimus,

1830 5171 2090 5241 quoniam
2123 5172 2176 5225 in
2201 5171 2374 5241 ipsum
2399 5170 2580 5225 omnis
2603 5170 3006 5225 ecclesiaslicus
3030 5171 3165 5224 ordo
3187 5170 3408 5227 desinit.

1830 5267 2302 5335 Quemadmodum
2332 5266 2476 5321 enim
2503 5267 2813 5321 hierarcbia
2841 5267 3021 5321 omnis
3043 5267 3095 5320 in
3122 5267 3410 5323 Salvatore

1830 5371 2023 5417 nostro
2071 5362 2198 5418 Jesu
2230 5360 2455 5417 Christo
2493 5371 2924 5421 consummatur,
2958 5370 3018 5415 ut
3060 5364 3151 5428 qui
3198 5359 3388 5429 primu

1837 5454 2124 5508 ltierarclta
2174 5461 2290 5517 est;
2336 5454 2415 5509 sic
2463 5454 2629 5507 etiam
2684 5452 2941 5521 quaelibet
2998 5450 3303 5505 bierarcltia
3355 5450 3390 5510 it

1835 5548 2115 5617 proprium
2148 5562 2303 5603 suum
2349 5547 2693 5603 lticrarcham
2727 5546 2982 5609 refertur,
3014 5553 3071 5597 nt
3106 5544 3195 5612 qui
3224 5542 3373 5597 omni

3102 5840 3173 5898 17
