3728 6304
359 285 464 340 59.3

1515 282 1571 338 S.
1615 281 1905 337 DIONYSII
1946 280 2408 337 AREOPAGITA‘Z

3499 285 3613 339 5‘21

360 417 457 468 per
481 398 698 452 ordines
740 398 840 452 sibi
872 398 1116 453 subditos
1154 408 1433 466 operetur,
1462 399 1658 467 quibus
1697 398 1926 466 praebuit

2119 397 2266 461 Mog,
2285 392 2367 461 οἷς
2388 397 2481 450 καὶ
2506 397 2742 468 παρέσχε
2775 399 2873 471 τὴν
2895 399 3122 471 δύναμιν
3143 398 3237 454 τοῦ
3264 399 3441 454 ταῦτα
3465 404 3553 456 ὲνε
3562 422 3617 475 ρ-

362 500 682 561 potestatem
714 488 828 543 haec
857 490 1047 559 agendi
1079 489 1357 559 (ὁλότητας
1386 488 1530 542 enim
1560 498 1715 543 vocat
1743 502 1930 542 omnes

361 582 607 645 ordines,
640 580 716 633 uti
747 579 905 648 paulo
931 590 1051 650 post
1073 579 1356 649 explicat);
1387 589 1626 633 attamen
1662 579 1930 648 przccipne

362 673 625 742 pontiﬁci,
657 680 713 725 ut
760 672 988 740 ipsemet
1040 683 1287 742 peragat,
1319 683 1373 725 et
1429 687 1531 726 non
1562 686 1657 740 per
1698 671 1927 724 aliorum

346 764 750 827 ministerium,
780 762 1040 817 attributa
1076 773 1159 817 est
1184 763 1442 832 unguenti
1476 761 1851 826 sanctiﬁcatio,
1876 770 1932 816 et

361 856 553 910 altaris
591 855 955 917 consecratio,
987 865 1041 910 et
1082 854 1580 910 ecclesiasticbrum
1623 857 1923 921 ordinatio,

362 964 481 1019 quae
525 948 687 1002 etiam
723 946 1074 1016 perfectionis
1108 945 1412 1001 effectrices
1444 947 1705 1017 imagines
1732 948 1929 1000 divinae

361 1040 646 1109 pozestatis
680 1038 896 1093 vocavit
944 1056 957 1091 :
989 1038 1069 1091 ha:
1106 1039 1249 1092 enim
1295 1046 1424 1092 sunt
1446 1052 1564 1107 quae
1592 1035 1926 1092 divinissima

359 1145 588 1198 qumque
612 1126 855 1198 symbola
875 1126 1178 1196 perﬁciunt.
1196 1126 1305 1180 Nisi
1325 1126 1467 1180 enim
1485 1127 1554 1180 sit
1573 1136 1925 1197 unguentum,

364 1221 463 1273 nisi
513 1222 584 1274 sit
624 1220 816 1282 altare,
868 1218 974 1273 nisi
1024 1217 1096 1273 sit
1142 1217 1303 1289 255
1351 1232 1600 1272 summus
1650 1219 1925 1281 sacerdos,

364 1313 497 1366 nihil
529 1312 692 1366 etiam
724 1312 868 1380 quod
902 1311 973 1365 sit
1001 1312 1245 1365 muneris
1276 1310 1630 1365 sacerdotalis
1678 1313 1927 1379 perﬁcie-

364 1415 470 1458 tur.
512 1404 740 1469 Deinde,
786 1418 849 1456 ac
899 1403 941 1455 si
977 1402 1098 1471 quis
1137 1400 1421 1469 objiceret,
1467 1402 1739 1470 quomodo
1767 1402 1927 1453 etiam

362 1496 627 1563 baptisma
660 1510 758 1563 per
804 1493 1113 1549 sacerdotes
1142 1493 1377 1547 conferri
1410 1494 1601 1563 possit,
1627 1494 1721 1557 ait,
1755 1507 1929 1559 neque

365 1589 468 1643 hoc
496 1589 662 1642 etiam
693 1585 932 1656 perfecte
963 1600 1060 1653 per
1086 1599 1145 1639 se
1170 1585 1505 1639 sacerdotem
1528 1584 1774 1654 operari;
1808 1600 1925 1635 nam

361 1691 418 1735 et
452 1680 694 1734 antistite
721 1694 855 1748 opus
886 1678 1009 1744 erit,
1040 1688 1099 1731 ut
1135 1687 1409 1748 unguento
1435 1678 1662 1747 inungat
1686 1677 1931 1747 baptiza-

2031 491 2145 558 γεῖν
2172 488 2448 560 (ὁλότητας
2474 490 2581 562 γὰρ
2606 492 2783 556 πάσας
2804 492 2901 556 τὰς
2923 492 3104 557 τάξεις
3130 494 3315 564 φησὶν,
3342 494 3421 557 ὼς
3447 495 3615 559 εὐθὺς

2034 581 2428 653 ὲπεξηγεῖται)·
2462 584 2599 648 τέως
2641 583 2697 637 δὲ
2724 584 2872 655 ὅμως
2913 584 3206 656 ἐξαιρέτως
3249 584 3329 655 τῷ
3376 587 3615 658 ἱεράρη

2031 674 2165 745 πρὸς
2193 674 2535 745 αὐτουργίαν,
2578 678 2670 729 καὶ
2713 678 2771 730 οὐ
2811 676 2896 729 διὰ
2917 677 3017 747 τῆς
3052 678 3249 749 ἐτέρων
3279 679 3613 749 ὑπουργίας,

2032 763 2477 834 ἀποκεκλήρωται
2504 767 2532 817 6
2565 764 2657 817 τοῦ
2696 765 2865 837 μύρου
2907 767 3192 838 ἁγιασμὸς,
3232 769 3264 839 ή
3292 767 3390 820 τοῦ
3418 769 3613 822 θυσιαο

2033 855 2253 926 πηρίου
2284 856 2626 928 καθιέρωσις,
2658 860 2749 911 καὶ
2772 860 2933 931 ἡτῶν
2964 861 3251 931 ίερατικῶν
3278 862 3612 933 χειροτονία,

2032 950 2186 1003 ἅτινα
2212 948 2304 1001 καὶ
2337 948 2753 1021 τελεσιουργοὺς
2777 954 2988 1017 είκόνας
3014 954 3111 1025 τῆς
3151 954 3300 1018 θείας
3321 955 3614 1025 δυνάμεως

2032 1042 2370 1098 ἀπεκάλεσεν
2394 1060 2407 1073 °
2436 1045 2594 1098 αὐταὶ
2617 1046 2724 1115 γάρ
2750 1048 2884 1100 είσιν
2909 1050 2962 1100 αἱ
2988 1048 3402 1102 ἀππελειοῦσαι
3432 1050 3617 1103 πάντα

2027 1133 2098 1186 τὰ
2123 1135 2367 1188 θειότατα
2397 1135 2654 1206 σύμϐολα.
2680 1138 2741 1193 El
2775 1137 2882 1210 γὰρ
2910 1140 2981 1210 μὴ
3013 1140 3198 1212 μύρον,
3225 1143 3273 1194 εί
3301 1142 3378 1213 μὴ
3420 1141 3615 1194 θυσια-

2032 1228 2270 1297 στήριον,
2290 1230 2335 1280 εί
2363 1228 2435 1299 μὴ
2460 1229 2767 1299 ἀρχιερεὺς,
2795 1231 2893 1283 οὐκ
2919 1231 2982 1284 ἄν
3005 1247 3057 1283 τι
3084 1232 3357 1302 ἱερατικὸν
3385 1233 3616 1302 ἐνεργη-

2029 1316 2268 1389 θήσεται.
2302 1315 2433 1372 Εἶτα
2470 1319 2656 1392 ῶσπερ
2693 1323 2838 1386 τινὸς
2876 1322 3360 1394 ἀνθυποφέροντος,
3408 1325 3489 1376 ὅτι
3522 1326 3616 1376 καὶ

2029 1408 2147 1472 πῶς
2187 1408 2465 1482 βάπτισμα
2501 1411 2589 1465 διὰ
2629 1412 2736 1466 τῶν
2777 1414 2963 1485 ἱερέων
2998 1414 3250 1476 τελεῖται,
3297 1417 3487 1485 φησιν,
3531 1417 3614 1468 ὅτι

2029 1500 2148 1552 οὐδὲ
2171 1500 2327 1554 τοῦτο
2353 1502 2569 1566 τελείως
2594 1505 2804 1574 ἐνεργεῖ
2824 1507 2851 1558 6
2877 1505 3243 1577 πρεσϐύτερος
3268 1524 3282 1536 ·
3314 1509 3478 1578 χρεία
3504 1509 3615 1578 γὰρ

2028 1589 2121 1642 τοῦ
2149 1592 2444 1662 ἀρχιερέως
2468 1592 2637 1655 ἔσται,
2658 1595 2735 1655 είς
2757 1594 2816 1645 τὸ
2841 1597 3019 1665 χρῖσαι
3056 1595 3132 1665 τῷ
3174 1596 3331 1668 μύρῳ
3376 1599 3472 1650 τὸν
3521 1599 3617 1667 βα-

2030 1682 2319 1736 πτισθέντα
2341 1701 2353 1713 ·
2384 1683 2519 1755 αὕτη
2546 1684 2653 1756 γὰρ
2693 1682 2759 1758 ἦν
2786 1689 2816 1758 ἡ
2857 1688 3055 1759 ἀρχαία
3096 1690 3372 1759 συνήθεια.
3404 1691 3536 1754 Πῶς
3560 1691 3614 1742 δὲ

366 1782 511 1837 tum,
551 1772 816 1840 siquidem
850 1771 963 1825 lure
996 1771 1217 1836 antiqua
1245 1780 1363 1825 erat
1392 1770 1747 1825 consuetudo.
1780 1769 1925 1836 Quo-

2119 1774 2303 1844 .hOela
2320 1777 2569 1830 κοινωνία
2584 1781 2886 1848 γενήσεται,
2918 1782 2989 1852 μὴ
3018 1782 3409 1853 θυσιαστηρίου
3437 1784 3614 1847 ὄντος

365 1863 526 1917 modo
573 1873 753 1916 autem
798 1862 960 1915 etiam
990 1862 1167 1916 divina
1199 1862 1507 1915 communio
1537 1863 1628 1915 ﬁet
1658 1877 1764 1916 non
1788 1863 1931 1915 exsi-

364 1966 541 2010 stente
589 1953 793 2007 altari?
842 1952 941 2008 Ubi
995 1954 1100 2007 erit
1153 1955 1445 2017 sacerdos,
1497 1954 1599 2008 nisi
1645 1956 1929 2023 episcopus

364 2048 535 2115 ipsum
573 2043 952 2100 ordinaverit?
997 2045 1166 2097 Recte
1198 2043 1377 2113 itaque
1404 2045 1660 2107 diximus,
1694 2045 1792 2098 tria
1819 2046 1933 2099 haec

364 2136 619 2207 mysteria
662 2136 894 2189 virtutes
941 2148 1063 2188 esse
1096 2133 1449 2204 perfecﬁvas,
1490 2145 1547 2188 et
1592 2133 1933 2205 singulariter

371 2228 628 2298 episcopo
675 2226 920 2287 attribui,
958 2227 1007 2278 id
1057 2236 1142 2280 est
1190 2226 1614 2293 particulariter,
1668 2235 1722 2280 et
1769 2225 1935 2280 semel

363 2321 709 2391 simpliciter,
756 2333 861 2373 non
915 2326 1093 2373 autem
1137 2319 1435 2373 secundum
1466 2320 1594 2388 quid
1623 2333 1686 2374 ac
1734 2320 1934 2388 partia-

365 2414 507 2469 liter.

438 2506 465 2577 §
494 2504 582 2559 Vl.
626 2503 892 2571 Quoniam
922 2502 1108 2558 divisit
1137 2503 1568 2560 ecclesiasticum
1600 2494 1844 2562 ordinem
1875 2507 1927 2561 in

368 2598 764 2667 perﬁcientem,
795 2597 846 2649 in
876 2593 1291 2662 illuminantem,
1324 2595 1375 2648 in
1407 2596 1741 2666 expiantem,
1772 2598 1933 2652 modo

377 2688 546 2744 tradit
569 2688 698 2756 quid
726 2687 924 2756 cuique
956 2686 1133 2741 ordini
1169 2688 1551 2756 sitproprium.
1579 2687 1723 2744 Ordo
1754 2690 1934 2761 itaque

372 2779 702 2850 episcopalis
751 2778 1063 2848 perﬁciendi
1117 2780 1166 2833 vi
1214 2778 1398 2846 pollet,
1445 2788 1500 2834 et
1548 2780 1835 2850 perﬁciens
1879 2791 1934 2836 et

370 2872 663 2945 perfectus,
701 2886 766 2925 ac
813 2871 1145 2941 disciplinas,
1196 2870 1544 2942 habitusque,
1592 2887 1658 2927 ac
1706 2873 1932 2928 virtutes

368 2980 648 3020 sacrorum
695 2961 1002 3018 conferens.
1036 2961 1182 3018 Ordo
1226 2978 1353 3017 vero
1400 2963 1778 3030 sacerdotum,
1820 2966 1934 3018 sive

367 3056 825 3127 presbyterorum,
866 3055 1207 3110 illuminandi
1253 3070 1448 3108 munus
1479 3056 1707 3117 obtinet,
1738 3056 1804 3109 ad
1847 3070 1934 3109 sa-

2033 1866 2141 1919 Ποῦ
2167 1867 2222 1919 δὲ
2263 1867 2412 1922 ἔσται
2437 1868 2465 1920 6
2492 1870 2687 1940 ἱερεὺς,
2713 1874 2759 1925 εί
2804 1872 2876 1944 μὴ
2915 1875 3200 1945 ἀρχιερεὺς
3223 1876 3390 1928 αὑτὸν
3432 1894 3619 1947 χειρο-

2030 1960 2243 2029 τονήσει
2269 1976 2281 2023 ;
2310 1960 2504 2025 Καλῶς
2527 1960 2632 2032 ἄρα
2658 1962 2936 2034 ἐλέγομεν,
2963 1967 3043 2018 ὅτι
3068 1965 3240 2019 ταῦτα
3263 1966 3334 2019 τά
3356 1969 3489 2038 τρία
3524 1988 3618 2039 μυ-

2035 2052 2231 2121 στήρια
2256 2052 2684 2124 τελεσιουργικαὶ
2708 2053 2961 2125 δυνάμεις
2984 2057 3107 2118 είσὶ,
3134 2058 3227 2109 καὶ
3271 2057 3502 2120 ἐνιαίως
3539 2057 3617 2127 τῷ

2034 2142 2277 2214 ἀρχιερεῖ
2316 2144 2801 2216 ἀπεκληρώθησαν,
2829 2146 2971 2199 τοῦτ’
2996 2148 3111 2200 ἔστι
3154 2149 3481 2222 μονομερῶς
3522 2154 3617 2204 καὶ

2035 2234 2388 2302 ἁπαξαπλῶς,
2413 2239 2506 2290 καὶ
2530 2239 2589 2291 ού
2618 2239 2759 2293 κατά
2779 2257 2832 2293 τι
2856 2242 2949 2293 καὶ
2982 2241 3240 2313 μερικῶς.

2106 2495 2242 2568 ἔνι.
2281 2497 2431 2552 Ἐπεὶ
2470 2498 2628 2552 διεῖλε
2668 2497 2764 2570 τὴν
2809 2500 3083 2573 ἱερατικὴν
3124 2501 3498 2575 διακόσμησιν
3536 2508 3615 2571 εἰς

2032 2590 2398 2662 τελειωτικὴν,
2448 2594 2527 2655 είς
2571 2594 2919 2666 φωτιστικὴν,
2969 2597 3049 2658 είς
3098 2596 3467 2667 καθαρτικὴν,
3514 2598 3613 2669 ἥδη

2034 2681 2215 2734 δίδωσι
2238 2679 2301 2733 τὸ
2320 2684 2516 2735 οἰκεῖον
2546 2684 2748 2756 ἑκάστῃ
2774 2684 2943 2748 τάξει.
2984 2684 3047 2737 Ἢ
3084 2684 3215 2754 γοῦν
3240 2688 3614 2759 ἀρχιερατικὴ

2033 2772 2131 2845 τὴν
2151 2773 2495 2846 τελειωτικὴν
2523 2774 2631 2846 ἔχει
2666 2776 2909 2847 δύναμιν,
2934 2778 3384 2850 τελεσιουργοῦσα
3411 2782 3483 2835 τὰ
3525 2799 3613 2834 τε-

2036 2866 2343 2937 λεσιουργά,
2371 2867 2463 2920 καὶ
2485 2867 2804 2920 διδάσκουσα
2829 2869 3141 2950 τάςαὲπιστή
3152 2887 3267 2959 μαῆ
3283 2872 3397 2925 τῶν
3429 2872 3610 2942 ἱερῶν,

2036 2959 2130 3011 καὶ
2161 2957 2261 3021 τὰς
2294 2959 2454 3024 ἕξεις,
2496 2958 2708 3020 καὶτὰς
2746 2959 3032 3030 δυνάμεις·
3071 2964 3103 3032 ἠ
3139 2961 3197 3013 δὲ
3243 2957 3355 3013 τῶν
3397 2964 3611 3032 ἱερέων,

2038 3049 2202 3119 ἤγουν
2237 3049 2345 3102 τῶν
2371 3050 2773 3122 πρεσϐυτέρων,
2799 3034 2948 3115 τάξιν
2971 3050 3068 3123 τὴν
3110 3053 3455 3125 φωτιστικὴν
3482 3056 3611 3124 ἔχει,

367 3163 583 3202 crorum
613 3156 967 3217 conspectum
990 3146 1361 3201 manudncens
1385 3160 1477 3200 eos
1505 3146 1595 3215 qui
1626 3146 1930 3211 initiantur,

2128 3117 2449 3210 ραγωγοῦσα
2500 3142 2579 3204 είς
2624 3117 2722 3205 τὰς
2767 3142 2993 3211 ὲποψίας
3026 3117 3165 3206 ,τους
3212 3117 3611 3213 τελουμένους,

368 3238 493 3292 dum
543 3237 717 3291 sacris
764 3236 981 3306 quidem
1016 3238 1129 3305 ipse
1157 3244 1438 3304 operatur,
1489 3246 1544 3291 et
1599 3251 1696 3305 per
1743 3252 1935 3291 manus

368 3330 715 3382 sacerdotum
742 3328 959 3398 prepria
993 3327 1291 3382 divinitatis
1335 3342 1501 3396 opera
1546 3328 1765 3383 exhibet
1797 3345 1810 3381 :
1839 3343 1933 3383 ve-

372 3435 488 3473 rum
509 3434 604 3474 eos
624 3420 715 3488 qui
734 3419 1042 3473 divinarum
1068 3434 1248 3474 rerum
1275 3420 1559 3474 scientiam
1601 3420 1930 3490 adipiscendi

368 3510 642 3564 desiderio
666 3518 938 3574 tenentur,
963 3510 1029 3564 ad
1059 3512 1370 3580 episcopum
1404 3512 1747 3567 transmittit.
1780 3512 1935 3566 Mini-

371 3611 606 3654 strorum
650 3613 797 3661 vero,
834 3600 893 3653 id
925 3608 1007 3654 est
1051 3601 1424 3667 diaconorum,
1454 3602 1584 3655 ordo
1622 3613 1704 3655 est
1749 3601 1935 3669 expia-

372 3693 564 3754 torius,
593 3700 649 3745 et
675 3690 944 3746 discretor
970 3692 1231 3746 bonarum
1256 3702 1310 3746 et
1342 3692 1627 3757 malarum,
1657 3693 1769 3746 sive
1812 3708 1935 3761 per-

369 3795 627 3834 sonarum
677 3780 799 3835 sive
850 3794 1061 3848 rerum;
1097 3783 1411 3837 discernunt
1454 3770 1597 3837 enim
1633 3785 1794 3837 etiam
1824 3793 1933 3837 tant

371 3884 637 3938 personas
683 3870 1079 3936 accedentium,
1119 3887 1278 3942 quam
1340 3874 1570 3929 virtutes
1620 3888 1827 3939 rerum,
1880 3884 1938 3928 et

371 3962 547 4030 qualia
574 3962 714 4017 bona
743 3963 854 4017 sint
883 3972 939 4017 et
975 3964 1154 4033 qualia
1180 3979 1367 4034 prava.
1405 3964 1557 4021 Unde
1587 3976 1641 4019 et
1679 3967 1775 4034 ipsi
1800 3981 1935 4034 quo-

370 4064 477 4115 que
522 4059 676 4105 vetus
724 4052 1106 4106 vestimentum
1171 4053 1480 4121 deponunt,
1533 4056 1676 4123 quod
1735 4057 1935 4111 veteris

374 4138 591 4191 malitia!
629 4141 934 4209 symbolum
981 4143 1170 4206 refert,
1226 4143 1561 4213 ablunutque
1610 4154 1665 4199 et
1712 4144 1935 4208 sistunt,

372 4240 427 4283 et
452 4230 723 4283 adducunt
752 4246 873 4284 eum
908 4233 1001 4301 qui
1036 4236 1103 4287 ad
1141 4236 1465 4303 baptismum
1490 4237 1738 4301 accedit;
1769 4238 1937 4307 siqui-

372 4322 495 4373 dem
534 4321 649 4375 ιιιεε
692 4324 875 4376 omnia
910 4326 1128 4380 virtutis
1152 4334 1207 4379 et
1239 4325 1445 4381 ordinis
1476 4337 1604 4382 sunt
1643 4329 1934 4397 expiantis.

378 4413 578 4467 Doceat
605 4414 748 4467 enim
787 4414 926 4478 illos,
961 4426 1020 4470 ut
1047 4417 1208 4472 rebus
1247 4418 1496 4473 obscuris
1544 4421 1935 4487 renuntiantes,
1968 4450 2012 4504 ι)

371 4505 439 4558 ad
481 4520 544 4558 ea
595 4520 717 4574 qua:
745 4506 1052 4561 illuminant
1106 4509 1466 4564 adducantur.
1498 4511 1729 4566 Adducit
1759 4513 1939 4580 itaque

372 4598 646 4666 expiatos,
672 4599 853 4668 expiat
886 4599 1257 4668 imperfectos,
1293 4601 1438 4658 fovet
1480 4602 1936 4668 institutionibus,

371 4690 609 4744 secernit
653 4705 837 4745 sacros
882 4706 913 4745 a
940 4692 1205 4761 profanis.
1237 4693 1384 4748 fores
1426 4696 1682 4749 custodit.
1718 4692 1938 4749 Diactuii

374 4782 521 4835 enim
573 4792 701 4836 tunc
731 4783 875 4838 fores
920 4784 1214 4850 habebant,
1248 4800 1391 4840 nunc
1438 4798 1566 4839 vero
1613 4800 1709 4839 eas
1760 4793 1943 4839 tenent

373 4874 713 4931 subdiaconi.
740 4876 854 4931 Lex
892 4877 1079 4946 itaque
1120 4877 1490 4933 ecclesiastica
1518 4878 1776 4932 diaconos
1812 4878 1943 4931 fori-

352 4967 479 5021 .bus
528 4969 771 5037 praeficit,
812 4970 1092 5024 insinuans
1133 4971 1313 5039 qualis
1343 4978 1396 5024 et
1434 4971 1577 5040 quali
1624 4970 1841 5023 futurus
1870 4971 1941 5023 sit

376 5062 445 5112 ad
470 5075 621 5113 sacra
656 5060 935 5127 introitus,
967 5071 1023 5115 et
1054 5062 1346 5117 virtutibus
1378 5062 1494 5117 istis
1527 5061 1938 5128 expiatricibus,

380 5152 531 5220 ipsis,
566 5153 805 5221 inquam,
832 5151 1091 5208 diaconis
1123 5156 1190 5208 ad
1215 5170 1496 5210 sacrorum
1545 5164 1819 5223 aspectum
1856 5156 1939 5207 in-

380 5244 693 5297 troducendi
726 5258 919 5296 munus
953 5244 1317 5311 committens,
1364 5254 1418 5299 et
1448 5261 1544 5314 per
1575 5245 1792 5299 eosdem
1841 5247 1940 5297 ad-

379 5337 598 5389 mittens
648 5334 766 5389 illos
802 5349 941 5404 quos
990 5336 1091 5405 ipsi
1136 5352 1417 5392 sacrorum
1480 5347 1705 5406 aspectu
1748 5337 1941 5406 dignos

375 5426 760 5493 iudicaverint.

452 5603 616 5676 246
643 5604 968 5661 Sumtnatim
998 5622 1124 5663 vero
1153 5609 1333 5663 omnia
1370 5612 1659 5681 repetendo
1684 5612 1780 5675 ait.
1811 5626 1943 5682 pon-

384 5698 579 5751 [NL-ent
606 5701 823 5768 quidem
856 5700 1139 5769 perﬁcere,
1164 5704 1495 5761 sacerdotem
1523 5716 1702 5762 autem
1746 5707 1944 5762 illumi-

2034 3230 2216 3302 δρῶσα
2241 3232 2337 3302 μὲν
2365 3233 2456 3285 καὶ
2478 3231 2636 3303 αὐτὴ,
2664 3234 2754 3285 καὶ
2780 3233 2876 3296 τὰς
2919 3232 3201 3304 θεουργίας
3241 3234 3613 3288 ύποδεικνῦσα

2035 3322 2120 3375 διὸ.
2160 3323 2258 3393 τῆς
2300 3323 2432 3387 ίδίας
2471 3324 2577 3376 τῶν
2602 3324 2758 3396 ἱερῶν
2802 3327 3237 3397 μεταχειρίσεως,
3262 3329 3394 3390 τοὺς
3434 3329 3493 3380 δὲ
3521 3328 3611 3396 τῆς

2032 3415 2343 3486 ἐπιστήμης
2380 3414 2487 3469 τῶν
2535 3416 2850 3486 ἱερουργιῶν
2894 3417 3210 3486 ἐφιεμένους
3250 3416 3330 3486 τῷ
3381 3419 3611 3489 ίεράρχῃ

2036 3507 2497 3576 παραπέμπουσα.
2553 3508 2615 3559 Ἡ
2655 3506 2711 3560 δὲ
2750 3508 2856 3559 τῶν
2881 3506 3224 3578 λειτουργῶν,
3253 3508 3466 3581 δηλαδὴ
3512 3510 3611 3562 τῶν

2035 3597 2294 3650 διακόνων
2329 3596 2499 3663 τάξις,
2533 3596 2835 3667 καθαρτική
2885 3596 2999 3648 ἐστι
3036 3598 3128 3648 καὶ
3151 3596 3471 3670 διακριτικὴ
3511 3600 3612 3651 τῶν

2036 3689 2215 3742 καλῶν
2254 3690 2347 3742 καὶ
2387 3690 2493 3741 τῶν
2534 3689 2809 3761 χειρόνων,
2838 3688 2947 3740 είτε
2994 3686 3320 3759 προσώπων,
3353 3692 3472 3743 εἴτε
3514 3691 3612 3761 μὴν

2037 3782 2130 3834 καὶ
2160 3780 2495 3851 πραγμάτων
2514 3797 2525 3808 ·
2553 3779 2881 3850 διακρίνουσι
2908 3778 3015 3850 γὰρ
3037 3779 3128 3831 καὶ
3143 3776 3210 3830 τά
3224 3780 3335 3832 τῶν
3362 3784 3612 3851 προσιόν-

2035 3890 2143 3924 των
2194 3871 2478 3941 πρόσωπα,
2523 3872 2617 3923 καὶ
2665 3869 2764 3933 τὰς
2805 3870 2913 3922 τῶν
2940 3871 3276 3941 πραγμάτων
3323 3871 3605 3943 δυνάμεις.

2037 3965 2163 4015 ποῖα
2200 3961 2339 4014 καλά
2374 3962 2468 4015 καὶ
2506 3964 2629 4013 ποῖα
2666 3962 2902 4032 χείρονα.
2931 3962 3089 4014 Ὅθεν
3131 3962 3281 4015 αύτοί
3306 3966 3419 4016 εἰσι
3448 3966 3543 4017 καὶ
3565 3966 3609 4015 οἱ

2036 4051 2472 4120 ἀπογυμνοῦντες
2520 4051 2622 4118 τῆς
2672 4051 2905 4113 παλαιᾶς
2951 4051 3191 4121 ἐσθῆτος,
3237 4052 3341 4121 τῆς
3379 4054 3611 4124 ἐχούσης

2039 4142 2301 4212 σύμϐολον
2323 4142 2420 4212 τῆς
2444 4142 2676 4205 παλαιᾶς
2702 4143 2899 4205 κακίας
2918 4160 2930 4172 ·
2961 4144 3051 4195 καὶ
3074 4146 3120 4195 oi
3146 4143 3499 4210 ὑπολύοντες,
3528 4148 3611 4199 καὶ

2039 4235 2313 4298 ίστῶντις,
2342 4235 2435 4286 καὶ
2461 4236 2784 4304 μετάγοντες
2807 4234 2896 4286 τὸν
2920 4234 2996 4303 τῷ
3020 4234 3354 4305 βαπτίσματι
3379 4255 3612 4307 προσερ-

2038 4325 2299 4396 χόμενον·
2326 4325 2496 4378 ταῦτα
2544 4325 2652 4394 γὰρ
2698 4327 2893 4388 πάντα,
2941 4326 3041 4395 τῆς
3086 4326 3429 4397 καθαβικῆς
3480 4333 3609 4381 εἰσιν

2039 4416 2316 4489 ἐνεργείας
2338 4418 2430 4469 καὶ
2451 4415 2672 4479 τάξεως.
2710 4416 3105 4470 Ἐκδιδάσκουσι
3129 4417 3236 4487 γὰρ
3259 4418 3485 4482 αὐτοὺς,
3509 4422 3608 4478 ἶνα,

2042 4507 2438 4577 ἀποταξάμενοι
2464 4507 2532 4560 τὰ
2553 4507 2799 4578 ἀλαμπῆ,
2827 4508 3170 4578 καταχθῶσιν
3199 4510 3292 4560 ἐπὶ
3328 4508 3400 4562 τὰ
3445 4528 3608 4579 φωτι-

2044 4603 2221 4657 στικά.
2263 4602 2474 4669 Ἀνάγει
2495 4599 2623 4669 γοῦν
2645 4602 2771 4663 τοὺς
2815 4600 3277 4671 κεκαθαρμένους,
3304 4604 3609 4657 ἀποκαθαί-

2045 4711 2127 4765 ρει
2161 4692 2289 4755 τους
2326 4691 2669 4753 ἀτελέστους,
2715 4688 2991 4760 μαιεύεται
3036 4692 3159 4751 ταῖς
3199 4689 3572 4755 διδασκαλίαις
3594 4731 3607 4749 .

2040 4783 2445 4839 ἀποδιαστέλλει
2479 4782 2587 4835 τῶν
2628 4783 2857 4853 ἀνιέρων
2888 4782 3014 4845 τοὺς
3059 4782 3254 4851 ἱεροὺς,
3294 4781 3399 4845 τὰς
3443 4784 3610 4845 πύλας

2043 4880 2307 4949 ἐπιτηρεῖ.
2342 4876 2407 4929 Oi
2446 4875 2677 4928 διάκονοι
2718 4874 2827 4946 γὰρ
2850 4873 2970 4927 τότε
3005 4873 3102 4937 τὰς
3127 4872 3298 4935 πύλας
3324 4870 3498 4944 εἶχον,
3523 4875 3608 4927 νῦν

2041 4972 2097 5024 δὲ
2138 4974 2186 5024 oi
2227 4970 2582 5023 ὑποδιάκονοι.
2627 4969 2904 5038 Ἐςρίστησι
2946 4966 3123 5021 τοίνυν
3163 4967 3293 5029 τοὺς
3333 4968 3608 5028 διακόνους

2042 5064 2161 5124 ταῖς
2200 5058 2391 5121 πύλαις
2430 5059 2463 5128 ἠ
2502 5057 2858 5129 ἁρχιερατικὴ
2902 5055 3221 5126 νομοθεσία,
3259 5057 3607 5125 αἰνισσομένη

2043 5154 2205 5207 ὁποία
2239 5154 2332 5204 καὶ
2374 5151 2543 5220 ὁποίῳ
2587 5149 2737 5202 ἔσται
2772 5149 2805 5219 ή
2851 5146 2986 5219 πρὸς
3029 5146 3099 5199 τὰ
3127 5145 3247 5217 ίερά
3269 5146 3502 5210 εἴσοδος,
3527 5144 3608 5198 καὶ

2044 5245 2418 5315 ἐγχειρίζουσα
2457 5243 2576 5304 ταῖς
2612 5240 2967 5312 καθαρτικαῖς
3000 5238 3290 5308 δυνάμεσιν
3330 5238 3518 5302 αὐτοῖς
3550 5236 3607 5303 δὴ

2043 5341 2155 5399 τοῖς
2190 5336 2456 5398 διακόνοις
2490 5335 2588 5403 τὴν
2622 5334 2715 5385 ἐπὶ
2738 5332 2835 5395 τάς
2863 5332 3012 5403 ἱερὰς
3055 5331 3281 5399 emata;
3320 5347 3605 5401 προσαγωο

2043 5431 2166 5501 γὴν,
2192 5430 2285 5482 καὶ
2306 5428 2392 5481 διὰ
2414 5426 2615 5479 τούτων
2635 5424 2814 5477 αὐτῶν
2838 5424 3203 5494 εἰσδεχομένη,
3222 5424 3384 5495 εἰπερ
3409 5441 3608 5495 μαρτυ-

2046 5522 2280 5595 ρηΟεῖεν,
2310 5520 2435 5591 παρ’
2462 5520 2638 5571 αὐτῶν
2663 5518 2861 5591 δηλαδὴ
2883 5518 2982 5585 τῆς
3004 5516 3231 5584 ἑποψίας
3274 5515 3436 5581 άξιοι.

2132 5610 2568 5679 Ἀνακεςαλαιού
2579 5627 2738 5680 μενος
2763 5608 2818 5661 δὲ
2841 5608 2910 5660 τά
2939 5610 3117 5662 πάντα
3141 5607 3325 5678 φησὶν,
3354 5610 3439 5661 ὅτι
3466 5612 3495 5662 6
3520 5608 3606 5680 μὲν

2047 5706 2332 5778 ἀρχιερεὺς
2367 5703 2581 5770 τελειοῖ,
2610 5704 2639 5756 6
2663 5702 2718 5756 δὲ
2760 5701 2937 5772 ἱερεὺς
2964 5700 3208 5769 φωτίζει,
3231 5702 3260 5755 ὁ
3283 5699 3341 5754 De
3372 5700 3605 5759 διάκονος
