3730 6322
172 274 274 327 525

729 273 819 328 DE
856 272 1137 330 ECCLES.
1182 270 1584 336 HIERARCH.,
1616 268 1771 328 CAP.
1810 270 1876 328 V.
1910 302 1977 311 —-
2012 271 2363 328 PARAPHR.
2388 268 2861 327 PACHYMERE.

3326 274 3433 329 Μὴ

171 386 425 458 καθαίρει
470 390 567 443 καὶ
608 387 873 461 διακρίνει
911 392 1003 444 τὸν
1030 391 1221 445 πιστὸν
1260 391 1352 443 καὶ
1375 390 1467 442 τὸν
1507 388 1755 451 ἄπιστον,

1952 400 2016 449 ~c,
2045 386 2340 439 diaconum
2376 399 2503 437 vero
2527 385 2768 453 expiare,
2797 398 2862 437 ac
2893 397 3184 454 segregare
3218 383 3431 438 ﬁdelem

171 478 259 532 τὸν
281 477 435 544 ἄξιον
465 480 561 532 καὶ
582 480 672 533 τὸν
695 481 932 547 ἀνάξιον,
958 484 1059 536 ’ὁπε
1068 498 1098 553 ρ
1140 480 1284 543 ίδίως
1310 479 1523 550 ἔχουσιν
1549 479 1596 530 οἱ
1623 479 1757 530 ὐπο-

170 566 428 621 διάκονοι.
461 569 613 633 Τέως
634 570 690 622 δὲ
726 572 754 622 ὁ
781 571 879 640 μὲν
912 570 1228 632 ἐπίσκοπος,
1272 568 1452 622 καὶτὰ
1474 567 1581 620 τῶν
1606 568 1759 637 ὐφει-

176 657 351 725 μένων
381 661 549 723 ποιεῖ,
579 661 638 712 οὐ
664 659 769 731 μὴν
794 660 841 713 οἱ
870 662 1035 731 ἱερεῖς
1064 659 1129 711 τὰ
1147 659 1258 713 τῶν
1284 659 1598 712 ἐπισκόπων
1617 675 1631 688 ·
1665 657 1761 711 καὶ

174 750 235 801 ὲκ
257 746 449 805 τούτου
479 754 828 825 σημειωθείη,
853 752 929 816 ὡς
952 753 1180 806 ἕκαστον
1200 754 1258 805 οὐ
1284 752 1387 825 χρὴ
1415 750 1761 822 κατατολμᾷν

176 844 283 896 τῶν
326 844 613 914 μειζὼων.
642 848 704 899 Δί
730 847 786 900 δὲ
828 846 1095 918 θειότεραι
1121 846 1379 917 δυνάμεις
1414 846 1508 900 καὶ
1546 846 1615 899 τὰ
1654 847 1762 899 τῶν

184 932 415 1007 ἡττόνων
459 937 660 1007 ἔχουσι,
702 940 794 991 καὶ
828 938 1057 1007 ἠδύνατο
1083 939 1258 992 πάντα
1288 941 1459 991 ποιεῖν
1483 941 1511 992 ὁ
1538 934 1762 991 ἐπίσκο-

181 1046 307 1092 πος⁶
357 1028 477 1082 ἀλλ’
523 1030 711 1102 ἐπειδὴ
755 1030 911 1083 θείων
956 1031 1090 1083 εἰσιν
1131 1031 1334 1094 εἰκόνες
1374 1031 1662 1102 ἐνεργειῶν
1709 1032 1763 1084 αἱ

181 1125 455 1191 ἱερατικαὶ
479 1124 888 1195 διακοσμήσεις,
918 1124 1221 1177 δεικνύεται
1247 1125 1339 1177 καί
1367 1124 1422 1176 ἐν
1454 1124 1680 1188 ταύταις
1703 1126 1764 1179 τὸ

181 1214 449 1287 εὔκοσμον
485 1217 583 1269 καὶ
607 1214 928 1287 άσύγχυτον.
961 1217 1085 1279 Πῶς
1108 1216 1163 1270 δὲ
1187 1216 1326 1269 κατὰ
1358 1218 1457 1288 τὴν
1484 1217 1634 1283 τάξιν
1657 1216 1765 1271 τῶν

177 1300 337 1359 θείων
364 1306 434 1359 τά
460 1308 705 1378 ἡμέτερα
735 1309 995 1376 γίνονται,
1024 1310 1191 1379 λέγει.
1228 1311 1314 1372 Ὠς
1337 1309 1523 1379 ἐπειδὴ
1549 1310 1581 1379 ἡ
1608 1308 1767 1381 θεαρ-

180 1400 271 1469 χία
293 1400 423 1463 τοὺς
456 1402 515 1452 ἒν
541 1395 621 1464 οἷς
647 1400 711 1453 ἂν
755 1398 1045 1472 ἐγγένηται
1080 1403 1225 1466 νόας,
1274 1401 1380 1454 εἴτε
1420 1401 1763 1470 ἀγγελικοὺς,

180 1491 287 1544 εἴτε
316 1494 413 1545 καί
435 1492 829 1564 ἀνθρωπίνους,
851 1494 1067 1565 πρῶτον
1088 1494 1358 1565 καθαίρει,
1380 1489 1498 1547 εἶτα
1520 1492 1764 1564 φωτίζει,

182 1585 272 1636 καὶ
310 1582 499 1636 ἔκτοτε
541 1582 755 1648 τελειοῖ,
788 1585 879 1637 καί
922 1585 1066 1637 ἔστιν
1110 1585 1195 1638 ἀεὶ
1236 1584 1650 1657 ἀπαράλλακτος
1674 1585 1768 1638 καὶ

179 1676 271 1729 ἐπὶ
300 1678 468 1729 πᾶσιν
496 1678 531 1747 ἡ
576 1676 797 1747 τοιαύτη
837 1676 1008 1741 τάξις,
1035 1675 1129 1731 καὶ
1164 1676 1222 1731 οὐ
1273 1678 1596 1749 μεταπίπτει
1635 1678 1764 1731 ποτὲ

183 1768 313 1838 πρὸς
339 1743 565 1820 ἀλλοίαν
606 1743 957 1821 κατάστασιν.
1005 1765 1131 1831 Πῶς
1168 1743 1283 1840 γὰρ.
1315 1768 1714 1840 φωτισθήσεται
1735 1771 1765 1823 ὁ
1798 1743 1838 1798 Β

185 1861 257 1931 μὴ
300 1859 635 1931 καθαρθείς;
676 1860 768 1913 καὶ
807 1859 924 1923 πῶς
964 1860 1378 1931 τελειωθήσεται
1414 1863 1441 1914 ὁ
1483 1861 1554 1932 μὴ
1595 1878 1762 1930 φωτι-

185 1951 327 2015 σθείς
352 1968 367 2015 ;
394 1950 497 2003 Διὰ
537 1950 697 2003 τοῦτο
733 1951 830 2022 τὴν
869 1951 1123 2020 τοιαύτην
1158 1951 1310 2015 τάξιν
1350 1952 1765 2025 ἀπαράλλακτον

187 2042 431 2112 μαθοῦσα
466 2046 499 2114 ἡ
538 2042 661 2095 καθ’
703 2044 849 2113 ἡμᾶς
898 2038 1174 2114 ἰεραρχία,
1215 2042 1411 2115 διαιρεῖ
1452 2044 1647 2116 ἑαυτὴν
1687 2047 1766 2109 εἰς

182 2131 606 2205 διακεκριμένας
629 2135 811 2200 τάξεις
834 2153 893 2187 τε
919 2137 1011 2188 καὶ
1046 2136 1303 2206 δυνάμεις
1321 2153 1335 2166 ο
1362 2139 1454 2190 καὶ
1490 2138 1549 2191 τὸ
1588 2141 1766 2210 κρεῖτ-

182 2243 271 2281 τον
307 2231 447 2302 αὐτὴ
488 2233 623 2303 παρ’
658 2231 820 2302 ἑαυτῇ
864 2231 1382 2301 παρακατασχοῦσα,
1407 2233 1468 2285 τὸ
1492 2234 1774 2307 καθαίρειν

185 2322 277 2375 καὶ
317 2322 378 2374 τὸ
418 2320 682 2393 φωτίζειν
716 2326 827 2386 τοῖς
865 2322 1071 2396 ὲτέροις
1112 2322 1252 2376 κατὰ
1276 2322 1428 2387 τάξιν
1470 2325 1770 2378 ἀπέδωκεν.

193 2408 334 2465 ’Ἀλλ’
375 2413 566 2485 ἐπειδὴ
613 2416 741 2486 περὶ
779 2414 982 2469 τούτων
1026 2412 1227 2481 ἱκανῶς
1251 2418 1472 2490 ἐρρέθη,
1516 2417 1649 2488 φέρε
1673 2415 1771 2480 τὰς

183 2504 488 2582 ίερωτάτας
519 2510 701 2564 αὐτῶν
724 2510 1008 2576 τελεὼσεις
1033 2511 1477 2583 ὲποπτεύσωμεν.

1864 479 1931 532 ab
1963 477 2187 542 inlideli,
2214 486 2271 530 et
2307 476 2527 547 dignum
2579 476 2646 531 ab
2675 476 2919 547 indigno,
2966 477 3109 545 quod
3153 478 3433 547 proprium

1862 578 1946 625 est
1974 568 2456 623 subdiaconorum.
2488 567 2708 622 Interim
2740 569 3030 638 episcopus
3057 570 3223 622 etiam
3259 576 3436 639 potest

1862 659 2015 715 obire
2067 672 2289 713 munera
2322 657 2661 723 inferiorum,
2691 674 2793 713 non
2843 668 3023 713 tamen
3074 660 3331 714 sacerdos
3370 676 3435 715 ea

1865 765 1985 820 quze
2032 757 2163 805 sunt
2194 751 2609 819 episcoporum;
2644 763 2712 803 ex
2755 765 2863 819 quo
2904 749 3268 820 significatur,
3293 765 3438 821 quo-

1867 841 2028 896 modo
2054 855 2215 895 nemo
2242 841 2434 894 debeat
2466 840 2670 910 majora
2702 855 2760 895 se
2780 855 3111 909 praesumere
3134 856 3229 896 seu
3255 852 3434 897 atten-

1871 941 2007 987 tare.
2047 932 2318 986 Caeterum
2362 938 2593 985 virtutes
2624 931 2839 1001 quidem
2884 932 2987 988 illa:
3034 934 3343 1003 superiores
3370 950 3432 988 ea

1869 1038 1988 1096 quze
2036 1024 2350 1078 interierum
2390 1034 2535 1086 sunt,
2578 1024 2795 1088 habent,
2829 1035 2884 1079 et
2927 1026 3209 1096 episcopus
3258 1036 3436 1097 potest

1868 1117 2071 1170 omnia.
2118 1113 2390 1181 Quoniam
2419 1125 2595 1170 tamen
2629 1117 3011 1173 ecclesiasticae
3044 1119 3439 1187 descriptiones

1877 1208 2185 1262 divinarum
2240 1209 2501 1275 imagines
2547 1217 2673 1263 sunt
2721 1210 3025 1278 actionum,
3058 1212 3109 1264 in
3155 1212 3261 1267 illis
3309 1213 3441 1282 ipsis

1868 1315 2086 1370 quoque
2116 1311 2301 1355 rectus
2324 1303 2461 1355 ordo
2488 1300 2874 1371 distinctioque
2902 1304 3234 1357 ostenditur.
3272 1306 3440 1360 Deni-

1869 1427 1974 1482 que
2008 1413 2196 1479 refert,
2225 1416 2496 1482 quomodo
2528 1415 2643 1468 haec
2691 1416 2955 1471 nostratia
2999 1431 3217 1488 quoque
3246 1434 3441 1474 secun-

1869 1505 1996 1558 dum
2025 1506 2272 1559 ordinem
2299 1505 2539 1559 divinum
2570 1506 2949 1578 ﬂant.Quippe
2973 1524 3095 1563 cum
3122 1510 3209 1565 illa
3228 1526 3439 1567 summa

1871 1598 2053 1653 Deitas
2100 1603 2308 1652 mentes
2350 1611 2443 1653 eas
2471 1598 2670 1669 quibus
2702 1612 2764 1654 ‘se
2790 1600 3049 1666 insinuat,
3078 1601 3195 1657 sive
3234 1605 3444 1675 angeli-

1872 1703 1965 1742 cas
1999 1687 2113 1742 sive
2156 1688 2445 1753 humanas,
2480 1690 2709 1758 primum
2759 1691 2964 1760 expiet,
2998 1692 3195 1749 deinde
3234 1694 3438 1751 illumi-

1874 1791 1982 1844 net,
2014 1794 2179 1851 atque
2209 1782 2406 1836 exinde
2436 1782 2702 1851 perﬁciat,
2730 1785 2864 1837 ordo
2902 1784 2991 1838 hic
3026 1786 3192 1841 etiam
3225 1802 3443 1857 semper

1872 1883 1953 1927 est
1982 1873 2290 1937 inviolatus,
2322 1881 2377 1926 et
2402 1872 2453 1926 in
2483 1872 2738 1928 omnibus
2766 1885 3039 1939 servatur,
3074 1891 3175 1933 nec
3198 1894 3440 1950 unquam

1872 1960 2159 2014 invertitur
2176 1970 2267 2014 aut
2289 1960 2344 2014 in
2371 1959 2534 2014 alium
2563 1971 2975 2016 transmutatur.
2995 1962 3276 2030 Quomodo
3295 1973 3444 2027 enim

1872 2051 2271 2108 illuminabitur
2301 2053 2346 2106 is
2381 2052 2473 2123 qui
2519 2068 2625 2107 non
2651 2064 2736 2110 est
2767 2059 3063 2127 expiatus?
3093 2070 3149 2115 et
3170 2066 3445 2131 quomodo

1871 2145 2187 2215 perficietur
2233 2145 2324 2213 qui
2378 2158 2488 2198 non
2539 2155 2618 2199 est
2666 2146 3273 2207 illuntinatus?ldcirco
3318 2170 3446 2211 cum

1874 2235 2182 2291 hierarchia
2225 2243 2411 2289 nostra
2463 2230 2626 2301 sciat,
2672 2235 2978 2295 istiusmodi
3024 2242 3274 2299 ordinem
3321 2260 3446 2303 esse

1876 2327 2226 2391 invariatum,
2265 2326 2611 2395 semetipsam
2660 2326 2943 2398 dLs:inguit
2986 2330 3041 2386 in
3082 2333 3327 2391 diversos
3355 2352 3449 2392 or-

1874 2416 2029 2471 dines
2052 2431 2116 2471 ac
2143 2417 2408 2482 virtutes;
2442 2426 2497 2470 et
2522 2417 2666 2486 quod
2710 2420 3052 2486 potissimum
3086 2434 3192 2489 cst,
3224 2441 3322 2495 per
3355 2442 3447 2483 se—

1875 2510 2161 2579 metipsum
2185 2524 2509 2580 exsequens,
2532 2510 2871 2568 illuminandi
2896 2526 2948 2568 et
2970 2518 3224 2586 expiandi
3252 2535 3451 2576 munus

187 2608 400 2661 caneris
430 2607 732 2661 secundum
763 2606 1026 2678 cujusque
1050 2608 1299 2663 ordinem
1326 2605 1625 2662 commisit.
1656 2604 1766 2661 Sed
1806 2605 2065 2675 quoniam
2091 2605 2159 2660 de
2188 2604 2274 2660 his
2302 2605 2437 2683 satis
2468 2604 2673 2660 dictum
2734 2614 2841 2671 est,
2898 2622 3017 2678 age,
3044 2611 3449 2670 sacratissimas

182 2700 348 2754 etiam
377 2714 575 2755 eorum
599 2702 1041 2755 consecrationes
1067 2701 1497 2756 consideremus.

728 2816 793 2868 ll.
830 2813 1199 2884 Μυστήριον.

269 2927 327 2981 '0
350 2926 454 2999 μὲν
494 2928 779 3000 ἱεράρχης,
823 2930 1231 3001 προσαγόμενος
1272 2931 1352 2994 εἰς
1376 2929 1438 2982 τὸ
1462 2946 1771 3002 χειροτονη-

2429 2809 2492 2865 ll.
2524 2810 2860 2882 Mysterium.

1943 2932 2237 2990 Hierarcha
2266 2929 2484 3003 quidem
2513 2946 2610 2987 seu
2643 2933 2937 3002 episcopus
2967 2947 3089 2988 cum
3123 2934 3190 2988 ad
3222 2936 3450 2993 ordines

184 3019 366 3091 θῆναι,
389 3020 562 3092 ἄμφω
584 3021 663 3074 τὼ
683 3022 809 3075 πόδε
834 3022 1039 3087 κλίνας,
1061 3024 1152 3076 ἐπὶ
1175 3023 1416 3094 κεφαλῆς
1436 3023 1547 3093 ἔχει
1568 3023 1637 3077 τὰ
1657 3023 1774 3078 θεῖα

1952 3024 2250 3094 scipiendos
2306 3024 2613 3090 adducitur,
2668 3032 2960 3095 utrumque
3008 3040 3146 3095 genu
3198 3025 3448 3093 ﬂectens,

189 3114 283 3165 καὶ
333 3113 460 3184 ίερὰ
508 3114 856 3182 Εὐαγγέλια,
907 3116 1002 3168 καὶ
1047 3116 1146 3187 τὴν
1196 3114 1290 3168 τοῦ
1347 3115 1774 3187 χειροτονοῦντος

187 3208 364 3276 χεῖρα,
404 3206 501 3258 καὶ
524 3204 611 3258 διὰ
634 3206 742 3258 τῶν
778 3206 1203 3275 παναγεστάτων
1231 3208 1406 3279 εὐχῶν
1430 3207 1773 3262 ἁποτελειοῦ-

184 3316 295 3353 ται.
332 3300 391 3360 Ὀ
413 3298 472 3352 δὲ
502 3300 682 3369 ἱερεὺς
706 3299 803 3352 καὶ
836 3300 994 3365 αὐτὸς
1019 3302 1186 3371 ἄμφω
1210 3299 1379 3353 κλίνει
1403 3299 1481 3353 τὼ
1508 3300 1654 3365 πόδε,
1679 3300 1775 3353 καὶ

186 3392 283 3463 τὴν
305 3391 404 3444 τοῦ
442 3390 871 3462 χειροτονοῦντος
911 3392 1090 3457 δεξιὰν
1115 3394 1205 3445 ἐπὶ
1244 3394 1482 3465 κεφαλῆς
1522 3392 1653 3464 ἔχει,
1682 3392 1775 3445 καὶ

184 3484 330 3538 οὕτω
355 3485 453 3537 καὶ
478 3482 642 3547 αὐτὸς
675 3487 794 3547 ταῖς
819 3486 1112 3556 ἰεροποιοῖς
1151 3486 1336 3557 εὐχαῖς
1365 3484 1668 3555 ἁγιάζεται.
1711 3485 1769 3537 Ὁ

186 3573 242 3627 δὲ
264 3574 519 3637 διάκονος
545 3573 641 3626 ἕνα
669 3576 779 3625 τοῖν
806 3574 986 3627 ποδοῖν
1009 3574 1213 3638 κλίνας,
1255 3576 1348 3627 ἐπὶ
1387 3575 1627 3646 κεφαλῆς
1663 3575 1775 3645 ἔχει

188 3667 281 3719 καὶ
307 3666 479 3730 αὐτὸς
506 3665 604 3736 τὴν
630 3665 724 3718 τοῦ
747 3666 1176 3737 χειροτονοῦντος
1200 3667 1399 3734 δεξιὰν,
1424 3670 1518 3722 καὶ
1540 3666 1777 3720 τελειοῦ-

187 3773 276 3809 ται
312 3761 439 3821 ταῖς
480 3758 593 3810 τῶν
634 3756 958 3829 λειτουργῶν
1000 3758 1338 3829 ἐπικλήσεσι,
1378 3759 1618 3830 δηλονότι
1654 3761 1776 3823 ταῖς

196 3849 517 3922 λεγομέναις
533 3850 801 3919 αἰτήσεσι,
821 3866 1042 3902 συννοου
1051 3850 1210 3921 μένου
1228 3849 1423 3915 ἔξωθεν
1439 3852 1531 3903 καὶ
1547 3852 1667 3913 ταῖς
1680 3848 1774 3902 τοῦ

190 3942 448 4014 ὴράρχου
488 3943 695 4012 εὐχαῖς.
739 3942 930 3995 Κοινὸν
974 3941 1029 3994 δὲ
1054 3946 1166 4005 τοῖς
1190 3942 1366 4013 τρισίν
1402 3944 1519 3994 ἐστι
1562 3941 1623 3993 τὸ
1659 3940 1779 3995 ὲπί-

191 4036 427 4104 προσθεν
450 4033 549 4086 τοῦ
575 4032 725 4103 ἱεροῦ
753 4034 1139 4105 θυσιαστηρίου
1166 4033 1582 4105 χειροτονεῖσθαι
1625 4032 1719 4084 καὶ
1742 4034 1776 4103 ἡ

191 4123 549 4195 σταυροειδὴς
577 4124 836 4194 σφραγὶς,
863 4124 957 4176 καὶ
983 4126 1016 4195 ὴ
1040 4123 1133 4177 τοῦ
1160 4125 1417 4194 ὀνόματος
1454 4125 1773 4196 ἀνάρρησις,

191 4217 285 4269 καὶ
307 4218 336 4268 ὁ
358 4216 710 4278 τελειωτικὸς
734 4216 1041 4285 ἀσπασμός.
1063 4216 1201 4287 Ὅρα
1224 4216 1279 4268 δὲ
1304 4216 1381 4268 ὅτι
1407 4217 1610 4279 πάντας
1630 4216 1777 4284 λέγει

196 4312 315 4375 τοὺς
339 4312 400 4363 ὲν
423 4310 505 4381 τῷ
528 4310 783 4382 ίερατείῳ
807 4308 897 4362 τὸν
923 4308 1225 4381 χειροτονού
1234 4325 1390 4379 μενον
1417 4309 1774 4373 ἀσπάζεσθαι.

802 4510 893 4563 Ill.
938 4511 1175 4578 θεωρία.

265 4624 293 4694 §
349 4627 389 4677 1.
446 4625 545 4687 Εἰς
594 4623 827 4695 Θεωρίαν
879 4622 1174 4679 εἰσϐάλλων
1231 4625 1339 4678 τῶν
1398 4624 1774 4695 τελουμένων,

199 4719 408 4790 πρῶτον
431 4719 503 4773 τὰ
531 4718 686 4773 κοινὰ
720 4722 832 4783 τοῖς
866 4721 1013 4792 τρισὶ
1045 4718 1139 4773 κοιλ⁸
1163 4721 1231 4773 τὰ
1256 4720 1363 4773 ἴδια
1388 4716 1603 4789 ἑκάστῳ
1630 4719 1775 4770 άπα-

192 4813 493 4884 ριθμεῖται.
522 4810 696 4867 Κοινὰ
716 4808 847 4881 γοῦν
934 4815 1026 4866 ἐπὶ
1052 4814 1144 4867 τοῦ
1184 4813 1569 4884 θυσιαστηρίου
1596 4830 1776 4883 χειρο-

194 4908 361 4970 τονία,
388 4909 423 4978 ἡ
452 4901 806 4978 σταυροειδὴς
832 4904 1086 4979 σφραγὶς,
1130 4910 1163 4979 ἡ
1202 4905 1296 4959 τοῦ
1322 4906 1583 4975 ὀνόματος
1609 4904 1777 4975 ἀνάρ-

198 5000 371 5069 ρησις,
403 5001 500 5053 καὶ
526 5002 553 5053 ὁ
578 4998 920 5063 τελειωτικὺς
948 4998 1262 5069 ἀσπασμός·
1296 4998 1438 5061 ἰδίως
1459 4997 1515 5049 δὲ
1542 4999 1652 5059 τοῖς
1682 4995 1779 5066 μὲν

198 5083 475 5162 ἰεράρχαις
524 5090 823 5143 ἐπιτίθεται
864 5088 924 5143 τὸ
969 5090 1111 5162 ἱερὸν
1152 5089 1516 5159 Εὐαγγέλιον’
1566 5090 1677 5151 τοῖς
1722 5086 1779 5139 δὲ

196 5179 397 5251 ἱερεῦσι
434 5182 496 5235 τὸ
524 5181 731 5234 κλίνειν
756 5178 874 5233 ἐστὶ
908 5180 1001 5234 καὶ
1039 5180 1381 5251 ἀμφοτέρους
1421 5178 1548 5241 τοὺς
1572 5177 1739 5239 πόδας
1762 5191 1777 5207 ⁸

197 5278 301 5337 τοῖς
326 5275 381 5328 δὲ
412 5270 750 5343 λειτουργοῖς
776 5274 835 5326 τὸ
860 5273 1058 5326 κλίνειν
1092 5272 1183 5326 τὸν
1214 5262 1420 5341 ἕτερον.

268 5368 294 5440 §
336 5370 404 5422 11.
448 5368 702 5437 Λέγομεν
748 5359 840 5419 οὖν
888 5366 1103 5438 πρῶτον
1143 5363 1394 5436 περὶτῆς
1430 5362 1616 5433 κοινῆς
1643 5360 1779 5431 πρὸς

196 5458 253 5511 τὸ
278 5462 434 5529 ἆγιον
459 5458 852 5529 θυσιαστήριον
879 5457 1245 5529 προσαγωγῆς
1282 5472 1340 5507 τε
1386 5455 1478 5507 καὶ
1524 5452 1780 5507 ὐποπτώ-

196 5568 328 5618 ea»;
351 5572 364 5584 ·
396 5554 709 5608 αἰνίσσεται
732 5552 862 5623 γὰρ,
909 5552 989 5604 ὅτι
1033 5552 1233 5614 πάντες
1258 5544 1401 5603 οὗτοι
1425 5544 1619 5611 ὑλικῶς
1645 5548 1779 5600 ἁνα-

197 5646 399 5700 τιθέασι
425 5646 507 5717 τῷ
539 5643 844 5717 τελετάρχῃ
879 5642 998 5714 Θεῴ
1038 5642 1133 5713 τὴν
1177 5641 1311 5695 ἰδίαν
1340 5638 1482 5709 ζωὴν
1503 5678 1516 5702 ,
1556 5637 1779 5711 ὁμοειδῆ

198 5739 330 5791 κατὰ
355 5740 418 5792 τὸ
442 5737 674 5793 δυνατὸν
716 5736 1034 5806 ὀφείλουσαν
1083 5729 1221 5788 εἶναι
1265 5731 1342 5804 τῷ
1385 5731 1781 5802 παναγεστάτῳ

1878 3132 2040 3186 supra
2086 3125 2247 3185 caput
2294 3116 2460 3170 habet
2500 3117 2685 3170 divina
2738 3130 3003 3185 sacraque
3032 3115 3346 3188 Evangelia,
3396 3127 3451 3173 et
3510 3102 3515 3113 1

1877 3223 2096 3263 manum
2121 3206 2521 3273 consecrantis,
2554 3221 2619 3261 ac
2647 3207 3010 3263 sanctissimis
3036 3209 3291 3278 precibus
3317 3224 3450 3266 cou-

1874 3310 2149 3355 secratur.
2206 3300 2478 3355 Sacerdos
2528 3308 2712 3355 autem
2772 3312 3064 3372 utrumque
3117 3303 3283 3359 etiam
3335 3304 3452 3375 ipse

1875 3408 2013 3465 genu
2045 3395 2234 3459 ﬂectit,
2268 3403 2325 3448 et
2360 3393 2412 3448 in
2443 3394 2618 3463 capite
2645 3395 2808 3449 habet
2839 3395 3087 3449 dextram
3119 3394 3449 3452 consecran-

1874 3487 1967 3553 tis,
2013 3496 2176 3558 atque
2209 3487 2284 3540 ita
2312 3485 2482 3541 etiam
2526 3486 2642 3556 ipse
2686 3485 3157 3542 sanctiﬁcantibus
3200 3489 3453 3557 precihul

1876 3579 2269 3633 sanctiﬁcatur.
2320 3578 2594 3633 Diaconus
2639 3593 2767 3632 vero
2806 3594 2970 3632 unum
3007 3594 3147 3648 genu
3200 3578 3452 3646 ﬂectens,

1877 3687 2042 3741 Super
2072 3681 2235 3740 caput
2266 3670 2429 3724 habet
2459 3678 2515 3724 et
2545 3671 2661 3739 ipse
2695 3671 2943 3725 dextram
2973 3673 3374 3735 consecrautis,
3401 3680 3456 3726 et

1874 3770 2229 3818 consecratur
2264 3762 2699 3817 invocationibus
2728 3763 3125 3827 ministrorum,
3155 3778 3276 3832 quae
3304 3764 3455 3818 vide-

1878 3850 2010 3905 licet
2043 3853 2093 3905 in
2140 3852 2458 3906 eorumdem
2503 3853 2917 3907 consecratione
2955 3852 3202 3908 adhiberi
3246 3855 3453 3919 solent,

1879 3940 2167 3993 hierarcha
2212 3955 2429 4009 quoque
2478 3943 2731 4009 precibus
2762 3943 3118 3999 extrinsecus
3157 3957 3456 3997 amtuentr.

1880 4028 1976 4084 His
2008 4032 2184 4084 tribus
2210 4032 2392 4099 itaque
2418 4047 2708 4086 commune
2733 4042 2839 4098 est,
2865 4043 2994 4088 ante
3016 4034 3258 4087 divinum
3285 4036 3458 4090 altare.

1878 4124 2144 4187 ordinari,
2193 4132 2249 4178 et
2290 4123 2462 4178 forma
2504 4127 2686 4179 crucis
2724 4126 2945 4197 signari,
2979 4135 3038 4181 et
3077 4142 3275 4182 nomen
3315 4131 3459 4184 reci-

1883 4213 2010 4275 tari,
2040 4223 2094 4269 et
2136 4216 2188 4269 in
2235 4214 2340 4268 line
2369 4215 2618 4269 salutari.
2652 4216 2896 4272 Observa
2926 4231 3058 4271 vero
3095 4218 3239 4287 quod
3288 4219 3457 4283 dicat,

1879 4306 2041 4379 247
2070 4321 2259 4363 omnes
2287 4308 2459 4377 quiin
2502 4312 2745 4365 sacrario
2784 4319 2913 4365 sunt
2950 4309 3265 4366 ordinatum
3300 4314 3453 4368 salu-

1809 4434 1855 4490 Β
1884 4410 2021 4455 tare.

2406 4513 2491 4567 111.
2533 4513 2938 4584 Contemplatio.

1955 4624 1982 4697 ς
2014 4624 2053 4682 1.
2092 4624 2429 4695 Aggrediens
2453 4639 2643 4678 eorum
2673 4627 2764 4695 qui
2795 4639 3186 4682 consecrantur
3211 4638 3455 4683 conti-m-

1880 4717 2202 4785 plationem,
2240 4715 2478 4785 primum
2510 4730 2571 4769 ea
2605 4731 2724 4784 quae
2767 4718 2941 4773 tribus
2977 4720 3259 4774 ordinibus
3306 4734 3455 4773 cem-

1885 4811 2069 4864 munia
2099 4848 2115 4873 ,
2167 4822 2393 4877 quaeque
2443 4806 2669 4863 cuilibet
2721 4808 2937 4875 propria
2988 4817 3137 4871 sunt,
3181 4819 3453 4863 recenset.

1882 4901 2203 4957 Communia
2233 4901 2399 4970 igitur
2423 4908 2570 4963 sunt,
2595 4899 2866 4952 ordinatio
2887 4898 2953 4951 ad
2986 4899 3227 4952 divinum
3258 4900 3453 4967 altare,

1886 4995 2077 5050 formae
2109 4995 2286 5049 crucis
2316 4992 2573 5063 signatio,
2603 4999 2658 5045 et
2682 4990 2916 5044 nominis
2942 4990 3212 5057 recitatio,
3240 5001 3292 5045 et
3324 4992 3460 5046 lina-

1884 5086 1949 5142 lis
1984 5087 2259 5142 salutatio.
2288 5082 2518 5151 Propria
2552 5096 2681 5137 vero
2707 5091 2789 5137 est
2813 5082 3083 5152 episc0pis
3106 5083 3245 5136 sacri
3279 5082 3458 5137 Evanm

1884 5180 2006 5252 gelii
2039 5179 2335 5249 impositio,
2366 5176 2738 5233 sacerdotibus
2781 5176 3065 5245 utriusque
3105 5176 3257 5245 pcdis
3298 5178 3455 5231 incli-

1886 5272 2056 5335 natio,
2090 5270 2339 5325 diaconis
2362 5267 2678 5322 alterutrius
2706 5265 2941 5321 inﬂexio.

1958 5361 1988 5433 ᾗ
2028 5361 2090 5415 II.
2135 5361 2377 5416 Dicimus
2403 5359 2585 5429 itaque
2613 5358 2845 5429 primum
2869 5358 2938 5414 de
2959 5361 3233 5414 communi
3265 5359 3353 5414 illa
3388 5360 3456 5415 ad

1885 5455 2059 5510 altare
2085 5470 2301 5509 sacrum
2333 5454 2658 5509 adductione
2690 5469 2754 5507 ac
2779 5452 3031 5516 ﬂexione,
3067 5452 3333 5507 insinuari
3362 5468 3459 5522 per

1872 5546 1989 5601 hoc
2008 5563 2200 5601 omnes
2223 5545 2343 5600 illos
2368 5546 2799 5601 consecrationis
2835 5546 3043 5599 auctori
3074 5544 3184 5601 Deo
3220 5560 3287 5601 ex
3316 5545 3460 5600 inte-

1884 5654 1983 5710 gro
2014 5640 2178 5694 vitam
2223 5653 2377 5692 suam
2409 5653 2764 5704 consecrare,
2802 5653 3071 5708 eamque,
3116 5638 3291 5707 quoad
3335 5637 3455 5691 ﬁeri

1887 5741 2089 5801 potest,
2134 5730 2472 5786 conformem
2505 5746 2624 5787 esse
2656 5731 2853 5788 debere
2879 5730 3226 5787 sanctissimo
3258 5729 3335 5785 illi
3366 5727 3451 5783 ai-
