3730 6368
305 338 405 394 527

1463 331 1518 386 S.
1558 330 1855 386 DlONYSll
1895 329 2356 386 AREOPAGI‘TA‘I

3452 339 3547 393 59.8

306 464 434 527 tari,
467 460 732 518 Salvatori
755 459 986 525 scilicet,
1005 458 1222 516 Christo
1255 475 1316 515 ac
1347 460 1596 526 Domino,
1627 460 1719 530 qui
1744 475 1855 515 con-

2029 456 2364 528 ισιαστηρίῳ,
2408 455 2486 528 τῷ
2529 457 2742 530 Σωτῆρι
2783 460 3004 533 Χριστῷ
3046 463 3139 516 καὶ
3163 463 3449 538 Δεσπότῃ,
3478 466 3547 538 τῷ
3601 471 3609 479 “

303 568 483 615 secrat
514 565 722 612 mentes
748 554 1062 610 deil‘ormes.

373 651 403 724 ς
446 651 530 706 111.
572 651 762 706 Manus
793 661 973 708 autem
1006 651 1282 722 impositio
1313 650 1508 722 partim
1535 651 1750 718 quidem
1788 649 1875 705 de-

302 747 480 817 signat
507 745 743 798 divinam
776 735 1190 814 protectionem,
1222 759 1342 814 quae
1364 745 1431 798 ad
1466 759 1525 798 se
1553 743 1873 798 accedentes

301 847 556 907 tanquam
595 835 736 891 ﬁlios
771 846 998 907 paterne
1026 836 1295 906 protegit;
1326 834 1520 904 partim
1555 848 1684 888 vero
1713 833 1872 888 docet

299 930 369 984 ita
423 939 774 985 consecratos
800 968 815 994 ,
868 935 1126 997 tanquam
1168 929 1268 982 sub
1315 927 1424 982 Deo
1468 941 1683 980 sacram
1716 940 1868 980 suam

293 1022 622 1078 furtu-tionem
649 1021 804 1076 obire
831 1018 1050 1076 debere.
1077 1017 1212 1073 Nam
1237 1033 1428 1072 manus
1456 1015 1758 1088 symbolum
1785 1025 1870 1071 est

293 1113 649 1184 operationis.

364 1204 393 1277 §
434 1203 522 1259 IV.
561 1204 734 1259 Porro
763 1204 978 1274 signum
1007 1203 1190 1259 crucis
1211 1202 1458 1274 designat
1479 1201 1720 1257 omnium
1745 1216 1867 1256 car-

291 1298 496 1352 nalium
549 1297 908 1367 cupiditatum
959 1295 1354 1358 cessationem.
1401 1295 1706 1364 divinarque
1743 1296 1865 1348 vita:

290 1390 646 1445 imitationem
691 1384 806 1456 ejus
836 1388 929 1457 qui
965 1389 1032 1442 ad
1059 1402 1275 1441 crucem
1318 1396 1375 1442 et
1418 1397 1647 1441 mortem
1690 1385 1858 1440 venit.

289 1480 589 1549 Episcopus
617 1490 798 1533 autem
832 1491 1027 1532 nomen
1054 1476 1200 1531 illius
1228 1476 1316 1546 qui
1347 1476 1632 1531 ordinatur
1654 1474 1862 1546 procla-

286 1581 417 1636 mat,
445 1572 705 1644 quoniam
745 1571 857 1626 Deo
885 1571 1086 1625 charus
1113 1569 1364 1624 ordinum
1395 1567 1621 1623 collator
1651 1577 1858 1622 tantum

271 1662 525 1732 etplicat
561 1663 796 1718 divinam
830 1662 1184 1725 electionem,
1214 1662 1343 1730 quia
1378 1675 1484 1715 non
1528 1658 1736 1723 favore,
1763 1659 1856 1714 sed

283 1772 313 1810 υ
351 1758 458 1810 Deo
488 1765 689 1818 motus,
719 1755 892 1824 ipsum
933 1753 1112 1824 elegit.
1143 1751 1270 1807 Haec
1299 1754 1442 1806 enim
1476 1751 1854 1823 promulgatio,

283 1845 653 1902 nianifcstatio
683 1856 767 1900 est
791 1844 985 1899 divinae
1015 1843 1331 1899 voluntatis.

351 2023 380 2096 §
421 2023 485 2080 ν.
528 2022 641 2078 lloc
683 2022 840 2076 modo
887 2021 1052 2077 etiam
1093 2020 1284 2091 legalis
1322 2020 1574 2076 ordinum
1627 2021 1853 2076 cellator

278 2115 489 2186 Moyses
522 2115 747 2168 fratrem
788 2128 945 2168 suum
984 2113 1166 2167 Aaron
1193 2151 1209 2177 ,
1244 2113 1491 2181 quamvis
1533 2126 1655 2165 eum
1687 2112 1854 2167 sciret

278 2209 382 2262 isto
413 2221 636 2261 munere
671 2205 925 2276 dignum,
959 2217 1305 2274 nequaquam
1343 2202 1528 2272 elegit,
1556 2203 1729 2257 donec
1765 2203 1849 2257 di-

276 2301 478 2353 vinitus
502 2298 570 2351 ad
598 2299 701 2352 hoc
731 2305 1065 2350 moveretur.
1100 2293 1208 2350 Sed
1237 2295 1365 2365 quid
1391 2295 1539 2349 illum
1572 2295 1850 2350 memoro?

273 2408 396 2446 cum
430 2391 660 2461 ipsemet
688 2389 897 2459 primus
923 2387 1178 2442 ordinum
1205 2387 1432 2442 collator
1457 2403 1521 2441 ac
1550 2387 1850 2442 viviﬁcator

271 2482 430 2538 Jesus
476 2481 543 2535 ad
584 2480 800 2535 Patrem
846 2479 1047 2533 clamet
1081 2496 1096 2533 :
1132 2476 1318 2546 Pater,
1359 2479 1597 2544 clari/ica
1645 2478 1849 2535 Filium

271 2585 419 2629 tuum
442 2583 494 2642 ιι,
543 2572 1011 2628 conﬁrmationem
1063 2572 1468 2640 quodammodo
1525 2572 1648 2627 inde
1701 2574 1850 2628 acci-

270 2667 458 2734 piens,
489 2665 705 2719 tametsi
750 2665 894 2719 Deus
932 2673 1078 2718 esset
1118 2679 1182 2719 ac
1213 2664 1497 2729 Dominus,
1531 2672 1585 2719 et
1618 2664 1672 2719 in
1719 2681 1846 2720 vera

270 2756 439 2825 gloria
475 2755 638 2810 simul
666 2769 788 2810 cum
825 2753 989 2809 Patre
1017 2766 1071 2808 et
1112 2754 1320 2825 Spiritu
1361 2767 1554 2811 sant-to
1595 2772 1717 2812 esse
1749 2774 1847 2812 no-

268 2859 540 2902 scerctur.
570 2847 628 2902 Si
663 2861 790 2902 vero
813 2847 1087 2904 credimus
1116 2862 1182 2902 ea
1220 2863 1342 2916 quae
1364 2850 1640 2918 propheta:
1677 2849 1843 2904 locuti

267 2946 415 3001 sunt,
443 2943 610 2993 verba
644 2952 766 2993 esse
794 2938 913 3003 Dei,
945 2940 1085 2994 sicut
1111 2953 1241 2994 vero
1269 2951 1420 3005 sunt,
1442 2951 1500 2995 et
1522 2955 1552 2994 a
1586 2941 1695 2996 Deo
1717 2957 1844 3011 pro-

267 3032 551 3097 teruntur:
603 3032 732 3087 illud
766 3050 780 3087 :
821 3031 899 3086 Τιι
941 3049 997 3087 es
1039 3034 1287 3087 sacerdos
1329 3035 1384 3087 in
1423 3045 1675 3089 wternum
1700 3043 1747 3101 ',
1791 3044 1846 3088 ct

1978 548 2318 621 καθιεροῦντι
2339 549 2466 613 τοὺς
2491 549 2746 615 θεοειδεῖς
2767 552 2912 616 νόας.
3581 604 3589 620 ,

2050 643 2078 715 §
2120 645 2210 697 ΠΙ.
2267 643 2329 695 Ἦ
2352 643 2409 696 δὲ
2435 643 2536 714 τῆς
2561 647 2741 716 χειρὸς
2771 647 3011 712 ἐπίθεσις
3049 650 3185 721 ὁμου
3215 649 3315 722 μὲν
3353 653 3546 723 ἐμφαί-

1973 751 2052 789 νει
2076 734 2176 804 τὴν
2198 734 2262 785 ἐκ
2287 732 2422 785 Θεοῦ
2451 733 2680 804 σκέπην,
2724 735 2823 806 τὴν
2857 735 3226 805 φυλάττουσαν
3267 741 3545 806 πατρικῶς

1970 827 2046 890 ὼς
2072 826 2264 889 παῖδας
2301 827 2428 890 τοὺς
2469 827 2617 898 αύτῷ
2656 831 3084 902 προσανέχοντας
3102 839 3120 862 ·’
3160 833 3276 905 ἅμα
3310 833 3368 888 δὲ
3405 835 3541 892 διδά-

1973 935 2093 972 σκει
2116 919 2208 972 καὶ
2233 919 2294 972 τὸ
2317 919 2734 990 ἐποφειλόμενον
2761 921 2901 992 ἔχειν
2923 925 3050 989 τοὺς
3071 926 3425 992 τελεσθέντας
3450 929 3544 1001 τὴν

1969 1012 2178 1066 ἑαυτῶν
2223 1012 2528 1084 ὑπηρεσίαν
2573 1011 2747 1066 τελεῖν
2773 1015 2847 1079 ὡς
2877 1015 2982 1069 ὑπὸ
3021 1017 3140 1089 Θεῷ
3168 1021 3540 1091 πράττονταςο

1969 1106 2032 1161 σύ
2042 1104 2235 1178 μὸολον
2259 1105 2366 1177 γὰρ
2391 1107 2425 1176 ή
2451 1106 2570 1178 χεὶρ
2595 1105 2865 1178 πράξεως.

2042 1197 2069 1269 §
2103 1196 2190 1251 IV.
2221 1197 2285 1250 Ἡ
2308 1197 2364 1250 δὲ
2388 1199 2732 1270 σταυροειδὴς
2758 1202 2991 1271 σφραγὶς
3014 1203 3114 1276 τὴν
3151 1205 3542 1279 ἀνενεργησίαν

1964 1289 2072 1342 τῶν
2132 1289 2409 1360 σαρκικῶν
2448 1289 2636 1343 παθῶν
2662 1331 2677 1355 ,
2725 1293 2819 1346 καὶ
2873 1294 2973 1366 τὴν
3020 1294 3350 1368 θεομίμητον
3399 1299 3540 1371 ζωὴν

1965 1380 2215 1452 ἐμφαίνει
2258 1382 2322 1451 τῇ
2365 1380 2500 1452 πρὸς
2528 1380 2691 1433 αὐτὸν
2736 1383 3000 1454 μιμήσει,
3029 1385 3088 1448 ὃς
3117 1385 3277 1458 μέχρι
3306 1389 3538 1460 σταυροῦ

1963 1475 2057 1528 καὶ
2093 1473 2322 1527 θανάτου
2361 1473 2638 1545 ἐλήλυθεν.
2683 1473 2910 1548 Ἀναὸοᾷ
2945 1476 3087 1530 δὲτὸ
3108 1477 3278 1550 ὄνομα
3302 1481 3396 1534 τοῦ
3433 1500 3540 1553 χει-

1964 1565 2347 1637 ροτονουμένου
2412 1567 2441 1618 ὁ
2502 1566 2793 1637 ἰεράρχης,
2839 1567 2920 1620 ὃτι
2964 1568 2993 1619 ό
3040 1568 3284 1639 φιλόθεος
3339 1571 3536 1642 ἰεροτε-

1961 1656 2155 1727 λεστὴς
2208 1656 2368 1726 μόνον
2413 1657 2662 1725 ἐκφαίνει
2701 1657 2801 1728 τὴν
2848 1657 2997 1712 Θείαν
3044 1659 3308 1732 ἐκλογὴν,
3352 1663 3434 1716 ὄτι
3477 1665 3534 1717 ού

1960 1749 2174 1819 χάριτι,
2207 1749 2322 1802 ἀλλ’
2359 1749 2462 1802 ὑπὸ
2498 1749 2632 1802 Θεοῦ
2671 1748 2986 1821 κινούμενος
3029 1753 3188 1806 αὐτὸν
3223 1754 3533 1822 ἐξελέξατο·

1955 1843 2113 1896 τοῦτο
2136 1845 2245 1916 γάρ
2270 1845 2416 1899 ἐστιν
2437 1846 2472 1916 ή
2499 1844 2806 1916 ὲκφῶνηοίις
2826 1883 2841 1909 ,
2866 1847 2900 1918 ή
2944 1845 3204 1917 ἐκφανσις
3245 1849 3346 1921 τῆς
3389 1850 3536 1916 θείας

1957 1934 2172 2006 βουλῆς.

2029 2027 2056 2099 ς
2099 2027 2160 2082 ν.
2179 2028 2335 2082 Οὕτω
2364 2042 2456 2082 και
2479 2030 2506 2082 ό
2530 2029 2750 2099 νομικὸς
2779 2031 3148 2106 ἰεροτελεστὴς
3172 2036 3419 2108 Μωῦσῆς
3443 2037 3534 2090 τὸν

1955 2119 2181 2190 ἀδελφὸν
2216 2121 2380 2175 αὑτοῦ
2433 2122 2664 2195 Ἀαρὼν,
2690 2127 2784 2180 καὶ
2824 2127 2980 2192 εἰδὼς
3002 2127 3151 2194 ἀξιον
3185 2129 3288 2200 τῆς
3330 2131 3535 2202 ὑπουρ-

1951 2213 2076 2281 γίας
2095 2254 2108 2278 ,
2135 2215 2234 2267 οὐκ
2258 2213 2554 2282 ἐξελέξατο,
2581 2218 2685 2282 ἕως
2707 2214 2766 2273 οὗ
2793 2219 2974 2273 θεόθεν
2997 2219 3220 2293 ἐκινήθη
3247 2223 3331 2286 εἰς
3355 2223 3531 2277 τοῦτο.

1952 2303 2062 2356 Καὶ
2104 2304 2156 2357 τί
2201 2304 2344 2374 λέγω
2389 2309 2519 2380 περὶ
2561 2309 2785 2374 τούτους
2813 2312 2976 2376 αὐτὸς
3009 2315 3036 2366 ό
3078 2313 3298 2385 πρῶτος
3326 2317 3530 2388 ίεροτε-

1952 2393 2144 2468 λεστὴς
2181 2399 2209 2450 ὁ
2247 2397 2552 2470 ζωαρχικὸς
2602 2403 2806 2474 Ἰησοῦς
2849 2405 2983 2476 πρὸς
3017 2404 3107 2459 τὸν
3132 2406 3354 2480 Πατέρα
3400 2408 3528 2479 βοᾷ’

1950 2487 2162 2556 Πάτερ,
2209 2489 2476 2554 δόξασόν
2520 2508 2636 2546 σου
2683 2493 2791 2547 τὸν
2850 2497 3020 2549 Υἱόν·
3049 2497 3148 2568 τὴν
3197 2497 3530 2571 ὲπικύρωσιν

1947 2579 2147 2636 ὡσανεὶ
2169 2585 2376 2638 ἐκεῖθεν
2415 2585 2722 2656 δεχόμενος,
2752 2589 2928 2642 καίτοι
2952 2590 3081 2660 Θεὸς
3105 2588 3180 2643 ὢν
3207 2593 3304 2645 καὶ
3330 2591 3530 2645 Δεσπό-

1948 2691 2067 2746 της,
2097 2677 2191 2730 καὶ
2226 2677 2286 2729 ἐν
2332 2677 2508 2748 τελεία
2533 2678 2659 2752 δόξῃ
2688 2681 2802 2751 ἅμα
2836 2681 2912 2752 τῷ
2937 2683 3114 2756 Πατρὶ
3137 2685 3232 2738 καὶ
3269 2683 3350 2756 τῷ
3391 2686 3529 2757 ἁγίῳ

1949 2764 2224 2835 Πνεύματι
2273 2766 2690 2838 γνωριζόμενος.
2732 2770 2794 2822 Εἰ
2835 2771 2890 2824 δὲ
2933 2772 3300 2843 πιστεύομεν,
3340 2775 3425 2826 ὅτι
3461 2775 3530 2828 τὰ
3591 2807 3597 2814 -

1948 2856 2052 2908 ὑπὸ
2094 2858 2391 2928 προφητῶν
2433 2857 2736 2929 λαλούμενα
2769 2863 2990 2932 ῥήματά
3014 2866 3120 2916 εἰσι
3146 2863 3305 2930 Θεοῦ,
3345 2866 3524 2929 καθὼς

1946 2949 2045 3001 καὶ
2069 2950 2176 3003 εἰσὶ
2198 2990 2212 3014 ,
2240 2951 2335 3004 καὶ
2359 2951 2466 3004 ἀπὸ
2501 2949 2637 3003 Θεοῦ
2673 2952 2953 3021 λέγονται·
2982 2954 3064 3021 τὸ,
3090 2955 3174 3009 Σὺ
3207 2957 3404 3024 ἱερεὺς
3441 2960 3527 3023 εις

1946 3044 2052 3096 τὸν
2074 3043 2276 3108 αἰῶνα,
2309 3047 2404 3099 καὶ
2428 3047 2497 3100 τὰ
2523 3049 2648 3120 ἐξῆς
2673 3087 2688 3111 ,
2713 3046 2772 3099 οὐ
2798 3045 2892 3099 τοῦ
2925 3047 3087 3101 Δαυὶδ
3112 3048 3330 3112 πάντως
3351 3052 3524 3122 φήσο-

265 3139 385 3192 qmc
429 3133 754 3194 sequuntur,
801 3138 1141 3193 nequaquam
1184 3124 1408 3178 omnino
1459 3125 1677 3180 Davidis
1718 3140 1841 3181 esse

2029 3152 2043 3186 ν
2066 3131 2202 3188 εἷναι
2222 3175 2237 3199 ,
2263 3137 2398 3190 ἀλλά
2421 3137 2514 3192 τοῦ
2540 3139 2632 3192 ἐπὶ
2659 3139 2875 3192 πάντων
2897 3138 3032 3192 Θεοῦ
3057 3155 3071 3168 ·
3117 3139 3523 3210 ἐκλαμϐάνεται

263 3215 527 3276 dicimus,
563 3214 659 3268 sed
698 3213 866 3285 248
909 3214 1116 3268 dictum
1164 3212 1304 3268 Dei:
1344 3215 1612 3284 accipitur
1657 3226 1838 3272 autem

263 3308 333 3362 de
362 3305 526 3360 Patre
547 3304 688 3360 Filio
721 3320 819 3362 suo
849 3306 1222 3360 testimonium
1250 3307 1569 3375 perliibente
1595 3311 1840 3364 sacerdo-

269 3400 328 3454 tii
373 3399 516 3453 illius
557 3398 749 3454 aeterni
793 3399 1088 3453 secundmn
1122 3400 1366 3453 ordinem
1413 3399 1834 3458 Melchisedech.

261 3492 331 3546 Et
361 3491 679 3561 discipulos,
713 3492 928 3545 tametsi
956 3491 1098 3545 Deus
1120 3500 1285 3553 esset.
1331 3507 1435 3546 non
1473 3507 1502 3546 a
1547 3495 1837 3563 semetipso

264 3583 484 3653 proprie
524 3582 815 3647 ordinavit,
849 3583 945 3638 sed
994 3583 1242 3653 promisit
1285 3599 1344 3638 se
1391 3584 1680 3640 missurum
1709 3587 1774 3642 iis
1804 3603 1834 3642 a

261 3674 426 3729 Patre
459 3673 728 3744 Spiritum
752 3688 1020 3732 sanctum.
1059 3675 1197 3742 Quin
1234 3686 1290 3730 et
1324 3678 1550 3745 ipsemet
1589 3678 1835 3749 princeps

263 3768 664 3836 apostolorum,
686 3783 795 3822 una
812 3784 934 3823 cum
958 3769 1162 3823 decade
1184 3768 1597 3837 discipulorum,
1619 3771 1835 3838 quando

261 3858 657 3913 duodenarium
691 3859 843 3913 illum
883 3859 1109 3929 implere
1153 3859 1392 3923 volebat,
1425 3875 1768 3931 nequaquam
1801 3877 1833 3916 a

257 3954 556 4023 semetipso
584 3953 878 4008 ordinabat
925 3966 1309 4023 quemcunque
1336 3951 1522 4017 vellet,
1555 3954 1649 4007 sed
1685 3955 1833 4010 dice-

258 4045 396 4099 bat:
447 4045 677 4101 Ostende
712 4062 866 4117 quem
908 4046 1123 4115 elegeris
1143 4059 1200 4113 ις
1234 4054 1289 4100 et
1333 4045 1480 4100 illum
1529 4046 1834 4116 accipiebat.

257 4155 418 4208 quem
467 4138 710 4208 Spiritus
751 4151 974 4196 sanctus
1017 4139 1366 4206 ostenderat,
1423 4139 1703 4196 Mattliiam
1750 4143 1833 4197 in-

1940 3225 1997 3278 δὲ
2021 3225 2095 3290 ῶς
2121 3227 2228 3280 ἀπὸ
2246 3227 2340 3280 τοῦ
2362 3230 2576 3299 Πατρὸς
2593 3231 2728 3302 πρὸς
2756 3231 2847 3284 τὸν
2876 3231 2995 3284 Υἱδν
3020 3230 3523 3302 ἐπιμαρτυροῦντος

1937 3315 2111 3385 τούτῳ
2140 3317 2236 3390 τὴν
2275 3320 2356 3383 εἰς
2392 3319 2566 3374 αἰῶνα
2594 3322 2889 3394 ἱερωσύνην
2915 3321 3054 3375 κατά
3075 3323 3174 3392 τὴν
3198 3320 3353 3386 τάξιν
3377 3324 3520 3379 Μελ-

1939 3410 2172 3480 χισεδέκ.
2219 3411 2329 3462 Καὶ
2375 3410 2502 3474 τοὺς
2562 3412 2844 3484 μαθητὰς,
2892 3413 3068 3466 καίτοι
3107 3413 3241 3478 Θεὸς
3279 3413 3379 3478 ὣν,
3422 3416 3520 3469 οὐκ

1938 3502 2102 3565 αὐτὸς
2143 3501 2518 3574 ἐχειροτόνησε
2552 3504 2696 3568 ἰδίως
2725 3504 2818 3574 ἀφ’
2852 3503 3066 3568 ἑαυτοῦ,
3102 3503 3218 3557 ἀλλ’
3260 3507 3521 3576 ἐπηγγεί-

1936 3594 2064 3646 λατο
2093 3591 2332 3664 πέμπειν
2358 3594 2510 3666 παρά
2531 3595 2626 3648 τοῦ
2658 3595 2870 3668 Πατρὸς
2893 3597 2954 3649 τὸ
2981 3595 3208 3667 Πνεῦμα
3245 3597 3309 3651 τὸ
3341 3599 3514 3666 ἅγιον.

1934 3683 2045 3736 Καὶ
2088 3683 2195 3754 μὴν
2225 3684 2319 3736 καὶ
2345 3685 2508 3749 αὐτὸς
2548 3687 2577 3738 ό
2616 3684 2725 3738 τῶν
2761 3685 3016 3756 μαθητῶν
3043 3689 3343 3756 κορυφαῖος
3381 3686 3518 3759 μετά

1933 3772 2035 3842 τῆς
2064 3772 2285 3836 δεκάδος
2308 3774 2416 3826 τῶν
2450 3773 2730 3845 μαθητῶν,
2771 3774 2892 3826 ἐπεὶ
2907 3773 3138 3845 ήμελλεν
3165 3775 3516 3848 ἀναπληροῦν

1932 3864 2030 3936 τὴν
2053 3864 2347 3930 δωδεκάδα,
2373 3865 2473 3919 οὐκ
2493 3865 2585 3934 ἀφ’
2614 3864 2805 3918 ἑαυτοῦ
2832 3864 3153 3936 ἐχειροτόνει
3179 3866 3239 3920 ὃν
3269 3867 3336 3921 ἂν
3367 3867 3516 3921 ἐϐού-

1934 3957 2074 4020 λετο,
2114 3957 2228 4011 ἀλλ’
2263 3957 2479 4027 ἔλεγεν·
2526 3957 2868 4023 Ἀνάδειξον
2896 3957 2968 4011 ὃν
2996 3957 3292 4022 ἐξελέξω·
3329 3961 3513 4014 κάκεῖ-

1935 4067 2023 4102 νον
2075 4049 2291 4114 ἐδέξατο
2336 4050 2396 4103 ὃν
2443 4050 2503 4104 τὸ
2551 4051 2775 4121 Πνεῦμα
2819 4049 2880 4102 τὸ
2923 4049 3077 4117 ἅγιον
3125 4050 3398 4118 ἀνέδειξε,
3426 4052 3512 4104 τὸν

1932 4140 2183 4195 Ματθίαν
2207 4140 2368 4211 φημί.
2405 4141 2542 4212 Περὶ
2561 4141 2616 4194 δὲ
2646 4141 2741 4195 τοῦ
2774 4140 2917 4194 θείου
2945 4139 3146 4213 κλήρου
3171 4133 3267 4194 τοῦ
3312 4143 3370 4196 ἐν
3394 4145 3511 4205 ταῖς

253 4247 441 4301 quant.
470 4233 550 4285 De
576 4233 757 4287 divina
790 4247 920 4288 vero
940 4243 1088 4287 sorte
1116 4233 1169 4287 in
1199 4233 1348 4288 Actis
1370 4234 1459 4288 alii
1481 4234 1699 4305 quidem
1727 4235 1830 4289 alia

2029 4231 2222 4297 ἅξεσιν,
2257 4233 2437 4304 ἕτεροι
2466 4233 2565 4304 μὲν
2595 4232 2730 4286 ἀλλα
2767 4233 3054 4304 εἰρήκασι,
3090 4232 3228 4296 τέως
3253 4234 3356 4286 οὐκ
3387 4235 3511 4286 εύα-

256 4323 630 4389 tradiderunt,
663 4324 880 4379 interim
930 4333 1106 4379 tamen
1139 4340 1245 4380 non
1297 4335 1484 4382 sancte
1530 4325 1828 4381 istiusmodi

255 4427 433 4472 sortes
469 4418 865 4487 acciperemus,
900 4418 1087 4489 quales
1114 4434 1256 4488 saepe
1286 4421 1451 4475 etiam
1494 4422 1700 4476 ethnici
1739 4436 1830 4490 po-

1931 4323 2044 4394 γῶς
2085 4322 2437 4393 ἐκλαϐὀμενοι
2485 4324 2631 4387 ἴσους
2677 4324 2947 4396 κλήρους,
2981 4323 3074 4388 οὓς
3106 4324 3370 4389 πολλάκις
3407 4325 3510 4378 ὲτί-

1933 4415 2082 4478 θουν,
2112 4415 2208 4468 κα)⁸
2233 4415 2493 4487 Ἕλληνες
2514 4415 2728 4469 κατὰτὸ
2751 4416 2880 4486 παρ’
2921 4416 3144 4486 Ὁμήρῳ
3175 4415 3414 4471 πάλλεν
3443 4415 3510 4469 δὲ

257 4511 492 4574 nebant,
542 4511 686 4566 sicut
753 4487 1242 4582 apud'llomernm
1291 4513 1530 4582 jaciehat
1567 4487 1832 4569 Gerenius

2029 4507 2221 4573 aria-tog
2240 4509 2460 4560 ἱππότα
2489 4508 2756 4577 Νέστωρ.
2791 4505 2932 4578 Ἐγὼ
2961 4507 3019 4561 δὲ
3045 4507 3210 4577 λέγω,
3245 4508 3310 4562 σύ
3319 4509 3508 4582 μϐολόν

253 4617 420 4672 eques
452 4602 671 4659 Nestor.
707 4602 822 4674 Ego
846 4613 1028 4658 autem
1082 4603 1238 4668 dico,
1283 4614 1486 4660 sortem
1535 4603 1706 4659 fuisse
1755 4604 1830 4659 si-

252 4711 416 4764 gnum
444 4695 660 4766 aliquod
686 4697 1058 4763 revelationis,
1082 4706 1176 4750 aut
1195 4694 1481 4750 amationis
1501 4696 1827 4751 sanctissimi

252 4788 510 4857 Spiritus,
539 4791 684 4860 quod
716 4790 948 4847 cadebat
986 4807 1152 4862 super
1179 4805 1301 4846 eum
1335 4790 1428 4858 qui
1474 4789 1827 4844 sortiebatur.

253 4880 405 4936 Unde
434 4882 596 4936 etiam
625 4883 693 4937 de
722 4882 982 4937 lscariota
1031 4883 1303 4937 maximus
1355 4882 1442 4936 ille
1490 4881 1682 4936 Petrus
1708 4883 1780 4937 ait
1809 4899 1823 4937 :

251 4970 320 5026 Et
364 4982 636 5040 acceperat
689 4973 958 5026 nobiscum
997 4985 1188 5026 sortem
1234 4970 1520 5024 ministerii
1565 4969 1723 5038 hujus
1755 4977 1822 5033 r;

249 5078 562 5132 quanquam
595 5065 793 5118 usitata
833 5065 995 5134 vulgo
1047 5077 1170 5117 sors
1217 5076 1323 5116 non
1370 5059 1472 5113 fuit
1503 5059 1745 5115 adhibita
1794 5073 1825 5112 a

251 5154 480 5210 Domino
511 5171 633 5210 cum
661 5155 938 5224 apostolos
967 5155 1146 5224 elegit.
1194 5155 1436 5221 Denique
1466 5152 1532 5204 ad
1581 5151 1827 5222 proposi-

249 5254 360 5299 tum
391 5245 647 5309 dicimus,
681 5245 998 5313 episcopum
1031 5259 1060 5296 a
1086 5243 1433 5298 sanctissimo
1463 5242 1668 5312 Spiritu
1705 5256 1822 5296 mo-

250 5347 362 5389 tum
389 5337 686 5391 electiones
715 5334 897 5390 facere
928 5334 1147 5390 debere.

324 5427 352 5498 §
395 5427 482 5484 Vl.
526 5427 696 5484 Porro
724 5441 938 5493 omnes,
971 5428 1132 5481 etiam
1162 5428 1388 5494 ipsemet
1419 5425 1669 5479 ordinum
1709 5424 1825 5477 col-

251 5517 413 5582 lator,
451 5519 766 5576 ordinatum
797 5521 1072 5584 salutant;
1098 5519 1354 5588 quoniam
1382 5533 1503 5572 cum
1532 5519 1632 5570 hoc
1665 5515 1824 5568 modo

251 5626 404 5666 mens
427 5622 649 5680 sancta,
685 5612 861 5671 divina
898 5611 1183 5667 vocatione
1226 5619 1282 5665 et
1314 5607 1700 5663 ecclesiasticis
1744 5607 1826 5659 in-

1926 4618 1980 4652 τι
2025 4600 2084 4666 ἐξ
2134 4598 2528 4669 ἀποκαλύψεως
2582 4599 2616 4672 ἢ
2668 4601 3038 4671 ἐνεργήματπ
3096 4600 3191 4653 τοῦ
3237 4602 3506 4671 παναγίου

1927 4691 2243 4763 Πνεύματος
2277 4695 2472 4746 πῖπτον
2494 4692 2588 4745 ἐπὶ
2613 4691 2704 4745 τὸν
2736 4691 3106 4765 κληρούμενον
3129 4695 3159 4746 ό
3193 4693 3396 4766 κλῆρος
3419 4690 3504 4765 ἦν.

1931 4783 2092 4837 Ὅθεν
2139 4784 2234 4838 καὶ
2276 4783 2404 4856 περὶ
2445 4782 2539 4836 τοῦ
2577 4781 2921 4854 Ἰσκαριώτου
2961 4785 3125 4853 φησὶν
3173 4787 3203 4839 ό
3254 4787 3506 4856 μέγιστος

1927 4875 2166 4947 Πέτρος,
2211 4875 2294 4928 ὅτι
2346 4876 2568 4930 Ἔλαϐε
2616 4874 2740 4928 σὺν
2782 4874 2928 4943 ἡμῖν
2975 4875 3082 4928 τὸν
3126 4875 3360 4944 κλῆρον
3398 4875 3506 4944 τῆς

1923 4968 2228 5033 διακονίας
2256 4969 2475 5034 ταύτης
2491 4984 2504 4998 ·
2531 4967 2706 5020 καίτοι
2735 4965 2972 5038 συνήθης
2996 4968 3108 5030 τοῖς
3135 4967 3351 5033 πολλοῖς
3378 4969 3506 5039 κλῆ-

1924 5076 2018 5129 ρος
2048 5059 2148 5112 οὐκ
2173 5061 2265 5112 ἐπὶ
2294 5059 2403 5113 τῶν
2432 5059 2742 5113 ἀποστόλων
2779 5059 3004 5127 γέγονεν
3038 5059 3143 5113 ὑπὸ
3173 5060 3269 5112 τοῦ
3305 5063 3502 5133 Κυρίου

1922 5150 2015 5202 τοῦ
2047 5151 2435 5222 ἐπιλεξαμένου
2461 5152 2676 5214 αὐτούς.
2699 5150 2844 5222 Πλὴν
2877 5151 3036 5204 πάλιν
3057 5150 3119 5204 τὸ
3146 5155 3502 5225 προκείμενον

1922 5242 2171 5313 λέγομεν,
2201 5245 2281 5296 ὅτι
2318 5245 2421 5317 χρὴ
2454 5244 2545 5296 τὸν
2585 5243 2846 5315 ἰεράρχην
2885 5243 3204 5315 κινούμενον
3233 5247 3384 5319 παρά
3412 5245 3501 5300 τοῦ

1924 5333 2185 5402 παναγίου
2217 5335 2528 5406 Πνεύματος
2553 5333 2652 5398 τὰς
2679 5333 2908 5402 ἐκλογὰς
2942 5335 3232 5389 ποιεῖσθαι.

1997 5425 2023 5496 §
2065 5425 2150 5479 Vl.
2196 5427 2404 5489 Πάντες
2431 5426 2487 5478 δὲ
2515 5424 2873 5490 ἀσπάζονται,
2910 5428 3007 5480 καὶ
3028 5427 3238 5491 αὑτὸςὸ
3268 5444 3503 5499 χειροτο-

1921 5520 2125 5590 νήσας,
2179 5517 2270 5572 τὸν
2314 5517 2668 5572 τελεσθέντα·
2712 5517 2848 5571 διότι
2897 5519 3029 5574 ὅταν
3075 5522 3501 5594 τοιουτοτρὸπως

1922 5609 2030 5662 ἀπὸ
2083 5607 2233 5672 θείας
2283 5609 2529 5680 κλήσεως
2560 5609 2655 5664 καὶ
2697 5610 2989 5681 ἱερατικῶν
3028 5612 3316 5684 δυνάμεων
3368 5610 3502 5685 πρὸς

317 5802 341 5826 υ
374 5780 531 5838 Joan.
569 5799 706 5845 xvu,
735 5786 782 5837 1.
854 5793 878 5818 ν
905 5782 1049 5838 Psal.
1093 5798 1203 5847 cxx,
1230 5781 1283 5836 4.
1366 5795 1387 5821 ι
1419 5783 1534 5834 Act.
1572 5781 1733 5842 1,2l.
1810 5789 1836 5827 γ

2029 5782 2160 5842 ,17.
