3730 6288
191 318 292 371 59

1228 317 1315 371 DE
1356 317 1640 373 ECCLES.
1684 315 2085 381 HIERARCH.,
2118 316 2268 372 CAP.
2305 319 2393 375 Vl.

3346 312 3448 367 530

192 392 497 502 ἱερωσύνην
524 431 788 501 ἀφίκηται
823 432 948 497 νοῦς
977 433 1119 505 ἱερὸς
1156 433 1285 505 (καὶ
1330 433 1636 505 σημείωσαι
1655 471 1669 497 ,
1693 433 1773 485 ὅτι

1951 443 2083 487 'ucta
2116 432 2412 487 virtutibus
2435 432 2503 486 ad
2530 430 2890 487 sacerdotium
2915 428 3128 484 accedit
3159 427 3235 498 (et
3259 429 3449 483 obser-

192 524 378 594 ὥσπερ
415 524 637 594 πρῶτος
664 525 692 577 6
730 524 853 588 νοῦς
877 525 1206 596 ὲλλὰμπεται
1235 526 1454 579 ἐπὶτῶν
1484 526 1644 579 οείων
1676 526 1776 578 δω-

196 613 354 685 ρεῶν,
381 613 530 666 οὕτω
566 617 660 669 καὶ
689 616 901 686 πρῶτος
931 619 960 670 6
992 617 1116 680 νοῦς
1143 615 1241 687 τὴν
1280 618 1670 689 ίεροτελεστίαν
1694 618 1777 671 δέ·

194 723 364 776 χεται,
391 705 470 769 ὡς
504 706 647 760 θεῖον
670 706 839 779 δῶρον
868 709 961 761 καὶ
988 708 1128 779 ὑπὲρ
1173 708 1514 780 ἄνθρωπον),
1547 709 1776 779 ὲραστός

195 798 307 851 ἐστι
334 802 453 862 τοῖς
488 799 806 869 ὁμοταγὲσι,
836 800 930 851 καὶ¹
969 798 1109 869 ὲρῶν
1151 800 1244 852 καὶ
1285 798 1560 872 ἐρώμενος
1583 817 1596 830 ·
1638 802 1775 854 ὑπο-

192 889 443 961 δηλοῦται
472 891 584 963 γὰρ
616 892 863 945 ἐντεῦθεν
891 892 951 944 τὸ
978 892 1290 946 κοινωνικὸν
1324 893 1417 947 καὶ
1439 895 1473 965 ἡ
1494 895 1580 947 ἐπ’
1609 893 1775 965 ἀλλή-

194 982 302 1047 λοις
327 983 404 1047 ὡς
428 985 730 1055 ὁμοειδέσιν
754 985 958 1057 ὲραστὴ
982 984 1287 1058 εὐφροσύνη
1307 1002 1320 1015 ·
1352 987 1531 1058 χαίρει
1562 985 1671 1056 γὰρ
1700 991 1779 1064 τῷ

193 1076 360 1148 ὁμοίῳ
386 1077 449 1129 τὸ
476 1078 681 1148 ὅμοιον.

267 1164 294 1235 §
340 1166 455 1218 νυ.
513 1166 816 1220 Ἐπίκειται
861 1168 919 1221 δὲ
954 1169 1017 1222 τὸ
1055 1168 1197 1239 ἱερὸν
1236 1169 1565 1238 Εὑαγγέλιον
1590 1168 1668 1240 τῷ
1692 1170 1773 1234 είς

194 1256 456 1329 ἀρχιερέα
493 1259 799 1332 τελουμὲνῳ
822 1240 1014 1315 ’,διότι
1055 1264 1203 1316 πᾶσα
1250 1261 1478 1332 δύναμις
1523 1264 1615 1317 καὶ⁸
1654 1263 1775 1315 ἐπι-

196 1351 372 1421 στήμη
402 1350 603 1404 δίδοται
630 1352 802 1423 τούτῳ
821 1370 835 1383 ο
867 1355 960 1407 καὶ
987 1354 1294 1426 περίκειται
1318 1353 1492 1426 τούτῳ
1517 1352 1589 1407 τὰ
1614 1371 1771 1426 περι-

192 1442 384 1495 εκτικὰ
429 1444 631 1508 παντὸς
661 1444 806 1515 ἱεροῦ
850 1447 946 1499 καὶ
986 1446 1143 1515 λόγου
1193 1448 1289 1501 καὶ
1329 1446 1490 1519 ἔργον
1530 1447 1607 1510 ὡς
1650 1448 1769 1501 ὁλο-

191 1533 408 1605 κλήρως
433 1535 617 1608 πάσης
662 1537 938 1608 μεθέξοντι
979 1540 1080 1610 τῆς
1124 1540 1443 1612 ἱεραρχικῆς
1467 1540 1769 1611 δυνάμεως,

193 1624 282 1676 καὶ
308 1624 383 1695 μὴ
416 1625 577 1695 μόνον
610 1628 731 1681 καθ’
769 1628 930 1682 αὑτὸν
963 1629 1481 1700 ἐλλαμφθησομένῳ,
1516 1628 1649 1682 ἀλλὰ
1677 1629 1769 1682 καί⁵

190 1719 299 1781 τοῖς
319 1717 505 1783 ἄλλοις
536 1720 647 1774 τῶν
670 1721 814 1793 δωρη
823 1722 1006 1792 μάτων
1035 1722 1411 1793 μεταδώσοντι.

1879 539 1968 591 va,
1999 524 2140 593 quod
2165 524 2303 578 sicut
2341 523 2571 594 primum
2604 538 2759 578 mens
2785 520 2986 576 divinis
3014 518 3170 575 donis
3200 518 3447 574 illustra~

1882 626 1988 682 tur,
2019 616 2099 671 sic
2126 616 2291 671 etiam
2321 616 2495 687 prima
2539 614 3007 671 consecrationem
3049 611 3298 681 suscipit,
3328 622 3447 665 tan-

1877 722 2040 778 quam
2068 707 2305 764 divinum
2344 706 2615 777 quoddam
2664 721 2877 774 munus,
2925 714 2982 760 et
3027 704 3246 760 homine
3275 705 3448 760 salillo

1878 798 2075 869 mius),
2107 797 2358 852 amabilis
2392 798 2608 853 exsistit
2659 797 2974 866 :rqualibus,
3027 794 3153 850 dum
3202 804 3351 850 amat
3391 808 3448 851 et

1876 899 2091 945 amatur
2125 902 2141 941 :
2175 888 2302 943 hinc
2352 889 2499 943 enim
2552 887 2842 957 aequalium
2894 885 2983 940 illa
3023 885 3448 942 communicatio

1876 981 2128 1036 amabilis
2160 990 2455 1052 mutuaque
2486 979 2675 1035 laetitia
2714 979 3041 1034 insinuatur.
3076 976 3267 1033 Simile
3302 977 3446 1033 enim

1876 1071 2036 1125 simili
2069 1072 2286 1141 gaudet.

1951 1163 1979 1235 ᾗ
2024 1164 2133 1219 Vll.
2198 1165 2500 1234 lmponitur
2532 1176 2713 1221 autem
2754 1165 3106 1238 Evangelium
3147 1167 3220 1222 illi
3263 1166 3353 1237 qui
3396 1167 3449 1219 in

1875 1255 2191 1324 episcopum
2230 1267 2616 1322 consecratur;
2665 1257 2792 1325 quia
2839 1257 3019 1313 omnis
3067 1257 3165 1328 ipsi
3210 1267 3455 1328 potestas

1873 1356 1928 1401 et
1957 1347 2187 1402 scientia
2217 1348 2477 1415 traditur,
2510 1348 2738 1419 ipsique,
2774 1356 3031 1419 tanquam
3063 1350 3329 1403 universae
3356 1365 3455 1419 po-

1876 1438 2087 1493 teSIaIis
2137 1438 2496 1494 bierarcliicae
2534 1455 2604 1494 ex
2648 1441 2858 1508 integro
2914 1440 3203 1510 participi,
3260 1440 3449 1494 insunt

1873 1543 2210 1599 quaacnnque
2258 1545 2416 1584 sacro
2459 1530 2704 1599 quolibet
2749 1530 2865 1585 sive
2901 1531 3069 1585 verbo
3116 1530 3232 1584 sive
3285 1546 3451 1598 Opere

1871 1620 2244 1686 continentur;
2281 1630 2339 1675 ut
2384 1621 2474 1690 qui
2519 1636 2633 1690 non
2687 1620 2739 1675 in
2788 1620 3082 1688 semetipso
3136 1629 3344 1673 tantum
3385 1621 3450 1673 il-

1872 1712 2133 1766 lustratus
2180 1712 2283 1779 sit,
2333 1728 2519 1767 verum
2568 1713 2733 1767 etiam
2779 1711 2903 1768 aliis
2953 1711 3261 1766 istiusmodi
3307 1711 3448 1765 dona

1801 1819 1847 1875 Β
1878 1805 2155 1875 largiatur.

260 1893 288 1964 §
330 1893 473 1948 Vill.
514 1894 581 1947 Τί
601 1894 657 1947 δέ
683 1897 848 1960 ἐστιν,
880 1896 961 1949 ὅτι
988 1896 1016 1948 6
1042 1896 1140 1967 μὲν
1168 1896 1457 1969 ἀρχιερεὺς
1496 1898 1663 1969 ἄμφω
1690 1898 1768 1952 τὼ

1951 1900 1975 1970 §
2018 1898 2149 1954 Vlll.
2190 1898 2330 1966 Quid
2382 1906 2562 1952 autem
2615 1897 2717 1953 sibi
2767 1898 2915 1964 vult,
2964 1897 3107 1967 quod
3160 1899 3448 1967 episcOpns

190 1986 313 2039 πόδε
341 1987 545 2040 κλίνων
566 2025 581 2051 ,
613 1988 762 2059 ὅμως
790 1988 899 2059 ἔχει
924 1990 1017 2043 ἐπὶ
1048 1990 1288 2061 κεφαλῆς
1316 1989 1481 2042 αὑτοῦ
1526 1990 1587 2043 τὸ
1626 1992 1768 2045 θεῖον

1951 2006 2161 2061 ιυιιηιιιθ
2192 2006 2329 2061 genu
2373 1989 2618 2057 ﬂectens,
2651 1988 2815 2044 simul
2864 1990 2919 2043 in
2966 1990 3148 2059 capite
3202 1989 3443 2043 divinum

189 2079 515 2147 Εὑαγγέλιον
536 2097 550 2109 ·
592 2082 621 2133 6
662 2080 718 2133 δὲ
759 2082 936 2152 ἱερεὺς
963 2080 1132 2134 κλίνει
1174 2082 1267 2135 καὶ⁸
1302 2082 1465 2146 αὐτὸς
1489 2083 1656 2153 ἄμφω
1690 2085 1768 2138 τὼ

1951 2081 2035 2136 bet
2074 2082 2449 2151 Evangelium,
2488 2082 2743 2135 sacerdos
2774 2095 2906 2136 vero
2950 2092 3238 2149 utrumque
3274 2080 3441 2133 etiam

188 2172 309 2224 πόδε
338 2172 522 2242 μόνον,
563 2174 593 2225 6
618 2173 675 2226 δὲ
701 2173 943 2239 διάκονος
970 2175 1196 2245 Θάτερον
1230 2174 1337 2227 τῶν
1365 2175 1574 2241 ποδῶν;
1604 2178 1766 2231 Συνε-

1957 2189 2008 2227 ιιι
2061 2172 2258 2231 ﬂectit.
2297 2188 2485 2227 verum
2532 2173 2797 2228 diaconus
2852 2172 3083 2227 alterum
3134 2172 3443 2226 duntaxat?

187 2260 288 2315 λὼν
308 2262 477 2331 λέγω,
510 2264 594 2316 ὅτι
616 2264 803 2335 ἐπειδὴ
825 2268 973 2337 τρεῖς
996 2267 1130 2318 εἰσιν
1157 2267 1212 2319 αἰ
1242 2265 1577 2320 τελειωτικαὶ
1604 2267 1764 2320 δυνά-

1951 2265 2312 2334 niprelieusiut
2341 2263 2505 2336 249
2533 2265 2677 2331 dico,
2696 2265 2842 2334 quod
2865 2280 2985 2318 cum
3008 2274 3119 2318 lt‘es
3139 2264 3249 2317 sint
3273 2263 3442 2317 virtu-

188 2371 338 2424 μεις,
380 2356 716 2427 καθαρτικὴ,
749 2358 1068 2429 φωτιστικὴ,
1105 2361 1200 2411 καὶ
1226 2357 1541 2431 τελειωτική
1562 2376 1575 2388 ο
1604 2360 1698 2412 καὶ
1736 2362 1764 2413 6

1966 2357 2282 2426 perfectioni
2302 2360 2621 2422 servientes,
2639 2356 2845 2411 scilicet
2861 2357 3108 2427 expians,
3126 2356 3440 2410 illuminans

186 2446 279 2514 μὲν
304 2446 560 2511 διάκονος
586 2447 699 2519 ἔχει
724 2448 820 2519 τὴν
851 2448 999 2520 μίαν,
1027 2452 1055 2503 6
1088 2450 1144 2503 δὲ
1171 2450 1537 2522 πρεσϐύτερος
1560 2451 1763 2521 ταύτην

181 2554 237 2591 τε
261 2541 354 2592 καὶ
377 2541 478 2610 τὴν
505 2542 860 2614 φωτιστικὴν,
889 2543 918 2594 6
942 2542 997 2595 δὲ
1022 2543 1309 2615 ἀρχιερεὺς
1335 2545 1431 2596 σὺν
1456 2544 1645 2607 αὑταῖς
1670 2544 1763 2596 καὶ

180 2624 274 2695 τὴν
299 2625 656 2698 τελε.ωτικήν
677 2645 691 2658 ⁸
728 2628 815 2681 διὰ
844 2631 999 2684 τοῦτο
1027 2632 1054 2683 6
1076 2631 1337 2696 διάκονος,
1371 2634 1446 2696 ὼς
1489 2632 1627 2703 ἔχων
1662 2635 1761 2705 τὴν

180 2717 517 2789 καθαρτικὴν
545 2720 733 2792 μόνην,
776 2721 998 2794 θάτερον
1039 2724 1147 2777 τῶν
1185 2724 1358 2778 ποδῶν
1399 2725 1602 2778 κλίνει’
1641 2727 1670 2779 6
1702 2727 1760 2781 δὲ

182 2808 390 2881 ἱερεὺς,
430 2812 510 2875 ὡς
550 2810 690 2881 ἔχων
733 2815 831 2881 σὺν
866 2816 1003 2887 αὐτῇ
1032 2817 1126 2869 καὶ
1159 2816 1257 2888 τὴν
1285 2818 1639 2891 φωτιστικὴν,
1665 2819 1759 2873 καὶ

179 2901 340 2973 ἄμφω
367 2904 446 2957 τὼ
471 2905 602 2959 πόδε
643 2905 843 2968 κλίνει’
884 2910 913 2961 6
953 2909 1134 2980 μέντοι
1184 2927 1249 2979 γε
1286 2911 1546 2983 ίεράρχης
1587 2912 1755 2967 κλίνει

178 2996 267 3047 καὶ
291 2996 455 3061 αὐτὸς
478 2997 647 3069 ἄμφω
668 2997 744 3051 τὼ
770 2998 917 3065 πόδε,
942 3002 1267 3073 καθαρτικὸς
1289 3001 1363 3056 ὢν
1387 3003 1480 3056 καὶ
1504 3020 1757 3072 φωτιστι-

179 3088 270 3151 κός
288 3105 301 3117 ·
336 3088 557 3153 ἔπειτα,
589 3091 712 3143 ἐπεὶ
750 3094 843 3145 καὶ
868 3093 1208 3158 τελειωτικός
1230 3095 1367 3159 ἐστι,
1396 3097 1491 3150 καὶ
1512 3098 1619 3151 ἀπὸ
1645 3096 1753 3151 τῶν

1863 2458 1918 2503 et
1938 2463 2346 2515 consummans,
2374 2460 2429 2505 et
2448 2451 2708 2504 diaconus
2730 2450 2947 2517 quidem
2971 2449 3201 2517 primam
3220 2446 3438 2511 habeat,

1861 2542 2121 2596 sacerdos
2151 2553 2332 2596 autem
2359 2551 2557 2612 prarter
2589 2543 2728 2597 hanc
2754 2582 2771 2609 ,
2802 2543 2967 2597 etiam
3015 2541 3438 2603 illuminantem,

1865 2634 2158 2703 cpiscopus
2187 2651 2316 2690 vero
2345 2653 2449 2690 una
2481 2652 2602 2691 cum
2650 2637 2735 2691 bis
2779 2636 3024 2692 obtineat
3052 2651 3437 2691 consumman-

1865 2734 1968 2780 tem
1998 2742 2013 2781 :
2044 2726 2247 2782 idcirco
2279 2729 2562 2796 diaconus,
2593 2738 2850 2801 tanquam
2882 2730 2973 2800 qui
3003 2731 3310 2799 expiantem
3342 2744 3433 2782 so-

1860 2818 1966 2873 lam
2002 2820 2185 2884 habet,
2214 2820 2445 2875 altermn
2476 2838 2616 2892 genu
2646 2821 2849 2888 ﬂectit;
2885 2822 3145 2876 sacerdos
3183 2836 3342 2885 vero,
3378 2830 3436 2875 ut

1858 2912 1951 2982 qui
1981 2927 2102 2967 cum
2143 2913 2243 2967 hac
2271 2914 2434 2967 etiam
2471 2914 2865 2969 illutninantem
2904 2923 3104 2981 teneat,
3140 2923 3432 2984 utrumque

1858 3018 1999 3073 genu
2025 3002 2216 3068 ﬂectit,
2242 3002 2476 3072 denique
2505 3003 2788 3072 episcOpus
2813 3003 2983 3057 ﬂectit
3002 3014 3058 3058 et
3086 3003 3200 3073 ipse
3223 3013 3432 3057 utrum-

1859 3109 1964 3163 que
1997 3109 2161 3163 genu,
2187 3095 2355 3164 utqui
2386 3096 2637 3164 expiandi
2668 3106 2725 3150 et
2753 3096 3087 3151 illuminandi
3113 3097 3163 3151 vi
3197 3098 3428 3165 polleat:

176 3174 330 3229 θείων
364 3178 717 3247 Εὐαγγελίων
750 3181 848 3253 τὴν
882 3182 1159 3237 τελείωσιν
1197 3190 1450 3252 ποιεῖται,
1475 3187 1561 3240 διὰ
1597 3188 1753 3242 τοῦτο

1958 3187 2072 3240 Ιιειιο
2102 3200 2252 3253 vero,
2281 3202 2405 3241 cum
2438 3187 2600 3243 etiam
2632 3186 2945 3257 perﬁciendi
2975 3188 3025 3241 vi
3054 3187 3309 3257 prmditus
3335 3190 3429 3251 sit,

174 3266 472 3320 ἐπιτίθεται
509 3267 683 3338 τούτῳ
724 3270 815 3323 καὶ
852 3270 913 3323 τὸ
952 3272 1092 3341 ἱερὸν
1123 3273 1469 3342 Εὑαγγέλιον.
1515 3275 1661 3338 Τέως
1697 3274 1755 3327 δὲ

1951 3294 1961 3330 ι
1986 3277 2183 3332 divinis
2199 3277 2509 3347 Evangeliis
2530 3276 2919 3346 perfectionem
2937 3276 3203 3341 conferat,
3229 3276 3430 3331 idcirco

173 3359 511 3424 ἁπαξαπλῶς
556 3362 589 3431 ή
638 3360 745 3414 τῶν
792 3362 966 3417 ποδῶν
1009 3363 1181 3429 κλίσις
1222 3366 1389 3436 δηλοῖ,
1433 3367 1535 3432 ὅτι,
1564 3370 1613 3421 εἰ
1660 3370 1755 3423 καὶ

1951 3372 1959 3424 i
1993 3385 2212 3440 quoque
2255 3386 2470 3425 sacrum
2501 3369 2854 3441 Evangelium
2905 3371 3221 3438 imponitur.
3257 3370 3431 3425 Cirte-

173 3450 543 3518 προσάγοντες
579 3452 735 3516 εἰσιν,
768 3454 797 3505 6
833 3454 930 3523 μὲν
965 3456 1024 3508 ἐν
1063 3454 1140 3525 τῷ
1182 3458 1483 3529 καθαίρειν,
1534 3461 1563 3513 6
1604 3459 1660 3513 δὲ
1696 3462 1755 3512 ἐν

1951 3478 1979 3516 n
2008 3464 2306 3518 nniversim
2332 3463 2421 3517 illa
2453 3464 2646 3532 pedum
2676 3462 2960 3518 inclinatio
2988 3463 3251 3529 declarat,
3285 3462 3429 3531 quod

170 3538 243 3608 τῷ
282 3539 572 3611 καθαίρειν
598 3541 713 3612 ἅμα
742 3543 835 3596 καὶ
872 3544 950 3614 τῷ
988 3543 1262 3614 φωτίζειν,
1292 3549 1320 3599 6
1349 3548 1405 3601 δὲ
1443 3551 1501 3603 ἐν
1538 3550 1752 3616 τούτοις

1951 3558 1957 3610 i
1992 3558 2243 3613 ductores
2270 3558 2398 3623 sint,
2429 3558 2519 3612 hic
2543 3557 2765 3627 quidem
2811 3558 2880 3612 ad
2922 3558 3310 3625 expiationem,
3339 3556 3428 3611 ille

171 3630 281 3699 ἅμα
320 3633 415 3684 καὶ
451 3631 533 3701 τῷ
572 3630 830 3699 τελειοῦν,
871 3634 985 3688 ἀλλ’
1011 3632 1102 3690 οὖν
1144 3638 1490 3710 ὑποκείμενοί
1533 3643 1639 3694 εἰσι
1673 3641 1751 3712 τῷ

1951 3664 1986 3702 πο
2022 3649 2089 3701 ad
2119 3650 2485 3718 expiationem
2525 3649 2684 3703 simul
2725 3659 2782 3704 et
2824 3650 3294 3715 illuminationem,
3336 3650 3428 3703 dv-

168 3720 298 3792 Θεῴ,
326 3722 424 3775 καὶ
447 3722 600 3793 αὐτῷ
629 3724 930 3780 ὑποτιΘεῖσι
962 3727 1055 3782 τὸν
1079 3731 1504 3802 προσαγόμενον.

1953 3756 2019 3795 ue
2046 3739 2182 3794 alius
2210 3752 2470 3810 prazterea
2505 3742 2571 3794 ad
2599 3742 3010 3810 perfectionem,
3031 3749 3271 3795 attamen
3299 3742 3428 3793 sub-

1852 3833 1979 3899 jecti
2013 3833 2126 3886 sint
2159 3834 2267 3887 Deo
2288 3874 2303 3897 ,
2344 3833 2553 3901 ipsique
2587 3832 2883 3901 subjiciunt
2910 3848 3032 3888 cum
3063 3847 3223 3902 quem
3256 3831 3425 3885 addu-

1852 3933 1998 3977 cunt.

3122 4102 3396 4122 .—-———~

177 4092 3114 4121 Mm

528 4140 1174 4296 ΚΕΦΑΑΑΙΟΝ
1231 4207 1328 4297 (τ’.

422 4347 469 4399 Ι.
510 4346 651 4415 Περὶ
684 4346 802 4402 τῶν
828 4349 1201 4418 τελουμένων
1224 4352 1468 4417 τάξεων.

2308 4224 2689 4315 CAPUT
2759 4229 2929 4319 Vl.

2178 4361 2221 4416 l.
2263 4361 2340 4417 De
2370 4362 2647 4418 ordinibus
2673 4364 2764 4435 qui
2790 4364 3089 4421 initiantur.

1467 4508 1803 4567 SYNOPSIS
1854 4511 2148 4569 CAPITIS.

153 4638 320 4729 “ire
336 4641 2351 4729 ΒΕίίῗΕἱεῖἮὶξμίέίθίί·Ξ·.9ῗ1ίῖ,¹1⁷”3.ίζῖίὲίέεὲἐτξὲίῖηῗὲξζῑἔξιρτέἷνέαφξηαῖηίηεηευζ·
2376 4655 2461 4729 Itl-
2512 4657 2735 4729 Quinam.
2757 4658 3092 4729 partimur.
3132 4661 3256 4729 inter
3294 4675 3414 4727 ιιιιοε

207 4706 1528 4787 fautum)?Elii;primi;_f_§efuuguportftruditquo
1555 4709 1653 4787 ritu
1670 4706 1893 4787 manucla
1912 4723 2264 4787 consecrentur.
2297 4706 2462 4787 Tertia
2485 4706 3416 4787 ﬂagitabam'Ebaieinﬁiiiioikﬁ}

208 4767 267 4842 ξζι.
279 4779 377 4842 (1qu
410 4767 623 4842 exponit
649 4769 684 4817 Ι.
709 4767 1058 4842 υσιινῃιοηᾳςίιὶ
1086 4767 1179 4842 ξξοη
1199 4769 1345 4842 [lexis
1364 4767 1560 4841 genibus
1584 4810 1615 4842 ,'
1630 4771 1714 4842 sed
1737 4779 1913 4842 stantes
1933 4786 2283 4842 consecrantur.
2330 4781 2391 4828 ll.
2424 4767 2558 4838 Quid
2582 4767 2859 4842 ‘iiiii'f’ixetii
2889 4767 3410 4836 *edir'aiii7'éhlhii'diibi

206 4828 643 4910 llléf'ru‘cis
673 4828 1210 4910 signaria:
1265 4828 1450 4897 prio'ris
1498 4828 1640 4886 vestis
1681 4834 1934 4899 depositio.
1983 4838 2038 4889 γ.
2088 4838 2213 4899 Quid
2270 4828 3413 4910 δαετα’ἐοὴιηὶιιήίοί⁷ῨΙ.”Εἱρἱὶέαῖ”ἦιῖάἷιξὶῦί

206 4893 389 4944 ratione
426 4892 640 4943 calcate:
665 4891 862 4944 ordines
880 4892 1151 4959 expientur,

211 5141 378 5205 Ᾱῦται
418 5149 520 5221 μὲν
546 5149 600 5202 αἱ
637 5150 907 5222 ἱερατικαί.
945 5154 1127 5221 τάξεις
1170 5172 1231 5208 τε
1265 5157 1359 5211 καὶ
1402 5156 1730 5229 ἀποκληρὼ-
1763 5166 1773 5223 ι

1960 5173 2085 5233 tque
2117 5165 2171 5218 bi
2198 5163 2413 5234 quidem
2438 5170 2563 5217 sunt
2590 5161 2728 5217 sacri
2746 5160 2963 5217 ordines
2978 5173 3277 5230 eorumque
3298 5162 3415 5217 dis-

149 5253 269 5302 σεις,
313 5240 575 5312 δυνάμεις
610 5258 668 5293 τε
713 5242 891 5321 αῷτῶν
924 5246 1018 5299 καὶ
1060 5246 1334 5318 ἐνέργειαι
1377 5249 1472 5301 καὶ
1510 5247 1731 5302 τελειώ-

1954 5259 2166 5313 utiones
2206 5272 2271 5313 ac
2317 5256 2550 5311 virtutes
2582 5265 2636 5309 et
2660 5253 3002 5324 operationes
3031 5260 3194 5320 atque
3222 5267 3409 5307 conse—

147 5344 279 5393 σεις·
328 5331 428 5403 τὴν
488 5332 547 5385 δὲ
604 5333 698 5387 ὑπ’
751 5333 922 5399 αὐτὰς
965 5337 1157 5409 τριάδα
1211 5336 1321 5392 τῶν
1377 5337 1712 5411 τελουμένων

1951 5351 2116 5406 .iones
2149 5368 2163 5404 :
2201 5350 2395 5421 triplex
2442 5350 2600 5405 modo
2628 5363 2799 5421 genus
2837 5346 3089 5403 ordinum
3120 5347 3412 5402 initiamlo-

145 5420 335 5487 τάξεων
373 5422 504 5493 ἑξῆς
542 5424 872 5496 ἁφηγητὲον.

1951 5457 1956 5492 ι
1985 5453 2229 5511 superest
2255 5420 2658 5512 exponendum.

206 5520 446 5593 Λέγομεν
470 5521 650 5575 τοίνυν
666 5523 735 5587 ³⁸,
761 5526 843 5578 ὅτι
867 5528 1256 5603 καθαιρόμεναι
1282 5530 1381 5603 μέν
1398 5531 1503 5584 είσι
1527 5529 1709 5595 τάξεις

1956 5534 2151 5591 icimus
2180 5535 2365 5607 igitur,
2392 5535 2612 5593 ordines
2638 5533 2758 5591 illos
2783 5533 2873 5606 qui
2920 5532 3230 5606 expiantur,
3282 5548 3408 5589 esse

1419 5684 1656 5742 γΑΒῖίΕ
1694 5683 2104 5749 LECTIONES.

219 5791 261 5825 “
287 5792 536 5867 λέγωμεν
558 5796 755 5864 τοίνυν,
789 5795 861 5851 Μ.
894 5796 952 5851 P.
