3728 6300
324 305 420 363 5'5!

1486 314 1543 371 S.
1581 314 1872 374 DIONYS"
1910 320 2374 378 AREOPAGITE

3473 327 3583 383 57"!

336 421 522 479 turbas
550 422 669 481 illas
691 439 813 495 quae
836 438 865 477 a
903 427 1073 480 sacris
1102 424 1465 483 functionibus
1504 441 1560 485 et
1598 448 1885 487 consecra-

2092 438 2200 491 τῶν
2246 439 2567 511 ἱερουργιῶν
2590 442 2682 493 καὶ
2725 440 3120 511 τελετουρτιῶν
3140 442 3186 475 ⁵⁸
3213 442 3412 497 ἀποδια
3427 442 3583 496 στελ-

330 517 568 572 tionibus
610 526 984 589 segregantur,
1019 533 1248 587 quarum
1279 523 1526 591 superius
1568 526 1891 581 mentionem

332 610 563 667 fecimus
597 629 613 666 :
645 626 872 681 quorum
908 609 1046 665 alius
1088 613 1304 680 quidem
1352 630 1381 668 a
1430 617 1601 671 sacris
1649 630 1891 683 arcetur,

327 704 469 771 quod
515 703 690 757 adhuc
731 718 760 756 a
793 705 1054 759 ministris
1094 706 1160 759 ad
1211 707 1427 762 vitalem
1454 718 1684 780 ‘partum
1717 712 1896 767 verbis

326 796 811 851 obstetricantibus
856 797 1104 854 foveatur
1140 810 1301 869 atque
1352 800 1706 866 efformetur;
1759 804 1897 857 alter

327 903 477 953 vero,
513 890 655 957 quod
694 892 990 945 etiamnum
1028 893 1095 945 ad
1131 907 1273 959 eam,
1309 909 1338 947 a
1371 909 1473 964 qua
1520 895 1736 959 defecit,
1774 897 1898 950 vita:

326 986 745 1040 sanctimoniam
778 988 1148 1042 adhortatoria
1184 1002 1498 1042 sermonum
1526 991 1786 1043 bonorum
1816 991 1897 1045 di-

327 1078 549 1147 sciplina
583 1091 901 1146 revocetur;
936 1081 1076 1136 alius
1126 1090 1341 1147 autem,
1373 1083 1515 1151 quod
1559 1084 1736 1138 adhuc
1767 1099 1897 1138 con-

328 1168 513 1224 trariis
546 1172 839 1239 pavoribus
881 1171 1147 1241 ignaviter
1187 1181 1479 1232 terreatur,
1518 1182 1681 1242 atque
1704 1184 1897 1241 poten-

328 1262 472 1317 tibus
498 1263 919 1334 250~eloquiis
944 1266 1363 1332 corroboretur;
1398 1268 1535 1321 alius
1571 1282 1719 1333 vero,
1756 1268 1898 1337 quod

325 1352 501 1409 adhuc
531 1360 599 1409 ab
625 1356 881 1425 operibus
912 1359 1183 1426 perversis
1208 1360 1276 1411 ad
1308 1374 1491 1413 sacras
1516 1359 1757 1414 actiones
1789 1369 1899 1412 tra~

326 1445 581 1513 ducatur;
607 1448 772 1517 alius,
797 1450 938 1518 quod
971 1448 1082 1518 jam
1115 1451 1401 1506 traductus
1437 1452 1654 1520 quidem
1680 1451 1772 1515 sit,
1806 1452 1900 1506 sed

328 1540 563 1592 nondum
621 1543 977 1595 constantiam
1024 1542 1075 1595 itt
1119 1542 1315 1597 divinis
1370 1541 1902 1612 immutabilibusque

328 1629 573 1682 scientiis
588 1631 659 1683 sit
676 1638 1021 1685 consecutus.
1044 1629 1106 1684 lli
1124 1631 1266 1686 enim
1284 1638 1412 1686 sunt
1428 1631 1646 1685 ordines
1662 1631 1752 1701 qui
1771 1645 1901 1686 cura

330 1720 700 1776 ministrorum
731 1732 785 1775 ct
816 1724 1078 1793 purgandi
1107 1724 1156 1777 vi
1188 1725 1492 1794 expiantur,
1536 1738 1672 1794 quos
1705 1724 1772 1778 ad
1802 1725 1902 1779 hoc

1995 528 2214 599 λόμεναι
2242 529 2477 601 πληθύες
2496 572 2508 595 ,
2550 525 2624 583 ὧν
2651 531 2747 603 ἤδη
2791 534 3011 605 μνήμην
3035 533 3442 605 ὲποιησάμεθα’
3492 532 3578 601 τῆς

2001 620 2119 691 μὲν,
2145 621 2219 684 ὡς
2264 622 2344 676 ἔτι
2391 624 2525 695 πρὸς
2567 624 2676 677 τῶν
2724 624 3049 696 λειτουργῶν
3085 629 3196 688 τοῖς
3236 627 3585 696 μαιευτικοῖς

1997 710 2195 781 λογίοις
2236 714 2371 784 πρὸς
2407 715 2639 787 ζωτικὴν
2676 716 2928 781 ἀπότεξιν
2956 716 3335 788 μορφουμένης
3376 733 3436 768 τε
3482 717 3578 768 καὶ

1997 804 2455 878 διαπλαττομένης
2477 826 2489 838 ο
2530 809 2627 879 τῆς
2663 809 2741 870 δὲ,
2769 809 2844 872 ὡς
2874 808 2955 861 ἔτι
2992 810 3127 880 πρὸς
3161 810 3262 880 τὴν
3305 808 3483 879 ἱερὰν,
3512 803 3579 878 ἧς

1999 895 2207 967 ἀπέστη
2272 895 2419 966 ζωῆς
2474 898 3015 970 ἀνακικλησκομένης
3064 902 3131 969 τῇ
3186 898 3297 951 τῶν
3354 896 3583 965 ἀγαθῶν

1998 987 2191 1056 λογίων
2236 991 2592 1059 ὲπιτρεπτικῇ
2611 990 2656 1020 ⁸⁵
2696 990 3045 1062 διδασκαλίᾳ·
3096 991 3195 1061 τῆς
3233 990 3326 1053 δὲ,
3376 989 3456 1052 ὡς
3500 988 3581 1041 ἔτι

2000 1080 2135 1150 πρὸς
2160 1080 2268 1132 τῶν
2296 1081 2547 1133 ἐναντίων
2596 1081 2795 1133 πτοιῶν
2833 1083 3107 1154 ἀνάνδρως
3143 1080 3583 1152 ὲκδειματουμὲ-

2000 1187 2097 1240 νης
2119 1209 2132 1232 ,
2161 1171 2253 1222 καὶ
2281 1170 2416 1241 πρὸς
2450 1169 2556 1223 τῶν
2595 1171 2966 1240 δυναμοποιῶν
3003 1171 3196 1239 λογίων
3236 1173 3583 1243 ὲπιῤῥωννυ-

2005 1262 2173 1333 μένης
2194 1279 2207 1292 ·
2240 1263 2337 1333 τῆς
2369 1262 2445 1326 δὲ,
2478 1262 2552 1326 ὡς
2586 1262 2664 1314 ἔτι
2694 1262 2829 1334 πρὸς
2851 1264 2949 1326 τὰς
2991 1262 3142 1334 ἱερὰς
3180 1263 3470 1334 ἐνεργείας
3518 1264 3584 1313 ἐκ

2000 1352 2109 1405 τῶν
2129 1353 2383 1423 χειρόνων
2408 1354 2776 1425 μεταγομένης
2801 1371 2813 1383 ·
2837 1354 2937 1424 τῆς
2958 1354 3034 1416 δὲ,
3052 1355 3127 1417 ὡς
3151 1354 3523 1425 μεταχθείσης
3537 1354 3581 1385 ’⁷

2006 1447 2123 1516 μὲν,
2158 1446 2310 1499 οὔπω
2337 1447 2479 1499 δὲτὸ
2511 1448 2797 1516 πανάγνως
2840 1447 3232 1518 ἀνεπίστροςον
3284 1450 3341 1500 ὲν
3378 1447 3580 1501 θειοτέο

2007 1559 2127 1614 ραις
2171 1542 2317 1608 ἕξεσι
2367 1543 2463 1595 καὶ
2509 1543 2826 1606 ἀσαλεύτοις
2874 1544 3194 1613 ἐσχηκυίας.
3250 1540 3429 1599 Aha:
3473 1546 3583 1616 γάρ

2004 1637 2143 1689 εἰσιν
2176 1638 2235 1688 αἱ
2258 1635 2650 1707 καθαιρόμεναι
2696 1635 2879 1701 τάξεις
2916 1638 3020 1691 ὑπὸ
3049 1638 3147 1707 τῆς
3194 1638 3584 1710 λειτουργικῆς

2009 1724 2311 1797 μαιεύσεως
2360 1727 2454 1778 καὶ
2509 1725 2847 1798 καθαμικῆς
2896 1727 3208 1797 δυνάμεωςσ
3266 1728 3482 1791 ταύτας
3530 1730 3582 1781 (Α

332 1811 560 1867 ministri
588 1814 758 1868 sacris
786 1815 898 1869 suis
925 1815 1213 1869 virtutibus
1247 1792 1568 1885 provehunt,
1590 1826 1645 1869 ut
1667 1817 1905 1887 perfecte

2078 1818 2306 1887 ιτουργοὶ
2335 1818 2454 1879 ταῖς
2503 1792 2675 1887 ἱεραῖς
2730 1792 2908 1871 αὐτῶν
2961 1792 3219 1887 δυνάμεσι
3272 1817 3583 1886 τελεσιουρ-

333 1905 567 1974 pnrgati,
607 1905 672 1958 ad
716 1905 1112 1962 il'luminantem
1155 1908 1646 1963 illustrissimorutn
1683 1910 1897 1963 sacrifi-

331 1996 539 2051 ciorum
575 1999 1086 2068 contempiationetn
1130 2011 1187 2055 et
1234 2002 1679 2057 communionem
1713 2001 1898 2055 tradu—

328 2102 427 2143 can
435 2100 487 2144 Ill
495 2105 543 2144 Γ.

2000 1907 2155 1975 γοῦσι
2201 1907 2337 1979 πρὸς
2382 1907 2443 1959 τὸ
2488 1908 2684 1969 τελέως
2718 1908 2763 1938 ’⁸⁸
2799 1906 3228 1975 ὲκκαθαρθείσας
3274 1906 3451 1969 αὑτὰς
3506 1909 3588 1967 εἰς

2001 1999 2098 2070 τὴν
2132 1997 2460 2068 φωτιστικὴν
2495 1997 2604 2050 τῶν
2643 1999 2955 2066 φανοτάτων
2996 1998 3319 2071 ἱερουργιῶν
3345 1997 3588 2069 θεωρίαν

2001 2109 2061 2144 τε
2086 2093 2177 2150 καὶ
2206 2092 2485 2144 κοινωνίαν
2519 2090 2852 2162 μεταχθῆναι
2873 2092 2946 2147 θ’.

1872 2272 1899 2345 ς
1948 2269 2027 2329 n.

399 2476 608 2531 Medius
640 2487 821 2531 autem
851 2474 984 2530 ordo
1014 2485 1098 2530 est
1128 2475 1174 2530 is
1200 2475 1290 2544 qui
1329 2490 1613 2529 sacrorum
1641 2489 1911 2544 quorum-7

328 2570 453 2625 dam
491 2577 710 2638 aspectu
744 2568 977 2638 gaudet,
1011 2574 1171 2635 atque
1201 2572 1514 2621 eorumdem
1555 2582 1652 2637 pro
1684 2567 1902 2621 modulo

327 2677 426 2716 suo
460 2662 512 2715 in
544 2660 691 2714 omni
716 2659 947 2730 puritate
973 2658 1242 2727 particeps
1270 2659 1510 2723 exsistit,
1530 2660 1620 2726 qui
1652 2658 1895 2722 luminis,

327 2752 629 2823 accipiendi
661 2750 836 2821 gratia
881 2752 1225 2805 sacerdotum
1260 2765 1406 2804 cura:
1440 2760 1525 2804 est
1558 2749 1897 2807 commissus.

328 2846 683 2916 Perspicuum
730 2854 813 2900 est
860 2844 1003 2898 enim
1027 2884 1044 2911 ,
1082 2853 1141 2897 ut
1172 2843 1433 2908 arbitror,
1462 2843 1607 2897 ltunc
1653 2843 1721 2897 ab
1752 2842 1898 2897 omni

329 2939 449 2993 labe
482 2938 692 2993 nefaria
722 2938 1021 3007 expiatum,
1052 2946 1108 2991 et
1131 2946 1339 2991 castam
1370 2945 1535 3007 atque
1568 2937 1899 2992 immobilem

329 3035 529 3089 mentis
564 3049 679 3089 sua:
699 3034 881 3088 sedem
907 3034 1182 3103 adeptum,
1201 3034 1267 3087 ad
1290 3032 1695 3103 contemplandi
1722 3032 1900 3087 scien-

332 3127 462 3185 tiam
500 3135 667 3196 atque
697 3126 950 3179 virtutem
986 3126 1331 3179 sacerdotum
1368 3139 1533 3194 Opera
1566 3124 1898 3194 promoveri,

2071 2478 2227 2551 Μέση
2253 2479 2308 2532 δὲ
2334 2478 2485 2545 τάξις
2514 2480 2658 2532 ἐστὶν
2688 2480 2722 2550 ἡ
2751 2479 3055 2550 θεωρητικὴ
3096 2479 3189 2531 καί
3220 2494 3386 2531 τινων
3423 2477 3590 2551 ἱερῶν

1999 2569 2279 2639 ἀναλόγως
2329 2571 2388 2624 ἐν
2442 2569 2774 2642 καθαρότητι
2836 2572 2988 2645 πάσῃ
3035 2569 3321 2633 κοινωνὸς,
3371 2572 3410 2639 ἡ
3466 2571 3581 2631 τοῖς

2000 2661 2237 2732 ἱερεῦσιν
2274 2664 2353 2725 είς
2393 2663 2455 2715 τὸ
2497 2660 2753 2731 φωτίζειν
2791 2663 2960 2733 αὐτὴν
3000 2660 3436 2732 ἀπονεμηθεῖσα.
3479 2660 3591 2714 Καὶ

1997 2752 2105 2822 γάρ
2133 2752 2299 2814 ἐστιν,
2330 2752 2405 2814 ὡς
2437 2754 2589 2822 οἶμαι
2609 2792 2623 2814 ,
2651 2751 2830 2821 δῆλον,
2858 2751 2933 2815 ὠς
2962 2754 2996 2822 ἡ
3032 2752 3366 2821 καθαρθείσα
3402 2752 3587 2823 πάσης

1998 2843 2212 2913 ἀνιέρου
2257 2843 2505 2913 κηλίδος,
2557 2846 2652 2897 καὶ
2709 2845 2979 2914 πάναγνον
3024 2845 3288 2915 ἐσχηκυῖα
3337 2844 3445 2915 τὴν
3492 2845 3586 2897 τοῦ

1998 2934 2198 2987 οίκείου
2230 2933 2348 2997 νοὸς
2390 2932 2650 3002 ἀκίνητον
2679 2932 2907 3004 ἵδρυσιν,
2947 2932 3041 2985 ἐπὶ
3089 2931 3190 3001 τὴν
3234 2929 3585 3003 θεωρητικὴν

1998 3025 2111 3092 ἕξιν
2142 3027 2235 3079 καὶ
2272 3025 2503 3096 δύναμιν
2533 3025 2886 3097 ἱερουργικῶς
2910 3024 2977 3055 ²⁶⁰
3006 3024 3321 3095 μετάγεται,
3345 3024 3448 3076 καὶ
3473 3040 3585 3075 κοι-

2000 3122 2159 3173 νωνεῖ
2185 3122 2299 3182 τοῖς
2328 3120 2447 3172 κατ’
2487 3119 2658 3188 αὐτὴν
2690 3118 2983 3180 θειοτάτοις
3022 3115 3308 3187 συμϐόλοις
3327 3154 3341 3179 ,
3373 3117 3441 3168 ὲν
3470 3119 3584 3178 ταῖς

327 3190 831 3285 divittissiittisqtte,
884 3218 1082 3285 quibus
1126 3216 1198 3269 illi
1235 3215 1316 3268 las
1361 3190 1483 3277 cst,
1535 3190 1899 3269 sacramentis

2078 3211 2255 3281 υρίαις
2290 3210 2470 3264 αὐτῶν
2519 3211 2611 3265 καὶ
2647 3209 2971 3271 κοινωνίαις,
3019 3208 3235 3279 ἁπάσης
3288 3210 3449 3278 ἱερᾶς
3501 3210 3585 3260 εὑ-

325 3307 734 3362 communicare
754 3345 769 3369 ,
805 3306 858 3359 in
889 3321 1119 3375 quorum
1163 3306 1716 3374 contemplationibus
1748 3321 1901 3361 com-

2078 3304 2273 3376 οσύνης
2305 3304 2800 3377 ἁποπληρουμὲνη,
2848 3304 2940 3356 καὶ
2986 3302 3123 3374 πρὸς
3157 3301 3247 3354 τὸν
3285 3300 3439 3354 θεῖον
3487 3301 3584 3370 τῆς

328 3397 788 3465 munionibusque
821 3397 971 3453 omni
1014 3411 1172 3450 sacro
1215 3396 1412 3465 gaudio
1460 3396 1716 3466 repletur.
1749 3407 1803 3451 et
1833 3398 1901 3450 ad

2078 3400 2308 3469 ιστήμης
2354 3398 2532 3451 αὐτῶν
2578 3399 2757 3471 ἔρωτα
2810 3402 2929 3462 ταῖς
2983 3397 3356 3465 ἀναγωγικαίς
3402 3395 3584 3448 αὐτῶν

329 3489 570 3543 divinum
600 3489 912 3542 eorumdem
943 3487 1188 3542 scientiae
1219 3474 1460 3542 amorem
1495 3502 1592 3559 per
1637 3490 1904 3558 anagogi~

2078 3493 2290 3563 ιάμεσιν
2352 3493 2629 3561 ἀναλόγως
2684 3492 3150 3563 ἀναπτερουμένη.
3195 3489 3420 3561 Ταύτην
3478 3490 3583 3559 ἐγώ

327 3594 420 3633 cas
453 3581 684 3634 virtutes
714 3595 811 3650 pro
837 3581 977 3635 virili
1012 3596 1112 3636 suo
1141 3583 1413 3637 subvolat.
1449 3583 1600 3638 llunc
1629 3599 1758 3653 ergo
1781 3602 1905 3637 san-

2085 3604 2142 3656 μι
2174 3586 2271 3657 τὴν
2298 3586 2392 3639 τοῦ
2430 3585 2575 3658 ἱεροῦ
2613 3586 2741 3638 λαοῦ
2782 3586 2955 3652 τάξιν,
2997 3585 3073 3648 ὼς
3110 3582 3196 3637 διὰ
3239 3583 3427 3653 πάσης
3460 3584 3581 3653 ὲλη-

327 3682 433 3727 ctte
458 3671 632 3742 plebis
658 3672 909 3727 ordinem
933 3673 1175 3742 appello;
1214 3674 1414 3744 quippe
1444 3675 1537 3743 qui
1569 3688 1663 3744 per
1690 3660 1905 3729 omnem

2078 3675 2226 3729 θυῖαν
2274 3676 2621 3747 καθάρσεως,
2657 3675 2881 3744 καὶτῆς
2927 3677 3077 3746 ἱερᾶς
3110 3675 3217 3727 τῶν
3264 3674 3582 3742 φανοτάτων

290 3770 293 3775 ‘
328 3759 699 3828 expiationem
728 3774 795 3815 eo
821 3763 1148 3830 pervenerit,
1181 3774 1238 3816 ut
1266 3772 1620 3819 sacrosancto
1650 3776 1907 3833 praestan-

332 3850 667 3906 tissimorum
682 3862 1150 3909 sacramentorum
1178 3862 1394 3921 aspectu
1421 3863 1474 3909 et
1496 3855 1902 3921 communione,

320 3954 592 4014 quantum
625 3945 710 4001 fas
734 3954 837 4011 est.
867 3946 1063 4015 dignus
1092 3947 1162 4002 sit
1192 3946 1429 4000 habitus.

2001 3766 2233 3822 τελετῶν
2268 3768 2496 3839 ὲποψίας
2529 3769 2621 3822 καὶ
2669 3767 2974 3832 κοινωνίας,
2996 3766 3071 3831 ὡς
3118 3765 3371 3835 θεμιτὸν,
3416 3762 3577 3835 ἠξιω-

2004 3860 2189 3933 μένην.

1859 4116 1887 4187 §
1929 4112 2040 4173 lll.

402 4296 657 4352 Summus
678 4312 809 4355 vero
828 4315 1015 4354 eorum
1046 4304 1287 4357 omnium
1315 4303 1405 4371 qui
1439 4301 1790 4371 perficiuntur
1813 4311 1899 4355 est

327 4390 466 4443 ordo
489 4403 646 4442 sacer
672 4392 1085 4458 monachorum,
1118 4409 1239 4447 cum
1270 4404 1325 4449 et
1348 4394 1493 4447 omni
1522 4393 1757 4462 piaculo,
1787 4403 1895 4447 tota

331 4482 405 4547 vi,
434 4483 696 4551 omnique
724 4483 1001 4539 actionum
1043 4500 1264 4540 suarum
1308 4487 1664 4541 sanctimonia
1702 4487 1774 4539 sit
1799 4500 1897 4539 ex.

328 4576 533 4643 pialus,
570 4583 626 4626 et
657 4574 832 4629 omnis
870 4576 1148 4644 mysterii,
1178 4576 1318 4645 quod
1351 4578 1572 4646 quidem
1616 4576 1666 4630 ei
1713 4576 1793 4631 fas
1826 4576 1898 4629 sit

331 4667 612 4737 aspicere,
665 4677 939 4734 spectator
978 4669 1356 4738 particepsque
1389 4670 1456 4725 sit
1499 4672 1696 4736 factus,
1730 4671 1899 4723 tradi-

329 4772 531 4829 tusque
574 4761 878 4830 perficienti
927 4762 1245 4830 pontificum
1288 4763 1488 4827 ordini,
1522 4762 1676 4829 cujus
1704 4762 1900 4816 divinis

329 4853 789 4908 illustrationibus
814 4854 1219 4923 pontiﬁciisque
1242 4855 1501 4909 institutis
1524 4868 1802 4908 sacrorum
1828 4854 1895 4907 ad

331 4962 392 5002 se
424 4947 784 5015 spectantium
824 4948 1205 5017 mysteriorum
1236 4946 1678 5001 consecrationes
1712 4946 1897 4999 erudi-

331 5051 440 5100 tus,
472 5038 538 5091 ab
569 5038 881 5092 eorumdem
915 5054 1072 5092 sacra
1099 5036 1327 5091 scientia
1355 5035 1420 5089 ad
1449 5036 1897 5105 perfectissimam

330 5144 430 5198 pro
455 5143 557 5183 suo
584 5130 801 5184 modulo
831 5128 1223 5197 perfectionem
1243 5128 1528 5182 evehatnr.
1560 5126 1696 5182 Hinc
1721 5126 1894 5181 sancti

330 5235 695 5294 praeceptores
728 5224 897 5279 nostri
934 5223 1135 5277 divinis
1169 5238 1263 5276 eos
1292 5220 1741 5290 appellationibus
1771 5225 1897 5273 sunt

331 5316 641 5386 prosecuti;
697 5316 787 5369 alii
834 5315 1052 5385 quidem
1102 5316 1473 5384 tlterapeutas,
1508 5328 1604 5369 seu
1640 5310 1889 5375 cultores,

328 5408 419 5463 alii
449 5423 579 5463 vero
614 5407 909 5463 monachos
934 5446 949 5470 ,
983 5422 1107 5461 cum
1150 5423 1180 5460 a
1227 5407 1445 5461 sincero
1495 5406 1588 5459 Dei
1639 5403 1895 5458 temulatu

2086 4303 2148 4354 Ἥ
2192 4302 2246 4355 δὲ
2289 4302 2398 4354 τῶν
2438 4302 2773 4371 τελουμένων
2804 4300 3031 4352 ἀπασῶν
3080 4298 3385 4370 ὑψηλοτέρα
3428 4299 3576 4363 τάξις

2004 4396 2038 4463 ή
2076 4392 2183 4445 τῶν
2231 4392 2478 4463 μοναχῶν
2508 4393 2653 4444 ἐστιν
2690 4390 2809 4461 ἱερά
2844 4390 3217 4460 διακόσμησις,
3261 4392 3444 4442 πᾶσαν
3483 4391 3575 4461 μὲν

2004 4482 2527 4552 ἀποκεκαθαρμὲνην
2562 4481 2849 4552 κάθαρσιν,
2894 4479 3047 4550 ὁλικῇ
3070 4479 3296 4548 δυνάμει
3324 4482 3418 4533 καὶ
3446 4498 3576 4533 παν-

2000 4576 2143 4630 τελεί
2188 4575 2295 4628 τῶν
2338 4575 2551 4628 οἰκείων
2597 4573 2883 4646 ἐνεργειῶν
2926 4573 3211 4642 ἁγνότητι,
3265 4573 3450 4642 πάσης
3484 4573 3571 4629 δὲ,

2001 4669 2133 4740 ὅσης
2172 4666 2391 4738 θεμιτὸν
2423 4668 2558 4737 αὐτῇ
2588 4706 2601 4729 ,
2648 4666 2872 4737 θεωρεῖν
2926 4664 3265 4737 ἱερουργίας,
3321 4664 3378 4715 ἐν
3416 4665 3573 4733 vesp?

2000 4758 2203 4831 θεωρίᾳ
2263 4761 2356 4811 καὶ
2418 4758 2668 4828 κοινωνίᾳ
2718 4757 3056 4828 γεγενημένη
3084 4796 3097 4819 ,
3151 4757 3243 4808 καὶ
3293 4760 3415 4818 ταῖς
3470 4755 3570 4807 τῶν

1999 4852 2267 4924 ίεραρχῶν
2328 4850 2695 4914 τελειωτικαίς
2763 4852 3057 4922 δυνάμεσιν
3115 4848 3566 4925 ἐγχειριζομένη,

2000 4946 2094 4997 καὶ
2142 4948 2261 5009 ταῖς
2303 4943 2503 5007 ἐνθέοις
2544 4943 2720 4996 αὐτῶν
2762 4942 3058 5013 ὲλλάμψεσι
3101 4943 3194 4995 καὶ
3230 4943 3567 5013 ίεραρχικαῐς

1996 5034 2353 5104 παραδόσεσιν
2392 5032 2812 5102 ἐκδιδασκομένη
2855 5032 2952 5095 τὰς
3004 5031 3432 5095 ἐποπτευθεέσας
3463 5030 3566 5083 τῶν

1997 5126 2116 5178 κατ’
2144 5124 2309 5195 αὐτὴν
2339 5124 2496 5195 ἱερῶν
2521 5124 2749 5176 τελετῶν
2781 5124 3087 5195 ἱερουργίας
3115 5165 3127 5186 ,
3177 5124 3272 5176 καὶ
3310 5125 3451 5199 πρὸς
3474 5123 3563 5193 τῆς

1998 5221 2149 5291 ἱερᾶς
2190 5218 2365 5274 αὐτῶν
2412 5218 2721 5287 ἐπιστήμης
2772 5217 3047 5283 ἀναλόγως
3098 5219 3176 5279 είς
3218 5216 3560 5285 τελειοτάτην

1996 5308 2302 5379 ἀναγομένη
2340 5306 2643 5363 τελείωσιν,
2687 5306 2875 5359 Ἔνθεν
2922 5308 2971 5359 οἰ
3012 5307 3142 5359 θεῖοι
3187 5307 3560 5378 καθηγεμόνες
3656 5330 3659 5339 ·

1995 5400 2150 5471 ἡμῶν
2192 5398 2512 5469 ὲπωνυμιῶν
2548 5398 2743 5461 αὐτοὺς
2789 5396 2946 5469 ἱερῶν
2988 5397 3244 5467 ἠξίωσαν,
3274 5400 3322 5451 οἱ
3356 5400 3456 5469 μὲν
3483 5398 3555 5451 0:.-

1597 5590 1685 5644 VA
1696 5586 1830 5641 RIIE
1866 5580 2266 5641 LECTlONES.

397 5714 445 5745 "
492 5712 871 5782 ἱερουργικῶν,
909 5710 969 5763 Ρ.
1016 5710 1396 5782 λειτουργιῶν)Δ
1438 5708 1505 5761 Μ.

354 5787 375 5818 ⁸
405 5779 830 5855 μεταταχθῆναι,
862 5783 920 5835 S.
958 5783 1015 5836 D.
1050 5784 1119 5835 ita
1168 5779 1329 5835 etiam
1357 5779 1679 5836 Viennensis
1711 5780 1902 5834 codex.

1582 5711 1626 5740 ⁸⁸
1675 5708 2084 5776 ἑπιστρεπτικῇ,
2113 5703 2174 5756 Ρ.

2271 5705 2329 5785 ’⁷,
2364 5704 2806 5785 μεῖαταχοείσης,
2850 5701 2910 5757 Γ·
3004 5703 3048 5737 ³⁸
3103 5700 3341 5767 τελείως,
3392 5698 3450 5754 S.
3498 5694 3551 5751 Ρ.

1983 5773 2059 5809 ¹⁰⁰⁷
2077 5774 2395 5849 ἱερουργῶς,
2426 5773 2497 5830 Μ.
