3730 6296
157 285 247 309 (9"?

153 308 250 339 ω.»

1207 258 1292 347 DE
1326 291 1610 348 ECCLES.
1647 270 2045 364 alumnam,
2078 298 2233 354 CAP.
2274 300 2360 356 v1.

3309 309 3412 364 5:4

155 395 479 492 ρει-πεντὰς,
533 400 581 451 οἱ
628 399 683 452 δὲ
733 403 998 474 μοναχοὺς
1051 403 1407 475 ὀνομάζοντες
1434 406 1475 470 ¹,
1524 408 1590 458 ὲκ
1636 408 1738 477 τῆς

1881 422 2005 481 tque
2030 400 2206 479 cultu,
2235 423 2347 468 tum
2374 413 2443 469 ab
2479 416 2752 473 individua
2781 429 2834 476 et
2861 421 3120 492 singulari
3170 422 3277 476 vita
3318 424 3410 477 de-

153 483 239 537 τοῦ
280 487 417 541 Θεοῦ
446 489 693 561 καθαρᾶς
720 492 1022 565 ὑπηρεσίας
1051 498 1144 549 καὶ
1169 496 1485 568 θεραπείας,
1514 499 1610 551 καὶ
1640 501 1739 571 τῆς

155 577 456 649 ἀμερίστου
498 582 593 635 καὶ
624 584 827 648 ὲνιαίας
853 583 996 657 ζωῆς
1015 628 1029 650 ,
1054 587 1129 651 ὡς
1163 589 1511 661 ἐνοποιούσης
1542 591 1739 654 αὐτοὺς

156 671 209 720 ἐν
240 676 359 736 ταῖς
384 672 495 726 τῶν
516 674 801 747 διαιρετῶν
828 679 998 749 ἱεραῖς
1022 678 1404 750 συμπτύξεσιν,
1429 684 1508 745 είς
1532 681 1740 753 θεοειδῆ

166 766 363 835 μονάδα
405 768 503 819 καὶ
545 768 788 837 φιλόθεον
827 771 1133 824 τελείωσιν·
1179 772 1257 825 διὸ
1294 774 1387 827 καὶ
1424 774 1742 848 τελεστικὴν

164 858 341 921 αὐτοῖς
367 858 681 930 ἐδωρήσατο
707 861 862 933 χάριν
886 863 918 933 ἡ
946 862 1067 933 ἱερά
1090 863 1414 934 θεσμοθεσία
1432 905 1446 928 ,
1474 866 1571 920 καί
1595 884 1741 931 τινος

165 951 359 1015 αὐτοὺς
386 951 621 1020 ἠξίωσεν
648 954 1014 1024 άφιερωτικῆς
1052 954 1522 1027 ὲπικλήσεως,οὐχ
1561 958 1744 1028 ἱεραρ-

166 1044 318 1114 χικῆς
361 1045 580 1116 (ἐκείνη
619 1045 726 1117 γάρ
767 1046 858 1099 ἐπὶ
895 1047 1084 1117 μόναις
1124 1049 1369 1117 γίγνεται
1393 1053 1511 1114 ταῖς
1536 1054 1741 1123 ἱερατι-

165 1138 284 1199 καῖς
341 1136 638 1207 τάξεσιν),
684 1138 798 1191 ἀλλ’
850 1140 1195 1211 ἱερουργικῆς
1254 1141 1357 1194 ὑπὸ
1408 1143 1517 1197 τῶν
1580 1144 1744 1197 ὁσίων

166 1224 352 1296 ίερὲων
392 1230 458 1298 τῇ
506 1227 789 1301 ἱεραρχικῇ
837 1229 1183 1303 τελετουργίᾳ.
1228 1232 1492 1304 δευτέρως
1530 1233 1741 1306 ἱερουρ-

166 1334 257 1386 you
264 1318 455 1389 μένης.
849 1331 858 1341 ’
1742 1336 1750 1351 ‘

336 1436 405 1488 Il.
456 1436 806 1504 Μυστήριον
828 1438 1165 1508 μοναχικῆς
1185 1440 1562 1508 τελειώσεως.

242 1548 300 1601 '0
328 1549 427 1619 μὲν
474 1552 655 1619 ἱερεὺς
698 1550 931 1622 ἕστηκεν
967 1551 1299 1623 ἐπίπροσθεν
1338 1552 1431 1605 τοῦ
1474 1552 1620 1605 θείου
1646 1554 1741 1607 θυ-

168 1641 633 1711 σιαστηρίου,-τὴν
662 1643 957 1714 μοναχικὴν
985 1645 1271 1716 ἐπίκλησιν
1313 1644 1621 1716 ίερολογῶν.
1687 1647 1743 1699 '0

167 1732 220 1784 δὲ
242 1731 564 1801 τελούμενος
605 1732 779 1785 ὀπίσω
800 1733 893 1785 τοῦ
920 1734 1109 1805 ἱερέως
1152 1736 1383 1806 ἕστηκεν
1402 1776 1416 1799 ,
1442 1736 1541 1789 οὑκ
1578 1736 1743 1807 ἄμφω
1776 1773 1817 1828 Β

165 1820 238 1873 τὼ
417 1821 632 1886 κλίνων,
660 1823 761 1894 οὐχ
783 1823 877 1876 ἕνα
908 1827 1019 1878 τοῖν
1043 1826 1242 1888 ποδοῖν,
1268 1826 1366 1878 οὐκ
1388 1826 1481 1878 ἐπὶ
1504 1826 1744 1895 κεφαλῆς

167 1914 298 1984 ἔχων
320 1914 392 1968 τά
412 1916 785 1987 θεοπαράδοτα
809 1917 985 1985 λόγια,
1016 1918 1176 1986 μόνον
1197 1919 1253 1971 δὲ
1289 1918 1365 1990 τῷ
1403 1922 1537 1991 ἱερεῖ
1575 1937 1746 1991 παρε-

169 2004 301 2069 στὼς
357 2007 723 2078 ἱερολογοῖωτι
748 2008 845 2079 τὴν
870 2010 957 2062 ἐπ’
974 2010 1121 2081 αὐτῷ
1142 2011 1408 2083 μυστικὴν
1434 2012 1742 2083 ἐπίκλησιν.

169 2098 401 2161 Τελέσας
425 2099 481 2151 δὲ
508 2100 678 2171 αὐτὴν
701 2104 727 2155 ό
757 2102 956 2172 ἱερεὺς,
983 2103 1075 2155 ὲπὶ
1097 2103 1188 2156 τὸν
1211 2103 1531 2174 τελούμενον
1554 2103 1743 2169 ἐλθὼν,

168 2189 418 2261 ἐπερωτᾷ
445 2190 661 2261 πρῶτον
686 2191 867 2254 αὐτὸν,
893 2193 941 2244 εί
984 2194 1186 2256 πάσαις
1213 2194 1578 2248 ἀποτάσσεται
1626 2197 1747 2258 ταῖς

165 2279 460 2352 διαιρεταῖς
484 2284 544 2335 οὺ
574 2283 730 2353 μόνον
760 2284 944 2348 ξωαῖς,
973 2284 1107 2338 ἀλλὰ
1132 2287 1226 2339 καὶ
1254 2287 1595 2356 φαντασίαις.
1615 2283 1747 2341 Εἶτα

163 2372 260 2444 τὴν
280 2372 627 2447 τελειοτάτην
652 2376 798 2448 αὑτῷ
823 2375 964 2448 ζωὴν
986 2378 1277 2449 ὑφηγεῖται
1300 2419 1315 2441 ,
1364 2379 1746 2451 μαρτυρούμε-

166 2480 271 2527 νος,
321 2463 405 2516 ὅτι
451 2464 559 2535 χρὴ
601 2465 701 2535 τῆς
753 2467 925 2539 μέσης
970 2469 1130 2520 αὑτὸν
1173 2470 1674 2542 ὑπερανεστηκέναι
1702 2474 1743 2526 ³.

166 2559 348 2614 Ταῦτα
369 2560 427 2613 δὲ
452 2560 631 2613 πάντα
667 2561 760 2615 τοῦ
794 2562 1117 2633 τελουμένου
1157 2566 1442 2636 προσεχῶς
1477 2564 1745 2636 ὁμολογή-

169 2668 377 2717 σαντος,
406 2652 489 2723 τῷ
516 2654 853 2725 σταυροειδεῖ
874 2654 1028 2724 τύπῳ
1054 2658 1493 2727 σφραγισάμενος
1532 2657 1693 2710 αὑτὸν
1720 2660 1749 2711 ό

169 2744 366 2814 ἱερεὺς,
392 2745 701 2816 ἀποκείρει,
729 2747 826 2816 τὴν
848 2747 1075 2818 τρισσὴν
1100 2747 1201 2816 τῆς
1228 2747 1376 2811 θείας
1406 2750 1747 2821 μακαριότη-

166 2852 253 2900 τος
270 2838 464 2909 ὲπιϐοή
474 2855 573 2901 σας
590 2839 906 2903 ὑπόστασιν,
925 2842 1018 2893 καὶ
1037 2840 1134 2911 τὴν
1151 2840 1353 2911 ὲσθῆτα
1372 2842 1548 2893 πᾶσαν
1564 2842 1750 2911 ἀπαμ-

169 2929 378 2997 φιέσας,
423 2930 621 3001 ἑτέραν
649 2931 991 3001 άμφιέννυσι,
1020 2934 1113 2985 καὶ
1139 2932 1278 3002 μετά
1313 2931 1423 2985 τῶν
1458 2931 1631 2985 ἄλλων
1677 2935 1750 2985 ἱερ-

172 3020 273 3090 ρῶν
296 3022 317 3051 ³
340 3022 577 3093 ἀνδρῶν,
603 3023 716 3076 ὅσοι
740 3024 1010 3095 πάρεισιν,
1028 3024 1436 3094 ἀσπασάμενος,
1460 3024 1619 3076 αὑτὸν
1644 3041 1750 3078 κοι-

168 3113 327 3167 νωνὸν
354 3113 615 3168 ἀποτελεῖ
634 3114 742 3168 τῶν
777 3115 1081 3186 θεαρχικῶν
1108 3114 1440 3187 μυστηρίων.

774 3229 865 3281 ΙΙΙ.
923 3228 1158 3296 Θεωρία.

1780 3112 1827 3174 C

1842 506 2207 570 nominantes,
2235 507 2434 577 quippe
2473 524 2591 579 qua:
2619 514 2824 568 sanctis
2852 529 3034 569 rerum
3067 514 3412 569 dividuarum

1842 596 2312 665 conjunctiouibus
2343 601 2491 670 ipsos
2518 604 2584 657 ad
2622 604 2943 661 deiformem
2971 609 3261 677 quamdam
3294 609 3418 662 uni-

1844 699 2009 745 tatem
2042 691 2262 761 Deoque
2301 702 2510 763 gratam
2556 696 2947 765 perfectionem
3000 700 3279 757 adducat:
3309 714 3418 770 qua

1844 782 1910 836 de
1958 798 2123 839 causa
2161 800 2376 855 quoque
2411 786 2498 841 lex
2547 800 2736 843 sancta
2772 792 3145 861 perﬂcientem
3180 794 3259 847 eis
3286 809 3418 863 gra-

1843 876 1974 930 tiam
2008 878 2251 942 iudulsit,
2283 880 2469 949 eisque
2491 892 2903 937 consecrantem
2945 887 3235 953 quamdam
3269 886 3418 940 adhi-

1843 967 1936 1022 bet
1965 969 2122 1041 251
2160 972 2580 1039 invocationem,
2606 991 2708 1030 non
2732 977 2948 1046 quidem
2975 977 3327 1047 poutillciam,
3352 992 3416 1034 ea

1844 1062 1989 1115 enim
2017 1064 2069 1116 in
2096 1064 2228 1119 solis
2250 1066 2424 1121 Sacris
2453 1067 2738 1124 ordinibus
2765 1069 3071 1133 adhibetur,
3100 1072 3195 1125 sed
3223 1084 3416 1125 conse—

1845 1152 2140 1207 cratoriam
2185 1153 2422 1224 aliquam
2445 1197 2461 1221 ,
2488 1172 2608 1227 quae
2647 1172 2677 1213 a
2712 1159 2919 1214 sanctis
2954 1160 3330 1216 sacerdotibus
3364 1158 3418 1215 in

1846 1240 2187 1299 hierarcbica
2223 1248 2527 1306 initiatione
2556 1250 2795 1307 secundo
2824 1251 2942 1307 loco
2970 1252 3279 1308 adhibetur.

2007 1428 2070 1479 ll.
2110 1426 2423 1498 Mysterium
2465 1431 2780 1484 monastica:
2812 1434 3245 1486 consecrationis.

1916 1546 2191 1601 Sacerdos
2218 1545 2434 1615 quidem
2478 1557 2588 1601 stat
2638 1556 2767 1602 ante
2814 1547 3008 1611 altare,
3067 1550 3424 1605 monasticam

1844 1644 2032 1691 sancte
2064 1636 2301 1690 recitans
2333 1635 2773 1703 invocationem;
2803 1638 2851 1691 is
2888 1648 3070 1692 autem
3103 1640 3196 1709 qui
3237 1656 3428 1695 consc-

1845 1737 2031 1780 cratur
2060 1735 2169 1781 stat
2196 1736 2323 1795 post
2356 1725 2719 1795 sacerdotem,
2775 1742 2875 1784 nec
2927 1739 3220 1798 utrumque
3253 1746 3430 1801 neque

1849 1819 2011 1872 etiam
2045 1817 2275 1873 alterum
2304 1832 2447 1888 genu
2474 1818 2672 1884 ﬂectit,
2706 1834 2807 1875 nec
2842 1836 3005 1890 supra
3044 1832 3207 1892 caput
3265 1825 3431 1879 habet

1850 1908 2166 1977 Scripturas
2197 1924 2225 1962 a
2268 1907 2379 1963 Deo
2411 1909 2667 1973 traditas,
2697 1911 2793 1964 sed
2823 1919 3035 1966 tantum
3062 1921 3209 1967 astat
3237 1928 3427 1967 sacer-

1848 2001 1960 2056 doti
2017 2016 2180 2070 supra
2240 2000 2386 2055 illum
2436 2003 2722 2066 mysticam
2786 2003 3191 2060 invocationem
3240 2021 3427 2076 prose-

1847 2094 2057 2161 quenti.
2084 2094 2198 2159 Qua
2226 2092 2398 2158 ﬁnita,
2423 2094 2682 2148 sacerdos
2712 2096 2781 2149 ad
2807 2108 2930 2148 eum
2955 2096 3242 2159 accedens,
3272 2109 3427 2167 rogat

1848 2184 2022 2253 ipsum
2053 2185 2310 2255 primum,
2351 2200 2420 2239 an
2448 2185 2704 2241 omnibus
2758 2186 2922 2241 rebus
2950 2186 3183 2242 dividuis
3224 2202 3425 2242 renun-

1851 2276 1966 2339 tiet,
1996 2290 2101 2329 non
2127 2274 2301 2329 solum
2337 2274 2483 2337 vitis,
2506 2289 2697 2329 verum
2722 2275 2891 2328 etiam
2917 2276 3425 2346 imaginationibus.

1854 2369 2059 2424 Deinde
2090 2368 2314 2438 exponit
2345 2367 2419 2421 illi
2473 2368 2641 2421 vitam
2694 2367 3174 2438 perfectissimam,
3232 2378 3423 2424 conte-

1849 2469 2003 2515 stans
2035 2459 2184 2514 illum
2216 2460 2418 2514 debere
2451 2459 2683 2513 mediam
2718 2459 2933 2515 vivendi
2953 2460 3219 2515 rationem
3255 2474 3418 2529 supe-

1850 2566 1994 2605 rare.
2024 2550 2153 2617 Quae
2184 2552 2274 2606 ttbi
2320 2552 2504 2605 omnia
2562 2550 2605 2604 is
2648 2550 2740 2619 qui
2788 2550 3038 2605 initiatur
3082 2552 3428 2606 continenter

1848 2646 2126 2716 professus
2153 2654 2259 2708 est,
2283 2646 2539 2699 sacerdos
2560 2658 2684 2697 emn
2719 2644 2883 2714 signo
2915 2645 3097 2700 crucis
3134 2648 3420 2715 consigna-

1853 2748 1963 2793 tum
1995 2738 2203 2803 tondet,
2242 2747 2353 2792 tres
2381 2751 2647 2805 personas
2672 2737 2868 2793 divinae
2894 2738 3247 2794 beatitudinis
3275 2741 3428 2793 invo-

1848 2830 2050 2893 cando,
2086 2829 2348 2898 omnique
2374 2837 2525 2883 veste
2548 2828 2817 2891 detracta,
2844 2844 2967 2882 eum
3001 2829 3105 2883 alia
3142 2830 3338 2896 induit,
3372 2843 3429 2884 et

1850 2937 1970 2977 cum
2000 2921 2122 2977 aliis
2154 2922 2283 2977 viris
2316 2921 2523 2976 sanctis
2563 2922 2878 2977 astantibus
2926 2923 3099 2993 ipsum
3154 2922 3426 2986 salutans,

1850 3016 2171 3089 participem
2206 3016 2334 3073 facit
2363 3019 2671 3075 divinorum
2708 3020 3116 3091 mysteriorum.

2370 3225 2461 3277 Ill.
2504 3221 2910 3292 Contemplatio.

1763 3366 1871 3439 δι.

234 3530 307 3584 Τὸ
330 3530 541 3601 μηδένα
563 3532 680 3583 τοῖν
707 3531 885 3586 ποδοῖν
922 3533 1121 3587 κλίνειν
1145 3574 1159 3597 ,
1213 3535 1332 3605 μηδ’
1382 3537 1474 3587 ἐπὶ
1518 3536 1741 3607 κεφαλῆ.

1932 3532 2084 3600 Quod
2115 3541 2365 3587 neutrum
2389 3546 2527 3600 genu
2555 3528 2813 3591 inﬂectat,
2847 3542 3024 3596 neque
3055 3526 3219 3596 capiti
3255 3525 3433 3593 impo-

168 3620 303 3691 ἔχειν
325 3621 396 3673 τὰ
438 3620 812 3691 θεοπαράδοτα
837 3621 1011 3690 λόγια,
1037 3626 1369 3694 παρεστάναι
1415 3626 1472 3679 δὲ
1512 3626 1590 3697 τῷ
1632 3630 1741 3698 ἱερε

1881 3627 1991 3680 itas
2022 3626 2223 3679 habeat
2245 3623 2505 3677 divinitus
2533 3621 2762 3676 traditas
2795 3618 3109 3688 Scripturas
3128 3658 3143 3684 ,
3169 3618 3265 3671 sed
3290 3617 3430 3670 assi-

168 3712 257 3782 τὴν
286 3712 580 3781 ἐπίκλησιν
607 3710 983 3782 ἱερολογοῦντι,
1000 3712 1149 3783 δηλοῖ
1172 3713 1270 3785 τὴν
1294 3716 1588 3785 μοναχικὴν
1613 3714 1741 3780 τάξι·

1881 3725 1967 3770 ιιιιι
1990 3714 2258 3769 sacerdoti
2308 3715 2679 3783 precationem
2714 3711 2995 3773 recitanti.
3029 3709 3294 3775 declarat,
3336 3724 3432 3761 or-

170 3805 261 3857 οὑκ
278 3800 417 3856 εἶναι
444 3804 870 3875 προσαγωγικὴν
896 3804 1114 3876 ἑτέρων,
1138 3804 1248 3858 ἀλλ’
1274 3806 1356 3874 ἐφ’
1384 3806 1577 3876 ἑαυτῆς
1594 3805 1741 3858 ἑστῶ-

1881 3806 2005 3860 linis
2035 3804 2325 3858 monastici
2359 3818 2462 3858 non
2489 3817 2631 3869 esse,
2664 3802 2803 3858 alios
2828 3802 3121 3865 adducere,
3149 3802 3243 3855 sed
3268 3813 3434 3869 penes

175 3911 264 3949 σαν
278 3900 333 3948 εν
352 3894 620 3967 μοναδικῇ
649 3895 741 3947 καὶ
760 3897 880 3967 ἱερᾷ
896 3897 1097 3959 στάσει,
1114 3897 1232 3958 ταῖς
1254 3897 1549 3965 ἱερατικαῖς
1569 3893 1741 3965 ὲπομέ

1881 3896 2220 3965 temetipsum
2256 3904 2569 3948 manentem
2600 3894 2654 3947 in
2695 3892 2944 3948 solitario
2985 3907 3257 3959 sacroque
3284 3898 3430 3945 Statu

173 4004 262 4059 νην
282 3990 494 4053 τάξεσι,
521 3988 616 4041 καὶ
641 3987 774 4058 πρὸς
798 3987 995 4050 αὐτῶν,
1018 3986 1093 4050 ὡς
1120 3986 1338 4048 ὀπαδὸν,
1367 3988 1458 4038 ἐπὶ
1480 3986 1579 4057 τήν
1606 3986 1741 4040 θείαι

1883 3986 2220 4042 acerdotales
2245 3985 2471 4042 ordines
2499 3987 2675 4056 sequi,
2712 3987 2850 4041 etab
2881 3986 2968 4049 iis,
2995 3994 3247 4053 tanquam
3282 3995 3433 4035 asse-

173 4083 270 4134 τῶν
295 4082 413 4136 κατ’
439 4081 614 4151 αὐτὴν
644 4080 805 4151 ἱερῶν
828 4082 1140 4151 ἐπιστήμην
1177 4076 1444 4141 εὐπειθῶς
1485 4079 1741 4150 ἀναγομέ-

1881 4081 1993 4134 lam
2030 4096 2240 4145 eorum,
2268 4082 2334 4135 ad
2354 4081 2600 4134 divinam
2630 4093 2916 4134 sacrorum
2936 4093 3058 4148 qua:
3088 4077 3243 4131 illum
3267 4076 3434 4129 attiu-

176 4190 281 4244 νην.
1854 4180 1985 4241 gunt
2024 4173 2311 4226 scientiam
2342 4172 2499 4226 facile
2530 4171 2766 4229 traduci.

1730 4327 1872 4404 gn.

249 4520 311 4571 'H
334 4519 391 4572 δὲ
417 4518 531 4572 τῶν
559 4516 829 4589 μεριστῶν
851 4518 910 4569 οὑ
936 4518 1092 4588 μόνον
1119 4518 1295 4584 ζωῶν,
1338 4519 1473 4573 ἀλλὰ
1502 4519 1609 4591 μὴν
1659 4519 1741 4569 καλ

1927 4517 2099 4573 Porro
2130 4519 2429 4574 divisurum
2450 4535 2554 4575 non
2579 4519 2750 4575 solum
2776 4520 2882 4575 vita
2895 4536 3238 4586 rum,verum
3264 4524 3430 4575 etiam

179 4611 481 4680 φαντασιῶν
508 4610 779 4681 άποταγὴ,
804 4610 899 4682 τὴν
936 4610 1282 4683 τελειοτάτην
1307 4612 1327 4643 ³
1353 4614 1608 4683 ἐμφαίνει
1644 4610 1754 4663 τῶν

182 4702 417 4773 μοναχῶν
446 4701 787 4771 φιλοσοφίαν,
817 4702 873 4753 ὲν
897 4702 1175 4773 ἐπιστήμῃ
1199 4701 1308 4755 τῶν
1332 4703 1592 4755 ὲνοποιῶν
1608 4704 1753 4753 ὲντο-

180 4792 274 4846 λῶν
300 4794 723 4865 ἐνεργουμένην.
753 4794 909 4845 Ἔστι
936 4794 1066 4867 γὰρ,
1092 4795 1168 4858 ὡς
1194 4795 1352 4865 ἔφην,
1371 4796 1430 4845 οὐ
1449 4794 1550 4864 τῆς
1583 4794 1754 4865 μέσης

179 4886 275 4939 τῶν
298 4886 638 4958 τελουμένων
660 4884 884 4951 τάξεως,
913 4884 1047 4938 ἀλλὰ
1066 4884 1167 4956 τῆς
1183 4884 1370 4937 πασῶν
1395 4884 1752 4955 ὑψηλοτέρας.

180 4978 261 5031 Διὸ
282 4981 375 5033 καὶ⁵
402 4977 579 5032 πολλὰ
599 4977 709 5030 τῶν
735 4978 869 5047 πρὸς
898 4978 997 5048 τῆς
1024 4977 1197 5048 μέσης
1218 4976 1426 5043 τάξεως
1449 4976 1754 5047 ἀκατακρί-

181 5086 274 5134 τως
290 5070 701 5143 ἐνεργουμένων
717 5070 1005 5141 ἀπείρηται
1023 5069 1209 5141 τρόπῳ
1227 5068 1389 5122 παντὶ
1408 5070 1519 5132 τοῖς
1537 5070 1757 5132 ἐνιαίοις

186 5180 308 5232 μονα
314 5169 450 5235 χοῖς,
476 5166 553 5229 ὼς
579 5164 714 5233 πρὸς
736 5165 796 5217 τὸ
821 5164 880 5217 ἓν
908 5164 1085 5217 αὐτῶν
1132 5164 1452 5233 ὀφειλόντων
1497 5167 1757 5218 ἑνοποιεῖ-

185 5256 316 5321 σθαι,
340 5260 432 5311 καὶ
455 5260 593 5329 πρὸς
612 5257 764 5329 ἱεράν
785 5256 986 5327 μονάδα
1011 5257 1358 5325 συνάγεσθαι,
1383 5258 1475 5309 καὶ
1499 5258 1634 5329 πρὸς
1658 5258 1757 5328 τὴν

183 5346 479 5423 ἱερατικὴν,
512 5351 588 5415 ὠς
627 5350 868 5421 θεμιτὸν,
908 5348 1357 5421 ἁπομορφοῦσθαι
1392 5348 1556 5421 ξωην,
1580 5354 1654 5414 ὡς
1696 5353 1759 5404 τὸ

1856 4609 2247 4678 cogitationum
2280 4613 2637 4677 renuntiatio,
2662 4612 3117 4681 perfectissimam
3144 4613 3287 4668 illam
3318 4630 3434 4665 ηιθ-

1860 4700 2159 4753 nachorum
2191 4701 2591 4771 philosophiam
2625 4705 2909 4766 declarat,
2942 4719 3063 4773 qua:
3097 4719 3162 4757 ex
3204 4703 3433 4757 uuilico-

1860 4806 1978 4844 rum
2014 4793 2388 4846 mandatorum
2419 4794 2648 4847 scientia
2678 4795 2969 4849 conﬂatur.
3025 4795 3120 4848 Est
3150 4795 3321 4857 enim,
3376 4805 3434 4846 ut

1861 4885 1995 4949 dixi,
2029 4900 2132 4940 non
2159 4885 2317 4940 medii
2345 4887 2554 4942 ordinis
2579 4901 2769 4942 eorum
2797 4890 2891 4959 qui
2920 4888 3118 4941 initiati
3163 4895 3291 4942 sunt
3333 4887 3432 4940 ba-

1863 4974 2086 5043 ptismo,
2148 4974 2243 5028 sed
2281 4974 2528 5029 celsioris
2583 4976 2838 5032 omnibus
2876 4977 3181 5031 ordinibus.
3233 4974 3433 5041 Quam-

1859 5069 2050 5123 obrem
2084 5068 2248 5121 multa
2272 5083 2337 5122 ex
2370 5069 2458 5134 iis,
2485 5083 2604 5137 qua:
2625 5083 2655 5122 a
2677 5070 2853 5123 medto
2882 5070 3073 5123 ordine
3090 5071 3208 5124 sine
3244 5085 3431 5139 repre-

1862 5161 2124 5218 hensione
2142 5163 2300 5228 ﬁunt,
2322 5163 2602 5218 monachis
2625 5163 2742 5216 istis
2758 5161 2919 5232 252
2935 5163 3304 5231 singularibus
3321 5177 3407 5214 om
3425 5192 3431 5198 ρ

1862 5260 1994 5314 nino
2025 5258 2310 5314 interdicta
2337 5266 2483 5321 sunt,
2510 5258 2710 5325 quippe
2744 5260 2836 5324 qui
2888 5272 3007 5309 cum
3038 5271 3144 5309 uno
3181 5254 3434 5323 conjungi

1863 5355 2120 5417 debeant,
2144 5365 2197 5407 et
2225 5367 2349 5406 cum
2379 5365 2534 5405 sacra
2569 5353 2803 5403 mouade
2832 5349 3095 5417 copulari,
3145 5358 3202 5403 et
3248 5350 3315 5401 ad
3343 5362 3434 5400 sa-

1472 5534 1699 5589 VARIAL'
1737 5536 2144 5596 LECTIONES.

251 5670 680 5748 ξόνομάσαντες,
724 5672 785 5727 D.
816 5672 878 5726 Ρ.
955 5675 975 5705 ²
1005 5673 1457 5748 ὑπανεστηκέναι,
1496 5673 1557 5727 1).
1619 5673 1657 5748 _’
1680 5675 1891 5748 ἱερέων,
1918 5677 1984 5732 Μ.
2064 5680 2086 5710 ⁸
2107 5678 2462 5748 τελεωτάτην,
2511 5678 2565 5732 S.
2599 5676 2855 5732 P.\'ariat
2887 5686 3148 5747 perpetuo
3171 5675 3438 5745 scriptura

190 5736 335 5810 hujus
387 5736 573 5808 'vocis,
603 5745 718 5799 sive
751 5761 967 5810 nonten,
998 5746 1112 5801 sive
1139 5736 1380 5811 verbiun,
1416 5748 1527 5801 sive
1566 5736 1888 5802 adverbium
1915 5753 2003 5804 sit.
2042 5750 2220 5815 Semel
2244 5752 2343 5805 hoc
2378 5736 2633 5822 duell-ge,
2669 5767 2732 5806 tte
2762 5736 2969 5821 longior
2986 5736 3119 5805 'sim.
