3730 6292
313 261 420 321 535

1479 268 1534 325 s.
1579 271 1876 331 momsn
1908 250 2378 336 ΑὶιεορΑϐιτΕ

3456 299 3552 358 536

311 377 670 443 cerdotalem,
701 387 966 447 quantum
998 376 1082 434 fas
1103 387 1208 445 est,
1240 382 1408 438 vitam
1435 386 1733 451 efformari.
1763 400 1875 446 lan-

2057 397 2254 465 γγενὲς
2281 397 2448 468 αὐτῆς
2476 399 2706 468 ἔχουσαν
2728 403 2787 456 ἐν
2808 401 3045 472 πολλοῖς,
3071 409 3164 462 καὶ
3191 408 3394 482 μᾶλλον
3420 417 3549 489 αὐτῇ

311 483 476 539 quam
506 469 597 538 qui
634 483 742 538 pra:
767 469 979 523 caeteris
1011 469 1268 536 initiatis,
1296 489 1419 529 cum
1452 478 1554 533 hoc
1595 482 1787 536 ordine
1820 486 1874 539 in

313 559 564 629 plurimis
607 558 960 628 conveniunt,
1019 561 1395 636 majoremque
1423 567 1740 628 afﬁnitatem
1775 573 1876 628 ba-

311 650 460 706 bent.

1983 489 2136 560 παρὰ
2159 489 2260 553 τὰς
2282 489 2473 547 λοιπάς
2495 492 2602 546 τῶν
2637 495 2975 567 τελουμένων
3014 499 3196 567 τάξεις
3232 503 3550 577 πλησιάζου-

1985 595 2101 633 σαν.

1851 809 1878 881 g
1912 805 2020 868 ιιι.

379 935 604 1004 Signum
643 952 774 994 vero
796 938 982 1011 figura:
1017 942 1217 1012 crucis,
1259 953 1318 998 ut
1357 945 1559 1002 dictum
1590 958 1697 1014 est,
1731 949 1878 1004 desi-

310 1037 436 1096 gnat
470 1029 715 1091 omnium
745 1033 1044 1088 carnalium
1069 1036 1463 1092 desideriorum
1496 1041 1876 1108 privationem.

310 1115 560 1173 'l'onsura
586 1135 751 1188 porro
800 1122 1145 1193 capillorum,
1205 1126 1366 1180 vitam
1417 1130 1636 1185 omnino
1675 1132 1879 1186 indicat

310 1209 624 1266 nullatenus
647 1212 906 1280 fucatam,
932 1231 1106 1284 neque
1131 1218 1321 1287 figuris
1339 1218 1479 1275 fictis
1531 1223 1876 1288 ascititiisve,

309 1299 508 1369 quibus
558 1305 762 1359 mentis
794 1305 1114 1361 deformitas
1146 1317 1380 1378 tegatur,
1417 1313 1876 1379 calamistratam;

307 1391 401 1444 sed
434 1407 531 1461 per
557 1395 791 1465 seipsam
824 1413 931 1450 non
961 1399 1211 1454 humanis
1255 1405 1611 1470 ornamentis,
1635 1406 1728 1459 sed
1767 1407 1879 1459 sin-

307 1483 588 1553 gularibus
611 1501 674 1540 ac
709 1488 924 1542 unificis
953 1488 1249 1546 virtutibus
1293 1493 1360 1548 ad
1393 1494 1631 1549 divinam
1660 1497 1879 1566 penitus

309 1573 744 1631 conformitatem
774 1589 1042 1634 erectam.

2060 951 2123 1003 Ἡ
2144 951 2200 1004 δὲ
2223 952 2316 1004 τοῦ
2345 956 2721 1027 σταυροειδοῦς
2742 957 2913 1011 τύπου
2938 960 3192 1031 σφραγὶς,
3205 960 3281 1026 ὡς
3301 961 3400 1034 ἤδη
3431 963 3555 1035 παρ’

1980 1040 2133 1110 ἡμῶν
2155 1041 2401 1114 εἴρηται,
2427 1045 2576 1117 δηλοί
2595 1046 2692 1118 τὴν
2733 1050 2922 1103 πασῶν
2960 1050 3096 1122 ὁμοῦ
3135 1052 3243 1106 τῶν
3284 1056 3556 1125 σαρκικῶν

1978 1133 2211 1205 ὀρέξεων
2235 1138 2643 1211 ἁνενεργησίαν.
2692 1144 2754 1196 Ἦ
2781 1144 2838 1197 δὲ
2872 1145 2984 1200 τῶν
3017 1147 3224 1220 τριχῶν
3251 1150 3554 1222 άπὸκαρσις

1978 1224 2231 1294 ἐμφαίνει
2254 1229 2354 1299 τὴν
2404 1230 2650 1303 καθαρὰν
2699 1234 2793 1286 καὶ
2829 1237 3238 1308 ἀσχημάτιστον
3279 1240 3426 1312 ζωὴν
3460 1246 3554 1298 οὐκ

1979 1316 2330 1384 ὲπιπλάστοις
2356 1324 2597 1393 σχήμασι
2621 1326 2680 1378 τὸ
2707 1326 2848 1379 κατὰ
2871 1328 2994 1381 νοῦν
3027 1329 3271 1394 δυσειδὲς
3318 1332 3554 1386 ἐπιθετι-

1985 1408 2097 1471 κῶς
2120 1411 2563 1476 καλλωπίζουσαν
2583 1456 2597 1481 ,
2641 1416 2754 1470 ἀλλ’
2797 1419 2964 1488 αὐτὴν
3009 1421 3092 1488 ἐφ’
3119 1423 3324 1492 ἑαυτῆς
3346 1425 3442 1478 οὐκ
3465 1426 3554 1478 ἁν-

1986 1498 2277 1570 θρωπικοῖς
2301 1503 2568 1569 κάλλεσιν,
2614 1507 2727 1561 ἀλλ’
2752 1510 2970 1574 ἐνιαίοις
3011 1513 3107 1566 καὶ
3148 1517 3404 1584 μοναχοῖς
3434 1517 3455 1546 ⁸
3480 1517 3556 1580 εἰς

1982 1591 2043 1644 τὸ
2069 1590 2464 1652 Οεοειδέστατον
2491 1598 2852 1672 ἀναγομένην.

1844 1776 1871 1849 §
1905 1773 2005 1838 IV.

379 1903 587 1961 Prioris
612 1917 795 1961 autem
818 1907 986 1964 vestis
1008 1910 1294 1976 detractio,
1327 1923 1381 1966 et
1406 1912 1632 1970 alterius
1659 1931 1872 1970 assmn-
1905 1923 1944 1980 Β

307 1995 442 2064 ptio,
479 1996 750 2063 significat
779 2012 807 2050 a
837 1999 1012 2053 media
1035 2010 1222 2054 sancta
1245 2003 1353 2056 vita
1376 2003 1442 2056 ad
1487 2007 1869 2073 perfectiorem

308 2087 729 2155 traductionem,
781 2091 929 2145 sicut
975 2091 1028 2145 in
1077 2093 1258 2146 divina
1317 2093 1408 2148 illa
1462 2098 1874 2166 regeneratione

306 2177 478 2230 vestis
513 2177 822 2233 immutatio
844 2179 1157 2236 declarabat
1207 2184 1440 2252 expiata:
1475 2187 1599 2241 vitm
1647 2190 1714 2242 ad
1743 2206 1874 2243 cnn-

306 2267 594 2337 templandi
630 2279 687 2325 et
717 2271 1049 2342 intelligendi
1078 2284 1278 2328 statum
1327 2280 1872 2349 transmigrationem

303 2365 358 2413 et
383 2359 744 2413 evectionem.
776 2361 928 2427 Quod
954 2364 998 2416 si
1030 2366 1188 2419 modo
1219 2381 1436 2436 quoque
1475 2377 1584 2424 tam
1615 2377 1875 2428 sacerdos

303 2463 468 2518 quam
499 2460 744 2506 astantes
777 2469 970 2508 omnes
998 2456 1100 2510 viri
1132 2458 1305 2510 sancti
1354 2458 1627 2515 initiatum
1675 2477 1874 2518 consa-

305 2539 501 2603 lntent,
534 2555 600 2596 ex
644 2543 749 2598 boc
797 2555 1045 2600 sanctam
1085 2547 1326 2618 intelligo
1381 2552 1621 2607 virorum
1672 2555 1875 2610 deifor-

305 2631 474 2685 mium
500 2634 843 2700 societatem,
869 2637 1044 2694 amice
1077 2639 1180 2695 sibi
1209 2650 1398 2696 mutuo
1416 2643 1602 2698 divina
1632 2659 1756 2701 cum
1783 2647 1874 2703 la:-

305 2723 422 2780 titia
442 2726 958 2798 congratulandum.

372 3035 489 3093 Sub
510 3036 673 3092 finem
705 3037 940 3108 denique
967 3041 1225 3100 sacerdos
1260 3043 1535 3102 initiatum
1583 3049 1778 3106 invitat
1804 3051 1872 3108 ad

299 3129 626 3198 praecipuam
653 3128 796 3183 illam
829 3131 920 3186 Dei
946 3135 1404 3205 communionem,
1437 3149 1626 3195 sancte
1649 3157 1747 3210 per
1771 3144 1874 3199 hoc

2053 1921 2116 1975 Ἦ
2142 1922 2200 1976 δὲ
2221 1923 2323 1994 τῆς
2352 1925 2623 1997 προτέρας
2646 1927 2872 1997 ἐσθῆτος
2894 1927 3155 2001 ἀποϐολὴ,
3180 1933 3276 1984 καὶ
3310 1932 3413 2002 τῆς
3447 1934 3556 1987 ἐτέ-

1982 2029 2081 2082 ρας
2108 2013 2290 2083 λῆψις,
2315 2015 2414 2087 τὴν
2454 2016 2560 2069 ἀπὸ
2587 2016 2757 2088 μέσης
2785 2021 2934 2090 ἱερᾶς
2955 2018 3099 2090 ζωῆς
3123 2022 3214 2076 ἐπὶ
3238 2023 3336 2094 τὴν
3362 2026 3557 2079 τελειο-

1979 2104 2142 2175 τέραν
2169 2106 2460 2178 μετάταξιν
2491 2111 2779 2180 ἐμφαίνει,
2830 2112 3079 2185 καθάπερ
3125 2115 3217 2168 ἐπὶ
3261 2117 3363 2187 τῆς
3411 2119 3557 2189 ἱερᾶς

1980 2195 2321 2266 θεογενεσίας
2352 2202 2388 2271 ἡ
2409 2200 2509 2271 τῆς
2523 2202 2745 2274 ἐσθῆτος
2769 2205 2990 2275 ἄμειψις
3013 2205 3199 2278 ἐδήλου
3225 2206 3326 2279 τὴν
3349 2211 3554 2263 ἀποκα-

1981 2287 2313 2361 θαιρομένης
2337 2291 2479 2361 ζωῆς
2503 2293 2583 2356 είς
2609 2293 2948 2368 θεωρητικὴν
2974 2297 3066 2350 καὶ
3091 2301 3426 2371 φωτιστικὴν
3447 2302 3557 2368 ἔξω

1979 2371 2268 2453 ἀναγωγήν
2285 2383 2325 2436 ⁸.
2351 2384 2413 2436 Et
2437 2384 2494 2438 δὲ
2519 2387 2613 2438 καὶ
2640 2386 2732 2439 νῦν
2758 2388 2787 2438 ὁ
2808 2389 2852 2440 ίε
2863 2387 2985 2459 peti;
3010 2406 3070 2442 τε
3095 2392 3191 2443 καὶ
3217 2392 3421 2456 πάντες
3445 2397 3554 2448 ὅσοι

1979 2475 2232 2548 πάρεισιν
2253 2478 2406 2549 ἱεροὶ,
2433 2478 2524 2530 τὸν
2547 2481 2930 2552 τετελεσμένον
2956 2483 3315 2547 ἀσπάζονται,
3352 2487 3453 2557 τὴν
3482 2489 3553 2540 ίε-

1981 2567 2081 2639 ραν
2101 2567 2211 2621 τῶν
2235 2568 2481 2623 Θεοειδῶν
2507 2572 2760 2644 ἐννόησον
2785 2576 3086 2642 κοινωνίαν,
3117 2578 3477 2649 άγαπητικῶς
3503 2583 3557 2633 ἐν

1975 2659 2286 2732 εὐφροσύνῃ
2309 2660 2429 2733 θείιι⁵
2453 2663 2826 2736 συνηδομένων
2851 2665 3123 2738 ἀλλήλοις.

1881 2905 2020 2980 ιν.

2058 3055 2146 3111 Ἐν
2181 3059 2323 3112 τέλει
2363 3059 2422 3113 δὲ
2469 3061 2681 3114 πάντων
2721 3061 2749 3113 ὁ
2775 3061 2952 3133 ἱερεὺς
2990 3060 3082 3114 ἐπὶ
3109 3059 3218 3132 ’τὴν
3257 3058 3552 3132 θεαρχικὴν

1974 3150 2258 3204 κοινωνίαν
2280 3151 2435 3204 καλεῖ
2467 3152 2560 3205 τὸν
2599 3152 3012 3224 τετελεσμένον,
3049 3153 3328 3225 ἐμφαίνων
3373 3152 3551 3225 ἱερῶς,

301 3221 575 3287 indicans,
605 3237 729 3276 eum
763 3223 854 3293 qui
888 3224 1135 3281 initiatus
1159 3237 1264 3294 est,
1306 3230 1351 3284 si
1395 3245 1523 3286 vere
1572 3233 1640 3287 ad
1678 3249 1871 3289 mona-

302 3314 497 3337 -.2η-.,.μ
529 3313 662 3337 ill.-.)
695 3315 962 3337 -2--_--I___-
998 3317 1144 3337 2..-.9.
1172 3329 1205 3337 κ.
1291 3336 1294 3337 ,
1628 3325 1662 3337 ο-

2073 3243 2101 3294 ὁ
2121 3240 2414 3306 τελέα-θεὶς,
2444 3243 2604 3315 εἴπερ
2629 3221 2844 3318 άληθῶς
2865 3248 2955 3299 ἐπὶ
2977 3221 3404 3318 τὴνῠμοναχικὴν
3427 3221 3550 3316 scpi-

301 3314 500 3368 sticunt
528 3313 662 3370 illud
692 3315 966 3386 singulare
998 3317 1305 3374 institutum
1357 3325 1711 3391 pervenerit,
1763 3342 1868 3381 non

300 3406 476 3460 solum
500 3421 688 3461 eorum
713 3423 832 3476 quae
855 3410 921 3464 ad
947 3409 1117 3480 ipsum
1146 3413 1424 3480 pertinent
1447 3431 1726 3470 sacrorum
1748 3434 1872 3489 spc-

299 3509 564 3553 ctatorem
601 3499 740 3564 fore,
773 3517 875 3557 nec
901 3517 966 3556 ea
990 3504 1254 3558 duntaxat
1285 3507 1496 3562 ratione
1517 3524 1622 3577 qua
1658 3513 1870 3568 medius

300 3589 434 3642 ordo
457 3592 523 3643 ad
560 3589 1030 3646 sanctissirnorum
1088 3604 1562 3652 sacramentorum
1623 3614 1868 3654 commu-

303 3683 517 3737 nionem
548 3696 928 3750 accessurum;
958 3699 1147 3739 verum
1205 3686 1366 3740 etiam
1419 3689 1603 3744 divina
1652 3690 1867 3746 illorum

300 3789 422 3844 qnte
476 3774 722 3846 percepit
769 3786 1244 3831 sacramentorum
1296 3779 1605 3847 cognitione
1646 3781 1868 3847 fretum,

301 3865 410 3922 alio
432 3868 593 3923 modo
615 3883 777 3937 quam
813 3877 1040 3922 sanctus
1059 3867 1288 3938 populus
1319 3871 1385 3924 ad
1411 3871 1605 3925 divinae
1625 3887 1870 3929 commu-

301 3958 479 4013 nionis
505 3959 978 4028 participationem
1016 3959 1465 4028 promovendum.
1493 3959 1646 4017 lianc
1681 3965 1868 4032 utique

299 4049 370 4103 ob
403 4063 646 4112 causam,
670 4049 846 4104 sacris
866 4049 1031 4102 etiam
1068 4049 1373 4115 ordinibus,
1429 4052 1530 4106 sub
1561 4054 1721 4108 finem
1770 4071 1866 4110 eo-

298 4139 541 4196 rumdem
590 4142 950 4197 sanctissimae
1008 4145 1457 4210 consecrationis,
1515 4147 1868 4206 divinissinne

300 4236 645 4290 encharistia:
675 4234 986 4290 communio
1013 4236 1248 4290 traditur
1275 4254 1303 4290 a
1338 4240 1593 4308 pontifice
1621 4244 1712 4311 qui
1747 4244 1867 4299 illos

299 4328 671 4393 consecravit;
713 4344 819 4381 non
875 4327 1080 4382 idcirco
1123 4330 1320 4394 solum,
1359 4329 1525 4400 quod
1559 4334 1865 4390 divinorum

299 4420 574 4489 perceptio
604 4419 988 4490 mysteriorum
1025 4420 1096 4472 sit
1127 4433 1338 4474 summa
1372 4425 1616 4490 qumdam
1641 4427 1869 4493 cujus“-

300 4513 392 4566 bet
443 4512 796 4566 hierarcltica':
823 4511 1258 4580 participationis
1289 4553 1305 4577 ,
1352 4528 1538 4569 verum
1575 4519 1767 4584 etiam,
1811 4530 1868 4574 ut

296 4619 484 4658 onmes
505 4604 646 4658 sacri
674 4603 893 4659 ordines
917 4604 1107 4673 ipsius,
1136 4607 1280 4673 quod
1323 4611 1757 4665 communicatur
1783 4613 1866 4665 di-

1973 3348 2121 3386 κοιτο
2149 3333 2242 3385 καὶ
2283 3336 2487 3390 ἑνιαίαν
2534 3335 2822 3409 ἀναγωγὴν
2845 3339 2896 3403 ⁷,
2933 3340 2992 3391 οὐ
3021 3338 3355 3410 Θεωρητικὸς
3397 3339 3551 3410 μόνον

1974 3424 2126 3477 ἔσται
2151 3425 2258 3478 τῶν
2284 3427 2403 3479 κατ’
2428 3428 2588 3485 αὐτὸν
2638 3429 2818 3500 ἱερῶν,
2863 3430 2981 3482 οὐδὲ
3006 3428 3146 3482 κατὰ
3188 3430 3363 3501 μέσην
3402 3430 3552 3495 τάξιν

1972 3515 2064 3568 ἐπὶ
2086 3515 2184 3586 τὴν
2210 3519 2490 3572 κοινωνίαν
2505 3519 2625 3590 ἥξει
2647 3520 2754 3572 τῶν
2773 3522 2815 3572 ἱε
2826 3521 3075 3592 ρωτάτων
3098 3521 3404 3591 συμϐόλων,
3421 3522 3551 3574 άλλά

1976 3606 2116 3678 μετὰ
2141 3608 2290 3672 Θείας
2303 3610 2411 3663 τῶν
2427 3612 2518 3664 ὑπ’
2541 3610 2705 3664 αὐτοῦ
2733 3611 3104 3682 μετεχομένων
3121 3611 3285 3682 ίερῶν
3299 3610 3550 3681 γνώσεως

1971 3699 2141 3770 ἑτέρῳ
2162 3700 2345 3772 τρόπῳ
2373 3703 2521 3773 παρὰ
2542 3703 2632 3755 τὸν
2659 3701 2800 3774 ἱερὸν
2825 3701 2950 3755 λαὸν
2985 3704 3077 3756 ἐπὶ
3109 3703 3208 3773 τὴν
3251 3701 3550 3773 μετάληψιν

1969 3789 2089 3861 ἣξει
2115 3792 2216 3862 τῆς
2244 3793 2536 3866 Θεαρχικῆς
2558 3795 2860 3858 κοινωνίας.
2878 3796 2968 3848 Διὸ
2989 3796 3082 3848 καὶ
3105 3797 3226 3858 ταῖς
3245 3797 3548 3867 ἱερατικαῐς

1968 3883 2206 3951 τάξεσιν,
2225 3886 2282 3938 ὲν
2299 3890 2419 3950 ταῖς
2445 3889 2489 3938 ίε
2499 3886 2892 3957 ροτελεστικαῖς
2909 3886 3084 3940 αὐτῶν
3111 3887 3472 3956 άγιαστείαις,
3494 3889 3550 3940 ἐν

1969 3977 2111 4030 τέλει
2130 3977 2237 4030 τῶν
2261 3979 2569 4050 ίερωτάτων
2595 3979 2774 4033 αὐτῶν
2796 3979 3172 4053 ἀφιερώσεων,
3199 3983 3234 4052 ἡ
3254 3982 3356 4052 τῆς
3383 3983 3548 4050 ἁγιω-

1968 4069 2135 4140 τάτης
2161 4071 2506 4140 εὐχαριστίας
2549 4071 2799 4125 κοινωνία
2829 4071 3163 4143 μεταδίδοται
3181 4073 3318 4144 πρὸς
3345 4073 3439 4126 τοῦ
3464 4089 3548 4125 τε-

1968 4159 2220 4222 λέσαντος
2244 4159 2409 4223 αὐτὰς
2434 4162 2720 4232 ίεράρχου’
2747 4163 2807 4214 οὐ
2855 4162 3014 4232 μόνον
3050 4161 3130 4214 ὅτι
3183 4162 3294 4214 τῶν
3335 4163 3548 4234 θεαρχι-

1969 4250 2081 4302 κῶν
2110 4252 2422 4323 μυστηρίων
2450 4255 2481 4323 ἡ
2510 4252 2803 4324 μετάληψις
2825 4254 3061 4325 ἑκάστης
3085 4253 3410 4324 ίεραρχικῆς
3430 4251 3545 4325 μεθ-

1969 4341 2135 4409 eaad»;
2158 4343 2271 4396 ἐστι
2311 4345 2372 4397 τὸ
2411 4345 2724 4413 κεφάλαιον,
2749 4345 2862 4398 ἀλλ’
2887 4346 2973 4398 ὅτι
2995 4345 3088 4398 καὶ
3123 4344 3298 4414 αὐτῆς
3321 4346 3420 4414 τῆς
3442 4362 3548 4397 κοιο

1967 4437 2202 4507 νωνικῆς
2223 4440 2316 4490 καὶ
2344 4438 2621 4509 Θειοτάτης
2638 4441 2659 4471 ⁸
2678 4439 2883 4510 δωρεᾶς
2905 4438 3184 4506 ἀναλόγως
3210 4439 3403 4502 αὑταῖς
3428 4437 3544 4491 καθ’

1969 4529 2205 4599 ἑκάστην
2243 4529 2297 4580 αἱ
2325 4529 2464 4599 ίεραὶ
2511 4531 2681 4583 πᾶσαι
2728 4530 2911 4595 τάξεις
2959 4528 3244 4599 μετέχουσι
3271 4528 3410 4599 πρὸς
3451 4528 3544 4598 τὴν

1967 4620 2172 4673 οίκείαν
2194 4620 2371 4672 αὐτῶν
2391 4622 2488 4691 τῆς
2517 4620 2762 4684 Θεώσεως
2787 4623 2807 4653 ³
2833 4619 3120 4690 ἀναγωγὴν
3137 4620 3231 4672 καὶ⁸
3249 4619 3541 4671 τελείωσιν.

296 4696 560 4751 vinissimi
592 4697 834 4751 muneris
857 4712 957 4765 pro
975 4707 1137 4766 captu
1155 4714 1252 4750 suo
1267 4701 1558 4769 participes
1580 4704 1866 4768 exsistant,

2057 4712 2244 4781 νῆκται
2267 4711 2446 4765 τοίνυν
2470 4714 2620 4782 ἡμῖν,
2644 4712 2719 4775 ὡς
2735 4715 2787 4764 αἱ
2817 4713 2915 4783 μὲν
2939 4712 3090 4779 ἅγιαι
3112 4707 3327 4761 τελεταὶ
3353 4707 3544 4777 κάθαρ-

297 4790 365 4843 ad
392 4805 505 4844 sua:
533 4788 896 4844 deificationis
953 4793 1351 4858 promotionem
1383 4804 1546 4864 atque
1572 4797 1870 4864 perfectio-

297 4897 444 4935 ncm.
474 4879 800 4936 Conclusum
825 4881 1035 4950 igitura
1062 4882 1217 4936 nobis
1239 4884 1382 4952 quod
1411 4897 1616 4942 sanctae
1647 4891 1865 4957 quidem

298 4970 636 5025 initiationes
675 4971 785 5024 sint
808 4970 1072 5039 expiatio,
1097 4981 1150 5025 et
1176 4973 1529 5041 illuminatio,
1579 4988 1636 5032 et
1686 4980 1868 5048 perfe-

297 5073 443 5127 ctio;
475 5063 710 5118 ministri
735 5080 866 5118 vero
889 5064 1000 5117 sint
1027 5065 1239 5120 ordinis
1265 5067 1579 5133 expiatorii,
1608 5071 1867 5124 sacerdo-

299 5165 382 5208 tes
410 5152 934 5224 253illnstrantis,
967 5156 1253 5224 pontifices
1286 5158 1520 5226 denique
1545 5159 1862 5226 deiformcs,

297 5253 741 5305 consummantis.
782 5251 927 5306 Ordo
962 5261 1146 5305 autem
1171 5254 1264 5321 qni
1297 5254 1550 5323 expiatur
1575 5269 1859 5311 sacrorum

298 5349 516 5408 aspectu
541 5349 706 5412 atque
730 5345 1111 5398 communione
1137 5343 1436 5399 frustratur
1463 5384 1479 5411 ,
1506 5348 1649 5416 quod
1685 5348 1862 5403 adhuc

1976 4803 2059 4866 σίς
2085 4804 2188 4854 είσι
2216 4803 2310 4855 καὶ
2335 4803 2613 4874 φωτισμὸς
2637 4805 2732 4856 καὶ
2755 4803 3030 4865 τελείωσις
3050 4818 3062 4830 ·
3091 4803 3138 4853 οἱ
3163 4799 3219 4852 δὲ
3245 4797 3544 4869 λειτουργοὶ

1972 4896 2280 4968 καθαρτικὴ
2300 4897 2471 4962 τάξις,
2498 4899 2544 4949 οί
2571 4897 2627 4949 δὲ
2670 4898 2834 4966 ἱερεῖς
2879 4893 3174 4965 φωτιστική
3197 4908 3210 4922 ·
3261 4888 3542 4958 τελεστικὴ

1970 4989 2026 5041 δὲ
2053 4991 2099 5040 οἱ
2126 4989 2375 5052 θεοειδεῖς
2398 4991 2668 5060 ίεράρχαι.
2695 4987 3079 5059 Καοαιρομένη
3105 4985 3160 5037 δὲ
3188 4984 3342 5047 τάξις
3367 4985 3400 5052 ἡ
3449 4981 3542 5050 τῆς

1971 5081 2123 5150 ἱερᾶς
2150 5081 2378 5150 ὲποψίας
2405 5082 2498 5133 καὶ
2523 5081 2804 5142 κοινωνίας
2831 5079 3114 5148 ἀμέτοχος,
3139 5075 3216 5139 ὡς
3240 5075 3320 5127 ἔτι
3360 5073 3532 5127 καθαιι

1973 5172 2194 5242 ρομένη.
2211 5173 2528 5243 Θεωρητικὴ
2550 5172 2605 5224 δὲ
2620 5172 2772 5234 τάξις
2791 5174 2819 5224 ὀ
2840 5171 2980 5242 ἱερὸς
2999 5168 3144 5232 λαός.
3172 5166 3538 5234 Τετελεσμένη

1968 5263 2024 5315 δὲ
2051 5262 2202 5328 τάξις
2227 5265 2258 5334 ή
2287 5264 2395 5315 τῶν
2448 5263 2662 5315 ὲνιαίων
2699 5260 2962 5332 μοναχῶν.
3007 5258 3162 5310 Οὕτω
3200 5256 3312 5327 γὰρ
3347 5256 3380 5325 ἡ
3423 5251 3537 5307 καθ’

1970 5352 2114 5422 ἡμᾶς
2143 5346 2411 5422 ἱεραρχία,
2436 5355 2555 5416 ταῖς
2579 5350 2990 5423 θεοπαραδότοις
3015 5347 3231 5414 τάξεσιν
3261 5343 3421 5415 ἱερῶς
3457 5342 3537 5393 εὑ-

1564 5485 1799 5542 ΫΑΠΙίΕ
1836 5485 2239 5546 LECTIONES.

371 5630 392 5664 ³
422 5642 750 5710 μοναχεκοίς,
787 5639 862 5710 Cll
912 5638 972 5693 i’.
1072 5643 1091 5671 ⁵
1119 5639 1211 5692 καὶ
1239 5640 1546 5710 ἀναγωγήν,
1577 5641 1674 5693 (Iit.

299 5707 389 5758 καὶ
418 5705 584 5770 Θείας,
616 5709 672 5760 Ι).
753 5711 770 5739 ⁹
809 5709 1025 5774 Θέτεως.
1067 5710 1128 5764 λι.
1168 5714 1219 5765 5.

1756 5641 1771 5660 "‘
1799 5641 1860 5710 ὰς
1881 5642 2055 5708 ίκετο,
2084 5655 2134 5698 et
2162 5644 2404 5715 ἀγωγήν,
2437 5644 2492 5698 υ.
2529 5641 2583 5699 S.
2610 5655 2662 5700 ct
2701 5641 2850 5700 Vicn.

2953 5641 2972 5674 ⁵
2998 5638 3306 5706 κοινωνίας,
3335 5639 3430 5694 Lb.
3465 5636 3527 5692 ιι.
