3730 6292
112 318 202 374 επ

784 311 871 366 DE
912 312 1197 369 ECCLES.
1238 308 1639 374 HlERARCH.,
1675 310 1831 369 CAP.
1869 311 1956 367 Vl.
1994 343 2058 350 ——
2097 309 2419 366 CORDERll
2452 306 2680 363 NOTAE.

3256 307 3357 359 538

109 426 419 497 θετουμένη,
447 429 571 491 ταῖς
596 426 870 498 οὐρανίαις
907 426 1210 497 ἱεραρχίαις
1246 423 1495 495 ὁμοειδής
1533 425 1670 475 ἐστι

1848 425 2084 493 :piationi
2117 434 2291 480 vacet.
2330 424 2474 478 Ordo
2506 435 2688 477 autem
2746 422 2831 475 cui
2865 436 3150 474 sacrorum
3202 438 3348 487 aspe-

106 522 216 585 τοὺς
231 521 605 591 θεομιμήτους
624 520 793 589 αὐτῆς
814 520 889 583 ὠς
905 520 963 571 ἐν
978 518 1237 590 ἀνδράσιν
1262 514 1621 580 ἁποσώζουσα
1640 517 1681 548 ¹⁰

107 614 188 667 καὶ
213 611 467 675 θεοειδεῖς
492 610 867 682 χαρακτῆρας.

1789 527 1909 570 ctus
1959 516 2290 584 indulgetur,
2347 518 2467 585 pius
2518 525 2603 569 est
2647 514 2900 585 populus.
2962 514 3111 567 Ordo
3171 522 3354 565 antem

1788 608 2063 675 perfectus
2106 618 2190 661 est
2220 608 2581 677 singulariunt
2634 606 3048 661 monachorum.
3080 603 3158 658 lla
3205 607 3352 658 enim

107 703 407 759 bierarchia
464 713 652 757 nostra
679 703 964 756 ordinibus
994 716 1020 753 a
1054 701 1163 755 Deo
1195 698 1416 752 traditis
1473 705 1658 751 sancte
1703 696 1936 768 digesta,
1968 697 2266 752 conformis
2308 706 2394 751 est
2447 697 2762 751 cmlestibus
2819 694 3174 760 hierarchiis,
3227 695 3351 748 dum

106 794 385 850 deiloruies
432 802 595 847 notas
620 792 881 863 signaque
917 793 1083 846 Deum
1106 788 1471 859 exprimentia
1505 802 1603 857 pro
1642 787 1848 844 viribus
1870 796 2181 843 conservat.

1659 944 1832 1021 §Vl.

163 1093 293 1146 Ἀλλ’
317 1095 489 1166 ἐρεῖς,
512 1094 595 1147 ὅτι
616 1096 735 1157 ταῖς
756 1093 1030 1165 οὐρανίαις
1049 1093 1351 1164 ἱεραρχίαις
1366 1091 1670 1145 ἐλλείπουσι

105 1188 303 1250 πάντως
331 1190 387 1239 αἱ
417 1186 815 1259 καθαιρόμεναι
834 1187 1015 1253 τάξεις
1043 1187 1122 1258 (οὐ
1147 1186 1256 1256 γὰρ
1288 1186 1528 1255 θεμιτὸν,
1550 1185 1673 1237 οὐδὲ

103 1279 281 1350 ἀληθὲς
304 1282 505 1341 εἰπεῖν,
535 1280 609 1342 ὡς
638 1279 752 1333 ἔστι
786 1297 869 1342 τις
892 1280 1119 1350 οὐρανία
1153 1278 1508 1347 διακόσμησις
1547 1279 1672 1328 ἐνα-

102 1370 240 1438 γής)’
262 1368 373 1437 ἐγὼ
395 1370 475 1431 δὲ,
503 1370 585 1422 ὅτι
613 1370 711 1439 μὲν
737 1368 1005 1440 ἀλώὸητοι
1032 1368 1310 1432 παντελῶς
1333 1370 1460 1432 εἰσι,
1489 1367 1582 1420 καὶ
1606 1366 1669 1420 τὸ

102 1462 353 1529 πάναγνον
371 1461 758 1533 ὐπερκοσμίως
774 1459 1004 1530 ἔχουσιν,
1022 1458 1416 1530 ὁμολογήσαιμι
1428 1457 1664 1519 πάντως,

100 1552 237 1624 εἰμὴ
272 1554 553 1617 παντελῶς
577 1553 907 1624 ἁποπέσοιμι
943 1552 1039 1605 τοῦ
1080 1552 1373 1622 ἱερωτάτου
1417 1550 1554 1613 νοός.
1600 1550 1664 1603 Et

100 1647 194 1716 γάρ
216 1663 297 1709 τις
323 1647 506 1700 αὐτῶν
532 1646 636 1700 ὐπὸ
658 1646 852 1708 κακίας
875 1645 1038 1709 ἑάλω,
1054 1644 1152 1716 τῆς
1179 1646 1276 1716 μὲν
1299 1641 1551 1715 οὐρανίας
1568 1644 1662 1695 καὶ

1848 1089 1957 1143 Sed
1988 1087 2236 1158 objicies,
2267 1088 2319 1141 in
2348 1087 2660 1143 caelestibus
2684 1089 3013 1146 liierarcbiis
3068 1108 3174 1146 non
3228 1106 3351 1147 esse

1774 1181 1996 1236 ordines
2025 1179 2115 1248 qui
2141 1179 2429 1247 expientur
2457 1180 2636 1250 (nefas
2664 1182 2806 1235 enim
2830 1192 2883 1235 et
2921 1181 3116 1237 falsum
3145 1194 3230 1236 est
3267 1184 3350 1235 di-

1776 1286 1924 1335 cere,
1953 1271 2234 1324 ccelestem
2264 1272 2576 1340 quampiam
2618 1272 3022 1327 distinctionem
3074 1288 3195 1327 esse
3226 1289 3348 1328 scc-

1774 1362 1874 1415 leri
1898 1361 2255 1427 obnoxiam);
2288 1375 2388 1429 ego
2414 1378 2567 1424 vero,
2603 1362 2707 1417 nisi
2747 1380 2775 1417 a
2804 1365 3151 1417 sanctissima
3187 1380 3343 1434 proro-

1773 1470 1866 1510 sns
1893 1464 2072 1509 mente
2104 1456 2380 1522 aberrem,
2418 1456 2659 1529 omnino
2690 1454 3005 1511 allirmarim
3026 1497 3040 1521 ,
3095 1458 3348 1513 caelestes

1772 1550 2043 1605 essentias
2072 1564 2193 1605 esse
2222 1551 2434 1620 penitus
2485 1550 2885 1611 immaculatas,
2946 1560 3108 1621 atque
3153 1566 3350 1622 supra-

1772 1641 2038 1696 mundiali
2070 1642 2232 1697 modo
2262 1656 2479 1696 omnem
2509 1642 2709 1696 habere
2735 1643 3052 1711 puritatem.
3103 1640 3239 1696 Nam
3301 1650 3348 1697 si

98 1737 312 1807 ἀμιγοῦς
348 1737 743 1790 ἁποπεπτώκει
782 1736 892 1790 τῶν
917 1736 1075 1789 θείων
1109 1735 1244 1789 νοῶν
1265 1733 1553 1806 ἁρμονίας,
1587 1734 1666 1795 εἰς

1848 1750 1890 1788 ac
1922 1736 1977 1789 in
2005 1735 2196 1789 vitium
2231 1735 2485 1805 prolapsa
2506 1735 2597 1801 sit,
2634 1736 2897 1789 continuo
2934 1736 3102 1790 etiam
3129 1752 3158 1789 a
3180 1735 3348 1790 coale—

98 1831 182 1899 τὴν
222 1829 447 1901 ἀλαμπῆ
486 1830 544 1882 δὲ
567 1829 676 1883 τῶν
722 1828 1104 1882 ἀποστατικῶν
1140 1826 1392 1898 πληθύων
1440 1825 1664 1896 ἐφέρετο

100 1921 303 1974 πτῶσιν.
349 1921 494 1975 Ἀλλ’
515 1922 663 1976 ἐστιν
695 1924 867 1975 εἰπεῖν
919 1920 1077 1991 ἱερῶς
1130 1921 1223 1973 ἐπὶ
1262 1920 1360 1990 τῆς
1405 1917 1663 1989 οὐρανίας

99 2011 381 2083 ίεραρχίας,
420 2014 502 2066 ὅτι
528 2012 793 2085 κάθαρσίς
816 2016 932 2066 ἐστι
955 2016 1075 2076 ταῖς
1111 2011 1429 2081 ὑφειμέναις
1454 2008 1663 2071 οὐσίαις

95 2100 292 2171 ήπαρὰ
318 2100 457 2153 Θεοῦ
494 2102 603 2154 τῶν
650 2102 787 2166 τέως
826 2101 1201 2172 ἀγνοουμένων
1238 2100 1530 2171 ἑλλαμψις,
1570 2100 1662 2152 ἐπὶ

93 2192 417 2264 τελειοτέραν
455 2193 625 2258 αὐτὰς
666 2196 977 2265 ἐπιστήμην
999 2194 1206 2263 ἄγουσα
1226 2193 1333 2246 τῶν
1356 2191 1660 2264 θεαρχικῶν

93 2283 358 2351 γνὼσεων,
404 2288 500 2339 καὶ
533 2286 635 2356 τῆς
672 2288 894 2355 ἀγνοίας
933 2282 1008 2340 ὧν
1046 2285 1198 2339 οὐπω
1222 2285 1322 2357 τὴν
1352 2286 1659 2354 ἐπιστήμην

93 2370 254 2444 εἶχον,
302 2371 415 2430 οἷον
459 2378 500 2409 ¹¹
540 2378 985 2450 ἀποκαθαίρουσα
1022 2378 1109 2431 διὰ
1144 2375 1253 2430 τῶν
1288 2375 1520 2448 πρώτων
1564 2377 1659 2429 καὶ

93 2466 357 2539 θειοτέρων
401 2469 601 2522 οὐσιῶν
627 2470 980 2541 ἷ,ἁναγομὲνας
1016 2471 1095 2533 εἰς
1135 2467 1236 2532 τὰς
1284 2466 1586 2539 ὑπερτέρας
1616 2468 1656 2498 ³⁸

90 2560 185 2612 τῶν
207 2560 473 2614 θεοπτιῶν
505 2562 548 2593 ³³
571 2562 667 2614 καὶ
711 2562 1013 2634 φανοτέρας
1066 2561 1437 2633 μαρμαρυγὰς
1461 2576 1473 2589 ·
1514 2559 1656 2614 οὕτω

91 2655 171 2705 καὶ
193 2653 557 2724 φωτιζόμεναι
580 2652 763 2719 τάξεις
789 2655 895 2706 εἰσὶ
920 2654 1007 2706 καὶ
1044 2652 1385 2723 τελούμεναι,
1427 2650 1521 2702 καὶ
1558 2666 1658 2703 κοι-

90 2743 342 2811 θαρτικαὶ,
369 2763 465 2798 και
491 2746 834 2814 φωτιστικαὶ,
854 2746 948 2799 καὶ
964 2744 1271 2798 τελεστικαὶ
1289 2742 1427 2795 κατὰ
1442 2742 1539 2813 τὴν
1561 2743 1657 2795 οὐ-

92 2836 259 2905 ρινίαν
283 2836 590 2907 ίεραρχίαν,
607 2836 682 2899 ὡς
696 2837 802 2889 τῶν
818 2837 1135 2908 ὐπερτάτων
1150 2837 1244 2889 καὶ
1269 2833 1439 2886 θειοτέ
1447 2851 1552 2905 ρων
1572 2834 1659 2886 οὐ·

90 2926 333 2990 σιῶν.τὰς
353 2926 656 2996 ὐφειμένας
682 2926 833 2996 ἱερὰς
858 2926 952 2978 καὶ
981 2925 1237 2996 οὐρανίας
1267 2924 1653 2994 διακοσμήσεις

89 3016 287 3083 ἀγνοίας
325 3017 428 3088 μὲν
452 3015 675 3085 ἁπάσης
701 3014 1189 3087 ἁποκαθαιρουσῶν
1219 3014 1297 3085 (ἐν
1323 3012 1509 3079 τάξεσι
1557 3014 1652 3067 καὶ

1768 1831 1836 1884 sti
1863 1828 1948 1883 illa
1980 1828 2381 1898 purissimaque
2410 1826 2718 1881 divinarum
2749 1829 3014 1883 mentium
3060 1831 3347 1884 harmonia

1767 1923 1988 1988 deiecit,
2019 1930 2074 1974 et
2118 1921 2187 1975 ad
2218 1921 2508 1976 obscuram
2539 1921 2853 1990 apostaticze
2911 1916 3082 1976 turba:
3130 1925 3342 1977 ruinam

1765 2014 2021 2083 pertinet.
2054 2013 2464 2081 Sanctetamen
2489 2011 2653 2065 etiam
2687 2011 2844 2065 fateri
2876 2012 3054 2078 liceat,
3088 2014 3140 2067 in
3170 2016 3345 2069 stete-

1762 2106 1831 2159 sti
1881 2104 2212 2172 hierarchia,
2257 2118 2437 2176 rerum
2487 2118 2625 2172 quas
2670 2103 2940 2158 hactenus
2993 2105 3339 2175 ignorarunt,

1765 2196 2185 2250 illustrationem
2230 2194 2579 2251 inferioribus
2620 2195 2831 2249 naturis
2873 2208 2993 2248 esse
3041 2197 3338 2264 quantulum

1762 2286 1913 2341 velut
1941 2287 2306 2355 expiationem
2329 2326 2344 2350 ,
2396 2301 2501 2355 qna
2536 2299 2592 2340 et
2632 2286 2700 2339 ad
2738 2284 3118 2355 perfectiorem
3156 2301 3337 2341 rerum

1762 2379 2069 2432 divinarum
2098 2379 2383 2434 scientiam
2415 2379 2781 2443 adducuntur,
2813 2386 2869 2432 et
2892 2393 2922 2431 a
2954 2392 3134 2431 rerum
3161 2417 3178 2442 ,
3208 2393 3339 2447 quau

1760 2485 1880 2525 rum
1914 2471 2182 2525 hactenus
2222 2470 2455 2525 scientia
2484 2478 2799 2533 caruerunt,
2829 2468 3170 2538 ignoratione
3194 2484 3337 2538 quo-

1760 2562 2048 2617 dannnodo
2087 2572 2408 2633 purgantur,
2430 2560 2559 2615 dum
2592 2577 2622 2617 a
2648 2562 2850 2632 primis
2877 2571 2931 2616 et
2968 2563 3337 2618 divinioribns

1758 2654 2015 2709 essentiis
2067 2656 2134 2708 ad
2183 2654 2536 2708 sublimiores
2591 2653 2963 2722 clarioresque
3020 2653 3332 2708 divinarum

1757 2743 2273 2815 contemplationmn
2302 2743 2695 2799 illustrationes
2714 2756 3140 2813 promoventur:
3171 2755 3337 2813 atque

1758 2837 1830 2891 ita
1863 2838 1915 2891 in
1969 2835 2179 2891 coalesti
2230 2835 2550 2892 hierarchia
2587 2837 2752 2892 etiam
2800 2835 3021 2890 ordines
3074 2843 3201 2890 sunt
3238 2836 3331 2905 qui

1755 2928 2104 2982 illustrantur
2134 2939 2191 2983 et
2222 2928 2314 2998 qui
2366 2927 2751 2999 perﬁciuntur,
2780 2926 2924 2982 sicut
2948 2926 3036 2994 qui
3072 2937 3329 2995 purgant,

1755 3028 1810 3074 et
1840 3019 1933 3090 qui
1967 3020 2267 3087 illustrant,
2293 3031 2347 3076 et
2374 3022 2465 3092 qui
2501 3022 2832 3090 perﬁciunt;
2868 3021 2947 3075 sic
3006 3032 3065 3073 ut
3096 3031 3329 3079 naturai,

88 3108 378 3175 ἁναλογίαις
412 3110 523 3162 τῶν
549 3109 813 3180 οὐρανίων
840 3106 1176 3180 ἱεραρχιῶν),
1224 3106 1547 3177 πληρουσῶν
1595 3106 1651 3159 δὲ

1848 3128 1875 3165 e
1906 3126 2172 3179 suprema:
2228 3128 2291 3166 ac
2336 3114 2553 3167 caeteris
2587 3114 2907 3177 diviniores,
2936 3111 3327 3167 subordinatas

89 3200 235 3264 αὐτὰς
258 3201 365 3255 τῶν
393 3201 685 3255 θειοτάτων
713 3200 1031 3271 ὲλλάμψεων
1054 3238 1070 3264 ,
1123 3200 1215 3252 καὶ
1247 3197 1569 3252 τελειουσῶν
1610 3198 1654 3230 ίδ

88 3292 138 3343 ἐν
154 3296 213 3364 τῇ
232 3295 620 3365 παναγεστάτῃ
641 3294 749 3346 τῶν
771 3292 1075 3363 θεαρχικῶν
1091 3294 1328 3363 νοήσεων
1348 3292 1651 3364 ἐπιστήμῃ.

88 3385 180 3437 Καὶ
215 3385 319 3457 γὰρ
343 3387 444 3457 ἤδη
494 3386 634 3458 πρὸς
683 3385 840 3457 ήμῶν
886 3386 1121 3457 εἴρηται,
1169 3386 1262 3438 καὶ
1305 3386 1417 3447 τοῖς
1456 3383 1654 3452 λογίοις

88 3473 297 3541 θειωδῶς
321 3480 363 3510 ³⁸
390 3478 765 3548 διηγόρευται,
790 3478 851 3530 τὸ
879 3478 952 3548 μὴ
976 3477 1177 3540 ταύτὰς
1201 3473 1339 3529 εἶναι
1364 3476 1541 3539 πάσας
1556 3475 1653 3538 τὰς

87 3567 319 3638 οὐρανίας
365 3570 783 3640 διακοσμήσεις,
830 3570 887 3621 ἐν
916 3570 1117 3630 πάσαις
1164 3571 1284 3631 ταῖς
1329 3570 1501 3639 ἱεραῖς
1536 3566 1650 3629 ,τῶν

88 3652 359 3709 θεοπτικῶν
394 3656 717 3727 ἐλλάμψεων
752 3658 1112 3728 ἐπιστήμαις·
1145 3656 1257 3708 ἀλλ’
1285 3657 1349 3708 ἐκ
1386 3655 1520 3708 Θεοῦ
1551 3658 1649 3727 μὲν

86 3745 278 3814 ἁμέσως
322 3748 425 3811 τὰς
452 3747 699 3819 πρώτας,
725 3748 797 3801 δι’
823 3750 1047 3801 ἐκείνων
1077 3748 1119 3779 ¹⁶
1153 3748 1210 3800 δὲ
1233 3747 1393 3800 πάλιν
1419 3748 1483 3799 ὲκ
1509 3746 1644 3800 Θεοῦ

84 3837 163 3899 τὰς
187 3840 300 3908 ὐφει
309 3841 502 3911 μένας,
526 3840 801 3909 ἀναλόγως
821 3841 1013 3903 αὐταῖς
1028 3838 1399 3910 ἐλλάμπεσοαι
1421 3838 1523 3902 τὰς
1543 3857 1647 3909 φα-

86 3930 283 3995 νοτάτας
306 3933 406 4003 τῆς
442 3932 743 4003 θεαρχικῆς
768 3933 981 3994 ἀκτῖνος
1009 3931 1207 3998 αὐγάς,

1751 3204 1855 3257 sibi
1886 3218 2071 3258 sacras
2093 3219 2159 3258 ac
2184 3204 2435 3259 caelestes
2481 3206 2873 3260 adornationes
2922 3205 2991 3259 ab
3021 3204 3167 3258 omni
3209 3204 3332 3273 qui-

1752 3295 1872 3349 dem
1905 3295 2252 3366 ignoratione
2274 3298 2476 3367 (modis
2501 3298 2712 3353 scilicet
2733 3298 3052 3353 coelestibus
3072 3298 3190 3351 istis
3216 3297 3331 3350 hie-

1753 3389 1987 3442 rarchiis
2015 3391 2461 3461 accommodatis)
2488 3401 2737 3462 purgent;
2763 3391 3161 3460 impleantvero
3185 3390 3330 3458 ipsas

1752 3479 2110 3536 divinissimis
2167 3481 2669 3548 “lustrationibus,
2727 3481 3127 3552 perliciantque
3166 3480 3327 3547 liqui-

1757 3568 1984 3623 dissima
2018 3569 2327 3624 divinarum
2365 3572 2851 3643 intelligentiarnm
2903 3572 3151 3626 scientia.
3198 3571 3330 3627 Etew

1754 3662 1865 3714 nim
1888 3662 2000 3732 jam
2034 3680 2063 3715 a
2093 3663 2251 3718 nobis
2273 3663 2475 3719 dictum
2507 3676 2627 3730 est,
2650 3676 2706 3720 et
2744 3667 2811 3719 ab
2847 3664 3079 3734 eloquiis
3125 3663 3327 3717 divinis

1754 3755 2188 3820 pronuntiatum,
2249 3772 2358 3811 non
2398 3758 2615 3812 easdem
2662 3774 2785 3814 esse
2830 3772 3021 3811 oumes
3077 3756 3327 3810 caelestes

1750 3844 2175 3913 descriptiones,
2208 3864 2384 3917 neque
2417 3866 2576 3919 pares
2604 3851 2657 3903 in
2703 3851 2956 3904 omnibus
2998 3849 3118 3901 istis
3150 3847 3327 3900 sacris

1751 3935 2058 3990 divinarum
2086 3940 2511 3994 illustrationum
2539 3943 2805 4004 scientiis,
2831 3943 2923 3995 sed
2958 3955 3022 3992 ex
3054 3941 3165 3992 Deo
3190 3939 3321 4005 qni-

84 4022 185 4074 deiu
211 4023 529 4078 immediate
553 4025 779 4093 primas,
815 4039 911 4093 per
966 4024 1295 4077 illztS’aUIelll
1325 4039 1540 4078 rursum
1588 4038 1656 4079 ex
1692 4024 1801 4081 Deo
1837 4028 2150 4097 inferiores,
2185 4047 2285 4101 pro
2308 4033 2547 4102 ipsarum
2602 4033 2817 4087 modulo
2862 4044 2916 4088 et
2977 4042 3134 4101 captu
3186 4029 3324 4082 luci-

84 4115 292 4173 dissimis
320 4118 496 4173 divini
526 4118 668 4172 radii
695 4117 1080 4187 splendoribus
1114 4116 1438 4170 illuminari.

1133 4422 1296 4498 254
1342 4423 1872 4481 ADNOTATIONES
1930 4422 2276 4482 CORDERII.

138 4556 287 4612 Parte
326 4558 528 4628 prima,
563 4556 591 4628 §
619 4556 657 4611 l.
686 4557 924 4634 Dicimus
954 4557 1118 4627 igitur
1142 4558 1509 4634 ordin_es_ill_os
1531 4560 1621 4629 qui
1653 4560 1957 4628 expiantur,
1987 4568 2094 4616 etc.
2126 4559 2755 4634 Nota,cat_ecbumenos,
2780 4575 3121 4634 peccatores,
3149 4585 3317 4624 ener-

82 4642 313 4694 gumenos
355 4638 410 4683 et
443 4640 791 4698 ptenitentes,
829 4631 904 4682 uti
932 4643 1094 4696 supra
1123 4643 1242 4697 cap.
1283 4630 1317 4693 5
1349 4629 1682 4683 declaratum
1706 4638 1810 4693 est,
1849 4646 1879 4683 a
1914 4645 2089 4684 sacris
2117 4632 2320 4696 arceri,
2373 4632 2550 4686 donec
2604 4650 2634 4686 a
2690 4629 2939 4691 diaconis
2972 4629 3320 4693 sulticienicr

86 4700 258 4751 iuerint
300 4697 533 4775 egpiati.
568 4697 701 4775 [fiam
736 4700 840 4775 (uti
866 4714 927 4753 ex
961 4699 1064 4752 hoc
1089 4698 1208 4775 loco
1233 4699 1471 4775 Dionysii
1498 4701 1651 4754 docet
1679 4699 1736 4754 S.
1759 4699 2029 4775 Thomas,
2068 4709 2316 4775 partem
2343 4741 2357 4763 ,
2386 4704 2686 4775 quaestione
2721 4705 2808 4769 6i,
2837 4718 2943 4759 art.
2988 4710 3038 4769 l,
3080 4712 3145 4760 ad
3180 4711 3228 4775 l,
3262 4723 3318 4763 et

85 4781 250 4833 qua-st.
304 4771 395 4835 67,
429 4779 539 4849 art.
573 4770 603 4849 1⁸
628 4772 667 4849 )_,
696 4773 764 4823 ad
793 4771 1051 4824 diaconos
1075 4770 1380 4849 pertinebat
1419 4769 1924 4849 mun_tis__expiamli,
1959 4771 2011 4824 id
2052 4782 2138 4824 est
2160 4769 2419 4849 ,_cjicerc'
2460 4774 2789 4839 immundos,
2828 4786 2883 4849 et
2918 4779 3106 4849 lidcles
3136 4769 3320 4849 dispo-

94 4851 220 4913 nere
255 4855 352 4913 per
382 4840 903 4913 admonitiones,Aut
930 4855 960 4893 a
991 4840 1367 4913 sacerdotibus
1399 4838 1594 4913 deinde
1619 4840 2012 4913 illuminentur.
2042 4856 2109 4895 ac
2141 4838 2299 4909 digne
2350 4852 2691 4895 sacramenta
2726 4846 3050 4913 suscipiant.

139 4907 496 4977 §ll.’Mcdius
546 4920 719 4962 autem
741 4911 899 4973 ordo,
931 4920 1043 4964 etc.
1078 4910 1335 4978 Intelligit
1363 4909 1609 4963 ordinem
1638 4911 1924 4973 laicorum,
1952 4913 2043 4979 qui
2078 4907 2355 4978 baptismo
2390 4923 2601 4964 tantum
2637 4914 2834 4967 initiati
2860 4907 2986 4969 sunt
3019 4933 3033 4970 :
3080 4918 3132 4971 hi
3162 4921 3311 4974 enim

86 4980 221 5054 [aelii
251 4990 379 5033 sunt
428 4983 585 5054 inter
602 4984 1022 5054 catechumenos
1044 4980 1135 5048 qui
1160 4992 1463 5049 purgantur
1487 4981 1554 5031 ad
1587 4982 1947 5054 baptismum,
1981 4993 2037 5035 et
2065 4983 2206 5054 inter
2250 4984 2725 5038 communicantes
2776 4986 2869 5053 qui
2919 4988 3305 5054 perticiuntnr.

88 5044 217 5121 llum:
241 5062 423 5104 autem
469 5052 717 5104 ordinem
749 5051 922 5118 plebis
949 5044 1372 5121 δοιιιὲικίγοόοι
1419 5057 1474 5102 et
1521 5044 1994 5119 contemplativa;
2037 5052 2163 5121 quia
2231 5053 2488 5105 nimirum
2544 5054 2609 5104 ad
2662 5044 2963 5110 contiutuin
2997 5059 3310 5113 divinorum

85 5119 427 5197 syiiiboloruitt
471 5120 801 5186 admittitur,
828 5136 949 5197 cum
977 5121 1048 5197 sit
1071 5122 1137 5173 ad
1168 5120 1990 5197 illuminandqusacerdotibus
2018 5119 2367 5197 coiinnissus,
2402 5132 2481 5197 ut_
2513 5124 2607 5175 liat
2640 5123 2945 5193 aliquarum
2992 5128 3311 5197 intelligen-

87 5190 253 5263 tiarum
280 5207 395 5263 pro
440 5203 604 5263 captu
634 5205 732 5244 suo
755 5203 809 5245 et
844 5191 1109 5260 dignitate
1140 5190 1431 5263 particeps,
1466 5192 1936 5263 quodetiatnnnin
1972 5209 2070 5263 per
2112 5194 2423 5247 sacerdotes
2470 5192 2524 5246 in
2553 5190 2911 5250 concionibus
2935 5209 2991 5252 et
3019 5190 3310 5254 catholicis

88 5259 493 5333 institutionibus
530 5262 619 5333 Alit,
645 5276 767 5329 qua:
804 5259 1133 5333 nonidebent
1156 5262 1319 5314 nimis
1348 5276 1467 5315 esse
1490 5260 1777 5333 sublimes,
1809 5263 1903 5316 sed
1934 5259 1998 5315 ad
2032 5266 2133 5333 pia:
2162 5265 2334 5333 plebis
2383 5275 2602 5331 captum
2642 5271 3066 5322 accommodata
3091 5309 3105 5329 .
3140 5284 3195 5323 ιιι
3225 5272 3315 5324 hic

86 5330 613 5410 sanctusbionysius
643 5332 1009 5410 commendat.
1045 5330 1230 5410 Neque
1252 5333 1608 5410 eninromnia
1635 5331 1781 5398 plebi
1810 5330 2323 5410 prOpalaiida_'_suiit,
2342 5330 2607 5410 _cum_nec
2624 5335 2834 5410 Moyses
2877 5354 3051 5410 neque
3080 5353 3309 5410 septua-

87 5401 210 5462 ginta
248 5403 564 5457 ilharcana:
591 5401 727 5471 legis
756 5402 1129 5471 intelligentia:
1152 5403 1341 5471 periti,
1377 5401 1526 5456 illam
1556 5413 1830 5457 secretam
1863 5404 2001 5473 legis
2029 5405 2449 5475 intelligentiam
2484 5405 2540 5458 in
2595 5401 2785 5477 vulgus
2835 5401 3197 5483 proluderidt.

1390 5559 1627 5616 VARUE
1672 5561 1834 5619 LEC'Z
1856 5559 2081 5618 IONES.

140 5720 176 5751 ‘°
202 5721 571 5785 ἀλασώζούσα,
604 5719 661 5773 S.
732 5720 767 5751 “
802 5713 909 5773 οἷον
937 5736 1039 5774 non
1073 5721 1270 5775 habent
1305 5720 1347 5774 D
1402 5721 1457 5774 Si
1553 5720 1591 5750 ¹²
1622 5718 1670 5771 ὐῖ

1848 5738 1950 5786 τας,
1986 5723 2040 5777 [δ.
2072 5723 2128 5778 I‘.
2215 5725 2252 5754 ²³
2284 5722 2580 5777 θεοπτικῶν
2618 5723 2677 5779 Ρ.
2718 5726 2773 5781 S.
2876 5725 2914 5756 "t
2955 5727 3045 5780 καὶ
3093 5727 3288 5782 τελειώ

87 5800 216 5858 θεων,
253 5800 307 5851 δ.
388 5795 429 5827 ⁸⁵
468 5792 737 5855 θεοειόῶς,
776 5796 832 5847 [9.
878 5794 918 5823 ⁸⁵
948 5792 1179 5855 ὲκείνας.
