3730 6288
104 318 193 373 541

683 317 769 372 DE
808 316 1086 372 ECCLES.
1126 314 1530 381 HlERARClI.,
1564 315 1721 371 CAP.
1760 316 1850 371 Vl.
1885 346 1955 359 --
1987 312 2333 371 PARAPHR.
2372 311 2836 368 PACHYMERIE.

3266 312 3372 368 562

106 435 279 505 μένων
324 433 499 497 ἐστὶν,
529 434 1094 505 ἀνακεφαλαιούμενος
1116 432 1214 498 τὰς
1253 451 1361 487 των
1399 431 1667 486 τελούντω

1847 432 1893 483 ni
1926 438 2342 491 consecrantur,
2392 436 2505 482 tres
2543 427 2661 483 illos
2697 442 2886 483 saeros
2914 426 3141 484 ordines
3175 443 3369 484 recen-

102 531 246 599 τρεῖς
286 527 500 593 τάξεις,
528 527 637 581 τῶν
676 525 960 599 ἱεραρχῶν,
999 526 1106 579 τῶν
1148 525 1551 597 πρεσϐυτέρων,
1578 524 1687 577 τῶν

102 618 364 671 διακόνων
387 658 402 682 ,
431 612 508 671 ὧν
558 618 759 689 ἑκάστῃ
787 617 1235 689 ἀποκεκλήρωται
1262 619 1295 688 ἡ
1318 619 1687 688 ,προσήκουσα

102 709 329 779 δύναμις
355 710 453 763 καὶ
480 711 749 782 ἐνέργεια,
775 712 807 781 ἠ
836 710 1159 782 καθαρτικὴ,
1188 712 1348 785 φημὶ,
1377 713 1410 781 ἡ
1437 727 1690 779 φωτιστι-

103 802 189 874 κὴ,
218 804 316 855 καὶ
340 805 373 873 ἡ
418 804 766 875 τελειωτική·
799 806 846 856 εί
887 803 959 874 μὴ
985 802 1094 875 γὰρ
1132 802 1429 873 δυνηθεῖεν,
1476 805 1577 857 οὐκ
1622 804 1688 858 ἂν

103 896 441 965 ὲνεργήσειε.
470 895 635 965 Λέγει
660 899 753 951 καὶ
793 898 1051 966 περὶτῶν
1085 898 1422 967 τελουμένων
1458 897 1686 961 τάξεων,

104 987 297 1051 αἵτινές
322 990 431 1040 εἰσι
455 988 867 1061 καθαιρόμεναι,
891 989 1272 1061 φωτιζόμεναι,
1294 989 1683 1060 τελειούμεναι’

104 1079 394 1150 τοιγαροῦν
437 1084 579 1135 εἰσιν
618 1081 803 1135 αἰτῶν
848 1082 1267 1152 κατηχουμένων
1306 1081 1531 1135 καὶτῶν
1568 1082 1687 1133 ένο-

105 1170 412 1241 χλουμένων
438 1174 535 1226 καὶ
558 1172 635 1226 ἔτι
656 1172 765 1225 τῶν
791 1170 1072 1243 ὲμπαθῶν,
1100 1173 1194 1224 καὶ
1215 1170 1323 1224 τῶν
1349 1172 1407 1223 ὲν
1432 1169 1688 1253 μετανοίᾳ

104 1262 362 1332 πληθύες,
382 1263 505 1317 ἔστι
533 1265 632 1335 μὲν
653 1267 825 1317 εἰπεῖν
849 1265 940 1317 καὶ
964 1267 1080 1317 κατ’
1104 1264 1335 1336 ἀριθμὸν
1356 1263 1464 1316 τῶν
1491 1263 1690 1316 ἁπλου-

106 1352 327 1422 στέρων,
360 1355 558 1426 ἐπειδὴ
588 1356 678 1407 ἐπὶ
706 1354 865 1408 πλέον
889 1356 949 1408 τὸ
972 1355 1160 1418 κακὸν,
1187 1357 1273 1407 ἐπ’
1300 1353 1519 1407 ἔλαττον
1547 1354 1603 1407 δὲ
1628 1352 1690 1406 τὸ

104 1440 299 1508 ἀγαθόν
350 1444 493 1496 ἐστι.
552 1446 707 1496 Ἔστι
750 1444 806 1497 δὲ
847 1446 945 1497 καὶ
994 1444 1320 1515 κρειττόνως
1365 1445 1559 1507 εἰπεῖν,
1606 1443 1688 1496 ὃτι

104 1530 281 1601 ἐπειδὴ
309 1532 443 1595 τοὺς
472 1532 551 1602 τῷ
594 1532 711 1603 Θεῷ
754 1532 1213 1603 προσεγγίζοντας
1253 1534 1328 1597 ὡς
1368 1533 1689 1605 ἑνουμένους

102 1616 172 1687 τῷ
196 1619 276 1671 ἐνὶ
299 1620 563 1683 ὲνοειδεῖς
592 1638 774 1693 φησιν,
802 1621 1024 1686 εἰκότως
1048 1624 1095 1674 οἱ
1118 1620 1209 1674 τοῦ
1240 1622 1356 1685 ένὸς
1385 1623 1690 1695 ἀφιστάμε-

102 1727 194 1772 νοι,
220 1711 468 1781 πληθύες
495 1712 708 1782 ρηθεῖεν
734 1713 800 1767 άν
822 1731 836 1743 ·
866 1715 960 1766 καὶ
982 1714 1091 1784 ὅσῳ
1117 1712 1483 1785 πορρώτερον,
1500 1714 1688 1768 τοσοῦ-

1791 531 1894 577 set.
1913 522 2119 577 scilicet
2136 521 2880 589 episcoporum,saeerdotum
2906 530 2962 575 et
2989 522 3367 587 diaconorum,

1790 626 2019 678 quormn
2044 611 2264 683 cuilibet
2290 611 2465 681 virtus
2484 611 2812 665 conveniens
2831 622 2883 665 et
2907 612 3154 681 operatio
3174 622 3262 666 est
3286 612 3369 665 at-

1797 705 2038 769 tributa,
2100 702 2376 772 expiandi,
2429 702 2669 771 inquam,
2722 703 3055 757 illuminandi
3092 713 3148 758 et
3202 705 3366 773 perli-

1790 791 2001 857 eiendi;
2037 792 2138 846 nisi
2166 793 2311 846 enim
2346 793 2544 847 virtute
2575 803 2918 863 prmstarent,
2951 795 3023 849 nil
3057 794 3364 850 efﬁcerent.

1791 882 1916 951 Agit
1948 884 2113 937 etiam
2147 884 2214 937 de
2243 884 2535 939 ordinibus
2565 887 2658 952 qui
2689 896 3105 950 consecrantur,
3152 895 3209 939 ut
3239 894 3367 940 sunt

1792 976 1906 1039 isti,
1938 975 2031 1044 qui
2073 977 2389 1044 expiantur,
2425 974 2826 1041 illmninantur,
2858 978 3257 1047 perﬁciuntur;
3286 978 3367 1033 si-

1791 1070 2009 1139 quidem
2028 1081 2153 1123 sunt
2170 1069 2337 1124 etiam
2357 1071 2898 1135 catecliumenorum,
2919 1080 2973 1125 et
2992 1072 3367 1137 obsessorum,

1790 1173 1846 1216 et
1877 1163 2257 1231 impotentium
2289 1172 2343 1216 et
2369 1162 2755 1230 pmnitentium
2781 1165 2979 1231 turbae,
3003 1166 3084 1220 sic
3106 1165 3250 1221 enim
3277 1182 3373 1225 eas

1796 1232 1958 1307 liceat
1990 1252 2263 1321 appellare
2293 1263 2543 1321 respectu
2580 1255 2792 1311 numeri
2827 1256 3200 1324 innoxiorum,
3233 1275 3369 1329 quo~

1793 1346 1936 1400 niam
1964 1346 2161 1399 malum
2198 1356 2281 1399 est
2311 1344 2679 1414 frequentius,
2713 1358 2770 1401 et
2798 1347 2999 1403 bonum
3031 1353 3232 1406 rarius.
3270 1352 3371 1409 Vc!

1791 1440 1972 1508 potius
2001 1440 2310 1502 dicendurm,
2353 1441 2498 1508 quod
2537 1455 2660 1493 cum
2711 1442 2776 1494 ad
2814 1442 3370 1514 Deum'acccdentes,

1792 1542 2050 1601 tanquam
2089 1531 2167 1585 illi
2202 1531 2294 1585 uni
2330 1531 2680 1599 coniunctos,
2718 1534 2884 1587 etiam
2920 1535 3228 1593 uniformes
3276 1554 3373 1593 vo-

1791 1633 1900 1689 cet,
1934 1623 2132 1679 merito
2163 1624 2255 1693 qui
2285 1624 2354 1679 ab
2383 1639 2492 1677 uno
2526 1624 2619 1677 illo
2655 1626 2867 1679 distant
2899 1628 3075 1683 turba:
3103 1644 3199 1684 seu
3232 1632 3372 1686 mul-

1794 1716 2053 1771 titudines
2093 1716 2460 1786 appellentur,
2509 1716 2675 1787 256
2703 1727 3019 1788 quantoque
3066 1724 3239 1792 magis
3283 1724 3368 1779 di—

102 1800 265 1868 τόνγε
292 1800 774 1872 πληθυνθήσονται
795 1821 807 1831 ’
838 1806 886 1855 εί
912 1805 1006 1858 καὶ
1035 1804 1107 1874 μὴ
1139 1804 1259 1856 κατ’
1288 1804 1519 1875 ἀριθμόν
1543 1806 1668 1858 είσιι

1847 1817 1954 1871 int,
1995 1816 2146 1861 tanto
2194 1807 2368 1878 magis
2401 1810 2870 1879 multiplicemur;
2905 1811 3037 1868 licet
3062 1816 3368 1870 secundum

101 1894 474 1964 ἐκτεταμένοι,
507 1895 622 1948 ἀλλ’
646 1894 813 1963 ὀλίγοι
838 1895 981 1959 τινὲς
1006 1899 1099 1949 καί
1125 1896 1499 1969 εὐαρίθμητοι.
1529 1898 1679 1971 Atat:

104 1986 204 2057 ρῶν
225 1982 320 2039 οὖν
343 1986 449 2051 τὰς
474 1987 587 2041 τῶν
614 1989 1023 2061 καθαιρομένων
1054 1988 1255 2056 τάξεις,
1273 1990 1399 2053 τοὺς
1427 1989 1526 2061 μὲν
1548 2006 1680 2042 κατ-

102 2079 428 2149 ηχουμένους
475 2080 626 2149 λέγει
666 2081 986 2152 μαιεύεσθαι
1030 2081 1182 2153 παρὰ
1237 2080 1347 2135 τῶν
1398 2082 1677 2145 διακόνων,

102 2171 185 2223 καὶ
218 2170 567 2240 μορφοῦσθαι
606 2174 686 2235 είς
729 2173 964 2245 ζωτικὴν
1006 2173 1103 2245 τὴν
1140 2173 1229 2226 διά
1262 2174 1363 2245 τῆς
1403 2173 1679 2243 κολυμϐή-

102 2260 223 2329 θρας
255 2262 521 2329 ἀπότεξιν
547 2280 561 2293 ·
604 2264 730 2327 τοὺς
768 2264 824 2317 δὲ
862 2264 1131 2334 ἐμπαθεῖς
1168 2264 1555 2317 ἀνακαλεῖσθαι
1593 2262 1680 2316 διὰ

99 2351 191 2420 τῆς
211 2352 321 2405 τῶν
347 2353 553 2421 λογίων
580 2354 937 2423 ἀναγνώσεως
961 2373 974 2385 ·
1012 2357 1138 2420 τοὺς
1158 2347 1219 2408 δὲ
1266 2355 1679 2426 ἐνοχλουμένους

100 2442 241 2514 παρά
260 2443 373 2497 τῶν
413 2445 673 2498 ἐναντίων
701 2447 879 2514 φόϐων
906 2446 1371 2519 ὲπιρῤωννύεσθαι
1394 2464 1407 2477 ·
1447 2448 1573 2509 τοὺς
1619 2448 1678 2499 ὲν

103 2536 349 2606 μετανοίᾳ
376 2538 448 2589 ὲκ
471 2536 585 2589 τῶν
610 2539 866 2609 χειρόνων
906 2539 1258 2610 μετάγεσθαι,
1302 2540 1398 2593 καὶ
1435 2540 1561 2603 τοὺς
1603 2538 1678 2610 μὴ

100 2634 371 2697 παντελῶς
395 2634 777 2705 καθαρθέντας
801 2637 1096 2708 λαμϐάνειν
1120 2639 1182 2691 τὸ
1206 2639 1341 2709 πρὸς
1366 2639 1436 2692 τά
1463 2638 1678 2710 χείρονα

98 2721 511 2794 ἀνεπίστροςρονι
569 2724 1044 2779 ’Υποδιασταλτέον
1068 2726 1125 2778 δὲ
1162 2728 1242 2791 είς
1265 2727 1345 2790 τὸ,
1387 2727 1555 2780 οὔπω
1586 2723 1676 2789 δέ,

100 2814 185 2865 καὶ
236 2813 440 2879 ἔξωθεν
488 2815 788 2885 ὲκληπτέον
841 2816 938 2882 τὸ,
999 2815 1215 2883 τελέως
1240 2818 1637 2887 καθαρθείσης
1660 2836 1674 2849 ο

98 2901 229 2954 οὕτω
248 2901 362 2972 γὰρ
382 2903 448 2954 τὸ
470 2903 572 2972 τῆς
595 2904 802 2966 ἐννοίας
828 2903 1151 2975 σωθήσεται.

150 3000 176 3071 §
217 3002 279 3055 II.
319 3003 516 3056 Εἰπὼν
572 3003 629 3055 δὲ
671 3004 800 3074 περὶ
836 3004 946 3057 τῶν
983 3004 1397 3077 καθαιρομένων
1450 3004 1675 3073 τάξεων,

99 3090 157 3155 ἃς
182 3093 331 3165 παρά
356 3096 472 3148 τῶν
496 3096 757 3149 διακόνων
795 3094 915 3150 εἶπε
943 3097 1280 3167 μαιεύεσθαι,
1306 3099 1399 3152 καὶ
1424 3100 1504 3163 εἰς
1545 3100 1677 3152 ὑπο-

99 3186 246 3257 δοχὴν
270 3188 367 3241 τοῦ
396 3188 582 3257 φωτὸς
608 3189 1044 3261 εὐτρεπίζεσθαι,
1070 3191 1169 3262 ἤδη
1198 3190 1553 3262 διαλαμϐάνει
1581 3194 1675 3245 καὶ

100 3280 215 3349 περὶ
254 3280 355 3351 τῆς
404 3281 522 3333 τῶν
568 3282 948 3355 φωτιζομένων
991 3282 1217 3349 τάξεως,
1256 3285 1323 3355 ἢν
1366 3285 1460 3338 καὶ
1503 3285 1676 3356 μέσην

100 3372 238 3441 φησὶ,
261 3374 361 3443 τῆς
387 3390 453 3425 τε
480 3373 683 3445 δηλαδὴ
706 3376 1025 3446 καθάρσεως
1053 3377 1148 3429 καὶ
1179 3375 1279 3445 τῆς
1302 3374 1633 3440 τελειώσεως
1658 3395 1670 3407 ·

99 3463 183 3513 xui
205 3462 554 3535 θεωρητικὴν
577 3463 743 3533 λέγει,
772 3466 848 3529 ὡς
890 3466 1201 3539 ἠξιωμένην
1228 3467 1329 3537 τῆς
1368 3466 1518 3530 θείας
1543 3467 1675 3520 θεω-

103 3552 208 3621 ρίας
228 3556 321 3609 xui
344 3554 586 3624 ὲποψίας
610 3573 623 3586 ⁸
654 3557 802 3626 λέγει
825 3558 881 3614 δὲ
919 3560 1047 3623 τοὺς
1071 3561 1129 3613 ὲν
1150 3558 1227 3629 τῷ
1251 3558 1381 3630 ἱερῷ
1415 3558 1531 3629 λαῷ
1555 3558 1669 3612 oio-

99 3644 315 3717 κλήρους
360 3649 461 3701 καὶ
501 3649 955 3721 άνεπιτιμήτουςο
1001 3646 1145 3705 οὗτοι
1187 3651 1315 3723 γὰρ,
1361 3652 1675 3723 ἀποκαθαρ-

101 3734 288 3803 θέντες,
313 3743 433 3804 τοῖς
460 3740 789 3808 φωτίζουσιν
817 3743 1228 3816 ἐγχειρίζονται.
1258 3746 1367 3800 Καὶ
1406 3746 1514 3816 γάρ
1555 3746 1673 3797 ὲστι

98 3826 262 3894 δῆλον,
284 3830 361 3893 ὡς
386 3832 422 3901 ἡ
454 3829 794 3900 καθαρθεῖσα
814 3832 965 3897 τάξις
993 3834 1172 3906 πάσης
1197 3835 1429 3907 κηλῖδος,
1455 3838 1549 3890 καὶ
1573 3837 1671 3908 τὴν

98 3918 182 3970 τοῦ
207 3921 323 3986 νοδς
350 3923 574 3993 κίνησιν
600 3923 709 3979 ἀπὸ
732 3924 931 3988 παντὸς
956 3925 1159 3989 πάθους
1184 3927 1555 3997 διαφυλάξασα
1579 3930 1671 3981 ἐπὶ

98 4009 186 4077 τὴν
232 4010 586 4083 θεωρητικὴν
633 4012 745 4079 ἕξιν
792 4014 1094 4083 ἀνάγεται,
1140 4018 1234 4070 καὶ
1274 4022 1519 4072 κοινωνεῖ
1559 4022 1672 4081 τοῖς

100 4098 372 4167 συμϐόλοις
398 4104 461 4154 ὲν
489 4101 695 4173 θεωρίᾳ.
720 4105 813 4157 καὶ
842 4109 1042 4178 μετοχῇ
1071 4107 1250 4165 αὐτῶν
1274 4109 1554 4181 γινομένη,
1578 4110 1671 4162 καὶ

98 4188 155 4241 δι’
189 4190 488 4262 ἀναγωγῆς
524 4193 924 4265 ὰναπτεροῦται
961 4198 1083 4251 καθ’
1122 4199 1244 4257 ὅσον
1280 4199 1359 4253 ἔνι
1408 4200 1541 4273 πρὸς
1578 4201 1670 4255 τὸν

99 4279 224 4334 θεῖον
245 4283 430 4337 αὐτῶν
469 4284 667 4354 ἔρωτα.
700 4286 847 4360 Ὄσῳ
870 4287 979 4361 γὰρ
1000 4289 1073 4349 τά
1106 4291 1349 4363 σύμϐολα
1386 4293 1667 4347 ἀναπτύσ-

99 4387 284 4439 canat,
314 4378 411 4429 καὶ
438 4375 501 4428 τὸ
523 4375 839 4447 ἀπόκρυφον
864 4378 1172 4452 θεωρεῖται,
1200 4382 1437 4454 τοσούτῳ
1460 4383 1617 4436 ποθεῖ
1638 4383 1667 4434 ό

1783 1914 2065 1955 numerum
2100 1914 2205 1952 non
2237 1901 2632 1966 extendantur,
2666 1903 2761 1958 sed
2798 1905 2958 1974 pauci
3006 1907 3120 1960 sint
3165 1916 3222 1961 et
3258 1923 3366 1962 nu-

1783 2000 1994 2044 merato
2024 1989 2232 2044 faciles.
2263 1990 2463 2044 Eorum
2490 1991 2676 2061 itaque
2698 1995 2791 2062 qui
2822 1996 3117 2065 expiantur
3137 1998 3369 2054 ordines

1782 2082 2159 2151 distinguens,
2209 2083 2632 2138 catechumenos
2685 2086 2905 2153 quidem
2958 2086 3040 2140 ait
3099 2086 3275 2143 foveri
3331 2107 3361 2142 a

1787 2165 2057 2241 diaconis,
2087 2186 2139 2228 et
2170 2175 2236 2227 ad
2264 2173 2487 2228 vitalem
2520 2186 2736 2245 partum
2765 2192 2862 2246 per
2892 2178 3171 2233 lavacrmn
3195 2180 3361 2235 eﬁ‘or-

1782 2266 1953 2333 mari;
2005 2265 2347 2335 passionibus
2383 2281 2511 2320 vero
2554 2267 2824 2323 obnoxios
2871 2271 3117 2325 revocari
3154 2273 3231 2326 ait
3261 2290 3365 2343 per

1778 2356 2125 2412 oraculorum
2181 2357 2513 2425 lectionem;
2572 2375 2668 2415 eos
2724 2376 2855 2416 vero
2909 2363 3002 2431 qui
3058 2367 3359 2422 contrariis

1781 2447 2071 2516 pavoribus
2097 2458 2385 2513 vexantur,
2414 2448 2735 2505 conﬁrmari
2766 2466 2780 2516 ;
2816 2455 3141 2520 pmuitenles
3170 2470 3201 2507 a
3228 2471 3348 2510 ma-

1782 2537 1846 2593 lis
1873 2538 2080 2604 reduci,
2125 2550 2180 2594 et
2210 2542 2302 2609 qui
2330 2556 2437 2595 non
2468 2544 2695 2598 omnino
2731 2546 2849 2613 puri
2884 2556 3015 2600 sunt
3056 2546 3158 2601 hoc
3205 2550 3356 2603 acci-

1782 2643 1933 2699 pere,
1962 2643 2028 2683 ne
2055 2629 2109 2683 in
2135 2630 2407 2684 deteriora
2435 2631 2772 2686 relabantur.
2790 2635 3356 2705 Subdistinguendum

1779 2736 1910 2775 vero
1946 2722 2075 2775 illud
2122 2723 2289 2775 οὔπω
2316 2722 2403 2788 δέ,
2444 2725 2533 2777 sed
2568 2726 2821 2790 nondum,
2855 2736 2909 2780 et
2937 2728 3353 2798 subintelligen-

1778 2814 1930 2880 dum,
1962 2813 2188 2884 perfecte
2213 2816 2446 2884 expiati;
2474 2817 2554 2873 sic
2596 2818 2742 2871 enim
2776 2834 2967 2874 sensus
3007 2822 3181 2891 magis
3214 2823 3353 2878 inte.

1776 2921 1873 2976 ger
1894 2908 2022 2961 erit.

1853 3001 1881 3072 §
1926 3000 1987 3055 ll.
2027 3001 2273 3057 Locutus
2306 3016 2441 3057 vero
2482 3002 2549 3056 de
2574 3002 2859 3058 ordinibus
2890 3003 2984 3073 qui
3028 3004 3349 3075 expiantur,

1778 3107 1915 3163 quos
1944 3111 1973 3148 a
2011 3096 2257 3149 diaconis
2288 3093 2457 3148 foveri
2484 3094 2642 3159 dixit,
2675 3104 2730 3148 et
2759 3095 2825 3147 ad
2858 3093 3078 3149 luminis
3152 3112 3343 3154 susce—

1780 3187 2352 3257 ptionempraeparari,
2406 3190 2567 3242 modo
2608 3170 2722 3258 agit
2770 3189 2837 3243 de
2884 3188 3082 3242 ordine
3133 3188 3349 3243 illorum

1776 3282 1868 3349 qui
1902 3279 2294 3343 illuminantur,
2320 3293 2480 3347 quem
2499 3289 2555 3333 et
2581 3280 2817 3333 medium
2849 3281 3108 3351 appellat,
3141 3281 3351 3335 scilicet

1778 3372 1917 3427 inter
1941 3372 2314 3440 expiationem
2348 3378 2404 3423 et
2436 3370 2853 3440 perfectionem,
2876 3382 2933 3426 et
2956 3370 3350 3441 speculativmn

1776 3472 1956 3529 vocat,
1999 3471 2257 3533 tanquam
2290 3462 2475 3517 divina
2519 3462 2992 3534 contemplatione
3029 3474 3083 3518 et
3127 3476 3349 3532 aspectu

1774 3553 2001 3622 dignum
2029 3554 2276 3607 babitum
2301 3569 2318 3619 ;
2353 3552 2617 3623 intelligit
2646 3564 2829 3607 autem
2859 3565 2955 3606 eos
2983 3552 3077 3621 qui
3107 3552 3162 3606 in
3192 3566 3353 3606 sacro

1773 3646 1979 3717 pepqu
2025 3646 2222 3715 integri
2265 3653 2320 3700 et
2368 3644 2885 3716 irreprcbensibiles
2925 3646 3242 3700 exsistunt:
3296 3646 3349 3699 lii

1776 3739 1922 3794 enim
1967 3738 2171 3807 expiati
2203 3735 2472 3791 accedunt
2501 3737 2569 3790 ad
2610 3750 2674 3791 ea
2723 3752 2845 3806 quae
2890 3737 3221 3790 illuminant.
3255 3736 3324 3789 Et

1771 3832 1916 3885 enim
1968 3828 2315 3884 manifestum
2361 3838 2482 3893 est,
2536 3829 2786 3883 ordinem
2840 3828 2991 3882 illum
3046 3829 3196 3881 omni
3231 3826 3348 3897 jam

1772 3922 1985 3977 macula
2018 3922 2318 3991 expiatum,
2358 3930 2414 3973 et
2453 3921 2655 3972 mentis
2690 3928 2896 3972 motum
2926 3920 2997 3972 ab
3041 3919 3189 3972 omni
3221 3935 3349 3988 per-

1772 4014 2088 4068 turbatione
2133 4011 2511 4073 cobibentem,
2555 4010 2623 4063 ad
2658 4008 3143 4078 contemplativum
3190 4009 3348 4064 habi-

1773 4116 1887 4161 tum
1918 4104 2139 4170 adduci,
2171 4113 2333 4171 atque
2357 4103 2602 4172 ipsismet
2631 4100 2911 4176 symbolis,
2943 4114 3067 4154 cum
3099 4110 3347 4155 contem-

1771 4198 1968 4272 plando
1994 4207 2107 4250 tum
2135 4194 2515 4266 participando
2547 4193 2974 4260 communicare,
2996 4204 3052 4249 et
3083 4209 3182 4264 per
3206 4209 3344 4248 ana-

1769 4301 1940 4357 gogen
1984 4286 2050 4339 ad
2092 4283 2333 4337 divinum
2378 4283 2695 4338 eorumdem
2752 4298 2993 4338 amorem
3036 4284 3343 4340 subvolare.

1770 4380 2043 4446 Quantum
2072 4376 2220 4431 enim
2249 4374 2496 4446 symbola
2520 4374 2889 4445 explicantur,
2919 4386 2975 4432 et
3006 4382 3148 4446 quod
3180 4393 3345 4433 arca-

100 4468 324 4539 μετέχων
348 4469 495 4522 κατά
517 4486 638 4522 τινα
660 4469 799 4525 θεῖον
822 4474 917 4531 καὶ
938 4473 1246 4546 ἀπόρρητον
1267 4482 1460 4548 ερωτα.
1483 4476 1665 4531 Εἰπὼν

1850 4487 1902 4526 ιιι
1934 4480 2016 4525 est
2050 4460 2314 4534 cernitur,
2349 4469 2684 4523 tantumdem
2715 4470 3031 4525 eorumdem
3061 4472 3337 4541 particeps

97 4560 211 4629 πρί
231 4578 289 4613 τε
310 4561 425 4613 τῶν
451 4559 887 4632 καθαιρομένων,
914 4564 1041 4636 περί
1065 4583 1124 4618 τε
1149 4566 1257 4619 τῶν
1280 4568 1666 4640 φωτιζομένων

95 4652 303 4720 τάξεων,
322 4653 518 4725 ἐπειδὴ
540 4655 681 4708 κατά
701 4658 923 4720 τούτους
946 4659 979 4729 ἠ
1003 4657 1112 4711 τῶν
1136 4660 1476 4730 τελουμένων
1500 4662 1663 4716 ἐστίν.

97 4743 201 4796 Εἰσὶ
239 4747 296 4799 δὲ
337 4745 483 4817 μετά
527 4746 755 4812 πολλοὺς
806 4749 1042 4822 τρόπους
1090 4752 1138 4803 οἱ
1181 4752 1532 4823 τελούμενοι·
1574 4754 1669 4806 καὶ

96 4832 191 4906 γὰρ
224 4839 315 4891 καὶ
354 4840 405 4891 oi
447 4837 527 4908 τῷ
568 4838 901 4910 βαπτίσματι
939 4842 1323 4913 τελειούμενοι,
1351 4846 1519 4897 κα.ὶοὶ
1557 4842 1667 4899 τῶν

98 4922 237 4979 θείων
264 4928 583 5001 μυστηρίων
613 4930 949 5000 μετέχοντες,
974 4933 1065 4985 καὶ
1088 4936 1136 4986 οἱ
1175 4934 1473 5005 ἱερωσύνην
1503 4952 1664 5005 περι-

95 5015 367 5088 τιθέμενοι,
396 5022 494 5074 καὶ
516 5023 565 5073 οἱ
604 5024 903 5093 μοναχικῆς
929 5023 1241 5096 ἀξιούμενοι
1261 5027 1663 5091 καταστάσεως,

98 5108 316 5178 ἅπαντες
348 5114 456 5166 ὑπὸ
476 5112 576 5184 τὴν
598 5111 749 5177 τάξιν
774 5115 886 5167 τῶν
910 5115 1249 5187 τελουμένων
1272 5118 1432 5173 εἰσίν.

160 5308 185 5380 ς
222 5312 311 5364 ill.
343 5312 485 5384 Περὶ
522 5311 631 5365 τῶν
653 5312 827 5367 ἄλλων
852 5314 1246 5385 προδιαλαϐὼν,
1273 5315 1369 5369 νῦν
1392 5317 1521 5389 napi
1560 5316 1662 5387 τῆς

100 5404 381 5473 μοναχικῆς
407 5402 628 5467 διέξεισι
650 5404 1073 5475 τελεσιουργίας,
1092 5408 1168 5479 -ἥν
1193 5406 1287 5460 καὶ
1323 5407 1660 5479 ὑψηλοτέραν

101 5489 266 5555 φησὶν,
291 5493 352 5544 οὐ
382 5492 524 5563 πρὸς
547 5492 645 5563 τὴν
668 5493 775 5548 τῶν
796 5495 1052 5549 τοιούτων
1076 5496 1309 5550 τελετῶν
1332 5500 1442 5553 τῶν
1484 5499 1660 5569 μόνως

98 5574 467 5650 τελειουμένων
517 5582 835 5655 σύγκρισιν
891 5585 993 5638 ποῦ
1040 5587 1147 5658 γάρ
1191 5589 1223 5658 ή
1285 5588 1659 5660 βαπτίσματος

99 5668 325 5741 δύναμις,
351 5675 457 5728 ποῦ
483 5676 539 5729 δὲ
564 5679 596 5748 ἡ
624 5677 725 5747 τῆς
750 5679 1047 5751 ἱερωσύνης
1086 5683 1457 5756 ὑπερκειμένη
1486 5686 1656 5739 κατά-

101 5774 286 5832 στασις,
308 5765 449 5823 ὥστε
476 5767 736 5840 κληθῆναι
761 5770 962 5843 ταύτην
986 5771 1354 5846 ύψηλοτέραν;
1380 5778 1452 5833 Ού
1478 5777 1654 5837 τοίνυν

1773 4564 1965 4619 divino
1996 4564 2228 4633 quodam
2260 4571 2315 4615 et
2362 4575 2570 4615 arcano
2606 4576 2793 4615 amore
2840 4561 3054 4632 ﬂagrat.
3102 4563 3249 4617 Dixit
3279 4566 3346 4618 de

1770 4656 2059 4714 ordinibus
2090 4654 2183 4724 qui
2212 4654 2502 4722 expiantur
2530 4663 2584 4709 et
2614 4655 2705 4724 qui
2738 4655 3134 4720 illuminantur,
3163 4668 3341 4722 quan-

1770 4748 2058 4816 doquidem
2084 4758 2204 4816 post
2226 4748 2325 4802 hos
2347 4748 2419 4803 sit
2445 4749 2581 4802 ordo
2605 4761 2794 4802 eorum
2833 4747 2930 4817 qui
2962 4750 3339 4816 perﬁciuntur.

1771 4838 1924 4893 Multi
1952 4848 2134 4892 autem
2176 4840 2324 4895 modi
2356 4850 2487 4894 sunt
2530 4840 2729 4907 quibus
2773 4842 3135 4909 perﬁciuntur
3167 4857 3182 4893 :
3216 4857 3339 4895 nam

1768 4946 1825 4990 et
1849 4936 1904 4989 in
1939 4935 2208 5005 baptismo
2243 4935 2408 5005 aliqui
2442 4934 2820 5003 perficiuntur,
2854 4944 2909 4988 et
2956 4935 3009 4987 iu
3050 4949 3341 4992 sacrorum

1770 5030 2162 5099 mysteriorum
2206 5028 2649 5097 participatione,
2688 5038 2741 5080 et
2774 5028 2828 5081 in
2868 5042 3153 5081 sacrorum
3193 5030 3341 5082 ordi-

1768 5140 1897 5179 num
1930 5124 2300 5194 susceptione,
2329 5134 2385 5177 et
2424 5124 2478 5178 in
2510 5126 2817 5179 monastico
2867 5133 3036 5190 statu,
3080 5125 3173 5194 qui
3212 5140 3339 5181 sunt

1766 5230 1959 5269 oumes
1985 5218 2084 5270 sub
2114 5215 2305 5270 ordine
2330 5215 2546 5269 illorum
2579 5216 2672 5285 qui
2710 5216 3099 5286 perﬁciuntur.

1842 5307 1871 5378 §
1909 5306 1996 5361 ιιι.
2050 5306 2187 5361 Cum
2234 5316 2415 5360 autem
2464 5305 2533 5361 de
2565 5307 2690 5361 aliis
2728 5318 2890 5362 antea
2935 5310 3132 5379 egerit,
3175 5311 3339 5366 modo

1766 5408 1969 5454 tractat
1994 5398 2064 5454 de
2106 5400 2409 5453 monastica
2453 5401 2898 5461 consecratione.
2936 5415 3099 5470 quam
3145 5411 3201 5457 et
3238 5419 3333 5457 su-

1766 5493 2074 5549 blimiorem
2106 5502 2282 5555 vocat,
2311 5506 2418 5545 non
2442 5492 2851 5561 comparatione
2897 5492 3111 5547 illorum
3146 5508 3334 5549 sacra-

1764 5599 2073 5644 mentorum
2116 5601 2235 5655 quae
2297 5584 2410 5639 sola
2462 5587 2878 5641 consecratione
2929 5587 3332 5656 perﬁciuntur,

1761 5682 1854 5737 ubi
1886 5680 2029 5733 enim
2069 5686 2217 5732 ecset
2260 5677 2434 5733 virtus
2468 5678 2834 5749 baptismatis,
2884 5681 2973 5736 ubi
3037 5680 3331 5737 sacerdotii

1761 5776 2013 5835 eminens
2049 5771 2141 5828 illc
2175 5779 2375 5841 status,
2422 5772 2567 5843 quod
2600 5772 2712 5830 licet:
2753 5774 3037 5833 sublimior
3078 5773 3333 5831 dicatur!
