3730 6298
372 281 485 340 ειδ

1556 293 1613 349 S.
1658 291 1951 349 DIONYSII
1989 292 2449 352 AREOPAGITA‘I

3524 315 3628 369 είιι

383 399 500 455 Non
547 396 730 469 itaque
761 403 1173 471 comparatione
1205 404 1424 462 illorum
1468 412 1562 480 qui
1602 410 1716 468 sola
1751 425 1853 466 con

2156 420 2199 475 ὣς
2226 412 2511 484 σύγκρισιν
2550 414 2660 469 τῶν
2690 418 2863 489 μόνως
2897 420 3289 494 τελειουμένων
3334 425 3629 498 ὑψηλοτέρα

383 496 628 549 cratione
672 494 1031 563 perﬁciuntur
1067 498 1355 554 sublimior
1399 511 1507 567 est,
1561 502 1657 559 sed
1701 514 1952 571 respectu

382 585 523 638 ritus
548 584 709 655 257
732 585 1067 653 expiationis
1103 597 1160 642 et
1185 603 1435 659 respecut
1465 592 1601 647 ritus
1634 594 1957 649 illustratio-

382 676 498 740 nis.
550 677 797 755 haec'est
837 679 1149 738 sublimior.
1202 682 1483 751 Siquidem
1532 687 1649 743 haec
1702 696 1955 757 tanquam

381 766 643 834 medium,
677 769 891 823 scilicet
920 784 1113 825 eorum
1143 773 1235 842 qui
1283 773 1680 843 illuminantur,
1709 778 1956 832 ordinem

384 862 814 927 transcenderis,
853 873 967 917 tres
996 864 1166 919 etiam
1199 866 1253 920 in
1286 881 1346 923 se
1389 869 1753 938 proprietates
1784 871 1962 925 conti-

379 959 493 1015 net,
529 952 812 1021 expiandi,
854 955 1198 1011 illuminandi
1234 968 1288 1012 et
1320 958 1659 1027 perﬁciendi,
1696 962 1839 1016 sicut
1876 971 1960 1016 est

381 1044 635 1113 Superius
658 1046 1011 1115 explicatum.
1035 1047 1155 1102 Non
1181 1050 1302 1105 dico
1326 1062 1574 1121 respectu
1604 1067 1959 1122 personarum

382 1146 834 1191 consecratarunt
865 1152 880 1191 :
915 1155 1041 1193 nam
1074 1140 1167 1211 qui
1202 1142 1532 1211 baptismate
1564 1143 1762 1198 initiati
1809 1151 1959 1206 sunt,

384 1230 550 1284 medii
598 1241 729 1285 sunt
755 1232 989 1299 ordinis,
1024 1244 1081 1289 et
1120 1251 1248 1304 pars
1292 1251 1466 1291 sacra:
1510 1236 1723 1306 plebis;
1765 1237 1962 1307 quibus

382 1322 547 1376 etiam
602 1323 768 1377 nmlta
822 1326 1251 1394 permittuntur,
1304 1342 1500 1398 nempe
1551 1330 1766 1398 nuptias
1812 1328 1960 1384 cele-

385 1413 571 1478 brare,
624 1415 886 1481 militare,
920 1416 1083 1485 hujus
1121 1419 1250 1473 vita:
1293 1420 1509 1489 negotia
1550 1428 1811 1475 tractare.
1857 1421 1959 1487 Qui

385 1521 522 1561 vero
564 1509 873 1565 sacerdotio
904 1513 1081 1565 ornati
1128 1521 1278 1578 sunt,
1324 1527 1425 1567 nec
1479 1513 1580 1582 ipsi
1632 1528 1850 1584 quoque
1894 1514 1962 1567 ab

385 1602 648 1658 omnibus
672 1603 952 1658 abstinere
980 1618 1045 1659 ac
1077 1618 1296 1659 cessare
1340 1606 1543 1660 debent
1572 1623 1586 1658 :
1620 1621 1746 1659 nam
1774 1620 1962 1661 sacer-

385 1693 545 1749 dotes
592 1693 732 1747 alios
773 1694 1089 1764 perﬁciunt,
1125 1705 1181 1750 et
1212 1696 1355 1751 hanc
1401 1697 1471 1751 ob
1518 1712 1743 1752 causam
1792 1697 1959 1750 multa

2056 502 2217 575 αὖτη,
2246 505 2381 558 ἀλλὰ
2414 507 2549 578 πρός
2589 526 2649 561 τε
2674 508 2770 581 τὴν
2792 513 2893 582 τῆς
2920 514 3241 587 καθάρσεως
3263 518 3499 590 τελετὴν,
3537 529 3632 577 καί

2056 594 2193 665 πρὸς
2231 596 2332 666 τὴν
2371 598 2466 660 τοῦ
2511 602 2792 671 φωτισμοῦ
2837 604 3078 676 τελετὴν,
3126 608 3265 678 αὕτη
3311 609 3629 684 ὐῂλοτέρα.

2055 687 2203 758 Αὕτη
2230 689 2338 759 γὰρ
2366 688 2441 753 ὡς
2466 690 2874 775 ὑπερδεδηκυῖα
2896 697 2995 767 τὴν
3038 698 3212 770 μέσην
3238 701 3414 767 τάξιν,
3440 704 3633 775 δηλαδὴ

2056 780 2154 852 τὴν
2176 781 2287 835 τῶν
2316 770 2720 855 φωτιζομένων,
2762 789 2857 841 καὶ
2891 789 2991 853 τὰς
3016 791 3126 845 τῶν
3164 793 3333 864 τριῶν
3373 770 3633 868 ἰδιότητας

2060 872 2215 944 φέρει
2263 875 2320 927 ὲν
2364 875 2551 947 ἑαυτῇ,
2589 877 2688 947 τὴν
2731 879 3019 951 κάθαρσιν,
3059 885 3152 937 τὸν
3199 888 3496 958 φωτισμὸν,
3538 891 3633 961 τὴν

2057 966 2355 1030 τελείωσιν,
2385 967 2564 1032 καθὼς
2596 970 2891 1044 κατωτέρω
2926 972 3198 1039 διέξεισιν.
3240 978 3314 1030 Οὐ
3358 978 3516 1047 λέγω,
3554 984 3633 1034 ὅτι

2060 1060 2156 1112 καὶ
2179 1059 2313 1130 πρὸς
2336 1061 2437 1130 τὴν
2475 1059 2584 1113 τῶν
2606 1062 2942 1133 τελουμένων
2970 1066 3277 1137 προσώπων
3305 1071 3596 1141 παράθεσιν
3615 1090 3629 1102 ·

2059 1151 2191 1203 οἵτε
2216 1150 2323 1233 γάρ
2346 1150 2656 1221 τελούμενοι
2693 1152 2771 1223 τῷ
2810 1154 3146 1227 βαπτίσματι
3182 1160 3285 1230 τῆς
3323 1160 3494 1233 μέσης
3534 1166 3638 1217 εἰσὶ

2059 1226 2293 1303 τάξεως,
2326 1240 2420 1293 καὶ
2462 1241 2559 1311 τῆς
2589 1243 2741 1311 ἱερᾶς
2782 1226 3027 1310 λαώδους
3062 1226 3280 1320 μοίρας,
3322 1226 3405 1316 οἷς
3548 1256 3638 1306 καὶ

2062 1331 2233 1385 πολλὰ
2255 1333 2486 1401 ἐφεῖται,
2514 1332 2755 1404 δηλονότι
2787 1336 2848 1388 τὸ
2874 1337 3072 1408 γάμοις
3114 1342 3347 1411 ὁμιλεῖν,
3375 1344 3439 1396 τὸ
3481 1363 3638 1417 στρα-

2061 1422 2334 1487 τευεσθαι,
2360 1422 2422 1475 τὸ
2447 1424 2831 1495 πραγματείας
2869 1427 2962 1479 τοῦ
2991 1428 3105 1498 βίου
3148 1432 3635 1505 μεταχειρίζεσθαι.

2064 1515 2130 1568 Οἵ
2149 1532 2209 1567 τε
2247 1517 2312 1585 τῇ
2351 1513 2620 1586 ἱερωσύνῃ
2657 1517 3043 1588 κοσμούμενοι,
3072 1522 3181 1574 οὐδ’
3222 1525 3380 1577 αὐτοὶ
3417 1528 3642 1596 πάμπαν

2062 1608 2124 1661 τὸ
2146 1609 2238 1661 ἐπὶ
2261 1610 2425 1662 πᾶσιν
2449 1609 2706 1680 ἀκίνητον
2731 1611 3034 1680 ὀφείλουσιν
3067 1614 3215 1685 ἔχειν
3237 1619 3331 1671 καὶ
3354 1619 3641 1690 ἀνενέργηο

2065 1718 2187 1754 τονο
2212 1700 2545 1755 τελειωτικοὶ
2580 1702 2691 1776 γὰρ
2728 1704 2837 1757 τῶν
2864 1706 3066 1778 ἐτέρων
3102 1710 3150 1761 ci
3192 1711 3361 1779 ἱερεῖς
3400 1713 3526 1774 είσι,
3555 1714 3644 1766 καὶ

388 1794 581 1855 agunt.
620 1786 722 1852 Qui
762 1801 892 1841 vero
922 1792 1287 1843 monasticum
1315 1789 1627 1844 institutum
1658 1799 1861 1845 sectant

2179 1794 2340 1849 τοῦτο
2365 1796 2537 1851 πολλὰ
2557 1799 2970 1870 ὲνεργήσουσιν.
2998 1803 3060 1854 Oi
3084 1801 3141 1854 δὲ
3178 1801 3321 1855 κατὰ
3352 1804 3451 1874 τὴν
3489 1822 3643 1875 μονα-

388 1878 613 1933 omnino
655 1881 853 1935 mortui
897 1895 1021 1936 esse
1068 1881 1286 1945 debent,
1326 1883 1698 1954 cruciﬁgendo
1734 1900 1962 1939 carnem

391 1984 516 2026 eum
541 1972 891 2040 passionibus
932 1983 988 2028 et
1015 1975 1495 2045 concupiscentiis,
1529 1989 1584 2031 et
1610 1977 1846 2032 vivendo
1877 1995 1967 2033 sa-

388 2064 500 2121 lum
534 2067 645 2122 Deo
677 2075 731 2122 et
770 2067 875 2121 sibi
909 2067 1043 2137 ipsis
1074 2086 1087 2121 :
1123 2069 1240 2124 lucc
1268 2069 1413 2123 enim
1447 2078 1534 2125 est
1566 2071 1752 2126 totalis
1779 2073 1967 2141 expia-

387 2161 470 2213 tio
514 2168 571 2214 et
617 2159 929 2214 omnimoda
984 2162 1197 2228 puritas
1253 2162 1537 2216 actionum
1596 2156 1962 2232 propriarum.

388 2246 507 2305 lloc
536 2251 725 2319 utique
759 2264 866 2303 non
911 2249 1038 2304 dico
1063 2289 1080 2316 ,
1114 2250 1273 2318 quasi
1307 2250 1407 2306 viri
1457 2254 1632 2306 sancti
1681 2268 1879 2324 scopus
1903 2269 1968 2309 eo

388 2356 495 2394 non
532 2351 783 2409 spectet;
813 2340 907 2395 sed
942 2357 1068 2395 cum
1106 2343 1255 2396 aliud
1283 2346 1356 2400 sit
1381 2346 1672 2411 τελεῖσθαι,
1716 2363 1814 2403 seu
1863 2350 1967 2404 ini-

390 2429 538 2488 tiari,
570 2438 625 2483 et
652 2428 800 2483 aliud
829 2429 1189 2495 τελειοῦσθαι,
1218 2449 1311 2488 seu
1340 2436 1524 2506 perﬁci
1552 2453 1616 2492 ac
1645 2442 1967 2495 consecrari

391 2519 541 2588 (nam
589 2519 793 2575 initiari
843 2530 929 2576 est
977 2522 1095 2578 sive
1140 2539 1238 2593 per
1283 2525 1655 2594 expiationem
1701 2527 1816 2584 sive
1868 2544 1967 2599 per

392 2610 868 2678 illuminationem,
917 2614 1115 2685 perﬁci
1152 2631 1282 2672 vero
1308 2628 1392 2673 est
1422 2634 1519 2688 per
1545 2619 1717 2675 solam
1748 2622 1969 2692 proprie

392 2702 594 2758 dictam
635 2705 1079 2778 perfectionem),
1125 2708 1347 2777 praefert
1394 2713 1697 2768 monachos
1726 2713 1833 2769 illis
1876 2714 1968 2783 qui

390 2797 722 2868 simpliciter
759 2799 958 2855 initiati
1004 2810 1151 2868 sunt,
1182 2802 1419 2869 expiatis
1446 2804 1657 2860 scilicet
1686 2814 1742 2861 et
1768 2806 1969 2861 illumi—

392 2890 571 2954 natis;
605 2890 863 2959 quoniam
906 2900 961 2946 et
992 2892 1096 2961 ipsi
1136 2893 1333 2948 initiati
1365 2904 1493 2950 sunt
1519 2899 1966 2967 praestantiores,

392 2997 558 3050 quatn
588 2983 976 3039 catechunteni
1007 2986 1345 3054 expiatione,
1387 2998 1553 3058 atque
1589 2991 1815 3060 insuper
1847 2992 1972 3045 illit-

394 3071 727 3127 tuinatorum
762 3075 1014 3129 ordinem
1046 3078 1399 3144 pra-cedunt,
1447 3093 1616 3148 quem
1644 3091 1701 3135 et
1731 3082 1966 3137 medium

392 3166 650 3235 appellat,
690 3166 942 3223 videlicet
976 3162 1262 3224 laicor’um.
1289 3170 1423 3225 Cum
1452 3188 1583 3228 vero
1615 3189 1815 3230 nomen
1859 3173 1967 3230 ini-

398 3258 650 3313 tiationis
686 3259 816 3329 quid
847 3261 1213 3315 universalius
1249 3263 1320 3316 sit
1349 3278 1512 3333 quam
1549 3281 1749 3323 nomen
1780 3268 1971 3339 perfe-

395 3349 614 3416 ctionis,
664 3350 872 3405 idcirco
913 3367 1021 3407 non
1064 3354 1139 3407 ita
1187 3364 1339 3409 recte
1391 3372 1691 3426 possumus
1742 3375 1865 3414 cum
1906 3372 1972 3413 co

396 3442 651 3498 conferre
703 3445 1101 3500 monachorum
1155 3449 1652 3505 consecrationem.
1707 3450 1971 3506 Cancrum

395 3537 656 3603 quoniam
707 3538 1099 3593 monachorum
1131 3541 1289 3608 ordo,
1340 3551 1565 3613 propter
1606 3543 1973 3598 omnimodam

397 3627 785 3693 sanctitatem,
849 3640 907 3685 et
957 3631 1324 3700 expiationem
1385 3643 1441 3689 et
1502 3633 1971 3690 illuminatiouem

396 3722 802 3791 complectitur,
851 3724 1161 3779 ostenditur
1188 3726 1392 3781 habere
1427 3727 1827 3796 expiationem,
1878 3744 1977 3797 per

395 3829 562 3883 quam
602 3815 769 3871 etiam
823 3816 1252 3872 illuminatorum
1299 3819 1693 3888 proprietatem
1736 3820 1972 3901 obtinet,

398 3904 511 3961 imo
540 3906 704 3961 etiam
738 3923 931 3964 eorum
975 3910 1069 3980 qui
1099 3910 1152 3965 in
1184 3911 1376 3981 spiritu
1412 3912 1813 3981 perﬁciuntur;
1848 3915 1975 3970 illu-

396 4001 730 4055 ntinatorum
745 4002 1275 4074 quidem,quoniam,
1290 4016 1551 4075 quantum
1573 4006 1656 4062 fas
1675 4017 1779 4071 est.
1796 4007 1977 4063 omnis

398 4092 635 4146 actionis
676 4107 848 4148 sacrae
893 4108 991 4163 per
1020 4096 1324 4165 spiritalem
1374 4099 1891 4170 contemplationem
1922 4107 1979 4154 et

397 4183 842 4239 communionem
871 4188 1146 4257 particeps
1175 4190 1428 4257 exsistit;
1456 4190 1826 4260 perfectornm
1848 4206 1979 4247 vero

398 4275 530 4345 quia
591 4276 826 4331 virtutes
872 4277 1249 4335 hierarchicas
1291 4282 1647 4351 amplectens,
1674 4283 1981 4355 iisdemque

400 4377 696 4432 exornata,
720 4370 788 4423 ad
817 4372 1060 4427 scientia:
1085 4388 1254 4428 sacra:
1280 4375 1667 4443 perfectionem
1696 4392 1793 4446 pro
1821 4386 1980 4446 captu

1997 3127 2044 3193 C

2069 1886 2227 1958 χικὴν
2270 1889 2671 1961 πολιτευόμενοι
2710 1890 3067 1962 διακόσμησιν
3106 1895 3291 1965 νεκροὶ
3326 1894 3390 1947 τὸ
3433 1894 3647 1950 σύνολον

2065 1979 2370 2049 ὀφείλουσιν
2393 1979 2532 2035 εἶναι
2558 1984 2617 2035 ὲν
2640 1981 2719 2052 τῷ
2748 1984 3059 2055 σταυρῶσαι
3083 1985 3182 2057 τὴν
3210 1985 3393 2058 σάρκα
3419 1988 3515 2040 σὺν
3539 1991 3649 2050 τοῖς

2068 2069 2355 2141 παθήμασι
2382 2072 2475 2125 καὶ
2500 2074 2621 2135 ταῖς
2663 2071 3004 2143 ἐπιθυμίαις,
3035 2076 3129 2127 καὶ
3168 2076 3268 2146 ζῇν
3311 2076 3491 2146 μόνως
3532 2076 3650 2146 Θεῷ

2068 2162 2162 2214 καί
2198 2163 2410 2226 ἑαυτοῖς
2432 2179 2447 2192 ·
2491 2163 2649 2218 τοῦτο
2682 2166 2791 2237 γάρ
2834 2167 2979 2218 ἐστιν
3002 2168 3035 2236 ὴ
3064 2165 3219 2236 όλικὴ
3261 2166 3533 2239 κάθαρσις
3558 2171 3651 2221 καὶ

2069 2254 2102 2323 ἡ
2131 2253 2397 2324 παντελὴς
2418 2253 2528 2308 τῶν
2551 2255 2768 2310 οἰκείων
2805 2256 3094 2327 ἐνεργειῶν
3122 2257 3374 2329 άγνότης.
3407 2260 3484 2313 Οὐ
3510 2259 3651 2326 λέγω

2068 2341 2200 2411 γοῦν
2241 2342 2419 2408 τοῦτο,
2464 2340 2567 2396 ὃτιθ
2584 2344 2693 2397 οὐδ’
2735 2344 2764 2396 ό
2801 2344 2895 2397 τοῦ
2934 2344 3090 2413 ἁγίου
3133 2344 3337 2408 σκοπὸς
3374 2347 3455 2408 είς
3494 2345 3652 2398 τοῦτο

2066 2438 2240 2509 ῥέπει·
2265 2435 2379 2488 ἀλλ’
2400 2435 2584 2506 ἐπειδὴ
2612 2433 2738 2488 ἄλλο
2760 2433 2877 2488 ἐστὶ
2897 2432 2957 2485 τὸ
2975 2431 3298 2495 τελεῖσθαι,
3323 2432 3417 2485 καὶ
3440 2428 3567 2484 ἄλλο
3586 2427 3644 2480 τὸ

2063 2526 2439 2582 τελειοῦσθαι
2486 2526 2775 2596 (τελεῖσθαι
2811 2524 2920 2596 γάρ
2959 2524 3074 2578 ἐστι
3116 2524 3211 2578 καὶ
3239 2523 3385 2577 κατὰ
3420 2522 3515 2593 τὴν
3543 2524 3642 2575 κά-

2065 2620 2288 2693 θαρσιν,
2327 2618 2596 2672 τελεῖσθαι
2620 2618 2733 2672 ἔστι
2776 2619 2868 2671 καὶ
2907 2616 3049 2671 κατὰ
3086 2616 3178 2669 τὸν
3223 2616 3524 2686 φωτισμόνο
3554 2632 3645 2667 τε-

2063 2711 2338 2765 λειοῦσθαι
2378 2710 2435 2764 δὲ
2495 2710 2637 2764 κατὰ
2689 2709 2857 2780 μόνην
2915 2708 3013 2779 τὴν
3076 2708 3287 2778 κυρίως
3329 2706 3633 2766 τελείωσιν)

2074 2807 2355 2877 προκρίνει
2387 2805 2497 2859 τῶν
2532 2805 2721 2869 ἁπλῶς
2755 2804 3112 2875 τελουμένων,
3152 2803 3263 2857 τῶν
3297 2821 3359 2856 τε
3399 2803 3630 2874 καθαιρο

2078 2902 2252 2973 μένων
2272 2900 2471 2973 δηλαδὴ
2495 2901 2588 2952 καὶ
2610 2898 2720 2951 τῶν
2743 2897 3146 2968 φωτιζομένων,
3182 2897 3312 2961 τοὺς
3344 2898 3613 2969 μοναχούς
3635 2915 3647 2927 ’

2074 2989 2149 3053 ὡς
2175 2988 2576 3059 τελειουμένους
2606 2988 2705 3058 μὲν
2729 2990 2820 3042 καὶ
2844 2987 3060 3052 αὐτοὺς,
3088 2986 3203 3041 ἀλλ’
3229 2988 3375 3060 ὑπὲρ
3414 2988 3512 3059 τὴν
3547 2989 3652 3040 τῶν

2076 3082 2496 3153 κατηχουμένων
2534 3080 2821 3153 κάθαρσιν,
2864 3081 2958 3134 καὶ
2998 3079 3080 3133 ἔτι
3118 3081 3226 3134 τῶν
3268 3080 3653 3151 φωτιζομένων

2072 3171 2245 3237 τάξιν,
2277 3175 2343 3244 ἣν
2384 3174 2478 3226 καὶ
2504 3172 2675 3243 μέσην
2712 3173 2865 3243 φησὶ,
2892 3170 2989 3242 τὴν
3028 3171 3137 3224 τῶν
3181 3172 3393 3225 λαῖκῶν
3433 3172 3649 3243 δηλαδή.

2076 3265 2150 3318 Τὸ
2174 3264 2229 3318 δὲ
2252 3263 2522 3318 τελεῖσθαι
2551 3264 2740 3333 ὄνομα,
2767 3264 2891 3315 ἐπεὶ
2931 3262 3364 3335 καθολικώτερόν
3408 3266 3523 3317 ἐστι
3561 3263 3651 3316 τοῦ

2075 3354 2433 3420 τελειοῦσθαι,
2481 3355 2616 3426 πρὸς
2662 3355 2800 3427 ὅπερ
2837 3355 2937 3407 οὐκ
2974 3353 3170 3424 ἔχομεν
3210 3354 3369 3425 λόγον
3410 3357 3510 3427 τὴν
3550 3355 3654 3407 τῶν

2080 3448 2326 3519 μοναχῶν
2380 3448 2601 3521 τελετὴν
2647 3448 2977 3519 συγκρίνειν.
3046 3445 3185 3498 Ἀλλ’
3229 3447 3423 3517 ἐπειδὴ
3468 3449 3501 3517 ἡ
3548 3447 3653 3499 τῶν

2080 3541 2328 3611 μοναχῶν
2350 3542 2504 3609 τάξις
2527 3542 2890 3614 περιληπτικὴ
2930 3541 3044 3592 ἐστι
3074 3540 3169 3593 καὶ
3206 3539 3307 3609 τῆς
3336 3538 3653 3611 καθάρσεως

2079 3636 2173 3687 καὶ
2204 3634 2297 3687 τοῦ
2326 3634 2630 3707 φωτισμοῦ,
2653 3634 2743 3687 διὰ
2765 3633 2866 3703 τῆς
2894 3631 3193 3695 παντελοῦς
3218 3631 3538 3703 ἁγνότητος,
3562 3636 3655 3700 τὴν

2080 3726 2346 3798 κάθαρσιν
2370 3726 2513 3797 ἔχειν
2548 3727 2890 3797 ἐμφαίνεται,
2940 3724 3057 3795 μεθ’
3099 3725 3166 3794 ἣν
3192 3723 3377 3777 καὶτὸ
3400 3722 3512 3777 τῶν
3549 3740 3658 3791 φω-

2076 3819 2377 3889 τιζομένων
2406 3819 2537 3873 ίδιον
2562 3818 2940 3889 ὲπικέκτηται,
2966 3817 3045 3871 ἐτι
3070 3817 3126 3870 δὲ
3152 3818 3249 3869 καὶ
3288 3815 3402 3870 τῶν
3425 3815 3658 3870 τελειου-

2083 3912 2261 3985 μένων
2302 3915 2360 3966 ὲν
2396 3913 2688 3985 πνεύματι,
2729 3915 2838 3966 τῶν
2884 3912 2983 3983 μὲν
3025 3910 3438 3982 φωτιζομένων,
3485 3913 3564 3966 ὅτι
3603 3912 3653 3963 ὲκ

2079 4008 2243 4078 νοερᾷ
2285 4006 2487 4080 θεωρία
2530 4007 2625 4061 καὶ
2671 4007 2926 4078 κοινωνίᾳ
2968 4006 3168 4075 πάσης,
3230 4005 3367 4075 ὅσης
3414 4006 3654 4076 θεμιτὸν,

2081 4100 2394 4172 ἱερουργίας
2416 4100 2625 4170 γίνεται
2650 4117 2663 4130 ·
2690 4098 2799 4153 τῶν
2822 4099 2879 4152 δὲ
2910 4096 3322 4168 τελειουμένων,
3351 4099 3461 4161 ὅτι,
3490 4100 3650 4168 ἐγχειι

2086 4193 2341 4267 ριζομένη
2365 4198 2487 4258 ταῖς
2513 4195 2854 4267 ίεραρχικαῖς
2872 4192 3132 4263 δυνάμεσι
3158 4191 3254 4245 καὶ
3280 4191 3440 4263 παρὰ
3462 4190 3658 4243 τούτων

2081 4287 2541 4357 διακοσμουμένη,
2583 4286 2718 4359 πρὸς
2748 4286 2846 4357 τὴν
2890 4284 2992 4354 τῆς
3032 4284 3183 4354 ἱερᾶς
3222 4285 3535 4355 ἐπιστήμης
3572 4301 3658 4336 τε-

2084 4376 2299 4429 λείωσιν
2324 4375 2599 4444 ἀναλόγως
2624 4376 2904 4444 ἀνάγεται,
2945 4371 3086 4426 ὥστε
3126 4371 3355 4435 εἰκότως
3381 4374 3417 4442 ἡ
3442 4371 3657 4441 τοιαύτη

402 4464 695 4518 adducitur
728 4482 741 4518 :
777 4465 853 4519 ita
902 4474 961 4519 ut
1004 4465 1131 4534 jure
1170 4468 1368 4521 merito
1413 4468 1722 4525 istiusmodi
1758 4471 1875 4525 vive

2189 4468 2327 4521 ιτεία
2350 4468 2412 4520 τὸ
2455 4466 2657 4539 ὑψηλὸν
2698 4466 2833 4537 ἔχει,
2869 4464 2968 4528 τὰς
2990 4465 3140 4535 τρεῖς
3173 4461 3285 4515 τῶν
3321 4463 3657 4533 τελουμένων

405 4554 712 4611 institutum
760 4556 992 4612 sublime
1040 4558 1171 4629 quid
1212 4560 1437 4629 habeat,
1490 4577 1613 4616 cum
1664 4562 1717 4617 in
1767 4577 1824 4615 se
1869 4573 1981 4617 tres

403 4646 748 4702 initiatorttm
779 4650 1000 4705 ordines
1023 4651 1442 4721 complectatur.
1476 4654 1616 4710 Hinc
1644 4654 1813 4711 divini
1843 4671 1984 4725 pra:-

402 4750 656 4809 ceptores
690 4742 862 4797 nostri
896 4742 1101 4799 divinis
1138 4746 1454 4802 nominibus
1486 4761 1583 4803 eos
1614 4747 1979 4814 honoraruut,

401 4832 492 4886 alii
519 4834 741 4904 quidem
766 4834 1027 4901 cultores,
1045 4835 1139 4892 alii
1165 4851 1296 4894 vero
1311 4839 1613 4894 monachos
1635 4839 1979 4910 appellando.

399 4927 655 4983 Cultores
708 4930 959 5000 quidem,
1012 4940 1073 4986 ut
1121 4933 1213 5002 qui
1262 4932 1503 4987 divinum
1551 4932 1719 5003 258
1770 4932 1979 4986 Numen

400 5019 616 5076 sincere
647 5022 932 5088 colerent;
972 5025 1273 5080 monachos
1303 5039 1437 5078 vero
1469 5034 1526 5077 ut
1557 5027 1649 5093 qui
1687 5024 1753 5077 ad
1784 5022 1983 5077 indivi-

399 5112 566 5168 duam
587 5124 644 5169 et
667 5115 1004 5186 singularem
1027 5115 1199 5169 vitam
1228 5116 1558 5186 aspirarent,
1576 5131 1697 5186 qua:
1722 5114 1981 5170 nimirum

402 5206 526 5263 illos
571 5209 819 5275 uniﬁcet,
854 5218 912 5264 et
950 5207 1283 5264 uniformetn
1321 5208 1519 5262 aderat
1559 5209 1928 5278 cognitionem
1963 5220 1979 5261 :

403 5302 546 5357 hanc
569 5303 714 5357 enim
738 5302 1025 5357 monadem
1051 5313 1211 5358 vocat
1235 5302 1496 5373 (scientia
1527 5304 1676 5355 enim
1703 5301 1853 5357 unita
1875 5313 1979 5368 est,

403 5395 550 5450 sicut
595 5395 905 5465 ignorantia
937 5407 1024 5450 est
1052 5396 1348 5451 multitudo
1384 5408 1566 5449 rerum
1614 5393 1665 5448 itt
1706 5394 1872 5449 multa
1903 5395 1984 5449 di-

404 5500 675 5557 versaque
720 5488 1155 5557 distractarum),
1207 5487 1434 5542 uniﬁcat
1484 5498 1665 5541 autem
1716 5488 1980 5557 quodam-

407 5578 593 5642 modo,
631 5579 758 5632 dum
794 5579 1007 5635 scilicet
1037 5580 1211 5634 sacris
1248 5594 1429 5634 rerum
1474 5579 1774 5633 divisarttm
1812 5579 1981 5635 colle-

409 5668 680 5726 ctionibus
729 5686 793 5727 se
843 5672 1078 5741 perﬁcit.
1132 5672 1306 5726 Porro
1356 5671 1549 5733 divisa,
1582 5672 1671 5727 hic
1725 5671 1985 5729 dicttntur

407 5762 653 5832 sytnbola
683 5763 800 5830 illa,
835 5774 893 5819 ut
913 5773 1063 5832 sunt,
1085 5764 1357 5830 cucullus,
1380 5748 1687 5835 scapulare,
1715 5767 1980 5835 cilicium,

2084 4560 2269 4628 τάξεις
2294 4562 2351 4613 ὲν
2376 4561 2541 4631 ἑαυτῇ
2571 4558 2961 4632 περιφέρουσα.
2981 4554 3172 4609 Ἔνθεν
3195 4556 3244 4607 οἱ
3263 4555 3405 4609 θεῖοι
3430 4555 3660 4628 καθηγε-

2088 4654 2249 4727 μόνες
2288 4651 2465 4723 ἡμῶν,
2507 4651 2666 4705 θείων
2694 4647 3019 4720 ὲπωνυμιῶν
3056 4646 3257 4711 αὐτοὺς
3293 4648 3659 4719 κατηξίωσαν,

2083 4749 2132 4801 οἱ
2188 4746 2286 4819 μὲν
2341 4744 2705 4817 θεραπευτὰς,
2755 4745 2804 4797 oi
2859 4743 2915 4796 δὲ
2960 4741 3660 4814 μοναχοὺςιόνομάσαντες

2088 4838 2430 4912 θεραπευτὰς
2457 4838 2555 4910 μὲν
2579 4837 2653 4901 ὡς
2674 4836 2735 4889 τὸ
2760 4836 2910 4889 Θεῖον
2936 4834 3194 4899 καθαρῶς
3224 4835 3627 4905 θεραπεύοντας
3645 4850 3657 4864 ⁸

2089 4932 2354 5004 μοναχοὺς
2392 4931 2468 4996 δὲ,
2502 4931 2578 4994 ὼς
2618 4930 2753 5001 πρὸς
2786 4926 3080 4998 ἀμέριστον
3129 4927 3226 4981 καὶ
3271 4929 3488 4982 ἑνιαίαν
3525 4929 3659 4998 ζωὴν

2086 5022 2487 5088 καταντῶντας,
2516 5022 2637 5092 ἥτις
2673 5014 2743 5092 δὴ
2772 5018 2949 5072 ἑνιαία
2973 5018 3086 5090 ζωὴ
3115 5019 3444 5073 ὲνοποιοῦσα
3476 5020 3658 5083 αὐτοὺς

2086 5116 2165 5179 είς
2187 5114 2389 5185 ὲνοειδῆ
2419 5112 2621 5183 γνῶσιν
2643 5128 2657 5142 ο
2681 5111 2884 5183 ταύτην
2909 5108 3020 5181 γὰρ
3044 5108 3191 5180 λέγει
3222 5111 3435 5182 μονάδα
3465 5114 3484 5182 (
3506 5114 3537 5183 η
3560 5112 3654 5183 γά(

2085 5208 2286 5279 γνῶσις
2313 5208 2509 5271 ὲνιαία,
2537 5205 2612 5269 ὡς
2642 5207 2675 5276 ἡ
2705 5205 2897 5274 ἄγνοια
2920 5203 3122 5273 πλῆθος
3148 5206 3567 5277 ἐσκεδασμένων
3586 5209 3654 5270 εἰς,

2086 5298 2259 5355 πολλὰ
2296 5302 2391 5353 καί
2414 5297 2706 5368 διάφορα),
2732 5295 3051 5350 ένοποιοῦσα
3073 5297 3129 5350 δέ
3162 5315 3303 5361 πως,
3334 5299 3578 5372 δηλονότι
3606 5300 3646 5351 ὲκ

2084 5395 2206 5457 ταῖς
2239 5394 2411 5463 ἱεραῖς
2443 5390 2553 5444 τῶν
2585 5387 2868 5459 διαιρετῶν
2896 5385 3234 5458 συμπτύξεσι
3265 5386 3487 5442 τελειοῖ.
3524 5391 3642 5441 Διαι-

2088 5483 2223 5558 ρετὰ
2251 5483 2309 5537 δέ
2347 5485 2452 5537 είσι
2494 5481 2564 5535 τὰ
2600 5478 2832 5533 ἐνταῦθα
2875 5478 3141 5549 σύμϐολα,
3172 5478 3234 5532 τὸ
3277 5480 3652 5540 κουκούλιονμ

2085 5576 2376 5639 ἁνάλαὸος,
2408 5576 2470 5628 τὸ
2498 5575 2759 5647 τρίχινον,
2783 5573 2845 5626 τὸ
2871 5573 3063 5645 μέλαν,
3092 5574 3188 5627 καὶ
3208 5573 3278 5627 τὰ
3314 5574 3564 5638 τοιαῦτα,
3588 5562 3644 5627 ὦ*

2085 5674 2319 5726 ἕκαστον
2347 5668 2556 5740 ὑψηλὴν
2591 5667 2703 5739 ἔχει
2736 5667 2830 5721 καὶ
2869 5666 3079 5721 ἑνιαίαν
3104 5665 3204 5737 τὴν
3238 5666 3454 5723 ἔννοιαν
3472 5686 3486 5698 ·
3513 5667 3652 5721 τοῦτο’

2087 5765 2194 5836 γάρ
2234 5763 2350 5815 ἐστι
2382 5761 2843 5830 καὶσύμπτινξις.
2864 5757 3047 5813 Ἄλλοι
3074 5758 3131 5813 δὲ
3158 5759 3410 5833 διαιρετὰ
3438 5761 3506 5815 τὰ
3543 5760 3639 5832 βιω
