3730 6300
125 298 224 352 5ίὸ

669 301 758 354 DE
795 299 1078 357 ECCLES.
1117 301 1513 366 lllEli.\RCH.,
1549 303 1704 358 CAP.
1745 304 1833 359 Vl.
1871 335 1939 346 --
1979 306 2327 362 PARAPHR.
2369 308 2832 365 PACHYMERE.

3258 315 3362 371 ω
3399 344 3407 350 .

120 409 238 462 τικά
281 425 436 477 φασι,
479 412 574 464 καί
614 412 917 484 σύμπτυξιν
953 416 1050 487 τὴν
1085 416 1193 468 ἀπὸ
1231 415 1434 468 τούτων
1475 417 1662 470 τελείατ

1834 428 1907 472 lra
1936 423 2123 486 vestis,
2144 431 2201 475 et
2235 423 2458 488 similia,
2489 439 2720 493 quorum
2752 425 3035 496 quodlibet
3064 428 3358 485 sublimem

116 499 205 551 καὶ
229 497 523 571 ὀλόκληρον
553 503 918 575 ἀναχώρησιν.
941 505 1044 558 Διὰ
1067 505 1164 577 τὴν
1191 506 1445 578 τοιαύτην
1469 508 1687 562 τελείω-

120 607 197 642 σιν
230 591 432 662 ἠξιώθη
482 595 514 664 ή
545 597 765 668 τοιαύτη
806 597 960 662 τάξις
993 601 1084 653 καὶ
1123 602 1402 673 ἱερατικῆς
1437 603 1680 676 τελετῆς,

117 683 203 734 καὶ
227 684 324 752 τῆς
361 683 450 738 διὰ
480 686 590 739 τῶν
614 689 786 758 εὐχῶν
814 692 1154 763 ἐπικλήσεως
1175 713 1187 724 ο
1213 693 1352 746 ὥστε
1381 694 1454 766 μὴ
1493 696 1683 766 μόνους

117 773 202 841 ἀφ’
220 774 426 826 ἑαυτῶν
449 776 843 846 ἀμφιέννυσθαι
864 798 1014 846 τινας
1037 783 1097 835 τὸ
1120 784 1324 855 σχῆμα,
1343 784 1480 837 ἀλλὰ
1496 787 1681 857 χερσὶν

117 867 406 934 ἱερατικαῖς
431 870 527 921 καὶ
549 870 668 942 θείᾳ
701 872 984 944 ἐπικλήσει
1017 875 1259 942 γίνεσθαι
1283 879 1382 950 τὴν
1417 879 1496 941 είς
1523 879 1680 933 τοῦτο

113 955 377 1011 τελείωσιν
412 976 425 988 ·
469 960 610 1032 πλὴν
649 965 834 1035 χερσὶν
882 965 982 1018 οὐκ
1023 967 1318 1038 ἀρχιερέων
1359 967 1535 1038 (τοῦτο
1572 969 1679 1042 γὰρ

116 1047 200 1100 ἐπὶ
227 1049 401 1118 μόνων
427 1051 538 1104 τῶν
572 1054 858 1124 ίερατικῶν
892 1055 1098 1125 γίνεται
1133 1059 1514 1130 χειροτονιῶν),
1545 1060 1679 1114 ἀλλὰ

114 1143 284 1210 χερσὶν
317 1143 530 1213 ἱερέων,
562 1148 654 1199 καὶ
689 1147 917 1220 δευτέρα
948 1150 1085 1220 μετὰ
1105 1151 1202 1222 τὴν
1228 1151 1503 1223 ἱερατικὴν
1527 1153 1678 1207 τελε-

110 1231 214 1298 τήν.
281 1232 568 1288 Ἐντεῦθεν
615 1236 672 1288 δὲ
713 1238 1105 1310 σημειούμεθα,
1156 1241 1231 1304 ὡς
1273 1240 1413 1294 κατὰ
1453 1243 1544 1295 τὸν
1582 1243 1676 1296 τοῦ

112 1321 308 1391 nam;
325 1323 487 1392 λόγον
506 1326 567 1378 οὐ
592 1327 674 1379 δεῖ
690 1329 874 1400 σχῆμα
893 1330 1126 1401 μοναχοῦ
1145 1331 1440 1386 ἐπίσκοπον
1457 1332 1675 1400 διδόναι,

109 1411 210 1463 ἀλλ’
243 1411 269 1484 ἦ
312 1415 475 1485 μόνον
508 1418 891 1489 πρεσϐύτερον.

1790 510 1954 565 liabet
1983 521 2037 567 et
2067 513 2398 582 singularem
2431 514 2889 586 intelligentiam;
2926 530 3092 590 atque
3118 522 3224 576 hoc
3252 523 3356 577 sibi

1787 599 1903 654 vult
1951 615 2058 654 vox
2095 602 2183 656 illa
2237 603 2562 673 σύμπτυξις,
2611 622 2705 661 seu
2749 607 3011 666 collectio.
3080 611 3182 666 Alii
3231 627 3362 667 vero

1787 693 1959 748 divisa
1992 704 2190 750 vocant
2217 695 2306 750 illa
2349 713 2472 767 quae
2500 699 2568 753 ad
2619 699 2760 756 hanc
2789 703 2953 758 vitam
2989 713 3259 772 spectant,
3301 715 3360 761 et

1786 785 2191 853 collectionem,
2224 790 2530 858 perfectura
2561 800 2616 846 et
2641 795 3014 850 omnimodnm
3054 798 3122 850 ab
3155 798 3240 853 his
3273 811 3360 853 re-

1785 889 2023 930 cessum.
2056 876 2288 948 Propter
2322 881 2626 937 istiusmodi
2659 885 3046 953 perfectiooem
3083 890 3220 943 ordo
3253 891 3358 945 istc

1785 969 2162 1026 ecclesiastica
2198 988 2418 1044 quoque
2451 980 2870 1033 consecratione
2896 981 3090 1050 dignus
3137 993 3220 1037 est
3262 985 3358 1037 ha—

1785 1062 1956 1127 bitus,
1998 1075 2052 1118 et
2085 1080 2308 1133 precum
2343 1068 2708 1135 invocatione,
2744 1071 2817 1125 ita
2847 1082 2905 1126 ut
2954 1090 3058 1128 non
3100 1075 3199 1142 ipsi
3241 1085 3359 1131 tan-

1782 1161 1895 1206 tmn
1931 1171 1989 1209 se
2033 1156 2218 1210 habitu
2255 1159 2360 1212 isto
2393 1159 2646 1225 induant,
2681 1162 2776 1216 sed
2813 1163 3068 1220 manibus
3101 1170 3360 1222 sacerdo-

1783 1252 1896 1299 tum
1944 1255 1998 1298 ct
2053 1248 2401 1304 invocatione
2438 1253 2618 1306 divina
2671 1253 2975 1311 istiusmodi
3015 1264 3361 1318 consecratio

1779 1336 2114 1407 celebretur;
2145 1358 2250 1396 non
2292 1353 2469 1400 tamen
2505 1349 2755 1404 manibus
2785 1351 3166 1421 episc0porum
3203 1358 3354 1427 (nam

1784 1428 1889 1481 hoc
1917 1429 1969 1482 in
2003 1431 2134 1486 solis
2163 1434 2338 1487 sacris
2366 1437 2813 1492 ordinationibus
2845 1441 3068 1506 lit),'sed
3107 1447 3356 1502 manibus

110 1509 472 1572 sacerdotum,
503 1521 558 1563 et
587 1515 824 1566 secunda
861 1525 980 1581 post
1009 1514 1410 1570 ecclesiasticos
1462 1517 1681 1573 ordines
1716 1518 2156 1577 consecratione.
2201 1525 2418 1595 Itaque,
2471 1531 2771 1584 secundum
2823 1533 2984 1603 hujus
3033 1538 3211 1591 sancti
3247 1537 3354 1594 Pa-

111 1597 194 1649 tris
217 1597 405 1663 verba,
444 1615 554 1654 non
583 1602 739 1656 debet
775 1604 1062 1674 episc0pns
1089 1608 1220 1662 dare
1265 1609 1512 1663 habitum
1548 1613 1938 1679 monasticam,
1970 1617 2066 1670 sed
2098 1616 2248 1672 solus
2276 1623 2552 1674 sacerdos.

655 1718 720 1771 ll.
750 1721 1116 1791 Μυστήριον.

169 1824 406 1895 Ἔστηκε
441 1826 545 1898 μὲν
571 1830 600 1882 ὁ
639 1829 836 1900 ἱερεὺς,
869 1832 968 1902 οὐχ
991 1834 1020 1886 ὁ
1052 1834 1362 1906 ἀρχιερεὺς,
1393 1837 1487 1890 τοῦ
1525 1837 1668 1892 θείου

106 1915 475 1989 θυσιαστηρίου
498 1919 823 1992 ἔμπροσθεν,
845 1924 890 1974 ίε
900 1923 1130 1994 ρολογῶν
1151 1926 1246 1998 τὴν
1269 1928 1452 1999 εὐχήν·
1473 1928 1670 2000 ἕστηκε

103 2005 152 2058 δὲ
183 2009 212 2060 ὁ
248 2008 582 2081 τελούμενος
624 2012 800 2066 ὀπίσω
838 2015 931 2068 τοῦ
971 2017 1180 2088 ἱερέως,
1231 2020 1367 2092 μήτε
1408 2023 1552 2077 κατὰ
1577 2025 1668 2079 τὸν

104 2102 240 2172 ἱερέα
273 2103 448 2174 ἄμφω
469 2104 548 2157 τὼ
579 2107 704 2159 πόδε
733 2106 946 2171 κλίνων,
976 2113 1111 2182 μήτε
1143 2112 1282 2166 κατὰ
1307 2114 1396 2167 τὸν
1423 2115 1668 2170 διάκονον

102 2191 313 2265 θάτερον
348 2194 465 2248 τῶν
510 2196 709 2261 ποδῶν,
758 2200 892 2270 μήτε
937 2201 1042 2272 μὴν
1090 2203 1230 2256 κατὰ
1273 2204 1364 2256 τὸν
1407 2206 1668 2279 ἀρχιερέα

101 2283 184 2338 ἐπὶ
219 2285 468 2356 κεφαλῆς
511 2286 650 2357 ἔχων
690 2287 752 2341 τὸ
801 2288 942 2343 θεῖον
986 2293 1077 2344 καὶ
1113 2293 1257 2363 ἱερὸν
1297 2295 1625 2365 Εὐαγγέλιον
1649 2315 1663 2328 ο

103 2375 246 2444 μόνον
280 2376 337 2429 δὲ
370 2376 603 2447 πλησίον
638 2377 731 2431 τοῦ
779 2380 970 2452 ἱερέως
1004 2367 1218 2437 ἴστατᾶι
1265 2387 1668 2458 ίερολογοῦντος

99 2468 186 2538 τὴν
210 2470 295 2520 ἐπ’
319 2470 473 2540 αὐτῷ
513 2471 698 2541 εὐχήν.
740 2473 796 2525 '0
837 2474 1018 2542 μέντοι
1060 2493 1122 2544 γε
1154 2477 1330 2549 ἱερεὺς
1358 2481 1454 2550 τὴν
1501 2482 1666 2552 εὐχὴν

97 2560 330 2624 τελέσας,
359 2561 457 2615 ἐπὶ
488 2561 678 2616 τοῦτον
716 2563 905 2628 ἐλθὼν,
950 2565 1164 2637 πρῶτον
1209 2569 1308 2639 μὲν
1337 2573 1589 2643 ἐπερωτᾷ
1619 2575 1666 2626 εί

98 2652 462 2707 ἀποτάσσεται
507 2654 710 2718 πάσαις
763 2655 860 2726 μὲν
906 2657 1201 2730 διαιρεταῖς
1256 2662 1348 2714 καὶ
1393 2663 1666 2727 ποικίλαις

96 2738 269 2805 ζωαῖς,
289 2744 458 2814 ἦγουν
474 2743 786 2815 ἐμπορίαις,
801 2749 1217 2818 πραγματείαις,
1239 2750 1663 2822 συναλλάγμασι,

95 2838 324 2900 καὶτοῖς
351 2837 576 2901 ἄλλοιςο
623 2839 824 2902 πάσαις
865 2839 922 2893 δὲ
956 2843 1298 2910 φαντασίαις,
1344 2844 1484 2898 ὥστε
1529 2847 1664 2917 μηδὲ

93 2931 450 2997 φαντάζεσθαι
476 2931 674 2995 ταῦτα,
706 2933 822 2986 ἀλλ’
848 2933 923 2998 ὡς
953 2934 1143 3006 νεκρὸν
1181 2934 1361 3006 μένειν
1386 2939 1478 2990 καὶ
1506 2939 1663 2991 ἀνεν-

94 3025 310 3096 έργητον
349 3027 446 3079 ἐπὶ
495 3025 709 3089 τούτοις
739 3027 960 3080 ἅπασιν.
1013 3029 1246 3082 Ἔπειτα
1288 3029 1528 3086 διδάσκει
1564 3033 1663 3105 τὴν

91 3116 181 3186 τῆς
212 3117 520 3189 μοναχικῆς
568 3117 846 3182 πολιτείας
889 3119 1192 3191 άκρίδειαν,
1231 3123 1656 3195 μαρτυρόμενος,
1687 3120 1733 3182 C

91 3205 161 3258 ὅτι
183 3207 284 3280 χρὴ
306 3207 505 3261 τοῦτον
527 3207 1023 3281 ὑπερανεστηκέναι
1046 3211 1186 3265 κατὰ
1211 3213 1343 3267 πολὺ
1365 3215 1463 3284 τῆς
1487 3216 1659 3288 μέσης

89 3296 188 3350 τῶν
225 3298 434 3353 λαῖκῶν
467 3298 700 3366 τάξεως.
731 3301 914 3355 Ταῦτα
943 3302 998 3356 δὲ
1043 3305 1250 3357 ἐκείνου
1293 3307 1661 3379 ὁμολογήσαν-

89 3405 172 3452 τος
217 3390 532 3462 προσεχῶς,
581 3393 722 3446 κατὰ
748 3395 810 3447 τὸ
849 3395 1408 3469 ἀπολυπραγμὸνητον
1428 3400 1545 3463 ναὶ,
1581 3401 1659 3472 τῷ

91 3482 412 3551 σταυροειδεῖ
455 3482 614 3553 τύπῳ
658 3485 1118 3555 σφραγισάμενος,
1159 3487 1442 3557 ἀποκείρει
1480 3493 1560 3554 εἰς
1597 3491 1659 3544 τὸ

88 3570 246 3643 ὄνομα
275 3573 372 3627 τοῦ
406 3575 626 3646 Πατρὸς
662 3576 756 3628 καὶ
784 3575 878 3630 τοῦ
909 3576 1039 3630 Υίοῦ
1064 3579 1159 3632 καὶ
1185 3578 1277 3632 τοῦ
1310 3581 1465 3648 ἁγίου
1490 3583 1660 3636 Πνεύ-

91 3679 281 3730 ματος·
324 3667 422 3720 καὶ
467 3667 833 3737 άπαμφιάσας
874 3668 972 3740 τὴν
1002 3669 1205 3740 ὲσθῆτα
1250 3671 1506 3742 μέλαιναν
1545 3676 1656 3746 άμ-

89 3756 339 3823 φιέννυσι,
378 3757 478 3809 καὶ
528 3757 666 3826 μετὰ
708 3757 817 3812 τῶν
860 3759 1032 3813 ἄλλων
1083 3760 1246 3831 ἱερῶν
1282 3762 1492 3834 ἀνδρῶν
1542 3765 1655 3818 ὅσοι

87 3849 328 3918 πάρεισιν
368 3847 784 3918 ἀσπασάμενος,
811 3849 910 3920 τῆς
951 3849 1101 3915 θείας
1143 3855 1374 3908 ποιεῖται
1404 3854 1656 3909 κοινωνὸν

90 3940 454 4011 μεταλήψεως.

686 4054 774 4111 Ill.
813 4057 1048 4125 Θεωρία.

145 4167 232 4240 §l.
277 4171 612 4242 Ἐπειδήπερ
645 4170 677 4242 ἡ
711 4169 816 4224 τῶν
862 4171 1036 4225 ποδῶν
1080 4173 1254 4238 κλίσις
1297 4175 1398 4247 τὴν
1438 4177 1657 4231 ὑποκει-

87 4260 242 4331 μένην
269 4261 463 4332 ἐδήλου
494 4261 876 4333 προσαγωγὴν,
903 4262 1012 4316 εἴτε
1044 4263 1133 4318 διὰ
1167 4267 1294 4336 μιᾶς
1325 4267 1424 4340 τῆς
1452 4268 1655 4339 καθάρ-

86 4369 243 4415 σεως,
281 4356 394 4406 εἴτε
433 4352 524 4405 διὰ
570 4351 714 4404 δυοῖν
746 4354 914 4424 αὐτῆς
943 4373 1004 4409 τε
1051 4358 1143 4412 καὶ
1185 4357 1279 4411 τοῦ
1333 4360 1611 4432 φωτισμοῦ
1635 4379 1648 4393 ·

2347 1736 2412 1791 ll.
2445 1737 2500 1792 Μ
2506 1741 2782 1809 ysterium.

1843 1843 2126 1909 Sacerdos,
2172 1863 2279 1902 non
2316 1850 2624 1921 episcopus,
2673 1864 2785 1910 stat
2813 1865 2939 1911 ante
2977 1859 3222 1916 divinum
3265 1864 3346 1918 al-

1773 1942 1891 1988 tare
1912 1936 2198 1992 celebrans
2221 1941 2524 1997 orationem
2547 1959 2562 2007 ;
2598 1945 2641 1998 is
2669 1956 2848 2000 autem
2875 1950 2966 2017 qui
2993 1966 3349 2010 consecratur

1770 2036 1879 2078 stat
1923 2037 2043 2094 post
2083 2032 2449 2097 sacerdotem,
2489 2050 2590 2089 nec
2623 2045 2920 2108 utrumque
2960 2051 3017 2095 ut
3061 2047 3345 2108 sacerdos,

1775 2133 1949 2187 neque
1980 2119 2234 2188 alterum,
2276 2133 2332 2176 ut
2358 2125 2628 2181 diaconus
2656 2144 2802 2197 genu
2849 2131 3048 2198 ﬂectit,
3080 2151 3256 2204 neque
3285 2149 3343 2192 nt

1767 2211 2053 2280 episcopus
2089 2213 2328 2269 divinum
2366 2232 2432 2272 ac
2485 2229 2733 2274 sanctum
2778 2225 3124 2295 evangelium
3175 2245 3339 2298 supra

1768 2315 1925 2372 caput
1951 2304 2132 2370 habet,
2154 2307 2249 2362 sed
2274 2317 2485 2362 tantum
2509 2320 2659 2366 astat
2679 2316 2950 2369 sacerdoti
2975 2333 3136 2387 supra
3163 2321 3338 2388 ipsum

1771 2397 2056 2464 mysticam
2111 2398 2510 2456 invocationem
2558 2404 2837 2460 recitanti.
2883 2406 2957 2460 Ea
2995 2423 3127 2463 vero
3163 2412 3338 2478 linita,

1768 2490 2029 2543 sacerdos
2056 2491 2125 2542 ad
2153 2507 2276 2544 enm
2306 2494 2579 2548 accedens
2607 2504 2764 2565 regat
2791 2497 2967 2566 ipsum
2990 2502 3247 2570 primum,
3269 2519 3339 2559 an

1766 2580 2018 2635 omnibus
2057 2585 2219 2638 rebus
2264 2585 2499 2640 dividuis
2546 2596 2600 2640 et
2647 2590 2772 2642 vitis
2820 2591 2985 2647 variis
3038 2597 3338 2660 renuntiet,

1766 2674 1978 2728 scilicet
2030 2677 2382 2744 mercaturis,
2439 2681 2696 2750 negotiis,
2729 2686 3125 2751 contractibus,
3173 2700 3228 2743 et
3259 2689 3338 2745 si—

1766 2766 2018 2834 milibus;
2057 2769 2184 2824 item
2223 2773 2476 2825 omnibns
2507 2775 2819 2842 pilantasiis
2847 2792 2945 2830 seu
2986 2778 3337 2850 imaginatio-

1767 2859 1925 2916 nibus
1955 2875 2132 2915 rerum
2161 2862 2444 2928 similium,
2473 2875 2530 2919 ut
2559 2881 2624 2920 ne
2649 2870 2715 2920 de
2743 2867 2810 2922 iis
2833 2870 3050 2936 quidem
3070 2874 3335 2943 cogitare,

1765 2953 1858 3008 Sed
1884 2963 2136 3022 tanquam
2169 2969 2436 3019 mortuus,
2472 2959 2542 3011 ab
2580 2958 2646 3012 iis
2670 2960 2921 3013 omnibus
2951 2964 3172 3030 penitus
3201 2967 3334 3020 alas-

1768 3046 1941 3100 tinere
1991 3046 2142 3101 velit.
2195 3047 2396 3102 Deinde
2457 3049 2618 3103 docet
2651 3055 2939 3108 monastici
2976 3054 3210 3111 instituti
3242 3073 3335 3113 ac-

1764 3139 2127 3203 curationem,
2170 3150 2490 3195 contestans
2543 3141 2690 3196 illum
2732 3139 2933 3200 debere
2979 3148 3210 3202 mediam
3254 3151 3335 3202 vi-

1765 3229 1922 3284 vendi
1971 3231 2240 3288 rationem
2287 3247 2566 3301 superare.
2611 3235 2742 3301 Quae
2785 3237 2872 3291 ubi
2915 3242 3095 3294 omnia
3144 3239 3190 3294 is
3241 3241 3331 3310 qui

1764 3321 2011 3376 initiatnr
2036 3321 2384 3379 continenter
2425 3327 2702 3395 professus
2733 3339 2844 3392 est,
2881 3330 3140 3385 sacerdos
3181 3345 3328 3395 elllll,

1762 3411 1928 3464 veluti
1952 3412 2063 3482 jam
2092 3427 2121 3467 a
2149 3416 2492 3483 negotiorum
2521 3417 2866 3473 multitudine
2893 3419 3146 3484 liberum,
3173 3421 3332 3490 signo

1759 3507 1942 3560 crucis
1971 3508 2303 3578 consignatis
2327 3511 2514 3565 tondet
2540 3512 2591 3565 in
2618 3513 2838 3567 nomine
2875 3511 3074 3579 Patris,
3103 3524 3157 3570 et
3183 3514 3329 3582 Filii,

1759 3598 1925 3669 259
1956 3611 2009 3654 et
2041 3599 2281 3670 Spiritus
2311 3604 2489 3657 sancti
2515 3619 2530 3669 ;
2575 3612 2629 3656 et
2671 3605 2934 3659 detractis
2967 3606 3326 3676 vestimentis,

1758 3691 1915 3756 nigra
1947 3704 2069 3744 eum
2113 3703 2268 3746 veste
2300 3691 2508 3750 induit.
2555 3703 2610 3746 et
2643 3709 2766 3746 cum
2809 3693 2933 3747 aliis
2962 3693 3092 3748 viris
3123 3698 3330 3750 sanctis

1759 3779 2063 3832 astantibus
2095 3780 2271 3849 ipsutn
2309 3780 2572 3847 salutans,
2607 3783 2930 3852 participem
2959 3785 3094 3840 facit
3130 3785 3330 3842 divinae

1758 3874 2174 3954 communionis.

2285 4074 2370 4130 Ill.
2405 4075 2804 4146 Contemplatio.

1825 4161 1917 4234 εἰ.
1955 4163 2404 4233 Quandoquidem
2460 4170 2657 4237 pedum
2721 4171 3002 4227 inclinatio
3050 4174 3328 4232 subditam

1755 4257 2094 4324 signiﬁcabat
2137 4258 2539 4326 adductionem,
2587 4261 2706 4318 sive
2738 4280 2836 4332 pcr
2867 4266 3082 4320 unicam
3133 4267 3327 4336 expia-

1757 4352 1979 4416 tionem,
2016 4351 2130 4405 sive
2162 4367 2258 4421 per
2289 4353 2443 4417 duas,
2476 4368 2596 4406 eam
2644 4356 2815 4425 ipsam
2863 4369 2919 4412 et
2969 4360 3324 4415 illuminatio-

83 4442 254 4514 ἐδήλου
284 4445 364 4508 δὲ,
399 4444 482 4496 ὅτι
533 4441 653 4513 Θεῷ
697 4444 1041 4517 ὑποκείμενοι
1071 4449 1119 4501 οἱ
1165 4447 1462 4516 τελοῦντες,
1504 4451 1650 4522 αὐτῴ

1834 4461 1905 4505 Ill,
1947 4443 2206 4496 innuebat
2239 4459 2368 4500 vero
2417 4446 2562 4514 quod
2607 4445 2719 4503 Deo
2763 4451 2970 4506 subditi
3022 4452 3322 4521 initiantes,

81 4534 134 4606 δὴ
165 4535 240 4606 τῷ
269 4535 577 4608 τελετάρχη
605 4533 731 4606 Θεῷ,
819 4539 1150 4607 προσάγουσι
1187 4540 1279 4594 τὸν
1307 4541 1645 4613 τελούμενον.

91 4631 375 4695 Ἐνταῦθα,
435 4631 562 4683 ἐπεὶ
609 4629 689 4701 μὴ
735 4631 882 4701 παρά
917 4649 1062 4694 τινος
1104 4633 1475 4704 προσάγεται,
1515 4635 1650 4689 ἀλλὰ

81 4724 199 4792 παρ’
241 4719 440 4774 ἑαυτοῦ
492 4719 602 4772 απὸ
639 4719 741 4789 τῆς
792 4720 960 4791 μέσης
1010 4723 1153 4793 ζωῆς
1191 4723 1270 4786 είς
1317 4725 1649 4797 ὑψηλοτέραν

80 4811 210 4884 ζωὴν
236 4814 330 4866 καὶ
357 4813 647 4884 κρείττονα
675 4812 767 4864 καὶ
801 4813 906 4866 άπὸ
932 4816 1080 4885 ἱερᾶς
1108 4815 1186 4877 είς
1212 4813 1381 4885 ἱερὰν,
1413 4815 1594 4879 καθὼς
1620 4819 1649 4870 ὁ

81 4903 255 4978 Πατὴρ
280 4903 591 4978 σαφηνίζει,
627 4905 903 4976 οὐδέτερον
931 4908 1102 4960 κλίνει
1135 4910 1247 4960 τοῖν
1283 4908 1458 4961 ποδοῖν
1492 4911 1521 4961 ὁ
1558 4927 1646 4962 τε-

80 4994 351 5066 λούμενος,
399 4996 616 5048 ῖσταται
657 4995 765 5067 γάρ
803 4997 859 5049 ὲν
896 4999 1017 5069 ἱερᾷ
1053 5000 1144 5051 καὶ
1181 4999 1440 5068 μοναδικῇ
1474 4999 1643 5066 τάξει.

80 5089 174 5141 Καὶ
209 5083 450 5160 ὅρα’κα“ι
480 5087 655 5151 ἄλλως
685 5088 908 5158 ὁρισμὸν
951 5090 1243 5160 μοναδικῆς
1277 5091 1516 5157 τάξεως,
1555 5094 1648 5146 καὶ

76 5179 119 5231 τί
140 5183 252 5235 ἐστι
285 5182 348 5235 τὸ
381 5181 677 5252 μοναχικὸν
711 5181 848 5252 πρὸς
871 5181 931 5235 τὸ
959 5184 1267 5253 μοναδικόν.
1317 5183 1514 5257 Πρώην
1540 5186 1648 5259 γάρ

77 5269 341 5342 ἐλέγομεν,
371 5272 478 5334 ὅτι,
507 5271 630 5323 ἐπεὶ
661 5270 768 5323 άπὸ
793 5271 902 5325 τῶν
926 5273 1228 5345 διαιρετὶῦν,
1269 5273 1508 5346 δηλονότι
1539 5276 1648 5330 τῶν

78 5361 333 5428 βιωτικῶν
368 5361 664 5434 ἐμπαθῶν,
693 5361 926 5426 ἐνίζεται
962 5364 1043 5428 εἷς
1075 5382 1202 5418 τινα
1227 5364 1528 5436 σύμπτυξιν
1553 5369 1648 5422 καὶ

77 5455 264 5528 θεοειδῆ
305 5456 536 5529 μονάδα,
558 5454 645 5508 διὰ
669 5454 828 5510 τοῦτο
852 5457 950 5528 τὴν
977 5457 1070 5510 τοῦ
1106 5457 1334 5530 μοναχοῦ
1358 5459 1647 5529 ὀνομασίαν

75 5547 446 5620 ἐκληρώσατο·
479 5547 578 5601 νῦν
619 5547 674 5600 δὲ
721 5551 816 5602 καὶ¹
861 5549 1035 5613 ἄλλως
1081 5551 1308 5621 λέγομεν
1353 5551 1532 5615 τοῦτο,
1568 5553 1646 5606 ὅτι

74 5640 256 5714 δηλαδὴ
303 5642 469 5712 μόνος
517 5639 612 5692 καὶ
640 5641 739 5710 ἀφ’
792 5641 987 5696 ἑαυτοῦ
1024 5642 1378 5714 προσάγεται,
1413 5643 1506 5696 καὶ
1551 5644 1644 5712 ἀφ’

75 5733 250 5788 ἑαυτοῦ
317 5732 628 5804 μοναδικῶς
691 5735 906 5790 ἵσταται
959 5737 1235 5805 ἑπομένως
1279 5735 1357 5806 τῷ
1395 5739 1528 5807 ἱερεῖ
1569 5736 1644 5799 ὡς

1754 4534 1974 4603 ipsimet
2005 4534 2328 4590 initiationis
2368 4537 2598 4608 principi
2633 4541 2742 4596 Deo
2790 4542 3115 4597 initiandum
3149 4545 3323 4599 addo.

1749 4637 1954 4679 cerent.
1999 4625 2098 4680 Hic
2129 4637 2331 4694 autem,
2378 4644 2500 4682 cum
2549 4645 2577 4683 a
2619 4633 2836 4687 nemine
2865 4633 3192 4698 adducatur,
3221 4635 3318 4688 sed

1751 4721 1865 4787 ipse
1897 4733 1992 4788 per
2037 4732 2096 4773 se
2135 4733 2164 4771 a
2199 4719 2374 4773 media
2409 4720 2624 4774 vivendi
2663 4723 2874 4778 ratione
2912 4723 2980 4778 ad
3030 4725 3328 4779 sublimia-

1751 4805 1960 4868 rem'ac
1991 4812 2444 4881 praestantiorem,
2485 4822 2539 4867 et
2575 4829 2602 4866 a
2637 4807 2796 4869 sacib
2827 4824 2969 4870 statu
3001 4819 3068 4870 ad
3097 4832 3317 4872 sacrum

1749 4916 1948 4962 statum
1983 4913 2248 4971 transeat,
2280 4916 2340 4960 ut
2376 4906 2464 4960 hic
2499 4905 2659 4961 Pater
2690 4908 2951 4973 declarat,
2997 4908 3042 4962 is
3078 4909 3169 4979 qui
3205 4910 3311 4963 ini-

1750 5000 1916 5052 tiatur
1950 5008 2198 5053 neutrum
2227 5014 2362 5069 genu
2405 4995 2591 5064 ﬂectit,
2617 5000 2872 5067 quoniam
2919 5001 2970 5053 in
3021 5016 3183 5055 sacro
3225 5017 3317 5055 so-

1747 5092 2036 5161 litarioque
2081 5091 2271 5146 ordine
2317 5091 2585 5146 consistit.
2637 5090 2879 5146 Observa
2935 5095 3100 5147 etiam
3154 5093 3316 5148 aliam

1750 5185 2033 5238 monastici
2063 5183 2272 5238 ordinis
2302 5183 2692 5247 deﬁnitionem,
2732 5194 2787 5238 et
2820 5185 2946 5253 quid
2979 5185 3053 5239 sit
3096 5203 3318 5257 μοναχιο

1748 5275 1841 5327 κὸν
1864 5278 1928 5329 ad
1950 5274 2256 5346 μοναδικόν.
2282 5273 2450 5328 Antea
2473 5274 2617 5328 enim
2650 5275 2986 5342 dicebamus,
3017 5276 3161 5346 quod
3192 5291 3316 5330 cum

1749 5369 1873 5436 quis
1898 5383 1927 5421 a
1971 5367 2223 5431 dividuis,
2254 5367 2463 5422 scilicet
2491 5367 2842 5423 szecularibns
2890 5367 3316 5437 perturbationi-

1751 5459 1871 5522 bus,
1905 5459 1970 5512 ad
2002 5457 2377 5512 collectionem
2411 5456 2698 5525 quamdam
2730 5464 2785 5510 et
2832 5455 3155 5511 deiformem
3190 5455 3316 5510 uni-

1751 5561 1914 5604 tatem
1947 5551 2306 5620 redigeretur,
2339 5563 2437 5617 per
2465 5549 2568 5603 hoc
2620 5563 2813 5602 nomen
2848 5549 3100 5603 monachi
3151 5547 3318 5603 sorti-

1748 5653 1937 5698 retur:
1971 5657 2114 5696 nunc
2147 5649 2326 5694 autem
2360 5639 2518 5692 aliam
2547 5653 2764 5708 quoque
2791 5639 2982 5694 damus
3010 5639 3314 5706 rationem;

1745 5749 1810 5789 ex
1839 5750 1903 5789 co
1928 5733 2070 5803 quod
2103 5733 2248 5788 solus
2280 5747 2375 5802 per
2405 5731 2754 5801 semetipsum
2785 5733 3108 5800 adducatur,
3136 5744 3187 5788 et
3219 5747 3314 5802 per
