  <div class='ocr_page' id='page_1' title='image "/cluster/home/n/w/nwhite01/storage/ocr_20150623/3/hvd.32044014713192/281.png"; bbox 0 0 3730 6314; ppageno 0'>
   <div class='ocr_carea' id='block_1_1' title="bbox 385 168 1957 231">
    <p class='ocr_par' dir='ltr' id='par_1_1' title="bbox 385 170 1938 231">
     <span class='ocr_line' id='line_1_1' title="bbox 385 170 1938 231; baseline -0.001 -4"><span class='ocrx_word' id='word_1_1' title='bbox 385 174 490 231; x_wconf 71' lang='grc'><strong>547</strong></span> <span class='ocrx_word' id='word_1_2' title='bbox 1538 171 1598 225; x_wconf 90' lang='lat' dir='ltr'><strong>S.</strong></span> <span class='ocrx_word' id='word_1_3' title='bbox 1636 170 1938 227; x_wconf 68' lang='lat' dir='ltr'><strong>DIUNYSII</strong></span> 
     </span>
    </p>
   </div>
   <div class='ocr_carea' id='block_1_2' title="bbox 2130 168 3627 231">
    <p class='ocr_par' dir='ltr' id='par_1_2' title="bbox 2130 168 3627 229">
     <span class='ocr_line' id='line_1_2' title="bbox 2130 168 3627 229; baseline -0.005 -1"><span class='ocrx_word' id='word_1_4' title='bbox 2130 171 2438 229; x_wconf 48' lang='lat' dir='ltr'><strong>Nauali/1‘3</strong></span> <span class='ocrx_word' id='word_1_5' title='bbox 3522 168 3627 221; x_wconf 63' lang='grc'><strong>548</strong></span> 
     </span>
    </p>
   </div>
   <div class='ocr_carea' id='block_1_3' title="bbox 375 280 1957 363">
    <p class='ocr_par' dir='ltr' id='par_1_3' title="bbox 375 283 1942 363">
     <span class='ocr_line' id='line_1_3' title="bbox 375 283 1942 363; baseline -0.001 -20"><span class='ocrx_word' id='word_1_6' title='bbox 375 310 438 348; x_wconf 75' lang='lat' dir='ltr'><strong>se</strong></span> <span class='ocrx_word' id='word_1_7' title='bbox 477 288 778 363; x_wconf 80' lang='grc' dir='ltr'><strong>μοναδικῶς</strong></span> <span class='ocrx_word' id='word_1_8' title='bbox 812 302 907 344; x_wconf 90' lang='lat' dir='ltr'><strong>seu</strong></span> <span class='ocrx_word' id='word_1_9' title='bbox 940 283 1178 341; x_wconf 68' lang='lat' dir='ltr'><strong>solitaria</strong></span> <span class='ocrx_word' id='word_1_10' title='bbox 1232 286 1498 340; x_wconf 74' lang='lat' dir='ltr'><strong>consistat</strong></span> <span class='ocrx_word' id='word_1_11' title='bbox 1536 296 1658 356; x_wconf 86' lang='lat' dir='ltr'><strong>post</strong></span> <span class='ocrx_word' id='word_1_12' title='bbox 1685 290 1942 342; x_wconf 85' lang='lat' dir='ltr'><strong>sacerdo-</strong></span> 
     </span>
    </p>
   </div>
   <div class='ocr_carea' id='block_1_4' title="bbox 2130 280 3616 363">
    <p class='ocr_par' dir='ltr' id='par_1_4' title="bbox 2130 280 3616 360">
     <span class='ocr_line' id='line_1_4' title="bbox 2130 280 3616 360; baseline -0.005 -18"><span class='ocrx_word' id='word_1_13' title='bbox 2130 289 2241 353; x_wconf 77' lang='grc' dir='ltr'><strong>ιδὸς</strong></span> <span class='ocrx_word' id='word_1_14' title='bbox 2267 290 2361 342; x_wconf 74' lang='grc' dir='ltr'><strong>ἐπὶ</strong></span> <span class='ocrx_word' id='word_1_15' title='bbox 2384 289 2482 359; x_wconf 85' lang='grc' dir='ltr'><strong>τὴν</strong></span> <span class='ocrx_word' id='word_1_16' title='bbox 2512 286 2622 341; x_wconf 86' lang='grc' dir='ltr'><strong>τῶν</strong></span> <span class='ocrx_word' id='word_1_17' title='bbox 2656 286 2818 360; x_wconf 86' lang='grc' dir='ltr'><strong>ἱερῶν</strong></span> <span class='ocrx_word' id='word_1_18' title='bbox 2849 285 3165 354; x_wconf 83' lang='grc' dir='ltr'><strong>ἐπιστήμην</strong></span> <span class='ocrx_word' id='word_1_19' title='bbox 3200 280 3470 344; x_wconf 75' lang='grc' dir='ltr'><strong>εὐπειθῶς</strong></span> <span class='ocrx_word' id='word_1_20' title='bbox 3496 283 3616 351; x_wconf 81' lang='grc' dir='ltr'><strong>ἀγό-</strong></span> 
     </span>
    </p>
   </div>
   <div class='ocr_carea' id='block_1_5' title="bbox 378 373 1957 451">
    <p class='ocr_par' dir='ltr' id='par_1_5' title="bbox 378 377 1947 451">
     <span class='ocr_line' id='line_1_5' title="bbox 378 377 1947 451; baseline -0.006 -11"><span class='ocrx_word' id='word_1_21' title='bbox 378 397 508 449; x_wconf 85' lang='lat' dir='ltr'><strong>tem,</strong></span> <span class='ocrx_word' id='word_1_22' title='bbox 558 393 816 451; x_wconf 84' lang='lat' dir='ltr'><strong>tanquam</strong></span> <span class='ocrx_word' id='word_1_23' title='bbox 862 378 1069 433; x_wconf 85' lang='lat' dir='ltr'><strong>assecla</strong></span> <span class='ocrx_word' id='word_1_24' title='bbox 1102 377 1193 446; x_wconf 93' lang='lat' dir='ltr'><strong>qui</strong></span> <span class='ocrx_word' id='word_1_25' title='bbox 1228 377 1296 430; x_wconf 88' lang='lat' dir='ltr'><strong>ad</strong></span> <span class='ocrx_word' id='word_1_26' title='bbox 1337 392 1617 435; x_wconf 87' lang='lat' dir='ltr'><strong>sacrorum</strong></span> <span class='ocrx_word' id='word_1_27' title='bbox 1661 378 1947 432; x_wconf 80' lang='lat' dir='ltr'><strong>scientiam</strong></span> 
     </span>
    </p>
   </div>
   <div class='ocr_carea' id='block_1_6' title="bbox 2130 373 3633 451">
    <p class='ocr_par' dir='ltr' id='par_1_6' title="bbox 2130 373 3633 449">
     <span class='ocr_line' id='line_1_6' title="bbox 2130 373 3633 449; baseline -0.003 -17"><span class='ocrx_word' id='word_1_28' title='bbox 2130 396 2235 445; x_wconf 88' lang='grc' dir='ltr'><strong>νος.</strong></span> <span class='ocrx_word' id='word_1_29' title='bbox 2262 379 2422 431; x_wconf 82' lang='grc' dir='ltr'><strong>Ὅθεν</strong></span> <span class='ocrx_word' id='word_1_30' title='bbox 2443 380 2505 431; x_wconf 85' lang='grc' dir='ltr'><strong>τὸ</strong></span> <span class='ocrx_word' id='word_1_31' title='bbox 2536 377 2826 449; x_wconf 72' lang='grc' dir='ltr'><strong>μοναχικδν</strong></span> <span class='ocrx_word' id='word_1_32' title='bbox 2855 377 2945 428; x_wconf 76' lang='grc' dir='ltr'><strong>ἐπὶ</strong></span> <span class='ocrx_word' id='word_1_33' title='bbox 2968 375 3067 445; x_wconf 84' lang='grc' dir='ltr'><strong>τῆς</strong></span> <span class='ocrx_word' id='word_1_34' title='bbox 3086 373 3295 439; x_wconf 79' lang='grc' dir='ltr'><strong>τάξεως</strong></span> <span class='ocrx_word' id='word_1_35' title='bbox 3324 373 3531 441; x_wconf 83' lang='grc' dir='ltr'><strong>λέγοιτο</strong></span> <span class='ocrx_word' id='word_1_36' title='bbox 3568 374 3633 428; x_wconf 82' lang='grc' dir='ltr'><strong>ἂν</strong></span> 
     </span>
    </p>
   </div>
   <div class='ocr_carea' id='block_1_7' title="bbox 379 467 1957 543">
    <p class='ocr_par' dir='ltr' id='par_1_7' title="bbox 379 468 1949 543">
     <span class='ocr_line' id='line_1_7' title="bbox 379 468 1949 543; baseline -0.006 -11"><span class='ocrx_word' id='word_1_37' title='bbox 379 477 655 532; x_wconf 81' lang='lat' dir='ltr'><strong>humiliter</strong></span> <span class='ocrx_word' id='word_1_38' title='bbox 692 474 923 543; x_wconf 89' lang='lat' dir='ltr'><strong>aspirat.</strong></span> <span class='ocrx_word' id='word_1_39' title='bbox 957 470 1108 525; x_wconf 89' lang='lat' dir='ltr'><strong>Unde</strong></span> <span class='ocrx_word' id='word_1_40' title='bbox 1146 468 1206 521; x_wconf 84' lang='grc' dir='ltr'><strong>τὸ</strong></span> <span class='ocrx_word' id='word_1_41' title='bbox 1245 469 1534 539; x_wconf 79' lang='grc' dir='ltr'><strong>μοναχικὸν</strong></span> <span class='ocrx_word' id='word_1_42' title='bbox 1579 470 1777 524; x_wconf 90' lang='lat' dir='ltr'><strong>dicitur</strong></span> <span class='ocrx_word' id='word_1_43' title='bbox 1820 486 1949 538; x_wconf 82' lang='lat' dir='ltr'><strong>pru-</strong></span> 
     </span>
    </p>
   </div>
   <div class='ocr_carea' id='block_1_8' title="bbox 2130 467 3631 543">
    <p class='ocr_par' dir='ltr' id='par_1_8' title="bbox 2130 467 3631 540">
     <span class='ocr_line' id='line_1_8' title="bbox 2130 467 3631 540; baseline -0.001 -19"><span class='ocrx_word' id='word_1_44' title='bbox 2130 470 2275 540; x_wconf 86' lang='grc' dir='ltr'><strong>ρίως,</strong></span> <span class='ocrx_word' id='word_1_45' title='bbox 2302 474 2362 523; x_wconf 80' lang='grc' dir='ltr'><strong>τὸ</strong></span> <span class='ocrx_word' id='word_1_46' title='bbox 2392 469 2448 522; x_wconf 80' lang='grc' dir='ltr'><strong>δὲ</strong></span> <span class='ocrx_word' id='word_1_47' title='bbox 2477 470 2755 540; x_wconf 83' lang='grc' dir='ltr'><strong>μοναδικὸν</strong></span> <span class='ocrx_word' id='word_1_48' title='bbox 2786 469 2877 520; x_wconf 71' lang='grc' dir='ltr'><strong>ἐπὶ</strong></span> <span class='ocrx_word' id='word_1_49' title='bbox 2912 467 3016 538; x_wconf 83' lang='grc' dir='ltr'><strong>τῆς</strong></span> <span class='ocrx_word' id='word_1_50' title='bbox 3062 467 3322 530; x_wconf 87' lang='grc' dir='ltr'><strong>στάσεως.</strong></span> <span class='ocrx_word' id='word_1_51' title='bbox 3362 467 3631 537; x_wconf 81' lang='grc' dir='ltr'><strong>Μοναδιχὴ</strong></span> 
     </span>
    </p>
   </div>
   <div class='ocr_carea' id='block_1_9' title="bbox 2053 556 3631 631">
    <p class='ocr_par' dir='ltr' id='par_1_9' title="bbox 2053 556 3631 631">
     <span class='ocr_line' id='line_1_9' title="bbox 2053 556 3631 631; baseline -0.003 -18"><span class='ocrx_word' id='word_1_52' title='bbox 2053 562 2263 623; x_wconf 94' lang='grc' dir='ltr'><strong>στάσις,</strong></span> <span class='ocrx_word' id='word_1_53' title='bbox 2290 561 2372 613; x_wconf 85' lang='grc' dir='ltr'><strong>ὅτι</strong></span> <span class='ocrx_word' id='word_1_54' title='bbox 2423 560 2582 631; x_wconf 80' lang='grc' dir='ltr'><strong>μόνος</strong></span> <span class='ocrx_word' id='word_1_55' title='bbox 2625 559 2767 613; x_wconf 85' lang='grc' dir='ltr'><strong>κατά</strong></span> <span class='ocrx_word' id='word_1_56' title='bbox 2812 559 3015 629; x_wconf 79' lang='grc' dir='ltr'><strong>μονάδα</strong></span> <span class='ocrx_word' id='word_1_57' title='bbox 3056 559 3305 611; x_wconf 75' lang='grc' dir='ltr'><strong>ἵσταται·</strong></span> <span class='ocrx_word' id='word_1_58' title='bbox 3370 556 3631 629; x_wconf 81' lang='grc' dir='ltr'><strong>μοναχικὴ</strong></span> 
     </span>
    </p>
   </div>
   <div class='ocr_carea' id='block_1_10' title="bbox 2048 647 3635 723">
    <p class='ocr_par' dir='ltr' id='par_1_10' title="bbox 2048 647 3635 723">
     <span class='ocr_line' id='line_1_10' title="bbox 2048 647 3635 723; baseline -0.004 -16"><span class='ocrx_word' id='word_1_59' title='bbox 2048 654 2222 717; x_wconf 80' lang='grc' dir='ltr'><strong>τάξις,</strong></span> <span class='ocrx_word' id='word_1_60' title='bbox 2250 653 2329 705; x_wconf 78' lang='grc' dir='ltr'><strong>ὅτι</strong></span> <span class='ocrx_word' id='word_1_61' title='bbox 2358 653 2601 723; x_wconf 84' lang='grc' dir='ltr'><strong>μοναχῶς</strong></span> <span class='ocrx_word' id='word_1_62' title='bbox 2634 653 2726 706; x_wconf 87' lang='lat' dir='ltr'><strong>xui.</strong></span> <span class='ocrx_word' id='word_1_63' title='bbox 2750 650 3013 715; x_wconf 82' lang='grc' dir='ltr'><strong>ὲνοειδῶς,</strong></span> <span class='ocrx_word' id='word_1_64' title='bbox 3039 652 3135 703; x_wconf 86' lang='lat' dir='ltr'><strong>xui.</strong></span> <span class='ocrx_word' id='word_1_65' title='bbox 3161 651 3222 702; x_wconf 81' lang='grc' dir='ltr'><strong>οὐ</strong></span> <span class='ocrx_word' id='word_1_66' title='bbox 3249 647 3435 719; x_wconf 82' lang='grc' dir='ltr'>διχῶς,</span> <span class='ocrx_word' id='word_1_67' title='bbox 3460 648 3492 720; x_wconf 74' lang='grc' dir='ltr'><strong>ἢ</strong></span> <span class='ocrx_word' id='word_1_68' title='bbox 3516 666 3635 719; x_wconf 89' lang='grc' dir='ltr'><strong>τρι-</strong></span> 
     </span>
    </p>
   </div>
   <div class='ocr_carea' id='block_1_11' title="bbox 2049 737 3635 816">
    <p class='ocr_par' dir='ltr' id='par_1_11' title="bbox 2049 737 3635 816">
     <span class='ocr_line' id='line_1_11' title="bbox 2049 737 3635 816; baseline -0.004 -19"><span class='ocrx_word' id='word_1_69' title='bbox 2049 744 2243 816; x_wconf 80' lang='grc' dir='ltr'><strong>χῶς,ἢ</strong></span> <span class='ocrx_word' id='word_1_70' title='bbox 2283 743 2562 813; x_wconf 81' lang='grc' dir='ltr'><strong>πολλαχῶς</strong></span> <span class='ocrx_word' id='word_1_71' title='bbox 2595 740 2951 795; x_wconf 80' lang='grc' dir='ltr'><strong>πολιτεύεται.</strong></span> <span class='ocrx_word' id='word_1_72' title='bbox 2999 739 3168 792; x_wconf 85' lang='grc' dir='ltr'><strong>Τοῦτο</strong></span> <span class='ocrx_word' id='word_1_73' title='bbox 3204 738 3313 809; x_wconf 78' lang='grc' dir='ltr'><strong>γὰρ</strong></span> <span class='ocrx_word' id='word_1_74' title='bbox 3354 737 3502 808; x_wconf 84' lang='grc' dir='ltr'><strong>δηλοί</strong></span> <span class='ocrx_word' id='word_1_75' title='bbox 3543 738 3635 791; x_wconf 86' lang='lat' dir='ltr'><strong>xui.</strong></span> 
     </span>
    </p>
   </div>
   <div class='ocr_carea' id='block_1_12' title="bbox 2055 828 3636 906">
    <p class='ocr_par' dir='ltr' id='par_1_12' title="bbox 2055 828 3636 906">
     <span class='ocr_line' id='line_1_12' title="bbox 2055 828 3636 906; baseline -0.006 -18"><span class='ocrx_word' id='word_1_76' title='bbox 2055 835 2116 887; x_wconf 85' lang='grc' dir='ltr'><strong>τὸ</strong></span> <span class='ocrx_word' id='word_1_77' title='bbox 2152 834 2417 906; x_wconf 84' lang='grc' dir='ltr'><strong>ἀμφιεννύ</strong></span> <span class='ocrx_word' id='word_1_78' title='bbox 2427 850 2584 905; x_wconf 89' lang='grc' dir='ltr'><strong>μενον</strong></span> <span class='ocrx_word' id='word_1_79' title='bbox 2620 833 2787 904; x_wconf 87' lang='grc' dir='ltr'><strong>μέλαν</strong></span> <span class='ocrx_word' id='word_1_80' title='bbox 2807 849 2819 860; x_wconf 90' lang='grc'><strong>·</strong></span> <span class='ocrx_word' id='word_1_81' title='bbox 2846 830 2915 885; x_wconf 81' lang='grc' dir='ltr'><strong>τὰ</strong></span> <span class='ocrx_word' id='word_1_82' title='bbox 2944 831 3042 902; x_wconf 78' lang='grc' dir='ltr'><strong>μὲν</strong></span> <span class='ocrx_word' id='word_1_83' title='bbox 3067 830 3177 901; x_wconf 88' lang='grc' dir='ltr'><strong>γάρ</strong></span> <span class='ocrx_word' id='word_1_84' title='bbox 3202 830 3335 884; x_wconf 79' lang='grc' dir='ltr'><strong>ἄλλα</strong></span> <span class='ocrx_word' id='word_1_85' title='bbox 3361 828 3469 881; x_wconf 88' lang='grc' dir='ltr'><strong>τῶν</strong></span> <span class='ocrx_word' id='word_1_86' title='bbox 3494 845 3636 900; x_wconf 85' lang='grc' dir='ltr'><strong>χρω-</strong></span> 
     </span>
    </p>
   </div>
   <div class='ocr_carea' id='block_1_13' title="bbox 2061 916 3638 997">
    <p class='ocr_par' dir='ltr' id='par_1_13' title="bbox 2061 916 3638 997">
     <span class='ocr_line' id='line_1_13' title="bbox 2061 916 3638 997; baseline -0.005 -17"><span class='ocrx_word' id='word_1_87' title='bbox 2061 927 2244 997; x_wconf 84' lang='grc' dir='ltr'><strong>μάτων</strong></span> <span class='ocrx_word' id='word_1_88' title='bbox 2276 928 2355 990; x_wconf 85' lang='grc' dir='ltr'><strong>είς</strong></span> <span class='ocrx_word' id='word_1_89' title='bbox 2398 926 2560 997; x_wconf 74' lang='grc' dir='ltr'><strong>ἕτερα</strong></span> <span class='ocrx_word' id='word_1_90' title='bbox 2613 922 3042 995; x_wconf 88' lang='grc' dir='ltr'><strong>μεταπεσοῦνται</strong></span> <span class='ocrx_word' id='word_1_91' title='bbox 3088 920 3287 993; x_wconf 74' lang='grc' dir='ltr'><strong>ῥᾳδίως</strong></span> <span class='ocrx_word' id='word_1_92' title='bbox 3328 916 3423 973; x_wconf 85' lang='lat' dir='ltr'><strong>xui</strong></span> <span class='ocrx_word' id='word_1_93' title='bbox 3464 922 3638 974; x_wconf 82' lang='grc' dir='ltr'><strong>πάντα</strong></span> 
     </span>
    </p>
   </div>
   <div class='ocr_carea' id='block_1_14' title="bbox 2058 1008 3635 1089">
    <p class='ocr_par' dir='ltr' id='par_1_14' title="bbox 2058 1008 3635 1089">
     <span class='ocr_line' id='line_1_14' title="bbox 2058 1008 3635 1089; baseline -0.004 -20"><span class='ocrx_word' id='word_1_94' title='bbox 2058 1019 2137 1081; x_wconf 83' lang='grc' dir='ltr'><strong>είς</strong></span> <span class='ocrx_word' id='word_1_95' title='bbox 2171 1017 2233 1071; x_wconf 79' lang='grc' dir='ltr'><strong>τὸ</strong></span> <span class='ocrx_word' id='word_1_96' title='bbox 2262 1018 2446 1089; x_wconf 82' lang='grc' dir='ltr'><strong>μέλαν,</strong></span> <span class='ocrx_word' id='word_1_97' title='bbox 2470 1019 2529 1070; x_wconf 73' lang='grc' dir='ltr'><strong>τὸ</strong></span> <span class='ocrx_word' id='word_1_98' title='bbox 2557 1017 2613 1069; x_wconf 83' lang='grc' dir='ltr'><strong>δὲ</strong></span> <span class='ocrx_word' id='word_1_99' title='bbox 2650 1015 2814 1087; x_wconf 79' lang='grc' dir='ltr'><strong>μέλαν</strong></span> <span class='ocrx_word' id='word_1_100' title='bbox 2845 1016 2943 1068; x_wconf 70' lang='grc' dir='ltr'><strong>οὐκ</strong></span> <span class='ocrx_word' id='word_1_101' title='bbox 2970 1014 3085 1067; x_wconf 74' lang='grc' dir='ltr'><strong>ἔστι</strong></span> <span class='ocrx_word' id='word_1_102' title='bbox 3125 1008 3529 1084; x_wconf 77' lang='grc' dir='ltr'><strong>μεταϐληθῆναι</strong></span> <span class='ocrx_word' id='word_1_103' title='bbox 3558 1011 3635 1073; x_wconf 80' lang='grc' dir='ltr'><strong>εἰς</strong></span> 
     </span>
    </p>
   </div>
   <div class='ocr_carea' id='block_1_15' title="bbox 2058 1106 2728 1180">
    <p class='ocr_par' dir='ltr' id='par_1_15' title="bbox 2058 1106 2728 1180">
     <span class='ocr_line' id='line_1_15' title="bbox 2058 1106 2728 1180; baseline 0 -19"><span class='ocrx_word' id='word_1_104' title='bbox 2058 1107 2243 1180; x_wconf 79' lang='grc' dir='ltr'><strong>ἓτερον</strong></span> <span class='ocrx_word' id='word_1_105' title='bbox 2267 1108 2464 1179; x_wconf 89' lang='grc' dir='ltr'><strong>χρῶμα</strong></span> <span class='ocrx_word' id='word_1_106' title='bbox 2491 1106 2728 1161; x_wconf 82' lang='grc' dir='ltr'><strong>πώποτε.</strong></span> 
     </span>
    </p>
   </div>
   <div class='ocr_carea' id='block_1_16' title="bbox 376 559 1948 638">
    <p class='ocr_par' dir='ltr' id='par_1_16' title="bbox 376 559 1948 638">
     <span class='ocr_line' id='line_1_16' title="bbox 376 559 1948 638; baseline -0.005 -17"><span class='ocrx_word' id='word_1_107' title='bbox 376 569 496 638; x_wconf 82' lang='lat' dir='ltr'><strong>prie</strong></span> <span class='ocrx_word' id='word_1_108' title='bbox 526 568 593 621; x_wconf 92' lang='lat' dir='ltr'><strong>de</strong></span> <span class='ocrx_word' id='word_1_109' title='bbox 620 565 833 627; x_wconf 85' lang='lat' dir='ltr'><strong>ordine,</strong></span> <span class='ocrx_word' id='word_1_110' title='bbox 864 560 1151 633; x_wconf 80' lang='grc' dir='ltr'><strong>μοναδικδν</strong></span> <span class='ocrx_word' id='word_1_111' title='bbox 1181 575 1309 614; x_wconf 85' lang='lat' dir='ltr'><strong>vero</strong></span> <span class='ocrx_word' id='word_1_112' title='bbox 1335 560 1403 613; x_wconf 88' lang='lat' dir='ltr'><strong>de</strong></span> <span class='ocrx_word' id='word_1_113' title='bbox 1437 567 1605 613; x_wconf 77' lang='lat' dir='ltr'><strong>statu.</strong></span> <span class='ocrx_word' id='word_1_114' title='bbox 1632 559 1948 613; x_wconf 77' lang='lat' dir='ltr'><strong>Monadicus</strong></span> 
     </span>
    </p>
   </div>
   <div class='ocr_carea' id='block_1_17' title="bbox 378 648 1947 718">
    <p class='ocr_par' dir='ltr' id='par_1_17' title="bbox 378 648 1947 718">
     <span class='ocr_line' id='line_1_17' title="bbox 378 648 1947 718; baseline -0.004 -8"><span class='ocrx_word' id='word_1_115' title='bbox 378 656 776 710; x_wconf 83' lang='lat' dir='ltr'><strong>uimirumseu</strong></span> <span class='ocrx_word' id='word_1_116' title='bbox 825 651 1109 705; x_wconf 79' lang='lat' dir='ltr'><strong>solitarius</strong></span> <span class='ocrx_word' id='word_1_117' title='bbox 1156 658 1331 703; x_wconf 90' lang='lat' dir='ltr'><strong>status</strong></span> <span class='ocrx_word' id='word_1_118' title='bbox 1377 649 1596 713; x_wconf 86' lang='lat' dir='ltr'><strong>dicitur,</strong></span> <span class='ocrx_word' id='word_1_119' title='bbox 1625 648 1750 718; x_wconf 88' lang='lat' dir='ltr'><strong>quia</strong></span> <span class='ocrx_word' id='word_1_120' title='bbox 1799 648 1947 703; x_wconf 85' lang='lat' dir='ltr'><strong>solus</strong></span> 
     </span>
    </p>
   </div>
   <div class='ocr_carea' id='block_1_18' title="bbox 376 739 1948 801">
    <p class='ocr_par' dir='ltr' id='par_1_18' title="bbox 376 739 1948 801">
     <span class='ocr_line' id='line_1_18' title="bbox 376 739 1948 801; baseline -0.003 -1"><span class='ocrx_word' id='word_1_121' title='bbox 376 746 670 801; x_wconf 81' lang='lat' dir='ltr'><strong>secundum</strong></span> <span class='ocrx_word' id='word_1_122' title='bbox 706 742 994 797; x_wconf 84' lang='lat' dir='ltr'><strong>monadem</strong></span> <span class='ocrx_word' id='word_1_123' title='bbox 1028 741 1298 795; x_wconf 86' lang='lat' dir='ltr'><strong>consistit.</strong></span> <span class='ocrx_word' id='word_1_124' title='bbox 1328 739 1681 795; x_wconf 84' lang='lat' dir='ltr'><strong>Monachicus</strong></span> <span class='ocrx_word' id='word_1_125' title='bbox 1712 755 1804 794; x_wconf 87' lang='lat' dir='ltr'><strong>seu</strong></span> <span class='ocrx_word' id='word_1_126' title='bbox 1834 755 1948 795; x_wconf 77' lang='lat' dir='ltr'><strong>mo—</strong></span> 
     </span>
    </p>
   </div>
   <div class='ocr_carea' id='block_1_19' title="bbox 376 832 1952 905">
    <p class='ocr_par' dir='ltr' id='par_1_19' title="bbox 376 832 1952 905">
     <span class='ocr_line' id='line_1_19' title="bbox 376 832 1952 905; baseline -0.003 -13"><span class='ocrx_word' id='word_1_127' title='bbox 376 838 617 892; x_wconf 87' lang='lat' dir='ltr'><strong>nasticus</strong></span> <span class='ocrx_word' id='word_1_128' title='bbox 662 837 797 889; x_wconf 82' lang='lat' dir='ltr'><strong>ordo</strong></span> <span class='ocrx_word' id='word_1_129' title='bbox 846 834 976 905; x_wconf 83' lang='lat' dir='ltr'><strong>quia</strong></span> <span class='ocrx_word' id='word_1_130' title='bbox 1032 832 1356 902; x_wconf 81' lang='lat' dir='ltr'><strong>simpliciter</strong></span> <span class='ocrx_word' id='word_1_131' title='bbox 1386 842 1442 888; x_wconf 91' lang='lat' dir='ltr'><strong>et</strong></span> <span class='ocrx_word' id='word_1_132' title='bbox 1480 832 1848 897; x_wconf 89' lang='lat' dir='ltr'><strong>uniformiler,</strong></span> <span class='ocrx_word' id='word_1_133' title='bbox 1893 842 1952 887; x_wconf 88' lang='lat' dir='ltr'><strong>et</strong></span> 
     </span>
    </p>
   </div>
   <div class='ocr_carea' id='block_1_20' title="bbox 376 923 1950 1001">
    <p class='ocr_par' dir='ltr' id='par_1_20' title="bbox 376 923 1950 1001">
     <span class='ocr_line' id='line_1_20' title="bbox 376 923 1950 1001; baseline -0.006 -15"><span class='ocrx_word' id='word_1_134' title='bbox 376 948 485 986; x_wconf 85' lang='lat' dir='ltr'><strong>non</strong></span> <span class='ocrx_word' id='word_1_135' title='bbox 519 930 831 1001; x_wconf 89' lang='lat' dir='ltr'><strong>dupliciter,</strong></span> <span class='ocrx_word' id='word_1_136' title='bbox 876 926 959 979; x_wconf 86' lang='lat' dir='ltr'><strong>vel</strong></span> <span class='ocrx_word' id='word_1_137' title='bbox 995 926 1307 994; x_wconf 85' lang='lat' dir='ltr'><strong>tripliciter,</strong></span> <span class='ocrx_word' id='word_1_138' title='bbox 1338 923 1422 978; x_wconf 88' lang='lat' dir='ltr'><strong>vel</strong></span> <span class='ocrx_word' id='word_1_139' title='bbox 1457 924 1831 993; x_wconf 86' lang='lat' dir='ltr'><strong>multipliciter</strong></span> <span class='ocrx_word' id='word_1_140' title='bbox 1863 925 1950 978; x_wconf 90' lang='lat' dir='ltr'><strong>in-</strong></span> 
     </span>
    </p>
   </div>
   <div class='ocr_carea' id='block_1_21' title="bbox 373 1012 1950 1087">
    <p class='ocr_par' dir='ltr' id='par_1_21' title="bbox 373 1012 1950 1087">
     <span class='ocr_line' id='line_1_21' title="bbox 373 1012 1950 1087; baseline -0.004 -12"><span class='ocrx_word' id='word_1_141' title='bbox 373 1022 617 1076; x_wconf 80' lang='lat' dir='ltr'><strong>stitttitttr</strong></span> <span class='ocrx_word' id='word_1_142' title='bbox 650 1034 714 1073; x_wconf 91' lang='lat' dir='ltr'><strong>ac</strong></span> <span class='ocrx_word' id='word_1_143' title='bbox 752 1018 1111 1087; x_wconf 84' lang='lat' dir='ltr'><strong>gubernatur.</strong></span> <span class='ocrx_word' id='word_1_144' title='bbox 1156 1012 1269 1067; x_wconf 87' lang='lat' dir='ltr'><strong>llnc</strong></span> <span class='ocrx_word' id='word_1_145' title='bbox 1314 1015 1479 1068; x_wconf 91' lang='lat' dir='ltr'><strong>etiam</strong></span> <span class='ocrx_word' id='word_1_146' title='bbox 1518 1012 1606 1066; x_wconf 93' lang='lat' dir='ltr'><strong>illa</strong></span> <span class='ocrx_word' id='word_1_147' title='bbox 1640 1015 1807 1067; x_wconf 82' lang='lat' dir='ltr'><strong>vestis</strong></span> <span class='ocrx_word' id='word_1_148' title='bbox 1832 1025 1950 1068; x_wconf 90' lang='lat' dir='ltr'><strong>atra</strong></span> 
     </span>
    </p>
   </div>
   <div class='ocr_carea' id='block_1_22' title="bbox 376 1105 1955 1184">
    <p class='ocr_par' dir='ltr' id='par_1_22' title="bbox 376 1105 1955 1184">
     <span class='ocr_line' id='line_1_22' title="bbox 376 1105 1955 1184; baseline -0.003 -18"><span class='ocrx_word' id='word_1_149' title='bbox 376 1130 497 1184; x_wconf 71' lang='lat' dir='ltr'><strong>qua:</strong></span> <span class='ocrx_word' id='word_1_150' title='bbox 553 1110 989 1181; x_wconf 85' lang='lat' dir='ltr'><strong>circumponitur</strong></span> <span class='ocrx_word' id='word_1_151' title='bbox 1038 1108 1316 1178; x_wconf 86' lang='lat' dir='ltr'><strong>signiﬁcat</strong></span> <span class='ocrx_word' id='word_1_152' title='bbox 1357 1130 1370 1163; x_wconf 84' lang='lat'><strong>:</strong></span> <span class='ocrx_word' id='word_1_153' title='bbox 1419 1108 1689 1176; x_wconf 86' lang='lat' dir='ltr'><strong>siquidem</strong></span> <span class='ocrx_word' id='word_1_154' title='bbox 1741 1105 1955 1161; x_wconf 85' lang='lat' dir='ltr'><strong>colores</strong></span> 
     </span>
    </p>
   </div>
   <div class='ocr_carea' id='block_1_23' title="bbox 379 1195 3633 1271">
    <p class='ocr_par' dir='ltr' id='par_1_23' title="bbox 379 1195 3633 1271">
     <span class='ocr_line' id='line_1_23' title="bbox 379 1195 3633 1271; baseline -0.003 -13"><span class='ocrx_word' id='word_1_155' title='bbox 379 1204 470 1259; x_wconf 84' lang='lat' dir='ltr'><strong>alii</strong></span> <span class='ocrx_word' id='word_1_156' title='bbox 502 1204 556 1257; x_wconf 92' lang='lat' dir='ltr'><strong>in</strong></span> <span class='ocrx_word' id='word_1_157' title='bbox 598 1202 736 1257; x_wconf 86' lang='lat' dir='ltr'><strong>alios</strong></span> <span class='ocrx_word' id='word_1_158' title='bbox 764 1200 923 1255; x_wconf 81' lang='lat' dir='ltr'><strong>facile</strong></span> <span class='ocrx_word' id='word_1_159' title='bbox 962 1208 1268 1263; x_wconf 86' lang='lat' dir='ltr'><strong>mutantur,</strong></span> <span class='ocrx_word' id='word_1_160' title='bbox 1324 1208 1381 1252; x_wconf 91' lang='lat' dir='ltr'><strong>et</strong></span> <span class='ocrx_word' id='word_1_161' title='bbox 1410 1212 1601 1253; x_wconf 87' lang='lat' dir='ltr'><strong>omnes</strong></span> <span class='ocrx_word' id='word_1_162' title='bbox 1648 1198 1701 1251; x_wconf 91' lang='lat' dir='ltr'><strong>in</strong></span> <span class='ocrx_word' id='word_1_163' title='bbox 1754 1198 2008 1267; x_wconf 80' lang='lat' dir='ltr'><strong>nigrum,</strong></span> <span class='ocrx_word' id='word_1_164' title='bbox 2069 1201 2165 1255; x_wconf 82' lang='lat' dir='ltr'><strong>sed</strong></span> <span class='ocrx_word' id='word_1_165' title='bbox 2214 1200 2369 1271; x_wconf 90' lang='lat' dir='ltr'><strong>niger</strong></span> <span class='ocrx_word' id='word_1_166' title='bbox 2414 1200 2567 1255; x_wconf 90' lang='lat' dir='ltr'><strong>color</strong></span> <span class='ocrx_word' id='word_1_167' title='bbox 2621 1202 2673 1253; x_wconf 91' lang='lat' dir='ltr'><strong>in</strong></span> <span class='ocrx_word' id='word_1_168' title='bbox 2731 1198 2896 1253; x_wconf 89' lang='lat' dir='ltr'><strong>alium</strong></span> <span class='ocrx_word' id='word_1_169' title='bbox 2956 1212 3235 1267; x_wconf 88' lang='lat' dir='ltr'><strong>nunquam</strong></span> <span class='ocrx_word' id='word_1_170' title='bbox 3287 1195 3487 1250; x_wconf 88' lang='lat' dir='ltr'><strong>mutari</strong></span> <span class='ocrx_word' id='word_1_171' title='bbox 3539 1210 3633 1265; x_wconf 88' lang='lat' dir='ltr'><strong>po-</strong></span> 
     </span>
    </p>
   </div>
   <div class='ocr_carea' id='block_1_24' title="bbox 380 1304 506 1349">
    <p class='ocr_par' dir='ltr' id='par_1_24' title="bbox 380 1304 506 1349">
     <span class='ocr_line' id='line_1_24' title="bbox 380 1304 506 1349; baseline -0.016 -1"><span class='ocrx_word' id='word_1_172' title='bbox 380 1304 506 1349; x_wconf 87' lang='lat' dir='ltr'><strong>test.</strong></span> 
     </span>
    </p>
   </div>
   <div class='ocr_carea' id='block_1_25' title="bbox 449 1382 1947 1457">
    <p class='ocr_par' dir='ltr' id='par_1_25' title="bbox 449 1382 1947 1457">
     <span class='ocr_line' id='line_1_25' title="bbox 449 1382 1947 1457; baseline -0.002 -18"><span class='ocrx_word' id='word_1_173' title='bbox 449 1386 562 1457; x_wconf 61' lang='grc' dir='ltr'><strong>δη.</strong></span> <span class='ocrx_word' id='word_1_174' title='bbox 599 1384 909 1440; x_wconf 84' lang='lat' dir='ltr'><strong>Divisarum</strong></span> <span class='ocrx_word' id='word_1_175' title='bbox 967 1392 1148 1439; x_wconf 85' lang='lat' dir='ltr'><strong>autem</strong></span> <span class='ocrx_word' id='word_1_176' title='bbox 1201 1398 1265 1438; x_wconf 88' lang='lat' dir='ltr'><strong>ac</strong></span> <span class='ocrx_word' id='word_1_177' title='bbox 1321 1382 1663 1437; x_wconf 69' lang='lat' dir='ltr'><strong>stecularium</strong></span> <span class='ocrx_word' id='word_1_178' title='bbox 1714 1382 1947 1437; x_wconf 87' lang='lat' dir='ltr'><strong>vitarum</strong></span> 
     </span>
    </p>
   </div>
   <div class='ocr_carea' id='block_1_26' title="bbox 378 1473 1951 1547">
    <p class='ocr_par' dir='ltr' id='par_1_26' title="bbox 378 1473 1951 1547">
     <span class='ocr_line' id='line_1_26' title="bbox 378 1473 1951 1547; baseline -0.004 -15"><span class='ocrx_word' id='word_1_179' title='bbox 378 1488 541 1547; x_wconf 86' lang='lat' dir='ltr'><strong>atque</strong></span> <span class='ocrx_word' id='word_1_180' title='bbox 571 1479 792 1546; x_wconf 89' lang='lat' dir='ltr'><strong>insuper</strong></span> <span class='ocrx_word' id='word_1_181' title='bbox 823 1476 1271 1543; x_wconf 82' lang='lat' dir='ltr'><strong>imaginationum</strong></span> <span class='ocrx_word' id='word_1_182' title='bbox 1302 1475 1634 1529; x_wconf 87' lang='lat' dir='ltr'><strong>renuntiatio</strong></span> <span class='ocrx_word' id='word_1_183' title='bbox 1664 1473 1951 1543; x_wconf 70' lang='lat' dir='ltr'><strong>perfectis-</strong></span> 
     </span>
    </p>
   </div>
   <div class='ocr_carea' id='block_1_27' title="bbox 379 1563 1952 1634">
    <p class='ocr_par' dir='ltr' id='par_1_27' title="bbox 379 1563 1952 1634">
     <span class='ocr_line' id='line_1_27' title="bbox 379 1563 1952 1634; baseline -0.003 -13"><span class='ocrx_word' id='word_1_184' title='bbox 379 1570 572 1621; x_wconf 84' lang='lat' dir='ltr'><strong>simam</strong></span> <span class='ocrx_word' id='word_1_185' title='bbox 614 1567 853 1621; x_wconf 83' lang='lat' dir='ltr'><strong>declarat</strong></span> <span class='ocrx_word' id='word_1_186' title='bbox 894 1564 1294 1634; x_wconf 83' lang='lat' dir='ltr'><strong>philosophiam</strong></span> <span class='ocrx_word' id='word_1_187' title='bbox 1325 1581 1340 1617; x_wconf 90' lang='lat'><strong>:</strong></span> <span class='ocrx_word' id='word_1_188' title='bbox 1369 1565 1624 1631; x_wconf 87' lang='lat' dir='ltr'><strong>quoniam</strong></span> <span class='ocrx_word' id='word_1_189' title='bbox 1657 1580 1685 1616; x_wconf 91' lang='lat' dir='ltr'><strong>a</strong></span> <span class='ocrx_word' id='word_1_190' title='bbox 1716 1563 1952 1618; x_wconf 89' lang='lat' dir='ltr'><strong>dividuis</strong></span> 
     </span>
    </p>
   </div>
   <div class='ocr_carea' id='block_1_28' title="bbox 2125 1376 3636 1452">
    <p class='ocr_par' dir='ltr' id='par_1_28' title="bbox 2125 1376 3636 1452">
     <span class='ocr_line' id='line_1_28' title="bbox 2125 1376 3636 1452; baseline 0.001 -19"><span class='ocrx_word' id='word_1_191' title='bbox 2125 1380 2151 1451; x_wconf 84' lang='lat'>§</span> <span class='ocrx_word' id='word_1_192' title='bbox 2178 1379 2243 1433; x_wconf 90' lang='lat' dir='ltr'><strong>ll.</strong></span> <span class='ocrx_word' id='word_1_193' title='bbox 2268 1381 2331 1434; x_wconf 83' lang='grc' dir='ltr'><strong>Ἥ</strong></span> <span class='ocrx_word' id='word_1_194' title='bbox 2358 1380 2415 1434; x_wconf 77' lang='grc' dir='ltr'><strong>δὲ</strong></span> <span class='ocrx_word' id='word_1_195' title='bbox 2444 1380 2692 1452; x_wconf 81' lang='grc' dir='ltr'><strong>ἀποταγὴ</strong></span> <span class='ocrx_word' id='word_1_196' title='bbox 2720 1379 2829 1434; x_wconf 82' lang='grc' dir='ltr'><strong>τῶν</strong></span> <span class='ocrx_word' id='word_1_197' title='bbox 2856 1379 3125 1452; x_wconf 83' lang='grc' dir='ltr'><strong>μεριστῶν</strong></span> <span class='ocrx_word' id='word_1_198' title='bbox 3151 1381 3245 1433; x_wconf 73' lang='grc' dir='ltr'><strong>καὶ</strong></span> <span class='ocrx_word' id='word_1_199' title='bbox 3271 1378 3415 1433; x_wconf 77' lang='grc' dir='ltr'><strong>κατὰ</strong></span> <span class='ocrx_word' id='word_1_200' title='bbox 3436 1376 3636 1450; x_wconf 67' lang='grc' dir='ltr'><strong>κόσμον</strong></span> 
     </span>
    </p>
   </div>
   <div class='ocr_carea' id='block_1_29' title="bbox 2056 1468 3635 1542">
    <p class='ocr_par' dir='ltr' id='par_1_29' title="bbox 2056 1468 3635 1542">
     <span class='ocr_line' id='line_1_29' title="bbox 2056 1468 3635 1542; baseline 0 -18"><span class='ocrx_word' id='word_1_201' title='bbox 2056 1468 2228 1535; x_wconf 79' lang='grc' dir='ltr'><strong>ζωῶν,</strong></span> <span class='ocrx_word' id='word_1_202' title='bbox 2245 1469 2399 1524; x_wconf 76' lang='grc' dir='ltr'><strong>ἔτιδὲ</strong></span> <span class='ocrx_word' id='word_1_203' title='bbox 2422 1473 2515 1524; x_wconf 88' lang='lat' dir='ltr'><strong>xui.</strong></span> <span class='ocrx_word' id='word_1_204' title='bbox 2538 1472 2866 1541; x_wconf 75' lang='grc' dir='ltr'><strong>φαντασιῶν,</strong></span> <span class='ocrx_word' id='word_1_205' title='bbox 2890 1473 2989 1542; x_wconf 79' lang='grc' dir='ltr'><strong>τὴν</strong></span> <span class='ocrx_word' id='word_1_206' title='bbox 3012 1471 3356 1541; x_wconf 80' lang='grc' dir='ltr'><strong>τελειοτάτην</strong></span> <span class='ocrx_word' id='word_1_207' title='bbox 3382 1471 3635 1540; x_wconf 75' lang='grc' dir='ltr'><strong>ἐμφαίνει</strong></span> 
     </span>
    </p>
   </div>
   <div class='ocr_carea' id='block_1_30' title="bbox 2059 1564 3633 1637">
    <p class='ocr_par' dir='ltr' id='par_1_30' title="bbox 2059 1564 3633 1637">
     <span class='ocr_line' id='line_1_30' title="bbox 2059 1564 3633 1637; baseline 0.001 -22"><span class='ocrx_word' id='word_1_208' title='bbox 2059 1564 2404 1634; x_wconf 73' lang='grc' dir='ltr'><strong>φιλοσοφίαν·</strong></span> <span class='ocrx_word' id='word_1_209' title='bbox 2456 1567 2779 1618; x_wconf 85' lang='grc' dir='ltr'><strong>ἐνοποιεῖται</strong></span> <span class='ocrx_word' id='word_1_210' title='bbox 2822 1565 2929 1637; x_wconf 81' lang='grc' dir='ltr'><strong>γὰρ</strong></span> <span class='ocrx_word' id='word_1_211' title='bbox 2961 1568 3081 1629; x_wconf 83' lang='grc' dir='ltr'><strong>ταῖς</strong></span> <span class='ocrx_word' id='word_1_212' title='bbox 3119 1564 3347 1629; x_wconf 84' lang='grc' dir='ltr'><strong>ἐνιαίαις</strong></span> <span class='ocrx_word' id='word_1_213' title='bbox 3395 1565 3633 1628; x_wconf 80' lang='grc' dir='ltr'><strong>ἐντολαῖς</strong></span> 
     </span>
    </p>
   </div>
   <div class='ocr_carea' id='block_1_31' title="bbox 383 1654 1957 1729">
    <p class='ocr_par' dir='ltr' id='par_1_31' title="bbox 383 1655 1957 1723">
     <span class='ocr_line' id='line_1_31' title="bbox 383 1655 1957 1723; baseline -0.003 -12"><span class='ocrx_word' id='word_1_214' title='bbox 383 1659 659 1723; x_wconf 82' lang='lat' dir='ltr'><strong>recedens,</strong></span> <span class='ocrx_word' id='word_1_215' title='bbox 705 1660 881 1713; x_wconf 92' lang='lat' dir='ltr'><strong>unicis</strong></span> <span class='ocrx_word' id='word_1_216' title='bbox 917 1659 1023 1713; x_wconf 87' lang='lat' dir='ltr'><strong>illis</strong></span> <span class='ocrx_word' id='word_1_217' title='bbox 1052 1658 1255 1713; x_wconf 87' lang='lat' dir='ltr'><strong>Christi</strong></span> <span class='ocrx_word' id='word_1_218' title='bbox 1294 1658 1505 1713; x_wconf 86' lang='lat' dir='ltr'><strong>Domini</strong></span> <span class='ocrx_word' id='word_1_219' title='bbox 1542 1656 1809 1710; x_wconf 87' lang='lat' dir='ltr'><strong>mandatis</strong></span> <span class='ocrx_word' id='word_1_220' title='bbox 1839 1655 1957 1708; x_wconf 90' lang='lat' dir='ltr'><strong>uni-</strong></span> 
     </span>
    </p>
   </div>
   <div class='ocr_carea' id='block_1_32' title="bbox 2130 1654 3632 1729">
    <p class='ocr_par' dir='ltr' id='par_1_32' title="bbox 2130 1655 3632 1729">
     <span class='ocr_line' id='line_1_32' title="bbox 2130 1655 3632 1729; baseline 0 -20"><span class='ocrx_word' id='word_1_221' title='bbox 2130 1655 2150 1708; x_wconf 78' lang='lat'><strong>5</strong></span> <span class='ocrx_word' id='word_1_222' title='bbox 2197 1658 2465 1710; x_wconf 80' lang='grc' dir='ltr'><strong>Δεσπὸτου</strong></span> <span class='ocrx_word' id='word_1_223' title='bbox 2519 1657 2753 1729; x_wconf 89' lang='grc' dir='ltr'><strong>Χριστοῦ</strong></span> <span class='ocrx_word' id='word_1_224' title='bbox 2798 1658 2905 1710; x_wconf 88' lang='grc' dir='ltr'><strong>τῶν</strong></span> <span class='ocrx_word' id='word_1_225' title='bbox 2950 1657 3219 1729; x_wconf 83' lang='grc' dir='ltr'><strong>μεριστῶν</strong></span> <span class='ocrx_word' id='word_1_226' title='bbox 3245 1657 3632 1726; x_wconf 68' lang='grc' dir='ltr'><strong>ἀφιστάμενος.</strong></span> 
     </span>
    </p>
   </div>
   <div class='ocr_carea' id='block_1_33' title="bbox 382 1747 1956 1818">
    <p class='ocr_par' dir='ltr' id='par_1_33' title="bbox 382 1747 1956 1818">
     <span class='ocr_line' id='line_1_33' title="bbox 382 1747 1956 1818; baseline -0.001 -18"><span class='ocrx_word' id='word_1_227' title='bbox 382 1748 587 1804; x_wconf 82' lang='lat' dir='ltr'><strong>ticatur.</strong></span> <span class='ocrx_word' id='word_1_228' title='bbox 630 1747 815 1818; x_wconf 88' lang='lat' dir='ltr'><strong>Neque</strong></span> <span class='ocrx_word' id='word_1_229' title='bbox 848 1750 993 1803; x_wconf 91' lang='lat' dir='ltr'><strong>enim</strong></span> <span class='ocrx_word' id='word_1_230' title='bbox 1025 1760 1109 1803; x_wconf 91' lang='lat' dir='ltr'><strong>est</strong></span> <span class='ocrx_word' id='word_1_231' title='bbox 1147 1749 1312 1803; x_wconf 88' lang='lat' dir='ltr'><strong>medii</strong></span> <span class='ocrx_word' id='word_1_232' title='bbox 1344 1748 1555 1804; x_wconf 90' lang='lat' dir='ltr'><strong>ordinis</strong></span> <span class='ocrx_word' id='word_1_233' title='bbox 1588 1747 1956 1809; x_wconf 89' lang='lat' dir='ltr'><strong>initiatorum,</strong></span> 
     </span>
    </p>
   </div>
   <div class='ocr_carea' id='block_1_34' title="bbox 381 1837 1959 1895">
    <p class='ocr_par' dir='ltr' id='par_1_34' title="bbox 381 1837 1959 1895">
     <span class='ocr_line' id='line_1_34' title="bbox 381 1837 1959 1895; baseline -0.002 -3"><span class='ocrx_word' id='word_1_234' title='bbox 381 1839 589 1895; x_wconf 82' lang='lat' dir='ltr'><strong>scilicet</strong></span> <span class='ocrx_word' id='word_1_235' title='bbox 610 1840 1034 1895; x_wconf 89' lang='lat' dir='ltr'><strong>illuminatorum</strong></span> <span class='ocrx_word' id='word_1_236' title='bbox 1063 1848 1118 1895; x_wconf 89' lang='lat' dir='ltr'><strong>et</strong></span> <span class='ocrx_word' id='word_1_237' title='bbox 1143 1854 1426 1894; x_wconf 87' lang='lat' dir='ltr'><strong>sacrorum</strong></span> <span class='ocrx_word' id='word_1_238' title='bbox 1454 1839 1719 1894; x_wconf 90' lang='lat' dir='ltr'><strong>laicorum</strong></span> <span class='ocrx_word' id='word_1_239' title='bbox 1750 1856 1763 1891; x_wconf 85' lang='lat'><strong>:</strong></span> <span class='ocrx_word' id='word_1_240' title='bbox 1793 1837 1959 1891; x_wconf 90' lang='lat' dir='ltr'><strong>multa</strong></span> 
     </span>
    </p>
   </div>
   <div class='ocr_carea' id='block_1_35' title="bbox 381 1927 1959 2000">
    <p class='ocr_par' dir='ltr' id='par_1_35' title="bbox 381 1927 1959 2000">
     <span class='ocr_line' id='line_1_35' title="bbox 381 1927 1959 2000; baseline -0.002 -16"><span class='ocrx_word' id='word_1_241' title='bbox 381 1932 527 1985; x_wconf 86' lang='lat' dir='ltr'><strong>enim</strong></span> <span class='ocrx_word' id='word_1_242' title='bbox 556 1931 804 1985; x_wconf 88' lang='lat' dir='ltr'><strong>monachi</strong></span> <span class='ocrx_word' id='word_1_243' title='bbox 835 1930 1015 1985; x_wconf 85' lang='lat' dir='ltr'><strong>facere</strong></span> <span class='ocrx_word' id='word_1_244' title='bbox 1045 1931 1427 1999; x_wconf 87' lang='lat' dir='ltr'><strong>prohibentur,</strong></span> <span class='ocrx_word' id='word_1_245' title='bbox 1454 1946 1686 2000; x_wconf 89' lang='lat' dir='ltr'><strong>quorum</strong></span> <span class='ocrx_word' id='word_1_246' title='bbox 1728 1927 1959 1982; x_wconf 85' lang='lat' dir='ltr'><strong>facultas</strong></span> 
     </span>
    </p>
   </div>
   <div class='ocr_carea' id='block_1_36' title="bbox 380 2021 1960 2091">
    <p class='ocr_par' dir='ltr' id='par_1_36' title="bbox 380 2021 1960 2091">
     <span class='ocr_line' id='line_1_36' title="bbox 380 2021 1960 2091; baseline 0 -15"><span class='ocrx_word' id='word_1_247' title='bbox 380 2033 437 2076; x_wconf 87' lang='lat' dir='ltr'><strong>et</strong></span> <span class='ocrx_word' id='word_1_248' title='bbox 465 2031 707 2089; x_wconf 88' lang='lat' dir='ltr'><strong>potestas</strong></span> <span class='ocrx_word' id='word_1_249' title='bbox 740 2021 893 2076; x_wconf 88' lang='lat' dir='ltr'><strong>laicis</strong></span> <span class='ocrx_word' id='word_1_250' title='bbox 935 2032 1042 2087; x_wconf 87' lang='lat' dir='ltr'><strong>est,</strong></span> <span class='ocrx_word' id='word_1_251' title='bbox 1070 2030 1129 2075; x_wconf 89' lang='lat' dir='ltr'><strong>ut</strong></span> <span class='ocrx_word' id='word_1_252' title='bbox 1157 2031 1306 2086; x_wconf 91' lang='lat' dir='ltr'><strong>sunt,</strong></span> <span class='ocrx_word' id='word_1_253' title='bbox 1353 2023 1593 2091; x_wconf 89' lang='lat' dir='ltr'><strong>nuptias,</strong></span> <span class='ocrx_word' id='word_1_254' title='bbox 1623 2021 1871 2074; x_wconf 87' lang='lat' dir='ltr'><strong>militiam</strong></span> <span class='ocrx_word' id='word_1_255' title='bbox 1903 2030 1960 2076; x_wconf 88' lang='lat' dir='ltr'><strong>et</strong></span> 
     </span>
    </p>
   </div>
   <div class='ocr_carea' id='block_1_37' title="bbox 380 2112 1958 2183">
    <p class='ocr_par' dir='ltr' id='par_1_37' title="bbox 380 2112 1958 2183">
     <span class='ocr_line' id='line_1_37' title="bbox 380 2112 1958 2183; baseline -0.001 -15"><span class='ocrx_word' id='word_1_256' title='bbox 380 2114 707 2168; x_wconf 76' lang='lat' dir='ltr'><strong>cotitntercia</strong></span> <span class='ocrx_word' id='word_1_257' title='bbox 760 2113 1131 2182; x_wconf 86' lang='lat' dir='ltr'><strong>frequentare,</strong></span> <span class='ocrx_word' id='word_1_258' title='bbox 1179 2122 1235 2168; x_wconf 91' lang='lat' dir='ltr'><strong>et</strong></span> <span class='ocrx_word' id='word_1_259' title='bbox 1279 2114 1505 2178; x_wconf 86' lang='lat' dir='ltr'><strong>similia,</strong></span> <span class='ocrx_word' id='word_1_260' title='bbox 1550 2128 1673 2183; x_wconf 60' lang='lat' dir='ltr'><strong>quae</strong></span> <span class='ocrx_word' id='word_1_261' title='bbox 1720 2114 1776 2166; x_wconf 93' lang='lat' dir='ltr'><strong>in</strong></span> <span class='ocrx_word' id='word_1_262' title='bbox 1820 2112 1958 2166; x_wconf 88' lang='lat' dir='ltr'><strong>laico</strong></span> 
     </span>
    </p>
   </div>
   <div class='ocr_carea' id='block_1_38' title="bbox 382 2203 1957 2275">
    <p class='ocr_par' dir='ltr' id='par_1_38' title="bbox 382 2203 1957 2275">
     <span class='ocr_line' id='line_1_38' title="bbox 382 2203 1957 2275; baseline -0.002 -16"><span class='ocrx_word' id='word_1_263' title='bbox 382 2222 490 2260; x_wconf 92' lang='lat' dir='ltr'><strong>non</strong></span> <span class='ocrx_word' id='word_1_264' title='bbox 531 2205 877 2259; x_wconf 87' lang='lat' dir='ltr'><strong>damnantur.</strong></span> <span class='ocrx_word' id='word_1_265' title='bbox 918 2203 1018 2258; x_wconf 86' lang='lat' dir='ltr'><strong>Ubi</strong></span> <span class='ocrx_word' id='word_1_266' title='bbox 1062 2212 1189 2258; x_wconf 90' lang='lat' dir='ltr'><strong>nota</strong></span> <span class='ocrx_word' id='word_1_267' title='bbox 1237 2205 1440 2259; x_wconf 91' lang='lat' dir='ltr'><strong>dictum</strong></span> <span class='ocrx_word' id='word_1_268' title='bbox 1487 2206 1757 2274; x_wconf 88' lang='lat' dir='ltr'><strong>quoddam</strong></span> <span class='ocrx_word' id='word_1_269' title='bbox 1794 2204 1957 2275; x_wconf 71' lang='lat'><strong>260</strong></span> 
     </span>
    </p>
   </div>
   <div class='ocr_carea' id='block_1_39' title="bbox 382 2294 1957 2366">
    <p class='ocr_par' dir='ltr' id='par_1_39' title="bbox 382 2294 1957 2366">
     <span class='ocr_line' id='line_1_39' title="bbox 382 2294 1957 2366; baseline -0.001 -14"><span class='ocrx_word' id='word_1_270' title='bbox 382 2299 512 2352; x_wconf 86' lang='lat' dir='ltr'><strong>utile</strong></span> <span class='ocrx_word' id='word_1_271' title='bbox 563 2310 753 2351; x_wconf 80' lang='lat' dir='ltr'><strong>contra</strong></span> <span class='ocrx_word' id='word_1_272' title='bbox 818 2296 1241 2366; x_wconf 85' lang='lat' dir='ltr'><strong>Lampetianos,</strong></span> <span class='ocrx_word' id='word_1_273' title='bbox 1289 2297 1405 2350; x_wconf 84' lang='lat' dir='ltr'><strong>sive</strong></span> <span class='ocrx_word' id='word_1_274' title='bbox 1454 2294 1810 2363; x_wconf 82' lang='lat' dir='ltr'><strong>Masalianos,</strong></span> <span class='ocrx_word' id='word_1_275' title='bbox 1864 2306 1957 2351; x_wconf 87' lang='lat' dir='ltr'><strong>aut</strong></span> 
     </span>
    </p>
   </div>
   <div class='ocr_carea' id='block_1_40' title="bbox 382 2386 1954 2458">
    <p class='ocr_par' dir='ltr' id='par_1_40' title="bbox 382 2386 1954 2458">
     <span class='ocr_line' id='line_1_40' title="bbox 382 2386 1954 2458; baseline -0.001 -13"><span class='ocrx_word' id='word_1_276' title='bbox 382 2390 771 2457; x_wconf 75' lang='lat' dir='ltr'><strong>Adelphiauos.</strong></span> <span class='ocrx_word' id='word_1_277' title='bbox 822 2389 927 2454; x_wconf 81' lang='lat' dir='ltr'><strong>vel,</strong></span> <span class='ocrx_word' id='word_1_278' title='bbox 970 2390 1113 2458; x_wconf 89' lang='lat' dir='ltr'><strong>quod</strong></span> <span class='ocrx_word' id='word_1_279' title='bbox 1149 2389 1289 2442; x_wconf 89' lang='lat' dir='ltr'><strong>idem</strong></span> <span class='ocrx_word' id='word_1_280' title='bbox 1336 2387 1499 2451; x_wconf 85' lang='lat' dir='ltr'><strong>valet,</strong></span> <span class='ocrx_word' id='word_1_281' title='bbox 1548 2386 1954 2455; x_wconf 81' lang='lat' dir='ltr'><strong>Marcianistas,</strong></span> 
     </span>
    </p>
   </div>
   <div class='ocr_carea' id='block_1_41' title="bbox 384 2478 1953 2550">
    <p class='ocr_par' dir='ltr' id='par_1_41' title="bbox 384 2478 1953 2550">
     <span class='ocr_line' id='line_1_41' title="bbox 384 2478 1953 2550; baseline -0.001 -15"><span class='ocrx_word' id='word_1_282' title='bbox 384 2482 476 2550; x_wconf 86' lang='lat' dir='ltr'><strong>qui</strong></span> <span class='ocrx_word' id='word_1_283' title='bbox 510 2480 806 2535; x_wconf 80' lang='lat' dir='ltr'><strong>triennium</strong></span> <span class='ocrx_word' id='word_1_284' title='bbox 846 2478 1023 2533; x_wconf 92' lang='lat' dir='ltr'><strong>solum</strong></span> <span class='ocrx_word' id='word_1_285' title='bbox 1056 2479 1300 2534; x_wconf 88' lang='lat' dir='ltr'><strong>tribuunt</strong></span> <span class='ocrx_word' id='word_1_286' title='bbox 1341 2480 1671 2547; x_wconf 88' lang='lat' dir='ltr'><strong>competenti</strong></span> <span class='ocrx_word' id='word_1_287' title='bbox 1707 2480 1953 2534; x_wconf 87' lang='lat' dir='ltr'><strong>sanctiﬁ-</strong></span> 
     </span>
    </p>
   </div>
   <div class='ocr_carea' id='block_1_42' title="bbox 383 2569 1954 2638">
    <p class='ocr_par' dir='ltr' id='par_1_42' title="bbox 383 2569 1954 2638">
     <span class='ocr_line' id='line_1_42' title="bbox 383 2569 1954 2638; baseline -0.002 -12"><span class='ocrx_word' id='word_1_288' title='bbox 383 2571 609 2637; x_wconf 87' lang='lat' dir='ltr'><strong>cationi,</strong></span> <span class='ocrx_word' id='word_1_289' title='bbox 640 2585 704 2624; x_wconf 88' lang='lat' dir='ltr'><strong>ac</strong></span> <span class='ocrx_word' id='word_1_290' title='bbox 734 2578 925 2638; x_wconf 82' lang='lat' dir='ltr'><strong>postea</strong></span> <span class='ocrx_word' id='word_1_291' title='bbox 963 2569 1286 2638; x_wconf 85' lang='lat' dir='ltr'><strong>permissam</strong></span> <span class='ocrx_word' id='word_1_292' title='bbox 1318 2569 1637 2623; x_wconf 80' lang='lat' dir='ltr'><strong>existimant</strong></span> <span class='ocrx_word' id='word_1_293' title='bbox 1672 2583 1793 2625; x_wconf 83' lang='lat' dir='ltr'><strong>esse</strong></span> <span class='ocrx_word' id='word_1_294' title='bbox 1837 2586 1954 2624; x_wconf 83' lang='lat' dir='ltr'><strong>om-</strong></span> 
     </span>
    </p>
   </div>
   <div class='ocr_carea' id='block_1_43' title="bbox 386 2658 1953 2727">
    <p class='ocr_par' dir='ltr' id='par_1_43' title="bbox 386 2658 1953 2727">
     <span class='ocr_line' id='line_1_43' title="bbox 386 2658 1953 2727; baseline 0.001 -13"><span class='ocrx_word' id='word_1_295' title='bbox 386 2676 508 2716; x_wconf 89' lang='lat' dir='ltr'><strong>nem</strong></span> <span class='ocrx_word' id='word_1_296' title='bbox 552 2659 847 2725; x_wconf 82' lang='lat' dir='ltr'><strong>lasciviam,</strong></span> <span class='ocrx_word' id='word_1_297' title='bbox 890 2674 1012 2712; x_wconf 89' lang='lat' dir='ltr'><strong>cum</strong></span> <span class='ocrx_word' id='word_1_298' title='bbox 1061 2671 1222 2712; x_wconf 87' lang='lat' dir='ltr'><strong>sensu</strong></span> <span class='ocrx_word' id='word_1_299' title='bbox 1265 2658 1478 2727; x_wconf 88' lang='lat' dir='ltr'><strong>spoliati</strong></span> <span class='ocrx_word' id='word_1_300' title='bbox 1531 2659 1837 2714; x_wconf 83' lang='lat' dir='ltr'><strong>istiusmodi</strong></span> <span class='ocrx_word' id='word_1_301' title='bbox 1872 2660 1953 2715; x_wconf 88' lang='lat' dir='ltr'><strong>la-</strong></span> 
     </span>
    </p>
   </div>
   <div class='ocr_carea' id='block_1_44' title="bbox 387 2744 1954 2818">
    <p class='ocr_par' dir='ltr' id='par_1_44' title="bbox 387 2744 1954 2818">
     <span class='ocr_line' id='line_1_44' title="bbox 387 2744 1954 2818; baseline 0.002 -15"><span class='ocrx_word' id='word_1_302' title='bbox 387 2751 579 2803; x_wconf 88' lang='lat' dir='ltr'><strong>borent</strong></span> <span class='ocrx_word' id='word_1_303' title='bbox 609 2748 882 2818; x_wconf 89' lang='lat' dir='ltr'><strong>passione.</strong></span> <span class='ocrx_word' id='word_1_304' title='bbox 914 2744 1112 2801; x_wconf 89' lang='lat' dir='ltr'><strong>Verum</strong></span> <span class='ocrx_word' id='word_1_305' title='bbox 1160 2747 1406 2802; x_wconf 83' lang='lat' dir='ltr'><strong>monachi</strong></span> <span class='ocrx_word' id='word_1_306' title='bbox 1440 2762 1550 2816; x_wconf 80' lang='lat' dir='ltr'><strong>pra:</strong></span> <span class='ocrx_word' id='word_1_307' title='bbox 1594 2751 1812 2806; x_wconf 61' lang='lat' dir='ltr'><strong>castoris</strong></span> <span class='ocrx_word' id='word_1_308' title='bbox 1858 2753 1954 2806; x_wconf 80' lang='lat' dir='ltr'><strong>de-</strong></span> 
     </span>
    </p>
   </div>
   <div class='ocr_carea' id='block_1_45' title="bbox 387 2840 1948 2905">
    <p class='ocr_par' dir='ltr' id='par_1_45' title="bbox 387 2840 1948 2905">
     <span class='ocr_line' id='line_1_45' title="bbox 387 2840 1948 2905; baseline -0.003 -7"><span class='ocrx_word' id='word_1_309' title='bbox 387 2845 517 2899; x_wconf 88' lang='lat' dir='ltr'><strong>bent</strong></span> <span class='ocrx_word' id='word_1_310' title='bbox 548 2845 616 2897; x_wconf 88' lang='lat' dir='ltr'><strong>ad</strong></span> <span class='ocrx_word' id='word_1_311' title='bbox 662 2841 1053 2898; x_wconf 83' lang='lat' dir='ltr'><strong>sacerdOtalent</strong></span> <span class='ocrx_word' id='word_1_312' title='bbox 1095 2840 1308 2897; x_wconf 82' lang='lat' dir='ltr'><strong>vivendi</strong></span> <span class='ocrx_word' id='word_1_313' title='bbox 1347 2845 1610 2899; x_wconf 90' lang='lat' dir='ltr'><strong>rationem</strong></span> <span class='ocrx_word' id='word_1_314' title='bbox 1653 2842 1948 2905; x_wconf 76' lang='lat' dir='ltr'><strong>eﬂ‘urmari,</strong></span> 
     </span>
    </p>
   </div>
   <div class='ocr_carea' id='block_1_46' title="bbox 386 2932 1952 3004">
    <p class='ocr_par' dir='ltr' id='par_1_46' title="bbox 386 2932 1952 3004">
     <span class='ocr_line' id='line_1_46' title="bbox 386 2932 1952 3004; baseline -0.001 -17"><span class='ocrx_word' id='word_1_315' title='bbox 386 2937 585 3004; x_wconf 86' lang='lat' dir='ltr'><strong>quippe</strong></span> <span class='ocrx_word' id='word_1_316' title='bbox 628 2934 719 3003; x_wconf 92' lang='lat' dir='ltr'><strong>qui</strong></span> <span class='ocrx_word' id='word_1_317' title='bbox 769 2948 879 3001; x_wconf 69' lang='lat' dir='ltr'><strong>prae</strong></span> <span class='ocrx_word' id='word_1_318' title='bbox 923 2933 1139 2987; x_wconf 68' lang='lat' dir='ltr'><strong>caeteris</strong></span> <span class='ocrx_word' id='word_1_319' title='bbox 1186 2932 1417 2987; x_wconf 90' lang='lat' dir='ltr'><strong>initiatis</strong></span> <span class='ocrx_word' id='word_1_320' title='bbox 1451 2948 1573 2988; x_wconf 91' lang='lat' dir='ltr'><strong>cum</strong></span> <span class='ocrx_word' id='word_1_321' title='bbox 1617 2934 1721 2987; x_wconf 91' lang='lat' dir='ltr'><strong>isto</strong></span> <span class='ocrx_word' id='word_1_322' title='bbox 1760 2932 1952 2986; x_wconf 82' lang='lat' dir='ltr'><strong>ordine</strong></span> 
     </span>
    </p>
   </div>
   <div class='ocr_carea' id='block_1_47' title="bbox 390 3023 1955 3095">
    <p class='ocr_par' dir='ltr' id='par_1_47' title="bbox 390 3023 1955 3095">
     <span class='ocr_line' id='line_1_47' title="bbox 390 3023 1955 3095; baseline -0.002 -17"><span class='ocrx_word' id='word_1_323' title='bbox 390 3026 646 3095; x_wconf 85' lang='lat' dir='ltr'><strong>majorem</strong></span> <span class='ocrx_word' id='word_1_324' title='bbox 686 3026 923 3078; x_wconf 88' lang='lat' dir='ltr'><strong>habeant</strong></span> <span class='ocrx_word' id='word_1_325' title='bbox 965 3023 1318 3087; x_wconf 89' lang='lat' dir='ltr'><strong>aﬁinitatem,</strong></span> <span class='ocrx_word' id='word_1_326' title='bbox 1359 3024 1434 3079; x_wconf 90' lang='lat' dir='ltr'><strong>uti</strong></span> <span class='ocrx_word' id='word_1_327' title='bbox 1485 3038 1649 3095; x_wconf 89' lang='lat' dir='ltr'><strong>supra</strong></span> <span class='ocrx_word' id='word_1_328' title='bbox 1698 3023 1955 3083; x_wconf 76' lang='lat' dir='ltr'><strong>diximus.</strong></span> 
     </span>
    </p>
   </div>
   <div class='ocr_carea' id='block_1_48' title="bbox 390 3113 1960 3184">
    <p class='ocr_par' dir='ltr' id='par_1_48' title="bbox 390 3113 1960 3184">
     <span class='ocr_line' id='line_1_48' title="bbox 390 3113 1960 3184; baseline 0 -16"><span class='ocrx_word' id='word_1_329' title='bbox 390 3130 729 3184; x_wconf 84' lang='lat' dir='ltr'><strong>nequaquam</strong></span> <span class='ocrx_word' id='word_1_330' title='bbox 792 3114 936 3170; x_wconf 89' lang='lat' dir='ltr'><strong>facta</strong></span> <span class='ocrx_word' id='word_1_331' title='bbox 991 3114 1401 3183; x_wconf 84' lang='lat' dir='ltr'><strong>comparatione</strong></span> <span class='ocrx_word' id='word_1_332' title='bbox 1445 3130 1569 3169; x_wconf 94' lang='lat' dir='ltr'><strong>cum</strong></span> <span class='ocrx_word' id='word_1_333' title='bbox 1618 3113 1847 3168; x_wconf 87' lang='lat' dir='ltr'><strong>initiatis</strong></span> <span class='ocrx_word' id='word_1_334' title='bbox 1894 3114 1960 3169; x_wconf 87' lang='lat' dir='ltr'><strong>iis</strong></span> 
     </span>
    </p>
   </div>
   <div class='ocr_carea' id='block_1_49' title="bbox 390 3206 1959 3275">
    <p class='ocr_par' dir='ltr' id='par_1_49' title="bbox 390 3206 1959 3275">
     <span class='ocr_line' id='line_1_49' title="bbox 390 3206 1959 3275; baseline 0 -16"><span class='ocrx_word' id='word_1_335' title='bbox 390 3208 479 3275; x_wconf 80' lang='lat' dir='ltr'><strong>qui</strong></span> <span class='ocrx_word' id='word_1_336' title='bbox 513 3220 766 3275; x_wconf 89' lang='lat' dir='ltr'><strong>suprema</strong></span> <span class='ocrx_word' id='word_1_337' title='bbox 793 3206 1212 3261; x_wconf 88' lang='lat' dir='ltr'><strong>consecratione</strong></span> <span class='ocrx_word' id='word_1_338' title='bbox 1238 3206 1441 3260; x_wconf 89' lang='lat' dir='ltr'><strong>initiati</strong></span> <span class='ocrx_word' id='word_1_339' title='bbox 1472 3214 1620 3269; x_wconf 90' lang='lat' dir='ltr'><strong>sunt,</strong></span> <span class='ocrx_word' id='word_1_340' title='bbox 1651 3206 1701 3259; x_wconf 90' lang='lat' dir='ltr'><strong>id</strong></span> <span class='ocrx_word' id='word_1_341' title='bbox 1725 3215 1811 3260; x_wconf 86' lang='lat' dir='ltr'><strong>est</strong></span> <span class='ocrx_word' id='word_1_342' title='bbox 1842 3222 1959 3275; x_wconf 88' lang='lat' dir='ltr'><strong>per—</strong></span> 
     </span>
    </p>
   </div>
   <div class='ocr_carea' id='block_1_50' title="bbox 389 3296 1960 3368">
    <p class='ocr_par' dir='ltr' id='par_1_50' title="bbox 389 3296 1960 3368">
     <span class='ocr_line' id='line_1_50' title="bbox 389 3296 1960 3368; baseline 0.001 -19"><span class='ocrx_word' id='word_1_343' title='bbox 389 3296 548 3352; x_wconf 85' lang='lat' dir='ltr'><strong>fectis</strong></span> <span class='ocrx_word' id='word_1_344' title='bbox 587 3298 838 3368; x_wconf 78' lang='lat' dir='ltr'><strong>(perfecti</strong></span> <span class='ocrx_word' id='word_1_345' title='bbox 871 3298 1017 3352; x_wconf 89' lang='lat' dir='ltr'><strong>enim</strong></span> <span class='ocrx_word' id='word_1_346' title='bbox 1067 3308 1194 3352; x_wconf 88' lang='lat' dir='ltr'><strong>sunt</strong></span> <span class='ocrx_word' id='word_1_347' title='bbox 1221 3298 1312 3367; x_wconf 90' lang='lat' dir='ltr'><strong>qui</strong></span> <span class='ocrx_word' id='word_1_348' title='bbox 1359 3311 1457 3366; x_wconf 85' lang='lat' dir='ltr'><strong>per</strong></span> <span class='ocrx_word' id='word_1_349' title='bbox 1486 3298 1835 3367; x_wconf 88' lang='lat' dir='ltr'><strong>baptismum,</strong></span> <span class='ocrx_word' id='word_1_350' title='bbox 1868 3297 1960 3366; x_wconf 90' lang='lat' dir='ltr'><strong>qui</strong></span> 
     </span>
    </p>
   </div>
   <div class='ocr_carea' id='block_1_51' title="bbox 392 3389 1963 3461">
    <p class='ocr_par' dir='ltr' id='par_1_51' title="bbox 392 3389 1963 3461">
     <span class='ocr_line' id='line_1_51' title="bbox 392 3389 1963 3461; baseline 0.001 -19"><span class='ocrx_word' id='word_1_351' title='bbox 392 3406 489 3456; x_wconf 80' lang='lat' dir='ltr'><strong>per</strong></span> <span class='ocrx_word' id='word_1_352' title='bbox 528 3390 861 3453; x_wconf 79' lang='lat' dir='ltr'><strong>unctionem,</strong></span> <span class='ocrx_word' id='word_1_353' title='bbox 894 3390 984 3458; x_wconf 88' lang='lat' dir='ltr'><strong>qui</strong></span> <span class='ocrx_word' id='word_1_354' title='bbox 1020 3404 1115 3459; x_wconf 87' lang='lat' dir='ltr'><strong>per</strong></span> <span class='ocrx_word' id='word_1_355' title='bbox 1140 3389 1593 3454; x_wconf 85' lang='lat' dir='ltr'><strong>communionem,</strong></span> <span class='ocrx_word' id='word_1_356' title='bbox 1626 3390 1719 3459; x_wconf 92' lang='lat' dir='ltr'><strong>qui</strong></span> <span class='ocrx_word' id='word_1_357' title='bbox 1753 3405 1847 3461; x_wconf 90' lang='lat' dir='ltr'><strong>per</strong></span> <span class='ocrx_word' id='word_1_358' title='bbox 1872 3406 1963 3443; x_wconf 92' lang='lat' dir='ltr'><strong>or-</strong></span> 
     </span>
    </p>
   </div>
   <div class='ocr_carea' id='block_1_52' title="bbox 391 3479 1963 3552">
    <p class='ocr_par' dir='ltr' id='par_1_52' title="bbox 391 3479 1963 3552">
     <span class='ocr_line' id='line_1_52' title="bbox 391 3479 1963 3552; baseline 0.003 -22"><span class='ocrx_word' id='word_1_359' title='bbox 391 3479 721 3532; x_wconf 86' lang='lat' dir='ltr'><strong>dinationem</strong></span> <span class='ocrx_word' id='word_1_360' title='bbox 753 3489 882 3534; x_wconf 90' lang='lat' dir='ltr'><strong>sunt</strong></span> <span class='ocrx_word' id='word_1_361' title='bbox 910 3481 1297 3552; x_wconf 87' lang='lat' dir='ltr'><strong>consummati)</strong></span> <span class='ocrx_word' id='word_1_362' title='bbox 1340 3482 1434 3536; x_wconf 89' lang='lat' dir='ltr'><strong>sed</strong></span> <span class='ocrx_word' id='word_1_363' title='bbox 1463 3496 1586 3535; x_wconf 87' lang='lat' dir='ltr'><strong>cum</strong></span> <span class='ocrx_word' id='word_1_364' title='bbox 1619 3482 1685 3535; x_wconf 91' lang='lat' dir='ltr'><strong>iis</strong></span> <span class='ocrx_word' id='word_1_365' title='bbox 1717 3481 1811 3551; x_wconf 90' lang='lat' dir='ltr'><strong>qui</strong></span> <span class='ocrx_word' id='word_1_366' title='bbox 1861 3481 1963 3536; x_wconf 88' lang='lat' dir='ltr'><strong>iui-</strong></span> 
     </span>
    </p>
   </div>
   <div class='ocr_carea' id='block_1_53' title="bbox 395 3567 1959 3637">
    <p class='ocr_par' dir='ltr' id='par_1_53' title="bbox 395 3567 1959 3637">
     <span class='ocr_line' id='line_1_53' title="bbox 395 3567 1959 3637; baseline 0.004 -19"><span class='ocrx_word' id='word_1_367' title='bbox 395 3567 618 3631; x_wconf 79' lang='lat' dir='ltr'><strong>tiantur,</strong></span> <span class='ocrx_word' id='word_1_368' title='bbox 643 3567 694 3621; x_wconf 92' lang='lat' dir='ltr'><strong>id</strong></span> <span class='ocrx_word' id='word_1_369' title='bbox 717 3567 907 3635; x_wconf 89' lang='lat' dir='ltr'><strong>estqui</strong></span> <span class='ocrx_word' id='word_1_370' title='bbox 936 3568 1243 3637; x_wconf 78' lang='lat' dir='ltr'><strong>expiantur,</strong></span> <span class='ocrx_word' id='word_1_371' title='bbox 1261 3571 1541 3636; x_wconf 87' lang='lat' dir='ltr'><strong>docentur,</strong></span> <span class='ocrx_word' id='word_1_372' title='bbox 1568 3570 1959 3625; x_wconf 89' lang='lat' dir='ltr'><strong>illuminantur.</strong></span> 
     </span>
    </p>
   </div>
   <div class='ocr_carea' id='block_1_54' title="bbox 392 3660 1961 3731">
    <p class='ocr_par' dir='ltr' id='par_1_54' title="bbox 392 3660 1961 3731">
     <span class='ocr_line' id='line_1_54' title="bbox 392 3660 1961 3731; baseline 0.004 -22"><span class='ocrx_word' id='word_1_373' title='bbox 392 3660 660 3726; x_wconf 82' lang='lat' dir='ltr'><strong>Quoniam</strong></span> <span class='ocrx_word' id='word_1_374' title='bbox 684 3660 861 3713; x_wconf 78' lang='lat' dir='ltr'><strong>ouinis</strong></span> <span class='ocrx_word' id='word_1_375' title='bbox 883 3661 1103 3729; x_wconf 87' lang='lat' dir='ltr'><strong>quidem</strong></span> <span class='ocrx_word' id='word_1_376' title='bbox 1126 3660 1217 3729; x_wconf 92' lang='lat' dir='ltr'><strong>qui</strong></span> <span class='ocrx_word' id='word_1_377' title='bbox 1248 3663 1529 3731; x_wconf 88' lang='lat' dir='ltr'><strong>perﬁcitur</strong></span> <span class='ocrx_word' id='word_1_378' title='bbox 1558 3663 1823 3729; x_wconf 83' lang='lat' dir='ltr'><strong>initiatur,</strong></span> <span class='ocrx_word' id='word_1_379' title='bbox 1855 3677 1961 3716; x_wconf 90' lang='lat' dir='ltr'><strong>non</strong></span> 
     </span>
    </p>
   </div>
   <div class='ocr_carea' id='block_1_55' title="bbox 391 3752 1711 3824">
    <p class='ocr_par' dir='ltr' id='par_1_55' title="bbox 391 3752 1711 3824">
     <span class='ocr_line' id='line_1_55' title="bbox 391 3752 1711 3824; baseline 0.004 -17"><span class='ocrx_word' id='word_1_380' title='bbox 391 3752 569 3808; x_wconf 87' lang='lat' dir='ltr'><strong>omnis</strong></span> <span class='ocrx_word' id='word_1_381' title='bbox 610 3761 793 3805; x_wconf 89' lang='lat' dir='ltr'><strong>autem</strong></span> <span class='ocrx_word' id='word_1_382' title='bbox 826 3754 918 3823; x_wconf 91' lang='lat' dir='ltr'><strong>qui</strong></span> <span class='ocrx_word' id='word_1_383' title='bbox 944 3752 1196 3807; x_wconf 90' lang='lat' dir='ltr'><strong>initiatur</strong></span> <span class='ocrx_word' id='word_1_384' title='bbox 1221 3754 1385 3808; x_wconf 89' lang='lat' dir='ltr'><strong>etiam</strong></span> <span class='ocrx_word' id='word_1_385' title='bbox 1416 3755 1711 3824; x_wconf 89' lang='lat' dir='ltr'><strong>perﬁcitur.</strong></span> 
     </span>
    </p>
   </div>
   <div class='ocr_carea' id='block_1_56' title="bbox 467 3842 1962 3916">
    <p class='ocr_par' dir='ltr' id='par_1_56' title="bbox 467 3842 1962 3916">
     <span class='ocr_line' id='line_1_56' title="bbox 467 3842 1962 3916; baseline 0.003 -19"><span class='ocrx_word' id='word_1_386' title='bbox 467 3842 606 3916; x_wconf 81' lang='lat' dir='ltr'><strong>§lll.</strong></span> <span class='ocrx_word' id='word_1_387' title='bbox 649 3842 873 3912; x_wconf 80' lang='lat' dir='ltr'><strong>Signum</strong></span> <span class='ocrx_word' id='word_1_388' title='bbox 907 3858 1039 3899; x_wconf 86' lang='lat' dir='ltr'><strong>vero</strong></span> <span class='ocrx_word' id='word_1_389' title='bbox 1075 3846 1265 3911; x_wconf 64' lang='lat' dir='ltr'><strong>figura</strong></span> <span class='ocrx_word' id='word_1_390' title='bbox 1318 3847 1499 3900; x_wconf 88' lang='lat' dir='ltr'><strong>crucis</strong></span> <span class='ocrx_word' id='word_1_391' title='bbox 1549 3846 1798 3915; x_wconf 90' lang='lat' dir='ltr'><strong>designat</strong></span> <span class='ocrx_word' id='word_1_392' title='bbox 1841 3860 1962 3901; x_wconf 82' lang='lat' dir='ltr'><strong>ces—</strong></span> 
     </span>
    </p>
   </div>
   <div class='ocr_carea' id='block_1_57' title="bbox 391 3933 1961 4007">
    <p class='ocr_par' dir='ltr' id='par_1_57' title="bbox 391 3933 1961 4007">
     <span class='ocr_line' id='line_1_57' title="bbox 391 3933 1961 4007; baseline -0.001 -12"><span class='ocrx_word' id='word_1_393' title='bbox 391 3941 655 3995; x_wconf 85' lang='lat' dir='ltr'><strong>sationem</strong></span> <span class='ocrx_word' id='word_1_394' title='bbox 689 3939 992 3993; x_wconf 91' lang='lat' dir='ltr'><strong>carnalium</strong></span> <span class='ocrx_word' id='word_1_395' title='bbox 1031 3939 1462 4007; x_wconf 84' lang='lat' dir='ltr'><strong>desideriorum;</strong></span> <span class='ocrx_word' id='word_1_396' title='bbox 1511 3933 1753 4007; x_wconf 80' lang='lat' dir='ltr'><strong>tonsura,</strong></span> <span class='ocrx_word' id='word_1_397' title='bbox 1795 3941 1961 3994; x_wconf 84' lang='lat' dir='ltr'><strong>vitam</strong></span> 
     </span>
    </p>
   </div>
   <div class='ocr_carea' id='block_1_58' title="bbox 392 4030 1961 4101">
    <p class='ocr_par' dir='ltr' id='par_1_58' title="bbox 392 4030 1961 4101">
     <span class='ocr_line' id='line_1_58' title="bbox 392 4030 1961 4101; baseline -0.001 -17"><span class='ocrx_word' id='word_1_398' title='bbox 392 4048 582 4101; x_wconf 82' lang='lat' dir='ltr'><strong>puram</strong></span> <span class='ocrx_word' id='word_1_399' title='bbox 622 4042 679 4086; x_wconf 91' lang='lat' dir='ltr'><strong>et</strong></span> <span class='ocrx_word' id='word_1_400' title='bbox 708 4032 930 4086; x_wconf 91' lang='lat' dir='ltr'><strong>minime</strong></span> <span class='ocrx_word' id='word_1_401' title='bbox 978 4030 1216 4085; x_wconf 89' lang='lat' dir='ltr'><strong>fucatam</strong></span> <span class='ocrx_word' id='word_1_402' title='bbox 1246 4053 1259 4087; x_wconf 85' lang='lat'><strong>:</strong></span> <span class='ocrx_word' id='word_1_403' title='bbox 1292 4045 1323 4085; x_wconf 91' lang='lat' dir='ltr'><strong>a</strong></span> <span class='ocrx_word' id='word_1_404' title='bbox 1354 4034 1772 4101; x_wconf 89' lang='lat' dir='ltr'><strong>supervacaneis</strong></span> <span class='ocrx_word' id='word_1_405' title='bbox 1818 4031 1961 4085; x_wconf 86' lang='lat' dir='ltr'><strong>enim</strong></span> 
     </span>
    </p>
   </div>
   <div class='ocr_carea' id='block_1_59' title="bbox 392 4122 1964 4193">
    <p class='ocr_par' dir='ltr' id='par_1_59' title="bbox 392 4122 1964 4193">
     <span class='ocr_line' id='line_1_59' title="bbox 392 4122 1964 4193; baseline -0.001 -16"><span class='ocrx_word' id='word_1_406' title='bbox 392 4125 664 4193; x_wconf 78' lang='lat' dir='ltr'><strong>cxpiatur,</strong></span> <span class='ocrx_word' id='word_1_407' title='bbox 695 4123 767 4177; x_wconf 88' lang='lat' dir='ltr'><strong>ita</strong></span> <span class='ocrx_word' id='word_1_408' title='bbox 795 4132 857 4177; x_wconf 90' lang='lat' dir='ltr'><strong>ut</strong></span> <span class='ocrx_word' id='word_1_409' title='bbox 892 4139 997 4179; x_wconf 92' lang='lat' dir='ltr'><strong>non</strong></span> <span class='ocrx_word' id='word_1_410' title='bbox 1031 4123 1194 4178; x_wconf 84' lang='lat' dir='ltr'><strong>liceat</strong></span> <span class='ocrx_word' id='word_1_411' title='bbox 1269 4122 1562 4177; x_wconf 83' lang='lat' dir='ltr'><strong>ascititium</strong></span> <span class='ocrx_word' id='word_1_412' title='bbox 1598 4138 1767 4178; x_wconf 75' lang='lat' dir='ltr'><strong>conm:</strong></span> <span class='ocrx_word' id='word_1_413' title='bbox 1797 4138 1964 4176; x_wconf 89' lang='lat' dir='ltr'><strong>orna-</strong></span> 
     </span>
    </p>
   </div>
   <div class='ocr_carea' id='block_1_60' title="bbox 396 4214 1963 4280">
    <p class='ocr_par' dir='ltr' id='par_1_60' title="bbox 396 4214 1963 4280">
     <span class='ocr_line' id='line_1_60' title="bbox 396 4214 1963 4280; baseline -0.001 -10"><span class='ocrx_word' id='word_1_414' title='bbox 396 4226 634 4271; x_wconf 83' lang='lat' dir='ltr'><strong>mentum</strong></span> <span class='ocrx_word' id='word_1_415' title='bbox 668 4228 973 4280; x_wconf 88' lang='lat' dir='ltr'><strong>assumere,</strong></span> <span class='ocrx_word' id='word_1_416' title='bbox 1004 4215 1098 4270; x_wconf 91' lang='lat' dir='ltr'><strong>sed</strong></span> <span class='ocrx_word' id='word_1_417' title='bbox 1130 4224 1469 4270; x_wconf 86' lang='lat' dir='ltr'><strong>venustatem</strong></span> <span class='ocrx_word' id='word_1_418' title='bbox 1500 4218 1733 4272; x_wconf 82' lang='lat' dir='ltr'><strong>maxime</strong></span> <span class='ocrx_word' id='word_1_419' title='bbox 1760 4214 1963 4271; x_wconf 89' lang='lat' dir='ltr'><strong>deifor-</strong></span> 
     </span>
    </p>
   </div>
   <div class='ocr_carea' id='block_1_61' title="bbox 395 4305 1461 4373">
    <p class='ocr_par' dir='ltr' id='par_1_61' title="bbox 395 4305 1461 4373">
     <span class='ocr_line' id='line_1_61' title="bbox 395 4305 1461 4373; baseline -0.003 -10"><span class='ocrx_word' id='word_1_420' title='bbox 395 4324 559 4373; x_wconf 86' lang='lat' dir='ltr'><strong>tuem,</strong></span> <span class='ocrx_word' id='word_1_421' title='bbox 593 4306 880 4361; x_wconf 91' lang='lat' dir='ltr'><strong>mentalem</strong></span> <span class='ocrx_word' id='word_1_422' title='bbox 908 4305 1123 4361; x_wconf 85' lang='lat' dir='ltr'><strong>scilicet</strong></span> <span class='ocrx_word' id='word_1_423' title='bbox 1144 4314 1201 4360; x_wconf 90' lang='lat' dir='ltr'><strong>et</strong></span> <span class='ocrx_word' id='word_1_424' title='bbox 1231 4305 1461 4360; x_wconf 91' lang='lat' dir='ltr'><strong>unitam.</strong></span> 
     </span>
    </p>
   </div>
   <div class='ocr_carea' id='block_1_62' title="bbox 462 4395 1964 4471">
    <p class='ocr_par' dir='ltr' id='par_1_62' title="bbox 462 4395 1964 4471">
     <span class='ocr_line' id='line_1_62' title="bbox 462 4395 1964 4471; baseline 0.001 -19"><span class='ocrx_word' id='word_1_425' title='bbox 462 4398 489 4471; x_wconf 74' lang='grc' dir='ltr'><strong>ς</strong></span> <span class='ocrx_word' id='word_1_426' title='bbox 520 4396 610 4453; x_wconf 92' lang='lat' dir='ltr'><strong>lV.</strong></span> <span class='ocrx_word' id='word_1_427' title='bbox 647 4396 835 4451; x_wconf 85' lang='lat' dir='ltr'><strong>Vestes</strong></span> <span class='ocrx_word' id='word_1_428' title='bbox 860 4400 1143 4451; x_wconf 91' lang='lat' dir='ltr'><strong>insinuant</strong></span> <span class='ocrx_word' id='word_1_429' title='bbox 1179 4395 1390 4450; x_wconf 86' lang='lat' dir='ltr'><strong>vivendi</strong></span> <span class='ocrx_word' id='word_1_430' title='bbox 1419 4396 1659 4454; x_wconf 89' lang='lat' dir='ltr'><strong>rationes</strong></span> <span class='ocrx_word' id='word_1_431' title='bbox 1687 4414 1701 4452; x_wconf 91' lang='lat'><strong>:</strong></span> <span class='ocrx_word' id='word_1_432' title='bbox 1731 4399 1820 4453; x_wconf 90' lang='lat' dir='ltr'><strong>illa</strong></span> <span class='ocrx_word' id='word_1_433' title='bbox 1842 4401 1964 4468; x_wconf 85' lang='lat' dir='ltr'><strong>qui-</strong></span> 
     </span>
    </p>
   </div>
   <div class='ocr_carea' id='block_1_63' title="bbox 393 4486 1963 4560">
    <p class='ocr_par' dir='ltr' id='par_1_63' title="bbox 393 4486 1963 4560">
     <span class='ocr_line' id='line_1_63' title="bbox 393 4486 1963 4560; baseline 0.001 -17"><span class='ocrx_word' id='word_1_434' title='bbox 393 4489 515 4545; x_wconf 91' lang='lat' dir='ltr'><strong>dem</strong></span> <span class='ocrx_word' id='word_1_435' title='bbox 542 4504 663 4560; x_wconf 76' lang='lat' dir='ltr'><strong>qua:</strong></span> <span class='ocrx_word' id='word_1_436' title='bbox 691 4489 1010 4558; x_wconf 85' lang='lat' dir='ltr'><strong>deponitur,</strong></span> <span class='ocrx_word' id='word_1_437' title='bbox 1038 4488 1272 4557; x_wconf 87' lang='lat' dir='ltr'><strong>priorem</strong></span> <span class='ocrx_word' id='word_1_438' title='bbox 1304 4486 1449 4541; x_wconf 91' lang='lat' dir='ltr'><strong>illam</strong></span> <span class='ocrx_word' id='word_1_439' title='bbox 1478 4487 1698 4555; x_wconf 81' lang='lat' dir='ltr'><strong>laicant,</strong></span> <span class='ocrx_word' id='word_1_440' title='bbox 1723 4491 1808 4544; x_wconf 84' lang='lat' dir='ltr'><strong>illa</strong></span> <span class='ocrx_word' id='word_1_441' title='bbox 1838 4506 1963 4545; x_wconf 84' lang='lat' dir='ltr'><strong>vero</strong></span> 
     </span>
    </p>
   </div>
   <div class='ocr_carea' id='block_1_64' title="bbox 392 4578 1959 4651">
    <p class='ocr_par' dir='ltr' id='par_1_64' title="bbox 392 4578 1959 4651">
     <span class='ocr_line' id='line_1_64' title="bbox 392 4578 1959 4651; baseline 0.003 -18"><span class='ocrx_word' id='word_1_442' title='bbox 392 4597 512 4650; x_wconf 67' lang='lat' dir='ltr'><strong>quae</strong></span> <span class='ocrx_word' id='word_1_443' title='bbox 539 4582 859 4647; x_wconf 88' lang='lat' dir='ltr'><strong>assumitur,</strong></span> <span class='ocrx_word' id='word_1_444' title='bbox 908 4578 1296 4651; x_wconf 84' lang='lat' dir='ltr'><strong>perfectiorem</strong></span> <span class='ocrx_word' id='word_1_445' title='bbox 1348 4582 1490 4635; x_wconf 86' lang='lat' dir='ltr'><strong>hanc</strong></span> <span class='ocrx_word' id='word_1_446' title='bbox 1537 4592 1592 4635; x_wconf 90' lang='lat' dir='ltr'><strong>et</strong></span> <span class='ocrx_word' id='word_1_447' title='bbox 1642 4583 1959 4638; x_wconf 87' lang='lat' dir='ltr'><strong>meliorem:</strong></span> 
     </span>
    </p>
   </div>
   <div class='ocr_carea' id='block_1_65' title="bbox 392 4672 1961 4742">
    <p class='ocr_par' dir='ltr' id='par_1_65' title="bbox 392 4672 1961 4742">
     <span class='ocr_line' id='line_1_65' title="bbox 392 4672 1961 4742; baseline 0.002 -16"><span class='ocrx_word' id='word_1_448' title='bbox 392 4673 533 4727; x_wconf 89' lang='lat' dir='ltr'><strong>sicut</strong></span> <span class='ocrx_word' id='word_1_449' title='bbox 567 4673 731 4727; x_wconf 91' lang='lat' dir='ltr'><strong>etiam</strong></span> <span class='ocrx_word' id='word_1_450' title='bbox 765 4672 816 4726; x_wconf 91' lang='lat' dir='ltr'><strong>in</strong></span> <span class='ocrx_word' id='word_1_451' title='bbox 848 4674 1115 4741; x_wconf 89' lang='lat' dir='ltr'><strong>baptismo</strong></span> <span class='ocrx_word' id='word_1_452' title='bbox 1161 4672 1331 4728; x_wconf 89' lang='lat' dir='ltr'><strong>vestis</strong></span> <span class='ocrx_word' id='word_1_453' title='bbox 1375 4672 1468 4727; x_wconf 85' lang='lat' dir='ltr'><strong>illa</strong></span> <span class='ocrx_word' id='word_1_454' title='bbox 1510 4675 1835 4742; x_wconf 92' lang='lat' dir='ltr'><strong>permutatio</strong></span> <span class='ocrx_word' id='word_1_455' title='bbox 1866 4676 1961 4729; x_wconf 86' lang='lat' dir='ltr'><strong>de-</strong></span> 
     </span>
    </p>
   </div>
   <div class='ocr_carea' id='block_1_66' title="bbox 391 4765 1960 4836">
    <p class='ocr_par' dir='ltr' id='par_1_66' title="bbox 391 4765 1960 4836">
     <span class='ocr_line' id='line_1_66' title="bbox 391 4765 1960 4836; baseline -0.001 -15"><span class='ocrx_word' id='word_1_456' title='bbox 391 4766 639 4836; x_wconf 81' lang='lat' dir='ltr'><strong>signabat</strong></span> <span class='ocrx_word' id='word_1_457' title='bbox 660 4766 800 4834; x_wconf 87' lang='lat' dir='ltr'><strong>ejus,</strong></span> <span class='ocrx_word' id='word_1_458' title='bbox 824 4766 915 4835; x_wconf 92' lang='lat' dir='ltr'><strong>qui</strong></span> <span class='ocrx_word' id='word_1_459' title='bbox 944 4780 1043 4835; x_wconf 91' lang='lat' dir='ltr'><strong>pcr</strong></span> <span class='ocrx_word' id='word_1_460' title='bbox 1068 4765 1464 4821; x_wconf 89' lang='lat' dir='ltr'><strong>institutionem</strong></span> <span class='ocrx_word' id='word_1_461' title='bbox 1490 4767 1737 4836; x_wconf 78' lang='lat' dir='ltr'><strong>expiatus</strong></span> <span class='ocrx_word' id='word_1_462' title='bbox 1760 4767 1960 4832; x_wconf 87' lang='lat' dir='ltr'><strong>fuerat,</strong></span> 
     </span>
    </p>
   </div>
   <div class='ocr_carea' id='block_1_67' title="bbox 392 4857 1963 4928">
    <p class='ocr_par' dir='ltr' id='par_1_67' title="bbox 392 4857 1963 4928">
     <span class='ocr_line' id='line_1_67' title="bbox 392 4857 1963 4928; baseline 0.003 -18"><span class='ocrx_word' id='word_1_463' title='bbox 392 4861 560 4913; x_wconf 87' lang='lat' dir='ltr'><strong>vitam</strong></span> <span class='ocrx_word' id='word_1_464' title='bbox 593 4858 658 4912; x_wconf 90' lang='lat' dir='ltr'><strong>ad</strong></span> <span class='ocrx_word' id='word_1_465' title='bbox 690 4858 1090 4928; x_wconf 90' lang='lat' dir='ltr'><strong>contemplandi</strong></span> <span class='ocrx_word' id='word_1_466' title='bbox 1126 4866 1182 4913; x_wconf 91' lang='lat' dir='ltr'><strong>et</strong></span> <span class='ocrx_word' id='word_1_467' title='bbox 1225 4857 1569 4913; x_wconf 90' lang='lat' dir='ltr'><strong>illuminandi</strong></span> <span class='ocrx_word' id='word_1_468' title='bbox 1619 4867 1817 4913; x_wconf 90' lang='lat' dir='ltr'><strong>statum</strong></span> <span class='ocrx_word' id='word_1_469' title='bbox 1855 4870 1963 4913; x_wconf 89' lang='lat' dir='ltr'><strong>tra-</strong></span> 
     </span>
    </p>
   </div>
   <div class='ocr_carea' id='block_1_68' title="bbox 392 4951 1961 5021">
    <p class='ocr_par' dir='ltr' id='par_1_68' title="bbox 392 4951 1961 5021">
     <span class='ocr_line' id='line_1_68' title="bbox 392 4951 1961 5021; baseline 0.002 -18"><span class='ocrx_word' id='word_1_470' title='bbox 392 4952 536 5008; x_wconf 91' lang='lat' dir='ltr'><strong>duci.</strong></span> <span class='ocrx_word' id='word_1_471' title='bbox 585 4951 894 5009; x_wconf 89' lang='lat' dir='ltr'><strong>Omitteuda</strong></span> <span class='ocrx_word' id='word_1_472' title='bbox 945 4953 1033 5007; x_wconf 91' lang='lat' dir='ltr'><strong>hic</strong></span> <span class='ocrx_word' id='word_1_473' title='bbox 1083 4955 1261 5021; x_wconf 90' lang='lat' dir='ltr'><strong>prima</strong></span> <span class='ocrx_word' id='word_1_474' title='bbox 1298 4954 1401 5008; x_wconf 75' lang='lat' dir='ltr'><strong>illa</strong></span> <span class='ocrx_word' id='word_1_475' title='bbox 1449 4954 1961 5008; x_wconf 88' lang='lat' dir='ltr'><strong>catechumenorum</strong></span> 
     </span>
    </p>
   </div>
   <div class='ocr_carea' id='block_1_69' title="bbox 394 5044 1964 5114">
    <p class='ocr_par' dir='ltr' id='par_1_69' title="bbox 394 5044 1964 5114">
     <span class='ocr_line' id='line_1_69' title="bbox 394 5044 1964 5114; baseline 0 -17"><span class='ocrx_word' id='word_1_476' title='bbox 394 5045 716 5110; x_wconf 87' lang='lat' dir='ltr'><strong>denudatio,</strong></span> <span class='ocrx_word' id='word_1_477' title='bbox 764 5044 1034 5114; x_wconf 79' lang='lat' dir='ltr'><strong>siquidem</strong></span> <span class='ocrx_word' id='word_1_478' title='bbox 1075 5044 1169 5098; x_wconf 89' lang='lat' dir='ltr'><strong>illa</strong></span> <span class='ocrx_word' id='word_1_479' title='bbox 1207 5047 1451 5101; x_wconf 88' lang='lat' dir='ltr'><strong>sordium</strong></span> <span class='ocrx_word' id='word_1_480' title='bbox 1513 5054 1863 5100; x_wconf 82' lang='lat' dir='ltr'><strong>externorum</strong></span> <span class='ocrx_word' id='word_1_481' title='bbox 1908 5054 1964 5098; x_wconf 92' lang='lat' dir='ltr'><strong>et</strong></span> 
     </span>
    </p>
   </div>
   <div class='ocr_carea' id='block_1_70' title="bbox 394 5135 1959 5205">
    <p class='ocr_par' dir='ltr' id='par_1_70' title="bbox 394 5135 1959 5205">
     <span class='ocr_line' id='line_1_70' title="bbox 394 5135 1959 5205; baseline 0 -16"><span class='ocrx_word' id='word_1_482' title='bbox 394 5136 599 5190; x_wconf 84' lang='lat' dir='ltr'><strong>erroris</strong></span> <span class='ocrx_word' id='word_1_483' title='bbox 629 5136 1021 5205; x_wconf 88' lang='lat' dir='ltr'><strong>depositionem</strong></span> <span class='ocrx_word' id='word_1_484' title='bbox 1057 5137 1304 5200; x_wconf 82' lang='lat' dir='ltr'><strong>exhibet,</strong></span> <span class='ocrx_word' id='word_1_485' title='bbox 1349 5135 1605 5205; x_wconf 82' lang='lat' dir='ltr'><strong>quocirca</strong></span> <span class='ocrx_word' id='word_1_486' title='bbox 1635 5135 1694 5188; x_wconf 89' lang='lat' dir='ltr'><strong>ﬁt</strong></span> <span class='ocrx_word' id='word_1_487' title='bbox 1727 5135 1959 5199; x_wconf 89' lang='lat' dir='ltr'><strong>eminus,</strong></span> 
     </span>
    </p>
   </div>
   <div class='ocr_carea' id='block_1_71' title="bbox 392 5227 1962 5297">
    <p class='ocr_par' dir='ltr' id='par_1_71' title="bbox 392 5227 1962 5297">
     <span class='ocr_line' id='line_1_71' title="bbox 392 5227 1962 5297; baseline -0.001 -15"><span class='ocrx_word' id='word_1_488' title='bbox 392 5240 448 5282; x_wconf 83' lang='lat' dir='ltr'><strong>ct</strong></span> <span class='ocrx_word' id='word_1_489' title='bbox 479 5241 635 5283; x_wconf 82' lang='lat' dir='ltr'><strong>extra</strong></span> <span class='ocrx_word' id='word_1_490' title='bbox 676 5244 889 5284; x_wconf 88' lang='lat' dir='ltr'><strong>sacrum</strong></span> <span class='ocrx_word' id='word_1_491' title='bbox 926 5230 1226 5297; x_wconf 85' lang='lat' dir='ltr'><strong>templum.</strong></span> <span class='ocrx_word' id='word_1_492' title='bbox 1276 5227 1546 5285; x_wconf 57' lang='lat' dir='ltr'><strong>Caterum</strong></span> <span class='ocrx_word' id='word_1_493' title='bbox 1594 5241 1831 5296; x_wconf 86' lang='lat' dir='ltr'><strong>agnosco</strong></span> <span class='ocrx_word' id='word_1_494' title='bbox 1876 5227 1962 5280; x_wconf 88' lang='lat' dir='ltr'><strong>hic</strong></span> 
     </span>
    </p>
   </div>
   <div class='ocr_carea' id='block_1_72' title="bbox 394 5317 1958 5388">
    <p class='ocr_par' dir='ltr' id='par_1_72' title="bbox 394 5317 1958 5388">
     <span class='ocr_line' id='line_1_72' title="bbox 394 5317 1958 5388; baseline -0.001 -15"><span class='ocrx_word' id='word_1_495' title='bbox 394 5323 709 5377; x_wconf 74' lang='lat' dir='ltr'><strong>societatem</strong></span> <span class='ocrx_word' id='word_1_496' title='bbox 739 5322 889 5376; x_wconf 86' lang='lat' dir='ltr'><strong>illam</strong></span> <span class='ocrx_word' id='word_1_497' title='bbox 918 5338 984 5376; x_wconf 88' lang='lat' dir='ltr'><strong>ac</strong></span> <span class='ocrx_word' id='word_1_498' title='bbox 1014 5323 1257 5376; x_wconf 88' lang='lat' dir='ltr'><strong>divinam</strong></span> <span class='ocrx_word' id='word_1_499' title='bbox 1304 5318 1545 5375; x_wconf 60' lang='lat' dir='ltr'><strong>laetitiam</strong></span> <span class='ocrx_word' id='word_1_500' title='bbox 1585 5333 1681 5388; x_wconf 90' lang='lat' dir='ltr'><strong>per</strong></span> <span class='ocrx_word' id='word_1_501' title='bbox 1716 5317 1958 5372; x_wconf 90' lang='lat' dir='ltr'><strong>osculum</strong></span> 
     </span>
    </p>
   </div>
   <div class='ocr_carea' id='block_1_73' title="bbox 394 5413 1226 5483">
    <p class='ocr_par' dir='ltr' id='par_1_73' title="bbox 394 5413 1226 5483">
     <span class='ocr_line' id='line_1_73' title="bbox 394 5413 1226 5483; baseline -0.002 -16"><span class='ocrx_word' id='word_1_502' title='bbox 394 5429 489 5468; x_wconf 81' lang='lat' dir='ltr'><strong>seu</strong></span> <span class='ocrx_word' id='word_1_503' title='bbox 520 5414 832 5482; x_wconf 80' lang='lat' dir='ltr'><strong>amplexum</strong></span> <span class='ocrx_word' id='word_1_504' title='bbox 864 5413 1226 5483; x_wconf 82' lang='lat' dir='ltr'><strong>designatam.</strong></span> 
     </span>
    </p>
   </div>
   <div class='ocr_carea' id='block_1_74' title="bbox 463 5581 1955 5658">
    <p class='ocr_par' dir='ltr' id='par_1_74' title="bbox 463 5581 1955 5658">
     <span class='ocr_line' id='line_1_74' title="bbox 463 5581 1955 5658; baseline 0.002 -20"><span class='ocrx_word' id='word_1_505' title='bbox 463 5581 586 5653; x_wconf 65' lang='grc' dir='ltr'><strong>ἓν.</strong></span> <span class='ocrx_word' id='word_1_506' title='bbox 623 5582 739 5640; x_wconf 86' lang='lat' dir='ltr'><strong>Sub</strong></span> <span class='ocrx_word' id='word_1_507' title='bbox 786 5584 946 5641; x_wconf 89' lang='lat' dir='ltr'><strong>ﬁnem</strong></span> <span class='ocrx_word' id='word_1_508' title='bbox 980 5586 1214 5658; x_wconf 86' lang='lat' dir='ltr'><strong>denique</strong></span> <span class='ocrx_word' id='word_1_509' title='bbox 1243 5581 1611 5640; x_wconf 86' lang='lat' dir='ltr'><strong>communicat</strong></span> <span class='ocrx_word' id='word_1_510' title='bbox 1640 5584 1686 5642; x_wconf 87' lang='lat' dir='ltr'><strong>is</strong></span> <span class='ocrx_word' id='word_1_511' title='bbox 1730 5584 1820 5654; x_wconf 91' lang='lat' dir='ltr'><strong>qui</strong></span> <span class='ocrx_word' id='word_1_512' title='bbox 1869 5600 1955 5641; x_wconf 89' lang='lat' dir='ltr'><strong>re-</strong></span> 
     </span>
    </p>
   </div>
   <div class='ocr_carea' id='block_1_75' title="bbox 2062 1748 3634 1821">
    <p class='ocr_par' dir='ltr' id='par_1_75' title="bbox 2062 1748 3634 1821">
     <span class='ocr_line' id='line_1_75' title="bbox 2062 1748 3634 1821; baseline 0 -20"><span class='ocrx_word' id='word_1_513' title='bbox 2062 1750 2197 1803; x_wconf 80' lang='grc' dir='ltr'><strong>Οὺδὲ</strong></span> <span class='ocrx_word' id='word_1_514' title='bbox 2224 1750 2331 1821; x_wconf 82' lang='grc' dir='ltr'><strong>γάρ</strong></span> <span class='ocrx_word' id='word_1_515' title='bbox 2356 1751 2455 1821; x_wconf 82' lang='grc' dir='ltr'><strong>τῆς</strong></span> <span class='ocrx_word' id='word_1_516' title='bbox 2501 1751 2672 1821; x_wconf 84' lang='grc' dir='ltr'><strong>μέσης</strong></span> <span class='ocrx_word' id='word_1_517' title='bbox 2700 1750 2808 1803; x_wconf 90' lang='grc' dir='ltr'><strong>τῶν</strong></span> <span class='ocrx_word' id='word_1_518' title='bbox 2855 1750 3191 1820; x_wconf 81' lang='grc' dir='ltr'><strong>τελουμένων</strong></span> <span class='ocrx_word' id='word_1_519' title='bbox 3236 1748 3357 1801; x_wconf 75' lang='grc' dir='ltr'><strong>ἐστὶ</strong></span> <span class='ocrx_word' id='word_1_520' title='bbox 3400 1748 3634 1813; x_wconf 77' lang='grc' dir='ltr'><strong>τάξεως,</strong></span> 
     </span>
    </p>
   </div>
   <div class='ocr_carea' id='block_1_76' title="bbox 2059 1828 3639 1913">
    <p class='ocr_par' dir='ltr' id='par_1_76' title="bbox 2059 1828 3639 1913">
     <span class='ocr_line' id='line_1_76' title="bbox 2059 1828 3639 1913; baseline 0.001 -19"><span class='ocrx_word' id='word_1_521' title='bbox 2059 1842 2301 1913; x_wconf 86' lang='grc' dir='ltr'><strong>δηλονότι</strong></span> <span class='ocrx_word' id='word_1_522' title='bbox 2330 1842 2439 1895; x_wconf 92' lang='grc' dir='ltr'><strong>τῶν</strong></span> <span class='ocrx_word' id='word_1_523' title='bbox 2474 1828 2852 1913; x_wconf 78' lang='grc' dir='ltr'><strong>φωτιζομένων</strong></span> <span class='ocrx_word' id='word_1_524' title='bbox 2887 1842 2978 1895; x_wconf 83' lang='lat' dir='ltr'><strong>xui.</strong></span> <span class='ocrx_word' id='word_1_525' title='bbox 3005 1840 3163 1913; x_wconf 88' lang='grc' dir='ltr'><strong>ίερῶν</strong></span> <span class='ocrx_word' id='word_1_526' title='bbox 3195 1841 3401 1895; x_wconf 83' lang='grc' dir='ltr'><strong>λαῖκῶν</strong></span> <span class='ocrx_word' id='word_1_527' title='bbox 3420 1858 3434 1872; x_wconf 75' lang='grc' dir='ltr'><strong>ο</strong></span> <span class='ocrx_word' id='word_1_528' title='bbox 3473 1842 3639 1896; x_wconf 75' lang='grc' dir='ltr'><strong>πολλὰ</strong></span> 
     </span>
    </p>
   </div>
   <div class='ocr_carea' id='block_1_77' title="bbox 2058 1925 3639 2004">
    <p class='ocr_par' dir='ltr' id='par_1_77' title="bbox 2058 1925 3639 2004">
     <span class='ocr_line' id='line_1_77' title="bbox 2058 1925 3639 2004; baseline 0 -19"><span class='ocrx_word' id='word_1_529' title='bbox 2058 1932 2167 2004; x_wconf 85' lang='grc' dir='ltr'><strong>γὰρ</strong></span> <span class='ocrx_word' id='word_1_530' title='bbox 2209 1932 2474 1986; x_wconf 82' lang='grc' dir='ltr'><strong>κωλύεται</strong></span> <span class='ocrx_word' id='word_1_531' title='bbox 2516 1935 2546 1985; x_wconf 83' lang='grc' dir='ltr'>ὁ</span> <span class='ocrx_word' id='word_1_532' title='bbox 2590 1933 2819 2004; x_wconf 75' lang='grc' dir='ltr'><strong>μοναχδς</strong></span> <span class='ocrx_word' id='word_1_533' title='bbox 2873 1935 3067 1997; x_wconf 84' lang='grc' dir='ltr'><strong>ποιεῖν,</strong></span> <span class='ocrx_word' id='word_1_534' title='bbox 3107 1925 3181 1985; x_wconf 83' lang='grc' dir='ltr'><strong>ὧν</strong></span> <span class='ocrx_word' id='word_1_535' title='bbox 3233 1932 3283 1984; x_wconf 78' lang='lat' dir='ltr'><strong>oi</strong></span> <span class='ocrx_word' id='word_1_536' title='bbox 3315 1933 3496 1985; x_wconf 77' lang='grc' dir='ltr'><strong>λαῖκοὶ</strong></span> <span class='ocrx_word' id='word_1_537' title='bbox 3537 1933 3639 2001; x_wconf 79' lang='grc' dir='ltr'><strong>τὴν</strong></span> 
     </span>
    </p>
   </div>
   <div class='ocr_carea' id='block_1_78' title="bbox 2059 2022 3637 2095">
    <p class='ocr_par' dir='ltr' id='par_1_78' title="bbox 2059 2022 3637 2095">
     <span class='ocr_line' id='line_1_78' title="bbox 2059 2022 3637 2095; baseline 0.001 -20"><span class='ocrx_word' id='word_1_538' title='bbox 2059 2022 2356 2093; x_wconf 83' lang='grc' dir='ltr'><strong>ἐπιτροπὴν</strong></span> <span class='ocrx_word' id='word_1_539' title='bbox 2399 2022 2492 2075; x_wconf 72' lang='grc' dir='ltr'><strong>καὶ</strong></span> <span class='ocrx_word' id='word_1_540' title='bbox 2531 2023 2628 2095; x_wconf 82' lang='grc' dir='ltr'><strong>τὴν</strong></span> <span class='ocrx_word' id='word_1_541' title='bbox 2685 2023 2927 2090; x_wconf 80' lang='grc' dir='ltr'><strong>ἐξουσίαν</strong></span> <span class='ocrx_word' id='word_1_542' title='bbox 2976 2024 3189 2093; x_wconf 77' lang='grc' dir='ltr'><strong>ἔχουσι·</strong></span> <span class='ocrx_word' id='word_1_543' title='bbox 3234 2023 3295 2076; x_wconf 79' lang='grc' dir='ltr'><strong>τὸ</strong></span> <span class='ocrx_word' id='word_1_544' title='bbox 3333 2023 3391 2077; x_wconf 88' lang='grc' dir='ltr'><strong>δέ</strong></span> <span class='ocrx_word' id='word_1_545' title='bbox 3432 2025 3569 2078; x_wconf 87' lang='grc' dir='ltr'><strong>είσιν</strong></span> <span class='ocrx_word' id='word_1_546' title='bbox 3608 2026 3637 2077; x_wconf 84' lang='grc' dir='ltr'><strong>ὁ</strong></span> 
     </span>
    </p>
   </div>
   <div class='ocr_carea' id='block_1_79' title="bbox 2056 2112 3637 2185">
    <p class='ocr_par' dir='ltr' id='par_1_79' title="bbox 2056 2112 3637 2185">
     <span class='ocr_line' id='line_1_79' title="bbox 2056 2112 3637 2185; baseline 0 -19"><span class='ocrx_word' id='word_1_547' title='bbox 2056 2113 2251 2183; x_wconf 84' lang='grc' dir='ltr'><strong>γάμος,</strong></span> <span class='ocrx_word' id='word_1_548' title='bbox 2291 2114 2383 2166; x_wconf 83' lang='lat' dir='ltr'><strong>xui.</strong></span> <span class='ocrx_word' id='word_1_549' title='bbox 2410 2114 2469 2166; x_wconf 78' lang='grc' dir='ltr'><strong>το</strong></span> <span class='ocrx_word' id='word_1_550' title='bbox 2496 2114 2805 2185; x_wconf 86' lang='grc' dir='ltr'><strong>στρατείαις</strong></span> <span class='ocrx_word' id='word_1_551' title='bbox 2845 2114 2938 2166; x_wconf 80' lang='grc' dir='ltr'><strong>καὶ</strong></span> <span class='ocrx_word' id='word_1_552' title='bbox 2964 2112 3253 2183; x_wconf 76' lang='grc' dir='ltr'><strong>ἐμπορίαις</strong></span> <span class='ocrx_word' id='word_1_553' title='bbox 3280 2112 3511 2183; x_wconf 80' lang='grc' dir='ltr'><strong>ὁμιλεῖν,</strong></span> <span class='ocrx_word' id='word_1_554' title='bbox 3541 2114 3637 2167; x_wconf 86' lang='lat' dir='ltr'><strong>xui.</strong></span> 
     </span>
    </p>
   </div>
   <div class='ocr_carea' id='block_1_80' title="bbox 2057 2197 3637 2275">
    <p class='ocr_par' dir='ltr' id='par_1_80' title="bbox 2057 2197 3637 2275">
     <span class='ocr_line' id='line_1_80' title="bbox 2057 2197 3637 2275; baseline 0.001 -19"><span class='ocrx_word' id='word_1_555' title='bbox 2057 2204 2281 2275; x_wconf 80' lang='grc' dir='ltr'><strong>ἑτέροις,</strong></span> <span class='ocrx_word' id='word_1_556' title='bbox 2302 2204 2359 2254; x_wconf 90' lang='grc' dir='ltr'><strong>ἐν</strong></span> <span class='ocrx_word' id='word_1_557' title='bbox 2384 2197 2464 2266; x_wconf 71' lang='grc' dir='ltr'><strong>οἷς</strong></span> <span class='ocrx_word' id='word_1_558' title='bbox 2491 2206 2519 2255; x_wconf 85' lang='grc' dir='ltr'>ὁ</span> <span class='ocrx_word' id='word_1_559' title='bbox 2542 2202 2722 2267; x_wconf 80' lang='grc' dir='ltr'><strong>λαῖκδς</strong></span> <span class='ocrx_word' id='word_1_560' title='bbox 2748 2204 2808 2256; x_wconf 82' lang='grc' dir='ltr'><strong>οὐ</strong></span> <span class='ocrx_word' id='word_1_561' title='bbox 2832 2203 3233 2275; x_wconf 82' lang='grc' dir='ltr'><strong>κατακρίνεται.</strong></span> <span class='ocrx_word' id='word_1_562' title='bbox 3259 2203 3369 2255; x_wconf 71' lang='grc' dir='ltr'><strong>Καὶ</strong></span> <span class='ocrx_word' id='word_1_563' title='bbox 3396 2204 3637 2274; x_wconf 86' lang='grc' dir='ltr'><strong>σημείω-</strong></span> 
     </span>
    </p>
   </div>
   <div class='ocr_carea' id='block_1_81' title="bbox 2058 2294 3637 2366">
    <p class='ocr_par' dir='ltr' id='par_1_81' title="bbox 2058 2294 3637 2366">
     <span class='ocr_line' id='line_1_81' title="bbox 2058 2294 3637 2366; baseline -0.001 -18"><span class='ocrx_word' id='word_1_564' title='bbox 2058 2313 2146 2349; x_wconf 91' lang='grc' dir='ltr'><strong>σαι</strong></span> <span class='ocrx_word' id='word_1_565' title='bbox 2168 2295 2228 2347; x_wconf 79' lang='grc' dir='ltr'><strong>τὸ</strong></span> <span class='ocrx_word' id='word_1_566' title='bbox 2262 2294 2447 2366; x_wconf 77' lang='grc' dir='ltr'><strong>ῥητὸν,</strong></span> <span class='ocrx_word' id='word_1_567' title='bbox 2472 2295 2552 2347; x_wconf 86' lang='grc' dir='ltr'><strong>ὃτι</strong></span> <span class='ocrx_word' id='word_1_568' title='bbox 2591 2296 2859 2365; x_wconf 88' lang='grc' dir='ltr'><strong>χρήσιμον</strong></span> <span class='ocrx_word' id='word_1_569' title='bbox 2892 2294 3031 2347; x_wconf 88' lang='grc' dir='ltr'><strong>κατά</strong></span> <span class='ocrx_word' id='word_1_570' title='bbox 3064 2294 3491 2365; x_wconf 83' lang='grc' dir='ltr'><strong>Λαμπετιανῶν,</strong></span> <span class='ocrx_word' id='word_1_571' title='bbox 3516 2294 3637 2364; x_wconf 75' lang='grc' dir='ltr'><strong>ἢτοι</strong></span> 
     </span>
    </p>
   </div>
   <div class='ocr_carea' id='block_1_82' title="bbox 2054 2382 3641 2456">
    <p class='ocr_par' dir='ltr' id='par_1_82' title="bbox 2054 2382 3641 2456">
     <span class='ocr_line' id='line_1_82' title="bbox 2054 2382 3641 2456; baseline -0.001 -18"><span class='ocrx_word' id='word_1_572' title='bbox 2054 2385 2414 2439; x_wconf 86' lang='grc' dir='ltr'><strong>Μασαλιανῶν</strong></span> <span class='ocrx_word' id='word_1_573' title='bbox 2454 2384 2488 2456; x_wconf 79' lang='grc' dir='ltr'><strong>ἢ</strong></span> <span class='ocrx_word' id='word_1_574' title='bbox 2529 2385 2898 2455; x_wconf 78' lang='grc' dir='ltr'><strong>Ἀδελφιανῶν,</strong></span> <span class='ocrx_word' id='word_1_575' title='bbox 2945 2383 3142 2438; x_wconf 72' lang='grc' dir='ltr'><strong>ταὺτὶν</strong></span> <span class='ocrx_word' id='word_1_576' title='bbox 3178 2382 3235 2437; x_wconf 69' lang='grc' dir='ltr'><strong>δὲ</strong></span> <span class='ocrx_word' id='word_1_577' title='bbox 3267 2386 3446 2437; x_wconf 79' lang='grc' dir='ltr'><strong>εἰπεῖν</strong></span> <span class='ocrx_word' id='word_1_578' title='bbox 3483 2384 3641 2454; x_wconf 76' lang='grc' dir='ltr'><strong>Μαρ-</strong></span> 
     </span>
    </p>
   </div>
   <div class='ocr_carea' id='block_1_83' title="bbox 2054 2478 3639 2550">
    <p class='ocr_par' dir='ltr' id='par_1_83' title="bbox 2054 2478 3639 2550">
     <span class='ocr_line' id='line_1_83' title="bbox 2054 2478 3639 2550; baseline -0.001 -17"><span class='ocrx_word' id='word_1_579' title='bbox 2054 2480 2363 2544; x_wconf 89' lang='grc' dir='ltr'><strong>κιανιστῶν,</strong></span> <span class='ocrx_word' id='word_1_580' title='bbox 2406 2479 2599 2543; x_wconf 79' lang='grc' dir='ltr'><strong>οἵτινες</strong></span> <span class='ocrx_word' id='word_1_581' title='bbox 2629 2481 2868 2550; x_wconf 87' lang='grc' dir='ltr'><strong>τριετίαν</strong></span> <span class='ocrx_word' id='word_1_582' title='bbox 2928 2479 3092 2550; x_wconf 87' lang='grc' dir='ltr'><strong>μόνην</strong></span> <span class='ocrx_word' id='word_1_583' title='bbox 3140 2478 3512 2549; x_wconf 79' lang='grc' dir='ltr'><strong>νομοθετοῦσι,</strong></span> <span class='ocrx_word' id='word_1_584' title='bbox 3544 2479 3639 2531; x_wconf 73' lang='grc' dir='ltr'><strong>καὶ</strong></span> 
     </span>
    </p>
   </div>
   <div class='ocr_carea' id='block_1_84' title="bbox 2053 2569 3639 2643">
    <p class='ocr_par' dir='ltr' id='par_1_84' title="bbox 2053 2569 3639 2643">
     <span class='ocr_line' id='line_1_84' title="bbox 2053 2569 3639 2643; baseline -0.001 -18"><span class='ocrx_word' id='word_1_585' title='bbox 2053 2572 2195 2643; x_wconf 75' lang='grc' dir='ltr'><strong>ὑπὲρ</strong></span> <span class='ocrx_word' id='word_1_586' title='bbox 2221 2572 2282 2624; x_wconf 83' lang='grc' dir='ltr'><strong>τὸ</strong></span> <span class='ocrx_word' id='word_1_587' title='bbox 2312 2571 2588 2642; x_wconf 80' lang='grc' dir='ltr'><strong>προσῆκον</strong></span> <span class='ocrx_word' id='word_1_588' title='bbox 2612 2571 2946 2639; x_wconf 76' lang='grc' dir='ltr'><strong>ἁγνίζεσθαι,</strong></span> <span class='ocrx_word' id='word_1_589' title='bbox 2990 2570 3082 2623; x_wconf 76' lang='grc' dir='ltr'><strong>καὶ</strong></span> <span class='ocrx_word' id='word_1_590' title='bbox 3116 2569 3254 2641; x_wconf 85' lang='grc' dir='ltr'><strong>μετά</strong></span> <span class='ocrx_word' id='word_1_591' title='bbox 3278 2569 3452 2623; x_wconf 88' lang='grc' dir='ltr'><strong>ταῦτα</strong></span> <span class='ocrx_word' id='word_1_592' title='bbox 3490 2570 3639 2639; x_wconf 83' lang='grc' dir='ltr'><strong>ἐφει-</strong></span> 
     </span>
    </p>
   </div>
   <div class='ocr_carea' id='block_1_85' title="bbox 2056 2664 3639 2736">
    <p class='ocr_par' dir='ltr' id='par_1_85' title="bbox 2056 2664 3639 2736">
     <span class='ocr_line' id='line_1_85' title="bbox 2056 2664 3639 2736; baseline 0 -19"><span class='ocrx_word' id='word_1_593' title='bbox 2056 2664 2223 2736; x_wconf 87' lang='grc' dir='ltr'><strong>μένην</strong></span> <span class='ocrx_word' id='word_1_594' title='bbox 2249 2665 2427 2735; x_wconf 79' lang='grc' dir='ltr'><strong>έχουσι</strong></span> <span class='ocrx_word' id='word_1_595' title='bbox 2454 2668 2633 2719; x_wconf 77' lang='grc' dir='ltr'><strong>πᾶσαν</strong></span> <span class='ocrx_word' id='word_1_596' title='bbox 2656 2665 2960 2734; x_wconf 77' lang='grc' dir='ltr'><strong>ἀσέλγειαν,</strong></span> <span class='ocrx_word' id='word_1_597' title='bbox 2983 2666 3322 2736; x_wconf 78' lang='grc' dir='ltr'><strong>ἀναισθήτως</strong></span> <span class='ocrx_word' id='word_1_598' title='bbox 3356 2665 3639 2727; x_wconf 79' lang='grc' dir='ltr'><strong>νοσοῦντες</strong></span> 
     </span>
    </p>
   </div>
   <div class='ocr_carea' id='block_1_86' title="bbox 2050 2756 3639 2829">
    <p class='ocr_par' dir='ltr' id='par_1_86' title="bbox 2050 2756 3639 2829">
     <span class='ocr_line' id='line_1_86' title="bbox 2050 2756 3639 2829; baseline -0.002 -19"><span class='ocrx_word' id='word_1_599' title='bbox 2050 2758 2149 2829; x_wconf 77' lang='grc' dir='ltr'><strong>τὴν</strong></span> <span class='ocrx_word' id='word_1_600' title='bbox 2195 2758 2516 2828; x_wconf 88' lang='grc' dir='ltr'><strong>ἐμπάθειαν.</strong></span> <span class='ocrx_word' id='word_1_601' title='bbox 2575 2757 2711 2810; x_wconf 79' lang='grc' dir='ltr'><strong>Ἀλλ’</strong></span> <span class='ocrx_word' id='word_1_602' title='bbox 2755 2758 2805 2809; x_wconf 78' lang='grc' dir='ltr'><strong>οἱ</strong></span> <span class='ocrx_word' id='word_1_603' title='bbox 2847 2758 3066 2827; x_wconf 69' lang='grc' dir='ltr'><strong>μοναχοὶ</strong></span> <span class='ocrx_word' id='word_1_604' title='bbox 3115 2756 3253 2827; x_wconf 80' lang='grc' dir='ltr'><strong>πρὸς</strong></span> <span class='ocrx_word' id='word_1_605' title='bbox 3298 2760 3414 2820; x_wconf 88' lang='grc' dir='ltr'><strong>τοῖς</strong></span> <span class='ocrx_word' id='word_1_606' title='bbox 3460 2756 3639 2819; x_wconf 83' lang='grc' dir='ltr'><strong>ἀλλοις</strong></span> 
     </span>
    </p>
   </div>
   <div class='ocr_carea' id='block_1_87' title="bbox 2051 2836 3636 2921">
    <p class='ocr_par' dir='ltr' id='par_1_87' title="bbox 2051 2836 3636 2921">
     <span class='ocr_line' id='line_1_87' title="bbox 2051 2836 3636 2921; baseline 0.004 -19"><span class='ocrx_word' id='word_1_607' title='bbox 2051 2850 2322 2919; x_wconf 75' lang='grc' dir='ltr'><strong>ὀφείλουσι</strong></span> <span class='ocrx_word' id='word_1_608' title='bbox 2365 2851 2502 2921; x_wconf 72' lang='grc' dir='ltr'><strong>πρὸς</strong></span> <span class='ocrx_word' id='word_1_609' title='bbox 2538 2836 2634 2921; x_wconf 73' lang='grc' dir='ltr'><strong>τὴν</strong></span> <span class='ocrx_word' id='word_1_610' title='bbox 2664 2850 2939 2921; x_wconf 81' lang='grc' dir='ltr'><strong>ἱερατικὴν</strong></span> <span class='ocrx_word' id='word_1_611' title='bbox 2976 2849 3435 2921; x_wconf 81' lang='grc' dir='ltr'><strong>ἀπομορφοῦσθαι</strong></span> <span class='ocrx_word' id='word_1_612' title='bbox 3470 2848 3636 2919; x_wconf 72' lang='grc' dir='ltr'><strong>ζωὴν,</strong></span> 
     </span>
    </p>
   </div>
   <div class='ocr_carea' id='block_1_88' title="bbox 2053 2942 3640 3016">
    <p class='ocr_par' dir='ltr' id='par_1_88' title="bbox 2053 2942 3640 3016">
     <span class='ocr_line' id='line_1_88' title="bbox 2053 2942 3640 3016; baseline -0.001 -19"><span class='ocrx_word' id='word_1_613' title='bbox 2053 2944 2129 3008; x_wconf 83' lang='grc' dir='ltr'><strong>ὠς</strong></span> <span class='ocrx_word' id='word_1_614' title='bbox 2156 2944 2351 3015; x_wconf 79' lang='grc' dir='ltr'><strong>μᾶλλον</strong></span> <span class='ocrx_word' id='word_1_615' title='bbox 2390 2945 2527 3015; x_wconf 79' lang='grc' dir='ltr'><strong>αὐτῇ</strong></span> <span class='ocrx_word' id='word_1_616' title='bbox 2568 2942 2951 3016; x_wconf 76' lang='grc' dir='ltr'><strong>πλησιάζοντες</strong></span> <span class='ocrx_word' id='word_1_617' title='bbox 2989 2943 3138 3015; x_wconf 78' lang='grc' dir='ltr'><strong>παρὰ</strong></span> <span class='ocrx_word' id='word_1_618' title='bbox 3170 2943 3270 3007; x_wconf 86' lang='grc' dir='ltr'><strong>τὰς</strong></span> <span class='ocrx_word' id='word_1_619' title='bbox 3303 2942 3499 3005; x_wconf 80' lang='grc' dir='ltr'><strong>λοιπὰς</strong></span> <span class='ocrx_word' id='word_1_620' title='bbox 3530 2942 3640 2995; x_wconf 88' lang='grc' dir='ltr'><strong>τῶν</strong></span> 
     </span>
    </p>
   </div>
   <div class='ocr_carea' id='block_1_89' title="bbox 2056 3030 3635 3106">
    <p class='ocr_par' dir='ltr' id='par_1_89' title="bbox 2056 3030 3635 3106">
     <span class='ocr_line' id='line_1_89' title="bbox 2056 3030 3635 3106; baseline -0.001 -18"><span class='ocrx_word' id='word_1_621' title='bbox 2056 3034 2392 3104; x_wconf 80' lang='grc' dir='ltr'><strong>τελουμένων</strong></span> <span class='ocrx_word' id='word_1_622' title='bbox 2422 3034 2634 3099; x_wconf 83' lang='grc' dir='ltr'><strong>τάξεις,</strong></span> <span class='ocrx_word' id='word_1_623' title='bbox 2680 3032 2859 3096; x_wconf 85' lang='grc' dir='ltr'><strong>καθὼς</strong></span> <span class='ocrx_word' id='word_1_624' title='bbox 2898 3030 3154 3104; x_wconf 85' lang='grc' dir='ltr'><strong>ἐλέγομεν</strong></span> <span class='ocrx_word' id='word_1_625' title='bbox 3200 3032 3537 3106; x_wconf 77' lang='grc' dir='ltr'><strong>ἔμπροσθεν,</strong></span> <span class='ocrx_word' id='word_1_626' title='bbox 3576 3036 3635 3087; x_wconf 88' lang='grc' dir='ltr'><strong>οὐ</strong></span> 
     </span>
    </p>
   </div>
   <div class='ocr_carea' id='block_1_90' title="bbox 2060 3124 3636 3197">
    <p class='ocr_par' dir='ltr' id='par_1_90' title="bbox 2060 3124 3636 3197">
     <span class='ocr_line' id='line_1_90' title="bbox 2060 3124 3636 3197; baseline 0.001 -20"><span class='ocrx_word' id='word_1_627' title='bbox 2060 3125 2195 3197; x_wconf 79' lang='grc' dir='ltr'><strong>πρὸς</strong></span> <span class='ocrx_word' id='word_1_628' title='bbox 2232 3124 2331 3188; x_wconf 80' lang='grc' dir='ltr'><strong>τὰς</strong></span> <span class='ocrx_word' id='word_1_629' title='bbox 2373 3124 2592 3190; x_wconf 81' lang='grc' dir='ltr'><strong>τελετάς</strong></span> <span class='ocrx_word' id='word_1_630' title='bbox 2633 3127 2741 3180; x_wconf 86' lang='grc' dir='ltr'><strong>τῶν</strong></span> <span class='ocrx_word' id='word_1_631' title='bbox 2770 3126 2952 3197; x_wconf 78' lang='grc' dir='ltr'><strong>ἄκρως</strong></span> <span class='ocrx_word' id='word_1_632' title='bbox 2990 3124 3350 3195; x_wconf 80' lang='grc' dir='ltr'><strong>τελουμένων,</strong></span> <span class='ocrx_word' id='word_1_633' title='bbox 3396 3126 3636 3196; x_wconf 85' lang='grc' dir='ltr'><strong>δηλονότι</strong></span> 
     </span>
    </p>
   </div>
   <div class='ocr_carea' id='block_1_91' title="bbox 2058 3213 3638 3287">
    <p class='ocr_par' dir='ltr' id='par_1_91' title="bbox 2058 3213 3638 3287">
     <span class='ocr_line' id='line_1_91' title="bbox 2058 3213 3638 3287; baseline -0.001 -20"><span class='ocrx_word' id='word_1_634' title='bbox 2058 3215 2166 3267; x_wconf 88' lang='grc' dir='ltr'><strong>τῶν</strong></span> <span class='ocrx_word' id='word_1_635' title='bbox 2196 3214 2583 3285; x_wconf 81' lang='grc' dir='ltr'><strong>τελειουμένων</strong></span> <span class='ocrx_word' id='word_1_636' title='bbox 2605 3217 2702 3287; x_wconf 78' lang='grc' dir='ltr'><strong>τῆς</strong></span> <span class='ocrx_word' id='word_1_637' title='bbox 2728 3215 3062 3286; x_wconf 83' lang='grc' dir='ltr'><strong>συγκρίσεως</strong></span> <span class='ocrx_word' id='word_1_638' title='bbox 3083 3214 3380 3285; x_wconf 82' lang='grc' dir='ltr'><strong>γινομένης</strong></span> <span class='ocrx_word' id='word_1_639' title='bbox 3400 3231 3414 3244; x_wconf 74' lang='grc' dir='ltr'><strong>ο</strong></span> <span class='ocrx_word' id='word_1_640' title='bbox 3442 3215 3503 3267; x_wconf 75' lang='grc' dir='ltr'><strong>οὐ</strong></span> <span class='ocrx_word' id='word_1_641' title='bbox 3532 3213 3638 3284; x_wconf 80' lang='grc' dir='ltr'><strong>γάρ</strong></span> 
     </span>
    </p>
   </div>
   <div class='ocr_carea' id='block_1_92' title="bbox 2061 3300 3636 3374">
    <p class='ocr_par' dir='ltr' id='par_1_92' title="bbox 2061 3300 3636 3374">
     <span class='ocr_line' id='line_1_92' title="bbox 2061 3300 3636 3374; baseline -0.003 -17"><span class='ocrx_word' id='word_1_642' title='bbox 2061 3300 2181 3357; x_wconf 77' lang='grc' dir='ltr'><strong>εἷπε</strong></span> <span class='ocrx_word' id='word_1_643' title='bbox 2226 3303 2334 3356; x_wconf 86' lang='grc' dir='ltr'><strong>τῶν</strong></span> <span class='ocrx_word' id='word_1_644' title='bbox 2372 3304 2761 3374; x_wconf 77' lang='grc' dir='ltr'><strong>τελειουμένων</strong></span> <span class='ocrx_word' id='word_1_645' title='bbox 2825 3303 3205 3373; x_wconf 78' lang='grc' dir='ltr'><strong>(τελειούμενοι</strong></span> <span class='ocrx_word' id='word_1_646' title='bbox 3250 3303 3363 3374; x_wconf 90' lang='grc' dir='ltr'><strong>γάρ</strong></span> <span class='ocrx_word' id='word_1_647' title='bbox 3410 3305 3547 3355; x_wconf 77' lang='grc' dir='ltr'><strong>εἰσιν</strong></span> <span class='ocrx_word' id='word_1_648' title='bbox 3588 3304 3636 3354; x_wconf 89' lang='grc' dir='ltr'><strong>οἱ</strong></span> 
     </span>
    </p>
   </div>
   <div class='ocr_carea' id='block_1_93' title="bbox 2060 3392 3635 3465">
    <p class='ocr_par' dir='ltr' id='par_1_93' title="bbox 2060 3392 3635 3465">
     <span class='ocr_line' id='line_1_93' title="bbox 2060 3392 3635 3465; baseline 0.001 -19"><span class='ocrx_word' id='word_1_649' title='bbox 2060 3393 2147 3446; x_wconf 87' lang='grc' dir='ltr'><strong>διά</strong></span> <span class='ocrx_word' id='word_1_650' title='bbox 2172 3392 2265 3445; x_wconf 87' lang='grc' dir='ltr'><strong>τοῦ</strong></span> <span class='ocrx_word' id='word_1_651' title='bbox 2308 3394 2699 3465; x_wconf 86' lang='grc' dir='ltr'><strong>βαπτίσματος,</strong></span> <span class='ocrx_word' id='word_1_652' title='bbox 2726 3395 2775 3447; x_wconf 81' lang='lat' dir='ltr'><strong>oi</strong></span> <span class='ocrx_word' id='word_1_653' title='bbox 2803 3392 2890 3446; x_wconf 83' lang='grc' dir='ltr'><strong>διὰ</strong></span> <span class='ocrx_word' id='word_1_654' title='bbox 2911 3392 3010 3463; x_wconf 81' lang='grc' dir='ltr'><strong>τῆς</strong></span> <span class='ocrx_word' id='word_1_655' title='bbox 3041 3393 3295 3463; x_wconf 88' lang='grc' dir='ltr'><strong>χρίσεως,</strong></span> <span class='ocrx_word' id='word_1_656' title='bbox 3334 3396 3385 3447; x_wconf 77' lang='lat' dir='ltr'><strong>oi</strong></span> <span class='ocrx_word' id='word_1_657' title='bbox 3419 3394 3507 3447; x_wconf 87' lang='grc' dir='ltr'><strong>διὰ</strong></span> <span class='ocrx_word' id='word_1_658' title='bbox 3538 3394 3635 3463; x_wconf 74' lang='grc' dir='ltr'><strong>τῆς</strong></span> 
     </span>
    </p>
   </div>
   <div class='ocr_carea' id='block_1_94' title="bbox 2065 3482 3635 3554">
    <p class='ocr_par' dir='ltr' id='par_1_94' title="bbox 2065 3482 3635 3554">
     <span class='ocr_line' id='line_1_94' title="bbox 2065 3482 3635 3554; baseline 0.001 -19"><span class='ocrx_word' id='word_1_659' title='bbox 2065 3483 2432 3554; x_wconf 73' lang='grc' dir='ltr'><strong>μεταλήψεως,</strong></span> <span class='ocrx_word' id='word_1_660' title='bbox 2455 3486 2501 3537; x_wconf 87' lang='grc' dir='ltr'><strong>οἱ</strong></span> <span class='ocrx_word' id='word_1_661' title='bbox 2526 3484 2615 3537; x_wconf 84' lang='grc' dir='ltr'><strong>διὰ</strong></span> <span class='ocrx_word' id='word_1_662' title='bbox 2640 3484 2740 3554; x_wconf 80' lang='grc' dir='ltr'><strong>τῆς</strong></span> <span class='ocrx_word' id='word_1_663' title='bbox 2774 3482 3162 3554; x_wconf 84' lang='grc' dir='ltr'><strong>χειροτονίας),</strong></span> <span class='ocrx_word' id='word_1_664' title='bbox 3201 3482 3340 3535; x_wconf 79' lang='grc' dir='ltr'><strong>ἀλλὰ</strong></span> <span class='ocrx_word' id='word_1_665' title='bbox 3383 3484 3635 3554; x_wconf 81' lang='grc' dir='ltr'><strong>τελουμέ-</strong></span> 
     </span>
    </p>
   </div>
   <div class='ocr_carea' id='block_1_95' title="bbox 2061 3574 3634 3647">
    <p class='ocr_par' dir='ltr' id='par_1_95' title="bbox 2061 3574 3634 3647">
     <span class='ocr_line' id='line_1_95' title="bbox 2061 3574 3634 3647; baseline -0.001 -18"><span class='ocrx_word' id='word_1_666' title='bbox 2061 3594 2186 3637; x_wconf 90' lang='grc' dir='ltr'><strong>νων,</strong></span> <span class='ocrx_word' id='word_1_667' title='bbox 2234 3576 2431 3647; x_wconf 83' lang='grc' dir='ltr'><strong>δηλαδὴ</strong></span> <span class='ocrx_word' id='word_1_668' title='bbox 2477 3575 2905 3647; x_wconf 83' lang='grc' dir='ltr'><strong>καθαιρομένων,</strong></span> <span class='ocrx_word' id='word_1_669' title='bbox 2943 3574 3368 3644; x_wconf 82' lang='grc' dir='ltr'><strong>διδασκομένων,</strong></span> <span class='ocrx_word' id='word_1_670' title='bbox 3408 3576 3634 3643; x_wconf 72' lang='grc' dir='ltr'><strong>φωτιζο-</strong></span> 
     </span>
    </p>
   </div>
   <div class='ocr_carea' id='block_1_96' title="bbox 2066 3666 3636 3741">
    <p class='ocr_par' dir='ltr' id='par_1_96' title="bbox 2066 3666 3636 3741">
     <span class='ocr_line' id='line_1_96' title="bbox 2066 3666 3636 3741; baseline -0.001 -18"><span class='ocrx_word' id='word_1_671' title='bbox 2066 3670 2257 3741; x_wconf 88' lang='grc' dir='ltr'><strong>μένων.</strong></span> <span class='ocrx_word' id='word_1_672' title='bbox 2289 3672 2450 3723; x_wconf 84' lang='grc' dir='ltr'><strong>Ὥστε</strong></span> <span class='ocrx_word' id='word_1_673' title='bbox 2484 3671 2591 3731; x_wconf 79' lang='grc' dir='ltr'><strong>πᾶς</strong></span> <span class='ocrx_word' id='word_1_674' title='bbox 2625 3668 2993 3739; x_wconf 80' lang='grc' dir='ltr'><strong>τελειούμενος</strong></span> <span class='ocrx_word' id='word_1_675' title='bbox 3025 3668 3120 3721; x_wconf 79' lang='grc' dir='ltr'><strong>καὶ</strong></span> <span class='ocrx_word' id='word_1_676' title='bbox 3140 3666 3401 3733; x_wconf 82' lang='grc' dir='ltr'><strong>τελεῖται,</strong></span> <span class='ocrx_word' id='word_1_677' title='bbox 3436 3670 3496 3722; x_wconf 74' lang='grc' dir='ltr'><strong>οὐ</strong></span> <span class='ocrx_word' id='word_1_678' title='bbox 3533 3669 3636 3740; x_wconf 73' lang='grc' dir='ltr'><strong>μὴν</strong></span> 
     </span>
    </p>
   </div>
   <div class='ocr_carea' id='block_1_97' title="bbox 2060 3759 2928 3831">
    <p class='ocr_par' dir='ltr' id='par_1_97' title="bbox 2060 3759 2928 3831">
     <span class='ocr_line' id='line_1_97' title="bbox 2060 3759 2928 3831; baseline -0.003 -17"><span class='ocrx_word' id='word_1_679' title='bbox 2060 3760 2119 3814; x_wconf 84' lang='grc' dir='ltr'><strong>δὲ</strong></span> <span class='ocrx_word' id='word_1_680' title='bbox 2142 3762 2247 3824; x_wconf 79' lang='grc' dir='ltr'><strong>πᾶς</strong></span> <span class='ocrx_word' id='word_1_681' title='bbox 2274 3760 2591 3831; x_wconf 84' lang='grc' dir='ltr'><strong>τελούμενος</strong></span> <span class='ocrx_word' id='word_1_682' title='bbox 2612 3759 2928 3813; x_wconf 79' lang='grc' dir='ltr'><strong>τελειοῦται.</strong></span> 
     </span>
    </p>
   </div>
   <div class='ocr_carea' id='block_1_98' title="bbox 2132 3849 3634 3925">
    <p class='ocr_par' dir='ltr' id='par_1_98' title="bbox 2132 3849 3634 3925">
     <span class='ocr_line' id='line_1_98' title="bbox 2132 3849 3634 3925; baseline 0 -19"><span class='ocrx_word' id='word_1_683' title='bbox 2132 3852 2160 3923; x_wconf 81' lang='lat'>§</span> <span class='ocrx_word' id='word_1_684' title='bbox 2186 3852 2268 3906; x_wconf 90' lang='lat' dir='ltr'><strong>Ill.</strong></span> <span class='ocrx_word' id='word_1_685' title='bbox 2315 3853 2379 3905; x_wconf 84' lang='grc' dir='ltr'><strong><em>Ἦ</em></strong></span> <span class='ocrx_word' id='word_1_686' title='bbox 2408 3854 2757 3924; x_wconf 84' lang='grc' dir='ltr'><strong>σταυροειδὴς</strong></span> <span class='ocrx_word' id='word_1_687' title='bbox 2787 3852 2843 3904; x_wconf 81' lang='grc' dir='ltr'><strong>δὲ</strong></span> <span class='ocrx_word' id='word_1_688' title='bbox 2884 3849 3045 3905; x_wconf 89' lang='grc' dir='ltr'><strong>πάλιν</strong></span> <span class='ocrx_word' id='word_1_689' title='bbox 3076 3852 3335 3922; x_wconf 73' lang='grc' dir='ltr'><strong>σφραγὶς,</strong></span> <span class='ocrx_word' id='word_1_690' title='bbox 3379 3854 3481 3925; x_wconf 82' lang='grc' dir='ltr'><strong>τὴν</strong></span> <span class='ocrx_word' id='word_1_691' title='bbox 3513 3854 3634 3908; x_wconf 73' lang='grc' dir='ltr'><strong>ἀνε-</strong></span> 
     </span>
    </p>
   </div>
   <div class='ocr_carea' id='block_1_99' title="bbox 2062 3942 3631 4018">
    <p class='ocr_par' dir='ltr' id='par_1_99' title="bbox 2062 3942 3631 4018">
     <span class='ocr_line' id='line_1_99' title="bbox 2062 3942 3631 4018; baseline 0.001 -22"><span class='ocrx_word' id='word_1_692' title='bbox 2062 3943 2352 4015; x_wconf 85' lang='grc' dir='ltr'><strong>νεργησίαν</strong></span> <span class='ocrx_word' id='word_1_693' title='bbox 2372 3942 2520 4013; x_wconf 68' lang='grc' dir='ltr'><strong>δηλοῖ,⁹</strong></span> <span class='ocrx_word' id='word_1_694' title='bbox 2545 3943 2653 3996; x_wconf 89' lang='grc' dir='ltr'><strong>τῶν</strong></span> <span class='ocrx_word' id='word_1_695' title='bbox 2678 3942 2950 4013; x_wconf 85' lang='grc' dir='ltr'><strong>σαρκικῶν</strong></span> <span class='ocrx_word' id='word_1_696' title='bbox 2972 3942 3221 4014; x_wconf 79' lang='grc' dir='ltr'><strong>ὀρέξεων·</strong></span> <span class='ocrx_word' id='word_1_697' title='bbox 3248 3947 3280 4014; x_wconf 78' lang='grc' dir='ltr'>ἡ</span> <span class='ocrx_word' id='word_1_698' title='bbox 3308 3946 3631 4018; x_wconf 82' lang='grc' dir='ltr'><strong>ἀπόκαρσις,</strong></span> 
     </span>
    </p>
   </div>
   <div class='ocr_carea' id='block_1_100' title="bbox 2064 4034 3635 4107">
    <p class='ocr_par' dir='ltr' id='par_1_100' title="bbox 2064 4034 3635 4107">
     <span class='ocr_line' id='line_1_100' title="bbox 2064 4034 3635 4107; baseline -0.001 -18"><span class='ocrx_word' id='word_1_699' title='bbox 2064 4034 2307 4106; x_wconf 76' lang='grc' dir='ltr'><strong>καθαρὰν</strong></span> <span class='ocrx_word' id='word_1_700' title='bbox 2351 4037 2443 4089; x_wconf 88' lang='lat' dir='ltr'><strong>xui.</strong></span> <span class='ocrx_word' id='word_1_701' title='bbox 2490 4036 2892 4107; x_wconf 83' lang='grc' dir='ltr'><strong>ἀσχημάτιστον</strong></span> <span class='ocrx_word' id='word_1_702' title='bbox 2931 4035 3107 4106; x_wconf 73' lang='grc' dir='ltr'><strong>ζωήνσ</strong></span> <span class='ocrx_word' id='word_1_703' title='bbox 3153 4035 3478 4107; x_wconf 86' lang='grc' dir='ltr'><strong>καθαίρεται</strong></span> <span class='ocrx_word' id='word_1_704' title='bbox 3530 4037 3635 4105; x_wconf 83' lang='grc' dir='ltr'><strong>γὰρ</strong></span> 
     </span>
    </p>
   </div>
   <div class='ocr_carea' id='block_1_101' title="bbox 2062 4124 3633 4197">
    <p class='ocr_par' dir='ltr' id='par_1_101' title="bbox 2062 4124 3633 4197">
     <span class='ocr_line' id='line_1_101' title="bbox 2062 4124 3633 4197; baseline 0 -20"><span class='ocrx_word' id='word_1_705' title='bbox 2062 4125 2170 4177; x_wconf 88' lang='grc' dir='ltr'><strong>τῶν</strong></span> <span class='ocrx_word' id='word_1_706' title='bbox 2197 4126 2639 4196; x_wconf 84' lang='grc' dir='ltr'><strong>περιττωμάτων,</strong></span> <span class='ocrx_word' id='word_1_707' title='bbox 2669 4126 2761 4180; x_wconf 77' lang='grc' dir='ltr'><strong>καὶ</strong></span> <span class='ocrx_word' id='word_1_708' title='bbox 2787 4126 2885 4178; x_wconf 82' lang='grc' dir='ltr'><strong>οὑκ</strong></span> <span class='ocrx_word' id='word_1_709' title='bbox 2908 4124 3021 4177; x_wconf 77' lang='grc' dir='ltr'><strong>ἐστι</strong></span> <span class='ocrx_word' id='word_1_710' title='bbox 3049 4124 3138 4177; x_wconf 76' lang='grc' dir='ltr'><strong>διὰ</strong></span> <span class='ocrx_word' id='word_1_711' title='bbox 3170 4124 3273 4193; x_wconf 81' lang='grc' dir='ltr'><strong>τῆς</strong></span> <span class='ocrx_word' id='word_1_712' title='bbox 3303 4125 3483 4197; x_wconf 80' lang='grc' dir='ltr'><strong>κόμης</strong></span> <span class='ocrx_word' id='word_1_713' title='bbox 3518 4128 3633 4178; x_wconf 78' lang='grc' dir='ltr'><strong>ἐπι-</strong></span> 
     </span>
    </p>
   </div>
   <div class='ocr_carea' id='block_1_102' title="bbox 2065 4211 3633 4282">
    <p class='ocr_par' dir='ltr' id='par_1_102' title="bbox 2065 4211 3633 4282">
     <span class='ocr_line' id='line_1_102' title="bbox 2065 4211 3633 4282; baseline 0.001 -17"><span class='ocrx_word' id='word_1_714' title='bbox 2065 4211 2273 4265; x_wconf 80' lang='grc' dir='ltr'><strong>θετικὸν</strong></span> <span class='ocrx_word' id='word_1_715' title='bbox 2297 4211 2488 4275; x_wconf 82' lang='grc' dir='ltr'><strong>κάλλος</strong></span> <span class='ocrx_word' id='word_1_716' title='bbox 2513 4212 2827 4282; x_wconf 76' lang='grc' dir='ltr'><strong>λαμϐάνειν,</strong></span> <span class='ocrx_word' id='word_1_717' title='bbox 2857 4212 2990 4266; x_wconf 81' lang='grc' dir='ltr'><strong>ἀλλά</strong></span> <span class='ocrx_word' id='word_1_718' title='bbox 3023 4213 3217 4277; x_wconf 77' lang='grc' dir='ltr'><strong>κάλλος</strong></span> <span class='ocrx_word' id='word_1_719' title='bbox 3241 4214 3633 4267; x_wconf 84' lang='grc' dir='ltr'><strong>θεοειδέστατον</strong></span> 
     </span>
    </p>
   </div>
   <div class='ocr_carea' id='block_1_103' title="bbox 1987 4304 2717 4369">
    <p class='ocr_par' dir='ltr' id='par_1_103' title="bbox 1987 4304 2717 4369">
     <span class='ocr_line' id='line_1_103' title="bbox 1987 4304 2717 4369; baseline -0.001 -9"><span class='ocrx_word' id='word_1_720' title='bbox 1987 4315 2031 4369; x_wconf 82' lang='grc' dir='ltr'><strong>ι)</strong></span> <span class='ocrx_word' id='word_1_721' title='bbox 2059 4304 2201 4360; x_wconf 78' lang='grc' dir='ltr'><strong>κατὰ</strong></span> <span class='ocrx_word' id='word_1_722' title='bbox 2229 4304 2352 4357; x_wconf 90' lang='grc' dir='ltr'><strong>νοῦν</strong></span> <span class='ocrx_word' id='word_1_723' title='bbox 2382 4305 2474 4358; x_wconf 88' lang='lat' dir='ltr'><strong>xui.</strong></span> <span class='ocrx_word' id='word_1_724' title='bbox 2502 4305 2717 4359; x_wconf 85' lang='grc' dir='ltr'><strong>ένιαϊον.</strong></span> 
     </span>
    </p>
   </div>
   <div class='ocr_carea' id='block_1_104' title="bbox 2136 4406 3635 4479">
    <p class='ocr_par' dir='ltr' id='par_1_104' title="bbox 2136 4406 3635 4479">
     <span class='ocr_line' id='line_1_104' title="bbox 2136 4406 3635 4479; baseline -0.003 -17"><span class='ocrx_word' id='word_1_725' title='bbox 2136 4408 2162 4479; x_wconf 69' lang='grc' dir='ltr'>ς</span> <span class='ocrx_word' id='word_1_726' title='bbox 2193 4408 2279 4462; x_wconf 87' lang='lat' dir='ltr'><strong>IV.</strong></span> <span class='ocrx_word' id='word_1_727' title='bbox 2315 4410 2380 4461; x_wconf 79' lang='grc' dir='ltr'><strong>Αἱ</strong></span> <span class='ocrx_word' id='word_1_728' title='bbox 2410 4409 2635 4478; x_wconf 76' lang='grc' dir='ltr'><strong>ἐσθῆτες</strong></span> <span class='ocrx_word' id='word_1_729' title='bbox 2660 4410 2758 4472; x_wconf 85' lang='grc' dir='ltr'><strong>τὰς</strong></span> <span class='ocrx_word' id='word_1_730' title='bbox 2789 4407 2930 4473; x_wconf 68' lang='grc' dir='ltr'><strong>ζωὰς</strong></span> <span class='ocrx_word' id='word_1_731' title='bbox 2969 4406 3407 4477; x_wconf 76' lang='grc' dir='ltr'><strong>ὑπεμφαίνουσιν</strong></span> <span class='ocrx_word' id='word_1_732' title='bbox 3428 4411 3498 4479; x_wconf 78' lang='grc' dir='ltr'><strong>’ἡ</strong></span> <span class='ocrx_word' id='word_1_733' title='bbox 3540 4407 3635 4479; x_wconf 86' lang='grc' dir='ltr'><strong>μὲν</strong></span> 
     </span>
    </p>
   </div>
   <div class='ocr_carea' id='block_1_105' title="bbox 2061 4498 3634 4573">
    <p class='ocr_par' dir='ltr' id='par_1_105' title="bbox 2061 4498 3634 4573">
     <span class='ocr_line' id='line_1_105' title="bbox 2061 4498 3634 4573; baseline -0.001 -21"><span class='ocrx_word' id='word_1_734' title='bbox 2061 4502 2128 4573; x_wconf 70' lang='grc' dir='ltr'><strong>ἢν</strong></span> <span class='ocrx_word' id='word_1_735' title='bbox 2158 4500 2539 4563; x_wconf 77' lang='grc' dir='ltr'><strong>ἀποϐάλλεται,</strong></span> <span class='ocrx_word' id='word_1_736' title='bbox 2567 4501 2666 4571; x_wconf 84' lang='grc' dir='ltr'><strong>τὴν</strong></span> <span class='ocrx_word' id='word_1_737' title='bbox 2702 4501 2968 4573; x_wconf 82' lang='grc' dir='ltr'><strong>προτέραν</strong></span> <span class='ocrx_word' id='word_1_738' title='bbox 3008 4498 3102 4553; x_wconf 88' lang='lat' dir='ltr'><strong>xui.</strong></span> <span class='ocrx_word' id='word_1_739' title='bbox 3139 4500 3367 4572; x_wconf 76' lang='grc' dir='ltr'><strong>λαῖκήνο</strong></span> <span class='ocrx_word' id='word_1_740' title='bbox 3415 4504 3450 4572; x_wconf 77' lang='grc' dir='ltr'><strong>ἡ</strong></span> <span class='ocrx_word' id='word_1_741' title='bbox 3489 4502 3543 4569; x_wconf 80' lang='grc' dir='ltr'><strong>δὲ</strong></span> <span class='ocrx_word' id='word_1_742' title='bbox 3573 4502 3634 4570; x_wconf 77' lang='grc' dir='ltr'><strong>ἡν</strong></span> 
     </span>
    </p>
   </div>
   <div class='ocr_carea' id='block_1_106' title="bbox 2061 4590 3629 4665">
    <p class='ocr_par' dir='ltr' id='par_1_106' title="bbox 2061 4590 3629 4665">
     <span class='ocr_line' id='line_1_106' title="bbox 2061 4590 3629 4665; baseline -0.002 -18"><span class='ocrx_word' id='word_1_743' title='bbox 2061 4593 2435 4663; x_wconf 80' lang='grc' dir='ltr'><strong>ἀμφιέννυται,</strong></span> <span class='ocrx_word' id='word_1_744' title='bbox 2463 4593 2561 4665; x_wconf 82' lang='grc' dir='ltr'><strong>τὴν</strong></span> <span class='ocrx_word' id='word_1_745' title='bbox 2588 4591 2924 4661; x_wconf 85' lang='grc' dir='ltr'><strong>τελειοτέραν</strong></span> <span class='ocrx_word' id='word_1_746' title='bbox 2957 4590 3160 4661; x_wconf 78' lang='grc' dir='ltr'><strong>ταύτην</strong></span> <span class='ocrx_word' id='word_1_747' title='bbox 3196 4592 3290 4644; x_wconf 77' lang='grc' dir='ltr'><strong>καὶ</strong></span> <span class='ocrx_word' id='word_1_748' title='bbox 3316 4594 3599 4662; x_wconf 83' lang='grc' dir='ltr'><strong>κρείττονα</strong></span> <span class='ocrx_word' id='word_1_749' title='bbox 3618 4608 3629 4620; x_wconf 91' lang='grc'><strong>·</strong></span> 
     </span>
    </p>
   </div>
   <div class='ocr_carea' id='block_1_107' title="bbox 2062 4680 3639 4755">
    <p class='ocr_par' dir='ltr' id='par_1_107' title="bbox 2062 4680 3639 4755">
     <span class='ocr_line' id='line_1_107' title="bbox 2062 4680 3639 4755; baseline -0.003 -18"><span class='ocrx_word' id='word_1_750' title='bbox 2062 4684 2308 4755; x_wconf 84' lang='grc' dir='ltr'><strong>καθάπερ</strong></span> <span class='ocrx_word' id='word_1_751' title='bbox 2332 4684 2425 4736; x_wconf 86' lang='lat' dir='ltr'><strong>xui.</strong></span> <span class='ocrx_word' id='word_1_752' title='bbox 2459 4684 2549 4737; x_wconf 79' lang='grc' dir='ltr'><strong>ἐπὶ</strong></span> <span class='ocrx_word' id='word_1_753' title='bbox 2584 4681 2676 4735; x_wconf 87' lang='grc' dir='ltr'><strong>τοῦ</strong></span> <span class='ocrx_word' id='word_1_754' title='bbox 2720 4680 3087 4752; x_wconf 82' lang='grc' dir='ltr'><strong>βαπτίσματος</strong></span> <span class='ocrx_word' id='word_1_755' title='bbox 3112 4682 3212 4747; x_wconf 74' lang='grc' dir='ltr'><strong>τὴν</strong></span> <span class='ocrx_word' id='word_1_756' title='bbox 3248 4682 3361 4734; x_wconf 81' lang='grc' dir='ltr'><strong>ἀπὸ</strong></span> <span class='ocrx_word' id='word_1_757' title='bbox 3402 4683 3502 4753; x_wconf 75' lang='grc' dir='ltr'><strong>τῆς</strong></span> <span class='ocrx_word' id='word_1_758' title='bbox 3540 4699 3639 4735; x_wconf 82' lang='lat' dir='ltr'><strong>xu-</strong></span> 
     </span>
    </p>
   </div>
   <div class='ocr_carea' id='block_1_108' title="bbox 2062 4771 3636 4846">
    <p class='ocr_par' dir='ltr' id='par_1_108' title="bbox 2062 4771 3636 4846">
     <span class='ocr_line' id='line_1_108' title="bbox 2062 4771 3636 4846; baseline -0.004 -17"><span class='ocrx_word' id='word_1_759' title='bbox 2062 4775 2388 4846; x_wconf 86' lang='grc' dir='ltr'><strong>θαιρομένης</strong></span> <span class='ocrx_word' id='word_1_760' title='bbox 2424 4775 2513 4829; x_wconf 84' lang='grc' dir='ltr'><strong>διὰ</strong></span> <span class='ocrx_word' id='word_1_761' title='bbox 2557 4775 2655 4845; x_wconf 86' lang='grc' dir='ltr'><strong>τῆς</strong></span> <span class='ocrx_word' id='word_1_762' title='bbox 2692 4772 3035 4836; x_wconf 83' lang='grc' dir='ltr'><strong>διδασκαλίας</strong></span> <span class='ocrx_word' id='word_1_763' title='bbox 3083 4771 3231 4845; x_wconf 77' lang='grc' dir='ltr'><strong>ζωῆς</strong></span> <span class='ocrx_word' id='word_1_764' title='bbox 3259 4774 3340 4835; x_wconf 86' lang='grc' dir='ltr'><strong>είς</strong></span> <span class='ocrx_word' id='word_1_765' title='bbox 3382 4773 3636 4844; x_wconf 78' lang='grc' dir='ltr'><strong>θεωρητιο</strong></span> 
     </span>
    </p>
   </div>
   <div class='ocr_carea' id='block_1_109' title="bbox 2023 4862 3633 4939">
    <p class='ocr_par' dir='ltr' id='par_1_109' title="bbox 2023 4862 3633 4939">
     <span class='ocr_line' id='line_1_109' title="bbox 2023 4862 3633 4939; baseline -0.002 -19"><span class='ocrx_word' id='word_1_766' title='bbox 2023 4888 2027 4892; x_wconf 53' lang='grc' dir='ltr'>δ</span> <span class='ocrx_word' id='word_1_767' title='bbox 2062 4868 2165 4939; x_wconf 80' lang='grc' dir='ltr'><strong>κὴν</strong></span> <span class='ocrx_word' id='word_1_768' title='bbox 2219 4868 2311 4919; x_wconf 80' lang='grc' dir='ltr'><strong>καὶ</strong></span> <span class='ocrx_word' id='word_1_769' title='bbox 2344 4867 2672 4937; x_wconf 78' lang='grc' dir='ltr'><strong>φωτιστικὴν</strong></span> <span class='ocrx_word' id='word_1_770' title='bbox 2714 4868 2826 4933; x_wconf 77' lang='grc' dir='ltr'><strong>ἕξιν</strong></span> <span class='ocrx_word' id='word_1_771' title='bbox 2869 4862 3218 4935; x_wconf 82' lang='grc' dir='ltr'><strong>ἁναγωγὴνή</strong></span> <span class='ocrx_word' id='word_1_772' title='bbox 3262 4864 3367 4934; x_wconf 76' lang='grc' dir='ltr'><strong>τῆς</strong></span> <span class='ocrx_word' id='word_1_773' title='bbox 3414 4864 3633 4933; x_wconf 84' lang='grc' dir='ltr'><strong>ἐσθῆτος</strong></span> 
     </span>
    </p>
   </div>
   <div class='ocr_carea' id='block_1_110' title="bbox 2062 4955 3633 5028">
    <p class='ocr_par' dir='ltr' id='par_1_110' title="bbox 2062 4955 3633 5028">
     <span class='ocr_line' id='line_1_110' title="bbox 2062 4955 3633 5028; baseline -0.003 -18"><span class='ocrx_word' id='word_1_774' title='bbox 2062 4957 2247 5028; x_wconf 78' lang='grc' dir='ltr'><strong>ἐδήλου</strong></span> <span class='ocrx_word' id='word_1_775' title='bbox 2270 4956 2610 5027; x_wconf 79' lang='grc' dir='ltr'><strong>ἀντάμειψις.</strong></span> <span class='ocrx_word' id='word_1_776' title='bbox 2646 4955 2858 5011; x_wconf 82' lang='grc' dir='ltr'><strong>Ἐατέον</strong></span> <span class='ocrx_word' id='word_1_777' title='bbox 2878 4956 2972 5010; x_wconf 88' lang='grc' dir='ltr'><strong>νῦν</strong></span> <span class='ocrx_word' id='word_1_778' title='bbox 3000 4957 3212 5027; x_wconf 86' lang='grc' dir='ltr'><strong>ἐκείνην</strong></span> <span class='ocrx_word' id='word_1_779' title='bbox 3240 4955 3340 5027; x_wconf 81' lang='grc' dir='ltr'><strong>τὴν</strong></span> <span class='ocrx_word' id='word_1_780' title='bbox 3367 4957 3633 5027; x_wconf 82' lang='grc' dir='ltr'><strong>προτέραν</strong></span> 
     </span>
    </p>
   </div>
   <div class='ocr_carea' id='block_1_111' title="bbox 2060 5046 3635 5118">
    <p class='ocr_par' dir='ltr' id='par_1_111' title="bbox 2060 5046 3635 5118">
     <span class='ocr_line' id='line_1_111' title="bbox 2060 5046 3635 5118; baseline -0.002 -19"><span class='ocrx_word' id='word_1_781' title='bbox 2060 5048 2168 5100; x_wconf 86' lang='grc' dir='ltr'><strong>τῶν</strong></span> <span class='ocrx_word' id='word_1_782' title='bbox 2224 5048 2645 5118; x_wconf 84' lang='grc' dir='ltr'><strong>κατηχουμένων</strong></span> <span class='ocrx_word' id='word_1_783' title='bbox 2705 5049 3081 5118; x_wconf 82' lang='grc' dir='ltr'><strong>ἁπαμφίασιν·</strong></span> <span class='ocrx_word' id='word_1_784' title='bbox 3136 5046 3321 5117; x_wconf 83' lang='grc' dir='ltr'><strong>ἐκείνη</strong></span> <span class='ocrx_word' id='word_1_785' title='bbox 3385 5046 3495 5117; x_wconf 76' lang='grc' dir='ltr'><strong>γὰρ</strong></span> <span class='ocrx_word' id='word_1_786' title='bbox 3540 5046 3635 5113; x_wconf 75' lang='grc' dir='ltr'><strong>τὴν</strong></span> 
     </span>
    </p>
   </div>
   <div class='ocr_carea' id='block_1_112' title="bbox 2058 5134 3634 5210">
    <p class='ocr_par' dir='ltr' id='par_1_112' title="bbox 2058 5134 3634 5210">
     <span class='ocr_line' id='line_1_112' title="bbox 2058 5134 3634 5210; baseline -0.004 -19"><span class='ocrx_word' id='word_1_787' title='bbox 2058 5140 2166 5193; x_wconf 86' lang='grc' dir='ltr'><strong>τῶν</strong></span> <span class='ocrx_word' id='word_1_788' title='bbox 2215 5138 2411 5205; x_wconf 76' lang='grc' dir='ltr'><strong>ἔξωθεν</strong></span> <span class='ocrx_word' id='word_1_789' title='bbox 2458 5139 2825 5210; x_wconf 80' lang='grc' dir='ltr'><strong>ρυπασμάτων</strong></span> <span class='ocrx_word' id='word_1_790' title='bbox 2868 5140 2960 5191; x_wconf 86' lang='lat' dir='ltr'><strong>xui.</strong></span> <span class='ocrx_word' id='word_1_791' title='bbox 2998 5138 3097 5207; x_wconf 81' lang='grc' dir='ltr'><strong>τῆς</strong></span> <span class='ocrx_word' id='word_1_792' title='bbox 3127 5136 3337 5207; x_wconf 82' lang='grc' dir='ltr'><strong>πλάνης</strong></span> <span class='ocrx_word' id='word_1_793' title='bbox 3381 5134 3634 5189; x_wconf 77' lang='grc' dir='ltr'><strong>ἀπόθεσιν</strong></span> 
     </span>
    </p>
   </div>
   <div class='ocr_carea' id='block_1_113' title="bbox 2063 5223 3631 5301">
    <p class='ocr_par' dir='ltr' id='par_1_113' title="bbox 2063 5223 3631 5301">
     <span class='ocr_line' id='line_1_113' title="bbox 2063 5223 3631 5301; baseline -0.004 -19"><span class='ocrx_word' id='word_1_794' title='bbox 2063 5231 2323 5301; x_wconf 78' lang='grc' dir='ltr'><strong>παριστᾷ,</strong></span> <span class='ocrx_word' id='word_1_795' title='bbox 2357 5229 2450 5281; x_wconf 81' lang='grc' dir='ltr'><strong>καὶ</strong></span> <span class='ocrx_word' id='word_1_796' title='bbox 2481 5228 2570 5281; x_wconf 82' lang='grc' dir='ltr'><strong>διὰ</strong></span> <span class='ocrx_word' id='word_1_797' title='bbox 2597 5229 2754 5281; x_wconf 83' lang='grc' dir='ltr'><strong>τοῦτο</strong></span> <span class='ocrx_word' id='word_1_798' title='bbox 2797 5230 2889 5282; x_wconf 75' lang='grc' dir='ltr'><strong>καὶ</strong></span> <span class='ocrx_word' id='word_1_799' title='bbox 2920 5229 3107 5299; x_wconf 66' lang='grc' dir='ltr'><strong>πόρρω</strong></span> <span class='ocrx_word' id='word_1_800' title='bbox 3144 5244 3249 5280; x_wconf 88' lang='grc' dir='ltr'><strong>που</strong></span> <span class='ocrx_word' id='word_1_801' title='bbox 3281 5230 3379 5281; x_wconf 83' lang='lat' dir='ltr'><strong>xui.</strong></span> <span class='ocrx_word' id='word_1_802' title='bbox 3408 5228 3511 5294; x_wconf 74' lang='grc' dir='ltr'><strong>ἔξω</strong></span> <span class='ocrx_word' id='word_1_803' title='bbox 3541 5223 3631 5277; x_wconf 84' lang='grc' dir='ltr'><strong>τοῦ</strong></span> 
     </span>
    </p>
   </div>
   <div class='ocr_carea' id='block_1_114' title="bbox 2062 5314 3634 5388">
    <p class='ocr_par' dir='ltr' id='par_1_114' title="bbox 2062 5314 3634 5388">
     <span class='ocr_line' id='line_1_114' title="bbox 2062 5314 3634 5388; baseline -0.004 -18"><span class='ocrx_word' id='word_1_804' title='bbox 2062 5315 2209 5388; x_wconf 80' lang='grc' dir='ltr'><strong>ίεροῦ</strong></span> <span class='ocrx_word' id='word_1_805' title='bbox 2240 5314 2365 5367; x_wconf 84' lang='grc' dir='ltr'><strong>ναοῦ</strong></span> <span class='ocrx_word' id='word_1_806' title='bbox 2401 5316 2626 5384; x_wconf 88' lang='grc' dir='ltr'><strong>γίνεται.</strong></span> <span class='ocrx_word' id='word_1_807' title='bbox 2656 5316 2767 5385; x_wconf 84' lang='grc' dir='ltr'><strong>Τὴν</strong></span> <span class='ocrx_word' id='word_1_808' title='bbox 2798 5318 2979 5387; x_wconf 85' lang='grc' dir='ltr'><strong>μέντοι</strong></span> <span class='ocrx_word' id='word_1_809' title='bbox 3009 5334 3070 5386; x_wconf 91' lang='grc' dir='ltr'><strong>γε</strong></span> <span class='ocrx_word' id='word_1_810' title='bbox 3101 5316 3391 5370; x_wconf 84' lang='grc' dir='ltr'><strong>κοινωνίαν</strong></span> <span class='ocrx_word' id='word_1_811' title='bbox 3422 5315 3515 5370; x_wconf 81' lang='lat' dir='ltr'><strong>xui.</strong></span> <span class='ocrx_word' id='word_1_812' title='bbox 3538 5314 3634 5384; x_wconf 75' lang='grc' dir='ltr'><strong>τὴν</strong></span> 
     </span>
    </p>
   </div>
   <div class='ocr_carea' id='block_1_115' title="bbox 2061 5403 3633 5479">
    <p class='ocr_par' dir='ltr' id='par_1_115' title="bbox 2061 5403 3633 5479">
     <span class='ocr_line' id='line_1_115' title="bbox 2061 5403 3633 5479; baseline -0.003 -20"><span class='ocrx_word' id='word_1_813' title='bbox 2061 5405 2209 5460; x_wconf 83' lang='grc' dir='ltr'><strong>θείαν</strong></span> <span class='ocrx_word' id='word_1_814' title='bbox 2266 5403 2602 5474; x_wconf 79' lang='grc' dir='ltr'><strong>εὐφροσύνην</strong></span> <span class='ocrx_word' id='word_1_815' title='bbox 2650 5403 2739 5457; x_wconf 82' lang='grc' dir='ltr'><strong>διὰ</strong></span> <span class='ocrx_word' id='word_1_816' title='bbox 2789 5405 2883 5458; x_wconf 90' lang='grc' dir='ltr'><strong>τοῦ</strong></span> <span class='ocrx_word' id='word_1_817' title='bbox 2942 5406 3237 5474; x_wconf 80' lang='grc' dir='ltr'><strong>ἀσπασμοῦ</strong></span> <span class='ocrx_word' id='word_1_818' title='bbox 3299 5404 3633 5479; x_wconf 77' lang='grc' dir='ltr'><strong>δηλουμένην</strong></span> 
     </span>
    </p>
   </div>
   <div class='ocr_carea' id='block_1_116' title="bbox 2062 5495 2319 5568">
    <p class='ocr_par' dir='ltr' id='par_1_116' title="bbox 2062 5495 2319 5568">
     <span class='ocr_line' id='line_1_116' title="bbox 2062 5495 2319 5568; baseline -0.004 -21"><span class='ocrx_word' id='word_1_819' title='bbox 2062 5495 2319 5568; x_wconf 85' lang='grc' dir='ltr'><strong>μάνθανε.</strong></span> 
     </span>
    </p>
   </div>
   <div class='ocr_carea' id='block_1_117' title="bbox 2129 5585 3633 5664">
    <p class='ocr_par' dir='ltr' id='par_1_117' title="bbox 2129 5585 3633 5664">
     <span class='ocr_line' id='line_1_117' title="bbox 2129 5585 3633 5664; baseline 0.001 -27"><span class='ocrx_word' id='word_1_820' title='bbox 2129 5588 2157 5657; x_wconf 80' lang='lat'><strong>§</strong></span> <span class='ocrx_word' id='word_1_821' title='bbox 2191 5585 2251 5638; x_wconf 88' lang='lat' dir='ltr'><strong>V.</strong></span> <span class='ocrx_word' id='word_1_822' title='bbox 2299 5585 2421 5638; x_wconf 71' lang='grc' dir='ltr'><strong>Ἐπὶ</strong></span> <span class='ocrx_word' id='word_1_823' title='bbox 2453 5587 2594 5640; x_wconf 85' lang='grc' dir='ltr'><strong>τέλει</strong></span> <span class='ocrx_word' id='word_1_824' title='bbox 2630 5588 2685 5641; x_wconf 84' lang='grc' dir='ltr'><strong>δὲ</strong></span> <span class='ocrx_word' id='word_1_825' title='bbox 2713 5590 2807 5643; x_wconf 75' lang='grc' dir='ltr'><strong>καὶ</strong></span> <span class='ocrx_word' id='word_1_826' title='bbox 2836 5589 2944 5643; x_wconf 85' lang='grc' dir='ltr'><strong>τῶν</strong></span> <span class='ocrx_word' id='word_1_827' title='bbox 2982 5591 3144 5663; x_wconf 78' lang='grc' dir='ltr'><strong>ἱερῶν</strong></span> <span class='ocrx_word' id='word_1_828' title='bbox 3173 5592 3493 5664; x_wconf 82' lang='grc' dir='ltr'><strong>μυστηρίων</strong></span> <span class='ocrx_word' id='word_1_829' title='bbox 3522 5604 3633 5641; x_wconf 79' lang='grc' dir='ltr'><strong>κοι-</strong></span> 
     </span>
    </p>
   </div>
  </div>
