3730 6288
104 296 196 354 559

627 290 716 346 DE
747 288 1034 347 ECCLES.
1069 285 1465 352 IIIERARCH.,
1503 285 1656 342 CAP.
1697 284 1786 339 Vl.
1819 316 1888 327 —
1912 283 2264 340 PARAPHR.
2303 283 2767 342 PACIIYMERE.

3232 295 3340 354 550

102 414 248 466 νωνεῖ
275 411 304 464 ὁ
331 408 607 472 τελεσθεὶς
643 409 764 479 ἢδη,
787 409 869 461 ὅτι
893 407 989 460 καὶ
1023 406 1162 478 ὑπὲρ
1190 404 1289 476 τὴν
1322 404 1491 475 μέσην
1513 402 1666 468 τάξιν

1847 415 1902 454 ns
1929 400 2175 454 initiatus
2199 407 2308 463 est,
2335 400 2590 468 quoniam
2623 401 2860 456 medium
2889 399 3042 460 illum
3069 407 3338 474 ordinem,

103 507 179 576 (ἣν
219 501 585 574 θεωρητικὴν,
623 499 696 564 ὡς
731 500 956 570 θεωρεῖν
999 498 1107 551 τῶν
1147 497 1327 559 θείων,
1360 495 1526 567 φησὶ,
1562 497 1662 565 τὴν

102 595 185 650 τοῦ
219 593 367 664 ἱεροῦ
417 592 550 646 λαοῦ
595 591 814 662 δηλαδή)
869 593 900 644 ὁ
951 589 1191 653 τοιοῦτός
1253 589 1402 641 ἐστι’
1447 587 1662 659 μετέχει

102 687 198 759 γὰρ
234 686 328 739 καὶ
360 683 619 752 γνώσεως
656 683 825 754 ἱερᾶς,
870 681 966 735 καὶ
992 681 1112 734 καθ’
1136 682 1260 734 ὅσον
1284 679 1362 732 ενι
1403 680 1538 751 πρὸς
1564 681 1663 751 τὴν

104 780 370 852 ἱερατικὴν
398 779 706 848 ἐπιστήμην
743 773 1119 845 ἀφομοιοῦται.
1152 773 1242 826 Διὸ
1285 774 1379 827 καὶ
1425 774 1516 826 ἐπὶ
1555 772 1663 824 τῶν

104 869 392 942 ίερουργῶν
431 868 578 921 ἔστιν
618 869 762 930 ἰδεῖν,
790 869 870 920 ὅτι
910 866 1027 938 μεθ’
1057 867 1086 919 ὂ
1115 864 1456 936 πληρώσουσι
1485 866 1662 918 πᾶσαν

101 965 188 1032 τὴν
220 960 543 1014 ἀκολουθίαν
574 959 672 1029 τῆς
712 958 1047 1038 ἁγιαστείας,
1073 958 1129 1010 ἐν
1159 956 1300 1009 τέλει
1326 955 1433 1009 τῶν
1464 971 1666 1025 μυστη-

107 1054 219 1124 ρίων
261 1049 616 1105 κοινωνοῦσι’
652 1049 725 1120 μὴ
753 1049 933 1120 μόνον,
965 1051 1044 1102 ὅτι
1088 1049 1266 1116 πάσης
1311 1047 1461 1117 ἱερᾶς
1505 1043 1663 1115 μεθέ-

104 1145 223 1210 ξεως
251 1146 284 1214 ἡ
317 1143 429 1195 τῶν
465 1143 625 1196 θείων
658 1141 970 1213 μυστηρίων
1012 1139 1308 1211 μετάληψις
1342 1139 1457 1192 ἐστι
1483 1138 1544 1191 τὸ
1577 1155 1666 1190 κε-

105 1234 332 1304 φάλαιον,
381 1233 498 1287 ἀλλ’
546 1234 626 1286 ὅτι
676 1233 768 1286 καὶ
823 1231 995 1300 αὐτῆς
1044 1231 1144 1299 τῆς
1203 1230 1522 1300 κοινωνικῆς
1572 1231 1665 1282 καὶ

104 1321 370 1392 θειοτάτης
417 1321 629 1392 δωρεᾶς
673 1324 727 1373 αἱ
763 1321 906 1391 ἱεραὶ
961 1319 1242 1390 μετέχουσι
1281 1319 1481 1384 τάξεις,
1526 1320 1667 1374 κατὰ

101 1415 188 1485 τὴν
215 1412 505 1480 ἀναλογίαν
534 1413 632 1482 τῆς
672 1411 958 1480 ἀναγωγῆς
991 1409 1187 1463 αὐτῶν.
1219 1410 1370 1480 Ἔχει
1413 1410 1470 1463 δὲ
1510 1411 1666 1465 τοῦτο

103 1503 346 1576 διαφοράν
383 1503 523 1575 πρὸς
547 1503 607 1555 τὸ
636 1502 918 1572 πρότερον,
948 1503 1030 1553 ὅτι
1057 1503 1174 1553 ἐκεῖ
1199 1500 1366 1568 λέγει,
1389 1501 1480 1554 διὰ
1510 1501 1666 1555 τοῦτο

102 1595 196 1649 τῶν
243 1595 563 1665 μυστηρίων
608 1591 1127 1665 μεταλαμϐάνουσιν,
1149 1593 1229 1646 ὅτι
1271 1592 1428 1646 τοῦτό
1461 1595 1575 1647 ἐστι
1604 1594 1666 1647 τὸ

104 1686 382 1754 κεφάλαιον
411 1685 516 1755 τῆς
544 1685 670 1756 ὅλης
708 1682 886 1736 αὐτῶν
917 1685 1068 1755 ἱερᾶς
1096 1685 1361 1755 πράξεως,
1393 1684 1467 1749 ὡς
1497 1686 1664 1756 χωρὶς

103 1775 190 1846 τῆς
223 1775 582 1847 μεταλήψεως
612 1775 791 1844 τυχὸν,
825 1773 898 1845 μὴ
938 1768 1046 1826 οἷόν
1071 1791 1130 1825 τε
1157 1769 1292 1830 εἶναι
1319 1777 1663 1846 τελειωθῆναι

103 1868 189 1937 τὴν
218 1866 367 1939 ἱεράν
405 1867 590 1920 αὐτῶν
619 1866 834 1938 πρᾶξιν·
863 1867 1093 1920 ἐνταῦθα
1121 1869 1176 1921 δὲ
1210 1869 1376 1937 λέγει,
1397 1869 1482 1922 διὰ
1509 1868 1664 1922 τοῦτο

103 1958 188 2028 τὴν
222 1957 514 2010 κοινωνίαν
539 1955 804 2024 γίνεσθαι,
828 1956 904 2020 ὡς
934 1957 1140 2030 δωρεὰν
1164 1959 1359 2030 δηλαδὴ
1383 1957 1477 2010 τοῦ
1518 1959 1662 2030 ίεροῦ

102 2053 262 2105 αὐτῶν
289 2053 464 2106 κόπου
501 2053 597 2106 καὶ
633 2053 730 2125 τῆς
770 2053 919 2118 θείας
949 2055 1268 2126 ὑπηρεσίας.
1302 2055 1459 2110 Κατὰ
1494 2056 1665 2110 ταῦτα

103 2143 217 2211 γοῦν
253 2147 507 2198 κοινωνεῖ
548 2146 640 2198 καὶ
674 2145 702 2196 ὁ
736 2145 1005 2210 τελεσθεὶς
1051 2146 1278 2217 μοναχδς
1319 2147 1428 2199 τῶν
1462 2164 1666 2219 μυστη-

104 2231 295 2302 parum}
325 2231 800 2301 συγκεφαλαίωσιν
835 2233 972 2304 ἔχων
1002 2235 1252 2288 ἁπάντων
1279 2234 1388 2287 τῶν
1423 2236 1543 2289 καθ’
1568 2238 1666 2290 αὐ-

103 2321 180 2373 τδν
206 2322 299 2393 τὴν
348 2323 509 2394 ἱερὰν
558 2323 875 2395 μετάληψιν,
920 2325 952 2396 ἦ
988 2324 1092 2398 μὴν
1128 2326 1227 2398 τὴν
1273 2327 1420 2381 θείαν
1459 2330 1664 2401 δωρεὰν

103 2414 390 2485 δεχόμενος,
435 2416 558 2468 ἀνθ’
586 2409 661 2469 ὧν
698 2419 777 2482 είς
807 2418 1061 2489 τοιαύτην
1092 2418 1366 2473 πολιτείαν
1406 2423 1660 2494 κατέστη.

105 2503 313 2573 Συνάγει
353 2507 568 2569 τοίνυν,
618 2508 692 2571 ὡς
742 2511 796 2561 αἱ
841 2509 1052 2562 τελεταὶ
1100 2510 1364 2582 κάθαρσίς
1400 2514 1525 2575 είσι,
1569 2514 1664 2566 καὶ

105 2591 385 2662 φαηισμὸς,
418 2593 520 2645 καὶ
562 2594 867 2658 τελείωσις·
907 2598 1000 2649 καὶ
1043 2599 1099 2649 αἱ
1136 2599 1372 2671 τάξειςὴ
1418 2601 1514 2670 μὲν
1556 2601 1664 2654 τῶν

98 2677 342 2735 διακόνων
365 2684 703 2755 καθαρτικὴ,
725 2689 754 2758 ἡ
781 2687 837 2740 δέ
863 2687 972 2741 τῶν
997 2690 1185 2762 ἱερέων
1212 2694 1580 2764 φωτιστικὴ,ή
1606 2693 1663 2746 δὲ

103 2768 196 2822 τῶν
235 2772 542 2844 ἀρχιερέων
575 2774 888 2849 τελεστικήο
928 2781 1020 2833 καὶ
1046 2782 1094 2832 οἱ
1135 2781 1459 2852 τελούμενοι,
1487 2785 1534 2836 οἱ
1567 2801 1665 2837 κα-

28 2919 30 2940 I
105 2858 415 2932 θαιρόμενοι,
449 2864 533 2918 ἔτι
575 2868 669 2919 καὶ
705 2869 803 2938 τῆς
836 2871 1116 2934 κοινωνίας
1163 2873 1256 2926 καὶ
1293 2873 1393 2944 τῆς
1438 2874 1664 2945 ἐποψίας

103 2950 358 3024 ἁμέτοχοι,
387 2958 438 3008 οἱ
483 2957 897 3030 κατηχούμενοι,
924 2963 973 3014 οἱ
1004 2962 1344 3034 θεωρητικοὶ,
1368 2968 1396 3019 ὁ
1432 2965 1577 3031 λαὸς,
1611 2967 1661 3020 οἱ

1765 493 1906 545 sacri
1935 491 2144 546 scilicet
2189 492 2371 562 populi
2403 493 2583 560 (quem
2632 495 2833 548 divinis
2871 498 3144 566 mysteriis
3190 501 3339 568 aspi-

1764 581 1974 635 ciendis
2009 592 2357 636 contuentem
2397 598 2491 637 seu
2537 587 2992 654 contemplantem
3027 593 3206 660 vocat)
3238 608 3339 646 ρκ-

1765 673 1910 728 cedit
1938 691 1951 727 :
1987 689 2110 726 nam
2145 681 2201 728 et
2228 689 2400 728 sacra:
2439 677 2768 746 cognitionis
2801 682 3075 749 particeps
3100 685 3338 748 exsistit,

1764 773 1818 819 et
1849 773 2110 833 quantum
2151 763 2233 818 fas
2259 775 2360 824 est.
2399 766 2462 817 ad
2504 770 2894 824 sacerdotalem
2933 772 3218 830 scientiam
3253 793 3342 836 3c-

1765 857 1931 912 cedit.
1978 855 2325 927 Quapropter
2349 857 2596 912 videmus
2624 861 2792 915 etiam
2833 863 2884 916 in
2925 866 3100 920 sacris
3133 868 3342 924 ordini-

1764 951 1895 1011 bus,
1942 951 2044 1004 sub
2077 951 2238 1004 tinem
2291 951 2602 1022 eorttrndem
2649 954 3010 1011 sanctissima:
3049 973 3341 1014 consecra-

1767 1040 1934 1094 tionis
1965 1040 2402 1094 communionem
2433 1055 2649 1108 quoque
2681 1043 2840 1107 tradi,
2879 1060 2985 1098 non
3019 1047 3226 1104 idcirco
3254 1065 3341 1103 so-

1766 1132 1875 1186 lum
1952 1133 2096 1202 quod
2157 1134 2463 1187 divinorum
2511 1137 2787 1205 perceptio
2837 1142 3219 1209 mysteriorum
3269 1145 3342 1198 sit

1768 1240 1980 1278 summa
2019 1225 2264 1295 quaedam
2307 1223 2596 1293 cujuslibet
2643 1228 2997 1286 hierarchieaz
3043 1235 3338 1304 participao

1770 1317 1951 1377 tionis,
1977 1331 2163 1371 verum
2206 1317 2373 1370 etiam
2420 1326 2477 1370 ut
2515 1317 2672 1388 261
2719 1320 2860 1374 sacri
2906 1324 3125 1379 ordines
3169 1325 3339 1395 ipsius

1768 1409 1908 1476 quod
1949 1408 2382 1462 communicatur
2422 1408 2750 1464 divinissimi
2788 1415 3029 1468 muneris
3057 1431 3154 1484 pro
3181 1429 3340 1487 captu

1767 1515 1868 1556 suo
1913 1503 2209 1572 participes
2255 1501 2548 1565 exsistant,
2593 1503 2660 1556 ad
2697 1505 2780 1558 sui
2810 1506 2877 1559 ad
2913 1523 3105 1578 supera
3152 1517 3342 1565 tradu-

1766 1593 2025 1648 ctionem.
2071 1592 2128 1646 In
2175 1593 2279 1648 hoc
2308 1591 2514 1648 autem'
2538 1593 2723 1648 dili'ert
2758 1613 2786 1649 a
2822 1598 3030 1665 priori,
3063 1603 3207 1671 quod
3258 1603 3342 1656 id-

1767 1671 1915 1739 circo
1959 1685 2103 1738 dicat
2140 1699 2235 1740 eos
2265 1686 2438 1740 sacris
2475 1686 2558 1741 his
2590 1689 2864 1758 mysteriis
2909 1695 3340 1758 communicare.

1766 1795 1830 1834 eo
1867 1781 2007 1848 quod
2052 1781 2164 1834 haec
2197 1796 2409 1834 summa
2453 1783 2562 1837 sint
2595 1785 2861 1840 universa:
2893 1787 3134 1856 ipsorum
3171 1804 3344 1844 sacrm

1767 1870 2080 1936 functionis,
2112 1870 2185 1924 ita
2217 1879 2278 1924 ut
2307 1871 2425 1926 sine
2453 1886 2608 1927 sacra
2657 1874 2762 1928 ista
2796 1879 3186 1932 communione
3223 1880 3340 1934 illo.

1767 1972 1883 2010 rum
1934 1955 2144 2012 functio
2177 1967 2412 2026 nequeat
2455 1964 2859 2028 consummari;
2896 1965 2986 2020 hic
3017 1976 3198 2022 autem
3239 1973 3340 2036 ait,

1763 2049 2195 2104 communionem
2244 2049 2576 2120 frequentari
2629 2068 2725 2122 per
2777 2057 2992 2111 modum
3057 2074 3338 2126 munem,

1764 2140 2017 2196 videlicet
2062 2143 2206 2195 sacri
2237 2141 2442 2197 laboris
2487 2159 2678 2198 eorum
2713 2161 2778 2202 ac
2806 2148 3006 2203 divina:
3037 2152 3336 2210 servitutis.

1765 2232 2073 2286 Secundum
2123 2234 2235 2288 hanc
2284 2236 2468 2305 itaque
2513 2239 2815 2294 monachus
2849 2243 2941 2310 qui
2978 2255 3339 2302 consecratus

1763 2333 1867 2389 est,
1904 2325 2102 2381 divinis
2147 2326 2253 2381 illis
2285 2330 2557 2398 mysteriis
2600 2333 2997 2398 communicat,
3025 2335 3108 2391 vel
3157 2348 3215 2392 ut
3250 2353 3340 2393 sa-

1767 2433 1915 2472 cram
1950 2421 2392 2474 communionem
2427 2421 2628 2476 habeat
2661 2437 2757 2491 per
2789 2429 3005 2480 modum
3051 2432 3336 2486 summarii

1763 2514 2001 2567 omnium
2035 2516 2101 2569 ad
2147 2531 2206 2571 se
2245 2518 2635 2586 spectantium,
2665 2517 2748 2572 vel
2782 2534 2879 2588 per
2913 2521 3134 2575 modum
3165 2521 3334 2576 divini

1764 2605 1890 2660 doni
1935 2609 2232 2677 percipiat,
2278 2624 2343 2664 eo
2389 2611 2532 2678 quod
2571 2611 2874 2667 istiusmodi
2911 2615 3120 2669 vivendi
3169 2619 3338 2671 ratio-

1765 2715 1889 2754 nem
1919 2701 1989 2755 sit
2032 2702 2338 2770 amplexus.
2386 2702 2679 2758 Concludit
2709 2705 2916 2773 itaque,
2946 2709 3220 2774 quomodo
3249 2724 3341 2760 sa-

1764 2806 1870 2846 cra:
1915 2792 2251 2846 cmremoniae
2295 2792 2406 2847 sint
2454 2795 2726 2862 expiatio,
2774 2807 2828 2851 et
2879 2797 3235 2861 illuminatio,
3281 2809 3337 2854 et

1765 2884 2048 2954 perfectio,
2071 2893 2127 2940 et
2155 2885 2416 2950 ordines;
2451 2901 2515 2940 ac
2558 2888 2914 2942 diaconorum
2943 2891 3163 2956 quidem
3202 2893 3337 2944 ordo

1764 2975 1835 3029 sit
1851 2975 2214 3044 expiatorios;
2239 2980 2580 3032 sacerdotum
2602 2995 2729 3034 vero
2753 2981 3192 3045 illuminatorius.
3221 2986 3336 3051 epi-

103 3043 486 3116 τετελεσμένοι,
521 3049 571 3101 οἱ
611 3053 828 3122 μοναχοί
847 3069 860 3082 ·
890 3053 1031 3107 οὕτω
1065 3053 1172 3126 γὰρ
1195 3057 1226 3127 ἡ
1253 3055 1374 3140 καθ’
1402 3059 1546 3128 ἡμᾶς
1589 3060 1663 3112 ίε-

1847 3043 2048 3134 iporum
2085 3079 2264 3121 autem
2303 3067 2665 3138 perfectivus;
2695 3079 2751 3126 et
2777 3070 3090 3143 τελούμενοι
3119 3076 3228 3128 sint
3255 3076 3333 3130 illi

110 3137 288 3205 ραρχία
309 3143 377 3210 τῇ
416 3141 653 3212 οὐρανία
681 3145 928 3216 ὁμοειδής
961 3147 1096 3209 ἐστι,
1123 3137 1263 3200 κατά
1289 3148 1387 3212 τὰς
1410 3152 1664 3217 τοιαύτας

105 3229 340 3295 τριάδας,
364 3232 444 3295 ὡς
489 3233 548 3284 ἐν
583 3232 884 3306 ἀνθρώποις
924 3237 1277 3302 ἀποσώζουσα
1311 3243 1662 3314 χαρακτῆράς

106 3327 238 3379 τινας
269 3319 368 3390 τῆς
394 3322 581 3374 ἐκεῖσε
619 3322 922 3392 θεοειδείας.

1768 3157 1858 3226 qui
1888 3157 2176 3226 expiantur
2214 3175 2229 3212 :
2265 3170 2464 3229 praeter
2504 3175 2639 3230 quos
2668 3163 2831 3216 etiam
2864 3165 3032 3218 divini
3083 3179 3336 3234 asliectus

1766 3257 1824 3302 et
1872 3250 2270 3306 communionis
2314 3262 2559 3308 exsortes
2607 3263 2734 3310 sunt
2774 3258 3189 3326 catechumeni;
3243 3261 3334 3329 qui

1765 3353 1895 3393 vero
1919 3356 2196 3396 sacrorum
2231 3355 2448 3412 aspectu
2481 3343 2752 3410 fruuntur,
2779 3360 2904 3403 sunt
2935 3353 3182 3421 pepulus,
3217 3370 3337 3422 pcr-

100 3406 212 3462 feeti
257 3421 384 3466 sunt
437 3417 735 3471 monachi:
769 3420 848 3473 sic
891 3419 1033 3474 enim
1083 3421 1394 3480 bierarcltia
1443 3438 1658 3497 nostra,
1711 3434 2013 3487 secundum
2075 3435 2381 3491 istiusmodi
2431 3441 2745 3507 terniones,
2795 3444 2998 3499 cwlesti
3045 3445 3337 3503 conformis

104 3509 196 3565 est,
220 3513 492 3569 quantmn
538 3504 591 3558 in
625 3507 935 3565 hominibus
985 3511 1098 3567 fieri
1129 3524 1325 3582 potest,
1372 3518 1663 3576 deiformes
1689 3524 1952 3592 quasdam
1981 3535 2134 3580 notas
2161 3543 2512 3584 conservans.

154 3591 183 3661 ,ᾗ
209 3594 291 3648 Vl.
345 3595 492 3647 Ἀλλ’
527 3597 720 3662 εἴποις,
759 3601 860 3666 ὅτι,
895 3601 1016 3656 ἐπεὶ
1052 3605 1189 3676 πρὸς
1216 3607 1430 3679 ἐκείνην
1458 3610 1557 3682 τὴν
1596 3614 1671 3664 ίε-

103 3686 372 3758 ραρχίανή
420 3690 674 3762 ἡμετέρα
705 3693 1083 3760 ἀπευθύνεται,
1128 3695 1351 3766 ὤφειλον
1395 3698 1528 3756 εἶναι
1570 3705 1669 3756 κὰ-

99 3779 231 3829 κεῐσε
259 3781 311 3831 αί
340 3780 741 3852 καθαιρόμεναι
767 3785 950 3851 τάξεις
968 3803 980 3816 ·
1009 3785 1124 3839 ἀλλ’
1148 3790 1246 3842 οὐκ
1283 3791 1417 3844 είσίν
1436 3808 1449 3821 ·
1473 3794 1532 3844 ού
1557 3794 1664 3866 γὰρ

97 3864 296 3937 θεμιτὸν
322 3873 507 3924 εἰπεῖν
530 3872 628 3944 τὴν
653 3875 903 3946 οὐρανίαν
925 3875 1277 3954 διακόσμησιν
1300 3881 1485 3954 ἐναγῆ.
1523 3864 1664 3952 Ἐγῶ

97 3953 145 4007 δὲ
170 3960 297 4029 πρὸς
323 3963 459 4024 τοὺς
487 3961 758 4028 τοιούτους
778 3966 966 4034 λόγους
990 3947 1252 4041 ὁμόλογῶ,
1277 3947 1536 4043 πάναγνοι
1555 3947 1662 4048 γάρ

99 4048 190 4101 εἰσι
228 4053 318 4104 καὶ
359 4052 674 4123 ἀλώὸητοι·
721 4057 812 4110 καὶ
854 4061 984 4124 εἴτις
1024 4061 1183 4126 ἑάλω,
1221 4064 1452 4134 δηλονότι
1495 4069 1523 4120 ὁ
1557 4069 1660 4121 Σα-

98 4145 246 4207 τανᾶς
297 4148 393 4198 καὶ
440 4147 496 4198 οἱ
544 4148 672 4218 περὶ
716 4149 895 4212 αὑτὸν,
942 4153 1386 4210 ἐκπεπτώκεισαν
1434 4161 1527 4213 καὶ
1561 4160 1660 4231 τῆς

95 4233 377 4306 ἀγγελικῆς
414 4238 583 4302 εὐθὺς
605 4240 829 4305 τάξεως,
858 4245 1030 4298 καὶ-ἐν
1060 4249 1122 4317 τῇ
1158 4247 1399 4318 ἀλαμπεῖ
1427 4254 1662 4324 μεμενή-

98 4341 268 4380 κεισαν
293 4329 529 4383 πτώσει.
560 4333 773 4404 Ἕτεροι
794 4335 850 4388 δὲ
879 4339 1003 4401 τοὺς
1040 4338 1260 4409 χρόνους
1285 4339 1379 4394 τοῦ
1411 4359 1469 4395 τε
1498 4343 1662 4416 ὑπερ-
1695 4338 1738 4396 Ι)

98 4420 393 4474 συντελικοῦ
425 4421 528 4475 τοῦ
555 4423 901 4491 ἀπεπτώκει,
927 4429 1020 4481 καὶ
1047 4428 1140 4482 τοῦ
1171 4433 1539 4502 παρατατικοῦ
1563 4435 1658 4489 τοῦ

97 4505 342 4578 ἐφέρετο,
377 4513 807 4583 κυριολεκτικῶς
834 4519 1203 4591 ἐκλαϐόμενοι,
1230 4524 1323 4577 καὶ
1346 4524 1406 4578 τὸ
1426 4528 1507 4582 ἄν
1532 4526 1662 4594 ἔξω·

99 4597 177 4650 θεν
193 4604 462 4668 νοοῦντες,
475 4604 650 4670 οὕτως
670 4605 984 4679 ἐξηγοῦνται
1002 4611 1102 4682 τὴν
1121 4613 1214 4666 τοῦ
1239 4616 1400 4688 ῥητοῦ
1421 4618 1658 4686 ἄγνοιαν,

100 4693 180 4774 καὶ
206 4695 342 4763 μετὰ
379 4696 582 4759 ταῦτα,
612 4698 746 4768 πρὸς
783 4699 941 4754 τοῦτο
967 4703 1064 4774 τὴν
1102 4704 1233 4760 ίδίαν
1267 4706 1522 4780 ἐξήγησιν
1544 4711 1662 4762 ἐπι-

101 4772 356 4853 φέρουσιν.
385 4789 453 4840 Ei
479 4789 594 4857 γάρ
625 4805 728 4853 τις,
763 4794 945 4862 φησιν,
971 4772 1132 4857 ἑάλω,
1176 4772 1561 4852 ἀποπεπτωκει
1594 4799 1660 4853 ἂν

100 4879 181 4930 καὶ
203 4879 428 4951 ἐφέρετο
467 4880 552 4942 είς
587 4880 686 4951 τὴν
727 4882 950 4954 ἀλαμπῆ
988 4887 1209 4953 πτῶσιν,
1254 4892 1468 4957 ὡσανεὶ,
1506 4873 1692 4962 φασὶ..

101 4963 255 5035 λέγων
273 4987 287 5000 ·
318 4971 444 5024 Ὀτι
472 4970 529 5022 εἴ
550 4987 632 5034 τις
660 4972 833 5045 ἁλοίη,
869 4977 926 5028 ού
968 4978 1230 5050 κάθαρσιν
1257 4982 1500 5049 δέξεται,
1527 4985 1663 5039 ἀλλὰ

104 5059 222 5129 πρὸς
251 5064 351 5133 τὴν
384 5063 597 5117 πτῶσιν
623 5065 1067 5139 ἀπενεχθήσεται,
1100 5071 1282 5137 καθὼς
1308 5077 1399 5128 καὶ
1433 5077 1524 5128 ἐπὶ
1565 5077 1659 5130 τοῦ

106 5151 262 5208 Σατᾶν
301 5156 552 5225 γέγονεν,
579 5156 656 5219 ὡς
690 5160 987 5228 πεφυκότος
1014 5163 1173 5232 τυχὸν
1204 5164 1449 5232 γενέσθαι
1490 5166 1663 5220 τοιού-

107 5255 186 5293 του
206 5245 366 5307 τινός.
397 5245 559 5298 Οὕτω
594 5245 689 5318 τὴν
714 5246 919 5302 ἔννοιαν
947 5251 1312 5324 ἐκλαϐόμενοι,
1345 5254 1662 5326 ἐξηγοῦνται

108 5326 369 5397 λέγοντεςο
416 5333 560 5386 Ἀλλ’
595 5336 767 5401 οὐδεὶς
804 5339 979 5392 αὐτῶν
1013 5343 1150 5411 μετὰ
1188 5343 1284 5414 τὴν
1324 5345 1430 5397 τῶν
1472 5347 1662 5419 δαιμό-

109 5434 200 5472 νων
238 5424 561 5478 ἀπόπτωσιν
608 5425 748 5480 ἐάλω
795 5431 957 5483 ἐιισ-ιέ⁸
1006 5431 1162 5486 τοῦτο
1201 5435 1309 5506 γὰρ
1345 5438 1465 5490 ούδέ
1515 5441 1664 5513 παρὰ

109 5511 192 5600 ἰῆς
228 5516 375 5580 θείας
412 5518 636 5589 Γραφῆς
674 5518 934 5590 ἔγνωμεν,
973 5523 1091 5577 οὐδέ
1127 5545 1210 5590 τις
1249 5528 1354 5582 τῶν
1395 5511 1663 5600 θεοσόιρων

111 5594 347 5672 Πατέρων
374 5605 620 5677 εἴρηκεν.
653 5606 806 5678 Οβτω
838 5609 894 5661 δὲ
922 5614 949 5664 ὁ
976 5612 1147 5680 ἅγιος,
1179 5618 1328 5686 φασὶ,
1366 5619 1508 5674 κατὰ
1537 5594 1665 5691 συγ-

1847 3613 1874 3685 §
1910 3615 1995 3673 Vl.
2040 3618 2147 3673 Sed
2198 3622 2461 3690 objicies,
2507 3625 2650 3693 quod
2694 3643 2815 3682 cum
2877 3627 2991 3684 lucc
3036 3641 3220 3686 nostra
3267 3634 3363 3686 ad

1764 3703 2132 3764 hierarchiam
2184 3713 2344 3766 istam
2378 3728 2762 3785 componatur,
2799 3719 2998 3774 debere
3045 3723 3208 3776 etiam
3260 3725 3333 3778 ibi

1761 3814 1882 3854 esse
1907 3801 2128 3856 ordines
2171 3805 2477 3872 expiantes,
2516 3809 2606 3876 qui
2655 3811 2843 3880 utique
2883 3826 2987 3864 non
3022 3825 3189 3866 sunt:
3227 3830 3335 3868 ne-

1765 3906 1871 3961 que
1893 3893 2037 3946 enim
2072 3894 2153 3949 fas
2181 3895 2254 3950 sit
2295 3899 2478 3953 dicere
2503 3900 2778 3955 caelestem
2815 3904 3180 3960 hierarchiam
3208 3924 3331 3964 esse

1765 3983 1954 4036 sceleri
1994 3985 2304 4042 obnoxiam.
2354 3989 2465 4058 Ego
2511 3992 2726 4060 quidem
2763 3993 3067 4051 istiusmodi
3125 4014 3335 4055 sermo-

1767 4071 1924 4128 nibus
1964 4077 2251 4141 assentior,
2291 4082 2546 4148 quoniam
2581 4084 2803 4139 omnino
2835 4087 2952 4155 puri
3001 4102 3129 4146 sunt
3167 4106 3222 4150 et
3253 4097 3335 4150 in-

1769 4166 2042 4233 temerati;
2078 4178 2131 4222 et
2158 4170 2204 4224 si
2237 4171 2350 4240 qui,
2395 4173 2651 4229 nimirum
2681 4179 2911 4236 Satanas
2939 4192 2995 4236 et
3022 4188 3158 4240 socii
3191 4189 3332 4258 ejus,

1766 4259 2034 4326 pravitate
2073 4263 2220 4331 capti
2255 4273 2400 4329 sunt,
2434 4266 2510 4320 illi
2552 4270 2620 4324 ab
2650 4271 2843 4328 ordine
2889 4278 3136 4346 angelico
3178 4285 3333 4338 exci-

1765 4350 1982 4418 derunt,
2008 4361 2061 4406 et
2094 4353 2148 4406 in
2179 4363 2320 4411 tetro
2347 4355 2500 4427 lapsu
2542 4375 2978 4428 permanserunt.
3004 4370 3112 4426 Alii
3149 4382 3333 4430 autem

1763 4447 2002 4508 tempora
2039 4447 2297 4510 praeteriti
2328 4447 2609 4518 plusquam
2643 4455 2870 4522 perfecti
2913 4461 3090 4526 verbi,
3119 4465 3329 4518 excide-

1764 4539 1867 4594 rat,
1887 4538 1941 4583 et
1959 4532 2282 4604 imperfecti,
2303 4539 2591 4608 ferebamr,
2618 4543 2670 4597 in
2695 4547 2908 4616 prOpria
2933 4550 3334 4620 significatione

1764 4622 2110 4690 accipientes,
2140 4639 2300 4697 atque
2335 4632 2458 4686 illud
2477 4633 2555 4686 ἄν
2579 4635 2776 4700 ἔξωθεν
2799 4643 3166 4712 expendentes
3190 4650 3230 4709 ·,
3253 4641 3334 4702 sic

1765 4714 2193 4783 interpretantur
2232 4720 2358 4775 dicti
2389 4723 2549 4788 hujus
2579 4726 2963 4798 ignorantiam,
3010 4744 3064 4788 et
3108 4736 3176 4788 ad
3211 4737 3330 4792 lucc

1763 4806 1955 4861 deinde
2005 4811 2276 4878 propriam
2309 4829 2462 4868 suam
2499 4815 2739 4872 inferunt
2785 4823 3233 4890 explicationem.
3267 4830 3324 4883 Si

1762 4898 1885 4965 quis
1914 4900 2079 4964 enim,
2113 4902 2302 4970 inquit,
2334 4906 2597 4974 pravitate
2631 4921 2821 4979 captus
2850 4914 3146 4979 exciderat,
3175 4931 3228 4971 et
3261 4922 3328 4976 ad

1763 4992 2048 5044 obscuram
2078 4994 2284 5050 ruinam
2318 4996 2615 5066 ferebatur;
2652 5017 2716 5055 ac
2742 5005 2810 5066 si,
2842 5005 3111 5074 inquiunt,
3142 5009 3324 5066 dicat:

1766 5077 1824 5132 Si
1855 5083 1978 5151 quis
2006 5083 2141 5140 vitio
2167 5097 2355 5156 captus
2381 5088 2472 5156 sit,
2510 5104 2614 5146 non
2644 5093 2894 5149 admittet
2938 5098 3324 5166 expiationem,

1764 5173 1860 5226 sed
1887 5173 1950 5226 ad
1979 5175 2186 5230 ruinam
2222 5179 2536 5246 adducetur,
2565 5185 2706 5238 sicut
2751 5187 2804 5240 in
2834 5189 3038 5244 Satana
3067 5195 3325 5265 contigit;

1763 5265 1921 5331 quasi
1957 5280 2086 5320 vero
2114 5268 2234 5323 talis
2259 5269 2455 5339 aliquis
2475 5273 2589 5342 jam
2622 5277 2737 5330 dari
2773 5281 2960 5348 possit.
2996 5281 3108 5337 Hoc
3145 5273 3330 5353 itaque

1765 5370 1923 5410 sensu
1969 5358 2018 5412 id
2067 5361 2394 5430 accipientes
2429 5363 2877 5434 interpretantur,
2908 5374 3192 5429 dicentes:
3227 5377 3329 5432 Ve-

1768 5462 1881 5500 rqu
1931 5451 2104 5506 nullus
2149 5468 2331 5506 eorum
2373 5463 2492 5524 [10:1
2535 5459 2838 5515 daemonum
2884 5465 3046 5536 262
3091 5467 3326 5537 lapsum,

1765 5541 1894 5592 vitio
1925 5557 2005 5608 cat
2031 5552 2113 5595 tus
2142 5555 2223 5598 est
2275 5563 2507 5616 unquam
2542 5569 2554 5604 :
2597 5553 2693 5606 hoc
2739 5557 2881 5608 enim
2917 5574 3094 5626 neque
3132 5577 3197 5616 ex
3245 5562 3330 5615 di-

1767 5626 1890 5677 vina
1932 5629 2207 5698 Scriptum
2236 5637 2605 5705 Cognnvinzus,
2647 5657 2817 5712 neque
2849 5647 3131 5718 quisquam
3167 5667 3197 5706 e
3229 5650 3330 5705 ιά-

166 5701 181 5716 ⁰
207 5695 426 5753 Vertere
452 5699 664 5755 mallem
693 5709 882 5770 :ntque
907 5703 972 5757 τὸ
999 5703 1066 5759 ἄν
1087 5708 1149 5762 de
1167 5725 1262 5764 suo
1283 5711 1646 5772 imaqinantes.
1673 5715 1820 5770 Entr.
1860 5695 2096 5775 Iuram...
