  <div class='ocr_page' id='page_1' title='image "/cluster/home/n/w/nwhite01/storage/ocr_20150623/3/hvd.32044014713192/284.png"; bbox 0 0 3728 6300; ppageno 0'>
   <div class='ocr_carea' id='block_1_1' title="bbox 76 327 191 383">
    <p class='ocr_par' dir='ltr' id='par_1_1' title="bbox 76 327 191 383">
     <span class='ocr_line' id='line_1_1' title="bbox 76 327 191 383; baseline -0.009 0"><span class='ocrx_word' id='word_1_1' title='bbox 76 327 191 383; x_wconf 78' lang='lat'><strong>553</strong></span> 
     </span>
    </p>
   </div>
   <div class='ocr_carea' id='block_1_2' title="bbox 1156 328 2329 393">
    <p class='ocr_par' dir='ltr' id='par_1_2' title="bbox 1156 328 2329 393">
     <span class='ocr_line' id='line_1_2' title="bbox 1156 328 2329 393; baseline 0.005 -14"><span class='ocrx_word' id='word_1_2' title='bbox 1156 330 1244 379; x_wconf 75' lang='lat' dir='ltr'><strong>DE</strong></span> <span class='ocrx_word' id='word_1_3' title='bbox 1277 328 1557 381; x_wconf 54' lang='lat' dir='ltr'><strong>LLULS.</strong></span> <span class='ocrx_word' id='word_1_4' title='bbox 1589 329 1992 393; x_wconf 68' lang='lat' dir='ltr'><strong>thﬂAﬂCH.,</strong></span> <span class='ocrx_word' id='word_1_5' title='bbox 2029 330 2182 385; x_wconf 78' lang='lat' dir='ltr'><strong>CAP.</strong></span> <span class='ocrx_word' id='word_1_6' title='bbox 2216 330 2329 385; x_wconf 79' lang='lat' dir='ltr'><strong>VII.</strong></span> 
     </span>
    </p>
   </div>
   <div class='ocr_carea' id='block_1_3' title="bbox 3238 332 3343 386">
    <p class='ocr_par' dir='ltr' id='par_1_3' title="bbox 3238 332 3343 386">
     <span class='ocr_line' id='line_1_3' title="bbox 3238 332 3343 386; baseline -0.01 0"><span class='ocrx_word' id='word_1_7' title='bbox 3238 332 3343 386; x_wconf 63' lang='lat'><strong>55-3</strong></span> 
     </span>
    </p>
   </div>
   <div class='ocr_carea' id='block_1_4' title="bbox 74 440 1672 515">
    <p class='ocr_par' dir='ltr' id='par_1_4' title="bbox 74 440 1672 515">
     <span class='ocr_line' id='line_1_4' title="bbox 74 440 1672 515; baseline -0.001 -18"><span class='ocrx_word' id='word_1_8' title='bbox 74 442 244 513; x_wconf 74' lang='grc' dir='ltr'>ἱερὰν</span> <span class='ocrx_word' id='word_1_9' title='bbox 288 442 580 514; x_wconf 74' lang='grc' dir='ltr'><strong>ἐσχηκότες</strong></span> <span class='ocrx_word' id='word_1_10' title='bbox 623 440 787 515; x_wconf 75' lang='grc' dir='ltr'>ζωὴν,</span> <span class='ocrx_word' id='word_1_11' title='bbox 816 444 895 507; x_wconf 88' lang='grc' dir='ltr'><strong>εἰς</strong></span> <span class='ocrx_word' id='word_1_12' title='bbox 933 442 1031 506; x_wconf 74' lang='grc' dir='ltr'>τὰς</span> <span class='ocrx_word' id='word_1_13' title='bbox 1077 441 1296 513; x_wconf 85' lang='grc' dir='ltr'>ἀληθεῖς</span> <span class='ocrx_word' id='word_1_14' title='bbox 1344 442 1672 511; x_wconf 70' lang='grc' dir='ltr'>ἐπαγγελίας</span> 
     </span>
    </p>
   </div>
   <div class='ocr_carea' id='block_1_5' title="bbox 1843 440 3341 515">
    <p class='ocr_par' dir='ltr' id='par_1_5' title="bbox 1843 446 3341 515">
     <span class='ocr_line' id='line_1_5' title="bbox 1843 446 3341 515; baseline 0.005 -19"><span class='ocrx_word' id='word_1_15' title='bbox 1843 455 1940 497; x_wconf 75' lang='lat' dir='ltr'><strong>tam</strong></span> <span class='ocrx_word' id='word_1_16' title='bbox 1998 446 2377 510; x_wconf 77' lang='lat' dir='ltr'><strong>traduxerunt,</strong></span> <span class='ocrx_word' id='word_1_17' title='bbox 2417 446 2482 498; x_wconf 89' lang='lat' dir='ltr'><strong>ad</strong></span> <span class='ocrx_word' id='word_1_18' title='bbox 2518 460 2674 499; x_wconf 85' lang='lat' dir='ltr'><strong>veras</strong></span> <span class='ocrx_word' id='word_1_19' title='bbox 2706 446 2799 500; x_wconf 89' lang='lat' dir='ltr'><strong>Dei</strong></span> <span class='ocrx_word' id='word_1_20' title='bbox 2839 447 3224 515; x_wconf 88' lang='lat' dir='ltr'><strong>protnissiuues</strong></span> <span class='ocrx_word' id='word_1_21' title='bbox 3256 453 3341 504; x_wconf 88' lang='lat' dir='ltr'><strong>in-</strong></span> 
     </span>
    </p>
   </div>
   <div class='ocr_carea' id='block_1_6' title="bbox 75 534 1667 606">
    <p class='ocr_par' dir='ltr' id='par_1_6' title="bbox 75 534 1667 606">
     <span class='ocr_line' id='line_1_6' title="bbox 75 534 1667 606; baseline 0.001 -19"><span class='ocrx_word' id='word_1_22' title='bbox 75 535 186 606; x_wconf 82' lang='grc' dir='ltr'>τῆς</span> <span class='ocrx_word' id='word_1_23' title='bbox 210 534 472 606; x_wconf 82' lang='grc' dir='ltr'>θεαρχίας</span> <span class='ocrx_word' id='word_1_24' title='bbox 495 536 956 599; x_wconf 80' lang='grc' dir='ltr'><strong>ἀποσκοποῦντες,</strong></span> <span class='ocrx_word' id='word_1_25' title='bbox 981 536 1057 598; x_wconf 89' lang='grc' dir='ltr'>ὼς</span> <span class='ocrx_word' id='word_1_26' title='bbox 1082 535 1180 605; x_wconf 77' lang='grc' dir='ltr'>τὴν</span> <span class='ocrx_word' id='word_1_27' title='bbox 1208 535 1463 606; x_wconf 80' lang='grc' dir='ltr'>ἀλήθειαν</span> <span class='ocrx_word' id='word_1_28' title='bbox 1489 535 1667 588; x_wconf 75' lang='grc' dir='ltr'>αὐτῶν</span> 
     </span>
    </p>
   </div>
   <div class='ocr_carea' id='block_1_7' title="bbox 77 623 1667 697">
    <p class='ocr_par' dir='ltr' id='par_1_7' title="bbox 77 623 1667 697">
     <span class='ocr_line' id='line_1_7' title="bbox 77 623 1667 697; baseline 0.003 -22"><span class='ocrx_word' id='word_1_29' title='bbox 77 623 141 676; x_wconf 83' lang='grc' dir='ltr'><strong>ὲν</strong></span> <span class='ocrx_word' id='word_1_30' title='bbox 166 628 237 695; x_wconf 81' lang='grc' dir='ltr'>τῇ</span> <span class='ocrx_word' id='word_1_31' title='bbox 264 625 386 678; x_wconf 83' lang='grc' dir='ltr'>καθ’</span> <span class='ocrx_word' id='word_1_32' title='bbox 412 626 581 696; x_wconf 83' lang='grc' dir='ltr'>αὐτὴν</span> <span class='ocrx_word' id='word_1_33' title='bbox 604 626 897 679; x_wconf 82' lang='grc' dir='ltr'><strong>ἀναστάσει</strong></span> <span class='ocrx_word' id='word_1_34' title='bbox 918 625 1251 696; x_wconf 79' lang='grc' dir='ltr'><strong>τεθεαμένοι,</strong></span> <span class='ocrx_word' id='word_1_35' title='bbox 1285 626 1421 697; x_wconf 83' lang='grc' dir='ltr'>μετὰ</span> <span class='ocrx_word' id='word_1_36' title='bbox 1447 625 1667 696; x_wconf 77' lang='grc' dir='ltr'>βεϐαίας</span> 
     </span>
    </p>
   </div>
   <div class='ocr_carea' id='block_1_8' title="bbox 79 715 1669 789">
    <p class='ocr_par' dir='ltr' id='par_1_8' title="bbox 79 715 1669 789">
     <span class='ocr_line' id='line_1_8' title="bbox 79 715 1669 789; baseline 0.003 -22"><span class='ocrx_word' id='word_1_37' title='bbox 79 716 180 768; x_wconf 76' lang='grc' dir='ltr'>καὶ</span> <span class='ocrx_word' id='word_1_38' title='bbox 203 715 441 787; x_wconf 77' lang='grc' dir='ltr'><strong>ἀληθοῦς</strong></span> <span class='ocrx_word' id='word_1_39' title='bbox 463 717 563 788; x_wconf 79' lang='grc' dir='ltr'>τῆς</span> <span class='ocrx_word' id='word_1_40' title='bbox 588 716 798 779; x_wconf 80' lang='grc' dir='ltr'>ἐλπίδος</span> <span class='ocrx_word' id='word_1_41' title='bbox 828 717 868 748; x_wconf 83' lang='grc'><strong>⁸⁸</strong></span> <span class='ocrx_word' id='word_1_42' title='bbox 891 717 949 769; x_wconf 81' lang='grc' dir='ltr'>ἐν</span> <span class='ocrx_word' id='word_1_43' title='bbox 972 716 1279 789; x_wconf 75' lang='grc' dir='ltr'>εὐφροσύνῃ</span> <span class='ocrx_word' id='word_1_44' title='bbox 1305 716 1422 788; x_wconf 73' lang='grc' dir='ltr'>θείᾳ</span> <span class='ocrx_word' id='word_1_45' title='bbox 1448 717 1580 788; x_wconf 79' lang='grc' dir='ltr'>πρὸς</span> <span class='ocrx_word' id='word_1_46' title='bbox 1608 719 1669 771; x_wconf 84' lang='grc' dir='ltr'><strong>τὸ</strong></span> 
     </span>
    </p>
   </div>
   <div class='ocr_carea' id='block_1_9' title="bbox 77 807 1669 880">
    <p class='ocr_par' dir='ltr' id='par_1_9' title="bbox 77 807 1669 880">
     <span class='ocr_line' id='line_1_9' title="bbox 77 807 1669 880; baseline 0.002 -21"><span class='ocrx_word' id='word_1_47' title='bbox 77 808 178 860; x_wconf 77' lang='grc' dir='ltr'><strong>τοῦ</strong></span> <span class='ocrx_word' id='word_1_48' title='bbox 230 807 461 862; x_wconf 78' lang='grc' dir='ltr'>Θανάτου</span> <span class='ocrx_word' id='word_1_49' title='bbox 509 809 683 880; x_wconf 81' lang='grc' dir='ltr'>πέρας</span> <span class='ocrx_word' id='word_1_50' title='bbox 732 808 892 872; x_wconf 79' lang='grc' dir='ltr'>ἴασιν,</span> <span class='ocrx_word' id='word_1_51' title='bbox 935 809 1124 872; x_wconf 79' lang='grc' dir='ltr'>ώςὲπί</span> <span class='ocrx_word' id='word_1_52' title='bbox 1166 810 1315 873; x_wconf 86' lang='grc' dir='ltr'>τέλος</span> <span class='ocrx_word' id='word_1_53' title='bbox 1339 810 1499 880; x_wconf 81' lang='grc' dir='ltr'>ίερῶν</span> <span class='ocrx_word' id='word_1_54' title='bbox 1525 810 1669 879; x_wconf 81' lang='grc' dir='ltr'>ἀγώ-</span> 
     </span>
    </p>
   </div>
   <div class='ocr_carea' id='block_1_10' title="bbox 79 901 1665 976">
    <p class='ocr_par' dir='ltr' id='par_1_10' title="bbox 79 901 1665 976">
     <span class='ocr_line' id='line_1_10' title="bbox 79 901 1665 976; baseline 0.001 -23"><span class='ocrx_word' id='word_1_55' title='bbox 79 918 213 963; x_wconf 88' lang='grc' dir='ltr'>νων,</span> <span class='ocrx_word' id='word_1_56' title='bbox 244 903 303 953; x_wconf 86' lang='grc' dir='ltr'>ὲν</span> <span class='ocrx_word' id='word_1_57' title='bbox 329 901 581 954; x_wconf 85' lang='grc' dir='ltr'>παντελεῖ</span> <span class='ocrx_word' id='word_1_58' title='bbox 621 903 715 956; x_wconf 75' lang='grc' dir='ltr'><strong>καὶ</strong></span> <span class='ocrx_word' id='word_1_59' title='bbox 756 902 1093 973; x_wconf 75' lang='grc' dir='ltr'>ἀτελευτήτῳ</span> <span class='ocrx_word' id='word_1_60' title='bbox 1136 903 1246 973; x_wconf 78' lang='grc' dir='ltr'><strong>ζωῇ</strong></span> <span class='ocrx_word' id='word_1_61' title='bbox 1288 905 1379 956; x_wconf 71' lang='grc' dir='ltr'><strong>καὶ</strong></span> <span class='ocrx_word' id='word_1_62' title='bbox 1404 904 1665 976; x_wconf 71' lang='grc' dir='ltr'>σωτηρίᾳ,</span> 
     </span>
    </p>
   </div>
   <div class='ocr_carea' id='block_1_11' title="bbox 78 991 1671 1065">
    <p class='ocr_par' dir='ltr' id='par_1_11' title="bbox 78 991 1671 1065">
     <span class='ocr_line' id='line_1_11' title="bbox 78 991 1671 1065; baseline 0.001 -20"><span class='ocrx_word' id='word_1_63' title='bbox 78 991 153 1045; x_wconf 69' lang='grc' dir='ltr'><strong>τὰ</strong></span> <span class='ocrx_word' id='word_1_64' title='bbox 177 995 299 1046; x_wconf 80' lang='grc' dir='ltr'>κατ’</span> <span class='ocrx_word' id='word_1_65' title='bbox 341 994 533 1057; x_wconf 76' lang='grc' dir='ltr'>αὐτοὺς</span> <span class='ocrx_word' id='word_1_66' title='bbox 578 993 793 1047; x_wconf 76' lang='grc' dir='ltr'>ἔσεσθαι</span> <span class='ocrx_word' id='word_1_67' title='bbox 839 994 1054 1057; x_wconf 83' lang='grc' dir='ltr'>πάντως</span> <span class='ocrx_word' id='word_1_68' title='bbox 1101 994 1300 1058; x_wconf 84' lang='grc' dir='ltr'>εἰδότες</span> <span class='ocrx_word' id='word_1_69' title='bbox 1321 994 1407 1047; x_wconf 83' lang='grc' dir='ltr'><strong>διά</strong></span> <span class='ocrx_word' id='word_1_70' title='bbox 1430 995 1527 1065; x_wconf 80' lang='grc' dir='ltr'>τῆς</span> <span class='ocrx_word' id='word_1_71' title='bbox 1553 997 1671 1047; x_wconf 83' lang='grc' dir='ltr'>ὲσο-</span> 
     </span>
    </p>
   </div>
   <div class='ocr_carea' id='block_1_12' title="bbox 84 1085 1669 1160">
    <p class='ocr_par' dir='ltr' id='par_1_12' title="bbox 84 1085 1669 1160">
     <span class='ocr_line' id='line_1_12' title="bbox 84 1085 1669 1160; baseline 0.001 -22"><span class='ocrx_word' id='word_1_72' title='bbox 84 1085 263 1156; x_wconf 80' lang='grc' dir='ltr'>μένης</span> <span class='ocrx_word' id='word_1_73' title='bbox 308 1086 488 1139; x_wconf 77' lang='grc' dir='ltr'>αὐτῶν</span> <span class='ocrx_word' id='word_1_74' title='bbox 528 1086 713 1156; x_wconf 79' lang='grc' dir='ltr'>ὁλικῆς</span> <span class='ocrx_word' id='word_1_75' title='bbox 757 1087 1121 1149; x_wconf 80' lang='grc' dir='ltr'>ἀναστάσεως.</span> <span class='ocrx_word' id='word_1_76' title='bbox 1148 1089 1211 1139; x_wconf 77' lang='grc' dir='ltr'>Δί</span> <span class='ocrx_word' id='word_1_77' title='bbox 1251 1088 1348 1157; x_wconf 84' lang='grc' dir='ltr'>μὲν</span> <span class='ocrx_word' id='word_1_78' title='bbox 1396 1087 1503 1159; x_wconf 89' lang='grc' dir='ltr'><strong>γάρ</strong></span> <span class='ocrx_word' id='word_1_79' title='bbox 1527 1089 1669 1160; x_wconf 70' lang='grc' dir='ltr'>ἱεραὶ</span> 
     </span>
    </p>
   </div>
   <div class='ocr_carea' id='block_1_13' title="bbox 79 1176 1670 1251">
    <p class='ocr_par' dir='ltr' id='par_1_13' title="bbox 79 1176 1670 1251">
     <span class='ocr_line' id='line_1_13' title="bbox 79 1176 1670 1251; baseline 0.003 -22"><span class='ocrx_word' id='word_1_80' title='bbox 79 1176 261 1247; x_wconf 71' lang='grc' dir='ltr'>ψυχαὶ</span> <span class='ocrx_word' id='word_1_81' title='bbox 305 1178 442 1248; x_wconf 77' lang='grc' dir='ltr'>πρὸς</span> <span class='ocrx_word' id='word_1_82' title='bbox 464 1178 563 1250; x_wconf 79' lang='grc' dir='ltr'>τὴν</span> <span class='ocrx_word' id='word_1_83' title='bbox 588 1180 679 1232; x_wconf 74' lang='grc' dir='ltr'><strong>ἐπὶ</strong></span> <span class='ocrx_word' id='word_1_84' title='bbox 702 1178 771 1234; x_wconf 82' lang='grc' dir='ltr'>τὰ</span> <span class='ocrx_word' id='word_1_85' title='bbox 795 1180 965 1250; x_wconf 90' lang='grc' dir='ltr'>χείρω</span> <span class='ocrx_word' id='word_1_86' title='bbox 994 1179 1137 1232; x_wconf 75' lang='grc' dir='ltr'>κατὰ</span> <span class='ocrx_word' id='word_1_87' title='bbox 1157 1180 1247 1232; x_wconf 84' lang='grc' dir='ltr'><strong>τὸν</strong></span> <span class='ocrx_word' id='word_1_88' title='bbox 1291 1181 1417 1250; x_wconf 76' lang='grc' dir='ltr'>τῇδε</span> <span class='ocrx_word' id='word_1_89' title='bbox 1446 1180 1559 1251; x_wconf 88' lang='grc' dir='ltr'>βίον</span> <span class='ocrx_word' id='word_1_90' title='bbox 1582 1182 1670 1233; x_wconf 86' lang='grc' dir='ltr'>δυ-</span> 
     </span>
    </p>
   </div>
   <div class='ocr_carea' id='block_1_14' title="bbox 82 1271 1670 1345">
    <p class='ocr_par' dir='ltr' id='par_1_14' title="bbox 82 1271 1670 1345">
     <span class='ocr_line' id='line_1_14' title="bbox 82 1271 1670 1345; baseline 0.003 -23"><span class='ocrx_word' id='word_1_91' title='bbox 82 1271 319 1339; x_wconf 84' lang='grc' dir='ltr'>νάμεναι</span> <span class='ocrx_word' id='word_1_92' title='bbox 365 1273 723 1325; x_wconf 83' lang='grc' dir='ltr'>καταπίπτειν</span> <span class='ocrx_word' id='word_1_93' title='bbox 766 1273 974 1343; x_wconf 83' lang='grc' dir='ltr'>τροπὴν</span> <span class='ocrx_word' id='word_1_94' title='bbox 1004 1274 1067 1336; x_wconf 81' lang='grc'>¹⁹,</span> <span class='ocrx_word' id='word_1_95' title='bbox 1108 1275 1165 1326; x_wconf 83' lang='grc' dir='ltr'><strong>ὲν</strong></span> <span class='ocrx_word' id='word_1_96' title='bbox 1190 1276 1255 1344; x_wconf 79' lang='grc' dir='ltr'>τῇ</span> <span class='ocrx_word' id='word_1_97' title='bbox 1284 1274 1670 1345; x_wconf 64' lang='grc' dir='ltr'>παλιγγενεσία</span> 
     </span>
    </p>
   </div>
   <div class='ocr_carea' id='block_1_15' title="bbox 82 1360 1666 1435">
    <p class='ocr_par' dir='ltr' id='par_1_15' title="bbox 82 1360 1666 1435">
     <span class='ocr_line' id='line_1_15' title="bbox 82 1360 1666 1435; baseline 0.004 -24"><span class='ocrx_word' id='word_1_98' title='bbox 82 1360 185 1430; x_wconf 78' lang='grc' dir='ltr'><strong>τὴν</strong></span> <span class='ocrx_word' id='word_1_99' title='bbox 214 1362 307 1414; x_wconf 72' lang='grc' dir='ltr'><strong>ἐπὶ</strong></span> <span class='ocrx_word' id='word_1_100' title='bbox 332 1362 393 1415; x_wconf 78' lang='grc' dir='ltr'>τὸ</span> <span class='ocrx_word' id='word_1_101' title='bbox 419 1363 683 1434; x_wconf 83' lang='grc' dir='ltr'>ἄτρεπτον</span> <span class='ocrx_word' id='word_1_102' title='bbox 709 1365 891 1431; x_wconf 71' lang='grc' dir='ltr'>ἕξουσι</span> <span class='ocrx_word' id='word_1_103' title='bbox 928 1364 1331 1435; x_wconf 88' lang='grc' dir='ltr'>θεοειδεστάτην</span> <span class='ocrx_word' id='word_1_104' title='bbox 1359 1366 1666 1435; x_wconf 83' lang='grc' dir='ltr'>μετάταξιν.</span> 
     </span>
    </p>
   </div>
   <div class='ocr_carea' id='block_1_16' title="bbox 83 1453 1670 1527">
    <p class='ocr_par' dir='ltr' id='par_1_16' title="bbox 83 1453 1670 1527">
     <span class='ocr_line' id='line_1_16' title="bbox 83 1453 1670 1527; baseline 0.002 -21"><span class='ocrx_word' id='word_1_105' title='bbox 83 1453 171 1506; x_wconf 84' lang='grc' dir='ltr'><strong>Τά</strong></span> <span class='ocrx_word' id='word_1_106' title='bbox 192 1454 251 1506; x_wconf 82' lang='grc' dir='ltr'><strong>δὲ</strong></span> <span class='ocrx_word' id='word_1_107' title='bbox 276 1453 490 1526; x_wconf 83' lang='grc' dir='ltr'>καθαρά</span> <span class='ocrx_word' id='word_1_108' title='bbox 510 1454 618 1507; x_wconf 89' lang='grc' dir='ltr'><strong>τῶν</strong></span> <span class='ocrx_word' id='word_1_109' title='bbox 644 1454 803 1526; x_wconf 89' lang='grc' dir='ltr'>ίερῶν</span> <span class='ocrx_word' id='word_1_110' title='bbox 845 1455 1052 1527; x_wconf 73' lang='grc' dir='ltr'>ψυχῶν,</span> <span class='ocrx_word' id='word_1_111' title='bbox 1086 1454 1327 1527; x_wconf 76' lang='grc' dir='ltr'>ὁμόζυγα</span> <span class='ocrx_word' id='word_1_112' title='bbox 1355 1457 1446 1509; x_wconf 75' lang='grc' dir='ltr'><strong>καὶ</strong></span> <span class='ocrx_word' id='word_1_113' title='bbox 1470 1457 1670 1527; x_wconf 87' lang='grc' dir='ltr'>όμοπό-</span> 
     </span>
    </p>
   </div>
   <div class='ocr_carea' id='block_1_17' title="bbox 86 1546 1671 1621">
    <p class='ocr_par' dir='ltr' id='par_1_17' title="bbox 86 1546 1671 1621">
     <span class='ocr_line' id='line_1_17' title="bbox 86 1546 1671 1621; baseline 0.002 -23"><span class='ocrx_word' id='word_1_114' title='bbox 86 1564 259 1618; x_wconf 84' lang='grc' dir='ltr'>ρευτα</span> <span class='ocrx_word' id='word_1_115' title='bbox 305 1546 529 1618; x_wconf 82' lang='grc' dir='ltr'>σώματα</span> <span class='ocrx_word' id='word_1_116' title='bbox 598 1549 1083 1621; x_wconf 82' lang='grc' dir='ltr'>συναπογραφέντα</span> <span class='ocrx_word' id='word_1_117' title='bbox 1128 1549 1220 1601; x_wconf 74' lang='grc' dir='ltr'><strong>καὶ</strong></span> <span class='ocrx_word' id='word_1_118' title='bbox 1270 1547 1671 1619; x_wconf 85' lang='grc' dir='ltr'>συναθλήσαντα</span> 
     </span>
    </p>
   </div>
   <div class='ocr_carea' id='block_1_18' title="bbox 86 1637 1669 1711">
    <p class='ocr_par' dir='ltr' id='par_1_18' title="bbox 86 1637 1669 1711">
     <span class='ocr_line' id='line_1_18' title="bbox 86 1637 1669 1711; baseline 0.001 -21"><span class='ocrx_word' id='word_1_119' title='bbox 86 1637 233 1690; x_wconf 82' lang='grc' dir='ltr'><strong>κατά</strong></span> <span class='ocrx_word' id='word_1_120' title='bbox 277 1640 403 1701; x_wconf 81' lang='grc' dir='ltr'>τοὺς</span> <span class='ocrx_word' id='word_1_121' title='bbox 452 1638 629 1701; x_wconf 83' lang='grc' dir='ltr'>θείους</span> <span class='ocrx_word' id='word_1_122' title='bbox 678 1639 857 1692; x_wconf 71' lang='grc' dir='ltr'>αὐτῶν</span> <span class='ocrx_word' id='word_1_123' title='bbox 902 1640 1152 1711; x_wconf 83' lang='grc' dir='ltr'>ἱδρῶτας,</span> <span class='ocrx_word' id='word_1_124' title='bbox 1178 1642 1233 1693; x_wconf 81' lang='grc' dir='ltr'><strong>ὲν</strong></span> <span class='ocrx_word' id='word_1_125' title='bbox 1257 1642 1323 1711; x_wconf 80' lang='grc' dir='ltr'><strong>τῇ</strong></span> <span class='ocrx_word' id='word_1_126' title='bbox 1348 1638 1456 1691; x_wconf 90' lang='grc' dir='ltr'><strong>τῶν</strong></span> <span class='ocrx_word' id='word_1_127' title='bbox 1483 1639 1669 1710; x_wconf 73' lang='grc' dir='ltr'>ψυχῶν</span> 
     </span>
    </p>
   </div>
   <div class='ocr_carea' id='block_1_19' title="bbox 84 1725 1669 1801">
    <p class='ocr_par' dir='ltr' id='par_1_19' title="bbox 84 1725 1669 1801">
     <span class='ocr_line' id='line_1_19' title="bbox 84 1725 1669 1801; baseline 0.003 -24"><span class='ocrx_word' id='word_1_128' title='bbox 84 1725 348 1796; x_wconf 77' lang='grc' dir='ltr'>ἀτρέπτῳ</span> <span class='ocrx_word' id='word_1_129' title='bbox 372 1725 511 1779; x_wconf 86' lang='grc' dir='ltr'><strong>κατά</strong></span> <span class='ocrx_word' id='word_1_130' title='bbox 532 1726 630 1796; x_wconf 83' lang='grc' dir='ltr'><strong>τὴν</strong></span> <span class='ocrx_word' id='word_1_131' title='bbox 657 1726 805 1781; x_wconf 88' lang='grc' dir='ltr'>θείαν</span> <span class='ocrx_word' id='word_1_132' title='bbox 844 1728 985 1799; x_wconf 79' lang='grc' dir='ltr'>ζωὴν</span> <span class='ocrx_word' id='word_1_133' title='bbox 1027 1729 1250 1801; x_wconf 75' lang='grc' dir='ltr'>ἱδρύσει,</span> <span class='ocrx_word' id='word_1_134' title='bbox 1300 1729 1669 1800; x_wconf 64' lang='grc' dir='ltr'>συναπολήψε-</span> 
     </span>
    </p>
   </div>
   <div class='ocr_carea' id='block_1_20' title="bbox 1774 540 3341 610">
    <p class='ocr_par' dir='ltr' id='par_1_20' title="bbox 1774 540 3341 610">
     <span class='ocr_line' id='line_1_20' title="bbox 1774 540 3341 610; baseline 0.004 -17"><span class='ocrx_word' id='word_1_135' title='bbox 1774 548 2008 602; x_wconf 88' lang='lat' dir='ltr'><strong>tuentes,</strong></span> <span class='ocrx_word' id='word_1_136' title='bbox 2056 556 2288 609; x_wconf 85' lang='lat' dir='ltr'><strong>quarum</strong></span> <span class='ocrx_word' id='word_1_137' title='bbox 2346 540 2627 594; x_wconf 81' lang='lat' dir='ltr'><strong>veritatem</strong></span> <span class='ocrx_word' id='word_1_138' title='bbox 2660 542 3132 610; x_wconf 78' lang='lat' dir='ltr'><strong>quodammodo&#39;in</strong></span> <span class='ocrx_word' id='word_1_139' title='bbox 3162 560 3341 600; x_wconf 84' lang='lat' dir='ltr'><strong>resur-</strong></span> 
     </span>
    </p>
   </div>
   <div class='ocr_carea' id='block_1_21' title="bbox 1773 631 3340 705">
    <p class='ocr_par' dir='ltr' id='par_1_21' title="bbox 1773 631 3340 705">
     <span class='ocr_line' id='line_1_21' title="bbox 1773 631 3340 705; baseline 0.005 -23"><span class='ocrx_word' id='word_1_140' title='bbox 1773 631 2021 683; x_wconf 89' lang='lat' dir='ltr'><strong>rectione</strong></span> <span class='ocrx_word' id='word_1_141' title='bbox 2047 631 2159 701; x_wconf 88' lang='lat' dir='ltr'><strong>jam</strong></span> <span class='ocrx_word' id='word_1_142' title='bbox 2187 641 2604 701; x_wconf 73' lang='lat' dir='ltr'><strong>conspexerunt,</strong></span> <span class='ocrx_word' id='word_1_143' title='bbox 2648 648 2768 686; x_wconf 91' lang='lat' dir='ltr'><strong>cum</strong></span> <span class='ocrx_word' id='word_1_144' title='bbox 2798 632 2952 687; x_wconf 82' lang='lat' dir='ltr'><strong>ﬁrma</strong></span> <span class='ocrx_word' id='word_1_145' title='bbox 2990 644 3044 688; x_wconf 90' lang='lat' dir='ltr'><strong>et</strong></span> <span class='ocrx_word' id='word_1_146' title='bbox 3070 651 3195 690; x_wconf 81' lang='lat' dir='ltr'><strong>vera</strong></span> <span class='ocrx_word' id='word_1_147' title='bbox 3224 652 3340 705; x_wconf 80' lang='lat' dir='ltr'><strong>spe,</strong></span> 
     </span>
    </p>
   </div>
   <div class='ocr_carea' id='block_1_22' title="bbox 1772 723 3343 796">
    <p class='ocr_par' dir='ltr' id='par_1_22' title="bbox 1772 723 3343 796">
     <span class='ocr_line' id='line_1_22' title="bbox 1772 723 3343 796; baseline 0.007 -23"><span class='ocrx_word' id='word_1_148' title='bbox 1772 723 2075 790; x_wconf 78' lang='lat' dir='ltr'><strong>gaudioque</strong></span> <span class='ocrx_word' id='word_1_149' title='bbox 2115 723 2299 776; x_wconf 88' lang='lat' dir='ltr'><strong>divino</strong></span> <span class='ocrx_word' id='word_1_150' title='bbox 2320 725 2385 777; x_wconf 88' lang='lat' dir='ltr'><strong>ad</strong></span> <span class='ocrx_word' id='word_1_151' title='bbox 2419 725 2609 778; x_wconf 84' lang='lat' dir='ltr'><strong>mortis</strong></span> <span class='ocrx_word' id='word_1_152' title='bbox 2645 727 2956 792; x_wconf 79' lang='lat' dir='ltr'><strong>terminum,</strong></span> <span class='ocrx_word' id='word_1_153' title='bbox 2992 736 3246 796; x_wconf 90' lang='lat' dir='ltr'><strong>tanquam</strong></span> <span class='ocrx_word' id='word_1_154' title='bbox 3276 732 3343 784; x_wconf 87' lang='lat' dir='ltr'><strong>ad</strong></span> 
     </span>
    </p>
   </div>
   <div class='ocr_carea' id='block_1_23' title="bbox 1772 812 3342 887">
    <p class='ocr_par' dir='ltr' id='par_1_23' title="bbox 1772 812 3342 887">
     <span class='ocr_line' id='line_1_23' title="bbox 1772 812 3342 887; baseline 0.007 -23"><span class='ocrx_word' id='word_1_155' title='bbox 1772 812 1933 867; x_wconf 79' lang='lat' dir='ltr'><strong>finem</strong></span> <span class='ocrx_word' id='word_1_156' title='bbox 1995 815 2358 869; x_wconf 79' lang='lat' dir='ltr'><strong>certaminum</strong></span> <span class='ocrx_word' id='word_1_157' title='bbox 2440 816 2916 883; x_wconf 81' lang='lat' dir='ltr'><strong>proﬁciscuntur;</strong></span> <span class='ocrx_word' id='word_1_158' title='bbox 2972 821 3116 887; x_wconf 88' lang='lat' dir='ltr'><strong>quod</strong></span> <span class='ocrx_word' id='word_1_159' title='bbox 3193 829 3342 875; x_wconf 90' lang='lat' dir='ltr'><strong>certo</strong></span> 
     </span>
    </p>
   </div>
   <div class='ocr_carea' id='block_1_24' title="bbox 1770 904 3342 976">
    <p class='ocr_par' dir='ltr' id='par_1_24' title="bbox 1770 904 3342 976">
     <span class='ocr_line' id='line_1_24' title="bbox 1770 904 3342 976; baseline 0.003 -17"><span class='ocrx_word' id='word_1_160' title='bbox 1770 904 1941 959; x_wconf 79' lang='lat' dir='ltr'><strong>sciant</strong></span> <span class='ocrx_word' id='word_1_161' title='bbox 1990 921 2083 959; x_wconf 88' lang='lat' dir='ltr'><strong>sua</strong></span> <span class='ocrx_word' id='word_1_162' title='bbox 2132 906 2353 971; x_wconf 84' lang='lat' dir='ltr'><strong>omnia,</strong></span> <span class='ocrx_word' id='word_1_163' title='bbox 2404 915 2624 976; x_wconf 80' lang='lat' dir='ltr'><strong>propter</strong></span> <span class='ocrx_word' id='word_1_164' title='bbox 2679 907 2913 961; x_wconf 83' lang='lat' dir='ltr'><strong>futuram</strong></span> <span class='ocrx_word' id='word_1_165' title='bbox 2959 924 3113 962; x_wconf 90' lang='lat' dir='ltr'><strong>suam</strong></span> <span class='ocrx_word' id='word_1_166' title='bbox 3163 926 3342 964; x_wconf 89' lang='lat' dir='ltr'><strong>resur-</strong></span> 
     </span>
    </p>
   </div>
   <div class='ocr_carea' id='block_1_25' title="bbox 1772 997 3343 1074">
    <p class='ocr_par' dir='ltr' id='par_1_25' title="bbox 1772 997 3343 1074">
     <span class='ocr_line' id='line_1_25' title="bbox 1772 997 3343 1074; baseline 0.004 -23"><span class='ocrx_word' id='word_1_167' title='bbox 1772 998 2093 1061; x_wconf 82' lang='lat' dir='ltr'><strong>rectionem,</strong></span> <span class='ocrx_word' id='word_1_168' title='bbox 2125 998 2177 1050; x_wconf 90' lang='lat' dir='ltr'><strong>iu</strong></span> <span class='ocrx_word' id='word_1_169' title='bbox 2212 1008 2327 1051; x_wconf 92' lang='lat' dir='ltr'><strong>tuto</strong></span> <span class='ocrx_word' id='word_1_170' title='bbox 2368 997 2485 1053; x_wconf 90' lang='lat' dir='ltr'><strong>f0re</strong></span> <span class='ocrx_word' id='word_1_171' title='bbox 2524 1000 2576 1052; x_wconf 92' lang='lat' dir='ltr'><strong>in</strong></span> <span class='ocrx_word' id='word_1_172' title='bbox 2625 1000 2712 1054; x_wconf 89' lang='lat' dir='ltr'><strong>illa</strong></span> <span class='ocrx_word' id='word_1_173' title='bbox 2762 1000 2998 1070; x_wconf 89' lang='lat' dir='ltr'><strong>perfecta</strong></span> <span class='ocrx_word' id='word_1_174' title='bbox 3036 1014 3343 1074; x_wconf 66' lang='lat' dir='ltr'><strong>mternaque</strong></span> 
     </span>
    </p>
   </div>
   <div class='ocr_carea' id='block_1_26' title="bbox 1772 1086 3340 1160">
    <p class='ocr_par' dir='ltr' id='par_1_26' title="bbox 1772 1086 3340 1160">
     <span class='ocr_line' id='line_1_26' title="bbox 1772 1086 3340 1160; baseline 0.006 -23"><span class='ocrx_word' id='word_1_175' title='bbox 1772 1086 1879 1138; x_wconf 90' lang='lat' dir='ltr'><strong>vita</strong></span> <span class='ocrx_word' id='word_1_176' title='bbox 1913 1095 1968 1139; x_wconf 92' lang='lat' dir='ltr'><strong>et</strong></span> <span class='ocrx_word' id='word_1_177' title='bbox 1995 1086 2348 1140; x_wconf 89' lang='lat' dir='ltr'><strong>beatitudine.</strong></span> <span class='ocrx_word' id='word_1_178' title='bbox 2381 1086 2509 1140; x_wconf 79' lang='lat' dir='ltr'><strong>Nam</strong></span> <span class='ocrx_word' id='word_1_179' title='bbox 2533 1101 2735 1143; x_wconf 71' lang='lat' dir='ltr'><strong>sanctae</strong></span> <span class='ocrx_word' id='word_1_180' title='bbox 2754 1092 2971 1160; x_wconf 81' lang='lat' dir='ltr'><strong>quidem</strong></span> <span class='ocrx_word' id='word_1_181' title='bbox 3002 1094 3198 1149; x_wconf 76' lang='lat' dir='ltr'><strong>anima:</strong></span> <span class='ocrx_word' id='word_1_182' title='bbox 3219 1110 3340 1148; x_wconf 89' lang='lat' dir='ltr'><strong>cum</strong></span> 
     </span>
    </p>
   </div>
   <div class='ocr_carea' id='block_1_27' title="bbox 1772 1177 3341 1255">
    <p class='ocr_par' dir='ltr' id='par_1_27' title="bbox 1772 1177 3341 1255">
     <span class='ocr_line' id='line_1_27' title="bbox 1772 1177 3341 1255; baseline 0.006 -24"><span class='ocrx_word' id='word_1_183' title='bbox 1772 1178 1827 1231; x_wconf 89' lang='lat' dir='ltr'><strong>in</strong></span> <span class='ocrx_word' id='word_1_184' title='bbox 1858 1177 1961 1231; x_wconf 90' lang='lat' dir='ltr'><strong>hac</strong></span> <span class='ocrx_word' id='word_1_185' title='bbox 2019 1179 2132 1231; x_wconf 92' lang='lat' dir='ltr'><strong>vita</strong></span> <span class='ocrx_word' id='word_1_186' title='bbox 2184 1180 2438 1249; x_wconf 76' lang='lat' dir='ltr'><strong>degentes</strong></span> <span class='ocrx_word' id='word_1_187' title='bbox 2486 1181 2665 1235; x_wconf 88' lang='lat' dir='ltr'><strong>adhuc</strong></span> <span class='ocrx_word' id='word_1_188' title='bbox 2721 1185 2953 1252; x_wconf 91' lang='lat' dir='ltr'><strong>perverti</strong></span> <span class='ocrx_word' id='word_1_189' title='bbox 3005 1189 3243 1255; x_wconf 91' lang='lat' dir='ltr'><strong>possint,</strong></span> <span class='ocrx_word' id='word_1_190' title='bbox 3290 1188 3341 1241; x_wconf 91' lang='lat' dir='ltr'><strong>in</strong></span> 
     </span>
    </p>
   </div>
   <div class='ocr_carea' id='block_1_28' title="bbox 1777 1272 3357 1349">
    <p class='ocr_par' dir='ltr' id='par_1_28' title="bbox 1777 1272 3357 1349">
     <span class='ocr_line' id='line_1_28' title="bbox 1777 1272 3357 1349; baseline 0.006 -25"><span class='ocrx_word' id='word_1_191' title='bbox 1777 1272 2195 1339; x_wconf 83' lang='lat' dir='ltr'><strong>regeneratione</strong></span> <span class='ocrx_word' id='word_1_192' title='bbox 2232 1272 2321 1325; x_wconf 90' lang='lat' dir='ltr'><strong>illa</strong></span> <span class='ocrx_word' id='word_1_193' title='bbox 2355 1273 2421 1327; x_wconf 88' lang='lat' dir='ltr'><strong>ad</strong></span> <span class='ocrx_word' id='word_1_194' title='bbox 2457 1284 2661 1328; x_wconf 91' lang='lat' dir='ltr'><strong>statum</strong></span> <span class='ocrx_word' id='word_1_195' title='bbox 2705 1277 3097 1331; x_wconf 86' lang='lat' dir='ltr'><strong>immutabilem</strong></span> <span class='ocrx_word' id='word_1_196' title='bbox 3128 1281 3357 1349; x_wconf 66' lang='lat' dir='ltr'><strong>Deoque‘</strong></span> 
     </span>
    </p>
   </div>
   <div class='ocr_carea' id='block_1_29' title="bbox 1772 1361 3345 1427">
    <p class='ocr_par' dir='ltr' id='par_1_29' title="bbox 1772 1361 3345 1427">
     <span class='ocr_line' id='line_1_29' title="bbox 1772 1361 3345 1427; baseline 0.009 -14"><span class='ocrx_word' id='word_1_197' title='bbox 1772 1361 2008 1415; x_wconf 80' lang='lat' dir='ltr'><strong>maxime</strong></span> <span class='ocrx_word' id='word_1_198' title='bbox 2054 1362 2387 1417; x_wconf 87' lang='lat' dir='ltr'><strong>conformem</strong></span> <span class='ocrx_word' id='word_1_199' title='bbox 2454 1366 2878 1424; x_wconf 89' lang='lat' dir='ltr'><strong>transferentur.</strong></span> <span class='ocrx_word' id='word_1_200' title='bbox 2929 1369 3069 1424; x_wconf 88' lang='lat' dir='ltr'><strong>Pura</strong></span> <span class='ocrx_word' id='word_1_201' title='bbox 3098 1386 3226 1426; x_wconf 88' lang='lat' dir='ltr'><strong>vero</strong></span> <span class='ocrx_word' id='word_1_202' title='bbox 3253 1373 3345 1427; x_wconf 82' lang='lat' dir='ltr'><strong>illa</strong></span> 
     </span>
    </p>
   </div>
   <div class='ocr_carea' id='block_1_30' title="bbox 1773 1457 3346 1527">
    <p class='ocr_par' dir='ltr' id='par_1_30' title="bbox 1773 1457 3346 1527">
     <span class='ocr_line' id='line_1_30' title="bbox 1773 1457 3346 1527; baseline 0.009 -23"><span class='ocrx_word' id='word_1_203' title='bbox 1773 1464 2025 1520; x_wconf 89' lang='lat' dir='ltr'><strong>corpora,</strong></span> <span class='ocrx_word' id='word_1_204' title='bbox 2070 1470 2190 1522; x_wconf 69' lang='lat' dir='ltr'><strong>qua:</strong></span> <span class='ocrx_word' id='word_1_205' title='bbox 2234 1457 2442 1509; x_wconf 79' lang='lat' dir='ltr'><strong>sanctis</strong></span> <span class='ocrx_word' id='word_1_206' title='bbox 2490 1458 2774 1512; x_wconf 84' lang='lat' dir='ltr'><strong>animabus</strong></span> <span class='ocrx_word' id='word_1_207' title='bbox 2830 1460 3077 1527; x_wconf 89' lang='lat' dir='ltr'><strong>copulata</strong></span> <span class='ocrx_word' id='word_1_208' title='bbox 3104 1479 3224 1517; x_wconf 86' lang='lat' dir='ltr'><strong>cum</strong></span> <span class='ocrx_word' id='word_1_209' title='bbox 3256 1465 3346 1517; x_wconf 85' lang='lat' dir='ltr'><strong>iis—</strong></span> 
     </span>
    </p>
   </div>
   <div class='ocr_carea' id='block_1_31' title="bbox 1773 1533 3347 1625">
    <p class='ocr_par' dir='ltr' id='par_1_31' title="bbox 1773 1533 3347 1625">
     <span class='ocr_line' id='line_1_31' title="bbox 1773 1533 3347 1625; baseline 0.009 -28"><span class='ocrx_word' id='word_1_210' title='bbox 1773 1543 1894 1597; x_wconf 89' lang='lat' dir='ltr'><strong>dem</strong></span> <span class='ocrx_word' id='word_1_211' title='bbox 1930 1544 2089 1597; x_wconf 89' lang='lat' dir='ltr'><strong>simul</strong></span> <span class='ocrx_word' id='word_1_212' title='bbox 2121 1555 2175 1599; x_wconf 90' lang='lat' dir='ltr'><strong>et</strong></span> <span class='ocrx_word' id='word_1_213' title='bbox 2208 1548 2578 1613; x_wconf 90' lang='lat' dir='ltr'><strong>ambularunt,</strong></span> <span class='ocrx_word' id='word_1_214' title='bbox 2610 1558 2663 1602; x_wconf 91' lang='lat' dir='ltr'><strong>et</strong></span> <span class='ocrx_word' id='word_1_215' title='bbox 2687 1550 2957 1621; x_wconf 87' lang='lat' dir='ltr'><strong>descripta</strong></span> <span class='ocrx_word' id='word_1_216' title='bbox 3006 1533 3347 1625; x_wconf 27' lang='lat' dir='ltr'><strong>sunt,&#39;atque</strong></span> 
     </span>
    </p>
   </div>
   <div class='ocr_carea' id='block_1_32' title="bbox 1773 1628 3343 1706">
    <p class='ocr_par' dir='ltr' id='par_1_32' title="bbox 1773 1628 3343 1706">
     <span class='ocr_line' id='line_1_32' title="bbox 1773 1628 3343 1706; baseline 0.009 -21"><span class='ocrx_word' id='word_1_217' title='bbox 1773 1647 1880 1687; x_wconf 89' lang='lat' dir='ltr'><strong>una</strong></span> <span class='ocrx_word' id='word_1_218' title='bbox 1904 1628 2203 1703; x_wconf 88' lang='lat' dir='ltr'><strong>certarunt,</strong></span> <span class='ocrx_word' id='word_1_219' title='bbox 2234 1652 2331 1706; x_wconf 89' lang='lat' dir='ltr'><strong>pro</strong></span> <span class='ocrx_word' id='word_1_220' title='bbox 2375 1638 2574 1693; x_wconf 78' lang='lat' dir='ltr'><strong>divinis</strong></span> <span class='ocrx_word' id='word_1_221' title='bbox 2602 1641 2916 1706; x_wconf 87' lang='lat' dir='ltr'><strong>sudoribus,</strong></span> <span class='ocrx_word' id='word_1_222' title='bbox 2947 1642 2999 1697; x_wconf 93' lang='lat' dir='ltr'><strong>in</strong></span> <span class='ocrx_word' id='word_1_223' title='bbox 3042 1646 3343 1699; x_wconf 89' lang='lat' dir='ltr'><strong>animarum</strong></span> 
     </span>
    </p>
   </div>
   <div class='ocr_carea' id='block_1_33' title="bbox 1772 1728 3348 1807">
    <p class='ocr_par' dir='ltr' id='par_1_33' title="bbox 1772 1728 3348 1807">
     <span class='ocr_line' id='line_1_33' title="bbox 1772 1728 3348 1807; baseline 0.008 -27"><span class='ocrx_word' id='word_1_224' title='bbox 1772 1728 2069 1781; x_wconf 90' lang='lat' dir='ltr'><strong>secundum</strong></span> <span class='ocrx_word' id='word_1_225' title='bbox 2125 1729 2359 1783; x_wconf 72' lang='lat' dir='ltr'><strong>divinam</strong></span> <span class='ocrx_word' id='word_1_226' title='bbox 2414 1731 2579 1785; x_wconf 92' lang='lat' dir='ltr'><strong>vitam</strong></span> <span class='ocrx_word' id='word_1_227' title='bbox 2654 1733 2931 1802; x_wconf 84' lang='lat' dir='ltr'><strong>ﬁrmitate,</strong></span> <span class='ocrx_word' id='word_1_228' title='bbox 2982 1738 3084 1790; x_wconf 90' lang='lat' dir='ltr'><strong>sibi</strong></span> <span class='ocrx_word' id='word_1_229' title='bbox 3135 1754 3348 1807; x_wconf 80' lang='lat' dir='ltr'><strong>quoque.</strong></span> 
     </span>
    </p>
   </div>
   <div class='ocr_carea' id='block_1_34' title="bbox 82 1818 1672 1895">
    <p class='ocr_par' dir='ltr' id='par_1_34' title="bbox 82 1818 1672 1895">
     <span class='ocr_line' id='line_1_34' title="bbox 82 1818 1672 1895; baseline 0.004 -24"><span class='ocrx_word' id='word_1_230' title='bbox 82 1836 177 1871; x_wconf 79' lang='grc' dir='ltr'><strong>ται</strong></span> <span class='ocrx_word' id='word_1_231' title='bbox 201 1818 299 1889; x_wconf 78' lang='grc' dir='ltr'>τὴν</span> <span class='ocrx_word' id='word_1_232' title='bbox 322 1819 528 1872; x_wconf 87' lang='grc' dir='ltr'>οἰκείαν</span> <span class='ocrx_word' id='word_1_233' title='bbox 568 1823 862 1877; x_wconf 77' lang='grc' dir='ltr'>ἀνάστασιν</span> <span class='ocrx_word' id='word_1_234' title='bbox 882 1840 893 1852; x_wconf 92' lang='grc'><strong>·</strong></span> <span class='ocrx_word' id='word_1_235' title='bbox 925 1823 1192 1877; x_wconf 76' lang='grc' dir='ltr'>ἑνωθέντα</span> <span class='ocrx_word' id='word_1_236' title='bbox 1217 1823 1323 1895; x_wconf 80' lang='grc' dir='ltr'>γὰρ</span> <span class='ocrx_word' id='word_1_237' title='bbox 1351 1818 1437 1887; x_wconf 73' lang='grc' dir='ltr'>αἷς</span> <span class='ocrx_word' id='word_1_238' title='bbox 1466 1824 1672 1894; x_wconf 72' lang='grc' dir='ltr'>ἦνωντο</span> 
     </span>
    </p>
   </div>
   <div class='ocr_carea' id='block_1_35' title="bbox 1843 1818 3343 1895">
    <p class='ocr_par' dir='ltr' id='par_1_35' title="bbox 1843 1822 3343 1890">
     <span class='ocr_line' id='line_1_35' title="bbox 1843 1822 3343 1890; baseline 0.006 -15"><span class='ocrx_word' id='word_1_239' title='bbox 1843 1822 2048 1890; x_wconf 86' lang='lat' dir='ltr'><strong>opriatn</strong></span> <span class='ocrx_word' id='word_1_240' title='bbox 2094 1824 2551 1880; x_wconf 88' lang='lat' dir='ltr'><strong>resurrectionem</strong></span> <span class='ocrx_word' id='word_1_241' title='bbox 2591 1828 2889 1883; x_wconf 86' lang='lat' dir='ltr'><strong>sortientur</strong></span> <span class='ocrx_word' id='word_1_242' title='bbox 2920 1853 2930 1885; x_wconf 91' lang='lat'><em>:</em></span> <span class='ocrx_word' id='word_1_243' title='bbox 2958 1833 3162 1887; x_wconf 83' lang='lat' dir='ltr'><strong>sanctis</strong></span> <span class='ocrx_word' id='word_1_244' title='bbox 3200 1834 3343 1888; x_wconf 90' lang='lat' dir='ltr'><strong>enim</strong></span> 
     </span>
    </p>
   </div>
   <div class='ocr_carea' id='block_1_36' title="bbox 85 1913 1670 1989">
    <p class='ocr_par' dir='ltr' id='par_1_36' title="bbox 85 1913 1670 1989">
     <span class='ocr_line' id='line_1_36' title="bbox 85 1913 1670 1989; baseline 0.004 -24"><span class='ocrx_word' id='word_1_245' title='bbox 85 1913 232 1966; x_wconf 84' lang='grc' dir='ltr'><strong>κατά</strong></span> <span class='ocrx_word' id='word_1_246' title='bbox 268 1914 358 1966; x_wconf 84' lang='grc' dir='ltr'><strong>τὸν</strong></span> <span class='ocrx_word' id='word_1_247' title='bbox 401 1916 525 1985; x_wconf 75' lang='grc' dir='ltr'>τῇδε</span> <span class='ocrx_word' id='word_1_248' title='bbox 574 1915 687 1986; x_wconf 86' lang='grc' dir='ltr'>βίον</span> <span class='ocrx_word' id='word_1_249' title='bbox 714 1918 884 1986; x_wconf 83' lang='grc' dir='ltr'>ίεραῖς</span> <span class='ocrx_word' id='word_1_250' title='bbox 905 1916 1101 1988; x_wconf 58' lang='grc' dir='ltr'>ψυχαῖς</span> <span class='ocrx_word' id='word_1_251' title='bbox 1122 1961 1138 1985; x_wconf 90' lang='grc'><strong>,</strong></span> <span class='ocrx_word' id='word_1_252' title='bbox 1174 1918 1249 1982; x_wconf 85' lang='grc' dir='ltr'><strong>ῶς</strong></span> <span class='ocrx_word' id='word_1_253' title='bbox 1279 1917 1411 1989; x_wconf 86' lang='grc' dir='ltr'>μέλη</span> <span class='ocrx_word' id='word_1_254' title='bbox 1437 1918 1670 1989; x_wconf 74' lang='grc' dir='ltr'>Χριστοῦ</span> 
     </span>
    </p>
   </div>
   <div class='ocr_carea' id='block_1_37' title="bbox 83 2004 1673 2080">
    <p class='ocr_par' dir='ltr' id='par_1_37' title="bbox 83 2004 1673 2080">
     <span class='ocr_line' id='line_1_37' title="bbox 83 2004 1673 2080; baseline 0.004 -25"><span class='ocrx_word' id='word_1_255' title='bbox 83 2004 372 2071; x_wconf 70' lang='grc' dir='ltr'>γεγονότα,</span> <span class='ocrx_word' id='word_1_256' title='bbox 400 2005 496 2076; x_wconf 75' lang='grc' dir='ltr'>τὴν</span> <span class='ocrx_word' id='word_1_257' title='bbox 524 2007 731 2077; x_wconf 84' lang='grc' dir='ltr'>θεοειδῆ</span> <span class='ocrx_word' id='word_1_258' title='bbox 766 2006 859 2060; x_wconf 77' lang='grc' dir='ltr'><strong>καὶ</strong></span> <span class='ocrx_word' id='word_1_259' title='bbox 903 2008 1177 2080; x_wconf 78' lang='grc' dir='ltr'>ἄφθαρτον</span> <span class='ocrx_word' id='word_1_260' title='bbox 1202 2008 1466 2061; x_wconf 86' lang='grc' dir='ltr'>ἀθάνατόν</span> <span class='ocrx_word' id='word_1_261' title='bbox 1495 2026 1552 2061; x_wconf 93' lang='grc' dir='ltr'><strong>τε</strong></span> <span class='ocrx_word' id='word_1_262' title='bbox 1580 2008 1673 2061; x_wconf 75' lang='grc' dir='ltr'><strong>καὶ</strong></span> 
     </span>
    </p>
   </div>
   <div class='ocr_carea' id='block_1_38' title="bbox 89 2094 1666 2170">
    <p class='ocr_par' dir='ltr' id='par_1_38' title="bbox 89 2094 1666 2170">
     <span class='ocr_line' id='line_1_38' title="bbox 89 2094 1666 2170; baseline 0.003 -23"><span class='ocrx_word' id='word_1_263' title='bbox 89 2096 369 2167; x_wconf 85' lang='grc' dir='ltr'>μακαρίαν</span> <span class='ocrx_word' id='word_1_264' title='bbox 420 2097 752 2169; x_wconf 74' lang='grc' dir='ltr'>ἀπολήψεται</span> <span class='ocrx_word' id='word_1_265' title='bbox 798 2098 970 2169; x_wconf 73' lang='grc' dir='ltr'>λῆξιν.</span> <span class='ocrx_word' id='word_1_266' title='bbox 1012 2102 1097 2153; x_wconf 90' lang='grc' dir='ltr'>Ἐν</span> <span class='ocrx_word' id='word_1_267' title='bbox 1138 2100 1345 2163; x_wconf 82' lang='grc' dir='ltr'>τούτοις</span> <span class='ocrx_word' id='word_1_268' title='bbox 1397 2100 1493 2170; x_wconf 86' lang='grc' dir='ltr'><strong>μὲν</strong></span> <span class='ocrx_word' id='word_1_269' title='bbox 1517 2094 1666 2169; x_wconf 75' lang='grc' dir='ltr'>οὖνὴ</span> 
     </span>
    </p>
   </div>
   <div class='ocr_carea' id='block_1_39' title="bbox 84 2188 1670 2265">
    <p class='ocr_par' dir='ltr' id='par_1_39' title="bbox 84 2188 1670 2265">
     <span class='ocr_line' id='line_1_39' title="bbox 84 2188 1670 2265; baseline 0.003 -26"><span class='ocrx_word' id='word_1_270' title='bbox 84 2188 199 2240; x_wconf 86' lang='grc' dir='ltr'><strong>τῶν</strong></span> <span class='ocrx_word' id='word_1_271' title='bbox 229 2188 390 2259; x_wconf 87' lang='grc' dir='ltr'>ἰερῶν</span> <span class='ocrx_word' id='word_1_272' title='bbox 417 2191 533 2242; x_wconf 78' lang='grc' dir='ltr'>ἐστι</span> <span class='ocrx_word' id='word_1_273' title='bbox 554 2192 831 2263; x_wconf 64' lang='grc' dir='ltr'>ικοίμησις</span> <span class='ocrx_word' id='word_1_274' title='bbox 858 2193 917 2243; x_wconf 87' lang='grc' dir='ltr'>ὲν</span> <span class='ocrx_word' id='word_1_275' title='bbox 950 2192 1257 2265; x_wconf 73' lang='grc' dir='ltr'>εὐφροσύνῃ</span> <span class='ocrx_word' id='word_1_276' title='bbox 1304 2193 1399 2245; x_wconf 74' lang='grc' dir='ltr'><strong>καὶ</strong></span> <span class='ocrx_word' id='word_1_277' title='bbox 1442 2190 1670 2245; x_wconf 76' lang='grc' dir='ltr'>ἀσαλεύ-</span> 
     </span>
    </p>
   </div>
   <div class='ocr_carea' id='block_1_40' title="bbox 82 2282 1667 2357">
    <p class='ocr_par' dir='ltr' id='par_1_40' title="bbox 82 2282 1667 2357">
     <span class='ocr_line' id='line_1_40' title="bbox 82 2282 1667 2357; baseline 0.002 -23"><span class='ocrx_word' id='word_1_278' title='bbox 82 2299 203 2347; x_wconf 83' lang='grc' dir='ltr'>τοις</span> <span class='ocrx_word' id='word_1_279' title='bbox 229 2282 463 2349; x_wconf 78' lang='grc' dir='ltr'>ἐλπίσιν,</span> <span class='ocrx_word' id='word_1_280' title='bbox 510 2285 589 2348; x_wconf 84' lang='grc' dir='ltr'><strong>εἰς</strong></span> <span class='ocrx_word' id='word_1_281' title='bbox 614 2284 675 2338; x_wconf 80' lang='grc' dir='ltr'>τὸ</span> <span class='ocrx_word' id='word_1_282' title='bbox 700 2283 807 2337; x_wconf 84' lang='grc' dir='ltr'><strong>τῶν</strong></span> <span class='ocrx_word' id='word_1_283' title='bbox 831 2284 989 2339; x_wconf 82' lang='grc' dir='ltr'>θείων</span> <span class='ocrx_word' id='word_1_284' title='bbox 1026 2285 1249 2355; x_wconf 84' lang='grc' dir='ltr'>ἀγώνων</span> <span class='ocrx_word' id='word_1_285' title='bbox 1298 2285 1667 2357; x_wconf 76' lang='grc' dir='ltr'>ἀφικνουμένη</span> 
     </span>
    </p>
   </div>
   <div class='ocr_carea' id='block_1_41' title="bbox 86 2373 287 2445">
    <p class='ocr_par' dir='ltr' id='par_1_41' title="bbox 86 2373 287 2445">
     <span class='ocr_line' id='line_1_41' title="bbox 86 2373 287 2445; baseline 0.025 -20"><span class='ocrx_word' id='word_1_286' title='bbox 86 2373 287 2445; x_wconf 83' lang='grc' dir='ltr'>πέρας.</span> 
     </span>
    </p>
   </div>
   <div class='ocr_carea' id='block_1_42' title="bbox 1776 1913 3342 1994">
    <p class='ocr_par' dir='ltr' id='par_1_42' title="bbox 1776 1913 3342 1994">
     <span class='ocr_line' id='line_1_42' title="bbox 1776 1913 3342 1994; baseline 0.008 -28"><span class='ocrx_word' id='word_1_287' title='bbox 1776 1913 2061 1967; x_wconf 89' lang='lat' dir='ltr'><strong>animabus</strong></span> <span class='ocrx_word' id='word_1_288' title='bbox 2103 1916 2398 1982; x_wconf 90' lang='lat' dir='ltr'><strong>.copulata,</strong></span> <span class='ocrx_word' id='word_1_289' title='bbox 2446 1918 2641 1985; x_wconf 85' lang='lat' dir='ltr'><strong>quibus</strong></span> <span class='ocrx_word' id='word_1_290' title='bbox 2676 1919 2727 1972; x_wconf 92' lang='lat' dir='ltr'><strong>in</strong></span> <span class='ocrx_word' id='word_1_291' title='bbox 2771 1921 2870 1975; x_wconf 86' lang='lat' dir='ltr'><strong>hac</strong></span> <span class='ocrx_word' id='word_1_292' title='bbox 2921 1924 3026 1976; x_wconf 85' lang='lat' dir='ltr'><strong>vita</strong></span> <span class='ocrx_word' id='word_1_293' title='bbox 3054 1925 3342 1994; x_wconf 74' lang='lat' dir='ltr'><strong>conjuncta</strong></span> 
     </span>
    </p>
   </div>
   <div class='ocr_carea' id='block_1_43' title="bbox 1780 2005 3342 2083">
    <p class='ocr_par' dir='ltr' id='par_1_43' title="bbox 1780 2005 3342 2083">
     <span class='ocr_line' id='line_1_43' title="bbox 1780 2005 3342 2083; baseline 0.005 -24"><span class='ocrx_word' id='word_1_294' title='bbox 1780 2005 2016 2069; x_wconf 84' lang='lat' dir='ltr'><strong>fuerant,</strong></span> <span class='ocrx_word' id='word_1_295' title='bbox 2054 2017 2111 2059; x_wconf 91' lang='lat' dir='ltr'><strong>ut</strong></span> <span class='ocrx_word' id='word_1_296' title='bbox 2160 2022 2279 2076; x_wconf 72' lang='lat' dir='ltr'><strong>qua:</strong></span> <span class='ocrx_word' id='word_1_297' title='bbox 2323 2005 2433 2075; x_wconf 89' lang='lat' dir='ltr'><strong>jam</strong></span> <span class='ocrx_word' id='word_1_298' title='bbox 2488 2008 2689 2064; x_wconf 85' lang='lat' dir='ltr'><strong>Christi</strong></span> <span class='ocrx_word' id='word_1_299' title='bbox 2745 2013 2985 2068; x_wconf 89' lang='lat' dir='ltr'><strong>membra</strong></span> <span class='ocrx_word' id='word_1_300' title='bbox 3038 2012 3179 2067; x_wconf 86' lang='lat' dir='ltr'><strong>facta</strong></span> <span class='ocrx_word' id='word_1_301' title='bbox 3212 2016 3342 2083; x_wconf 91' lang='lat' dir='ltr'><strong>sint,</strong></span> 
     </span>
    </p>
   </div>
   <div class='ocr_carea' id='block_1_44' title="bbox 1775 2096 3344 2173">
    <p class='ocr_par' dir='ltr' id='par_1_44' title="bbox 1775 2096 3344 2173">
     <span class='ocr_line' id='line_1_44' title="bbox 1775 2096 3344 2173; baseline 0.008 -24"><span class='ocrx_word' id='word_1_302' title='bbox 1775 2096 2096 2151; x_wconf 88' lang='lat' dir='ltr'><strong>deiformem</strong></span> <span class='ocrx_word' id='word_1_303' title='bbox 2126 2106 2179 2151; x_wconf 89' lang='lat' dir='ltr'><strong>et</strong></span> <span class='ocrx_word' id='word_1_304' title='bbox 2210 2098 2604 2168; x_wconf 87' lang='lat' dir='ltr'><strong>incorruptam,</strong></span> <span class='ocrx_word' id='word_1_305' title='bbox 2635 2100 2798 2173; x_wconf 60' lang='grc'><strong>264</strong></span> <span class='ocrx_word' id='word_1_306' title='bbox 2850 2115 3013 2173; x_wconf 86' lang='lat' dir='ltr'><strong>atque</strong></span> <span class='ocrx_word' id='word_1_307' title='bbox 3067 2106 3344 2161; x_wconf 86' lang='lat' dir='ltr'><strong>immorta-</strong></span> 
     </span>
    </p>
   </div>
   <div class='ocr_carea' id='block_1_45' title="bbox 1776 2185 3345 2262">
    <p class='ocr_par' dir='ltr' id='par_1_45' title="bbox 1776 2185 3345 2262">
     <span class='ocr_line' id='line_1_45' title="bbox 1776 2185 3345 2262; baseline 0.009 -23"><span class='ocrx_word' id='word_1_308' title='bbox 1776 2185 1883 2239; x_wconf 91' lang='lat' dir='ltr'><strong>lem</strong></span> <span class='ocrx_word' id='word_1_309' title='bbox 1928 2186 2253 2255; x_wconf 86' lang='lat' dir='ltr'><strong>beatamque</strong></span> <span class='ocrx_word' id='word_1_310' title='bbox 2282 2190 2518 2257; x_wconf 88' lang='lat' dir='ltr'><strong>requiem</strong></span> <span class='ocrx_word' id='word_1_311' title='bbox 2552 2203 2971 2262; x_wconf 78' lang='lat' dir='ltr'><strong>consequentur.</strong></span> <span class='ocrx_word' id='word_1_312' title='bbox 3016 2194 3154 2250; x_wconf 79' lang='lat' dir='ltr'><strong>llinc</strong></span> <span class='ocrx_word' id='word_1_313' title='bbox 3186 2198 3244 2251; x_wconf 84' lang='lat' dir='ltr'><strong>tit</strong></span> <span class='ocrx_word' id='word_1_314' title='bbox 3290 2208 3345 2253; x_wconf 82' lang='lat' dir='ltr'><strong>ut</strong></span> 
     </span>
    </p>
   </div>
   <div class='ocr_carea' id='block_1_46' title="bbox 1774 2278 3345 2359">
    <p class='ocr_par' dir='ltr' id='par_1_46' title="bbox 1774 2278 3345 2359">
     <span class='ocr_line' id='line_1_46' title="bbox 1774 2278 3345 2359; baseline 0.01 -30"><span class='ocrx_word' id='word_1_315' title='bbox 1774 2286 2087 2330; x_wconf 87' lang='lat' dir='ltr'><strong>sanctorum</strong></span> <span class='ocrx_word' id='word_1_316' title='bbox 2160 2278 2487 2334; x_wconf 90' lang='lat' dir='ltr'><strong>obdormitio</strong></span> <span class='ocrx_word' id='word_1_317' title='bbox 2547 2281 2619 2335; x_wconf 89' lang='lat' dir='ltr'><strong>sit</strong></span> <span class='ocrx_word' id='word_1_318' title='bbox 2682 2283 2733 2336; x_wconf 92' lang='lat' dir='ltr'><strong>in</strong></span> <span class='ocrx_word' id='word_1_319' title='bbox 2799 2283 2986 2339; x_wconf 78' lang='lat' dir='ltr'><strong>laetitia</strong></span> <span class='ocrx_word' id='word_1_320' title='bbox 3070 2290 3345 2359; x_wconf 84' lang='lat' dir='ltr'><strong>certiSque</strong></span> 
     </span>
    </p>
   </div>
   <div class='ocr_carea' id='block_1_47' title="bbox 1773 2368 3343 2439">
    <p class='ocr_par' dir='ltr' id='par_1_47' title="bbox 1773 2368 3343 2439">
     <span class='ocr_line' id='line_1_47' title="bbox 1773 2368 3343 2439; baseline 0.01 -17"><span class='ocrx_word' id='word_1_321' title='bbox 1773 2371 2005 2437; x_wconf 88' lang='lat' dir='ltr'><strong>spebus,</strong></span> <span class='ocrx_word' id='word_1_322' title='bbox 2065 2368 2192 2424; x_wconf 92' lang='lat' dir='ltr'><strong>dum</strong></span> <span class='ocrx_word' id='word_1_323' title='bbox 2248 2371 2312 2424; x_wconf 90' lang='lat' dir='ltr'><strong>ad</strong></span> <span class='ocrx_word' id='word_1_324' title='bbox 2372 2374 2728 2430; x_wconf 88' lang='lat' dir='ltr'><strong>certaminum</strong></span> <span class='ocrx_word' id='word_1_325' title='bbox 2805 2378 3110 2435; x_wconf 90' lang='lat' dir='ltr'><strong>divinorum</strong></span> <span class='ocrx_word' id='word_1_326' title='bbox 3182 2384 3343 2439; x_wconf 83' lang='lat' dir='ltr'><strong>linem</strong></span> 
     </span>
    </p>
   </div>
   <div class='ocr_carea' id='block_1_48' title="bbox 1774 2466 1944 2521">
    <p class='ocr_par' dir='ltr' id='par_1_48' title="bbox 1774 2466 1944 2521">
     <span class='ocr_line' id='line_1_48' title="bbox 1774 2466 1944 2521; baseline 0.012 -3"><span class='ocrx_word' id='word_1_327' title='bbox 1774 2466 1944 2521; x_wconf 77' lang='lat' dir='ltr'><strong>venit.</strong></span> 
     </span>
    </p>
   </div>
   <div class='ocr_carea' id='block_1_49' title="bbox 1658 2644 1795 2719">
    <p class='ocr_par' dir='ltr' id='par_1_49' title="bbox 1658 2644 1795 2719">
     <span class='ocr_line' id='line_1_49' title="bbox 1658 2644 1795 2719; baseline -0.007 -15"><span class='ocrx_word' id='word_1_328' title='bbox 1658 2644 1795 2719; x_wconf 68' lang='lat' dir='ltr'><strong>gn.</strong></span> 
     </span>
    </p>
   </div>
   <div class='ocr_carea' id='block_1_50' title="bbox 158 2811 1672 2886">
    <p class='ocr_par' dir='ltr' id='par_1_50' title="bbox 158 2811 1672 2886">
     <span class='ocr_line' id='line_1_50' title="bbox 158 2811 1672 2886; baseline -0.001 -21"><span class='ocrx_word' id='word_1_329' title='bbox 158 2811 286 2865; x_wconf 86' lang='grc' dir='ltr'>Τῶν</span> <span class='ocrx_word' id='word_1_330' title='bbox 331 2811 387 2866; x_wconf 75' lang='grc' dir='ltr'>δὲ</span> <span class='ocrx_word' id='word_1_331' title='bbox 434 2813 662 2885; x_wconf 85' lang='grc' dir='ltr'>ἀνιέρων</span> <span class='ocrx_word' id='word_1_332' title='bbox 706 2816 753 2867; x_wconf 92' lang='grc' dir='ltr'><strong>οἰ</strong></span> <span class='ocrx_word' id='word_1_333' title='bbox 801 2816 901 2886; x_wconf 83' lang='grc' dir='ltr'><strong>μὲν</strong></span> <span class='ocrx_word' id='word_1_334' title='bbox 951 2818 1030 2879; x_wconf 89' lang='grc' dir='ltr'><strong>εἰς</strong></span> <span class='ocrx_word' id='word_1_335' title='bbox 1076 2814 1413 2886; x_wconf 83' lang='grc' dir='ltr'>ἀνυπαρξίαν</span> <span class='ocrx_word' id='word_1_336' title='bbox 1464 2812 1672 2880; x_wconf 85' lang='grc' dir='ltr'>ἀλόγως</span> 
     </span>
    </p>
   </div>
   <div class='ocr_carea' id='block_1_51' title="bbox 82 2906 1674 2980">
    <p class='ocr_par' dir='ltr' id='par_1_51' title="bbox 82 2906 1674 2980">
     <span class='ocr_line' id='line_1_51' title="bbox 82 2906 1674 2980; baseline 0 -21"><span class='ocrx_word' id='word_1_337' title='bbox 82 2906 293 2960; x_wconf 74' lang='grc' dir='ltr'>οἴονται</span> <span class='ocrx_word' id='word_1_338' title='bbox 320 2910 535 2976; x_wconf 79' lang='grc' dir='ltr'>χωρεῖν,</span> <span class='ocrx_word' id='word_1_339' title='bbox 563 2911 611 2961; x_wconf 87' lang='grc' dir='ltr'><strong>οί</strong></span> <span class='ocrx_word' id='word_1_340' title='bbox 636 2907 691 2961; x_wconf 82' lang='grc' dir='ltr'><strong>δὲ</strong></span> <span class='ocrx_word' id='word_1_341' title='bbox 712 2908 809 2980; x_wconf 82' lang='grc' dir='ltr'>τὴν</span> <span class='ocrx_word' id='word_1_342' title='bbox 836 2909 1153 2980; x_wconf 84' lang='grc' dir='ltr'>σωματικὴν</span> <span class='ocrx_word' id='word_1_343' title='bbox 1178 2907 1410 2971; x_wconf 80' lang='grc' dir='ltr'>εἰσάπαξ</span> <span class='ocrx_word' id='word_1_344' title='bbox 1436 2908 1674 2979; x_wconf 78' lang='grc' dir='ltr'>ἀπορρή-</span> 
     </span>
    </p>
   </div>
   <div class='ocr_carea' id='block_1_52' title="bbox 85 2998 1671 3070">
    <p class='ocr_par' dir='ltr' id='par_1_52' title="bbox 85 2998 1671 3070">
     <span class='ocr_line' id='line_1_52' title="bbox 85 2998 1671 3070; baseline 0 -21"><span class='ocrx_word' id='word_1_345' title='bbox 85 2998 321 3066; x_wconf 80' lang='grc' dir='ltr'>γνυσθαι</span> <span class='ocrx_word' id='word_1_346' title='bbox 344 2998 452 3050; x_wconf 89' lang='grc' dir='ltr'><strong>τῶν</strong></span> <span class='ocrx_word' id='word_1_347' title='bbox 479 2999 693 3051; x_wconf 75' lang='grc' dir='ltr'>οἰκείων</span> <span class='ocrx_word' id='word_1_348' title='bbox 717 2998 904 3069; x_wconf 75' lang='grc' dir='ltr'>ψυχῶν</span> <span class='ocrx_word' id='word_1_349' title='bbox 928 2999 1209 3069; x_wconf 78' lang='grc' dir='ltr'>συζυγίαν,</span> <span class='ocrx_word' id='word_1_350' title='bbox 1234 2999 1307 3063; x_wconf 84' lang='grc' dir='ltr'>ὡς</span> <span class='ocrx_word' id='word_1_351' title='bbox 1328 2999 1671 3070; x_wconf 86' lang='grc' dir='ltr'>ἀνάρμοστον</span> 
     </span>
    </p>
   </div>
   <div class='ocr_carea' id='block_1_53' title="bbox 1843 2810 3346 2892">
    <p class='ocr_par' dir='ltr' id='par_1_53' title="bbox 1843 2810 3346 2892">
     <span class='ocr_line' id='line_1_53' title="bbox 1843 2810 3346 2892; baseline 0.008 -28"><span class='ocrx_word' id='word_1_352' title='bbox 1843 2810 2200 2866; x_wconf 87' lang='lat' dir='ltr'><strong>Prol‘anorum</strong></span> <span class='ocrx_word' id='word_1_353' title='bbox 2257 2821 2438 2867; x_wconf 90' lang='lat' dir='ltr'><strong>autem</strong></span> <span class='ocrx_word' id='word_1_354' title='bbox 2476 2814 2565 2867; x_wconf 86' lang='lat' dir='ltr'><strong>alii</strong></span> <span class='ocrx_word' id='word_1_355' title='bbox 2615 2816 2831 2884; x_wconf 88' lang='lat' dir='ltr'><strong>quidem</strong></span> <span class='ocrx_word' id='word_1_356' title='bbox 2869 2818 2985 2873; x_wconf 85' lang='lat' dir='ltr'><strong>sine</strong></span> <span class='ocrx_word' id='word_1_357' title='bbox 3014 2821 3225 2876; x_wconf 87' lang='lat' dir='ltr'><strong>ratione</strong></span> <span class='ocrx_word' id='word_1_358' title='bbox 3247 2838 3346 2892; x_wconf 86' lang='lat' dir='ltr'><strong>pu-</strong></span> 
     </span>
    </p>
   </div>
   <div class='ocr_carea' id='block_1_54' title="bbox 1775 2904 3343 2974">
    <p class='ocr_par' dir='ltr' id='par_1_54' title="bbox 1775 2904 3343 2974">
     <span class='ocr_line' id='line_1_54' title="bbox 1775 2904 3343 2974; baseline 0.007 -20"><span class='ocrx_word' id='word_1_359' title='bbox 1775 2910 1889 2954; x_wconf 90' lang='lat' dir='ltr'><strong>tant</strong></span> <span class='ocrx_word' id='word_1_360' title='bbox 1924 2916 2153 2971; x_wconf 89' lang='lat' dir='ltr'><strong>corpora</strong></span> <span class='ocrx_word' id='word_1_361' title='bbox 2197 2913 2380 2957; x_wconf 84' lang='lat' dir='ltr'><strong>nostra</strong></span> <span class='ocrx_word' id='word_1_362' title='bbox 2421 2906 2636 2974; x_wconf 90' lang='lat' dir='ltr'><strong>penitus</strong></span> <span class='ocrx_word' id='word_1_363' title='bbox 2668 2904 2904 2972; x_wconf 85' lang='lat' dir='ltr'><strong>aboleri;</strong></span> <span class='ocrx_word' id='word_1_364' title='bbox 2934 2907 3027 2962; x_wconf 88' lang='lat' dir='ltr'><strong>alii</strong></span> <span class='ocrx_word' id='word_1_365' title='bbox 3062 2925 3187 2965; x_wconf 86' lang='lat' dir='ltr'><strong>vero</strong></span> <span class='ocrx_word' id='word_1_366' title='bbox 3210 2926 3343 2967; x_wconf 86' lang='lat' dir='ltr'><strong>ceu-</strong></span> 
     </span>
    </p>
   </div>
   <div class='ocr_carea' id='block_1_55' title="bbox 1770 2996 3345 3067">
    <p class='ocr_par' dir='ltr' id='par_1_55' title="bbox 1770 2996 3345 3067">
     <span class='ocr_line' id='line_1_55' title="bbox 1770 2996 3345 3067; baseline 0.006 -19"><span class='ocrx_word' id='word_1_367' title='bbox 1770 3002 1893 3048; x_wconf 90' lang='lat' dir='ltr'><strong>sent</strong></span> <span class='ocrx_word' id='word_1_368' title='bbox 1940 3008 2261 3064; x_wconf 88' lang='lat' dir='ltr'><strong>corporeum</strong></span> <span class='ocrx_word' id='word_1_369' title='bbox 2301 2996 2405 3050; x_wconf 92' lang='lat' dir='ltr'><strong>hoc</strong></span> <span class='ocrx_word' id='word_1_370' title='bbox 2444 3010 2565 3049; x_wconf 89' lang='lat' dir='ltr'><strong>cum</strong></span> <span class='ocrx_word' id='word_1_371' title='bbox 2617 2998 2853 3067; x_wconf 89' lang='lat' dir='ltr'><strong>propriis</strong></span> <span class='ocrx_word' id='word_1_372' title='bbox 2903 3002 3017 3054; x_wconf 83' lang='lat' dir='ltr'><strong>suis</strong></span> <span class='ocrx_word' id='word_1_373' title='bbox 3058 3002 3345 3058; x_wconf 80' lang='lat' dir='ltr'><strong>animabus</strong></span> 
     </span>
    </p>
   </div>
   <div class='ocr_carea' id='block_1_56' title="bbox 86 3084 1672 3169">
    <p class='ocr_par' dir='ltr' id='par_1_56' title="bbox 86 3091 1666 3165">
     <span class='ocr_line' id='line_1_56' title="bbox 86 3091 1666 3165; baseline 0.001 -20"><span class='ocrx_word' id='word_1_374' title='bbox 86 3094 309 3155; x_wconf 70' lang='grc' dir='ltr'>αὐταῖς,</span> <span class='ocrx_word' id='word_1_375' title='bbox 358 3092 417 3144; x_wconf 82' lang='grc' dir='ltr'><strong>ἐν</strong></span> <span class='ocrx_word' id='word_1_376' title='bbox 464 3092 688 3157; x_wconf 85' lang='grc' dir='ltr'>θεοειδεί</span> <span class='ocrx_word' id='word_1_377' title='bbox 708 3094 752 3124; x_wconf 79' lang='grc'><strong>³⁸</strong></span> <span class='ocrx_word' id='word_1_378' title='bbox 779 3092 889 3164; x_wconf 75' lang='grc' dir='ltr'><strong>ζωῇ</strong></span> <span class='ocrx_word' id='word_1_379' title='bbox 943 3096 1035 3147; x_wconf 77' lang='grc' dir='ltr'><strong>καί</strong></span> <span class='ocrx_word' id='word_1_380' title='bbox 1082 3094 1380 3165; x_wconf 87' lang='grc' dir='ltr'>μακαρίαις</span> <span class='ocrx_word' id='word_1_381' title='bbox 1431 3091 1666 3165; x_wconf 79' lang='grc' dir='ltr'>λήξεσιν,</span> 
     </span>
    </p>
   </div>
   <div class='ocr_carea' id='block_1_57' title="bbox 1843 3084 3338 3169">
    <p class='ocr_par' dir='ltr' id='par_1_57' title="bbox 1843 3084 3338 3165">
     <span class='ocr_line' id='line_1_57' title="bbox 1843 3084 3338 3165; baseline 0.007 -27"><span class='ocrx_word' id='word_1_382' title='bbox 1843 3084 2083 3155; x_wconf 79' lang='lat' dir='ltr'><strong>njugium</strong></span> <span class='ocrx_word' id='word_1_383' title='bbox 2153 3087 2380 3156; x_wconf 89' lang='lat' dir='ltr'><strong>repudio</strong></span> <span class='ocrx_word' id='word_1_384' title='bbox 2442 3088 2608 3143; x_wconf 90' lang='lat' dir='ltr'><strong>semel</strong></span> <span class='ocrx_word' id='word_1_385' title='bbox 2659 3090 3039 3156; x_wconf 84' lang='lat' dir='ltr'><strong>dirimendum,</strong></span> <span class='ocrx_word' id='word_1_386' title='bbox 3087 3102 3338 3165; x_wconf 86' lang='lat' dir='ltr'><strong>tanquam</strong></span> 
     </span>
    </p>
   </div>
   <div class='ocr_carea' id='block_1_58' title="bbox 84 3183 1670 3257">
    <p class='ocr_par' dir='ltr' id='par_1_58' title="bbox 84 3183 1670 3257">
     <span class='ocr_line' id='line_1_58' title="bbox 84 3183 1670 3257; baseline -0.001 -20"><span class='ocrx_word' id='word_1_387' title='bbox 84 3185 190 3237; x_wconf 74' lang='grc' dir='ltr'><strong>οὐκ</strong></span> <span class='ocrx_word' id='word_1_388' title='bbox 215 3185 589 3254; x_wconf 82' lang='grc' dir='ltr'>ὲννοήσαντες,</span> <span class='ocrx_word' id='word_1_389' title='bbox 630 3185 751 3238; x_wconf 82' lang='grc' dir='ltr'>οὐδὲ</span> <span class='ocrx_word' id='word_1_390' title='bbox 778 3184 977 3248; x_wconf 80' lang='grc' dir='ltr'>ἱκανῶς</span> <span class='ocrx_word' id='word_1_391' title='bbox 1002 3187 1059 3237; x_wconf 84' lang='grc' dir='ltr'>ὲν</span> <span class='ocrx_word' id='word_1_392' title='bbox 1084 3186 1362 3257; x_wconf 76' lang='grc' dir='ltr'>ἐπιστήμῃ</span> <span class='ocrx_word' id='word_1_393' title='bbox 1390 3183 1508 3254; x_wconf 62' lang='grc' dir='ltr'>θεία</span> <span class='ocrx_word' id='word_1_394' title='bbox 1537 3202 1670 3255; x_wconf 89' lang='grc' dir='ltr'>μυη-</span> 
     </span>
    </p>
   </div>
   <div class='ocr_carea' id='block_1_59' title="bbox 85 3275 1669 3349">
    <p class='ocr_par' dir='ltr' id='par_1_59' title="bbox 85 3275 1669 3349">
     <span class='ocr_line' id='line_1_59' title="bbox 85 3275 1669 3349; baseline -0.001 -19"><span class='ocrx_word' id='word_1_395' title='bbox 85 3276 300 3340; x_wconf 82' lang='grc' dir='ltr'>θέντες,</span> <span class='ocrx_word' id='word_1_396' title='bbox 354 3276 645 3348; x_wconf 86' lang='grc' dir='ltr'>ἀρχθείσαν</span> <span class='ocrx_word' id='word_1_397' title='bbox 694 3275 792 3348; x_wconf 70' lang='grc' dir='ltr'>ἤδη</span> <span class='ocrx_word' id='word_1_398' title='bbox 841 3277 939 3349; x_wconf 84' lang='grc' dir='ltr'><strong>τὴν</strong></span> <span class='ocrx_word' id='word_1_399' title='bbox 983 3278 1105 3331; x_wconf 78' lang='grc' dir='ltr'>καθ’</span> <span class='ocrx_word' id='word_1_400' title='bbox 1151 3278 1296 3348; x_wconf 74' lang='grc' dir='ltr'>ἡμᾶς</span> <span class='ocrx_word' id='word_1_401' title='bbox 1347 3278 1405 3328; x_wconf 80' lang='grc' dir='ltr'>ὲν</span> <span class='ocrx_word' id='word_1_402' title='bbox 1450 3276 1669 3347; x_wconf 82' lang='grc' dir='ltr'>Χριστῷ</span> 
     </span>
    </p>
   </div>
   <div class='ocr_carea' id='block_1_60' title="bbox 83 3367 1673 3440">
    <p class='ocr_par' dir='ltr' id='par_1_60' title="bbox 83 3367 1673 3440">
     <span class='ocr_line' id='line_1_60' title="bbox 83 3367 1673 3440; baseline -0.003 -16"><span class='ocrx_word' id='word_1_403' title='bbox 83 3369 500 3439; x_wconf 81' lang='grc' dir='ltr'>θεοειδεστάτην</span> <span class='ocrx_word' id='word_1_404' title='bbox 526 3367 669 3440; x_wconf 80' lang='grc' dir='ltr'>ζωήν</span> <span class='ocrx_word' id='word_1_405' title='bbox 686 3368 750 3421; x_wconf 84' lang='lat'><strong>&quot;.</strong></span> <span class='ocrx_word' id='word_1_406' title='bbox 769 3368 949 3420; x_wconf 75' lang='grc' dir='ltr'>’Ἄλλοι</span> <span class='ocrx_word' id='word_1_407' title='bbox 976 3368 1031 3421; x_wconf 81' lang='grc' dir='ltr'>δὲ</span> <span class='ocrx_word' id='word_1_408' title='bbox 1058 3370 1321 3439; x_wconf 84' lang='grc' dir='ltr'>σωμάτων</span> <span class='ocrx_word' id='word_1_409' title='bbox 1346 3368 1517 3421; x_wconf 85' lang='grc' dir='ltr'>ἀλλων</span> <span class='ocrx_word' id='word_1_410' title='bbox 1544 3369 1673 3420; x_wconf 88' lang='grc' dir='ltr'>ἀπο-</span> 
     </span>
    </p>
   </div>
   <div class='ocr_carea' id='block_1_61' title="bbox 84 3459 1670 3533">
    <p class='ocr_par' dir='ltr' id='par_1_61' title="bbox 84 3459 1670 3533">
     <span class='ocr_line' id='line_1_61' title="bbox 84 3459 1670 3533; baseline -0.001 -18"><span class='ocrx_word' id='word_1_411' title='bbox 84 3463 317 3533; x_wconf 87' lang='grc' dir='ltr'>νέμουσι</span> <span class='ocrx_word' id='word_1_412' title='bbox 379 3464 498 3524; x_wconf 87' lang='grc' dir='ltr'>ταίς</span> <span class='ocrx_word' id='word_1_413' title='bbox 560 3460 759 3531; x_wconf 69' lang='grc' dir='ltr'>ψυχαῖς</span> <span class='ocrx_word' id='word_1_414' title='bbox 831 3460 1107 3529; x_wconf 71' lang='grc' dir='ltr'>συζυγίας,</span> <span class='ocrx_word' id='word_1_415' title='bbox 1176 3459 1493 3523; x_wconf 77' lang='grc' dir='ltr'>ἀδοκοῧντες</span> <span class='ocrx_word' id='word_1_416' title='bbox 1518 3462 1561 3492; x_wconf 82' lang='grc'>²²</span> <span class='ocrx_word' id='word_1_417' title='bbox 1610 3459 1670 3513; x_wconf 82' lang='grc' dir='ltr'>τὸ</span> 
     </span>
    </p>
   </div>
   <div class='ocr_carea' id='block_1_62' title="bbox 86 3546 1670 3623">
    <p class='ocr_par' dir='ltr' id='par_1_62' title="bbox 86 3546 1670 3623">
     <span class='ocr_line' id='line_1_62' title="bbox 86 3546 1670 3623; baseline 0.001 -20"><span class='ocrx_word' id='word_1_418' title='bbox 86 3552 410 3615; x_wconf 74' lang='grc' dir='ltr'>ὲπάὺτοῖς,</span> <span class='ocrx_word' id='word_1_419' title='bbox 436 3552 511 3614; x_wconf 86' lang='grc' dir='ltr'>ὡς</span> <span class='ocrx_word' id='word_1_420' title='bbox 538 3546 709 3621; x_wconf 83' lang='grc' dir='ltr'>οἶμαι,</span> <span class='ocrx_word' id='word_1_421' title='bbox 758 3551 827 3605; x_wconf 82' lang='grc' dir='ltr'>τὰ</span> <span class='ocrx_word' id='word_1_422' title='bbox 873 3555 1290 3623; x_wconf 79' lang='grc' dir='ltr'>συμπονήσαντα</span> <span class='ocrx_word' id='word_1_423' title='bbox 1334 3553 1455 3614; x_wconf 86' lang='grc' dir='ltr'>ταῖς</span> <span class='ocrx_word' id='word_1_424' title='bbox 1499 3550 1670 3614; x_wconf 86' lang='grc' dir='ltr'>θείαις</span> 
     </span>
    </p>
   </div>
   <div class='ocr_carea' id='block_1_63' title="bbox 84 3643 1669 3715">
    <p class='ocr_par' dir='ltr' id='par_1_63' title="bbox 84 3643 1669 3715">
     <span class='ocr_line' id='line_1_63' title="bbox 84 3643 1669 3715; baseline -0.001 -19"><span class='ocrx_word' id='word_1_425' title='bbox 84 3644 312 3714; x_wconf 56' lang='grc' dir='ltr'>ψυχαῖς,</span> <span class='ocrx_word' id='word_1_426' title='bbox 340 3643 559 3695; x_wconf 75' lang='grc' dir='ltr'>καὶτῶν</span> <span class='ocrx_word' id='word_1_427' title='bbox 587 3643 748 3715; x_wconf 88' lang='grc' dir='ltr'>ἰερῶν</span> <span class='ocrx_word' id='word_1_428' title='bbox 796 3644 1113 3697; x_wconf 81' lang='grc' dir='ltr'>ἀντιδόσεων</span> <span class='ocrx_word' id='word_1_429' title='bbox 1151 3645 1249 3697; x_wconf 77' lang='grc' dir='ltr'><strong>οὐκ</strong></span> <span class='ocrx_word' id='word_1_430' title='bbox 1294 3643 1506 3711; x_wconf 78' lang='grc' dir='ltr'>εὐαγῶς</span> <span class='ocrx_word' id='word_1_431' title='bbox 1533 3643 1669 3695; x_wconf 90' lang='grc' dir='ltr'>ἀπο-</span> 
     </span>
    </p>
   </div>
   <div class='ocr_carea' id='block_1_64' title="bbox 88 3734 1672 3808">
    <p class='ocr_par' dir='ltr' id='par_1_64' title="bbox 88 3734 1672 3808">
     <span class='ocr_line' id='line_1_64' title="bbox 88 3734 1672 3808; baseline 0 -20"><span class='ocrx_word' id='word_1_432' title='bbox 88 3734 411 3808; x_wconf 74' lang='grc' dir='ltr'>στεροῦντες</span> <span class='ocrx_word' id='word_1_433' title='bbox 432 3735 501 3788; x_wconf 86' lang='grc' dir='ltr'><strong>τά</strong></span> <span class='ocrx_word' id='word_1_434' title='bbox 524 3736 658 3808; x_wconf 77' lang='grc' dir='ltr'>πρὸς</span> <span class='ocrx_word' id='word_1_435' title='bbox 680 3738 740 3790; x_wconf 81' lang='grc' dir='ltr'><strong>τὸ</strong></span> <span class='ocrx_word' id='word_1_436' title='bbox 766 3736 939 3808; x_wconf 84' lang='grc' dir='ltr'>πέρας</span> <span class='ocrx_word' id='word_1_437' title='bbox 986 3736 1204 3790; x_wconf 79' lang='grc' dir='ltr'>ἐλθόντα</span> <span class='ocrx_word' id='word_1_438' title='bbox 1250 3736 1358 3789; x_wconf 88' lang='grc' dir='ltr'><strong>τῶν</strong></span> <span class='ocrx_word' id='word_1_439' title='bbox 1382 3736 1672 3790; x_wconf 82' lang='grc' dir='ltr'>θειοτάτων</span> 
     </span>
    </p>
   </div>
   <div class='ocr_carea' id='block_1_65' title="bbox 84 3825 1672 3901">
    <p class='ocr_par' dir='ltr' id='par_1_65' title="bbox 84 3825 1672 3901">
     <span class='ocr_line' id='line_1_65' title="bbox 84 3825 1672 3901; baseline -0.001 -19"><span class='ocrx_word' id='word_1_440' title='bbox 84 3830 328 3901; x_wconf 85' lang='grc' dir='ltr'>δρόμων.</span> <span class='ocrx_word' id='word_1_441' title='bbox 381 3828 562 3883; x_wconf 69' lang='grc' dir='ltr'>Ἄλλοι</span> <span class='ocrx_word' id='word_1_442' title='bbox 603 3830 680 3894; x_wconf 88' lang='grc' dir='ltr'><strong>δὲ,</strong></span> <span class='ocrx_word' id='word_1_443' title='bbox 730 3831 826 3883; x_wconf 76' lang='grc' dir='ltr'><strong>οὐκ</strong></span> <span class='ocrx_word' id='word_1_444' title='bbox 848 3825 942 3883; x_wconf 80' lang='grc' dir='ltr'>οἶδ’</span> <span class='ocrx_word' id='word_1_445' title='bbox 977 3831 1123 3894; x_wconf 84' lang='grc' dir='ltr'>ὅπως</span> <span class='ocrx_word' id='word_1_446' title='bbox 1149 3829 1239 3883; x_wconf 76' lang='grc' dir='ltr'>ἐπὶ</span> <span class='ocrx_word' id='word_1_447' title='bbox 1265 3829 1564 3901; x_wconf 81' lang='grc' dir='ltr'>προσύλους</span> <span class='ocrx_word' id='word_1_448' title='bbox 1589 3831 1672 3881; x_wconf 81' lang='grc' dir='ltr'>ὲν·-</span> 
     </span>
    </p>
   </div>
   <div class='ocr_carea' id='block_1_66' title="bbox 85 3920 1669 3995">
    <p class='ocr_par' dir='ltr' id='par_1_66' title="bbox 85 3920 1669 3995">
     <span class='ocr_line' id='line_1_66' title="bbox 85 3920 1669 3995; baseline 0 -21"><span class='ocrx_word' id='word_1_449' title='bbox 85 3922 241 3984; x_wconf 83' lang='grc' dir='ltr'>νοίας</span> <span class='ocrx_word' id='word_1_450' title='bbox 289 3920 695 3985; x_wconf 86' lang='grc' dir='ltr'>ἀποκλιθέντες,</span> <span class='ocrx_word' id='word_1_451' title='bbox 744 3923 1027 3995; x_wconf 83' lang='grc' dir='ltr'>εἰρήκασιν</span> <span class='ocrx_word' id='word_1_452' title='bbox 1068 3922 1286 3992; x_wconf 83' lang='grc' dir='ltr'>ὁμοειδῆ</span> <span class='ocrx_word' id='word_1_453' title='bbox 1311 3923 1357 3954; x_wconf 77' lang='lat'>”</span> <span class='ocrx_word' id='word_1_454' title='bbox 1403 3921 1498 3975; x_wconf 81' lang='grc' dir='ltr'>τοῦ</span> <span class='ocrx_word' id='word_1_455' title='bbox 1543 3922 1669 3993; x_wconf 78' lang='grc' dir='ltr'>τῇδε</span> 
     </span>
    </p>
   </div>
   <div class='ocr_carea' id='block_1_67' title="bbox 88 4013 1672 4086">
    <p class='ocr_par' dir='ltr' id='par_1_67' title="bbox 88 4013 1672 4086">
     <span class='ocr_line' id='line_1_67' title="bbox 88 4013 1672 4086; baseline 0 -19"><span class='ocrx_word' id='word_1_456' title='bbox 88 4013 205 4083; x_wconf 83' lang='grc' dir='ltr'>βίου</span> <span class='ocrx_word' id='word_1_457' title='bbox 230 4014 331 4085; x_wconf 80' lang='grc' dir='ltr'>τὴν</span> <span class='ocrx_word' id='word_1_458' title='bbox 354 4017 467 4078; x_wconf 80' lang='grc' dir='ltr'>τοῖς</span> <span class='ocrx_word' id='word_1_459' title='bbox 492 4015 657 4079; x_wconf 80' lang='grc' dir='ltr'>ὁσίοις</span> <span class='ocrx_word' id='word_1_460' title='bbox 680 4015 1093 4086; x_wconf 74' lang='grc' dir='ltr'>ἐπηγγελμένην</span> <span class='ocrx_word' id='word_1_461' title='bbox 1116 4015 1424 4085; x_wconf 87' lang='grc' dir='ltr'>ἁγιωτάτην</span> <span class='ocrx_word' id='word_1_462' title='bbox 1450 4017 1542 4068; x_wconf 76' lang='grc' dir='ltr'><strong>καὶ</strong></span> <span class='ocrx_word' id='word_1_463' title='bbox 1570 4032 1672 4085; x_wconf 90' lang='grc' dir='ltr'>μα-</span> 
     </span>
    </p>
   </div>
   <div class='ocr_carea' id='block_1_68' title="bbox 87 4106 1671 4180">
    <p class='ocr_par' dir='ltr' id='par_1_68' title="bbox 87 4106 1671 4180">
     <span class='ocr_line' id='line_1_68' title="bbox 87 4106 1671 4180; baseline -0.002 -18"><span class='ocrx_word' id='word_1_464' title='bbox 87 4108 439 4180; x_wconf 82' lang='grc' dir='ltr'>καριωτάτην</span> <span class='ocrx_word' id='word_1_465' title='bbox 466 4111 513 4140; x_wconf 74' lang='grc'>³⁸</span> <span class='ocrx_word' id='word_1_466' title='bbox 539 4108 710 4178; x_wconf 76' lang='grc' dir='ltr'>λῆξιν,</span> <span class='ocrx_word' id='word_1_467' title='bbox 759 4109 853 4161; x_wconf 76' lang='grc' dir='ltr'>καὶ</span> <span class='ocrx_word' id='word_1_468' title='bbox 897 4107 1103 4180; x_wconf 77' lang='grc' dir='ltr'>τροφὰς</span> <span class='ocrx_word' id='word_1_469' title='bbox 1149 4108 1357 4171; x_wconf 80' lang='grc' dir='ltr'>οἰκείας</span> <span class='ocrx_word' id='word_1_470' title='bbox 1397 4106 1671 4179; x_wconf 78' lang='grc' dir='ltr'>ἀλλοιωτῷ</span> 
     </span>
    </p>
   </div>
   <div class='ocr_carea' id='block_1_69' title="bbox 86 4199 1671 4273">
    <p class='ocr_par' dir='ltr' id='par_1_69' title="bbox 86 4199 1671 4273">
     <span class='ocr_line' id='line_1_69' title="bbox 86 4199 1671 4273; baseline -0.001 -19"><span class='ocrx_word' id='word_1_471' title='bbox 86 4201 189 4273; x_wconf 76' lang='grc' dir='ltr'><strong>βίῳ</strong></span> <span class='ocrx_word' id='word_1_472' title='bbox 216 4204 334 4265; x_wconf 80' lang='grc' dir='ltr'>τοῖς</span> <span class='ocrx_word' id='word_1_473' title='bbox 364 4202 668 4269; x_wconf 87' lang='grc' dir='ltr'>ἰσαγγέλοις</span> <span class='ocrx_word' id='word_1_474' title='bbox 712 4201 984 4272; x_wconf 86' lang='grc' dir='ltr'>ἀθεμίτως</span> <span class='ocrx_word' id='word_1_475' title='bbox 1022 4199 1367 4271; x_wconf 33' lang='grc' dir='ltr'>κάπέῤῥιψαν.</span> <span class='ocrx_word' id='word_1_476' title='bbox 1410 4199 1546 4253; x_wconf 85' lang='grc' dir='ltr'>Ἀλλ’</span> <span class='ocrx_word' id='word_1_477' title='bbox 1570 4200 1671 4253; x_wconf 79' lang='grc' dir='ltr'><strong>οὐκ</strong></span> 
     </span>
    </p>
   </div>
   <div class='ocr_carea' id='block_1_70' title="bbox 86 4292 1671 4365">
    <p class='ocr_par' dir='ltr' id='par_1_70' title="bbox 86 4292 1671 4365">
     <span class='ocr_line' id='line_1_70' title="bbox 86 4292 1671 4365; baseline -0.001 -19"><span class='ocrx_word' id='word_1_478' title='bbox 86 4295 515 4349; x_wconf 70' lang='grc' dir='ltr'><strong>ἀττοιιτεσεῖταί²¹⁵</strong></span> <span class='ocrx_word' id='word_1_479' title='bbox 539 4294 622 4358; x_wconf 88' lang='grc' dir='ltr'><strong>τίς</strong></span> <span class='ocrx_word' id='word_1_480' title='bbox 651 4311 777 4348; x_wconf 90' lang='grc' dir='ltr'>ποτε</span> <span class='ocrx_word' id='word_1_481' title='bbox 823 4294 931 4347; x_wconf 91' lang='grc' dir='ltr'><strong>τῶν</strong></span> <span class='ocrx_word' id='word_1_482' title='bbox 980 4294 1286 4364; x_wconf 80' lang='grc' dir='ltr'>ἰερωτάτων</span> <span class='ocrx_word' id='word_1_483' title='bbox 1337 4292 1546 4365; x_wconf 88' lang='grc' dir='ltr'>ἀνδρῶν</span> <span class='ocrx_word' id='word_1_484' title='bbox 1592 4294 1671 4356; x_wconf 91' lang='grc' dir='ltr'><strong>εἰς</strong></span> 
     </span>
    </p>
   </div>
   <div class='ocr_carea' id='block_1_71' title="bbox 85 4386 1670 4461">
    <p class='ocr_par' dir='ltr' id='par_1_71' title="bbox 85 4386 1670 4461">
     <span class='ocr_line' id='line_1_71' title="bbox 85 4386 1670 4461; baseline -0.003 -20"><span class='ocrx_word' id='word_1_485' title='bbox 85 4390 184 4453; x_wconf 75' lang='grc' dir='ltr'><strong>τάς</strong></span> <span class='ocrx_word' id='word_1_486' title='bbox 234 4389 445 4442; x_wconf 88' lang='grc' dir='ltr'>τοιάσδε</span> <span class='ocrx_word' id='word_1_487' title='bbox 495 4389 820 4461; x_wconf 77' lang='grc' dir='ltr'>πλανήσεις’</span> <span class='ocrx_word' id='word_1_488' title='bbox 869 4388 980 4440; x_wconf 81' lang='grc' dir='ltr'>ἀλλ’</span> <span class='ocrx_word' id='word_1_489' title='bbox 1030 4388 1181 4451; x_wconf 85' lang='grc' dir='ltr'>ὅλους</span> <span class='ocrx_word' id='word_1_490' title='bbox 1229 4387 1423 4451; x_wconf 74' lang='grc' dir='ltr'>αὐτοὺς</span> <span class='ocrx_word' id='word_1_491' title='bbox 1469 4386 1670 4456; x_wconf 78' lang='grc' dir='ltr'>ἀπολή-</span> 
     </span>
    </p>
   </div>
   <div class='ocr_carea' id='block_1_72' title="bbox 1773 3180 3343 3256">
    <p class='ocr_par' dir='ltr' id='par_1_72' title="bbox 1773 3180 3343 3256">
     <span class='ocr_line' id='line_1_72' title="bbox 1773 3180 3343 3256; baseline 0.005 -22"><span class='ocrx_word' id='word_1_492' title='bbox 1773 3180 1879 3237; x_wconf 85' lang='lat' dir='ltr'><strong>illis</strong></span> <span class='ocrx_word' id='word_1_493' title='bbox 1908 3181 2385 3240; x_wconf 56' lang='lat' dir='ltr'><strong>iudeiformilvita</strong></span> <span class='ocrx_word' id='word_1_494' title='bbox 2415 3183 2682 3252; x_wconf 85' lang='lat' dir='ltr'><strong>beataque</strong></span> <span class='ocrx_word' id='word_1_495' title='bbox 2738 3185 2924 3256; x_wconf 88' lang='lat' dir='ltr'><strong>requie</strong></span> <span class='ocrx_word' id='word_1_496' title='bbox 2971 3201 3161 3256; x_wconf 90' lang='lat' dir='ltr'><strong>parum</strong></span> <span class='ocrx_word' id='word_1_497' title='bbox 3213 3204 3343 3244; x_wconf 85' lang='lat' dir='ltr'><strong>cou-</strong></span> 
     </span>
    </p>
   </div>
   <div class='ocr_carea' id='block_1_73' title="bbox 1772 3274 3345 3346">
    <p class='ocr_par' dir='ltr' id='par_1_73' title="bbox 1772 3274 3345 3346">
     <span class='ocr_line' id='line_1_73' title="bbox 1772 3274 3345 3346; baseline 0.001 -17"><span class='ocrx_word' id='word_1_498' title='bbox 1772 3282 2095 3329; x_wconf 88' lang='lat' dir='ltr'><strong>sentaneum</strong></span> <span class='ocrx_word' id='word_1_499' title='bbox 2126 3292 2143 3341; x_wconf 88' lang='lat'><strong>;</strong></span> <span class='ocrx_word' id='word_1_500' title='bbox 2172 3289 2512 3344; x_wconf 84' lang='lat' dir='ltr'><strong>nequaquam</strong></span> <span class='ocrx_word' id='word_1_501' title='bbox 2546 3274 2931 3346; x_wconf 82' lang='lat' dir='ltr'><strong>intelligentes,</strong></span> <span class='ocrx_word' id='word_1_502' title='bbox 2962 3292 3136 3346; x_wconf 90' lang='lat' dir='ltr'><strong>neque</strong></span> <span class='ocrx_word' id='word_1_503' title='bbox 3163 3279 3345 3333; x_wconf 84' lang='lat' dir='ltr'><strong>scien-</strong></span> 
     </span>
    </p>
   </div>
   <div class='ocr_carea' id='block_1_74' title="bbox 1774 3368 3342 3439">
    <p class='ocr_par' dir='ltr' id='par_1_74' title="bbox 1774 3368 3342 3439">
     <span class='ocr_line' id='line_1_74' title="bbox 1774 3368 3342 3439; baseline 0.006 -18"><span class='ocrx_word' id='word_1_504' title='bbox 1774 3368 1850 3422; x_wconf 86' lang='lat' dir='ltr'><strong>tia</strong></span> <span class='ocrx_word' id='word_1_505' title='bbox 1878 3368 2059 3421; x_wconf 87' lang='lat' dir='ltr'><strong>divina</strong></span> <span class='ocrx_word' id='word_1_506' title='bbox 2108 3368 2336 3433; x_wconf 90' lang='lat' dir='ltr'><strong>eruditi,</strong></span> <span class='ocrx_word' id='word_1_507' title='bbox 2384 3383 2483 3423; x_wconf 87' lang='lat' dir='ltr'><strong>nos</strong></span> <span class='ocrx_word' id='word_1_508' title='bbox 2532 3369 2644 3439; x_wconf 87' lang='lat' dir='ltr'><strong>jam</strong></span> <span class='ocrx_word' id='word_1_509' title='bbox 2695 3369 3015 3426; x_wconf 83' lang='lat' dir='ltr'><strong>deiformem</strong></span> <span class='ocrx_word' id='word_1_510' title='bbox 3045 3373 3097 3427; x_wconf 91' lang='lat' dir='ltr'><strong>in</strong></span> <span class='ocrx_word' id='word_1_511' title='bbox 3127 3375 3342 3430; x_wconf 80' lang='lat' dir='ltr'><strong>Christo</strong></span> 
     </span>
    </p>
   </div>
   <div class='ocr_carea' id='block_1_75' title="bbox 1775 3459 3344 3521">
    <p class='ocr_par' dir='ltr' id='par_1_75' title="bbox 1775 3459 3344 3521">
     <span class='ocr_line' id='line_1_75' title="bbox 1775 3459 3344 3521; baseline 0.004 -9"><span class='ocrx_word' id='word_1_512' title='bbox 1775 3460 1940 3513; x_wconf 86' lang='lat' dir='ltr'><strong>vitam</strong></span> <span class='ocrx_word' id='word_1_513' title='bbox 1968 3459 2276 3514; x_wconf 89' lang='lat' dir='ltr'><strong>inchoasse.</strong></span> <span class='ocrx_word' id='word_1_514' title='bbox 2304 3459 2406 3513; x_wconf 76' lang='lat' dir='ltr'><strong>Alii</strong></span> <span class='ocrx_word' id='word_1_515' title='bbox 2433 3470 2613 3513; x_wconf 91' lang='lat' dir='ltr'><strong>autem</strong></span> <span class='ocrx_word' id='word_1_516' title='bbox 2652 3462 2937 3517; x_wconf 90' lang='lat' dir='ltr'><strong>animabus</strong></span> <span class='ocrx_word' id='word_1_517' title='bbox 2966 3464 3197 3519; x_wconf 84' lang='lat' dir='ltr'><strong>aliorum</strong></span> <span class='ocrx_word' id='word_1_518' title='bbox 3223 3482 3344 3521; x_wconf 59' lang='grc' dir='ltr'>ουτ.</span> 
     </span>
    </p>
   </div>
   <div class='ocr_carea' id='block_1_76' title="bbox 1775 3550 3343 3627">
    <p class='ocr_par' dir='ltr' id='par_1_76' title="bbox 1775 3550 3343 3627">
     <span class='ocr_line' id='line_1_76' title="bbox 1775 3550 3343 3627; baseline 0.005 -26"><span class='ocrx_word' id='word_1_519' title='bbox 1775 3566 1966 3621; x_wconf 90' lang='lat' dir='ltr'><strong>porum</strong></span> <span class='ocrx_word' id='word_1_520' title='bbox 2008 3551 2257 3621; x_wconf 72' lang='lat' dir='ltr'><strong>coniugia</strong></span> <span class='ocrx_word' id='word_1_521' title='bbox 2306 3550 2635 3613; x_wconf 88' lang='lat' dir='ltr'><strong>attribuunt,</strong></span> <span class='ocrx_word' id='word_1_522' title='bbox 2682 3552 2735 3607; x_wconf 92' lang='lat' dir='ltr'><strong>in</strong></span> <span class='ocrx_word' id='word_1_523' title='bbox 2786 3569 2914 3622; x_wconf 91' lang='lat' dir='ltr'><strong>quo,</strong></span> <span class='ocrx_word' id='word_1_524' title='bbox 2966 3570 3083 3611; x_wconf 85' lang='lat' dir='ltr'><strong>mea</strong></span> <span class='ocrx_word' id='word_1_525' title='bbox 3126 3550 3343 3627; x_wconf 81' lang='lat' dir='ltr'><strong>quidem</strong></span> 
     </span>
    </p>
   </div>
   <div class='ocr_carea' id='block_1_77' title="bbox 1774 3644 3347 3721">
    <p class='ocr_par' dir='ltr' id='par_1_77' title="bbox 1774 3644 3347 3721">
     <span class='ocr_line' id='line_1_77' title="bbox 1774 3644 3347 3721; baseline 0.003 -22"><span class='ocrx_word' id='word_1_526' title='bbox 1774 3646 2071 3707; x_wconf 88' lang='lat' dir='ltr'><strong>sententia,</strong></span> <span class='ocrx_word' id='word_1_527' title='bbox 2109 3655 2373 3714; x_wconf 90' lang='lat' dir='ltr'><strong>quantum</strong></span> <span class='ocrx_word' id='word_1_528' title='bbox 2401 3644 2455 3700; x_wconf 91' lang='lat' dir='ltr'><strong>in</strong></span> <span class='ocrx_word' id='word_1_529' title='bbox 2484 3646 2615 3717; x_wconf 89' lang='lat' dir='ltr'><strong>ipsis</strong></span> <span class='ocrx_word' id='word_1_530' title='bbox 2656 3659 2761 3709; x_wconf 84' lang='lat' dir='ltr'><strong>est,</strong></span> <span class='ocrx_word' id='word_1_531' title='bbox 2815 3646 3069 3721; x_wconf 84' lang='lat' dir='ltr'><strong>iujuriam</strong></span> <span class='ocrx_word' id='word_1_532' title='bbox 3103 3650 3347 3719; x_wconf 76' lang='lat' dir='ltr'><strong>irrogaut</strong></span> 
     </span>
    </p>
   </div>
   <div class='ocr_carea' id='block_1_78' title="bbox 1774 3737 3342 3807">
    <p class='ocr_par' dir='ltr' id='par_1_78' title="bbox 1774 3737 3342 3807">
     <span class='ocr_line' id='line_1_78' title="bbox 1774 3737 3342 3807; baseline 0.001 -16"><span class='ocrx_word' id='word_1_533' title='bbox 1774 3737 2116 3805; x_wconf 89' lang='lat' dir='ltr'><strong>corporibus,</strong></span> <span class='ocrx_word' id='word_1_534' title='bbox 2142 3752 2262 3807; x_wconf 76' lang='lat' dir='ltr'><strong>qua:</strong></span> <span class='ocrx_word' id='word_1_535' title='bbox 2283 3752 2406 3791; x_wconf 91' lang='lat' dir='ltr'><strong>cum</strong></span> <span class='ocrx_word' id='word_1_536' title='bbox 2450 3738 2650 3793; x_wconf 84' lang='lat' dir='ltr'><strong>divinis</strong></span> <span class='ocrx_word' id='word_1_537' title='bbox 2701 3740 2986 3795; x_wconf 90' lang='lat' dir='ltr'><strong>animabus</strong></span> <span class='ocrx_word' id='word_1_538' title='bbox 3039 3741 3342 3800; x_wconf 78' lang='lat' dir='ltr'><strong>collabora-</strong></span> 
     </span>
    </p>
   </div>
   <div class='ocr_carea' id='block_1_79' title="bbox 1775 3829 3339 3901">
    <p class='ocr_par' dir='ltr' id='par_1_79' title="bbox 1775 3829 3339 3901">
     <span class='ocr_line' id='line_1_79' title="bbox 1775 3829 3339 3901; baseline 0.002 -21"><span class='ocrx_word' id='word_1_539' title='bbox 1775 3837 1919 3889; x_wconf 90' lang='lat' dir='ltr'><strong>runt,</strong></span> <span class='ocrx_word' id='word_1_540' title='bbox 1964 3829 2265 3896; x_wconf 83' lang='lat' dir='ltr'><strong>eademque</strong></span> <span class='ocrx_word' id='word_1_541' title='bbox 2333 3829 2505 3883; x_wconf 90' lang='lat' dir='ltr'><strong>sacris</strong></span> <span class='ocrx_word' id='word_1_542' title='bbox 2550 3831 2662 3883; x_wconf 91' lang='lat' dir='ltr'><strong>suis</strong></span> <span class='ocrx_word' id='word_1_543' title='bbox 2709 3832 2948 3901; x_wconf 78' lang='lat' dir='ltr'><strong>przemiis</strong></span> <span class='ocrx_word' id='word_1_544' title='bbox 2994 3831 3339 3895; x_wconf 83' lang='lat' dir='ltr'><strong>defraudant,</strong></span> 
     </span>
    </p>
   </div>
   <div class='ocr_carea' id='block_1_80' title="bbox 1774 3920 3341 3993">
    <p class='ocr_par' dir='ltr' id='par_1_80' title="bbox 1774 3920 3341 3993">
     <span class='ocr_line' id='line_1_80' title="bbox 1774 3920 3341 3993; baseline 0.002 -22"><span class='ocrx_word' id='word_1_545' title='bbox 1774 3933 1898 3971; x_wconf 90' lang='lat' dir='ltr'><strong>cum</strong></span> <span class='ocrx_word' id='word_1_546' title='bbox 1946 3920 2184 3973; x_wconf 87' lang='lat' dir='ltr'><strong>divinmn</strong></span> <span class='ocrx_word' id='word_1_547' title='bbox 2239 3935 2458 3974; x_wconf 89' lang='lat' dir='ltr'><strong>cursum</strong></span> <span class='ocrx_word' id='word_1_548' title='bbox 2508 3923 2963 3976; x_wconf 89' lang='lat' dir='ltr'><strong>consummarint.</strong></span> <span class='ocrx_word' id='word_1_549' title='bbox 3011 3923 3118 3977; x_wconf 78' lang='lat' dir='ltr'><strong>Alii</strong></span> <span class='ocrx_word' id='word_1_550' title='bbox 3158 3938 3341 3993; x_wconf 84' lang='lat' dir='ltr'><strong>porro,</strong></span> 
     </span>
    </p>
   </div>
   <div class='ocr_carea' id='block_1_81' title="bbox 1774 4009 3340 4082">
    <p class='ocr_par' dir='ltr' id='par_1_81' title="bbox 1774 4009 3340 4082">
     <span class='ocr_line' id='line_1_81' title="bbox 1774 4009 3340 4082; baseline 0.002 -19"><span class='ocrx_word' id='word_1_551' title='bbox 1774 4009 1958 4063; x_wconf 89' lang='lat' dir='ltr'><strong>nescio</strong></span> <span class='ocrx_word' id='word_1_552' title='bbox 1983 4025 2090 4079; x_wconf 90' lang='lat' dir='ltr'><strong>quo</strong></span> <span class='ocrx_word' id='word_1_553' title='bbox 2119 4019 2301 4078; x_wconf 89' lang='lat' dir='ltr'><strong>pacto,</strong></span> <span class='ocrx_word' id='word_1_554' title='bbox 2330 4011 2396 4063; x_wconf 89' lang='lat' dir='ltr'><strong>ad</strong></span> <span class='ocrx_word' id='word_1_555' title='bbox 2426 4019 2672 4067; x_wconf 89' lang='lat' dir='ltr'><strong>terrenas</strong></span> <span class='ocrx_word' id='word_1_556' title='bbox 2721 4013 3077 4082; x_wconf 81' lang='lat' dir='ltr'><strong>cngitationes</strong></span> <span class='ocrx_word' id='word_1_557' title='bbox 3124 4014 3340 4081; x_wconf 83' lang='lat' dir='ltr'><strong>dilapsi,</strong></span> 
     </span>
    </p>
   </div>
   <div class='ocr_carea' id='block_1_82' title="bbox 1774 4100 3343 4174">
    <p class='ocr_par' dir='ltr' id='par_1_82' title="bbox 1774 4100 3343 4174">
     <span class='ocr_line' id='line_1_82' title="bbox 1774 4100 3343 4174; baseline 0.005 -22"><span class='ocrx_word' id='word_1_558' title='bbox 1774 4100 2056 4163; x_wconf 84' lang='lat' dir='ltr'><strong>dixerunt.</strong></span> <span class='ocrx_word' id='word_1_559' title='bbox 2106 4102 2360 4170; x_wconf 64' lang='lat' dir='ltr'><strong>praesenti</strong></span> <span class='ocrx_word' id='word_1_560' title='bbox 2407 4102 2530 4157; x_wconf 68' lang='lat' dir='ltr'><strong>vitae</strong></span> <span class='ocrx_word' id='word_1_561' title='bbox 2557 4103 2790 4159; x_wconf 89' lang='lat' dir='ltr'><strong>similem</strong></span> <span class='ocrx_word' id='word_1_562' title='bbox 2820 4104 2996 4160; x_wconf 88' lang='lat' dir='ltr'><strong>beatis</strong></span> <span class='ocrx_word' id='word_1_563' title='bbox 3020 4107 3343 4174; x_wconf 83' lang='lat' dir='ltr'><strong>promissam</strong></span> 
     </span>
    </p>
   </div>
   <div class='ocr_carea' id='block_1_83' title="bbox 1775 4192 3347 4264">
    <p class='ocr_par' dir='ltr' id='par_1_83' title="bbox 1775 4192 3347 4264">
     <span class='ocr_line' id='line_1_83' title="bbox 1775 4192 3347 4264; baseline 0.004 -19"><span class='ocrx_word' id='word_1_564' title='bbox 1775 4205 1895 4245; x_wconf 86' lang='lat' dir='ltr'><strong>esse</strong></span> <span class='ocrx_word' id='word_1_565' title='bbox 1936 4192 2339 4247; x_wconf 83' lang='lat' dir='ltr'><strong>sanctissimam</strong></span> <span class='ocrx_word' id='word_1_566' title='bbox 2378 4192 2859 4263; x_wconf 82' lang='lat' dir='ltr'><strong>beatissimamque</strong></span> <span class='ocrx_word' id='word_1_567' title='bbox 2906 4204 3136 4264; x_wconf 88' lang='lat' dir='ltr'><strong>sortem,</strong></span> <span class='ocrx_word' id='word_1_568' title='bbox 3165 4196 3347 4251; x_wconf 88' lang='lat' dir='ltr'><strong>cibos-</strong></span> 
     </span>
    </p>
   </div>
   <div class='ocr_carea' id='block_1_84' title="bbox 1774 4282 3345 4358">
    <p class='ocr_par' dir='ltr' id='par_1_84' title="bbox 1774 4282 3345 4358">
     <span class='ocr_line' id='line_1_84' title="bbox 1774 4282 3345 4358; baseline 0.006 -25"><span class='ocrx_word' id='word_1_569' title='bbox 1774 4298 1879 4350; x_wconf 89' lang='lat' dir='ltr'><strong>que</strong></span> <span class='ocrx_word' id='word_1_570' title='bbox 1906 4284 2030 4337; x_wconf 69' lang='lat' dir='ltr'><strong>vitae</strong></span> <span class='ocrx_word' id='word_1_571' title='bbox 2081 4282 2328 4337; x_wconf 88' lang='lat' dir='ltr'><strong>variabili</strong></span> <span class='ocrx_word' id='word_1_572' title='bbox 2373 4285 2625 4353; x_wconf 86' lang='lat' dir='ltr'><strong>proprios</strong></span> <span class='ocrx_word' id='word_1_573' title='bbox 2655 4287 2719 4340; x_wconf 92' lang='lat' dir='ltr'><strong>iis</strong></span> <span class='ocrx_word' id='word_1_574' title='bbox 2743 4288 2833 4355; x_wconf 92' lang='lat' dir='ltr'><strong>qui</strong></span> <span class='ocrx_word' id='word_1_575' title='bbox 2869 4287 3078 4356; x_wconf 84' lang='lat' dir='ltr'><strong>angelis</strong></span> <span class='ocrx_word' id='word_1_576' title='bbox 3107 4289 3345 4358; x_wconf 68' lang='lat' dir='ltr'><strong>a&#39;quaies</strong></span> 
     </span>
    </p>
   </div>
   <div class='ocr_carea' id='block_1_85' title="bbox 1775 4374 3343 4449">
    <p class='ocr_par' dir='ltr' id='par_1_85' title="bbox 1775 4374 3343 4449">
     <span class='ocr_line' id='line_1_85' title="bbox 1775 4374 3343 4449; baseline 0.003 -22"><span class='ocrx_word' id='word_1_577' title='bbox 1775 4384 1923 4439; x_wconf 90' lang='lat' dir='ltr'><strong>sunt,</strong></span> <span class='ocrx_word' id='word_1_578' title='bbox 1972 4374 2178 4430; x_wconf 80' lang='lat' dir='ltr'><strong>nefarie</strong></span> <span class='ocrx_word' id='word_1_579' title='bbox 2226 4375 2625 4443; x_wconf 83' lang='lat' dir='ltr'><strong>applicuerunt.</strong></span> <span class='ocrx_word' id='word_1_580' title='bbox 2679 4378 2785 4434; x_wconf 88' lang='lat' dir='ltr'><strong>Sed</strong></span> <span class='ocrx_word' id='word_1_581' title='bbox 2831 4378 2992 4443; x_wconf 85' lang='lat' dir='ltr'><strong>absit,</strong></span> <span class='ocrx_word' id='word_1_582' title='bbox 3022 4390 3073 4433; x_wconf 84' lang='grc' dir='ltr'><strong>ιιι</strong></span> <span class='ocrx_word' id='word_1_583' title='bbox 3106 4396 3343 4449; x_wconf 86' lang='lat' dir='ltr'><strong>unquam</strong></span> 
     </span>
    </p>
   </div>
   <div class='ocr_carea' id='block_1_86' title="bbox 85 4458 1672 4553">
    <p class='ocr_par' dir='ltr' id='par_1_86' title="bbox 85 4458 1667 4553">
     <span class='ocr_line' id='line_1_86' title="bbox 85 4458 1667 4553; baseline -0.004 -17"><span class='ocrx_word' id='word_1_584' title='bbox 85 4483 283 4552; x_wconf 69' lang='grc' dir='ltr'>ψεσθαι</span> <span class='ocrx_word' id='word_1_585' title='bbox 323 4483 422 4553; x_wconf 82' lang='grc' dir='ltr'><strong>τὴν</strong></span> <span class='ocrx_word' id='word_1_586' title='bbox 466 4458 785 4553; x_wconf 83' lang='grc' dir='ltr'>Χριστοειδῆ</span> <span class='ocrx_word' id='word_1_587' title='bbox 832 4481 984 4551; x_wconf 76' lang='grc' dir='ltr'>λῆξιν</span> <span class='ocrx_word' id='word_1_588' title='bbox 1028 4480 1258 4543; x_wconf 84' lang='grc' dir='ltr'>εἰδότες,</span> <span class='ocrx_word' id='word_1_589' title='bbox 1306 4480 1433 4541; x_wconf 79' lang='grc' dir='ltr'>ὅταν</span> <span class='ocrx_word' id='word_1_590' title='bbox 1472 4480 1563 4531; x_wconf 76' lang='grc' dir='ltr'>ἐπὶ</span> <span class='ocrx_word' id='word_1_591' title='bbox 1606 4478 1667 4529; x_wconf 73' lang='grc' dir='ltr'>τὸ</span> 
     </span>
    </p>
   </div>
   <div class='ocr_carea' id='block_1_87' title="bbox 1843 4458 3342 4553">
    <p class='ocr_par' dir='ltr' id='par_1_87' title="bbox 1843 4468 3342 4537">
     <span class='ocr_line' id='line_1_87' title="bbox 1843 4468 3342 4537; baseline 0.002 -16"><span class='ocrx_word' id='word_1_592' title='bbox 1843 4477 2001 4522; x_wconf 79' lang='lat' dir='ltr'><strong>nctus</strong></span> <span class='ocrx_word' id='word_1_593' title='bbox 2026 4469 2108 4520; x_wconf 91' lang='lat' dir='ltr'><strong>vir</strong></span> <span class='ocrx_word' id='word_1_594' title='bbox 2130 4468 2397 4537; x_wconf 87' lang='lat' dir='ltr'><strong>quispiam</strong></span> <span class='ocrx_word' id='word_1_595' title='bbox 2430 4468 2481 4521; x_wconf 93' lang='lat' dir='ltr'><strong>in</strong></span> <span class='ocrx_word' id='word_1_596' title='bbox 2510 4468 2815 4524; x_wconf 87' lang='lat' dir='ltr'><strong>istiusmodi</strong></span> <span class='ocrx_word' id='word_1_597' title='bbox 2859 4485 3074 4525; x_wconf 86' lang='lat' dir='ltr'><strong>errores</strong></span> <span class='ocrx_word' id='word_1_598' title='bbox 3099 4471 3293 4526; x_wconf 82' lang='lat' dir='ltr'><strong>incidat</strong></span> <span class='ocrx_word' id='word_1_599' title='bbox 3326 4472 3342 4524; x_wconf 86' lang='lat'><strong>!</strong></span> 
     </span>
    </p>
   </div>
   <div class='ocr_carea' id='block_1_88' title="bbox 88 4568 1664 4646">
    <p class='ocr_par' dir='ltr' id='par_1_88' title="bbox 88 4568 1664 4646">
     <span class='ocr_line' id='line_1_88' title="bbox 88 4568 1664 4646; baseline -0.004 -19"><span class='ocrx_word' id='word_1_600' title='bbox 88 4575 264 4646; x_wconf 82' lang='grc' dir='ltr'>πέρας</span> <span class='ocrx_word' id='word_1_601' title='bbox 309 4571 503 4629; x_wconf 72' lang='grc' dir='ltr'>ἔλθωσι</span> <span class='ocrx_word' id='word_1_602' title='bbox 546 4572 639 4625; x_wconf 81' lang='grc' dir='ltr'>τοῦ</span> <span class='ocrx_word' id='word_1_603' title='bbox 684 4574 809 4644; x_wconf 78' lang='grc' dir='ltr'>τῇδε</span> <span class='ocrx_word' id='word_1_604' title='bbox 839 4572 973 4642; x_wconf 85' lang='grc' dir='ltr'>βίου,</span> <span class='ocrx_word' id='word_1_605' title='bbox 1000 4572 1099 4643; x_wconf 79' lang='grc' dir='ltr'>τὴν</span> <span class='ocrx_word' id='word_1_606' title='bbox 1126 4574 1205 4635; x_wconf 90' lang='grc' dir='ltr'><strong>εἰς</strong></span> <span class='ocrx_word' id='word_1_607' title='bbox 1230 4569 1535 4642; x_wconf 88' lang='grc' dir='ltr'>ἀφθαρσίαν</span> <span class='ocrx_word' id='word_1_608' title='bbox 1567 4568 1664 4620; x_wconf 82' lang='grc' dir='ltr'>αὺ-</span> 
     </span>
    </p>
   </div>
   <div class='ocr_carea' id='block_1_89' title="bbox 86 4660 1665 4736">
    <p class='ocr_par' dir='ltr' id='par_1_89' title="bbox 86 4660 1665 4736">
     <span class='ocr_line' id='line_1_89' title="bbox 86 4660 1665 4736; baseline -0.004 -18"><span class='ocrx_word' id='word_1_609' title='bbox 86 4666 193 4718; x_wconf 81' lang='grc' dir='ltr'><strong>τῶν</strong></span> <span class='ocrx_word' id='word_1_610' title='bbox 217 4666 357 4727; x_wconf 78' lang='grc' dir='ltr'>ὁδὸν,</span> <span class='ocrx_word' id='word_1_611' title='bbox 384 4665 459 4729; x_wconf 83' lang='grc' dir='ltr'><strong>ὡς</strong></span> <span class='ocrx_word' id='word_1_612' title='bbox 502 4666 800 4736; x_wconf 83' lang='grc' dir='ltr'>ὲγγυτέραν</span> <span class='ocrx_word' id='word_1_613' title='bbox 846 4665 944 4736; x_wconf 71' lang='grc' dir='ltr'>ἤδη</span> <span class='ocrx_word' id='word_1_614' title='bbox 996 4662 1384 4734; x_wconf 84' lang='grc' dir='ltr'>γεγενημένην,</span> <span class='ocrx_word' id='word_1_615' title='bbox 1431 4660 1665 4732; x_wconf 77' lang='grc' dir='ltr'>ἐμφανέ-</span> 
     </span>
    </p>
   </div>
   <div class='ocr_carea' id='block_1_90' title="bbox 89 4748 1664 4828">
    <p class='ocr_par' dir='ltr' id='par_1_90' title="bbox 89 4748 1664 4828">
     <span class='ocr_line' id='line_1_90' title="bbox 89 4748 1664 4828; baseline -0.004 -20"><span class='ocrx_word' id='word_1_616' title='bbox 89 4774 277 4828; x_wconf 89' lang='grc' dir='ltr'>στερον</span> <span class='ocrx_word' id='word_1_617' title='bbox 304 4755 493 4827; x_wconf 77' lang='grc' dir='ltr'>ὁρῶσι,</span> <span class='ocrx_word' id='word_1_618' title='bbox 523 4754 731 4819; x_wconf 73' lang='grc' dir='ltr'>καὶτὰς</span> <span class='ocrx_word' id='word_1_619' title='bbox 753 4753 959 4827; x_wconf 85' lang='grc' dir='ltr'>δωρεὰς</span> <span class='ocrx_word' id='word_1_620' title='bbox 979 4753 1080 4823; x_wconf 81' lang='grc' dir='ltr'>τῆς</span> <span class='ocrx_word' id='word_1_621' title='bbox 1115 4752 1372 4824; x_wconf 89' lang='grc' dir='ltr'>θεαρχίας</span> <span class='ocrx_word' id='word_1_622' title='bbox 1416 4748 1664 4821; x_wconf 78' lang='grc' dir='ltr'>ὑμνοῦσι,</span> 
     </span>
    </p>
   </div>
   <div class='ocr_carea' id='block_1_91' title="bbox 88 4841 1677 4919">
    <p class='ocr_par' dir='ltr' id='par_1_91' title="bbox 88 4841 1677 4919">
     <span class='ocr_line' id='line_1_91' title="bbox 88 4841 1677 4919; baseline -0.006 -16"><span class='ocrx_word' id='word_1_623' title='bbox 88 4851 177 4903; x_wconf 76' lang='grc' dir='ltr'><strong>καὶ</strong></span> <span class='ocrx_word' id='word_1_624' title='bbox 223 4848 373 4911; x_wconf 80' lang='grc' dir='ltr'>θείας</span> <span class='ocrx_word' id='word_1_625' title='bbox 424 4848 616 4919; x_wconf 80' lang='grc' dir='ltr'>ἡδονῆς</span> <span class='ocrx_word' id='word_1_626' title='bbox 660 4845 1117 4918; x_wconf 77' lang='grc' dir='ltr'>ἀποπληροῦνται,</span> <span class='ocrx_word' id='word_1_627' title='bbox 1168 4845 1264 4917; x_wconf 86' lang='grc' dir='ltr'>τὴν</span> <span class='ocrx_word' id='word_1_628' title='bbox 1290 4845 1381 4897; x_wconf 81' lang='grc' dir='ltr'><strong>ἐπὶ</strong></span> <span class='ocrx_word' id='word_1_629' title='bbox 1404 4842 1472 4895; x_wconf 88' lang='grc' dir='ltr'><strong>τά</strong></span> <span class='ocrx_word' id='word_1_630' title='bbox 1498 4841 1677 4913; x_wconf 83' lang='grc' dir='ltr'><strong>χείρω¹</strong></span> 
     </span>
    </p>
   </div>
   <div class='ocr_carea' id='block_1_92' title="bbox 86 4934 1666 5011">
    <p class='ocr_par' dir='ltr' id='par_1_92' title="bbox 86 4934 1666 5011">
     <span class='ocr_line' id='line_1_92' title="bbox 86 4934 1666 5011; baseline -0.004 -20"><span class='ocrx_word' id='word_1_631' title='bbox 86 4941 293 5011; x_wconf 79' lang='grc' dir='ltr'>τροπὴν</span> <span class='ocrx_word' id='word_1_632' title='bbox 319 4938 501 4993; x_wconf 73' lang='grc' dir='ltr'>οὐκέτι</span> <span class='ocrx_word' id='word_1_633' title='bbox 524 4939 838 5003; x_wconf 89' lang='grc' dir='ltr'>δεδοικότες,</span> <span class='ocrx_word' id='word_1_634' title='bbox 864 4939 977 4991; x_wconf 87' lang='grc' dir='ltr'>ἀλλ’</span> <span class='ocrx_word' id='word_1_635' title='bbox 1008 4934 1067 4991; x_wconf 78' lang='grc' dir='ltr'><strong>εὖ</strong></span> <span class='ocrx_word' id='word_1_636' title='bbox 1093 4937 1311 5000; x_wconf 86' lang='grc' dir='ltr'>εἰδότες,</span> <span class='ocrx_word' id='word_1_637' title='bbox 1338 4937 1418 4988; x_wconf 79' lang='grc' dir='ltr'>ὅτι</span> <span class='ocrx_word' id='word_1_638' title='bbox 1445 4934 1512 4987; x_wconf 87' lang='grc' dir='ltr'><strong>τά</strong></span> <span class='ocrx_word' id='word_1_639' title='bbox 1535 4951 1666 5001; x_wconf 80' lang='grc' dir='ltr'>κτη-</span> 
     </span>
    </p>
   </div>
   <div class='ocr_carea' id='block_1_93' title="bbox 90 5014 1663 5101">
    <p class='ocr_par' dir='ltr' id='par_1_93' title="bbox 90 5014 1663 5101">
     <span class='ocr_line' id='line_1_93' title="bbox 90 5014 1663 5101; baseline -0.004 -18"><span class='ocrx_word' id='word_1_640' title='bbox 90 5031 244 5086; x_wconf 85' lang='grc' dir='ltr'>θέντα</span> <span class='ocrx_word' id='word_1_641' title='bbox 293 5014 435 5085; x_wconf 87' lang='grc' dir='ltr'><strong>καλά</strong></span> <span class='ocrx_word' id='word_1_642' title='bbox 481 5031 711 5101; x_wconf 79' lang='grc' dir='ltr'>βεϐαίως</span> <span class='ocrx_word' id='word_1_643' title='bbox 750 5034 842 5085; x_wconf 74' lang='grc' dir='ltr'><strong>καὶ</strong></span> <span class='ocrx_word' id='word_1_644' title='bbox 870 5031 1100 5095; x_wconf 89' lang='grc' dir='ltr'>αἰωνίως</span> <span class='ocrx_word' id='word_1_645' title='bbox 1140 5029 1369 5096; x_wconf 75' lang='grc' dir='ltr'>ἕξουσιν.</span> <span class='ocrx_word' id='word_1_646' title='bbox 1399 5028 1460 5079; x_wconf 84' lang='grc' dir='ltr'>Οί</span> <span class='ocrx_word' id='word_1_647' title='bbox 1485 5026 1539 5079; x_wconf 83' lang='grc' dir='ltr'><strong>δὲ</strong></span> <span class='ocrx_word' id='word_1_648' title='bbox 1566 5042 1663 5095; x_wconf 86' lang='grc' dir='ltr'>μο-</span> 
     </span>
    </p>
   </div>
   <div class='ocr_carea' id='block_1_94' title="bbox 88 5117 1664 5198">
    <p class='ocr_par' dir='ltr' id='par_1_94' title="bbox 88 5117 1664 5198">
     <span class='ocr_line' id='line_1_94' title="bbox 88 5117 1664 5198; baseline -0.005 -23"><span class='ocrx_word' id='word_1_649' title='bbox 88 5124 307 5198; x_wconf 82' lang='grc' dir='ltr'>λυσμῶν</span> <span class='ocrx_word' id='word_1_650' title='bbox 346 5125 605 5179; x_wconf 81' lang='grc' dir='ltr'>ἀνάπλεοι</span> <span class='ocrx_word' id='word_1_651' title='bbox 642 5127 735 5178; x_wconf 77' lang='grc' dir='ltr'><strong>καί</strong></span> <span class='ocrx_word' id='word_1_652' title='bbox 769 5125 997 5195; x_wconf 89' lang='grc' dir='ltr'>ἀνιέρων</span> <span class='ocrx_word' id='word_1_653' title='bbox 1048 5121 1299 5193; x_wconf 85' lang='grc' dir='ltr'>κηλίδων,</span> <span class='ocrx_word' id='word_1_654' title='bbox 1330 5119 1485 5188; x_wconf 71' lang='grc' dir='ltr'>εἴπερ</span> <span class='ocrx_word' id='word_1_655' title='bbox 1514 5117 1664 5187; x_wconf 76' lang='grc' dir='ltr'>ἱερᾶς</span> 
     </span>
    </p>
   </div>
   <div class='ocr_carea' id='block_1_95' title="bbox 89 5208 1661 5290">
    <p class='ocr_par' dir='ltr' id='par_1_95' title="bbox 89 5208 1661 5290">
     <span class='ocr_line' id='line_1_95' title="bbox 89 5208 1661 5290; baseline -0.008 -18"><span class='ocrx_word' id='word_1_656' title='bbox 89 5236 225 5284; x_wconf 86' lang='grc' dir='ltr'>τινος</span> <span class='ocrx_word' id='word_1_657' title='bbox 247 5220 578 5290; x_wconf 81' lang='grc' dir='ltr'>τετυχήκασι</span> <span class='ocrx_word' id='word_1_658' title='bbox 626 5219 899 5290; x_wconf 84' lang='grc' dir='ltr'>μυήσεως,</span> <span class='ocrx_word' id='word_1_659' title='bbox 946 5217 1098 5271; x_wconf 69' lang='grc' dir='ltr'><strong>αὑτοί⁸</strong></span> <span class='ocrx_word' id='word_1_660' title='bbox 1143 5214 1198 5267; x_wconf 80' lang='grc' dir='ltr'><strong>δὲ</strong></span> <span class='ocrx_word' id='word_1_661' title='bbox 1226 5213 1430 5282; x_wconf 77' lang='grc' dir='ltr'>ταύτην</span> <span class='ocrx_word' id='word_1_662' title='bbox 1478 5212 1541 5262; x_wconf 79' lang='grc' dir='ltr'><strong>ὲκ</strong></span> <span class='ocrx_word' id='word_1_663' title='bbox 1566 5208 1661 5260; x_wconf 78' lang='grc' dir='ltr'><strong>τοῦ</strong></span> 
     </span>
    </p>
   </div>
   <div class='ocr_carea' id='block_1_96' title="bbox 1771 4557 3347 4627">
    <p class='ocr_par' dir='ltr' id='par_1_96' title="bbox 1771 4557 3347 4627">
     <span class='ocr_line' id='line_1_96' title="bbox 1771 4557 3347 4627; baseline 0.003 -18"><span class='ocrx_word' id='word_1_664' title='bbox 1771 4573 1961 4612; x_wconf 78' lang='lat' dir='ltr'><strong>verum</strong></span> <span class='ocrx_word' id='word_1_665' title='bbox 2016 4557 2093 4611; x_wconf 94' lang='lat' dir='ltr'><strong>illi</strong></span> <span class='ocrx_word' id='word_1_666' title='bbox 2134 4558 2330 4622; x_wconf 90' lang='lat' dir='ltr'><strong>sancti,</strong></span> <span class='ocrx_word' id='word_1_667' title='bbox 2363 4559 2454 4627; x_wconf 92' lang='lat' dir='ltr'><strong>qui</strong></span> <span class='ocrx_word' id='word_1_668' title='bbox 2483 4574 2541 4614; x_wconf 89' lang='lat' dir='ltr'><strong>se</strong></span> <span class='ocrx_word' id='word_1_669' title='bbox 2586 4569 2727 4614; x_wconf 88' lang='lat' dir='ltr'><strong>totos</strong></span> <span class='ocrx_word' id='word_1_670' title='bbox 2757 4559 3196 4614; x_wconf 81' lang='lat' dir='ltr'><strong>Christiformem</strong></span> <span class='ocrx_word' id='word_1_671' title='bbox 3225 4576 3347 4615; x_wconf 90' lang='lat' dir='ltr'><strong>sor-</strong></span> 
     </span>
    </p>
   </div>
   <div class='ocr_carea' id='block_1_97' title="bbox 1773 4651 3341 4722">
    <p class='ocr_par' dir='ltr' id='par_1_97' title="bbox 1773 4651 3341 4722">
     <span class='ocr_line' id='line_1_97' title="bbox 1773 4651 3341 4722; baseline 0.002 -19"><span class='ocrx_word' id='word_1_672' title='bbox 1773 4661 1877 4704; x_wconf 84' lang='lat' dir='ltr'><strong>tem</strong></span> <span class='ocrx_word' id='word_1_673' title='bbox 1908 4662 2263 4721; x_wconf 86' lang='lat' dir='ltr'><strong>percepturos</strong></span> <span class='ocrx_word' id='word_1_674' title='bbox 2306 4663 2703 4722; x_wconf 83' lang='lat' dir='ltr'><strong>cognoverunt,</strong></span> <span class='ocrx_word' id='word_1_675' title='bbox 2732 4652 2822 4705; x_wconf 87' lang='lat' dir='ltr'><strong>ubi</strong></span> <span class='ocrx_word' id='word_1_676' title='bbox 2851 4652 2918 4706; x_wconf 90' lang='lat' dir='ltr'><strong>ad</strong></span> <span class='ocrx_word' id='word_1_677' title='bbox 2948 4651 3105 4720; x_wconf 85' lang='lat' dir='ltr'><strong>hujus</strong></span> <span class='ocrx_word' id='word_1_678' title='bbox 3131 4653 3250 4706; x_wconf 74' lang='lat' dir='ltr'><strong>vitae</strong></span> <span class='ocrx_word' id='word_1_679' title='bbox 3278 4652 3341 4706; x_wconf 84' lang='lat' dir='ltr'><strong>ii—</strong></span> 
     </span>
    </p>
   </div>
   <div class='ocr_carea' id='block_1_98' title="bbox 1772 4744 3339 4814">
    <p class='ocr_par' dir='ltr' id='par_1_98' title="bbox 1772 4744 3339 4814">
     <span class='ocr_line' id='line_1_98' title="bbox 1772 4744 3339 4814; baseline 0.001 -16"><span class='ocrx_word' id='word_1_680' title='bbox 1772 4760 1894 4798; x_wconf 90' lang='lat' dir='ltr'><strong>nem</strong></span> <span class='ocrx_word' id='word_1_681' title='bbox 1943 4745 2297 4811; x_wconf 89' lang='lat' dir='ltr'><strong>accesserint,</strong></span> <span class='ocrx_word' id='word_1_682' title='bbox 2345 4744 2488 4798; x_wconf 91' lang='lat' dir='ltr'><strong>viam</strong></span> <span class='ocrx_word' id='word_1_683' title='bbox 2536 4760 2689 4800; x_wconf 88' lang='lat' dir='ltr'><strong>suam</strong></span> <span class='ocrx_word' id='word_1_684' title='bbox 2734 4744 2802 4798; x_wconf 89' lang='lat' dir='ltr'><strong>ad</strong></span> <span class='ocrx_word' id='word_1_685' title='bbox 2854 4744 3339 4814; x_wconf 88' lang='lat' dir='ltr'><strong>incorruptionem,</strong></span> 
     </span>
    </p>
   </div>
   <div class='ocr_carea' id='block_1_99' title="bbox 1770 4834 3339 4907">
    <p class='ocr_par' dir='ltr' id='par_1_99' title="bbox 1770 4834 3339 4907">
     <span class='ocr_line' id='line_1_99' title="bbox 1770 4834 3339 4907; baseline -0.001 -18"><span class='ocrx_word' id='word_1_686' title='bbox 1770 4837 1925 4907; x_wconf 87' lang='lat' dir='ltr'><strong>quasi</strong></span> <span class='ocrx_word' id='word_1_687' title='bbox 1951 4836 2524 4907; x_wconf 89' lang='lat' dir='ltr'><strong>jampropinquiorem</strong></span> <span class='ocrx_word' id='word_1_688' title='bbox 2554 4835 2774 4900; x_wconf 85' lang='lat' dir='ltr'><strong>factam,</strong></span> <span class='ocrx_word' id='word_1_689' title='bbox 2815 4834 3108 4901; x_wconf 87' lang='lat' dir='ltr'><strong>intuentes,</strong></span> <span class='ocrx_word' id='word_1_690' title='bbox 3142 4837 3339 4889; x_wconf 89' lang='lat' dir='ltr'><strong>summi</strong></span> 
     </span>
    </p>
   </div>
   <div class='ocr_carea' id='block_1_100' title="bbox 1774 4924 3343 4995">
    <p class='ocr_par' dir='ltr' id='par_1_100' title="bbox 1774 4924 3343 4995">
     <span class='ocr_line' id='line_1_100' title="bbox 1774 4924 3343 4995; baseline -0.004 -12"><span class='ocrx_word' id='word_1_691' title='bbox 1774 4930 1866 4983; x_wconf 91' lang='lat' dir='ltr'><strong>Dei</strong></span> <span class='ocrx_word' id='word_1_692' title='bbox 1920 4943 2143 4983; x_wconf 89' lang='lat' dir='ltr'><strong>munera</strong></span> <span class='ocrx_word' id='word_1_693' title='bbox 2198 4927 2531 4990; x_wconf 85' lang='lat' dir='ltr'><strong>collaudaut,</strong></span> <span class='ocrx_word' id='word_1_694' title='bbox 2587 4925 2877 4993; x_wconf 84' lang='lat' dir='ltr'><strong>divinaque</strong></span> <span class='ocrx_word' id='word_1_695' title='bbox 2925 4924 3201 4995; x_wconf 88' lang='lat' dir='ltr'><strong>voluptate</strong></span> <span class='ocrx_word' id='word_1_696' title='bbox 3248 4927 3343 4977; x_wconf 86' lang='lat' dir='ltr'><strong>ad-</strong></span> 
     </span>
    </p>
   </div>
   <div class='ocr_carea' id='block_1_101' title="bbox 1774 5015 3341 5089">
    <p class='ocr_par' dir='ltr' id='par_1_101' title="bbox 1774 5015 3341 5089">
     <span class='ocr_line' id='line_1_101' title="bbox 1774 5015 3341 5089; baseline -0.006 -15"><span class='ocrx_word' id='word_1_697' title='bbox 1774 5020 2087 5089; x_wconf 90' lang='lat' dir='ltr'><strong>impleutur,</strong></span> <span class='ocrx_word' id='word_1_698' title='bbox 2142 5035 2247 5071; x_wconf 93' lang='lat' dir='ltr'><strong>non</strong></span> <span class='ocrx_word' id='word_1_699' title='bbox 2287 5018 2397 5086; x_wconf 84' lang='lat' dir='ltr'><strong>jam</strong></span> <span class='ocrx_word' id='word_1_700' title='bbox 2450 5015 2682 5082; x_wconf 84' lang='lat' dir='ltr'><strong>amplius</strong></span> <span class='ocrx_word' id='word_1_701' title='bbox 2729 5016 2962 5084; x_wconf 87' lang='lat' dir='ltr'><strong>perverti</strong></span> <span class='ocrx_word' id='word_1_702' title='bbox 3010 5023 3341 5075; x_wconf 73' lang='lat' dir='ltr'><strong>metuentes,</strong></span> 
     </span>
    </p>
   </div>
   <div class='ocr_carea' id='block_1_102' title="bbox 1772 5106 3339 5181">
    <p class='ocr_par' dir='ltr' id='par_1_102' title="bbox 1772 5106 3339 5181">
     <span class='ocr_line' id='line_1_102' title="bbox 1772 5106 3339 5181; baseline -0.006 -15"><span class='ocrx_word' id='word_1_703' title='bbox 1772 5117 1866 5167; x_wconf 81' lang='lat' dir='ltr'><strong>sed</strong></span> <span class='ocrx_word' id='word_1_704' title='bbox 1902 5113 2072 5181; x_wconf 80' lang='lat' dir='ltr'><strong>probe</strong></span> <span class='ocrx_word' id='word_1_705' title='bbox 2101 5119 2514 5180; x_wconf 84' lang='lat' dir='ltr'><strong>cognoscentes,</strong></span> <span class='ocrx_word' id='word_1_706' title='bbox 2529 5125 2588 5162; x_wconf 86' lang='lat' dir='ltr'><strong>se</strong></span> <span class='ocrx_word' id='word_1_707' title='bbox 2615 5110 2752 5162; x_wconf 86' lang='lat' dir='ltr'><strong>bona</strong></span> <span class='ocrx_word' id='word_1_708' title='bbox 2778 5118 2929 5176; x_wconf 81' lang='lat' dir='ltr'><strong>parta</strong></span> <span class='ocrx_word' id='word_1_709' title='bbox 2960 5106 3188 5160; x_wconf 85' lang='lat' dir='ltr'><strong>iirmiter</strong></span> <span class='ocrx_word' id='word_1_710' title='bbox 3215 5120 3339 5174; x_wconf 87' lang='lat' dir='ltr'><strong>per-</strong></span> 
     </span>
    </p>
   </div>
   <div class='ocr_carea' id='block_1_103' title="bbox 1770 5198 3421 5275">
    <p class='ocr_par' dir='ltr' id='par_1_103' title="bbox 1770 5198 3421 5275">
     <span class='ocr_line' id='line_1_103' title="bbox 1770 5198 3421 5275; baseline -0.005 -16"><span class='ocrx_word' id='word_1_711' title='bbox 1770 5216 2042 5275; x_wconf 85' lang='lat' dir='ltr'><strong>petuoque</strong></span> <span class='ocrx_word' id='word_1_712' title='bbox 2083 5216 2449 5273; x_wconf 89' lang='lat' dir='ltr'><strong>posscssuros.</strong></span> <span class='ocrx_word' id='word_1_713' title='bbox 2483 5202 2678 5255; x_wconf 78' lang='lat' dir='ltr'><strong>Verum</strong></span> <span class='ocrx_word' id='word_1_714' title='bbox 2722 5199 2810 5269; x_wconf 89' lang='lat' dir='ltr'><strong>qui</strong></span> <span class='ocrx_word' id='word_1_715' title='bbox 2839 5198 3338 5266; x_wconf 88' lang='lat' dir='ltr'><strong>iuiquitatibusue-</strong></span> <span class='ocrx_word' id='word_1_716' title='bbox 3406 5231 3421 5244; x_wconf 72' lang='grc'><strong>.</strong></span> 
     </span>
    </p>
   </div>
   <div class='ocr_carea' id='block_1_104' title="bbox 1357 5357 2037 5415">
    <p class='ocr_par' dir='ltr' id='par_1_104' title="bbox 1357 5357 2037 5415">
     <span class='ocr_line' id='line_1_104' title="bbox 1357 5357 2037 5415; baseline -0.003 0"><span class='ocrx_word' id='word_1_717' title='bbox 1357 5361 1592 5415; x_wconf 73' lang='lat' dir='ltr'><strong>VARhE</strong></span> <span class='ocrx_word' id='word_1_718' title='bbox 1630 5357 2037 5415; x_wconf 71' lang='lat' dir='ltr'><strong>LECTIONES.</strong></span> 
     </span>
    </p>
   </div>
   <div class='ocr_carea' id='block_1_105' title="bbox 177 5484 1238 5561">
    <p class='ocr_par' dir='ltr' id='par_1_105' title="bbox 177 5484 1238 5561">
     <span class='ocr_line' id='line_1_105' title="bbox 177 5484 1238 5561; baseline -0.009 -14"><span class='ocrx_word' id='word_1_719' title='bbox 177 5494 223 5525; x_wconf 77' lang='lat'><strong>&quot;</strong></span> <span class='ocrx_word' id='word_1_720' title='bbox 251 5490 516 5546; x_wconf 87' lang='lat' dir='ltr'><strong>articulus</strong></span> <span class='ocrx_word' id='word_1_721' title='bbox 546 5490 645 5561; x_wconf 84' lang='grc' dir='ltr'>τῆς</span> <span class='ocrx_word' id='word_1_722' title='bbox 672 5504 774 5561; x_wconf 84' lang='lat' dir='ltr'><strong>non</strong></span> <span class='ocrx_word' id='word_1_723' title='bbox 805 5499 882 5561; x_wconf 84' lang='lat' dir='ltr'><strong>est</strong></span> <span class='ocrx_word' id='word_1_724' title='bbox 915 5488 966 5561; x_wconf 82' lang='lat' dir='ltr'><strong>in</strong></span> <span class='ocrx_word' id='word_1_725' title='bbox 1000 5484 1056 5540; x_wconf 91' lang='lat' dir='ltr'><strong>S.</strong></span> <span class='ocrx_word' id='word_1_726' title='bbox 1087 5485 1142 5538; x_wconf 91' lang='lat' dir='ltr'><strong>P.</strong></span> <span class='ocrx_word' id='word_1_727' title='bbox 1178 5484 1238 5537; x_wconf 84' lang='lat' dir='ltr'><strong>i).</strong></span> 
     </span>
    </p>
   </div>
   <div class='ocr_carea' id='block_1_106' title="bbox 1332 5480 2060 5550">
    <p class='ocr_par' dir='ltr' id='par_1_106' title="bbox 1332 5480 2060 5550">
     <span class='ocr_line' id='line_1_106' title="bbox 1332 5480 2060 5550; baseline -0.007 -14"><span class='ocrx_word' id='word_1_728' title='bbox 1332 5483 1373 5515; x_wconf 81' lang='grc'>¹⁹</span> <span class='ocrx_word' id='word_1_729' title='bbox 1402 5482 1737 5550; x_wconf 82' lang='lat' dir='ltr'><strong>suhjungnut</strong></span> <span class='ocrx_word' id='word_1_730' title='bbox 1768 5481 1829 5538; x_wconf 79' lang='grc' dir='ltr'><strong>Ρ.</strong></span> <span class='ocrx_word' id='word_1_731' title='bbox 1859 5481 1918 5534; x_wconf 92' lang='lat' dir='ltr'><strong>D.</strong></span> <span class='ocrx_word' id='word_1_732' title='bbox 1962 5480 2060 5550; x_wconf 76' lang='lat' dir='ltr'>CII.</span> 
     </span>
    </p>
   </div>
   <div class='ocr_carea' id='block_1_107' title="bbox 2110 5471 3337 5549">
    <p class='ocr_par' dir='ltr' id='par_1_107' title="bbox 2110 5471 3337 5549">
     <span class='ocr_line' id='line_1_107' title="bbox 2110 5471 3337 5549; baseline -0.002 -20"><span class='ocrx_word' id='word_1_733' title='bbox 2110 5478 2183 5549; x_wconf 79' lang='grc' dir='ltr'>μὴ</span> <span class='ocrx_word' id='word_1_734' title='bbox 2210 5476 2482 5549; x_wconf 65' lang='grc' dir='ltr'>ἐλθοῦσαι,</span> <span class='ocrx_word' id='word_1_735' title='bbox 2520 5474 2676 5549; x_wconf 56' lang='lat' dir='ltr'><strong>Sent:</strong></span> <span class='ocrx_word' id='word_1_736' title='bbox 2703 5476 2970 5544; x_wconf 88' lang='lat' dir='ltr'><strong>sequitur.</strong></span> <span class='ocrx_word' id='word_1_737' title='bbox 3046 5471 3337 5549; x_wconf 61' lang='lat' dir='ltr'><strong>&#39;_°_antiqua</strong></span> 
     </span>
    </p>
   </div>
   <div class='ocr_carea' id='block_1_108' title="bbox 97 5543 3338 5627">
    <p class='ocr_par' dir='ltr' id='par_1_108' title="bbox 97 5543 3338 5627">
     <span class='ocr_line' id='line_1_108' title="bbox 97 5543 3338 5627; baseline -0.006 -12"><span class='ocrx_word' id='word_1_738' title='bbox 97 5563 141 5616; x_wconf 89' lang='lat' dir='ltr'><strong>in</strong></span> <span class='ocrx_word' id='word_1_739' title='bbox 162 5565 229 5617; x_wconf 78' lang='grc' dir='ltr'><strong>Μ.</strong></span> <span class='ocrx_word' id='word_1_740' title='bbox 428 5543 720 5621; x_wconf 64' lang='grc' dir='ltr'>Ιοοιὶο’ὖει,</span> <span class='ocrx_word' id='word_1_741' title='bbox 743 5558 817 5622; x_wconf 79' lang='grc' dir='ltr'>ὡς</span> <span class='ocrx_word' id='word_1_742' title='bbox 844 5558 1181 5627; x_wconf 85' lang='grc' dir='ltr'>ἀνάρμοστον</span> <span class='ocrx_word' id='word_1_743' title='bbox 1206 5556 1397 5627; x_wconf 81' lang='grc' dir='ltr'>αὑταῖς</span> <span class='ocrx_word' id='word_1_744' title='bbox 1438 5543 1951 5627; x_wconf 32' lang='grc' dir='ltr'>οὖσανῖὴνλθεοειδῆ</span> <span class='ocrx_word' id='word_1_745' title='bbox 1979 5543 2123 5627; x_wconf 58' lang='grc' dir='ltr'>ζωὴν</span> <span class='ocrx_word' id='word_1_746' title='bbox 2154 5543 2549 5627; x_wconf 38' lang='grc' dir='ltr'>καὶμακαρίαν</span> <span class='ocrx_word' id='word_1_747' title='bbox 2578 5545 2751 5626; x_wconf 61' lang='grc' dir='ltr'>λῇξιν,</span> <span class='ocrx_word' id='word_1_748' title='bbox 2785 5543 3158 5627; x_wconf 50' lang='lat' dir='ltr'><strong>quatitureddit</strong></span> <span class='ocrx_word' id='word_1_749' title='bbox 3187 5543 3338 5597; x_wconf 76' lang='lat' dir='ltr'><strong>Sent.</strong></span> 
     </span>
    </p>
   </div>
   <div class='ocr_carea' id='block_1_109' title="bbox 96 5626 1515 5697">
    <p class='ocr_par' dir='ltr' id='par_1_109' title="bbox 96 5626 1515 5697">
     <span class='ocr_line' id='line_1_109' title="bbox 96 5626 1515 5697; baseline -0.011 -8"><span class='ocrx_word' id='word_1_750' title='bbox 96 5634 130 5665; x_wconf 85' lang='lat'><strong>&quot;</strong></span> <span class='ocrx_word' id='word_1_751' title='bbox 170 5636 225 5689; x_wconf 87' lang='lat' dir='ltr'><strong>in</strong></span> <span class='ocrx_word' id='word_1_752' title='bbox 258 5632 429 5687; x_wconf 84' lang='lat' dir='ltr'><strong>dandi</strong></span> <span class='ocrx_word' id='word_1_753' title='bbox 462 5646 592 5684; x_wconf 88' lang='lat' dir='ltr'><strong>casu</strong></span> <span class='ocrx_word' id='word_1_754' title='bbox 625 5631 919 5697; x_wconf 77' lang='lat' dir='ltr'><strong>corrigitur</strong></span> <span class='ocrx_word' id='word_1_755' title='bbox 956 5626 1030 5681; x_wconf 81' lang='lat' dir='ltr'><strong>in</strong></span> <span class='ocrx_word' id='word_1_756' title='bbox 1060 5626 1248 5697; x_wconf 63' lang='lat' dir='ltr'><strong>codice</strong></span> <span class='ocrx_word' id='word_1_757' title='bbox 1290 5626 1403 5697; x_wconf 78' lang='lat' dir='ltr'><strong>Sat.</strong></span> <span class='ocrx_word' id='word_1_758' title='bbox 1451 5626 1515 5697; x_wconf 77' lang='grc' dir='ltr'>τῇ</span> 
     </span>
    </p>
   </div>
   <div class='ocr_carea' id='block_1_110' title="bbox 1577 5621 1952 5691">
    <p class='ocr_par' dir='ltr' id='par_1_110' title="bbox 1577 5621 1952 5691">
     <span class='ocr_line' id='line_1_110' title="bbox 1577 5621 1952 5691; baseline -0.003 -18"><span class='ocrx_word' id='word_1_759' title='bbox 1577 5621 1952 5691; x_wconf 86' lang='grc' dir='ltr'>θεοειδεστάτῃ</span> 
     </span>
    </p>
   </div>
   <div class='ocr_carea' id='block_1_111' title="bbox 2009 5616 3342 5689">
    <p class='ocr_par' dir='ltr' id='par_1_111' title="bbox 2009 5616 3342 5689">
     <span class='ocr_line' id='line_1_111' title="bbox 2009 5616 3342 5689; baseline -0.005 -19"><span class='ocrx_word' id='word_1_760' title='bbox 2009 5616 2141 5689; x_wconf 77' lang='grc' dir='ltr'>ζωῇ.</span> <span class='ocrx_word' id='word_1_761' title='bbox 2162 5688 2177 5689; x_wconf 22' lang='lat'><em>7</em></span> <span class='ocrx_word' id='word_1_762' title='bbox 2222 5616 2413 5685; x_wconf 69' lang='lat' dir='ltr'><strong>“lege</strong></span> <span class='ocrx_word' id='word_1_763' title='bbox 2434 5616 2773 5679; x_wconf 78' lang='grc' dir='ltr'>ἀδικοῦντες,</span> <span class='ocrx_word' id='word_1_764' title='bbox 2802 5617 3077 5689; x_wconf 74' lang='lat' dir='ltr'><strong>codicibus</strong></span> <span class='ocrx_word' id='word_1_765' title='bbox 3108 5629 3342 5689; x_wconf 73' lang='lat' dir='ltr'><strong>consen-</strong></span> 
     </span>
    </p>
   </div>
   <div class='ocr_carea' id='block_1_112' title="bbox 98 5680 3341 5761">
    <p class='ocr_par' dir='ltr' id='par_1_112' title="bbox 98 5680 3341 5761">
     <span class='ocr_line' id='line_1_112' title="bbox 98 5680 3341 5761; baseline -0.005 -7"><span class='ocrx_word' id='word_1_766' title='bbox 98 5680 666 5759; x_wconf 51' lang='lat' dir='ltr'><strong>uet&#39;dibbs&#39;ftta&#39;éitam</strong></span> <span class='ocrx_word' id='word_1_767' title='bbox 702 5680 873 5753; x_wconf 58' lang='lat' dir='ltr'><strong>editio</strong></span> <span class='ocrx_word' id='word_1_768' title='bbox 904 5696 1160 5753; x_wconf 88' lang='lat' dir='ltr'><strong>Lansellii</strong></span> <span class='ocrx_word' id='word_1_769' title='bbox 1193 5694 1420 5750; x_wconf 82' lang='lat' dir='ltr'><strong>Parisiis</strong></span> <span class='ocrx_word' id='word_1_770' title='bbox 1462 5680 1621 5747; x_wconf 72' lang='lat' dir='ltr'><strong>tius.</strong></span> <span class='ocrx_word' id='word_1_771' title='bbox 1664 5692 1709 5723; x_wconf 75' lang='grc' dir='ltr'>υ</span> <span class='ocrx_word' id='word_1_772' title='bbox 1736 5680 2031 5761; x_wconf 69' lang='grc' dir='ltr'>ὁμοιοεὶδῆ,</span> <span class='ocrx_word' id='word_1_773' title='bbox 2063 5680 2121 5743; x_wconf 69' lang='grc' dir='ltr'><strong>ιιϊ</strong></span> <span class='ocrx_word' id='word_1_774' title='bbox 2153 5688 2275 5742; x_wconf 82' lang='lat' dir='ltr'><strong>Sar.</strong></span> <span class='ocrx_word' id='word_1_775' title='bbox 2340 5680 2387 5719; x_wconf 62' lang='grc' dir='ltr'><strong>ει</strong></span> <span class='ocrx_word' id='word_1_776' title='bbox 2413 5689 2776 5758; x_wconf 85' lang='grc' dir='ltr'>μακαριστήν,</span> <span class='ocrx_word' id='word_1_777' title='bbox 2806 5688 2861 5739; x_wconf 88' lang='lat' dir='ltr'><strong>s.</strong></span> <span class='ocrx_word' id='word_1_778' title='bbox 2897 5686 2955 5740; x_wconf 76' lang='grc' dir='ltr'><strong>ι».</strong></span> <span class='ocrx_word' id='word_1_779' title='bbox 2994 5689 3051 5738; x_wconf 90' lang='lat' dir='ltr'><strong>n.</strong></span> <span class='ocrx_word' id='word_1_780' title='bbox 3129 5686 3175 5716; x_wconf 74' lang='grc' dir='ltr'>π</span> <span class='ocrx_word' id='word_1_781' title='bbox 3207 5685 3341 5738; x_wconf 58' lang='lat' dir='ltr'><strong>am.</strong></span> 
     </span>
    </p>
   </div>
   <div class='ocr_carea' id='block_1_113' title="bbox 97 5771 540 5838">
    <p class='ocr_par' dir='ltr' id='par_1_113' title="bbox 97 5771 540 5838">
     <span class='ocr_line' id='line_1_113' title="bbox 97 5771 540 5838; baseline -0.009 -12"><span class='ocrx_word' id='word_1_782' title='bbox 97 5774 290 5838; x_wconf 78' lang='grc' dir='ltr'>πέσειε,</span> <span class='ocrx_word' id='word_1_783' title='bbox 324 5773 387 5825; x_wconf 86' lang='lat' dir='ltr'><strong>D.</strong></span> <span class='ocrx_word' id='word_1_784' title='bbox 416 5771 487 5825; x_wconf 87' lang='lat' dir='ltr'><strong>Sa</strong></span> <span class='ocrx_word' id='word_1_785' title='bbox 497 5788 540 5823; x_wconf 91' lang='lat' dir='ltr'><strong>r.</strong></span> 
     </span>
    </p>
   </div>
   <div class='ocr_carea' id='block_1_114' title="bbox 372 5864 919 5927">
    <p class='ocr_par' dir='ltr' id='par_1_114' title="bbox 372 5864 919 5927">
     <span class='ocr_line' id='line_1_114' title="bbox 372 5864 919 5927; baseline -0.007 -1"><span class='ocrx_word' id='word_1_786' title='bbox 372 5869 646 5927; x_wconf 73' lang='grc' dir='ltr'>ΡΑτιιοι..</span> <span class='ocrx_word' id='word_1_787' title='bbox 679 5866 795 5923; x_wconf 71' lang='lat' dir='ltr'><strong>(in.</strong></span> <span class='ocrx_word' id='word_1_788' title='bbox 832 5864 919 5922; x_wconf 83' lang='grc' dir='ltr'><strong>ιιι</strong></span> 
     </span>
    </p>
   </div>
   <div class='ocr_carea' id='block_1_115' title="bbox 2994 5850 3063 5908">
    <p class='ocr_par' dir='ltr' id='par_1_115' title="bbox 2994 5850 3063 5908">
     <span class='ocr_line' id='line_1_115' title="bbox 2994 5850 3063 5908; baseline 0.043 -3"><span class='ocrx_word' id='word_1_789' title='bbox 2994 5850 3063 5908; x_wconf 75' lang='lat' dir='ltr'><strong>iS</strong></span> 
     </span>
    </p>
   </div>
  </div>
