3730 6322
345 332 448 392 9.55

1500 335 1559 392 S.
1597 334 1894 392 DIONYSII
1933 335 2392 392 AREOPAGITIE

3486 348 3580 403 556

365 454 603 520 ariisque
650 445 946 502 sceleribus
989 453 1119 499 sunt
1162 425 1430 515 cooperti,
1485 449 1758 516 siquidem
1807 448 1876 500 ali

2065 446 2212 500 κείου
2259 447 2377 512 νοὸς
2425 448 2680 520 ὀλεθρίως
2708 451 3205 524 ἀπορραπίσαντες,
3230 456 3324 509 ἐπὶ
3347 455 3445 520 τὰς
3468 459 3581 528 φίτυ-

340 561 502 616 qnam
550 556 761 597 sacram
815 539 1100 595 hauserint
1156 540 1598 606 instructionem,
1649 555 1821 610 eaque
1843 554 1911 594 ex

340 635 521 688 animo
545 631 847 703 perniciose
873 629 1082 696 abjecta
1115 631 1179 682 ad
1209 631 1583 699 corruptrices
1610 631 1914 702 voluptates

338 735 534 796 sponte
552 739 646 778 sua
669 721 908 776 devoluti
937 721 1160 782 fuerint.
1211 737 1331 777 cum
1353 723 1464 792 jam
1500 725 1565 777 ad
1596 725 1720 777 vitae
1752 724 1911 778 linem

338 813 703 884 pervenerint,
750 811 990 880 nonjam
1024 813 1106 867 eis
1140 814 1227 867 lex
1271 815 1451 868 divina
1491 818 1913 886 aequedespica-

336 907 465 961 bilis
493 904 798 975 apparebit,
847 906 939 959 sed
967 905 1306 974 perniciosas
1337 907 1649 974 passionum
1687 921 1909 961 suarum

337 997 643 1065 voluptates
676 995 796 1050 aliis
815 997 972 1064 longe
995 996 1168 1050 oculis
1181 996 1527 1063 aspicientes,
1552 1007 1909 1067 sanctamque

334 1089 521 1151 vitam,
547 1104 709 1156 quam
736 1088 1109 1157 imprudenter
1133 1088 1508 1155 neglexerunt,
1530 1089 1744 1142 beatam
1769 1104 1909 1157 pra:-

334 1181 593 1244 dicantes,
619 1180 800 1234 miseri
824 1189 878 1234 et
909 1181 1062 1234 inviti
1091 1195 1157 1233 ex
1180 1181 1285 1234 hac
1310 1181 1416 1233 vita
1446 1182 1742 1242 decedunt,
1779 1197 1907 1250 pro-

334 1283 454 1342 pter
497 1273 660 1325 vitam
709 1287 865 1326 suam
929 1273 1217 1341 pessimam
1251 1271 1396 1326 nulla
1425 1283 1610 1326 sancta
1643 1287 1736 1341 spe
1763 1271 1904 1326 lulti.

2014 545 2264 614 ροποιοὺς
2308 545 2684 618 ηὐτομόλησαν
2730 549 3042 620 ἐπιθυμίας,
3083 551 3210 604 ὅταν
3236 554 3333 608 ἐπὶ
3358 556 3420 608 τὸ
3441 559 3581 623 τέλος

2011 634 2276 705 ἔρχωνται
2329 635 2430 706 τῆς
2474 638 2660 692 ὲνθάδε
2717 640 2880 711 ζωῆς,
2911 641 3120 696 οὐκέτι
3160 643 3364 715 ὁμοίως
3407 647 3579 717 αὐτοῖς

2010 726 2479 798 εὐκαταφρόνητος
2505 733 2753 798 φανεῖται
2778 733 2823 763 ¹⁶
2844 733 2953 785 τῶν
2976 734 3171 802 λογίων
3192 739 3224 808 ἠ
3249 737 3372 792 Θεία
3397 739 3583 811 θεσμο-

2011 816 2185 879 θεσία,
2234 817 2333 881 τὰς
2387 818 2682 890 ὀλλυμένας
2710 821 2766 875 δὲ
2789 823 2897 876 τῶν
2919 826 3134 879 οἰκείων
3168 827 3361 882 παθῶν
3403 831 3582 902 ἡδονὰς

2010 909 2215 998 έτέροις
2245 910 2555 998 μὸφθαλμοῖς
2603 916 3092 987 ὲπισκοπήσαντες,
3142 923 3237 974 καὶ
3285 923 3389 992 τὴν
3442 925 3582 998 ίεράν

2007 997 2184 1069 ζωὴν,
2237 995 2304 1071 ἧς
2353 1001 2592 1073 ἀνοήτως
2657 1007 3080 1072 ὲκπεπτὼκασι,
3149 995 3582 1085 μακαρίσαντες,

2005 1092 2254 1158 ἐλεεινῶς
2282 1095 2377 1147 καὶ
2422 1095 2733 1168 ἀϐουλήτως
2776 1100 3158 1171 ἀποσχίζονται
3182 1107 3276 1160 τοῦ
3299 1109 3428 1180 τῇδε
3453 1111 3579 1181 βίου,

2005 1185 2142 1255 πρὸς
2173 1187 2442 1274 μηδεμίαν
2472 1189 2622 1260 ίεράν
2644 1189 2834 1244 ἐλπίδα
2857 1197 3358 1268 χειραγωγούμενοι
3382 1202 3471 1256 διὰ
3491 1205 3584 1274 τὴν

2003 1275 2282 1347 χειρίστην
2317 1273 2482 1348 ζωήν.

1874 1385 2044 1463 §lll.

401 1493 668 1562 Quoniam
724 1504 906 1546 autem
937 1494 988 1546 in
1041 1500 1356 1546 sanctorum
1407 1491 1902 1547 obdormitionihus

331 1588 469 1644 nihil
523 1591 714 1643 horum
762 1589 982 1650 accidit,
1015 1587 1060 1639 is
1089 1587 1178 1654 qui
1211 1597 1468 1653 properat
1498 1586 1563 1637 ad
1592 1585 1751 1639 linem
1781 1600 1902 1638 cer-

334 1680 597 1733 taminum
630 1694 850 1732 suorum
879 1686 1065 1731 sancta
1091 1677 1322 1744 quadam
1355 1675 1536 1729 laetitia
1574 1674 1900 1743 completur,

333 1784 638 1838 magnaque
686 1783 815 1824 cum
866 1767 1206 1836 jucunditale
1253 1781 1422 1821 sacra:
1480 1768 1904 1836 regenerationis

333 1864 438 1916 iter
469 1861 786 1931 ingreditur.
822 1859 1116 1927 Propinqui
1149 1867 1329 1912 autem
1355 1859 1474 1928 ejus
1498 1861 1589 1929 qui
1618 1860 1902 1914 defunc'us

329 1954 490 2025 265
520 1963 622 2018 est,
677 1969 776 2022 pro
816 1952 940 2022 jure
991 1952 1188 2004 divin:e
1227 1952 1645 2021 propinquitatis
1677 1969 1742 2008 ac
1792 1970 1901 2007 mo-

329 2064 446 2100 rum
480 2045 857 2105 similitudine.
892 2043 1107 2097 beatum
1136 2045 1334 2112 ipsum,
1370 2044 1443 2097 uti
1473 2060 1600 2099 vere
1627 2057 1734 2110 est,
1764 2060 1901 2114 pra:-

325 2139 528 2201 dicant,
565 2139 708 2206 quod
743 2137 811 2190 ad
854 2145 1100 2206 optatqu
1154 2135 1398 2190 victoria:
1438 2137 1682 2190 bravimn
1713 2153 1900 2206 perve-

327 2231 486 2295 ltt‘lil,
527 2229 846 2295 auctorique
888 2229 1134 2282 victoria:
1179 2228 1393 2283 cantica
1435 2229 1731 2297 gratiarum
1781 2231 1894 2284 sol-

325 2333 478 2382 vunt.
532 2331 693 2388 atque
724 2319 828 2372 sibi
869 2318 1103 2374 similent
1152 2329 1357 2374 sortem
1403 2330 1630 2389 Optant;
1667 2322 1899 2390 denique

326 2421 669 2468 assumentes
699 2414 874 2480 ipsum
911 2411 975 2464 ad
1006 2411 1304 2466 antistitem
1358 2420 1595 2478 portant,
1627 2415 1780 2480 quasi
1806 2429 1897 2466 sa-

326 2507 436 2559 cris
464 2505 686 2558 coronis
717 2503 1108 2557 munerandum
1144 2521 1159 2570 ;
1204 2504 1292 2572 qui
1326 2503 1556 2557 libenter
1577 2519 1700 2558 eum
1729 2505 1899 2558 suSci-

325 2596 425 2666 pit,
456 2610 628 2665 eaque
647 2595 791 2664 justa
817 2594 1046 2664 peragit,
1092 2610 1212 2664 qua:
1236 2596 1421 2650 divino
1469 2597 1717 2651 instituto
1739 2598 1894 2653 exhi-

323 2686 520 2740 bentur
551 2687 615 2742 iis
644 2686 734 2755 qui
765 2695 952 2740 sancte
981 2686 1410 2740 obdormierunt.

357 2801 420 2855 11.
461 2799 769 2870 Hysterium
809 2817 967 2868 super
993 2802 1074 2853 his
1103 2801 1194 2870 qui
1223 2813 1402 2856 sancte
1441 2795 1860 2860 obdormiertmt.

2082 1486 2297 1540 Τούτων
2319 1488 2377 1541 δὲ
2395 1489 2610 1554 οὐδενὸς
2654 1494 2971 1564 γιγνομένου
3017 1498 3156 1552 κατά
3177 1501 3278 1563 τὰς
3306 1505 3584 1573 κοιμήσεις

2005 1581 2113 1634 τῶν
2139 1581 2302 1653 ἱερῶν
2348 1582 2580 1654 ἀνδρῶν,
2606 1586 2772 1650 αὐτὸς
2807 1589 2906 1658 μὲν
2930 1589 2958 1640 ὁ
2989 1591 3125 1660 πρὸς
3146 1591 3209 1645 τὸ
3236 1593 3414 1664 πέρας
3439 1595 3586 1666 ὲρχὸ-

2009 1691 2168 1743 μενος
2209 1674 2319 1729 τῶν
2355 1675 2571 1728 οἰκείων
2623 1676 2848 1745 ἀγώνων
2889 1680 3226 1754 εὐφροσύνης
3264 1686 3419 1755 ἱερᾶς
3454 1687 3584 1740 ἀπο-

2006 1765 2330 1836 πληροῦται,
2368 1769 2462 1830 καὶ
2492 1768 2587 1820 σὺν
2634 1769 2796 1841 ἡδονῇ
2839 1770 3005 1843 πολλῇ
3035 1774 3172 1845 πρὸς
3198 1775 3299 1847 τὴν
3326 1777 3446 1830 ὁδὸν
3472 1779 3582 1831 ὲπι-

2004 1858 2178 1912 ϐαίνει
2201 1859 2303 1929 τῆς
2344 1861 2495 1932 ἱερᾶς
2542 1860 2974 1930 παλιγγενεσίας.
3009 1865 3071 1918 Ol
3101 1865 3158 1918 δὲ
3180 1866 3276 1920 τοῦ
3301 1869 3585 1940 κοιμηθέν-

2001 1969 2094 2015 τος
2142 1953 2354 2016 οἰκεῖοι,
2409 1951 2552 2005 κατά
2596 1952 2696 2024 τὴν
2741 1953 2892 2008 θείαν
2914 1957 3222 2028 οἰκειότητα
3247 1961 3342 2012 καὶ
3363 1963 3583 2033 ὁμοτρο-

2003 2043 2154 2107 πίαν,
2202 2043 2362 2096 αὐτόν
2409 2060 2489 2105 τε,
2532 2044 2680 2108 ὅστις
2706 2043 2824 2097 ἐστὶ
2854 2046 2919 2109 ³⁷,
2954 2048 3341 2119 μακαρίζουσι,
3374 2051 3510 2123 πρὸς
3527 2053 3582 2106 τὸ

2003 2136 2295 2207 νικηφόρον
2337 2136 2604 2200 εὐκταίως
2645 2137 2970 2209 ἀφικόμενον
2991 2140 3143 2204 τέλος
3168 2143 3234 2207 ’⁸,
3273 2145 3369 2198 καὶ
3389 2144 3469 2215 τῷ
3489 2145 3582 2216 τῆς

2001 2229 2158 2299 νίκης
2206 2229 2362 2300 αἰτίῳ
2397 2230 2781 2302 χαριστηρίους
2813 2229 2954 2302 ᾠδὰς
2978 2233 3385 2307 ἀναπέμπουσι,
3413 2255 3581 2310 προσ-

2002 2318 2082 2370 έτι
2107 2318 2200 2370 καὶ
2238 2320 2434 2384 αὐτοὺς
2461 2320 2753 2390 ἀφικέσθαι
2781 2321 2915 2394 πρὸς
2937 2322 3035 2395 τὴν
3071 2326 3268 2396 ὁμοίαν
3302 2327 3580 2400 εὐχόμενοι

2001 2408 2150 2481 λῆξιν
2169 2428 2181 2440 ·
2211 2410 2466 2478 λαϐόντες
2501 2414 2557 2466 δὲ
2591 2413 2772 2479 αὐτὸν,
2808 2414 2900 2467 ἐπὶ
2931 2415 3023 2469 τὸν
3054 2419 3317 2491 ίεράρχην
3341 2422 3578 2488 ἄγουσιν,

2001 2498 2076 2562 ὡς
2112 2501 2205 2553 ἐπὶ
2254 2503 2532 2570 στεφάνων
2563 2502 2725 2575 ἱερῶν
2771 2503 2915 2558 δόσιν
2933 2521 2946 2535 ο
2974 2508 3002 2559 ὁ
3029 2507 3086 2561 δὲ
3113 2509 3370 2579 ἀσμένως
3398 2511 3580 2565 ὐποδέ-

2001 2609 2176 2662 χεται,
2232 2595 2327 2646 καὶ
2377 2594 2522 2648 τελεῖ
2563 2596 2632 2649 τά
2679 2597 2818 2650 κατά
2877 2597 3076 2670 θεσμὸν
3120 2602 3283 2674 ἱερῶν
3338 2604 3432 2657 ἐπὶ
3473 2607 3578 2668 τοῖς

1999 2683 2161 2748 ὁσίως
2185 2687 2228 2717 ²⁹
2256 2703 2406 2738 κεκοι
2415 2704 2487 2758 μη
2497 2687 2679 2757 μένοις
2703 2688 3023 2759 τελούμενα.

2095 2801 2162 2852 ll.
2204 2801 2554 2870 Μυστήριον
2572 2803 2669 2857 ἐπὶ
2694 2802 2812 2857 τῶν
2827 2805 2998 2873 ὶερῶς
3021 2810 3488 2878 κεκοιμημένων.

391 2893 591 2947 Coacto
621 2902 764 2945 reatu
818 2883 1000 2956 sacro,
1049 2890 1262 2944 divinus
1301 2893 1549 2959 antistes,
1603 2895 1645 2948 si
1678 2896 1876 2962 quiden

2071 2892 2398 2962 Συναγαγὼν
2420 2896 2448 2946 ὁ
2477 2893 2619 2958 θεῖος
2659 2897 2920 2968 ίεράρχης
2959 2896 3051 2950 τὸν
3085 2899 3226 2970 ἱερὸν
3249 2902 3412 2972 χορὸν
3439 2902 3504 2965 ³ο,
3531 2904 3578 2956 εί

321 2984 377 3038 iu
419 2983 591 3038 sacris
640 2981 933 3050 l’ueratqui
981 2980 1334 3046 obdormivit,
1363 2993 1490 3036 ante
1539 2983 1782 3038 divinum
1809 2986 1896 3062 al—.

319 3085 440 3130 tare
487 3074 635 3128 illum
686 3072 983 3135 inclinans,
1032 3072 1153 3126 inﬁt
1201 3073 1502 3127 orationem
1553 3076 1617 3127 ad
1650 3076 1812 3129 Deum
1839 3087 1894 3132 et

319 3168 614 3238 gratiarum
666 3166 940 3220 actionem
970 3181 986 3228 ;
1014 3165 1096 3218 sin
1144 3174 1320 3219 autem
1369 3167 1574 3220 sanctis
1613 3170 1893 3225 monachis

317 3268 577 3314 sanctove
625 3255 822 3327 populo
870 3264 1261 3310 annumeratus
1308 3254 1508 3322 fuerat,
1535 3258 1603 3311 ad
1629 3273 1894 3314 veneran-

317 3352 444 3403 dum
471 3350 768 3404 sacrarium
795 3357 921 3404 ante
952 3349 1296 3403 sacerdotum
1325 3349 1610 3404 introitum
1639 3351 1888 3406 collocat.

316 3440 520 3494 Praesul
569 3440 765 3495 deinde
811 3441 1020 3511 peragit
1062 3441 1127 3492 ad
1157 3440 1323 3493 Deum
1374 3455 1590 3510 precem
1614 3444 1891 3514 etgratia—

319 3547 436 3588 rum
487 3531 756 3586 actionem
788 3547 804 3595 ;
831 3533 1090 3602 deinceps
1118 3547 1252 3587 vero
1297 3533 1532 3600 diaconi,
1585 3536 1890 3591 verissimis

315 3623 382 3674 de
425 3621 822 3677 resurrectione
866 3625 1173 3693 promissis,
1202 3639 1320 3693 quae
1344 3626 1543 3680 divinis
1576 3626 1882 3696 Scripturis

315 3711 519 3767 inserta
549 3721 695 3775 sunt,
723 3707 987 3779 recitatis,
1023 3715 1213 3769 iisdem
1240 3731 1476 3770 consona
1529 3728 1694 3787 atque
1719 3721 1888 3788 aequi-

311 3805 548 3862 valentia
611 3805 947 3861 Psalmorum
1009 3807 1226 3862 cantica
1271 3809 1754 3865 concinuntztum
1801 3829 1890 3866 ar-

308 3896 666 3952 chidiaconus
689 3898 1114 3952 catechumenos
1151 3899 1394 3967 dimittit,
1423 3913 1752 3972 sanctosque
1770 3904 1882 3974 jam

310 3991 593 4046 defunctos
621 4002 1033 4057 commemorat,
1063 3993 1258 4062 quibus
1285 4009 1474 4049 recens
1498 3995 1604 4050 vita
1639 3995 1883 4053 functum

308 4083 578 4137 consimili
643 4086 1170 4140 commemoratione
1220 4097 1406 4143 censet
1459 4091 1882 4160 aggregaudum,

310 4174 666 4244 hortaturque
716 4191 930 4242 omnes,
959 4176 1033 4231 illi
1060 4191 1116 4231 ut
1145 4179 1361 4233 beatum
1396 4182 1445 4233 in
1475 4181 1692 4237 Christo
1721 4183 1879 4236 linem

2001 2986 2107 3057 μὴν
2129 2986 2172 3016 ³¹
2210 2986 2487 3056 ἱερατικῆς
2537 2986 2777 3055 ἐγεγόνει
2822 2988 3026 3054 τάξεως
3079 2993 3108 3043 ὁ
3157 2996 3575 3065 κεκοιμημένος,

1997 3071 2324 3144 ἐπίπροσθεν
2351 3072 2443 3126 τοῦ
2470 3073 2613 3126 θείου
2643 3073 3028 3147 θυσιαστηρίου
3044 3078 3378 3143 κατακλίνας
3399 3082 3576 3146 αὐτὸν,

1996 3164 2298 3236 ἀπάρχεται
2330 3165 2431 3234 τῆς
2459 3151 2595 3235 πρὸς
2619 3164 2748 3217 Θεὸν
2796 3165 2960 3236 εὐχῆς
2986 3168 3082 3221 καὶ
3116 3169 3503 3240 εὐχαριστίαςο
3529 3175 3575 3228 εί

1994 3256 2051 3309 δὲ
2097 3259 2210 3319 τοῖς
2268 3255 2487 3323 εὐαγέσι
2535 3256 2790 3325 μοναχοῖς
2821 3255 2854 3326 ἢ
2883 3254 2960 3325 τῷ
3009 3255 3140 3326 ίερῷ
3193 3257 3308 3328 λαῷ
3360 3261 3576 3313 κατετέ-

1993 3366 2159 3401 τακτο
2185 3347 2411 3418 ³³,παρά
2430 3347 2491 3400 τὸ
2527 3347 2707 3417 τίμιον
2750 3347 3012 3416 ίερατεῖον
3056 3347 3216 3402 αὐτὸν
3261 3351 3574 3406 κατακλίνει

1994 3439 2101 3510 πρὸ
2124 3438 2223 3508 τῆς
2248 3437 2529 3509 ἱερατικῆς
2569 3436 2938 3499 είσελεύσεως.
2987 3433 3118 3490 Εἶτα
3141 3439 3287 3492 τελεῖ
3315 3439 3417 3512 τὴν
3444 3442 3575 3513 πρὸς

1992 3532 2123 3586 Θεὸν
2155 3533 2566 3604 εὐχαριστήριον
2597 3529 2758 3600 εὐχὴν
2787 3531 2816 3582 ὁ
2840 3529 3098 3600 ίεράρχης
3118 3547 3132 3560 ο
3155 3530 3285 3600 ἑξῆς
3316 3532 3376 3586 δὲ
3409 3536 3457 3586 οἱ
3478 3534 3576 3587 λει.

1991 3624 2207 3693 τουργοὶ
2228 3622 2326 3686 τάς
2347 3624 2404 3674 ὲν
2428 3622 2543 3685 τοῖς
2587 3620 2752 3684 θείοις
2774 3619 2976 3687 λογίοις
3005 3619 3388 3692 ὲμφερομένας
3405 3624 3572 3693 ἀψευ-

1989 3716 2100 3779 δεῖς
2126 3714 2459 3783 ἐπαγγελίας
2501 3715 2628 3784 περὶ
2676 3713 2777 3782 τῆς
2814 3715 2964 3784 ἱερᾶς
3011 3712 3172 3784 ἡμῶν
3223 3714 3574 3780 ἀναστάσεως

1990 3809 2332 3877 ἀναγνόντες,
2366 3807 2527 3878 ίερῶς
2573 3805 2754 3876 ᾄδουσι
2805 3803 2905 3868 τάς
2931 3803 3228 3874 ὁμολόγους
3258 3805 3356 3858 καὶ
3384 3807 3575 3860 ταύτο-

1987 3900 2254 3971 δυνάμους
2283 3899 2390 3952 τῶν
2417 3896 2704 3968 ψαλμικῶν
2740 3895 2933 3964 λογίων
2973 3895 3145 3965 ᾠδάς⁹
3180 3891 3300 3948 εἶτα
3322 3897 3434 3948 τῶν
3463 3897 3573 3950 λει-

1986 3989 2231 4062 τουργῶν
2255 3991 2282 4044 ὁ
2308 3989 2519 4061 πρῶτος
2562 3987 2787 4040 ἀπολύει
2830 3987 2958 4050 τοὺς
2985 3986 3453 4058 κατηχουμένους,
3479 3989 3574 4042 καὶ

1986 4082 2350 4154 ὰνακηρύττει
2369 4083 2495 4145 τοὺς
2530 4082 2632 4152 ήδη
2657 4079 3088 4151 κεκοιμημένους
3113 4079 3325 4148 ἁγίους,
3355 4082 3474 4152 μεθ’
3496 4075 3574 4135 ὧν

1985 4173 2128 4239 ἀξιοί
2161 4173 2253 4226 τὸν
2281 4173 2406 4243 ἄρτι
2433 4170 2788 4224 τελειωθέντα
2832 4169 2933 4239 τῆς
2973 4167 3279 4239 ὁμωαγοῦς
3327 4172 3573 4244 ἀναρῤή-

309 4272 539 4331 petant;
575 4273 686 4317 tum
714 4267 982 4321 accedens
1027 4267 1244 4322 divinus
1289 4269 1518 4324 antistes
1544 4286 1757 4339 precem
1790 4288 1876 4324 su~

2065 4283 2143 4329 υς,
2170 4265 2264 4318 καὶ
2297 4263 2663 4336 προτρέπεται
2706 4263 2912 4327 πάντας
2956 4261 3174 4333 αἰτῆσαι
3221 4262 3324 4334 τὴν
3352 4263 3412 4316 ὲν
3440 4265 3574 4334 Χρι-

307 4370 403 4423 per
427 4371 495 4411 eo
537 4359 970 4412 sacratissimam
1018 4359 1255 4428 peragit,
1305 4377 1409 4429 qua
1445 4362 1620 4427 linita,
1651 4363 1878 4432 ipsemet

306 4450 532 4502 antistes
587 4446 902 4503 defunctum
952 4451 1175 4518 salutat,
1222 4461 1274 4507 et
1305 4468 1427 4506 cum
1458 4453 1547 4508 illo
1577 4465 1874 4523 prmsentcs

304 4554 514 4594 omnes.
544 4539 662 4605 Quo
701 4551 942 4608 peracto,
994 4542 1220 4596 antistes
1269 4542 1577 4598 defunctum
1605 4544 1723 4599 oleo
1749 4562 1874 4615 per-

299 4628 499 4693 fundit,
526 4638 580 4683 et
603 4645 700 4698 pro
727 4631 983 4685 omnibus
1013 4647 1173 4700 prece
1221 4631 1387 4699 facta,
1439 4634 1704 4688 honorato
1755 4634 1874 4689 loco

291 4734 499 4790 corpus
521 4722 753 4776 collocat
781 4738 886 4776 una
919 4739 1039 4778 cum
1071 4724 1374 4794 :equalibus
1414 4726 1534 4781 aliis
1553 4727 1873 4796 corporibus

289 4815 523 4874 sanctis.

810 5128 895 5184 ΙΙΙ.
935 5129 1319 5199 Contemplatio

1989 4354 2099 4425 στῷ
2129 4354 2403 4426 μακαρίαν
2424 4353 2703 4407 τελείωσιν
2722 4370 2734 4382 ·
2790 4347 2907 4404 εἶτα
2935 4350 3291 4423 προσελθὼνὸ
3321 4352 3466 4415 θεῖος
3493 4353 3571 4404 ls-

1989 4445 2226 4516 ράρχης,
2277 4444 2438 4515 εὐχὴν
2486 4444 2782 4515 ἱερωτάτην
2830 4443 2917 4494 ἐπ’
2963 4441 3111 4511 αὐτῷ
3159 4441 3428 4504 ποιεῖται,
3476 4441 3574 4494 καὶ

1986 4537 2124 4608 μετά
2182 4536 2280 4607 τὴν
2337 4536 2502 4606 εὐχὴν
2562 4534 2727 4597 αὐτός
2771 4550 2831 4586 τε
2878 4534 2907 4586 ὁ
2951 4517 3211 4603 ίεράρχης
3261 4532 3569 4597 ἀσπάζεται

1979 4627 2071 4679 τὸν
2126 4625 2542 4694 κεκοιμημένον,
2584 4625 2679 4677 καὶ
2745 4623 2862 4694 μετ’
2911 4621 3070 4676 αὐτὸν
3117 4622 3166 4672 el
3226 4622 3494 4691 παρόντες
3523 4622 3569 4654 ³³

1981 4720 2236 4781 ἅπαντες.
2307 4717 2733 4786 Ἀσπασαμένων
2794 4715 2851 4769 δὲ
2899 4715 3152 4774 πάντων,
3211 4715 3424 4784 ὲπιχέει
3488 4713 3569 4784 τῷ

1979 4809 2364 4880 κεκοιμημένῳ
2411 4809 2472 4861 τὸ
2520 4807 2743 4861 ἐλαιονὸ
2775 4807 3054 4878 ίεράρχης,
3118 4807 3214 4858 καὶ
3267 4807 3372 4876 τὴν
3425 4805 3566 4875 ὑπὲρ

1982 4905 2196 4958 πάντων
2223 4903 2384 4973 εὐχὴν
2415 4901 2565 4974 ἱερὰν
2585 4901 2970 4973 ποιησάμενος,
2998 4897 3321 4968 ἀποτίθησιν
3348 4901 3406 4951 ὲν
3431 4898 3564 4967 οἴκῳ

1978 4996 2144 5066 τιμίῳ
2169 4995 2229 5047 τὸ
2256 4994 2414 5064 σῶμα
2441 4993 2557 5064 μεθ’
2575 4994 2774 5064 ἑτέρων
2788 4990 3070 5062 ὁμοταγῶν
3088 4990 3252 5063 ἱερῶν
3273 4991 3560 5061 σωμάτων.

2576 5131 2666 5182 111.
2714 5128 2951 5193 Θεωρία.

1875 5200 1985 5277 §l.

1972 5399 2108 5470 πρὸς
2144 5397 2301 5468 ἡμῶν
2346 5397 2643 5467 τελούμενα
2668 5389 2951 5457 ³⁵,πλατὺσ
2973 5388 3303 5460 γελάσουσιν,
3355 5388 3432 5452 ὡς
3476 5382 3560 5438 οἷ·-

364 5303 490 5358 llzec
532 5303 750 5372 quidem
799 5305 842 5358 si
893 5304 1204 5370 aspexerint
1253 5304 1488 5371 profani,
1534 5304 1673 5356 vela
1711 5305 1867 5360 nobis

292 5397 406 5450 lieri
465 5396 856 5459 iuaudiverint,
908 5395 1152 5462 profuse.
1182 5397 1543 5462 utexistimo,
1592 5397 1863 5462 ridebunt,

2049 5302 2234 5356 Ταῦτα
2288 5304 2383 5373 μὲν
2412 5303 2456 5333 ³⁸
2477 5301 2634 5370 εἴπερ
2685 5296 2901 5366 ϊδοιενῆ
2934 5295 3226 5348 ἀκούσαιεν
3271 5296 3321 5347 οί
3356 5295 3559 5365 ἀνίεροι

1562 5512 1797 5567 VARle
1838 5513 2244 5570 LECTIONES.

362 5614 409 5645 "
433 5613 700 5682 φαίνεται,
731 5611 787 5665 S.
817 5612 963 5666 Scot.
994 5611 1112 5660 Sar.
1193 5611 1237 5641 ²⁷
1266 5605 1375 5675 οἷός
1399 5613 1534 5670 ἐστι,
1564 5612 1622 5664 Ι).
1699 5610 1743 5642 ’⁸
1767 5610 2007 5674 εὐκτῶς.
2039 5610 2106 5664 Μ.
2137 5611 2326 5681 πέρας,
2356 5609 2415 5663 D.
2457 5610 2538 5682 “9
2561 5602 2862 5682 ὁσίοις-..Μ
3045 5603 3106 5682 1°
3135 5602 3423 5682 ajlicnljlft
3464 5598 3560 5649 ’δέν

292 5699 400 5736 non
439 5671 640 5735 habent
671 5671 732 5735 S.
767 5682 826 5734 ιι.
869 5684 928 5735 Ι).
1006 5682 1046 5711 ³¹
1079 5679 1196 5750 μέν.
1277 5682 1318 5714 ³³
1345 5671 1728 5745 κατατέτακτο,
1759 5680 1816 5734 Ρ.
1853 5680 1912 5734 D.
1956 5671 1968 5674 ⁷
1993 5679 2037 5712 ³³
2063 5671 2426 5751 παρεστῶτες,
2457 5678 2513 5732 Ρ.
2595 5677 2637 5709 3"
2665 5673 2799 5729 ἀλλά
2821 5671 3014 5740 ταῦτα,
3045 5671 3113 5726 Μ.
3152 5673 3247 5728 Sc.
3321 5671 3365 5703 ³³
3395 5674 3556 5728 ἱψυος

288 5752 440 5805 τελού
450 5770 604 5810 μενοι.
636 5755 694 5806 Ι).

3583 5243 3597 5305 l
