3730 6338
297 410 301 414 ,
343 364 450 423 559

1517 367 1572 419 S.
1616 367 1772 420 DION
1788 367 1817 419 ὶ
1833 368 1916 420 Sll
1953 367 2334 420 AliILOPAGl'l
2353 368 2416 416 As

3496 371 3595 426 5'30

349 481 590 535 minibus
632 477 898 548 supplicia
959 476 1169 530 inﬁnita
1225 477 1603 532 intentantur:
1663 480 1912 547 cquibus

2090 496 2190 542 τως
2212 479 2339 530 ὄντα
2361 478 2467 530 τῶν
2493 478 2586 530 ἀπ’
2612 476 2803 540 αἰῶνος
2850 479 3040 546 ἁγίων,
3093 478 3252 549 ίερῶς
3302 481 3599 552 ἀνακηρυτ-

345 572 535 642 utique
566 570 890 639 spectaculis
937 567 1078 623 forte
1119 569 1352 622 fructum
1385 571 1622 639 capient,
1654 570 1780 624 dum
1806 585 1912 624 cer-

2090 589 2246 642 μενον
2270 572 2313 602 ⁸⁸
2333 589 2344 600 ·
2375 572 2469 624 καὶ
2494 571 2633 640 τάχα
2661 572 2754 623 καὶ
2801 567 2958 626 αὗται
2987 573 3121 643 πρὸς
3142 574 3240 644 τὴν
3265 575 3457 644 ὁμοίαν
3478 576 3599 646 ἑφε-

343 676 495 726 nent,
527 679 648 719 eum
680 662 768 730 qui
812 671 1006 715 sancte
1063 661 1201 714 obiit
1257 661 1628 714 ministrorum
1661 662 1925 730 praedira-

346 755 495 808 tione
522 753 816 818 celebrari,
843 763 896 806 ut
927 767 1054 807 vere
1079 763 1391 807 consortem
1418 753 1580 822 267
1613 763 1923 808 sanctorum

346 845 438 913 qui
466 860 495 897 a
522 843 722 898 saeculo
751 853 900 907 sunt,
947 844 1158 912 ipsique
1191 843 1439 898 fortassis
1467 844 1738 897 consimili
1774 844 1917 898 desi—

346 936 500 990 derio
521 919 850 1006 flagrabunt,
875 946 928 990 et
955 937 1326 990 ministrorum
1350 937 1632 1004 disciplina
1663 937 1926 990 docebun-

345 1039 452 1094 tur,
488 1042 650 1097 quam
695 1042 820 1081 vere
852 1029 1005 1081 beata
1030 1029 1100 1082 sit
1143 1030 1194 1082 in
1223 1029 1443 1082 Christo
1483 1030 1912 1083 consummatio“.

2024 683 2107 718 σιν
2132 667 2174 697 ⁸⁷
2202 665 2410 736 ἥξουσι,
2438 664 2533 719 καὶ
2575 664 2712 734 πρὸς
2747 665 2846 734 τῆς
2873 663 3249 734 λειτουργικῆς
3295 668 3600 738 ἐπιστήμης

2022 760 2512 830 ὲκδιδαχθήσονται,
2564 759 2835 830 μακαρίαν
2879 758 3094 829 ἀληθῶς
3118 756 3256 812 εἶναι
3277 761 3379 832 τὴν
3401 762 3458 813 ὲν
3477 764 3594 834 Χρι-

2027 851 2137 902 στῶ
2159 851 2456 903 τελείωσιν.

1900 1206 1928 1279 g
1964 1205 2067 1264 Iv.

423 1367 626 1424 Deinde
657 1371 925 1424 accedens
971 1372 1202 1426 antistes
1247 1386 1458 1440 precem
1508 1388 1716 1426 sacram
1747 1361 1919 1440 super

346 1460 602 1516 defuncto
631 1465 839 1532 peragit
870 1479 885 1515 :
921 1479 1024 1532 qua
1054 1463 1232 1529 finita,
1269 1465 1498 1532 ipsemet
1528 1465 1758 1518 antistes
1793 1480 1914 1517 eum

343 1552 568 1617 salutat,
595 1555 898 1624 ordineque
926 1556 1184 1624 deinceps
1227 1572 1329 1610 suo
1357 1572 1545 1610 omnes
1574 1557 1663 1625 qui
1701 1556 1916 1610 adsunt.

344 1642 518 1714 lingat
545 1645 730 1714 itaque
765 1647 1080 1715 precatione
1113 1648 1199 1701 illa
1233 1649 1473 1702 divinam
1509 1649 1830 1710 bonitatem,
1859 1657 1916 1701 ut

342 1736 599 1791 defuncto
654 1745 872 1806 peccata
924 1739 1103 1792 omnia
1141 1739 1399 1800 dimittat,
1433 1755 1552 1808 qua:
1585 1755 1680 1809 per
1706 1739 1912 1796 huma-

343 1842 469 1880 nam
498 1828 868 1882 infirmilatem
904 1839 1182 1883 contracta
1211 1841 1356 1893 sunt,
1391 1846 1623 1898 Cllllltllle
1657 1830 1707 1884 in
1741 1830 1911 1882 lucem

2099 1364 2230 1419 Εἶτα
2263 1364 2578 1436 προσελθὼν
2606 1367 2635 1418 ὁ
2665 1365 2804 1428 θεῖος
2827 1365 3109 1436 ίεράρχης,
3137 1363 3302 1436 εὐχὴν
3330 1363 3483 1438 ἱερὰν
3510 1366 3602 1420 ἐπὶ

2023 1459 2100 1529 τῷ
2131 1477 2360 1528 κεκοιμη
2370 1460 2514 1528 μένῳ
2538 1461 2789 1510 ποιεῖται’
2808 1457 2900 1508 καὶ
2930 1455 3069 1527 μετά
3094 1455 3191 1527 τὴν
3218 1457 3409 1528 εὐχὴν,
3443 1456 3597 1519 αὐτός

2022 1569 2080 1604 τε
2110 1553 2137 1604 ὁ
2163 1551 2423 1622 ἱεράρχης
2449 1550 2609 1602 αὐτὸν
2642 1547 2963 1611 ἀσπάζεται,
2994 1547 3087 1599 καὶ
3115 1546 3241 1616 ἑξῆς
3263 1549 3312 1598 oi
3337 1547 3597 1618 παρόντες

2026 1643 2282 1704 ἅπαντες.
2327 1643 2388 1694 'll
2418 1642 2514 1712 μὲν
2539 1637 2630 1694 οὖν
2663 1640 2797 1710 εὐχὴ
2819 1639 2918 1708 τῆς
2949 1637 3245 1709 θεαρχικῆς
3266 1638 3595 1708 ἀγαθότητος
3675 1713 3680 1719 ¹

2023 1736 2212 1798 δεῖται,
2244 1735 2418 1788 πάντα
2452 1736 2547 1804 μὲν
2572 1736 2787 1803 ἀφεῖναι
2805 1733 2848 1765 ⁸⁸
2881 1733 2949 1785 τὰ
2977 1732 3043 1785 δι’
3069 1732 3419 1804 ἀνθρωπίνην
3447 1732 3590 1787 ἀσθέ·

2021 1847 2168 1884 νειαν
2187 1831 2547 1902 ἡμαρτημένα
2576 1829 2652 1900 τῷ
2683 1829 3081 1900 κεκοιμημένῳ,
3109 1827 3410 1896 κατατάξαι
3436 1830 3490 1882 δὲ
3508 1831 3596 1882 αὖα

343 1930 588 1974 sanctam
620 1936 684 1974 ac
719 1924 964 1974 vivorum
997 1921 1266 1989 regionem
1303 1921 1616 1987 transferat,
1643 1933 1696 1976 et
1741 1921 1912 1975 collu-

2090 1941 2109 1975 ν
2141 1925 2196 1975 ὲν
2221 1923 2360 1991 φωτὶ
2383 1923 2476 1976 καὶ
2500 1921 2649 1994 χώρᾳ
2673 1921 2910 1986 ζώντων,
2941 1924 3018 1996 εἰς
3055 1923 3287 1985 κόλπους
3330 1923 3593 1993 Ἀϐραὰμ,

342 2025 430 2070 cet
458 2017 512 2070 in
544 2017 668 2071 sinu
699 2014 930 2068 Abrabm
953 2054 968 2076 ,
999 2013 1147 2068 Isaac
1173 2025 1226 2067 et
1253 2013 1423 2067 .lacob
1447 2058 1459 2077 ,
1498 2015 1549 2068 in
1589 2015 1707 2069 loco
1740 2032 1767 2068 a
1799 2031 1906 2085 quo

341 2109 497 2165 dolor
527 2120 586 2164 et
613 2109 836 2163 tristitia
875 2107 1218 2178 gemitusque
1251 2106 1565 2177 aufugiam.

2014 2017 2108 2068 καὶ
2148 2015 2349 2078 Ἰσαὰκ,
2369 2015 2463 2066 καὶ
2502 2015 2713 2077 Ἰακὼϐ,
2739 2017 2794 2069 ὲν
2822 2019 2972 2090 τόπῳ
2997 2013 3056 2072 οὗ
3075 2018 3290 2089 ἀπέδρα
3318 2016 3485 2086 ὀδύνη
3506 2017 3595 2069 καὶ

2023 2108 2164 2179 λύπη
2196 2109 2289 2161 καὶ
2317 2109 2634 2179 στεναγμός.

1902 2268 1928 2341 §
1962 2268 2037 2327 ιτ.

413 2411 536 2465 llaec
581 2410 769 2478 utique
819 2410 1103 2479 perspicua
1129 2451 1145 2474 ,
1185 2420 1244 2464 ut
1289 2410 1551 2475 arbitror,
1594 2411 1906 2465 beatissima

339 2513 656 2556 sanctorum
683 2501 898 2569 praemia
925 2511 1076 2564 sunt.
1110 2501 1314 2570 Ecquid
1355 2503 1498 2554 enim
1535 2502 1785 2572 perfectae
1810 2503 1912 2556 im-

341 2591 657 2647 mortalitati
687 2590 833 2644 omni
861 2591 1080 2644 tristitia
1111 2592 1317 2645 carenti
1349 2632 1363 2656 ,
1398 2593 1626 2662 luceque
1666 2593 1913 2662 plenissi-

339 2700 441 2739 ma:
462 2683 702 2739 conferri
734 2683 942 2736 valeat?
971 2692 1330 2753 praeterquam
1362 2687 1503 2753 quod
1531 2687 1911 2754 promissiones

339 2775 457 2829 istm
489 2784 670 2828 mente
692 2773 929 2843 qualibet
961 2774 1327 2836 sublimiorcs,
1359 2775 1440 2830 vel
1471 2777 1704 2830 maxime
1728 2777 1792 2829 ad
1823 2791 1915 2830 ca-

337 2875 486 2934 ptum
538 2875 782 2921 nostrum
818 2868 1242 2921 accommodatis
1282 2867 1585 2922 rationibus
1630 2885 1910 2938 expressa:

333 2959 644 3016 earumdem
665 2968 842 3013 tamen
888 2959 1277 3029 appellationes
1304 2974 1332 3012 a
1364 2961 1495 3014 reali
1535 2961 1774 3029 ipsarum
1817 2976 1913 3014 ve-

336 3052 501 3108 ritate
528 3051 823 3122 plurimum
853 3051 1130 3106 deﬁciant.
1166 3052 1448 3121 Siquidem
1485 3053 1764 3120 Scriptura
1797 3053 1912 3108 lucc

335 3143 560 3196 omnino
594 3157 718 3195 vera
767 3152 893 3197 est:
933 3141 1195 3207 Quoniam
1241 3143 1420 3198 oculus
1468 3161 1572 3198 non
1611 3144 1778 3211 uidit,
1820 3161 1912 3198 nec

335 3235 480 3288 auris
515 3235 738 3301 audivit,
777 3251 868 3288 nec
901 3235 956 3289 in
996 3252 1086 3289 cor
1109 3236 1332 3290 hominis
1357 3238 1608 3302 ascendit,
1635 3254 1753 3308 quia
1780 3254 1917 3305 pral-

332 3330 536 3394 paravit
572 3330 713 3385 Deus
743 3332 1078 3403 diligenlibus
1113 3350 1168 3388 se
1201 3334 1230 3375 ἀ
1260 3373 1273 3387 .
1322 3334 1486 3388 Sinus
1527 3345 1705 3390 autem
1727 3378 1740 3398 ,
1795 3345 1912 3390 nt'ea

335 3422 554 3494 quidem
581 3427 873 3491 sententia,
897 3435 1022 3480 sunt
1047 3426 1322 3481 beatorum
1348 3428 1781 3495 patriarcharum
1804 3442 1910 3481 cae-
1941 3461 1980 3519 ο

343 3523 694 3584 terorumque
740 3527 1054 3569 sanctorum
1089 3517 1440 3572 divinissimze
1471 3515 1910 3586 beatissimzeque

338 3605 539 3672 quietis
567 3605 742 3671 sedes,
775 3622 896 3673 quae
921 3608 1066 3663 viros
1096 3621 1284 3662 omnes
1309 3607 1604 3662 deiformes
1632 3607 1912 3676 excipiunt

339 3696 392 3748 in
453 3710 549 3750 sua
623 3695 994 3752 insenescibili
1063 3698 1491 3768 beatissimaque
1566 3712 1912 3752 consumma-

339 3788 506 3843 tione.

406 4097 677 4152 Fortassis
703 4104 884 4149 antem
920 4095 994 4148 ita
1021 4094 1240 4163 quidem
1276 4093 1486 4161 inquies
1518 4101 1665 4146 recte
1695 4109 1722 4146 a
1754 4090 1912 4147 nobis

334 4188 462 4253 dici,
506 4187 755 4240 dubitare
797 4196 976 4238 tamen
1023 4195 1094 4246 te.
1143 4183 1296 4251 cujus
1334 4185 1410 4237 rei
1459 4185 1632 4253 gratia
1670 4183 1909 4238 divinam

333 4277 680 4334 clementiam
731 4277 959 4331 antistes
991 4277 1310 4344 deprecetur
1331 4315 1345 4336 ,
1398 4291 1625 4344 poscens
1658 4275 1912 4329 defuncto

335 4370 454 4424 dari
503 4368 718 4423 veniam
749 4377 1140 4437 peccatorum,
1172 4377 1227 4420 et
1261 4367 1521 4436 aequalem
1556 4367 1910 4422 deiformibus

333 4463 466 4516 viris
492 4461 884 4516 lucidissimam
909 4469 1132 4515 sortem.
1163 4458 1298 4513 Nam
1317 4459 1358 4514 si
1388 4460 1640 4528 quaelibet
1667 4475 1696 4514 a
1725 4460 1907 4512 divina

329 4554 544 4625 iustitia
591 4554 823 4624 recipiat
858 4553 1275 4608 retributionem
1308 4566 1498 4606 eorum
1545 4567 1663 4621 qme
1707 4553 1906 4607 in.vita

329 4649 586 4718 praesenti
613 4647 730 4701 sive
755 4645 892 4700 bene
923 4646 1038 4700 sive
1069 4645 1209 4700 male
1250 4648 1420 4716 gessit
1446 4688 1459 4708 ,
1487 4644 1776 4701 defunctus
1810 4659 1908 4698 au-

2089 2411 2273 2464 Ταῦτα
2305 2413 2402 2482 μὲν
2431 2408 2544 2476 οὖν,
2579 2414 2654 2475 ὡς
2675 2409 2849 2482 οἶμαι,
2875 2411 3009 2482 δῆλα
3044 2411 3112 2464 τὰ
3148 2411 3260 2464 τῶν
3287 2413 3463 2480 ἁγίων
3495 2428 3594 2482 μα-

2017 2502 2329 2574 καριώτατα
2349 2504 2394 2580 ξ’
2426 2505 2648 2576 γέρατα.
2693 2505 2756 2556 Τί
2782 2503 2888 2575 γὰρ
2929 2503 2993 2556 ἂν
3028 2503 3235 2571 γένοιτο
3264 2504 3368 2573 τῆς
3406 2521 3593 2556 παντε-

2019 2596 2125 2660 λῶς
2142 2599 2186 2629 ⁸ο
2213 2597 2419 2652 ἀλύπου
2456 2599 2551 2652 καὶ
2583 2600 2913 2668 φωτιστικῆς
2945 2597 3243 2661 ἀθανασίας
3276 2599 3594 2670 ίσόρροπην;

2020 2693 2068 2744 εἰ
2091 2692 2184 2746 καὶ
2212 2691 2280 2744 τὰ
2314 2691 2544 2761 μάλιστα
2573 2695 2692 2756 ταῖς
2721 2691 2875 2764 ἡμῶν
2901 2693 3181 2760 ἀναλόγοις
3214 2694 3513 2763 σημασίαις
3541 2695 3593 2745 αἱ

2023 2783 2225 2848 παντὸς
2267 2783 2593 2855 ὑψηλότεραι
2639 2785 2756 2848 νοὸς
2801 2784 3119 2853 ἐπαγγελίαι
3153 2785 3592 2856 -σημαινόμεναι,

2019 2876 2118 2946 τῆς
2143 2875 2532 2948 πραγματικῆς
2562 2875 2739 2930 αὐτῶν
2761 2876 3018 2946 ἀληθείας
3042 2877 3383 2941 ἀποδεούσας
3415 2877 3595 2948 ἔχουσι

2019 2970 2119 3034 τὰς
2148 2970 2460 3041 ὀνομασίας.
2511 2971 2730 3042 Ἀληθὲς
2761 2970 2870 3042 γὰρ
2903 2969 3040 3024 εἶναι
3063 2971 3123 3024 τὸ
3148 2972 3329 3039 λόγιον
3364 2971 3590 3042 οἰητέον·

2023 3062 2140 3113 Ὅτι
2157 3061 2463 3130 ὀφθαλμὸς
2483 3063 2593 3115 οὐκ
2612 3061 2792 3125 εἶδεν,
2818 3061 2913 3115 καὶ
2933 3061 3041 3126 οὓς
3055 3063 3165 3115 οὐκ
3190 3061 3484 3128 ἤκουσεν,
3498 3061 3592 3112 καί

2018 3151 2116 3204 ἐπὶ
2147 3151 2398 3219 καρδίαν
2427 3152 2738 3221 ἀνθρώπου
2769 3154 2878 3205 οὐκ
2906 3151 3086 3218 ἀνέϐη
3127 3151 3167 3203 ἂ
3197 3152 3530 3220 ἡτοίμασεν
3561 3155 3592 3204 ὁ

2024 3242 2169 3308 Θεὸς
2184 3241 2305 3308 τοῖς
2329 3242 2642 3313 ἀγαπῶσιν
2669 3243 2869 3296 αὐτόν.
2900 3242 3103 3294 Κόλποι
3143 3242 3200 3294 δέ
3223 3244 3384 3308 εἰσιν,
3428 3243 3503 3305 ὡς
3527 3239 3592 3294 οἷο

2023 3352 2142 3405 μαι,
2169 3333 2278 3388 τῶν
2296 3335 2580 3406 μακαρίων
2597 3333 2945 3406 πατριαρχῶν
2969 3335 3181 3387 καὶτῶν
3197 3334 3404 3387 λοιπῶν
3425 3334 3592 3401 ἁγίων

2017 3428 2272 3481 ἀπάντων
2295 3429 2337 3459 ⁵⁸
2369 3430 2424 3481 αἱ
2469 3426 2740 3480 θειόταται
2777 3428 2868 3481 κα.)⁵
2909 3427 3241 3498 μακάρισται
3284 3425 3490 3497 λήξεις,
3538 3428 3590 3479 αἱ

2012 3522 2138 3583 τοὺς
2167 3520 2418 3584 θεοειδεῖς
2448 3518 2839 3589 ὑποδεχόμεναι
2862 3518 3067 3581 πάντας
3083 3519 3165 3581 εἰς
3186 3517 3286 3588 τὴν
3310 3519 3372 3572 ὲν
3401 3519 3590 3580 αὑταῖς

2014 3613 2206 3684 ὴήρω
2237 3614 2329 3665 καὶ
2368 3613 2794 3684 μακαριωτάτην
2829 3609 3122 3666 τελείωσιν.

1951 3925 2059 3988 Vl.

2083 4088 2250 4160 Φαίης
2274 4087 2318 4139 δ’
2355 4086 2420 4140 ἂν
2453 4084 2602 4148 ἴσως,
2645 4083 2816 4137 ταῦτα
2845 4081 2944 4152 μὲν
2969 4079 3144 4152 ὀρθῶς
3172 4079 3428 4151 εἰρῆσθαι
3459 4080 3586 4149 παρ’

2014 4181 2189 4252 ἡμῶν,
2224 4179 2448 4249 ἀπορεῖν
2475 4178 2565 4242 δὲ,
2597 4178 2717 4230 ὅτου
2765 4175 2925 4230 ἕνεκα
2969 4173 3069 4243 τῆς
3111 4172 3409 4243 θεαρχικῆς
3451 4172 3584 4240 ἀγα-

2014 4273 2235 4344 Οότητος
2257 4271 2285 4322 ὀ
2311 4271 2568 4341 ἱεράρχης
2586 4269 2772 4333 δεῖται,
2794 4266 2902 4320 τῶν
2918 4264 3321 4338 ἡμαρτημένων
3349 4263 3524 4317 αὐτῶν
3539 4264 3584 4295 ⁵³

2012 4366 2090 4436 τῷ
2117 4362 2502 4434 κεκοιμημένῳ
2528 4363 2626 4433 τὴν
2653 4361 2863 4430 ἄφεσιν,
2905 4359 2997 4411 καὶ
3023 4357 3121 4429 τὴν
3158 4359 3273 4420 τοῖς
3296 4356 3583 4409 θεοειδέσιν

2011 4455 2254 4526 ὁμοταγῆ
2299 4453 2392 4506 καὶ
2422 4453 2724 4521 φανοτάτην
2751 4447 3150 4518 ἀποκλήρωσιν.
3193 4447 3258 4499 Εἰ
3296 4446 3408 4516 γάρ
3432 4448 3584 4517 ἀμοι-

2007 4549 2107 4612 ϐὰς
2151 4545 2490 4618 ἀπολήψεται
2537 4545 2643 4606 πᾶς
2659 4544 2704 4575 ³³
2733 4539 2838 4593 ὑπὸ
2871 4539 2970 4609 τῆς
3008 4537 3155 4599 θείας
3196 4536 3582 4606 δικαιοσύνης,

2005 4633 2080 4692 ὧν
2110 4641 2168 4691 ὲν
2198 4639 2264 4708 τῇ
2289 4633 2537 4706 παρούσῃ
2563 4632 2673 4703 ζωῇ
2701 4627 2950 4702 χρηστῶν
2972 4627 3008 4696 ἢ
3036 4627 3235 4696 ἑτέρων
3257 4626 3483 4697 ἔδρασεν
3498 4625 3544 4656 ³⁵
3565 4663 3582 4686 ,

333 4748 440 4793 tem
487 4739 539 4792 in
589 4739 696 4793 bac
724 4738 837 4791 vita
884 4753 1009 4792 suas
1037 4737 1315 4807 complerit
1360 4739 1621 4800 actiones,
1655 4752 1904 4806 quaenam

2090 4732 2223 4784 ἱλεσε
2249 4729 2305 4782 δὲ
2339 4726 2439 4790 τὰς
2479 4724 2623 4778 κατὰ
2657 4725 2750 4778 τὸν
2775 4721 2898 4793 τῇδε
2930 4719 3039 4791 βίον
3069 4719 3277 4782 οἰκείας
3307 4717 3582 4807 ἐνεργείας

331 4829 595 4884 antistitis
612 4827 923 4898 deprecatio
958 4827 1133 4897 ipsum
1167 4827 1233 4880 ad
1266 4828 1461 4884 aliam.
1491 4843 1652 4886 quam
1703 4827 1754 4880 in
1807 4826 1906 4881 bac

330 4920 444 4974 vita
492 4921 717 4974 meritus
746 4929 853 4984 est,
903 4920 1102 4988 quietis
1143 4921 1555 4975 retributionem
1606 4917 1906 4971 transferre

330 5011 536 5080 possit?
571 5011 832 5080 Equidem
859 5010 1027 5079 probe
1047 5011 1182 5076 scio,
1212 5009 1513 5080 Scripluris
1537 5007 1903 5070 consentiens,

332 5098 557 5154 cuilibet
582 5116 680 5169 pro
725 5101 939 5154 meritis
968 5109 1176 5155 sortem
1209 5100 1544 5155 reddendam
1573 5113 1715 5152 esse.
1762 5097 1904 5150 Con-

331 5190 494 5244 clusit
522 5193 667 5245 enim
693 5234 708 5259 ,
753 5192 960 5262 inquit,
993 5191 1254 5247 Dominus
1284 5191 1425 5262 apud
1479 5206 1537 5245 se
1568 5230 1582 5253 ,
1619 5197 1673 5242 et
1717 5189 1903 5257 referet

333 5285 687 5353 unusquisque
748 5286 962 5354 propria
1018 5287 1284 5355 corporis,
1341 5293 1498 5354 prout
1548 5281 1743 5353 gessit,
1795 5281 1902 5333 sire

511 5465 539 5505 ἀ
570 5466 588 5519 l
614 5466 740 5520 Cor.
771 5481 832 5532 ιι,
863 5469 918 5521 9.

2012 4823 2039 4874 ὁ
2085 4816 2515 4887 κεκοιμημένος,
2561 4813 2696 4885 πρὸς
2740 4812 2882 4874 τίνος
2924 4808 3240 4880 ἱεραρχικῆς
3274 4808 3460 4877 εὐχῆς.
3501 4806 3583 4873 ἐφ’

2010 4911 2200 4981 ἑτέραν
2229 4908 2379 4979 λῆξιν
2413 4904 2954 4977 μεταταχθήσεται⁶³,
2983 4901 3132 4970 παρά
3172 4901 3272 4972 τὴν
3303 4900 3460 4964 ἀξίαν
3491 4898 3583 4951 αὺ-

2009 5000 2125 5061 τοῦ,
2155 4999 2370 5067 καὶτῆς
2398 4997 2583 5051 nosse
2613 4995 2759 5064 ζωῆς
2794 4994 3176 5065 ἀμοιόαίαν⁵⁶;
3213 4992 3358 5061 Ἐγὼ
3397 4993 3473 5054 δὲ,
3501 4992 3580 5043 ὅτι

2014 5095 2114 5165 μὲν
2131 5091 2419 5163 ἀμοιϐαίαν
2433 5088 2546 5154 ἕξει
2564 5089 2661 5159 τὴν
2678 5086 3059 5157 ἀποκλήρωσιν
3084 5085 3335 5150 ἕκαστος,
3362 5082 3422 5139 εὖ
3446 5080 3578 5142 οἶδα.

2007 5189 2119 5250 τοῖς
2146 5185 2344 5252 λογίοις
2369 5180 2692 5236 ἀκολουθῶνο
2725 5178 3013 5233 ἀπέκλεισε
3036 5177 3165 5249 γὰρ,
3196 5192 3383 5248 φησιν,
3418 5181 3446 5232 ὁ
3471 5176 3579 5230 Κύ-

2014 5296 2124 5350 ριος
2145 5279 2264 5331 κατ’
2288 5276 2474 5340 αὑτοῦ,
2508 5275 2600 5327 καὶ⁸
2624 5275 2929 5342 κομίσεται
2960 5271 3216 5336 ἕκαστος
3237 5271 3311 5325 τὰ
3338 5269 3435 5324 διὰ
3472 5267 3578 5324 τοῦ

1604 5564 1834 5619 ΫΑΒΙΔΕ
1871 5562 2274 5619 LECTIONES.

409 5668 454 5700 “
509 5663 591 5716 sic
623 5663 681 5720 l’.
708 5663 768 5717 Β.
796 5663 915 5719 Sar.
935 5674 987 5718 et
1008 5663 1163 5717 Vien.
1192 5656 1613 5728 βτο...τομένον.

339 5808 440 5850 ςπ-
488 5819 536 5851 ut
599 5809 632 5854 ν
645 5824 749 5857 um.

1718 5659 1760 5690 ν’
1789 5658 2000 5711 ἄφεσιν.
2021 5659 2100 5711 Μ.
2132 5657 2224 5711 Su.

409 5689 454 5700 “
509 5689 591 5716 διε
623 5689 681 5720 l'.
708 5689 768 5717 υ.
797 5689 915 5719 ῠεὶΓ.
935 5689 987 5718 ΕΙ.
1019 5689 1163 5717 Vlt'll.
1194 5689 1613 5728 ἠιμ-,ἰυμε-νυν-
1789 5689 2000 5727 υυγςυιν,
2021 5689 2100 5711 ‘1".
2132 5689 2224 5711 un.
2349 5689 2358 5690 ί
2387 5689 2506 5727 tath

339 5736 406 5791 ιι.
439 5739 529 5791 Sr.
571 5737 616 5768 ⁵⁰
641 5735 954 5798 παντελοῦς,
983 5736 1051 5787 Μ.
1073 5733 1138 5786 .S.
1181 5731 1240 5783 Ρ.
1276 5732 1366 5782 Sc.
1430 5731 1472 5761 ⁸¹
1503 5729 1735 5791 πάντων,
1765 5729 1823 5782 1).
1863 5745 1982 5780 mox
2010 5729 2127 5797 lege
2156 5730 2506 5798 μακαρισταί.

828 5806 873 5837 ω
893 5805 1012 5862 τάς,
1042 5803 1098 5856 δ,
1176 5802 1222 5833 ιδ
1249 5797 1481 5863 ἔπραξεν
1499 5839 1512 5863 ,
1544 5800 1582 5850 D
1679 5801 1722 5831 ⁵⁵
1748 5799 1864 5862 πῶς
1906 5798 1992 5851 διά
2017 5797 2179 5862 τινος,
2201 5809 2256 5851 ct
2282 5797 2675 5863 μεταχθήσεται
2697 5841 2710 5863 ,
2745 5803 2811 5854 Μ.
2854 5797 2941 5856 Sé.

2318 5658 2365 5690 ⁸⁸
2387 5659 2639 5738 derivata,
2670 5659 2777 5738 θι-
2931 5661 2988 5714 P.
3065 5660 3110 5691 δ’
3136 5658 3573 5738 {La-meto???)

2583 5731 2626 5761 ⁵⁸
2655 5732 2818 5784 αἰτῶν
2843 5735 2977 5800 lege,
3003 5739 3058 5784 ut
3087 5727 3176 5782 est
3204 5729 3257 5782 in
3292 5727 3350 5783 S.
3380 5727 3435 5780 P.
3480 5727 3572 5778 Sc.

2587 5817 2710 5853 ται.
2745 5803 2811 5853 Μ.
2854 5802 2941 5853 Sc.
3022 5803 3068 5832 ⁵⁸
3094 5800 3369 5853 ἀμοιϐήν.
3413 5795 3470 5851 S.
3512 5796 3570 5850 Ρ.

3413 5833 3470 5851 υ.
3512 5833 3570 5850 ιο
