3730 6288
152 215 244 302 δσι

1196 255 1280 310 DE
1318 255 1608 312 ECCLES.
1646 257 2048 330 HIERARCH.,
2085 260 2238 316 CAP.
2278 263 2388 318 VII.

3319 264 3422 320 562

153 363 425 434 σώματος
449 366 600 436 πρὸς
620 368 656 422 ἆ
683 368 960 438 ἔπραξεν,
995 370 1113 424 εἶτε
1141 371 1365 440 ἀγαθὸν
1384 372 1442 425 εἷ
1445 391 1505 426 τε
1527 374 1713 427 κακόν

1894 393 2066 443 nium,
2115 378 2222 432 sive
2276 377 2474 432 malum
2522 391 2546 418 ε
2581 417 2597 434 .
2653 378 2932 435 Justorum
2999 389 3178 436 autem
3232 395 3424 450 preces

154 463 274 510 Ὀτι
299 456 359 509 δὲ
387 459 486 511 καὶ
511 459 621 512 τῶν
643 460 866 514 δικαίων
899 462 955 514 αἱ
986 464 1287 533 προσευχαὶ
1335 463 1480 516 κατὰ
1506 464 1598 518 τὸν
1625 467 1752 536 τῇδε

158 547 263 618 βίον
279 549 348 612 ⁸⁷,
392 549 613 622 μητιζγε
646 551 783 623 μετά
821 552 1069 618 θάνατον,
1104 556 1184 617 είς
1215 556 1343 619 τοὺς
1375 555 1562 623 ἀξίους
1589 557 1753 629 ἱερῶν

154 639 325 709 εὐχῶν
365 641 655 712 ἐνεργοῦσι
690 643 868 714 μόνον,
911 647 967 698 αἱ
996 645 1106 698 τῶν
1127 645 1323 714 λογίων
1359 651 1511 718 ἡμᾶς
1538 649 1752 703 ἐκδιδά-

155 746 369 784 σκουσιν
385 730 609 801 ἀληθεῖς
635 732 979 804 παραδόσεις.
1003 737 1073 813 Ἦ
1093 735 1147 789 τί
1169 737 1304 808 πρὸς
1319 738 1414 791 τοῦ
1445 741 1696 813 Σαμουὴλ
1721 744 1750 795 ὁ

149 819 321 874 Σαοὺλ
337 819 616 888 ἀπώνατο;
634 822 688 876 τί
706 824 761 876 δὲ
787 825 878 878 τὸν
900 825 1007 878 τῶν
1021 809 1032 821 ’
1045 827 1311 900 Ἐὗραίων
1329 831 1374 861 ⁸⁸
1394 809 1748 905 λαὸνῶνησεν

148 913 178 980 ὴ
208 911 522 985 προφητικὴ
551 917 826 987 προσευχὴ
846 917 913 981 ⁸⁹;
934 919 1044 971 Καὶ
1068 918 1176 991 γὰρ
1201 919 1275 984 ὡς
1293 920 1465 987 εἴτις,
1497 923 1650 995 ἡλίου
1668 920 1738 978 τά

148 1001 322 1081 οἰκεῖα
368 1001 713 1074 δωρουμένου
747 1005 899 1074 φῶτα
939 1011 1051 1072 τοῖς
1092 1009 1382 1064 ἁδλαϐέσιν
1426 1012 1741 1085 ὀφθαλμοῖς,

149 1094 208 1144 ἐν
247 1095 513 1167 μετουσίᾳ
560 1096 654 1150 τοῦ
693 1097 919 1169 ἡλιακοῦ
963 1101 1140 1169 φωτὸς
1171 1105 1312 1156 αἰτεῖ
1339 1105 1614 1172 γενέσθαι,
1644 1107 1744 1172 τὰς

146 1185 352 1250 οίκείας
376 1185 530 1257 ὄψεις
557 1187 914 1258 ἐξαφανίζων·
943 1190 1084 1258 οὕτω
1108 1193 1244 1264 πρὸς
1262 1193 1554 1260 ἀδυνάτους
1574 1199 1742 1270 ἠρτη-

143 1295 235 1331 ται
265 1280 360 1333 καί
390 1281 654 1354 περιττᾲς
681 1283 919 1348 ἐλπίδας,
947 1287 975 1338 ὁ
1018 1284 1118 1350 τὰς
1161 1286 1268 1343 τῶν
1307 1289 1478 1357 ἁγίων
1515 1289 1740 1354 ἐξαιτῶν

151 1371 479 1442 προσευχάς,
505 1375 600 1428 καὶ
619 1375 717 1440 τὰς
737 1375 876 1430 κατὰ
897 1377 1056 1446 φύσιν
1085 1361 1263 1435 αὐτῶν
1289 1382 1441 1454 ἱερὰς
1461 1386 1738 1456 ἐνεργείας

146 1460 404 1527 ἐλαύνων,
437 1463 740 1536 ἀπροσεξίᾳ
758 1465 867 1520 τῶν
898 1466 1057 1521 θείων
1084 1469 1291 1541 δώρων,
1325 1474 1548 1528 καὶτῶν
1571 1493 1736 1545 φανο-

147 1553 322 1606 τάτων
358 1555 456 1607 καὶ
487 1555 879 1624 ἀγαθοδοτίδων
909 1560 1140 1614 ἐντολῶν
1186 1563 1565 1636 ἀποφοιτήσει.
1591 1569 1736 1639 Φημὶ

146 1644 220 1706 δὲ,
250 1648 367 1708 τοῖς
391 1645 595 1714 λογίοις
624 1649 908 1720 ἑπόμενος,
937 1651 1012 1716 ώς
1040 1651 1308 1725 ὠφέλιμοι
1332 1657 1562 1728 πάμπαν
1597 1660 1734 1713 εἰσὶν

1855 471 2020 521 etiam
2068 469 2120 523 in
2159 470 2261 524 hac
2292 472 2423 533 vita,
2464 472 2662 526 nedum
2708 482 2832 541 post
2882 481 3134 536 mortem,
3181 471 3247 526 iis
3289 471 3424 525 solis

1854 561 2110 629 prodesse
2168 561 2258 630 qui
2308 563 2513 616 sanctis
2561 565 2818 632 precibus
2867 563 3015 634 digni
3072 573 3234 628 sunt,
3279 577 3428 616 veras

1853 667 1951 705 nos
1985 651 2323 721 eloquiorum
2356 654 2522 724 268
2563 655 2881 710 traditiones
2911 657 3128 710 docent.
3165 654 3420 723 Nunquid

1852 743 1982 797 Saul
2015 759 2044 797 a
2080 745 2334 800 Samuele
2380 746 2602 815 adjutus
2639 747 2782 801 fuit?
2811 756 2904 800 aut.
2945 748 3294 802 Hebraeorum
3326 762 3420 814 po-

1850 834 1976 904 pulo
2027 836 2348 904 protihetica
2405 839 2650 905 precatio
2695 839 2987 907 quidquam
3039 837 3274 907 proluit?
3326 836 3422 890 Et-

1849 927 1994 981 enim
2028 941 2092 982 ac
2117 928 2162 981 si
2202 929 2346 996 quis,
2379 929 2494 983 sole
2537 931 2687 985 sanis
2718 930 2887 985 oculis
2921 930 3092 985 lucem
3122 947 3275 985 suam
3309 930 3418 982 Iar-

1846 1018 2051 1090 giente,
2076 1019 2270 1076 solaris
2296 1021 2433 1077 lucis
2465 1027 2740 1096 particeps
2771 1028 2886 1083 tieri
2917 1035 3083 1096 petat,
3119 1025 3290 1080 eratis
3312 1023 3414 1077 sibi

1844 1111 2048 1167 oculis:
2084 1113 2163 1168 sic
2195 1129 2259 1168 ex
2295 1114 2614 1184 intpossibili
2641 1130 2692 1172 et
2723 1120 2870 1174 inani
2895 1134 2989 1188 spe
3018 1119 3231 1189 pendet,
3263 1116 3419 1186 quis-

1842 1206 1964 1274 quis
1991 1217 2300 1263 sanctorum
2337 1223 2528 1279 preces
2555 1209 2786 1281 ﬂagitat,
2825 1213 2953 1267 dum
2993 1213 3126 1281 ipsis
3150 1220 3416 1266 conualu-

1843 1299 1985 1355 rales
2003 1303 2337 1358 exterminat
2364 1305 2632 1374 actiones,
2652 1307 2830 1362 divina
2861 1323 3089 1363 munera
3112 1308 3415 1378 negligens,

1839 1399 1895 1444 et
1921 1406 1949 1444 a
1978 1392 2298 1450 clarissimis
2326 1395 2693 1468 benelicisque
2717 1398 2811 1453 Dei
2842 1400 3111 1454 mandatis
3133 1401 3414 1454 recedens.

1835 1474 1954 1538 Hoc
2001 1495 2181 1538 autem
2237 1485 2535 1557 Seripturis
2581 1503 2820 1544 consone
2873 1489 3121 1558 allirmo,
3154 1493 3415 1560 perutiles

1837 1592 1958 1633 esse
1985 1579 2038 1632 in
2086 1580 2187 1633 hac
2222 1581 2332 1634 vita
2370 1593 2682 1638 sanctorum
2710 1599 2904 1655 preces
2926 1625 2942 1651 ,
2978 1587 3138 1640 modo
3175 1587 3298 1656 quis
3327 1602 3416 1642 sa-

1837 1684 2056 1724 crorum
2084 1687 2370 1726 munerum
2406 1673 2674 1728 desiderio
2702 1675 2978 1741 incensus,
3015 1684 3071 1730 et
3097 1675 3162 1727 ad
3193 1691 3256 1730 ea
3290 1691 3410 1731 sns-

145 1737 200 1788 ἐν
220 1737 353 1808 τῷδε
383 1738 464 1809 τῷ
491 1739 590 1810 βίῳ
617 1741 724 1794 τῶν
753 1741 922 1810 ἁγίων
954 1744 1010 1795 αἱ
1048 1748 1367 1818 προσευχαὶ,
1412 1748 1554 1802 κατά
1583 1750 1713 1804 τὸνδε

1894 1764 2082 1830 pienda
2103 1764 2187 1833 pie
2208 1763 2455 1833 affectus,
2490 1767 2769 1822 tenuitatis
2802 1783 2912 1823 suae
2935 1769 3208 1832 conscius.
3236 1769 3412 1822 virum

143 1826 231 1879 τὸν
251 1829 476 1896 τρόπον,
501 1830 557 1882 εἴ
576 1847 680 1897 τις,
709 1833 868 1904 ἱερῶν
892 1830 1178 1908 ἐφιέμενος
1214 1837 1421 1910 δώρων,
1458 1843 1552 1894 καὶ
1598 1843 1733 1911 πρὸς

143 1920 377 1990 μετοχὴν
408 1921 592 1975 αὐτῶν
620 1921 731 1987 ἕξιν
756 1926 906 1997 ἱερὰν
933 1927 1093 1998 ἔχων,
1135 1928 1211 1992 ὡς
1248 1929 1347 2000 τῆς
1382 1933 1588 1996 οίκείας
1616 1935 1735 1989 ἐπι-

142 2007 375 2078 γνώμων
417 2009 779 2084 βραχύτητος,
823 2015 991 2070 ἐλθὼν
1029 2018 1120 2072 ἐπί
1151 2036 1272 2072 τινα
1310 2019 1420 2075 τῶν
1445 2022 1607 2077 ὁσίων
1634 2025 1729 2078 ἀν-

138 2097 277 2168 δρῶν
307 2099 596 2164 ἀξιώσειεν
632 2103 792 2180 αύτρν
831 2107 897 2170 ⁶⁰,
921 2108 1030 2161 oi.“
1079 2110 1330 2179 γενέσθαι
1354 2111 1692 2187 συλλήπτορα
1711 2156 1727 2180 ,

143 2191 232 2242 καὶ
282 2193 598 2264 συνικέτην,
628 2195 1040 2270 ὠφεληθήσεται
1080 2201 1298 2267 πάντως
1325 2205 1388 2258 ἐκ
1410 2205 1600 2259 τούτου
1626 2207 1728 2280 τὴν

141 2280 316 2352 πάσης
333 2281 379 2313 ⁸³
405 2282 814 2358 ὑπερκειμένην
837 2287 1124 2359 ὠφέλειαψ
1150 2294 1489 2361 ἐπιτεύξεται
1518 2296 1627 2370 γὰρ
1653 2291 1728 2354 ὧν

139 2372 277 2422 αἰτεῖ
296 2370 590 2427 θειοτάτων
611 2373 820 2447 δώρων,
845 2379 1252 2455 ἀποδεχομένης
1274 2385 1436 2438 αὐτὸν
1453 2387 1550 2458 τῆς
1569 2370 1729 2462 θεαρ-

140 2463 293 2532 χικῆς
310 2463 670 2537 ἀγαθότητος,
699 2469 797 2540 τῆς
823 2487 882 2524 τε
906 2473 1112 2539 οἰκείας
1139 2475 1398 2553 εὐλαϐοῦς
1417 2479 1724 2551 ἐπιγνώμο-

140 2553 320 2624 σύνης,
350 2557 572 2628 καὶτῆς
609 2560 701 2613 ἐπὶ
729 2565 839 2628 τοῖς
860 2566 1026 2631 ὁσίοις
1048 2569 1091 2600 ⁸³
1115 2568 1301 2634 αἰδοῦς
1320 2613 1335 2638 ,
1366 2573 1459 2625 καὶ
1490 2573 1588 2645 τῆς
1616 2574 1725 2629 τῶν

137 2647 462 2719 αἰτηθεισῶν
506 2651 670 2724 ἱερῶν
692 2657 958 2727 αἰτήσεων
996 2659 1288 2732 ἐπαινετῆς
1328 2665 1583 2732 ἐφέσεως,
1629 2668 1723 2720 καὶ

1836 1853 2067 1923 aliquem
2101 1864 2350 1912 sanctum
2397 1859 2576 1924 adeat,
2611 1874 2675 1913 ac
2709 1870 2856 1930 petat
2889 1871 2948 1914 ut
2990 1876 3050 1916 se
3080 1862 3321 1932 adjuvet,
3349 1877 3414 1918 ac

1836 1942 2000 1997 Deum
2027 1959 2126 2014 pro
2159 1961 2218 2000 se
2245 1957 2419 2017 roget.
2453 1964 2554 2019 qua
2603 1951 2813 2007 ratione
2839 1967 2970 2006 sane
3016 1953 3312 2006 maximum
3341 1967 3411 2008 ex

1831 2048 1896 2088 eo
1920 2034 2084 2089 refert
2113 2037 2534 2093 emolumentum
2558 2057 2573 2106 ;
2600 2041 2844 2109 potietur
2871 2043 3015 2097 enim
3042 2043 3228 2112 petitis
3251 2044 3410 2098 donis

1830 2127 2183 2184 divinissimis
2207 2171 2223 2196 ,
2257 2130 2509 2200 religiosa
2551 2148 2648 2187 sua
2683 2134 3043 2201 conscientia,
3089 2146 3405 2191 sanctorum

1829 2219 2133 2273 reverentia
2161 2231 2215 2274 et
2247 2220 2502 2276 laudabili
2549 2238 2882 2294 eorumqu
2915 2227 3047 2294 petit
3095 2228 3394 2290 desiderio,

1825 2319 1876 2363 et
1902 2319 2270 2365 consentanea
2294 2327 2358 2365 ac
2387 2311 2639 2369 deiformi
2666 2313 2952 2371 aﬂ'ectione
2971 2317 3070 2385 ipsi
3101 2317 3407 2388 suliragan-

1827 2401 1992 2460 tibus.
2021 2402 2230 2456 Etenim
2270 2404 2468 2459 divinis
2516 2405 2568 2458 id
2614 2407 2849 2464 decretis
2885 2408 3182 2463 stabilitum
3211 2419 3316 2475 est,
3347 2419 3407 2464 ut

1825 2492 2004 2547 divina
2031 2507 2249 2548 munera
2283 2495 2380 2560 iis,
2415 2498 2503 2566 qui
2535 2499 2846 2555 eorumdem
2879 2501 3295 2570 participatione
3319 2502 3406 2557 di-

1825 2586 1914 2656 gni
1947 2596 2094 2648 sunt,
2128 2602 2194 2641 eo
2231 2602 2340 2656 quo
2372 2589 2539 2644 Deum
2587 2590 2745 2646 decet
2777 2589 2985 2646 ordine
3008 2593 3407 2650 distribuantur

1826 2679 1893 2730 ab
1923 2677 2030 2733 illis
2059 2680 2149 2747 qui
2173 2677 2366 2734 iisdem
2386 2679 2780 2738 distribuendis
2803 2693 2928 2738 sunt
2958 2683 3214 2753 praefecti.
3247 2684 3404 2741 Hunc

139 2741 472 2814 καταλλήλου
499 2747 594 2800 καὶ
621 2747 888 2816 θεοειδοῦς
906 2752 1090 2818 ἕξεως.
1127 2756 1284 2809 Ἔστι
1314 2756 1421 2829 γὰρ
1447 2760 1539 2811 καὶ
1566 2759 1713 2812 τοῦτο

1894 2782 2006 2835 tque
2035 2783 2257 2823 sacrum
2283 2770 2529 2825 ordinem
2564 2773 2606 2826 si
2639 2776 2763 2842 quis
2791 2775 3093 2842 violaverit,
3115 2787 3168 2830 et
3196 2778 3396 2832 infelici

137 2835 244 2895 τοῖς
273 2833 590 2907 θεαρχικοῖς
620 2842 850 2913 κρίμασι
890 2847 1399 2920 νενομοθετημένον,
1423 2852 1483 2904 τὸ
1506 2852 1574 2905 τὰ
1601 2853 1717 2906 θεῖα

135 2921 278 2994 δῶρα
303 2929 419 2990 τοῖς
444 2928 619 2995 ἀξίοις
646 2934 738 2986 τοῦ
765 2942 1054 3009 μετασχεῖν
1078 2941 1134 2993 ἐν
1158 2940 1308 3006 τάξει
1327 2942 1720 3014 θεοπρεπεστά-

135 3030 200 3088 τῃ
221 3017 513 3088 δωρεῖσθαι
537 3023 624 3077 διὰ
643 3026 751 3080 τῶν
773 3028 937 3095 ἀξίων
959 3030 1052 3084 τοῦ
1077 3033 1394 3104 μεταδοῦναι
1412 3037 1474 3090 ⁸⁵.
1501 3038 1714 3109 Ταύτην

1821 2861 2056 2916 elatione
2083 2864 2374 2931 seductus,
2420 2866 2642 2937 dignum
2674 2883 2731 2922 se
2776 2872 3054 2937 putaverit
3089 2872 3273 2925 divina
3324 2873 3401 2926 fa-

1820 2953 2132 3011 miliaritate
2157 2996 2172 3018 ,
2201 2967 2526 3028 sanctosque
2566 2962 2888 3030 despexerit,
2933 2964 2978 3018 is
3017 2973 3186 3029 certe,
3216 2966 3390 3035 siqni-

1825 3046 1946 3100 dem
1974 3046 2224 3118 indignas
2253 3049 2361 3103 Deo
2388 3066 2452 3105 ac
2502 3051 2760 3121 profanas
2792 3070 2875 3107 res
2909 3055 3284 3123 postulaverit,
3319 3057 3399 3110 in-

135 3103 224 3160 οὖν
247 3109 406 3175 εἴτις
427 3113 717 3185 ἀτιμάσειε
758 3122 857 3192 τὴν
898 3123 1049 3194 ἱεράν
1078 3099 1407 3198 εὐκοσμίαν,
1445 3131 1538 3182 καὶ
1584 3099 1713 3202 πρδς

1975 3099 1982 3100 ,
2016 3099 2022 3100 ,
2087 3099 2218 3118 οη-
2257 3099 2276 3101 -
2303 3099 2356 3103 η
2390 3099 2450 3105 _-
2503 3099 2758 3121 ,ψη--.π
2792 3099 2875 3107 η-
2910 3099 3284 3123 r----._.-...,

1894 3149 2087 3208 ntoque
2118 3142 2359 3195 caruerit
2388 3156 2570 3198 rerum
2621 3144 2926 3199 divinarum
2979 3147 3253 3200 desiderio
3294 3146 3397 3216 ipsi

136 3199 320 3296 ἀθλίαν
336 3204 518 3296 οίησιν
538 3208 832 3280 ἐληλυθὼς,
848 3216 1028 3270 ἱκανὸν
1046 3219 1236 3272 ἐαυτὸν
1251 3220 1457 3294 οἰηθείη
1477 3225 1610 3294 πρὸς

139 3290 429 3388 θεαρχικὴν
455 3299 694 3368 ὁμιλίαν,
728 3307 822 3358 καὶ
855 3307 962 3362 τῶν
988 3310 1148 3365 ὁσίων
1177 3290 1598 3388 ὑπερφρονήσοι·
1630 3290 1726 3372 καὶ

1831 3242 2196 3287 ronsentaneo
2232 3244 2454 3304 propter
2486 3236 2791 3302 imperitam
2840 3253 2990 3291 suam
3038 3238 3396 3306 petitionem,

1829 3338 1926 3392 per
1952 3338 2010 3377 se
2054 3324 2190 3378 nihil
2226 3341 2414 3380 eorum
2456 3343 2576 3396 qua:
2613 3329 2746 3396 petit
2786 3329 3112 3397 impetrabit.
3154 3330 3224 3383 De
3255 3330 3397 3383 dicta

139 3382 260 3489 pira,
289 3388 336 3439 εί
362 3387 464 3489 1d;
479 3393 615 3489 ,αἰτή
627 3411 680 3446 σε
691 3413 736 3459 ις
758 3397 981 3466 ἀναξίας
1001 3421 1060 3456 τε
1075 3404 1231 3469 Θεοῦ,
1255 3382 1347 3460 καὶ
1363 3382 1446 3480 ⁷μὴ
1469 3382 1619 3480 ίεράς
1636 3411 1713 3464 αξ-

1894 3432 1995 3470 11³1⁸0
2025 3419 2362 3486 precatione,
2395 3434 2558 3488 quam
2583 3422 2814 3475 antistes
2851 3436 3012 3489 super
3035 3419 3289 3475 defuncto
3313 3419 3399 3473 fa—

133 3476 301 3545 τήσοι,
320 3480 417 3534 καὶ
438 3481 538 3553 τὴν
554 3483 738 3554 ἔφεσιν
754 3489 861 3543 τῶν
878 3492 1037 3549 θείων
1063 3499 1111 3550 εί
1131 3497 1204 3570 μὴ
1229 3499 1475 3554 σύντονον
1500 3501 1611 3573 ἔχοι
1634 3503 1723 3558 καὶ

136 3568 305 3639 ἐαυτῷ
329 3573 691 3647 κατάλληλον,
723 3582 1077 3652 ἀποτεύξεται
1103 3589 1172 3643 δι’
1196 3591 1388 3645 ἐαυτὸν
1413 3593 1513 3665 τῆς
1538 3597 1724 3654 ἀνεπι-

1831 3509 1924 3573 cit,
1957 3509 2262 3562 divinorum
2307 3521 2618 3564 nostrorum
2667 3521 3057 3582 praeceptorum
3093 3513 3392 3564 traductam

1831 3600 1899 3653 ad
1929 3616 2025 3654 nos
2060 3602 2405 3654 traditionem
2440 3617 2714 3671 exponere
2745 3620 2970 3659 necesse
3000 3613 3104 3659 est.

137 3664 395 3769 Ἦιίονος
436 3673 728 3769 ιξίτήσξως.
762 3679 898 3753 Περὶ
927 3682 983 3736 δὲ
1014 3684 1112 3755 τῆς
1132 3687 1430 3760 εἰρημένης
1454 3690 1637 3762 εὐχῆς,
1668 3693 1734 3765 ἥν
1763 3697 1791 3748 ὁ
1815 3697 2076 3768 ἱεράρχης
2102 3696 2391 3768 ἐπεύχεται
2418 3697 2494 3766 τῷ
2512 3664 2525 3671 ¹
2545 3696 2950 3769 κεκοιμημένῳ,
2999 3696 3097 3766 τὴν
3145 3697 3223 3758 είς
3253 3696 3396 3766 ἡμᾶς

134 3755 387 3813 ἐλθοῦσαν
437 3761 505 3816 ἐκ
549 3764 662 3821 τῶν
703 3771 902 3826 ἐνθέων
929 3775 1083 3845 ἡμῶν
1118 3755 1833 3855 καθηγεμὸνων-παράδοσιν
1861 3755 2385 3856 τάναγκαῖον.

1651 3966 1676 4038 5
1713 3965 1847 4025 vn.

215 4107 272 4161 Ὀ
295 4110 441 4174 θεῖος
466 4111 728 4186 ἱεράρχης
754 4115 1142 4193 ἐκφαντορικὸς
1165 4127 1333 4190 ἐστιν,
1369 4128 1443 4191 ώς
1468 4129 1535 4181 τὰ
1558 4130 1713 4198 λὸγιά

137 4214 282 4292 φησι,
306 4202 417 4256 τῶν
440 4203 746 4275 θεαρχικῶν
772 4207 1174 4283 δικαιωμάτων·
1215 4218 1440 4287 ἄγγελος
1466 4220 1572 4292 γὰρ
1596 4223 1710 4274 Κυ-

139 4291 248 4359 ρίου
287 4296 734 4368 παντοκράτορος
764 4300 899 4354 Θεοῦ
919 4305 961 4334 ⁸⁵
1001 4306 1134 4359 ἐστι·
1183 4309 1498 4381 μεμάθηκεν
1521 4308 1612 4364 οὖν
1649 4313 1714 4365 ἐκ

1894 4133 2118 4188 Divinus
2141 4134 2324 4203 itaque
2360 4135 2615 4200 antistes,
2655 4147 2712 4190 ut
2740 4137 2954 4205 eloquia
2983 4147 3268 4199 testantur,
3302 4137 3390 4188 iu-

1821 4234 2028 4292 terpres
2081 4233 2166 4279 est
2202 4225 2508 4278 divinorum
2558 4225 2920 4294 iudiciorum;
2976 4226 3196 4298 angelus
3242 4228 3388 4280 enim

1821 4313 2030 4367 Domini
2061 4313 2450 4380 omnipotentis
2477 4325 2559 4369 est
2591 4315 2684 4369 Dei
2723 4332 2737 4368 :
2772 4327 3106 4385 quapropter
3134 4332 3201 4369 ex
3236 4315 3386 4369 Scri-

134 4382 235 4437 τῶν
257 4383 673 4459 θεοπαραδότων
711 4391 927 4461 λογίων,
969 4396 1050 4450 ὅτι
1079 4402 1190 4462 τοῖς
1215 4401 1375 4464 ὁσίως
1401 4401 1656 4473 βιώσασιν
1680 4405 1712 4474 ἡ

1894 4405 1994 4460 iris
2021 4406 2279 4460 divinitus
2311 4405 2521 4460 traditis
2566 4407 2780 4477 accepit
2807 4447 2823 4470 ,
2853 4407 3124 4476 quomodo
3155 4409 3220 4461 iis
3245 4447 3261 4471 ,
3289 4410 3382 4477 qni

136 4482 408 4552 φανοτάτη
447 4482 544 4535 καὶ
570 4481 689 4537 θεία
712 4482 824 4557 ζωὴ
853 4489 972 4540 κατ’
997 4489 1152 4554 ἀξίαν
1179 4491 1282 4545 ὑπὸ
1305 4493 1411 4548 τῶν
1445 4495 1713 4548 δικαιοτά-

1894 4505 2014 4551 ncte
2041 4497 2255 4561 vivunt,
2286 4511 2388 4564 pro
2419 4498 2688 4567 cujusque
2715 4499 2923 4552 meritis
2945 4500 3124 4551 divina
3148 4499 3389 4554 clarissi-

134 4586 235 4622 των
279 4570 465 4640 ζυγῶν
510 4573 862 4643 ἀντιδίδοται,
915 4583 1241 4655 παρορώσης
1284 4587 1578 4658 ἀγαθότητι
1615 4589 1713 4659 τῆς

136 4658 425 4734 θεαρχικῆς
449 4664 854 4737 φιλανθρωπίας
876 4675 975 4735 τὰς
997 4674 1358 4746 ἐγγενομένας
1375 4679 1419 4709 ⁸⁸
1447 4679 1630 4742 αὐτοῖς
1653 4658 1710 4744 ἐξ

137 4755 478 4830 ἀνθρωπίνης
503 4759 784 4827 ἀσθενείας
812 4764 1052 4835 κηλῖδας
1072 4769 1302 4842 ἐπείπερ
1324 4772 1515 4834 οὐδεὶς,
1544 4773 1618 4835 ώς
1641 4772 1712 4826 τὰ

134 4846 281 4916 λόγιά
307 4867 465 4921 φησι,
492 4851 731 4925 καθαρὸς
754 4854 861 4908 ἀπὺ
885 4855 1078 4925 ῥύπου.
1109 4858 1293 4914 Ταῦτα
1335 4864 1435 4933 μὲν
1467 4859 1560 4916 οὖν
1581 4868 1609 4919 ὁ
1634 4867 1712 4918 ἱε-

139 4940 337 5012 ράρχης
354 4938 497 4995 οἶδεν
512 4944 896 5016 ἐπηγγελμένα
916 4950 1052 5021 πρὸς
1067 4952 1173 5004 τῶν
1196 4952 1411 5024 ἀληθῶν
1429 4955 1471 4984 ⁸⁷
1496 4954 1708 5024 λογίων⁸

135 5031 267 5083 αίτεῖ
301 5032 359 5084 δὲ
399 5031 606 5085 αύτά⁶⁸
628 5035 896 5102 γενέσθαι,
926 5039 1018 5092 καὶ
1059 5042 1367 5115 δωρηθῆναι
1401 5046 1512 5107 τοῖς
1546 5047 1708 5112 ὁσίως

140 5120 356 5188 βιώσασι
378 5122 479 5188 τὰς
509 5124 657 5196 ἱερὰς
683 5127 996 5194 ἀντιδόσεις,
1037 5133 1152 5204 ἅμα
1177 5135 1273 5204 μὲν
1302 5136 1394 5188 ἐπὶ
1427 5135 1488 5188 τὸ
1524 5136 1707 5208 θεομί-

279 5274 347 5329 ell
378 5275 507 5331 Cor.
543 5294 596 5344 v,
635 5279 723 5334 10.

1823 4600 2021 4654 nmque
2050 4585 2158 4637 vita
2193 4585 2260 4640 ab
2303 4585 2632 4653 aequissimis
2678 4587 2796 4642 istis
2836 4587 3083 4640 lancibus
3127 4589 3394 4641 retribua-

1824 4686 1931 4736 tur,
1980 4677 2160 4730 divina
2201 4678 2454 4731 nimirum
2501 4677 2825 4740 clementia,
2859 4692 2952 4745 pro
2985 4678 3223 4732 bonitate
3268 4693 3388 4740 sua,

1821 4769 2064 4823 maculas
2096 4784 2162 4822 cx
2197 4771 2429 4824 humana
2465 4767 2758 4836 fragilitate
2789 4779 3101 4823 contractas
3131 4767 3378 4823 dissimu-

1819 4859 1986 4924 laute,
2017 4865 2160 4930 quod
2189 4876 2366 4924 nemo,
2400 4870 2457 4914 ut
2481 4862 2693 4929 eloquia
2727 4862 2965 4925 tradunt,
3000 4862 3232 4914 mundus
3253 4861 3324 4914 sit
3356 4877 3386 4916 a

1822 4953 2005 5008 sorde.
2033 4952 2158 5006 llaec
2188 4956 2371 5021 itaque
2395 4953 2662 5021 promissa
2690 4952 2839 5005 novit
2865 4952 3095 5004 antistes
3117 4965 3181 5004 ex
3215 4951 3387 5004 veris-

1816 5048 1968 5101 simis
1997 5049 2325 5114 Soripturis;
2351 5064 2518 5116 quare
2549 5048 2680 5116 petit
2716 5047 2803 5101 illa
2836 5047 3114 5114 compleri,
3143 5046 3384 5115 indulge-

1819 5144 1972 5212 rique
2013 5141 2179 5213 269
2211 5143 2277 5198 iis
2304 5143 2393 5209 qui
2439 5141 2522 5211 pie
2569 5141 2803 5194 vixerint
2843 5155 2999 5196 sacra
3033 5143 3275 5207 praemia,
3310 5144 3384 5194 si.-

1404 5399 1635 5455 VARUE
1672 5402 2079 5463 LECTIONES.

170 5556 212 5646 έτ
230 5565 340 5653 τὸν·
365 5567 515 5653 ξιον,
556 5567 636 5653 Mr.‘
695 5570 744 5653 :5
769 5571 862 5653 τὸν
900 5571 1166 5653 Ἐϐραῖρν.
1245 5580 1481 5653 "team.
1521 5579 1630 5653 Μ.-
1687 5583 1732 5616 ⁸⁰
1759 5587 1905 5653 ἴσως
1932 5589 2046 5641 τοῦ.
2127 5587 2169 5617 ⁶¹
2200 5592 2251 5641 οἱ·
2276 5605 2378 5642 non
2413 5601 2493 5640 est
2527 5591 2577 5640 in
2607 5590 2665 5640 D.
2701 5589 2756 5640 P.
2821 5590 2864 5619 ⁸³
2893 5590 3089 5653 πάσας.
3120 5591 3184 5642 Μ.
3220 5591 3278 5643 Ι).
3309 5590 3371 5644 8.

139 5632 222 5714 ξε.
261 5635 341 5714 -.⁸⁸
365 5632 533 5714 θείοις
823 5642 867 5672 ⁴⁵⁸
892 5632 1227 5712 μεταδιδόναι
1256 5689 1267 5712 ,
1301 5649 1354 5704 Ι).
1383 5632 1411 5650 ἢ
1435 5632 1475 5681 ³³³⁵
1507 5651 1640 5704 Θεοῦ
1674 5632 1896 5712 ιιυιιιέξῖ
2119 5669 2175 5712 et

139 5701 198 5756 υ.
260 5704 303 5735 ⁸⁸
331 5707 549 5769 αὐτίκα,
584 5709 648 5762 Μ.
686 5711 773 5766 Sc.

2379 5660 2423 5687 Μ
2452 5659 2825 5727 ἐγγινομένας,
2877 5667 2972 5720 (lli.
3015 5661 3055 5690 “7
3085 5661 3375 5729 ἀὶηθινῶν,
