3728 6300
378 214 482 272 MS

1560 222 1615 277 S.
1655 221 1955 278 DIONYSII
1986 222 2077 277 AR
2086 222 2453 279 ΕΟΡΑΟΙΤΑΞ

3540 222 3645 279 564

381 334 608 402 malque
632 334 919 403 semetipso
949 335 1178 407 benigne
1218 340 1564 393 contormans
1595 340 1661 392 ad
1696 341 1862 394 imitat

2092 355 2227 408 ,ητον
2267 335 2599 407 ἀγαθοειδῶς
2626 338 3047 410 ἐκτυπούμενος,
3074 337 3167 392 καὶ
3189 333 3288 400 τάς
3312 334 3521 407 ἑτέρων
3545 336 3650 388 δω-

380 442 502 481 nem
542 427 659 493 Dei,
702 444 807 482 non
841 444 996 483 secus
1047 430 1170 483 aliis
1206 447 1365 500 quam
1411 430 1513 484 sibi
1550 430 1646 500 ipsi
1678 431 1815 484 dona
1852 447 1949 498 po-

373 533 535 573 scens
571 534 635 575 ae
659 522 891 591 gratias;
922 523 1100 577 sciens
1130 524 1255 578 item
1295 525 1682 593 promissiones
1711 524 1802 579 Dei
1830 538 1949 579 esse

376 610 711 678 infailibiles,
754 615 1109 682 praesentibus
1139 615 1301 668 etiam
1349 624 1533 684 aperte
1564 616 1821 679 declarat,
1860 613 1946 667 illa

374 716 493 768 qua:
528 703 595 757 ab
618 718 681 757 eo
711 704 833 771 jure
862 722 1019 760 sacro
1045 709 1405 776 postulantur,
1435 724 1652 776 prorsus
1684 718 1946 762 eventura

377 794 502 859 illis,
539 796 632 864 qui
664 798 960 852 secundum
988 797 1155 852 Deum
1183 800 1346 853 vitam
1381 800 1825 853 consummarint.
1856 799 1947 853 Et-

375 889 518 940 enim
564 889 835 953 antistes,
866 906 987 943 cum
1033 891 1105 945 sit
1147 891 1452 959 praecipuus
1484 891 1677 944 divinae
1722 888 1945 958 justitiae

374 993 574 1046 praeco,
610 995 885 1048 nunquam
912 981 1215 1049 postularet
1242 997 1304 1035 ea
1332 997 1451 1051 qua:
1479 996 1584 1035 non
1615 991 1794 1035 essent
1836 982 1945 1035 Deo

375 1076 535 1128 quam
564 1066 895 1133 gratissima,
930 1078 983 1122 et
1005 1071 1157 1134 juxta
1186 1070 1572 1138 protnissiones
1598 1069 1712 1138 ejus
1745 1071 1945 1125 deifor--

374 1152 539 1206 miter
579 1158 949 1212 concedenda.
994 1159 1357 1226 Quamobrem
1386 1162 1656 1218 defunctis
1687 1163 1943 1231 improbis

375 1254 715 1312 nequaquam
769 1247 1070 1304 istiusmodi
1110 1263 1405 1318 precatur,
1442 1269 1547 1307 non
1595 1254 1766 1307 solum
1798 1256 1940 1323 quod

375 1332 685 1403 interpretis
708 1338 941 1394 officium
980 1342 1032 1396 in
1062 1343 1164 1397 hoc
1189 1344 1454 1411 violaret,
1483 1357 1647 1416 atque
1679 1362 1941 1417 praesum-

371 1436 566 1495 ptuOse
583 1429 683 1482 sibi
704 1431 995 1501 quidquam
1016 1450 1295 1489 munerum
1314 1437 1700 1505 pontificalium
1719 1455 1939 1510 arroga-

372 1527 480 1583 ret,
517 1521 584 1574 ab
609 1532 830 1577 auctore
866 1528 1247 1595 mysteriorum
1279 1530 1500 1585 minime
1518 1540 1728 1595 motus;
1751 1548 1935 1586 verum

371 1611 536 1665 etiam
566 1616 707 1681 quod
747 1615 908 1686 impia
944 1604 1204 1686 petitione
1233 1619 1615 1687 frustraretur,
1657 1634 1711 1679 et
1739 1642 1767 1678 a
1791 1625 1937 1695 justo

2056 430 2185 500 ρεάς
2208 429 2283 492 ὡς
2306 429 2511 493 οίκείας
2530 428 2757 495 ἐξαιτῶν
2772 430 3021 502 χάριτας·
3048 428 3233 500 ἀμαδέ
3256 428 3354 480 καὶ
3366 426 3470 490 τὰς
3487 425 3649 494 ἀψευ-

2052 520 2161 583 δεῖς
2182 520 2509 589 ἐπαγγελίας
2526 520 2679 584 είδὼς
2703 522 2986 592 ἐσομένας,
3013 521 3105 573 καὶ
3126 521 3237 583 τοῖς
3258 518 3533 590 παροῦσιν
3551 520 3645 570 ἐκ·

2053 608 2392 679 φαντορικῶς
2428 609 2709 679 ἐμφαίνων
2730 610 2795 673 ⁸⁸,
2825 609 2904 662 ὅτι
2930 609 2998 662 τὰ
3022 610 3148 679 παρ’
3176 606 3342 660 αὐτοῦ
3371 606 3518 659 κατὰ
3555 606 3643 659 θε-

2054 700 2187 771 σμὸν
2214 701 2356 772 ἱερὸν
2384 701 2758 772 ἐξαιτούμενα,
2791 701 3006 765 πάντως
3023 701 3300 763 ἕσταιτοῖς
3322 699 3469 753 κατὰ
3498 699 3644 751 θείαν

2051 787 2195 861 ζωὴν
2237 790 2697 861 τετελειωμένοις.
2732 791 2804 843 Οὐ
2837 789 2945 862 γὰρ
2984 789 3049 843 ἂν
3081 792 3109 842 ὁ
3137 790 3418 860 ἱεράρχης,
3470 789 3503 840 ὁ
3548 789 3642 858 τῆς

2050 878 2347 952 θεαρχικῆς
2384 880 2721 945 δικαιώσεως
2752 881 3058 953 ὑποφήτης,
3101 880 3346 952 ἐζήτειτί)
3392 882 3531 933 ποτὲ
3576 882 3640 931 τὰ

2051 970 2125 1044 μὴ
2147 971 2225 1043 τῷ
2265 972 2382 1043 Θεῷ
2410 972 2867 1043 προσφιλέστατα,
2900 975 2995 1026 καὶ
3036 972 3173 1043 πρὸς
3209 970 3376 1024 αὑτοῦ
3412 972 3641 1041 δοθήσε-

2048 1061 2171 1116 σθαι
2196 1062 2431 1126 θειωδῶς
2445 1063 2847 1135 ἐπηγγελμένα.
2874 1064 2967 1116 Διὸ
2986 1066 3095 1126 τοῖς
3112 1064 3345 1132 ἀνιέροις
3364 1062 3469 1115 οὐκ
3488 1062 3640 1114 ἐπεύ-

2046 1176 2199 1230 χεται
2221 1160 2391 1213 ταῦτα
2435 1179 2665 1234 κεκοιμη
2676 1163 2878 1233 μένοις,
2913 1164 2973 1216 οὐ
3003 1164 3160 1235 μόνον
3183 1166 3265 1217 ὅτι
3290 1164 3392 1233 τῆς
3420 1162 3638 1231 ὑποφη-

2043 1250 2203 1320 τικῆς
2224 1252 2266 1281 ⁷¹
2296 1253 2353 1303 ἐν
2377 1250 2550 1322 τούτῳ
2577 1255 3066 1325 παρατραπήσεται
3090 1253 3315 1319 τάξεως,
3340 1252 3436 1305 καί
3458 1252 3638 1305 τιτῶν

2045 1342 2375 1414 ἱεραρχικῶν
2402 1344 2648 1409 αὐθαδῶς
2674 1346 2966 1417 τολμήσει,
2997 1346 3070 1417 μὴ
3095 1345 3229 1414 πρὸς
3255 1344 3349 1400 τοῦ
3376 1343 3640 1415 τελετάρ-

2042 1448 2136 1501 χου
2167 1434 2543 1504 κεκινημένος,
2573 1434 2686 1487 ἀλλ’
2712 1435 2794 1487 ὅτι
2822 1436 2915 1489 καὶ
2937 1437 3032 1511 τῆς
3056 1437 3280 1507 ἐναγοῦς
3298 1436 3472 1507 εὐχῆς
3500 1436 3635 1488 ἀπο-

2040 1523 2309 1591 τεύξεται,
2338 1524 2471 1595 πρὺς
2486 1524 2579 1578 τοῦ
2605 1525 2813 1583 δικαίου
2839 1526 3021 1597 λογίου
3048 1530 3142 1583 καὶ
3158 1528 3317 1591 αὐτὸς
3349 1528 3454 1579 οὐκ
3478 1528 3587 1579 ἀπε
3598 1544 3637 1578 ι-

2040 1613 2213 1677 κότως
2234 1613 2465 1667 ἀκούων·
2496 1614 2739 1683 Αἰτεῖτε,
2757 1618 2855 1672 καὶ
2884 1621 2955 1673 οὐ
2971 1617 3321 1688 λαμϐάνετε,
3355 1616 3513 1668 διότι
3537 1634 3638 1669 κα-

372 1717 599 1769 prorsus
634 1705 845 1775 eloquio
877 1710 1037 1762 etiam
1074 1712 1187 1780 ipse
1229 1714 1425 1767 merito
1448 1710 1862 1769 audienszPetit

2092 1704 2160 1771 ῦς
2192 1706 2425 1763 αἰτεῖτε.
2460 1709 2669 1764 Οὐκοῦν
2712 1714 2740 1765 ὁ
2782 1711 2923 1775 θεῖος
2966 1713 3221 1783 ίεράρχης
3252 1710 3525 1773 ὲξαιτεῖ⁷²
3570 1708 3636 1759 τὰ

368 1801 418 1845 et
446 1809 548 1847 non
582 1796 842 1867 accipitis,
885 1801 1008 1869 quia
1040 1808 1176 1856 male
1216 1806 1385 1872 petitis
1415 1804 1457 1858 ί.
1492 1805 1731 1861 Postulat
1756 1809 1939 1880 itaque

369 1893 589 1937 sanctus
627 1887 855 1943 antistes
881 1904 941 1944 ea
974 1906 1093 1960 qua:
1118 1902 1243 1946 sunt
1272 1895 1532 1950 divinitus
1560 1900 1846 1967 promissi,
1880 1910 1937 1954 et

369 1985 587 2044 accepta
618 1988 746 2032 sunt
769 1980 899 2047 Deo,
926 1983 1251 2053 omninoque
1281 1985 1556 2056 largienda
1577 2007 1591 2057 ;
1616 2002 1663 2044 et
1683 1992 1933 2049 affectum

371 2067 727 2135 benignitatis
750 2086 863 2126 sua:
893 2073 1319 2131 clementissimo
1352 2077 1459 2133 Deo
1486 2096 1548 2134 ae
1571 2085 1933 2149 praesentibus

366 2160 619 2215 omnibus
665 2173 850 2232 aperte
898 2167 1224 2234 declarans,
1271 2185 1515 2236 qua-nam
1569 2173 1705 2228 bona
1757 2180 1931 2231 sancti

364 2252 613 2321 adepturi
642 2256 751 2309 sint
780 2259 1041 2313 insinuat.
1086 2259 1289 2315 Eodem
1336 2265 1496 2318 modo
1529 2268 1798 2322 antistites
1839 2273 1933 2323 [ta-

369 2346 496 2400 bent
544 2356 869 2415 potestatem
909 2354 1269 2422 segregandi,
1309 2363 1565 2426 tanquam
1611 2359 1931 2428 interpretes

364 2437 667 2493 divinarum
693 2440 1147 2509 justificationutn
1176 2463 1191 2513 ;
1224 2463 1328 2502 non
1357 2451 1499 2518 quod
1525 2450 1932 2509 irrationalibus

361 2532 601 2587 motibus
627 2536 1027 2603 sapientiSsima
1055 2540 1311 2596 divinitas
1334 2544 1606 2600 serviliter
1646 2547 1728 2616 (ut
1760 2548 1930 2602 Itone-

362 2632 447 2678 ste
472 2627 729 2698 dixerim)
758 2630 1114 2701 obsequatur,
1148 2636 1243 2691 sed
1285 2639 1426 2707 quod
1469 2639 1687 2707 ipsimet
1735 2642 1928 2710 Spiritu

365 2720 751 2788 mysteriorum
792 2726 1104 2795 principali,
1144 2744 1174 2782 a
1204 2745 1313 2799 quo
1344 2734 1412 2785 ad
1458 2732 1925 2802 interpretandum

360 2819 647 2864 moventur
682 2828 711 2865 a
757 2812 889 2882 Deo,
932 2833 1030 2886 pro
1063 2820 1272 2875 meritis
1312 2821 1586 2891 judicatos
1614 2836 1945 2881 secernunt.

356 2899 587 2970 Accipite
615 2905 784 2971 enim,
824 2908 1018 2976 inquit,
1050 2909 1310 2979 Spiritum
1340 2927 1580 2968 sanctum
1630 2931 1648 2968 :
1702 2934 1923 2987 quarunt

361 2992 664 3047 remiseritis
726 3010 978 3064 peccata,
1039 3004 1377 3056 remittuntur
1440 3006 1551 3071 eis;
1607 3019 1654 3060 et
1702 3026 1995 3097 quorumc

366 3080 711 3150 retiuueritis,
776 3096 976 3141 retenta
1014 3101 1133 3143 sunt
1164 3094 1207 3145 ε.
1242 3093 1378 3159 Quin
1410 3106 1463 3149 et
1491 3097 1562 3162 ei,
1602 3102 1690 3167 qui
1718 3100 1927 3155 divinas

361 3172 723 3229 revelationes
742 3190 772 3229 a
794 3191 1048 3245 supremo
1066 3179 1229 3236 Patre
1253 3186 1536 3254 didicerat,
1557 3204 1606 3242 tn
1629 3188 1844 3258 Scriptu
1855 3192 1928 3245 ris

356 3265 604 3317 dicitur:
660 3268 1017 3342 Quodcunque
1063 3272 1305 3342 ligaveris
1358 3294 1512 3345 super
1562 3290 1776 3346 terram,
1832 3285 1927 3336 erit

352 3354 573 3423 ligatum
625 3370 671 3412 et
724 3364 777 3414 in
840 3366 1025 3429 caelis;
1073 3375 1121 3418 et
1169 3373 1510 3438 quodcunque
1562 3375 1775 3430 solveris
1832 3394 1925 3431 su-

353 3463 447 3513 per
506 3457 740 3515 terram,
795 3458 891 3507 erit
934 3456 1163 3511 Solutum
1220 3471 1266 3514 et
1312 3464 1366 3515 in
1422 3465 1563 3518 caelis
1618 3466 1680 3531 ιι,
1728 3469 1801 3521 ita
1868 3482 1926 3524 ut

352 3536 479 3603 ille,
524 3542 810 3611 omnisque
852 3549 1092 3614 pontifex
1131 3550 1205 3603 illi
1243 3553 1469 3620 similis,
1521 3556 1671 3625 juxta
1716 3562 1926 3616 revela-

356 3629 533 3684 tiones
575 3644 929 3701 paternarum
976 3640 1427 3709 justifteatiouum
1480 3652 1584 3706 sibi
1642 3654 1919 3720 indultus,

351 3725 508 3793 quasi
544 3726 814 3796 interpres
839 3748 901 3786 ac
926 3736 1160 3803 portitor
1188 3738 1298 3793 Deo
1334 3743 1531 3799 charos
1566 3746 1836 3805 admittat.
1866 3762 1922 3807 et

349 3813 546 3885 impios
576 3820 850 3878 excludat.
880 3823 1063 3896 Neque
1081 3831 1227 3885 enim
1252 3846 1496 3890 sanctam
1516 3838 1660 3893 illam
1688 3841 1920 3913 Deipro-

257 3943 263 3949 .
354 3908 670 3979 fessionem,
705 3927 763 3968 ut
787 3915 999 3987 eloquia
1029 3933 1318 3993 testantur,
1351 3938 1497 3983 motu
1526 3933 1768 4000 preprio,
1793 3916 1919 3991 ear-

348 4016 483 4056 neve
511 4016 603 4059 aut
626 4009 886 4077 sanguine
922 4016 1307 4086 revolantibus,
1340 4023 1432 4076 sed
1464 4038 1492 4076 a
1522 4024 1629 4081 Deo
1654 4028 1916 4096 spiritali-

350 4103 432 4147 ter
466 4096 612 4150 illum
646 4100 921 4157 imbuente
950 4109 1238 4174 perdoctus
1265 4152 1279 4175 ,
1313 4118 1701 4180 pronuntiavit.
1734 4120 1917 4187 Quare
1960 4178 1963 4185 λ

346 4189 555 4242 sanctis
593 4193 929 4251 antistitibus
968 4209 1073 4252 tam
1109 4204 1429 4272 segregandi
1462 4222 1625 4276 quam
1668 4210 1791 4267 aliis
1826 4231 1915 4267 sa-

345 4280 454 4332 cris
496 4279 846 4340 facultatibus
877 4290 1134 4345 utendum
1160 4331 1176 4358 ,
1222 4305 1383 4361 prout
1428 4297 1559 4365 ipsis
1604 4301 1910 4358 divinorum

2045 1798 2280 1865 θειωδῶς
2315 1802 2696 1874 ἐπηγγελμένα
2713 1804 2807 1857 καὶ
2833 1804 2961 1873 φίλα
2986 1804 3122 1874 Θεῷ,
3154 1802 3247 1857 καὶ¹
3275 1803 3502 1865 πάντως
3533 1801 3633 1854 δω-

2044 1890 2411 1963 ρηθησόμενα’
2451 1895 2545 1948 καὶ
2587 1895 2646 1949 τὸ
2685 1896 2784 1966 τῆς
2821 1894 3024 1958 οἰκείας
3064 1893 3409 1963 ἀγαθοειδοῦς
3463 1893 3631 1958 ἕξεως

2040 1980 2345 2046 ἐπιδεικνὺς
2373 1983 2449 2054 τῷ
2477 1984 2759 2056 φιλαγάθῳ
2788 1984 2938 2055 Θεῷ,
2968 1986 3061 2038 καὶ
3088 1988 3199 2049 τοῖς
3236 1984 3515 2054 παροῦσιν
3546 1986 3633 2036 ἐκ·

2039 2072 2378 2144 φαντορικῶς
2403 2074 2678 2145 ἐμφαίνων
2709 2074 2778 2127 τά
2807 2078 2919 2139 τοῖς
2947 2075 3111 2138 ὁσίοις
3126 2076 3171 2105 ⁷³
3191 2074 3427 2144 ἐσόμενα
3454 2073 3629 2143 δῶρα.

2037 2158 2191 2211 Οὕτω
2220 2160 2314 2213 καὶ
2339 2160 2437 2224 τὰς
2467 2162 2826 2234 ἀφοριπικάς
2854 2162 3065 2232 ἔχουσιν
3099 2163 3147 2215 οἱ
3178 2163 3431 2233 ἱεράρχαι
3464 2162 3630 2213 δυνα-

2040 2268 2179 2321 μεις,
2207 2252 2282 2316 ὠς
2323 2254 2707 2325 ἐκφαντορικοὶ
2740 2253 2849 2307 τῶν
2880 2255 3039 2308 θείων
3079 2255 3490 2325 δικαιωμάτων,
3534 2255 3631 2322 οὐχ

2016 2341 2109 2426 .ὡς
2138 2346 2257 2407 ταῖς
2280 2344 2458 2397 αὐτῶν
2481 2345 2697 2414 ἀλόγοις
2719 2345 2916 2417 ὁρμαῖς
2931 2346 3031 2418 τῆς
3059 2346 3332 2415 πανσόφου
3362 2346 3630 2417 θεαρχίας

2034 2431 2319 2503 (εὐφήμως
2346 2434 2542 2507 εἰπεῖν)
2574 2436 2922 2507 ὑπηρετικῶς
2948 2438 3239 2508 ἑπομένης,
3265 2437 3382 2490 ἀλλ’
3414 2438 3495 2499 ὼς
3531 2437 3628 2488 αὖ-

2031 2524 2138 2577 τῶν
2156 2526 2507 2596 ὑποφητικῶς
2524 2526 2871 2582 ὑποκινοῦντι
2895 2527 2972 2600 τῷ
2988 2527 3359 2601 τελεταρχικῷ
3379 2528 3426 2560 ⁷⁸
3454 2528 3625 2581 πνεύ-

2035 2632 2162 2686 ματι
2188 2619 2314 2681 τοὺς
2338 2620 2697 2691 κεκριμένους
2727 2621 2845 2693 Θεῷ
2883 2622 3003 2676 κατ’
3029 2620 3185 2688 ἀξίαν
3223 2621 3621 2693 ἀφοριζὸντων.

2030 2710 2250 2765 Λάϐετε
2277 2710 2408 2783 γάρ,
2431 2714 2563 2785 φησι
2581 2754 2595 2778 ,
2616 2715 2680 2766 τὸ
2704 2714 2951 2784 Πνεῦμα
2972 2714 3036 2767 τὸ
3071 2714 3260 2783 ἅγιον·
3279 2714 3359 2767 ἄν
3376 2732 3563 2768 τινων
3578 2716 3623 2745 ⁷³

2028 2801 2221 2871 ἀφῆτε
2247 2804 2355 2870 τὰς
2386 2804 2694 2874 ἁμαρτίας.
2719 2805 3013 2876 ἀφίενταιο
3038 2805 3115 2859 ἄν
3137 2824 3316 2861 τινων
3334 2808 3620 2875 κρατῆτε,

2028 2894 2550 2964 κεκράτηνται.Καὶ
2569 2896 2646 2967 τῷ
2656 2897 2754 2961 τὰς
2771 2897 2920 2962 θείας
2942 2896 3311 2967 ἀποκαλύψεις
3324 2897 3420 2952 τοῦ
3443 2914 3625 2952 πανα-

2028 2985 2290 3055 γεστάτου
2333 2987 2543 3060 Πατρὸς
2576 2989 2970 3062 ἐλλαμπομένῳ
3014 2989 3085 3043 τὰ
3129 2990 3285 3058 λόγιά
3324 3007 3516 3060 φησιν’
3557 2991 3619 3044 Ὃ

2026 3078 2135 3131 ἐὰν
2162 3077 2359 3146 δήσῃς
2384 3079 2481 3133 ἐπὶ
2517 3079 2626 3149 τῆς
2668 3082 2800 3152 γῆς,
2836 3082 3007 3136 ἔσται
3030 3080 3351 3151 δεδεμένον
3386 3084 3459 3136 ἐν
3496 3078 3653 3149 τοῖς⁸

2027 3173 2303 3241 οἰῬανοῗς
2318 3174 2384 3206 ⁷⁸·
2430 3174 2530 3227 καὶ
2569 3173 2600 3227 ὃ
2631 3174 2740 3228 ἐὰν
2772 3176 2970 3244 λύσῃς
2991 3176 3087 3229 ἐπὶ
3127 3175 3238 3244 τῆς
3283 3174 3419 3245 τῆς,
3442 3176 3615 3230 ἔσται

2024 3264 2444 3334 λελυμένον-ὲν
2465 3264 2587 3330 τοῖς
2611 3265 2904 3333 οὺρανοῗςο
2939 3266 3014 3331 ὼς
3044 3267 3252 3319 ἐκείνου
3276 3268 3319 3297 ⁷⁷
3350 3268 3446 3319 καὶ
3480 3284 3616 3319 παν-

2023 3354 2115 3419 τὸς
2145 3356 2239 3409 τοῦ
2267 3359 2388 3410 κατ’
2434 3357 2597 3410 αὐτὸν
2629 3358 2904 3429 ἱεράρχου,
2944 3357 3083 3411 κατὰ
3123 3357 3221 3421 τὰς
3250 3359 3309 3411 ἐν
3341 3358 3496 3428 αὐτῷ
3519 3375 3609 3426 γε-

2024 3448 2253 3518 νομένας
2274 3450 2318 3479 ⁷⁸
2354 3449 2464 3503 τῶν
2494 3449 2776 3520 πατρικῶν
2806 3449 3188 3520 δικαιωμάτων
3213 3448 3608 3518 ἀποκαλύψεις,

2022 3540 2431 3611 ὲκφαντορικῶς
2461 3542 2555 3594 καὶ
2580 3539 3085 3611 διαπορθμευτικῶς
3104 3538 3229 3603 τούς
3255 3557 3316 3594 τε
3339 3541 3609 3609 θεοφιλεκ

2023 3631 2409 3702 προσιεμένου,
2458 3630 2711 3694 καὶτοὺς
2750 3631 2942 3695 ἀθέους
2983 3630 3450 3702 ἀποκληροῦντος.
3497 3633 3608 3684 Καὶ

2019 3722 2119 3793 τὴν
2144 3721 2292 3793 ἱερὰν
2317 3722 2424 3794 γὰρ
2461 3722 2676 3793 ἐκείνην
2703 3722 2997 3791 θεολογίαν,
3028 3721 3103 3785 ὡς
3136 3723 3207 3774 τὰ
3224 3721 3385 3789 λόγιά
3420 3739 3602 3793 φησιν,

2019 3813 2118 3866 οὐκ
2154 3814 2534 3884 αὑτοκινήτως,
2561 3813 2681 3866 οὐδὲ
2713 3814 2913 3886 σαρκὸς
2951 3816 3042 3868 καὶ
3071 3814 3302 3884 αἵματος
3332 3814 3604 3867 ἀποκαλυ-

2017 3905 2254 3976 ψάντων,
2285 3904 2397 3958 ἀλλ’
2427 3906 2533 3959 ὑπὸ
2559 3905 2694 3959 Θεοῦ
2721 3907 2925 3979 νοητῶς
2946 3908 3106 3961 αὑτὸν
3124 3907 3193 3959 τὰ
3209 3906 3328 3960 θεῖα
3362 3909 3602 3977 μυήσαν-

2016 4013 2107 4060 τος
2156 3996 2553 4066 ἀπεφθέγξατο.
2601 3998 2739 4062 Τοὺς
2782 3999 2879 4069 μὲν
2925 3995 3018 4053 οὖν
3053 3998 3271 4062 ἐνθέους
3317 3999 3596 4070 ἱεράρχας,

2015 4089 2158 4143 οὕτω
2181 4091 2412 4153 καὶτοῖς
2437 4091 2781 4161 ἀφορισμοῖς,
2827 4093 2921 4145 καὶ
2958 4093 3158 4155 πάσαις
3193 4095 3317 4154 ταῖς
3363 4093 3599 4162 ίεραρχι-

2016 4184 2137 4244 καῖς
2159 4182 2418 4252 δυνάμεσι
2444 4183 2727 4253 χρηστέον,
2755 4183 2901 4246 ὅπως
2923 4182 3035 4254 avi)
3060 4183 3379 4254 τελετάρχις
3402 4185 3595 4246 αὐτοὺς

2015 4270 2241 4343 θεαρχία
2261 4274 2490 4343 κινήσοι·
2528 4275 2652 4336 τοὺς
2678 4273 2734 4325 δὲ
2760 4272 2952 4337 ἄλλους
2976 4273 3119 4327 οὕτω
3141 4276 3254 4337 τοῖς
3290 4275 3590 4346 ίεράρχαις,

344 4383 536 4426 auctor
560 4379 940 4444 mysteriorum
967 4382 1222 4437 divinitus
1243 4387 1408 4459 270
1436 4389 1737 4460 inspirarit.
1772 4397 1862 4451 Ροι

2115 4357 2196 4425 οἷς
2235 4360 2302 4414 ἂν
2334 4361 2931 4436 δρῶσινίεραρχικῶς,
2977 4363 3326 4435 προσεκτέον,
3372 4365 3451 4427 ὡς
3495 4363 3593 4416 ὑπὸ

343 4463 520 4521 titices
549 4478 730 4523 autem
764 4472 833 4524 ita
866 4476 1075 4529 caeteris
1100 4488 1224 4532 sunt
1248 4484 1571 4541 observandi
1613 4490 1663 4542 in
1691 4492 1758 4544 iis
1793 4508 1910 4560 tnta:

343 4569 403 4612 ut
429 4562 718 4629 pontifices
755 4578 968 4634 gerunt,
1009 4580 1261 4640 tanquam
1310 4576 1411 4646 ipsi
1443 4594 1471 4631 a
1502 4580 1614 4635 Deo
1650 4600 1904 4641 movean-

340 4660 448 4707 tur.
479 4653 583 4719 Qui
611 4658 780 4723 enim,
808 4659 1004 4728 inquit,
1030 4681 1116 4718 vos
1142 4672 1357 4735 spernit,
1404 4689 1483 4725 me
1508 4679 1729 4743 aperuit1
1747 4717 1760 4732 .

2015 4448 2149 4503 Θεοῦ
2189 4452 2576 4523 κεκινημένους
2592 4455 2657 4486 ⁷⁸⁸
2705 4453 2757 4506 '0
2787 4452 3019 4525 ,ἀθετῶν
3051 4452 3158 4525 γὰρ
3194 4451 3375 4522 ὑμᾶς,
3408 4452 3586 4525 φησιν,

2010 4540 2114 4610 ἐμὲ
2142 4542 2353 4597 ἀθετεῖ.

1830 4825 1856 4895 §
1892 4824 2057 4888 VIII.

410 4941 514 4994 Sed
542 4943 652 5012 jam
701 4946 767 4998 ad
797 4962 881 5015 ea,
923 4965 1040 5018 qua:
1072 4952 1269 5008 dictam
1306 4962 1677 5026 precationem
1709 4968 1899 5022 subse-

333 5046 603 5101 quuntur,
634 5038 930 5095 veniamus.
963 5040 1060 5095 Ubi
1097 5047 1336 5113 pontifex
1368 5066 1489 5106 eam
1519 5056 1715 5122 finivit,
1754 5060 1899 5126 ipse-

417 5195 435 5233 ί
469 5193 585 5251 Jac.
621 5216 694 5264 tv,
732 5200 784 5255 '5.
864 5203 892 5243 ⁸
915 5204 1070 5261 Joan.
1104 5224 1193 5274 xx,
1220 5210 1317 5266 9.2.
1409 5214 1436 5252 δ
1468 5213 1666 5269 Matth.
1701 5235 1809 5281 xw,
1844 5222 1927 5275 19.

2092 4973 2234 5027 Ἀλλ’
2273 4976 2657 5048 ἐπανέλθωμεν
2699 4980 2780 5043 είς
2811 4978 2909 5043 τὰς
2948 4979 3047 5049 τῆς
3090 4982 3392 5054 εἰρημένης
3426 4984 3580 5054 εὐχῆς

2007 5062 2270 5118 ἀκόλουθα
2287 5066 2352 5119 ⁸ο.
2379 5068 2613 5132 Τελέσας
2635 5068 2744 5141 γὰρ
2764 5070 2934 5145 αὐτὴν
2965 5073 2996 5125 ὁ
3021 5073 3283 5145 ίεράρχης
3301 5115 3316 5140 ,
3342 5076 3505 5139 αὑτός
3523 5090 3576 5127 τε

2035 5228 2048 5263 ί
2088 5225 2217 5282 Luc.
2252 5244 2307 5294 κ,
2340 5229 2422 5283 16.

1599 5374 1831 5431 VARle
1870 5378 2277 5439 LECTIONES.

406 5520 837 5613 "‘éxgoaivvaP
979 5600 994 5613 ‘
1020 5530 1070 5613 ."°
1086 5529 1285 5600 ἐξῄτει.
1308 5601 1339 5613 η
1363 5536 1558 5613 “ntust
1578 5537 1638 5613 οὐ
1664 5538 1827 5613 μόνον
1850 5542 1948 5613 τῆς
1975 5543 2164 5613 ὑποφ,
2198 5544 2264 5600 51.
2298 5546 2447 5600 Sent.

1540 5605 1596 5682 τῇ.
1621 5606 1699 5682 τῷ
1730 5605 1963 5682 οὐρανῷ,
2016 5605 2193 5669 IL'SC.

1068 5673 1111 5703 ⁷ί³
1139 5674 1537 5743 κεκινημένας,
1566 5676 1620 5730 S.
1645 5673 1698 5729 1⁵.
1728 5673 1808 5729 υς
1888 5673 1931 5711 κί’

328 5584 376 5666 If
398 5584 717 5666 τελετᾷρχῃ,
749 5584 811 5650 ί).
904 5600 949 5629 ⁷⁸
976 5600 1070 5654 ἐὰν
1095 5584 1276 5665 τῖδων,
1308 5601 1364 5655 S.
1390 5605 1443 5657 P.

329 5654 375 5690 τε
399 5654 712 5732 γινομὶνξὶξ,
742 5666 796 5719 s.
825 5670 885 5721 ι».
907 5670 960 5722 n.

2522 5548 2566 5579 η
2591 5547 2900 5614 ἐξαιτεῖται,
2931 5549 2992 5603 D.
3071 5549 3116 5580 ⁷³
3139 5550 3252 5612 τοῖς
3282 5548 3479 5616 ἁγίοις,
3508 5547 3560 5601 Ρ.

2285 5618 2426 5689 "ib;
2465 5619 2618 5685 ἁγίου
2661 5619 3046 5689 εὐαγγελιστοῦ
3086 5619 3330 5685 ἐκείνου,
3374 5621 3439 5673 31.
3476 5621 3558 5675 Sc.

1966 5686 2021 5736 ἐν
2051 5688 2113 5755 τῇ
2142 5687 2428 5757 ἀκολουθίᾳ
2454 5728 2464 5747 .
2500 5689 2565 5741 Μ.
