3730 6312
115 305 211 360 565

1141 304 1229 359 DE
1260 304 1543 362 ECCLES.
1582 302 1983 369 HIEllARClI.,
2016 307 2168 362 CAP.
2206 308 2319 362 Vll.

3264 307 3367 361 366

111 415 407 479 ἀσπάζεται
439 414 530 467 τὸν
572 415 992 485 κεκοιμημένον,
1033 417 1125 470 καὶ
1166 417 1291 488 ἑξῆς
1330 421 1379 469 οἱ
1422 418 1686 489 παρόντες

1848 427 1901 469 et
1926 419 2237 473 defunctum
2266 419 2487 485 salutat,
2515 433 2579 474 ac
2608 418 2802 474 deinde
2823 433 3012 475 omnes
3031 420 3121 489 qui
3148 422 3372 490 adsunt;

114 509 359 570 ἅπαντες·
390 506 525 578 ἡδὺς
553 507 661 578 γάρ
692 508 808 559 ἐστι
843 508 937 560 καὶ
961 508 1138 582 τίμιος
1175 509 1346 563 ἅπασι
1380 513 1483 574 τοῖς
1528 510 1694 564 θεοει-

112 599 246 653 δέσιν
265 601 293 652 ὁ
318 598 469 653 κατὰ
489 599 640 653 θείαν
661 600 704 631 δι
731 599 875 674 ζωὴν
896 601 1333 672 τετελειωμένος.
1357 603 1512 657 Μετὰ
1532 604 1587 657 δὲ
1603 606 1692 658 τὸν

114 690 394 762 ἀσπασμὸν
422 691 631 763 ἐπιχέει
658 690 735 762 τῷ
764 710 995 765 κεκοιμη
1005 693 1150 765 μένῳ
1172 694 1233 746 τὸ
1254 693 1431 749 ἔλαιον
1453 699 1480 749 ὁ
1514 697 1695 769 ίεράρ-

114 800 226 855 χης.
260 782 532 854 Μέμνησο
552 782 629 847 δὲ,
656 783 737 836 ὅτι
766 782 909 835 κατὰ
928 784 1025 855 τὴν
1054 784 1204 855 ἱερὰν
1229 785 1569 854 θεογενεσίαν
1590 788 1695 857 πρὸ

111 881 190 936 τοῦ
240 876 524 931 θειοτάτου
549 877 594 909 ⁸³
642 876 1019 948 βαπτίσματος
1056 876 1244 949 πρώτη
1286 877 1501 948 μέθεξις
1550 880 1694 951 ἱεροῦ

110 968 373 1041 συμϐόλου
414 967 671 1040 δωρεῖται
705 966 783 1038 τῷ
822 966 1161 1038 τελουμένῳ,
1198 967 1334 1038 μετὰ
1371 969 1470 1039 τὴν
1508 969 1692 1039 ὁλικὴν

114 1062 197 1131 τῆς
227 1058 503 1131 προτέρας
538 1058 761 1130 ἐσθῆτος
787 1059 1131 1129 ἀπαμφίασιν
1150 1058 1195 1090 ⁸³
1218 1099 1233 1124 ,
1257 1060 1316 1112 τὸ
1340 1059 1441 1129 τῆς
1466 1061 1694 1131 κρίσεως

112 1154 296 1206 ἔλαιον·
330 1152 389 1204 ἐν
414 1150 560 1204 τέλει
584 1150 641 1203 δὲ
664 1148 758 1204 νῦν
782 1150 1037 1204 ἁπάντων
1076 1151 1169 1203 ἐπὶ
1195 1148 1272 1221 τῷ
1308 1151 1695 1221 κεκοιμημένῳ

111 1247 152 1299 τὸ
189 1241 364 1296 ἔλαιον
392 1240 675 1311 ἐπιχέεται
696 1240 761 1293 ⁸⁵.
788 1241 900 1294 Καὶ
924 1240 1044 1293 τότε
1079 1241 1176 1311 μὲν
1202 1240 1347 1311 ήτοῦ
1369 1240 1550 1294 ἐλαίου
1578 1242 1697 1312 χρί-

112 1354 179 1399 σις
224 1334 314 1387 ἐπὶ
341 1335 476 1397 τοὺς
514 1333 692 1404 ίεροὺς
735 1331 952 1401 ἀγῶνας
989 1331 1173 1385 ἐκάλει
1213 1332 1305 1385 τὸν
1350 1331 1691 1402 τελούμενον·

117 1426 199 1479 νῦν
218 1426 272 1479 δὲ
308 1426 371 1478 τὸ
407 1424 761 1497 ἐπιχεόμενον
802 1423 979 1477 ἔλαιον
1001 1424 1255 1494 ἐμφαίνει
1282 1423 1425 1477 κατὰ
1451 1425 1577 1487 τοὺς
1603 1424 1696 1477 αὐ-

116 1520 223 1583 τοὺς
253 1519 441 1592 ἱεροὺς
483 1518 701 1588 ἀγῶνας
741 1516 1051 1589 ἀθλήσαντα
1081 1518 1175 1570 καὶ
1214 1516 1567 1570 τελειωθέντα
1605 1515 1695 1570 τὸν

114 1624 329 1681 ιεεκοιμη
339 1609 526 1681 μένον.

1789 510 2041 564 omnibus
2074 512 2218 565 enim
2271 510 2404 564 viris
2434 510 2790 565 deiformibus
2841 511 3134 565 admodum
3183 522 3370 581 gratus

1792 587 1969 662 est,‘ct
1992 604 2197 656 honore
2229 604 2445 671 dignus,
2479 603 2976 672 quisquisdirinam
3008 606 3172 659 vitam
3196 614 3373 660 trans-

1791 696 1922 757 egit.
1955 695 2078 747 Post
2103 696 2484 750 salutationem
2507 712 2634 751 vero
2653 695 2891 765 pontifex
2916 697 3174 753 defuncto
3191 698 3369 753 oleum

1793 783 2043 839 aﬂ‘untlit.
2079 786 2395 842 Memineris
2427 787 2532 849 hic,
2568 796 2626 839 ιιι
2658 787 2710 839 in
2745 788 2917 856 prima
2956 787 3043 841 illa
3081 803 3370 857 regenera-

1798 877 1945 931 tione
1966 893 2126 931 sacra
2153 887 2278 932 ante
2305 889 2559 932 sanctum
2590 878 2941 945 baptismum,
2973 887 3095 948 post
3123 878 3372 946 antiqua-

1795 984 1915 1022 rum
1944 970 2174 1024 vestium
2205 970 2625 1038 depositionem,
2651 969 2740 1023 ille
2769 970 2858 1038 qui
2893 970 3158 1032 initiatur,
3192 971 3242 1022 in
3263 970 3374 1038 pri-

1794 1078 1878 1114 tua
1908 1060 2081 1117 sancti
2117 1060 2346 1130 symboli
2394 1061 2832 1128 participatione,
2879 1061 3022 1115 sacri
3057 1061 3372 1115 chrismatis

1793 1154 1914 1207 oleo
1946 1155 2276 1223 inungatur;
2312 1162 2366 1206 et
2405 1153 2492 1207 hic
2526 1156 2739 1207 demum
2776 1154 2826 1206 in
2861 1152 2967 1208 [ine
3008 1153 3248 1207 onmimn
3282 1155 3375 1207 de—

1795 1242 1983 1296 functo
2031 1243 2217 1297 itidem
2268 1242 2447 1295 oleum
2499 1240 2816 1296 aﬂ‘unditnr.
2871 1241 2936 1295 Et
2988 1251 3118 1295 tunc
3152 1241 3371 1310 quidem

1795 1335 1900 1389 olei
1942 1336 2184 1390 inunctio
2211 1335 2599 1404 baptizandum
2630 1336 2695 1388 ad
2729 1350 2884 1389 sacra
2921 1334 3223 1390 certamina
3248 1350 3375 1389 evo—

1795 1428 1993 1491 cabat;
2028 1443 2172 1481 nunc
2206 1436 2385 1480 autem
2421 1427 2648 1481 alfusum
2684 1427 2863 1481 oleum
2916 1427 3157 1482 declarat
3183 1467 3200 1493 ,
3247 1443 3370 1481 cum

1796 1518 1886 1586 qui
1919 1517 2206 1572 defunctus
2240 1526 2324 1573 est
2368 1520 2560 1574 iisdem
2606 1519 2781 1574 sacris
2812 1519 3203 1573 certaminibus
3246 1534 3376 1573 exa-

1795 1610 1898 1664 ctis
1927 1609 2171 1665 functum
2204 1625 2348 1668 esse.

1656 1770 1683 1842 §
1718 1766 1828 1829 ix.

172 1931 356 1985 Ταῦτα
381 1930 613 1995 τελέσας
637 1933 665 1985 ὁ
704 1932 979 2004 ίεράρχης,
1008 1932 1330 2005 ἀποτίθησιν
1365 1934 1424 1987 ἐν
1460 1932 1595 2005 οἴκῳ
1616 1951 1695 1986 τι-

1869 1933 1963 1987 His
2003 1934 2274 2003 peractis,
2330 1934 2569 2003 pontifex
2615 1934 2853 1990 defuncti
2905 1949 3105 2005 corpus
3150 1937 3381 1992 honesto

120 2024 210 2094 μίῳ
231 2024 291 2076 τὸ
313 2024 481 2095 σῶμα
519 2024 638 2095 μεθ’
673 2024 872 2096 ἐτέρων
897 2024 1187 2096 ὁμοταγῶν
1217 2025 1380 2098 ἱερῶν
1407 2027 1695 2097 σωμάτων.

120 2118 170 2168 Εἰ
196 2115 299 2188 γὰρ
337 2117 397 2168 ἐν
426 2116 575 2186 ψυχῇ
608 2116 702 2168 καὶ
732 2114 941 2187 σώματι
971 2116 1070 2187 τὴν
1110 2117 1329 2188 θεοφιλῆ
1362 2116 1503 2187 ζωὴν
1542 2119 1570 2170 ὁ
1604 2134 1699 2170 κε-

120 2208 440 2279 κοιμημένος
467 2208 621 2270 ἐϐίω,
643 2207 824 2277 τίμιον
859 2207 1011 2260 ἔσται
1043 2208 1179 2279 μετὰ
1204 2209 1302 2279 τῆς
1341 2209 1492 2272 ὁσίας
1522 2209 1699 2280 ψυχῆς

120 2302 202 2354 καὶ
227 2301 286 2353 τὸ
314 2300 660 2371 συναθλῆσαν
680 2300 814 2370 αὐτῇ
845 2299 1001 2370 σῶμα
1028 2300 1167 2353 κατὰ
1194 2302 1320 2365 τοὺς
1340 2302 1516 2372 ἱεροὺς
1542 2300 1701 2373 ἱδρῶ-

120 2409 223 2456 τας.
252 2391 450 2444 Ἔνθεν
471 2394 504 2462 ή
531 2390 647 2443 θεία
670 2390 981 2463 δικαιοσύνη
1012 2390 1150 2462 μετὰ
1172 2390 1267 2445 τοῦ
1295 2392 1557 2463 σφετέρου
1597 2391 1699 2444 σώ-

122 2497 274 2549 ματος
314 2481 456 2551 αὐτῇ
484 2479 739 2551 δωρεῖται
776 2478 873 2542 τὰς
902 2480 1192 2551 ἀμοιϐαίας
1221 2482 1422 2553 λήξεις,
1453 2482 1528 2547 ὡς
1565 2485 1698 2554 ὁμο-

124 2571 361 2643 πορεύτῳ
387 2574 484 2626 καὶ
517 2571 844 2642 συμμετόχῳ
872 2571 971 2641 τῆς
994 2574 1146 2636 ὁσίας
1174 2574 1205 2645 ἦ
1243 2575 1340 2645 τῆς
1376 2576 1625 2638 ἐναντίας
1651 2576 1698 2609 ⁸⁵

121 2662 271 2741 ζωῆς.
300 2663 394 2716 Διὸ
423 2663 520 2716 καὶ
542 2662 650 2715 τῶν
672 2661 832 2733 ἱερῶν
860 2665 893 2734 ἡ
923 2662 1042 2715 θεία
1071 2664 1395 2735 θεσμοθεσία
1412 2664 1511 2728 τὰς
1539 2665 1702 2738 θεαρ-

123 2752 267 2825 χικὰς
306 2755 599 2820 κοινωνίας
648 2756 848 2826 ἀμφοῖν
890 2756 1160 2827 δωρεῖται·
1198 2758 1264 2828 τῇ
1308 2756 1449 2828 ψυχῇ
1501 2758 1599 2827 μὲν
1640 2760 1698 2811 ἐν

123 2847 326 2920 καθαρᾷ
351 2848 560 2920 θεωρίᾳ
598 2850 691 2902 καὶ
730 2852 785 2903 ἐν
804 2850 851 2881 ⁸⁸
878 2850 1154 2921 ἐπιστήμῃ
1184 2849 1291 2902 τῶν
1332 2838 1692 2921 τελουμένων·

122 2938 188 3011 τῷ
211 2939 422 3011 σώματι
455 2940 512 2993 δέ
549 2940 691 2994 κατὰ
712 2941 773 2995 τὸ
799 2940 1071 2995 θειότατον
1101 2941 1176 3005 ὡς
1210 2942 1267 2995 ἐν
1302 2942 1471 2995 εἰκόνι
1504 2942 1694 3016 μύρον,

123 3034 204 3086 καὶ
238 3033 307 3086 τὰ
339 3034 443 3104 τῆς
478 3032 775 3105 θεαρχικῆς
799 3032 1083 3097 κοινωνίας
1120 3032 1387 3105 ἱερώταται
1433 3034 1694 3107 σύμϐολα,

124 3126 199 3179 τὸν
229 3127 349 3179 ὅλον
374 3126 663 3199 ἄνθρωπον
686 3125 1008 3196 ἁγιάζουσα,
1046 3128 1139 3180 καὶ
1162 3127 1259 3199 τὴν
1302 3128 1488 3200 όλικὴν
1527 3130 1695 3191 αὑτοῦ

124 3218 384 3289 σωτηρίαν
437 3217 832 3295 ίερουργοθσα,
882 3220 975 3272 καὶ
1014 3219 1354 3291 τελειοτάτην
1395 3221 1558 3275 αὑτοῦ
1598 3224 1697 3294 τὴν

1803 2026 1920 2081 loco
1947 2027 2190 2081 recondit
2218 2041 2321 2079 una
2356 2042 2477 2079 cum
2507 2026 2726 2081 caeteris
2753 2025 2993 2093 ejusdem
3021 2028 3232 2081 ordinis
3254 2043 3379 2082 eor-

1803 2117 2030 2187 poribus
2054 2118 2246 2172 sacris.
2279 2116 2335 2171 Si
2369 2118 2512 2172 enim
2538 2118 2583 2171 is
2616 2118 2703 2186 qui
2744 2117 3036 2171 defunctus
3077 2118 3259 2171 anima
3299 2120 3376 2172 si-

1802 2208 1914 2263 mul
1945 2219 1999 2264 et
2046 2224 2278 2278 corpore
2313 2218 2557 2277 sanctam
2610 2210 2774 2262 vitam
2814 2211 2945 2279 egit,
2980 2224 3181 2278 corpus
3212 2212 3377 2264 etiam

1802 2316 1910 2355 una
1942 2317 2064 2356 cum
2094 2301 2274 2355 anima
2305 2311 2491 2357 saneta
2525 2302 2685 2357 simul
2721 2303 2773 2355 in
2806 2303 3009 2355 honore
3032 2302 3132 2356 erit
3165 2317 3229 2355 ac
3257 2317 3380 2371 pre-

1805 2397 1903 2461 tio,
1934 2397 2075 2465 quod
2104 2397 2281 2450 sacris
2310 2396 2600 2450 sudoribus
2641 2410 2747 2447 una
2777 2394 3198 2448 concertavcrit.
3232 2393 3382 2447 Divi-

1804 2504 1870 2542 na
1898 2487 2306 2557 itaquejustitia
2330 2489 2523 2542 anima:
2548 2498 2603 2541 et
2623 2489 2835 2557 corpori
2866 2488 3132 2557 condigna
3158 2488 3381 2555 praemia

1802 2580 2066 2650 largitur,
2102 2566 2354 2648 tanquam
2400 2579 2585 2633 comiti
2627 2589 2678 2632 et
2712 2579 2950 2632 consorti
2986 2579 3101 2631 sive
3148 2577 3379 2641 divinae,

1801 2672 1915 2727 sive
1950 2673 2239 2727 contraria:
2268 2671 2410 2726 vitae.
2444 2670 2651 2724 Idcirco
2677 2671 2841 2724 etiam
2876 2677 3189 2723 sanctorum
3220 2683 3378 2723 sacra

1803 2768 2011 2824 functio
2053 2768 2266 2820 divinas
2308 2765 2526 2834 utrique
2581 2763 3030 2833 participationes
3083 2762 3381 2832 elargitur;

1801 2860 1999 2914 anima:
2030 2858 2272 2925 quidem,
2299 2859 2352 2909 in
2394 2857 2680 2924 purissima
2712 2853 3169 2922 contemplatione.
3213 2864 3267 2905 et
3298 2868 3383 2904 re-

1802 2965 1920 3003 rum
1951 2948 2320 3019 periectarmn
2370 2946 2636 3011 scientia;
2677 2946 2897 3013 corpori
2947 2958 3075 2997 vero
3121 2945 3383 2996 sacratis-

1800 3041 1993 3094 simum
2024 3047 2353 3109 unguentum
2387 3037 2542 3107 quasi
2578 3037 2627 3089 in
2660 3035 2894 3105 imagine
2931 3049 3028 3102 per
3075 3032 3386 3086 sacratissi-

1802 3147 1889 3186 ma
1922 3132 2118 3185 divinat
2152 3127 2668 3185 communicationis
2714 3126 2958 3197 symbola
2995 3134 3164 3179 totum
3205 3124 3385 3176 homi-

1802 3238 1924 3276 nem
1951 3221 2329 3284 sanctiﬁcans,
2360 3231 2415 3274 et
2440 3220 2707 3288 integram
2730 3218 2959 3271 salutem
2989 3216 3102 3283 ejus
3128 3232 3383 3286 aper-aus,

124 3309 407 3365 ἀνάστασιν
437 3309 657 3364 ἔσεσθαι
678 3310 1069 3381 διαγγέλλουσα
1091 3315 1213 3376 ταῖς
1240 3311 1555 3379 καθολικαῖς
1577 3316 1698 3384 ἁγι-

1848 3330 1907 3370 ec
1935 3330 2039 3369 non
2066 3313 2397 3368 denuntians
2415 3327 2510 3381 per
2536 3311 2872 3365 universales
2895 3310 3240 3365 Iustrationes
3266 3323 3389 3378 per-

127 3403 316 3467 στείαις
338 3404 407 3456 ⁸⁷.

1807 3407 2163 3463 feetissimam
2190 3407 2238 3461 ci
2270 3406 2387 3460 l'ore
2426 3406 2905 3461 resurrectionem.

1658 3563 1822 3637 ιχ.

191 3703 301 3760 Τὰς
319 3704 378 3759 δὲ
404 3703 726 3768 τελεστικὰς
767 3705 1082 3776 ἐπικλήσεις
1116 3706 1176 3758 οὐ
1208 3704 1430 3777 θεμιτὸν
1473 3706 1529 3758 ἐν
1571 3722 1710 3776 γρα-

134 3798 305 3864 vuig”
331 3796 760 3868 ἀφερμηνεύειν,
788 3797 906 3851 οὐδὲ
930 3799 990 3851 τὸ
1015 3799 1273 3869 μυστικὸν
1310 3797 1507 3861 αὐτῶν,
1537 3797 1569 3867 ἦ
1611 3795 1711 3860 τὰς

133 3888 208 3939 ἐπ’
248 3890 441 3953 αὑταῖς
486 3888 889 3959 ἐνεργουμένας
926 3890 991 3943 ἐκ
1032 3889 1167 3943 Θεοῦ
1214 3889 1470 3960 δυνάμεις
1511 3892 1577 3942 ἐκ
1618 3887 1711 3940 τοῦ

136 3978 355 4049 κρυφίου
378 3980 519 4051 πρὸς
544 3978 605 4031 τὸ
638 3980 811 4033 κοινὸν
837 3979 1068 4048 ἐξάγειν’
1096 3979 1211 4033 ἀλλ’
1248 3981 1323 4044 ὡς
1348 3983 1379 4051 ή
1408 3981 1529 4034 καθ’
1567 3980 1712 4050 ἡμᾶς

139 4068 250 4139 ἱερὰ
275 4071 577 4143 παράδοσις
609 4071 720 4140 ἔχει
740 4111 754 4135 ,
784 4075 903 4135 ταῖς
943 4072 1411 4142 ἁνεκπομπεύτοις
1452 4074 1714 4143 μυήσεσιν

136 4164 291 4229 αὑτὰς
314 4163 601 4235 ἐκμαθὼν,
630 4165 725 4217 καὶ
750 4164 887 4235 πρὸς
918 4164 1194 4236 θειοτέραν
1222 4163 1334 4229 ἕξιν
1377 4166 1476 4218 καὶ
1503 4164 1713 4231 ἀναγω-

137 4256 229 4326 γὴν
249 4258 413 4329 ἔρωτι
441 4256 574 4328 θείῳ
608 4258 703 4310 καὶ
739 4258 1041 4329 ἐνεργείαις
1076 4260 1247 4330 ἱεραῖς
1286 4258 1672 4321 ἀποτελεσθεὶς
1695 4297 1709 4321 ,

139 4349 235 4402 ὑπὸ
263 4351 361 4421 τῆς
380 4349 780 4421 τελεταρχικῆς
805 4350 1124 4421 ἐλλάμψεως
1152 4351 1436 4423 ἀναχθήσῃ
1460 4350 1595 4420 πρὸς
1618 4349 1716 4419 τὴν

140 4441 440 4513 ὑπερτάτην
474 4440 656 4495 αὐτῶν
679 4442 1013 4513 ἐπιστήμηνί

1880 3702 2256 3760 lnvocationes
2289 3717 2450 3773 porro
2475 3700 2915 3757 consecratorias
2949 3696 3103 3753 nefas
3137 3704 3217 3751 est
3251 3695 3389 3749 scri-

1809 3807 1901 3866 pto
1934 3797 2307 3866 interpretari,
2341 3805 2396 3849 et
2427 3811 2691 3850 arcanum
2728 3810 2916 3849 earqu
2942 3806 3184 3854 sensum,
3216 3789 3389 3841 virtu-

1810 3898 2004 3958 tesque
2034 3905 2169 3958 quas
2202 3888 2252 3941 iu
2287 3889 2352 3941 iis
2401 3886 2545 3940 Deus
2578 3896 2861 3954 operatur,
2898 3899 2928 3937 e
2961 3890 3174 3936 secreto
3207 3881 3258 3932 in
3294 3894 3390 3946 pu-

1808 3979 2009 4034 blicum
2040 3977 2270 4043 efferre;
2302 3977 2395 4030 sed
2423 4017 2438 4042 ,
2473 3985 2531 4029 ut
2571 3984 2754 4028 nostra
2784 3980 3139 4027 sacrosancta
3170 3967 3390 4021 traditio
3428 3967 3457 4043 )-

1812 4071 2009 4135 docet,
2035 4069 2124 4123 ubi
2159 4083 2252 4123 eas
2281 4068 2672 4122 secretioribus
2702 4063 3160 4119 instructionibus
3191 4065 3391 4115 hause-

1810 4164 1905 4229 ris,
1939 4173 2101 4231 atque
2137 4160 2205 4214 ad
2238 4160 2484 4213 habitum
2529 4163 2887 4213 sacratiorem
2929 4165 3094 4225 atque
3138 4154 3389 4223 capacio-

1813 4270 1928 4309 rem
1962 4252 2419 4320 intelligentiam,
2458 4249 2639 4305 divino
2669 4264 2861 4305 amore
2895 4248 3180 4316 sacrisque
3219 4246 3393 4299 actio-

1812 4346 1978 4400 nibus
2005 4352 2417 4400 consummatus
2446 4324 2709 4410 evaseris,
2735 4341 2918 4396 divina
2950 4342 3069 4395 luce
3098 4338 3390 4393 collustra-

1817 4449 1903 4495 tus
1934 4441 1999 4495 ad
2029 4454 2336 4509 supremam
2376 4454 2565 4497 earum
2596 4438 2880 4494 scientiam
2909 4436 3248 4491 subveheris.

1670 4596 1846 4671 §XL

203 4745 273 4797 Τὸ
301 4745 357 4799 δὲ
419 4745 518 4797 καὶ
566 4743 781 4807 παῖδας,
848 4742 1000 4795 οὔπω
1028 4741 1098 4795 τὰ
1125 4742 1246 4795 θεῖα
1273 4741 1509 4794 συνιέναι
1547 4740 1707 4792 δυνα-

1883 4737 2034 4806 Quod
2086 4750 2269 4795 autem
2328 4739 2563 4795 infantes
2622 4754 2874 4810 quoque,
2945 4738 3034 4805 qui
3096 4751 3193 4804 per
3268 4743 3400 4787 aeta-

148 4835 351 4903 μένους,
386 4836 491 4906 τῆς
528 4835 681 4905 ίερᾶς
717 4833 976 4906 μετόχους
1022 4832 1304 4901 γίγνεσθαι
1343 4831 1676 4901 θεογενεσίας
1698 4869 1713 4895 ,

144 4927 360 4981 καὶτῶν
390 4928 701 4999 ίερωτάτων
750 4926 851 4995 τῆς
901 4924 1196 4997 θεαρχικῆς
1248 4924 1531 4987 κοινωνίας
1580 4941 1717 4994 συμ-

146 5016 324 5083 ϐόλων,
351 5021 501 5073 δοκεῖ
531 5020 650 5090 μὲν,
699 5018 776 5083 ὡς
822 5020 927 5089 φῂς
952 5018 1019 5082 ⁸³,
1060 5020 1173 5080 τοῖς
1219 5015 1455 5087 ἁνιέροις
1492 5015 1716 5084 εὐλόγου

147 5109 369 5176 γέλωτος
389 5112 617 5178 άξιον,εί
658 5114 784 5175 τοὺς
828 5111 1059 5164 ἀκοῦσαι
1086 5110 1160 5181 μὴ
1205 5109 1534 5180 δυναμένους
1584 5106 1721 5159 ἐκδι-

148 5200 422 5258 δάσκουσιν
446 5205 496 5256 οἱ
527 5204 776 5275 ἱεράρχαι
801 5202 870 5255 τὰ
896 5202 1035 5264 θεῖα,
1079 5201 1173 5254 καὶ
1222 5203 1335 5265 τοῖς
1384 5201 1458 5271 μὴ
1507 5199 1718 5253 νοοῦσιν

152 5295 264 5366 εἰκῆ
311 5297 663 5367 παραδιδόασι
692 5295 792 5359 τὰς
818 5294 969 5367 ἱερὰς
1010 5293 1339 5364 παραδόσεις
1362 5309 1377 5323 ⁸
1432 5293 1526 5346 καὶ
1551 5293 1613 5346 τὸ
1638 5293 1718 5346 ἐτι

1819 4840 1927 4887 tem
1981 4842 2254 4903 nequeunt
2309 4833 2634 4903 intelligere,
2690 4832 2886 4885 divina:
2911 4829 3070 4899 271
3098 4840 3396 4895 regenera-

1821 4926 1984 4980 tionis
2012 4926 2587 4995 sanctissimorumque
2612 4924 2810 4978 divina:
2846 4918 3248 4976 communionis
3279 4935 3400 4991 my-

1822 5018 2111 5073 steriorum
2159 5018 2455 5088 participes
2508 5018 2659 5080 fiant,
2695 5016 2928 5081 videtur,
2960 5022 3019 5068 ut
3048 5012 3245 5079 inquis,
3293 5013 3397 5065 lto-

1823 5106 2057 5161 minibus
2080 5107 2326 5177 profanis
2368 5123 2472 5163 non
2522 5108 2791 5161 immerito
2843 5106 2949 5160 risu
2976 5105 3218 5173 dignum,
3251 5105 3399 5170 quod

1823 5198 2108 5267 pontiﬁces
2135 5215 2227 5254 eos
2253 5200 2503 5254 erudiant
2533 5199 2625 5267 qui
2669 5207 2942 5267 nequeunt
2998 5196 3209 5258 audire,
3264 5211 3397 5248 san-

1827 5300 2053 5359 ctasquc
2079 5292 2393 5346 traditiones
2435 5306 2539 5345 non
2566 5288 2990 5358 intelligentibus
3021 5287 3221 5341 frustra
3283 5294 3396 5340 tra-

1428 5465 1662 5521 VARle
1699 5463 2104 5521 LECTIONES.

221 5626 262 5699 '1
288 5631 315 5681 ὁ
337 5629 478 5683 κατὰ
500 5628 597 5699 τὴν
620 5600 792 5691 θείαν,
814 5627 885 5699 _D._
998 5627 1042 5699 3f
1072 5626 1214 5681 θείου
1242 5667 1257 5691 ,
1294 5626 1352 5680 1)-

157 5693 200 5725 ⁸“
225 5698 532 5781 ἐπιχέειέλδ.
557 5692 779 5781 ’Μδξτῆς
806 5697 974 5781 θείας,
1005 5696 1061 5750 S.
1139 5700 1183 5730 ⁸6
1211 5700 1267 5751 ἐν
1298 5706 1505 5752 nonest
1533 5695 1585 5749 iu
1619 5694 1685 5750 M.
1722 5692 1779 5748 S.
1811 5697 1870 5749 υ.

160 5768 391 5837 τράφως,
418 5770 486 5826 Μ.
564 5772 608 5803 ⁸9
642 5771 713 5833 ὡς
743 5768 897 5839 ἔφης,
928 5769 985 5823 5.

1448 5624 1492 5656 ⁸³
1521 5624 1692 5695 variat
1726 5633 1781 5695 et
1814 5625 1971 5695 hujus
2004 5623 2149 5695 vocis
2180 5621 2447 5695 scriptura
2472 5667 2485 5689 ,
2513 5624 2647 5677 alias
2675 5624 2727 5677 in
2764 5623 3139 5695 penultima},
3183 5618 3321 5695 alias
3344 5637 3403 5674 α.

1972 5696 2014 5725 ⁸⁷
2043 5694 2129 5747 διὰ
2166 5694 2263 5762 τῆς
2291 5692 2579 5765 καθολικῆς
2605 5694 2937 5763 ἁγιαστείας.
2970 5695 3038 5749 Μ.
3062 5690 3132 5744 Sc
3228 5690 3271 5719 ⁸⁸
3308 5691 3371 5746 ἐγ
