3730 6292
324 255 421 311 567

1476 255 1533 311 S.
1574 253 1888 313 DIONYSII.
1913 254 2376 313 AREOPAGITE

3465 264 3570 320 568

321 371 484 434 dant;
517 383 689 441 neque
716 370 892 426 minus
919 369 1202 427 ridiculum
1234 380 1317 430 eSt
1349 372 1491 438 quod
1541 371 1631 425 alii
1672 386 1769 440 pro

2096 372 2345 444 οιότερον,
2392 374 2467 437 ὼς
2513 374 2655 446 ὑπὲρ
2699 374 2876 431 αὐτῶν
2910 377 3088 449 ἕτεροι
3137 375 3237 442 τὰς
3286 376 3569 444 ἀποταγάς

321 463 816 519 abrenuntiationes
835 479 1122 534 sacrasque
1140 462 1501 532 professiones
1519 464 1884 533 pronuntient.

327 555 521 609 Verum
578 571 681 610 non
740 566 956 626 oportet
1030 566 1174 609 tuam
1228 565 1469 609 sanctam
1544 553 1888 624 prudentiam

321 646 628 699 errantibus
658 646 948 717 indignari,
974 649 1065 701 sed
1117 646 1363 715 religiose
1408 646 1475 699 ad
1516 661 1701 699 eorum
1732 645 1893 699 iusti-

322 737 582 791 tutiouem
648 754 770 793 cum
834 739 1099 794 cliaritate
1164 739 1430 793 rationem
1510 738 1783 801 reddere,
1836 745 1891 791 et

319 829 654 899 oltjectiones
719 846 907 887 eorum
958 833 1208 898 solvere;
1277 840 1444 902 atque
1500 832 1627 888 illud
1670 834 1892 901 insuper

320 924 612 974 svcuudum
659 937 867 976 sacram
929 924 1263 979 sanctionem
1332 924 1569 987 addere,
1617 924 1890 993 quomodo

320 1008 500 1065 divina
529 1012 713 1066 omnia
765 1029 1104 1084 nequaquam
1158 1025 1341 1069 nostra
1376 1016 1720 1085 intelligentia
1751 1031 1894 1069 com-

323 1107 683 1160 mensuranda
720 1116 866 1170 sunt,
914 1108 1007 1163 sed
1038 1107 1265 1178 plurima
1291 1124 1412 1177 qua:
1442 1124 1539 1162 nos
1566 1108 1735 1161 latent
1762 1122 1893 1162 cau-

321 1210 410 1251 sas
435 1194 635 1251 habere
660 1197 768 1252 Deo
799 1198 1011 1269 dignus,
1039 1215 1172 1268 quas
1195 1213 1292 1253 nos
1313 1199 1532 1269 quidem
1559 1199 1890 1268 ignoremus,

324 1302 508 1342 verum
536 1289 603 1344 ab
630 1288 914 1346 ordinibus
934 1292 1092 1347 nobis
1117 1291 1584 1361 priestantioribus
1610 1292 1895 1361 perspicue

322 1390 747 1447 cognoscantur.
800 1379 1036 1435 Plurima
1088 1381 1217 1435 item
1250 1380 1422 1435 latent
1465 1394 1745 1448 supremas
1776 1378 1894 1432 illas

324 1472 850 1541 sublimissimasque
892 1475 1245 1537 substantias,
1275 1488 1396 1542 qua:
1432 1471 1891 1540 solisapientissi-

324 1580 428 1618 nia:
457 1564 917 1635 sapientiﬁcrcque
969 1564 1239 1619 divinitati
1272 1574 1398 1619 nota
1458 1572 1603 1618 sunt.
1659 1560 1890 1618 Verum-

326 1665 510 1710 tamen
537 1656 637 1711 hac
663 1655 730 1710 de
753 1670 811 1710 re
840 1657 891 1710 id
918 1671 1131 1725 quoque
1163 1655 1411 1720 dicimus,
1431 1655 1572 1725 quod
1595 1653 1892 1707 deiformes

1992 480 2145 534 φασι,
2171 466 2263 518 καὶ
2288 464 2385 530 τὰς
2412 464 2561 537 ἱερὰς
2588 466 2895 536 ὁμολογίας.
2927 470 3020 521 Δεῖ
3042 469 3100 522 δὲ
3121 469 3221 541 τὴν
3251 468 3352 539 σὴν
3384 470 3568 538 ἱεραρ-

1990 554 2147 625 χικὴν
2174 554 2383 608 σύνεσιν
2407 557 2481 627 μὴ
2508 555 2846 627 χαλεπαίνειν
2867 558 2960 612 ἐπὶ
2978 563 3089 623 τοῖς
3106 557 3564 629 πεπλανημένοις,

1992 647 2105 700 ἀλλ’
2157 647 2399 712 εὐλαϐῶς
2453 666 2513 701 τε
2553 649 2669 720 ἅμα
2696 650 2914 721 καὶτῆς
2967 650 3146 704 αὐτῶν
3198 648 3567 720 φωταγωγίας

1991 735 2148 807 χάριν
2176 737 2531 809 ἀγαπητικῶς
2556 738 2936 807 ἀπολογεῖσθαι
2975 740 3111 811 πρὸς
3141 738 3241 803 τάς
3267 739 3362 793 ὑπ’
3391 737 3567 792 αὐτῶν

1992 828 2407 899 προφερομένας
2473 830 2751 894 ἐνστάσεις
2810 832 3135 900 προτιθέντα
3184 832 3230 864 9°
3268 832 3364 885 καὶ
3411 828 3569 882 τοῦτο

1992 917 2133 972 κατά
2178 919 2378 990 θεσμὸν
2407 920 2568 992 ἱερὸν,
2618 922 2692 987 ὡς
2718 922 2818 976 οὐκ
2843 924 2901 976 ὲν
2945 926 3012 996 τῇ
3040 922 3161 978 καθ’
3187 923 3337 993 ἡμᾶς
3371 919 3570 989 γνώσει

1992 1010 2173 1064 πάντα.
2233 1010 2303 1063 τὰ
2353 1011 2471 1065 θεῖα
2521 1013 2942 1085 περιγράφεται,
2994 1012 3165 1069 πολλὰ
3212 1013 3271 1067 δὲ
3321 1011 3435 1066 τῶν
3481 1011 3570 1080 ὑφ’

1992 1101 2149 1172 ἡμῶν
2172 1103 2568 1174 ἀγνοουμένων,
2597 1104 2775 1169 αἰτίας
2798 1105 2912 1176 ἔχει
2932 1104 3277 1177 θεοπρεπεῖς,
3307 1104 3445 1175 ἡμῖν
3476 1102 3571 1172 μὲν

1991 1194 2336 1265 ὴγνοημένας
2361 1196 2428 1260 ⁸³,
2474 1196 2769 1266 ὲπιστητὰς
2813 1196 2872 1250 δὲ
2920 1200 3041 1261 ταῖς
3093 1196 3249 1268 ἡμῶν
3297 1195 3574 1267 κρείττοσι

1992 1287 2205 1351 τάξεσι.
2238 1286 2413 1340 Πολλά
2458 1287 2515 1341 δὲ
2543 1288 2636 1342 καὶ
2667 1288 2764 1353 τὰς
2791 1288 3099 1360 ὑπερτάτας
3123 1286 3313 1351 οὐσίας
3360 1285 3574 1355 λέληθε,

1994 1382 2089 1435 καὶ
2114 1379 2251 1453 πρὸς
2285 1380 2452 1451 μόνης
2477 1380 2721 1452 ἀκριϐῶς
2746 1381 3009 1451 ἔγνωσται
3048 1381 3147 1453 τῆς
3175 1380 3457 1449 πανσόφου
3484 1379 3577 1431 καὶ

1998 1471 2284 1540 σοφοποιοῦ
2309 1472 2353 1503 9'
2383 1469 2659 1543 θεαρχίας.
2687 1471 2834 1541 Πλήν
2862 1486 2948 1539 γε,
2978 1471 3059 1525 ὅτι
3086 1470 3179 1523 καὶ
3230 1470 3361 1540 περὶ
3387 1468 3576 1522 τούτου

1994 1561 2168 1615 ταῦτά
2216 1579 2415 1632 φαμεν,
2444 1560 2588 1632 ἅπερ
2636 1562 2684 1613 οί
2728 1559 2982 1624 θεοειδεῖς
3187 1557 3577 1629 ἱεροτελεσταὶ,

1996 1653 2131 1725 πρὸς
2179 1652 2278 1723 τῆς
2321 1650 2553 1722 ἀρχαίας
2601 1650 2895 1723 μυηθέντες
2922 1651 3291 1722 παραδόσεως,
3320 1653 3401 1714 είς
3434 1651 3579 1721 ἡμᾶς

327 1755 685 1817 prmeeptores
721 1749 888 1802 nostri
944 1746 1012 1801 ab
1050 1747 1270 1816 antiqua
1303 1747 1592 1800 traditione
1617 1757 1800 1812 accept

2105 1748 2313 1817 νήγαγον
2335 1746 2401 1798 9³.
2454 1746 2589 1797 Φασὶ
2636 1744 2764 1815 γὰρ,
2791 1743 2927 1815 ὅπερ
2953 1744 3068 1797 ἐστὶ
3106 1744 3200 1796 καὶ
3225 1741 3448 1812 ἀληθὲς,
3475 1743 3578 1807 ὃτι,

329 1839 488 1894 nobis
538 1840 1016 1909 transcripserunt.
1070 1840 1235 1893 Aiunt
1265 1838 1429 1903 enim,
1460 1838 1605 1906 quod
1632 1847 1685 1891 et
1708 1850 1893 1891 verum

329 1939 436 1994 est,
470 1930 727 1997 infantes,
766 1930 813 1985 si
844 1933 896 1984 in
924 1929 1040 2001 lege
1068 1944 1221 1984 sacra
1253 1928 1631 1994 instituantur,
1656 1927 1719 1980 ad
1770 1941 1896 1980 sau-

330 2034 475 2077 etum
518 2022 684 2076 animi
715 2032 915 2077 statum
967 2032 1324 2092 perventuros
1361 2035 1485 2076 esse
1526 2012 1674 2074 οηιηί
1706 2032 1899 2074 errore

331 2113 554 2180 liberos,
588 2125 653 2175 et
696 2114 815 2169 sine
872 2114 979 2167 ullo
1030 2114 1251 2180 impura:
1306 2113 1427 2167 vitm
1470 2112 1731 2181 periculo.
1787 2110 1899 2165 Hoc

312 2208 476 2263 enim
501 2224 621 2263 cum
654 2209 706 2262 in
741 2215 973 2263 mentem
1022 2207 1257 2261 venisset
1287 2205 1482 2259 divinis
1513 2206 1715 2259 nostris
1740 2204 1899 2258 insti-

330 2300 625 2366 tutoribus,
654 2300 857 2371 placuit
887 2300 1097 2353 admitti
1126 2313 1326 2367 pueros
1358 2298 1461 2352 boc
1495 2306 1684 2352 sancto
1713 2296 1899 2360 modo,

332 2390 582 2465 utoblati
638 2388 849 2459 parvuli
879 2401 1133 2462 parentes
1155 2389 1430 2443 naturales
1474 2388 1643 2441 ﬁlium
1698 2387 1789 2440 uni
1830 2402 1900 2440 ex

335 2482 587 2538 ﬁdelibus
640 2484 877 2547 tradant,
938 2483 1030 2551 qui
1082 2483 1343 2552 praeclare
1392 2483 1446 2536 in
1481 2480 1681 2534 divinis
1736 2480 1899 2535 rebus

334 2588 560 2643 puerum
596 2573 834 2638 erudiat,
872 2573 973 2628 sub
1014 2572 1169 2642 cujus
1196 2574 1450 2641 deinceps
1478 2587 1609 2627 cura
1644 2573 1737 2636 sit,
1776 2580 1898 2625 tan—

334 2679 497 2735 quam
527 2664 628 2719 sub
674 2664 835 2718 Patre
874 2664 1079 2732 divino,
1141 2673 1451 2734 sanctmque
1498 2665 1690 2719 salutis
1714 2676 1903 2718 susce~

334 2766 510 2822 ptore.
572 2755 728 2810 Hunc
769 2755 955 2825 itaque
980 2756 1232 2823 antistes,
1264 2765 1453 2811 sancte
1496 2756 1903 2825 promittentem

331 2863 391 2902 se
416 2863 641 2917 puerum
672 2849 739 2903 ad
777 2858 1025 2903 sanctam
1077 2850 1242 2903 vitam
1268 2848 1710 2912 iuformaturum,
1745 2848 1903 2917 jubet

332 2938 572 3006 proﬁteri
626 2939 1132 2994 abrenuntiationes
1158 2954 1452 3008 sacrasque
1498 2938 1903 3010 professiones;

334 3047 440 3085 nou
469 3033 637 3098 enim,
668 3040 725 3087 ut
752 3033 825 3087 illi
861 3035 1283 3089 subsannatores
1301 3035 1473 3099 aiunt,
1497 3032 1659 3088 alium
1685 3047 1782 3101 pro
1802 3029 1909 3084 alio

2000 1837 2144 1893 κατά
2186 1838 2384 1909 θεσμὸν
2422 1836 2565 1909 ἱερὸν
2592 1836 2898 1907 ἀναγόμενα
2944 1834 3012 1888 τά
3036 1835 3232 1908 βρέφη,
3286 1838 3427 1907 πρὸς
3471 1833 3583 1900 ἕξιν

2001 1929 2152 2001 ίεράν
2199 1928 2408 1997 ἥξουσι,
2450 1928 2630 1999 πάσης
2655 1927 3058 1999 ἀποτελούμενα
3108 1926 3315 1999 πλάνης
3342 1928 3440 1980 καὶ
3487 1926 3584 1978 ἀν-

2003 2021 2147 2093 ιέρου
2201 2020 2346 2090 ζωῆς
2370 2020 2660 2091 ἀπείρατα.
2710 2018 2881 2072 Τοῦτο
2917 2021 3031 2083 τοῖς
3069 2018 3234 2082 θείοις
3256 2017 3419 2091 ἡμῶν
3446 2017 3584 2071 καθ-

2001 2112 2263 2184 ηγεμόσιν
2306 2113 2385 2175 εἰς
2432 2110 2555 2164 νοῦν
2608 2110 2897 2182 ἑληλυθδς,
2946 2110 3123 2178 ἔδοξεν
3149 2109 3492 2181 εἰσδέχεσθαι
3518 2109 3588 2162 τὰ

2005 2204 2176 2275 βρέφη
2225 2202 2366 2256 κατά
2390 2202 2539 2256 τόνδε
2565 2204 2655 2257 τὸν
2683 2203 2823 2275 ἱερὸν
2846 2203 3064 2273 τρόπον,
3106 2201 3246 2254 ὥστε
3269 2201 3399 2264 τοὺς
3426 2215 3589 2271 φυσι-

2003 2298 2133 2361 κοὺς
2178 2296 2272 2350 τοῦ
2324 2297 2731 2369 προσαγομένου
2761 2297 2949 2361 παιδὸς
2993 2296 3187 2366 γονέας
3237 2294 3592 2366 παραδιδόναι

2002 2388 2094 2443 τὸν
2139 2391 2305 2444 παῖδά
2327 2408 2433 2444 τινι
2458 2390 2567 2444 τῶν
2598 2391 2963 2463 μεμυημένων
2988 2389 3177 2461 ἀγαθῷ
3212 2388 3281 2442 τὰ
3309 2390 3433 2441 θεῖα
3467 2404 3595 2440 παι·-

2003 2481 2255 2552 δαγωγῷ,
2286 2482 2380 2535 καὶ
2425 2482 2485 2535 τὸ
2511 2482 2694 2537 λοιπὸν
2720 2483 2811 2535 ὑπ’
2863 2481 3012 2552 αὐτῷ
3036 2481 3128 2534 τὸν
3178 2481 3347 2534 παῖδα
3391 2479 3590 2544 τελεῖν,

2004 2573 2079 2637 ὡς
2127 2574 2233 2627 ὑπὸ
2281 2573 2407 2645 θείῳ
2432 2574 2602 2647 πατρὶ
2660 2576 2754 2627 καὶ
2801 2573 3075 2645 σωτηρίας
3123 2574 3275 2644 ἱερᾶς
3322 2572 3591 2642 ἀναδόχῳ.

2006 2667 2206 2720 Τοῦτον
2247 2663 2389 2722 οὗνὸ
2416 2670 2674 2740 ἱεράρχης
2699 2667 3062 2738 ὁμολογοῦντα
3102 2666 3246 2722 κατά
3282 2664 3385 2740 τὴν
3437 2666 3591 2738 ίεράν

2009 2758 2305 2827 ἀνάγεινθ*
2328 2756 2419 2813 τὸν
2470 2759 2636 2811 παῖδα
2686 2757 2853 2832 ζωὴν,
2882 2760 3101 2813 ἀπαιτεῖ
3147 2756 3249 2821 τὰς
3302 2756 3591 2825 ἀπωαγάς

2007 2850 2359 2924 ὁμολογῆσαι,
2406 2854 2499 2906 καὶ
2544 2852 2642 2916 τὰς
2690 2850 2843 2925 ίεράς
2893 2850 3203 2923 ὁμολογίας,
3261 2850 3382 2921 οὐχ,
3410 2848 3487 2913 ὡς
3532 2848 3597 2902 ἂν

2009 2945 2206 2997 ἐκεῖνοι
2253 2944 2521 3013 γελῶντες
2572 2947 2751 3013 φαῖεν,
2794 2942 2954 2997 ἄλλον
3000 2943 3116 2996 ἀντ’
3160 2940 3322 2995 ἄλλου
3350 2938 3423 2993 τὰ
3474 2940 3597 2993 θεῖα

2014 3042 2197 3112 μυῶν·
2226 3042 2348 3096 οὐδὲ
2375 3042 2484 3114 γὰρ
2510 3040 2671 3095 τοῦτό
2713 3058 2898 3114 φησιν,
2946 3038 3021 3103 ὡς
3071 3038 3214 3110 ὑπὲρ
3256 3034 3355 3090 τοῦ
3408 3034 3601 3097 παιδὸς

333 3125 498 3179 rebus
544 3125 745 3180 divinis
772 3125 1008 3191 imbuit;
1062 3140 1238 3195 neque
1268 3127 1409 3179 enim
1459 3140 1691 3195 sponsor
1728 3125 1806 3177 dic

2148 3134 2247 3199 τὰς
2291 3133 2592 3203 ἀποταγάς,
2622 3133 2654 3205 ἦ
2687 3134 2785 3197 τὰς
2812 3132 2960 3203 ἱερὰς
2986 3129 3272 3202 ὁμολογίας
3302 3126 3597 3199 ποιοῦμαι·

220 3234 225 3277 η⁷
336 3218 448 3286 Ego
497 3232 596 3289 pro
643 3232 812 3286 puero
870 3218 1380 3273 abrenuntiationes
1437 3217 1599 3275 facio.
1656 3230 1908 3270 sacrasve

336 3309 722 3379 professiones,
768 3310 863 3365 sed
902 3313 1005 3367 hoc
1056 3312 1215 3365 modo
1250 3326 1477 3379 puerum
1512 3310 1712 3365 asserit
1748 3308 1910 3363 abre-

218 3402 225 3487 ‘1I
336 3404 591 3458 mmtiare
619 3419 683 3458 ac
710 3406 982 3473 proﬁteri;
1013 3419 1077 3460 ac
1101 3405 1143 3459 si
1163 3405 1306 3458 dicat
1341 3418 1355 3457 :
1385 3402 1652 3457 Proﬁteor
1669 3418 1755 3458 me
1786 3403 1912 3457 huic

220 3498 225 3549 ξ
337 3510 531 3564 puero,
563 3511 684 3551 cum
718 3512 812 3566 per
836 3507 1051 3552 aetatem
1114 3498 1421 3567 intelligere
1477 3511 1635 3552 sacra
1682 3496 1908 3565 poterit,

337 3580 537 3642 divinis
567 3589 703 3643 meis
736 3590 1164 3646 institutionibus
1198 3605 1609 3659 persuasurum,
1643 3601 1700 3643 ut
1723 3589 1916 3643 adver-

338 3678 501 3735 sariis
517 3681 764 3736 nuntium
791 3683 1014 3738 omnino
1043 3684 1305 3747 remittat,
1332 3695 1387 3739 et
1436 3685 1616 3739 divina
1641 3684 1912 3752 promissa

337 3778 681 3847 proﬁteatur,
734 3790 788 3834 et
818 3780 1089 3835 exsolvat.
1144 3778 1291 3835 Nihil
1343 3796 1499 3852 ergo,
1551 3788 1608 3833 ut
1670 3779 1911 3851 opinor,

337 3871 635 3937 absurdum
673 3881 775 3939 est,
803 3874 848 3929 si
888 3874 954 3929 ad
984 3873 1228 3928 divinum
1257 3875 1558 3928 institutum
1588 3890 1723 3940 puer
1745 3874 1917 3927 addu-

340 3965 502 4031 citur,
558 3981 681 4020 cum
714 3968 909 4021 ducem
940 3982 1003 4022 ac
1056 3983 1379 4036 sponsorem
1421 3968 1618 4023 habeat
1667 3967 1756 4037 qui
1790 3981 1915 4021 eum

337 4066 395 4111 et
414 4056 722 4111 divinarum
768 4072 954 4111 rerum
996 4057 1225 4112 scicntia
1253 4059 1479 4121 imbuat,
1515 4069 1570 4111 et
1627 4060 1696 4113 ab
1724 4058 1919 4114 adver-

341 4152 501 4206 sariis
546 4161 720 4206 tutum
754 4153 1049 4209 custodiat.
1106 4152 1277 4207 Porro
1302 4153 1465 4221 272
1494 4153 1732 4223 pontifex
1778 4169 1919 4222 pue-

345 4258 466 4297 rum
497 4254 804 4299 consortem
852 4244 986 4299 facit
1021 4260 1305 4299 sacrorum
1335 4246 1741 4314 mysteriorum,
1778 4254 1835 4300 ut
1865 4246 1917 4298 in

344 4337 426 4390 eis
448 4335 731 4404 educetur,
776 4351 952 4404 neque
1003 4345 1128 4406 agat
1154 4336 1324 4389 vitam
1367 4336 1549 4403 aliam,
1607 4352 1770 4407 quam
1797 4350 1918 4389 eam

345 4441 466 4493 qua:
496 4427 677 4481 divina
736 4441 949 4497 semper
993 4436 1222 4497 spectet,
1270 4436 1323 4481 et
1360 4427 1668 4494 huiusmodi
1732 4436 1921 4482 sancta

2011 3223 2124 3276 ἀλλ’
2160 3226 2240 3277 ὅτι
2266 3227 2294 3279 ό
2321 3228 2447 3289 παῖς
2475 3224 2839 3279 ἀποτάσσεται
2888 3222 2982 3275 καὶ
3007 3220 3371 3274 συντάσσεται
3394 3235 3407 3249 ⁸
3449 3217 3596 3271 τοῦτ’

2012 3313 2180 3367 ἔστιν’
2216 3315 2491 3387 Ὀμολογῶ
2509 3315 2600 3369 τὸν
2617 3315 2779 3369 παῖδα
2798 3313 3004 3367 πείσειν
3024 3314 3103 3376 είς
3125 3309 3248 3365 νοῦν
3266 3308 3413 3381 ἱερὸν
3434 3309 3599 3369 ἰόντα,

2011 3410 2130 3470 ταῖς
2179 3409 2339 3478 ἐμαῖς
2386 3407 2588 3470 ἐνθέοις
2642 3406 2976 3474 ἀναγωγαῖς,
3026 3400 3402 3465 ἀποτάξασθαι
3429 3400 3475 3431 ⁸⁵
3508 3398 3602 3469 μὲν

2013 3498 2209 3563 όλικῶς
2232 3501 2346 3562 τοῖς
2372 3498 2654 3561 ἐναντίοις,
2698 3496 3029 3567 ὁμολογῆσαι.
3080 3492 3137 3546 δὲ
3188 3492 3283 3544 καὶ
3310 3488 3605 3560 ἐνεργῆσαι

2013 3590 2113 3655 τὰς
2139 3592 2288 3655 θείας
2314 3591 2619 3661 ὁμολογίας.
2648 3590 2817 3643 Οὐδὲν
2840 3584 2954 3652 οῦν,
2980 3586 3055 3650 ὡς
3083 3580 3259 3655 οἶμαι,
3290 3584 3354 3637 τὸ
3381 3583 3603 3645 ἄτοπον,

2016 3686 2064 3737 εί
2091 3684 2233 3738 κατά
2257 3683 2407 3737 Θείαν
2426 3685 2454 3736 ὁ
2474 3682 2602 3746 παῖς
2628 3679 2917 3750 ἀναγωγὴν
2939 3678 3219 3745 ἀνάγεται,
3248 3674 3609 3747 καθηγεμόνα.

2017 3778 2111 3830 καὶ
2142 3777 2399 3848 ἀνάδοχον
2442 3775 2586 3847 ἱερὸν
2608 3774 2767 3845 ἔχων,
2818 3772 2931 3839 ἕξιν
2952 3767 3102 3840 αὐτῷ
3147 3768 3259 3823 τῶν
3293 3768 3461 3822 θείων
3507 3768 3610 3837 ὲμ-

2018 3870 2297 3933 ποιοῦντα,
2345 3870 2439 3922 καὶ
2486 3868 2823 3937 φυλάττοντα
2846 3865 2953 3918 τῶν
2978 3863 3240 3919 ἐναντίων
3284 3861 3605 3932 ἀπείρατον.

2019 3961 2357 4015 Μεταδίδωσι
2379 3961 2437 4013 δὲ
2456 3959 2533 4030 τῷ
2555 3958 2711 4013 παιδὶ
2730 3957 2843 4011 τῶν
2866 3954 3029 4029 ἱερῶν
3054 3971 3119 4008 συ
3128 3953 3345 4026 μόόλων
3369 3954 3398 4005 ό
3427 3951 3610 4023 ἱεράρ-

2020 4072 2143 4126 χης,
2196 4055 2343 4117 ὅπως
2402 4055 2460 4106 ἐν
2506 4053 2690 4115 αὐτοῖς
2716 4049 3073 4123 ἀνατραφείη,
3122 4047 3219 4101 καὶ
3268 4046 3407 4118 μηδὲ
3458 4045 3607 4115 σχοίη

2022 4146 2166 4218 ζωὴν
2217 4146 2432 4217 ἑτέραν,
2458 4149 2507 4199 εί
2546 4144 2619 4216 μὴ
2667 4144 2770 4215 τὴν
2798 4143 2869 4197 τὰ
2890 4143 3009 4197 θεῖα
3038 4139 3353 4212 θεωροῦσαν
3379 4139 3489 4202 ἀεὶ,
3520 4136 3610 4189 καὶ

2022 4240 2277 4292 κοινωνὸν
2302 4238 2481 4291 αὐτῶν
2508 4239 2565 4291 ὲν
2592 4239 2899 4308 προκοπαῖς
2926 4235 3099 4306 ἱεραῖς
3123 4231 3483 4302 γιγνομένην,
3501 4224 3610 4291 ’έξιν

2023 4349 2084 4384 τε
2106 4332 2257 4402 ἱερὰν
2284 4332 2340 4385 ὲν
2366 4330 2575 4394 τούτοις
2598 4329 2870 4400 ἴσχουσαν,
2898 4325 3240 4398 ἀναγομένην
3264 4341 3325 4377 τε
3352 4326 3610 4397 ἱεροπρε-

2027 4428 2144 4490 πῶς
2171 4426 2276 4478 ὑπὸ
2296 4424 2390 4478 τοῦ
2417 4424 2680 4487 θεοειδοῦς
2707 4422 2988 4493 ἀναδόχου.

244 4574 245 4581 η
346 4520 727 4575 communione
752 4520 1201 4591 proﬁciat,atque
1230 4519 1281 4573 in
1315 4519 1399 4573 his
1429 4534 1645 4573 sacrum
1674 4519 1918 4573 habitum
1962 4518 2265 4589 possideat,
2301 4524 2357 4571 et
2400 4531 2431 4570 a
2467 4524 2785 4584 susceptore
2827 4511 3078 4567 deilormi
3115 4509 3362 4567 studiose
3393 4522 3612 4580 promo-

242 4624 247 4629 '
346 4624 554 4670 ventur.

406 4706 506 4760 Ista
532 4712 682 4767 sunt,
706 4703 783 4769 mi
803 4704 897 4770 ﬁli,
926 4714 1070 4759 tanta
1094 4715 1311 4775 tamque
1330 4706 1587 4776 praeclara
1608 4705 1878 4761 hierarcbi

2138 4700 2355 4754 Τοσαῦτα
2378 4738 2393 4762 ,
2422 4692 2467 4752 ὦ
2504 4700 2638 4761 παῖ,
2667 4695 2762 4748 καὶ
2797 4694 2939 4747 οὕτω
2987 4692 3126 4746 καλὰ
3162 4692 3263 4763 τῆς
3300 4692 3425 4746 καθ’
3470 4692 3611 4764 ἡμᾶς

349 4810 550 4854 nostra:
576 4798 886 4866 spectacula
932 4799 1224 4853 uniformia
1270 4798 1403 4852 mibi
1441 4798 1810 4861 manifestata,

2138 4792 2317 4863 ιρχίας
2333 4784 2513 4844 ὦπταί
2540 4805 2629 4859 μοι
2653 4786 2722 4841 τά
2748 4785 2951 4856 ὲνοειδῆ
2980 4784 3247 4856 θεάματα,
3276 4784 3416 4856 πρὸς
3441 4785 3611 4839 ἄλλων

348 4892 470 4947 aliis
492 4891 725 4947 fortasse
756 4891 1031 4946 mentibus
1071 4889 1589 4963 perspicacioribus,
1622 4905 1727 4943 non
1751 4888 1821 4941 sol

2145 4905 2251 4951 σως
2276 4882 2662 4954 ὀπτικωτέρων
2700 4881 2745 4912 ⁰⁸
2770 4878 2906 4933 νοῶν
2944 4877 3004 4931 οὐ
3044 4876 3217 4930 ταῦτα
3261 4877 3422 4947 μόνον
3456 4877 3616 4930 ὲθεω-

353 4988 485 5045 Iwec.
504 5000 692 5038 verum
712 4984 875 5038 etiam
897 4983 1001 5037 alia
1025 4983 1192 5038 multo
1211 4982 1509 5036 illustriora
1533 4993 1699 5050 atque
1724 4979 1826 5033 deil

2144 4999 2209 5052 η,
2239 4977 2511 5049 φανότερα
2547 4974 2602 5027 δὲ
2642 4972 2886 5043 πολλῷ-³⁷
2921 4971 3015 5024 καὶ
3056 4968 3455 5041 θεοειδέστερα.
3500 4969 3610 5023 Καὶ

354 5076 525 5129 miora
556 5086 836 5145 perspecta
864 5085 1008 5130 sunt.
1041 5074 1182 5141 Quin
1212 5084 1266 5128 et
1324 5073 1422 5128 tibi
1454 5088 1691 5142 quoque,
1721 5082 1781 5125 ut
1807 5087 1827 5125 c

2154 5070 2233 5136 δὲ,
2294 5068 2369 5131 ὡς
2394 5062 2546 5135 οἶμαι
2570 5104 2584 5127 ,
2628 5064 2842 5126 πάντως
2896 5060 3160 5131 ἐλλάμψει
3205 5060 3620 5131 τηλαυγέστερα

358 5181 481 5232 nor,
510 5166 772 5222 clariores
822 5166 1226 5234 divinioresque
1275 5156 1711 5235 piilcbritudines
1759 5162 1831 5217 col

2147 5165 2203 5233 λη
2243 5162 2337 5214 καὶ
2363 5158 2629 5227 θειότερα,
2650 5157 2762 5217 τοῖς
2802 5154 2922 5224 είρη
2933 5152 3114 5223 μένοις
3139 5151 3187 5186 ⁸⁸
3208 5152 3620 5235 ἐπαναϐαθμοῖς

356 5257 582 5324 cebunt,
630 5260 674 5313 si
729 5260 796 5315 iis
817 5258 1099 5328 gradibus,
1132 5234 1422 5326 quosdixi,
1456 5255 1520 5309 ad
1552 5253 1829 5310 sublimior

2150 5249 2301 5320 μένῳ
2340 5247 2477 5319 πρὸς
2516 5242 2824 5314 ὑπερτέραν
2864 5242 3076 5294 ἀκτῖνα.
3126 5241 3374 5305 Μετάδος
3411 5237 3542 5310 οὖν,
3578 5234 3623 5294 ὦ

1638 5431 1875 5486 VARUE
1910 5426 2319 5486 LECTIONES.

434 5573 479 5603 ⁸⁸³
506 5572 899 5641 προστιθέντα,
943 5571 1009 5625 Μ.
1066 5572 1125 5625 S.
1171 5572 1233 5624 D.
1294 5570 1416 5624 Sar.
1496 5572 1537 5602 ⁹¹
1566 5572 1955 5641 ἀγνοουμένοις,
1981 5568 2039 5624 S.
2119 5571 2163 5601 9’
2206 5568 2298 5620 καὶ
2332 5558 2752 5631 πανσοιροποιοῦ,
2802 5561 2858 5615 S.
2948 5560 2993 5591 ³⁸
3018 5558 3369 5682 προσάγαγον
3430 5557 3501 5611 Μ.
3530 5555 3626 5612 Sc.

438 5645 466 5682 ἦ
480 5659 602 5682 νντινν
640 5645 675 5682 ἃ
798 5644 843 5675 95
866 5640 1224 5682 ᾒφῆτάβρσθηι
1278 5640 1319 5682 Il
1374 5639 1489 5682 Snr,
1593 5644 1638 5674 9°
1664 5640 2047 5682 ὸπτινιῖγτρηου-
2084 5634 2126 5682 Μ
2182 5638 2270 5682 Su-
2371 5637 2415 5668 97
2446 5633 2797 5682 ωανεοώτεοα
2822 5631 2880 5682 δὲ
2908 5630 3107 5682 πολλά.
3198 5669 3213 5682 .
3243 5628 3338 5682 SC.
3416 5628 3461 5663 ’⁸
3488 5630 3626 5682 θειο-

363 5628 735 5767 "‘ﬁyst'vhb'.S
798 5644 843 5675 9“
866 5628 1246 5709 άποτάξεσθαι,
1278 5640 1339 5696 υ.
1374 5639 1493 5696 Sar.
1593 5628 1638 5674 9'”
1664 5628 2050 5709 ὀπτὶκώτερον,
2082 5634 2146 5692 Μ.
2182 5638 2270 5692 Sc.
2371 5637 2415 5668 97
2446 5628 2797 5704 φανερώτερα
2822 5631 2880 5686 δὲ
2908 5630 3107 5693 πολλά,
3143 5628 3213 5683 Μ.
3243 5628 3338 5686 Sc.
3416 5628 3461 5663 ³⁸
3488 5630 3627 5685 θειο·

363 5728 567 5775 τατοις,
740 5729 789 5766 c.
2837 5755 2843 5763 ,
