3730 6290
188 264 292 321 569
672 308 673 311 η
734 266 823 322 DE
859 265 1139 323 ECCLES.
1178 263 1577 331 BI'ERARCH.,
1611 266 1767 323 CAP.
1808 265 2009 323 νιιε-
2046 263 2394 322 PARAPHR.
2425 264 2902 322 PACHYMERE.
3333 268 3440 323 570

185 377 342 449 φίλε,
392 378 488 432 καὶ
536 379 696 443 αὐτὸς
741 381 860 451 ἐμοὶ
896 381 1233 453 τελειοτέρας
1280 381 1617 453 ὲλλάμψεως,

1966 382 2063 434 ium
2105 381 2466 440 conscendas.
2501 380 2852 437 Communica
2873 380 3043 451 igitur
3094 390 3143 426 et
3199 390 3251 435 tu
3306 384 3439 441 mihi

182 472 349 539 δεῖξον
376 472 530 543 ἐμοῖς
570 472 861 544 ὀφθαλμοῖς
903 473 1047 545 ἅπερ
1094 474 1159 527 ἂν
1187 474 1314 528 ἰδεῖν
1360 473 1642 546 δυνηθείης

1967 472 2236 527 lectiorem
2286 472 2722 535 illustrationem,
2765 473 3010 540 meisque
3036 467 3210 526 oculis
3242 473 3440 529 exhibe

183 563 535 635 πρεπέστερα
560 564 727 636 κάλλη
781 566 874 619 καὶ
912 565 1278 637 ἐνοειδέστερα
1301 583 1315 596 ο
1370 566 1559 638 θαρῤὦ
1602 566 1656 635 γὲ

1964 564 2266 619 πειειιιίοιθθε
2323 563 2546 629 formas,
2577 580 2698 634 qua:
2730 565 2896 618 unius
2966 564 3206 635 speciem
3264 566 3437 635 magis

181 654 258 706 ὅτι
338 658 454 718 τοῖς
525 655 835 726 εἰρημένοις
916 654 1026 724 ἐγὼ
1095 658 1223 721 τοὺς
1294 656 1654 727 ἐναποκειμέν

1961 656 2169 709 ritnant
2199 670 2215 708 :
2256 656 2469 711 conﬁdo
2496 656 2668 719 enim,
2704 670 2789 709 me
2815 655 2905 720 iis,
2947 670 3069 725 qua:
3093 670 3434 710 commemo-

179 748 233 797 ὲν
282 748 365 800 σοὶ
410 745 507 800 τοῦ
533 746 675 801 θείου
703 748 870 819 πυρὸς
894 747 1282 801 ἀνασκαλεύσω
1329 748 1652 821 σπινθῆρας.

1964 765 1973 800 ι
2004 757 2149 814 sunt,
2185 748 2377 805 insitas
2405 748 2502 803 tibi
2549 748 2717 803 divini
2748 748 2890 820 ignis
2920 747 3188 804 scintillas
3229 748 3437 803 excita-

1857 848 2061 895 turum.

2717 1015 2740 1040 ο

1772 1042 1849 1057 ..ρ

1252 1228 1255 1231 ί
1350 1207 1886 1265 ΑΠΝΟΤΑΤΙΟΝΕΞ
1920 1209 2265 1265 CORDERII.

236 1390 374 1443 Nota
416 1389 595 1457 primo
622 1388 710 1442 bic
740 1380 1019 1460 antiquum
1048 1388 1310 1460 Ecclesia:
1331 1388 1494 1442 ritum
1527 1403 1623 1456 pro
1657 1388 1931 1443 defunctis
1957 1388 2313 1460 deprecandi,
2344 1399 2400 1445 et
2428 1393 2673 1455 eosdem,
2698 1405 2800 1458 pro
2828 1390 3091 1460 cujusque
3129 1388 3422 1460 dignitate,

168 1460 469 1514 honoriﬁco
493 1470 547 1513 et
576 1474 731 1531 sacro
773 1459 891 1531 loco
918 1458 1232 1531 sepeliendi,
1257 1462 1629 1531 et_exsequias
1677 1458 2130 1531 celebrandi.’De
2155 1460 2241 1515 bis
2264 1476 2477 1531 quoque
2506 1464 2645 1529 Aug.
2680 1464 2730 1515 in
2780 1462 2935 1531 libro,
2957 1459 3031 1511 De
3066 1458 3422 1525 cura’agenda

165 1546 255 1597 pro
285 1534 548 1589 mortals.
577 1529 631 1599 in
671 1529 918 1599 eamdem
959 1528 1111 1596 plane
1151 1544 1274 1582 cum
1310 1529 1568 1599 Dionysio
1617 1530 1947 1582 sententiam
1984 1546 1997 1581 :
2037 1548 2054 1581 ι
2094 1529 2193 1596 Qui
2252 1528 2404 1593 facit;
2451 1528 2660 1599 inquit,
2710 1530 3007 1598 exsequias
3062 1538 3425 1594 mortuorum,

166 1596 231 1653 οι)
278 1614 527 1652 amorem
560 1598 701 1652 illius
735 1596 881 1659 facit,
912 1600 1003 1668 qui
1040 1600 1293 1668 promisit
1352 1596 1578 1667 corpora
1645 1609 2051 1652 resurrectura.
2089 1619 2108 1651 ι
2146 1599 2332 1669 Neque
2367 1596 2960 1656 enim—contemnenda
3018 1610 3143 1669 sunt
3182 1606 3237 1651 et
3284 1600 3424 1667 abji-

164 1670 351 1724 t-ienda
373 1684 609 1737 corpora
628 1669 1271 1740 del'ttttctoruut,tnaxime
1304 1669 1567 1731 ﬁdelium,
1609 1669 1806 1735 quibus
1842 1679 2097 1740 tanquam
2130 1668 2357 1740 organis
2381 1682 2435 1725 et
2459 1672 2605 1725 vasis
2628 1673 2693 1725 ad
2717 1672 2899 1725 omnia
2930 1684 3097 1736 Opera
3125 1668 3264 1722 bona
3295 1683 3425 1723 usus

165 1752 244 1794 est
270 1740 518 1808 Spiritus
552 1748 790 1793 sanctus.
849 1737 999 1793 Ilnde
1040 1740 1472 1807 et‘antiquorum
1501 1740 1743 1793 ﬁdelium
1778 1737 1966 1794 funera
2002 1737 2243 1794 olIiciosa
2274 1742 2475 1809 pietate
2501 1752 2688 1795 curata
2720 1750 2867 1805 sunt,
2895 1750 2950 1796 et
2981 1740 3255 1809 exsequiae
3276 1740 3423 1809 cele-

165 1807 330 1863 brataé
367 1825 432 1865 ac
464 1809 755 1877 sepulturae
789 1809 1041 1878 provisaz,
1086 1810 1299 1880 ipsique
1342 1826 1466 1864 cum
1515 1811 1782 1880 viverent,
1809 1810 1876 1880 de
1928 1807 2407 1877 sepeliendis'seu
2466 1810 2867 1865 transferendis
2925 1811 3039 1863 suis
3099 1807 3424 1880 corporibus

164 1881 284 1934 ﬁliis
320 1880 743 1944 mandaverunt,
793 1877 845 1933 et
890 1877 1470 1948 Tobiasfsepeliendis
1531 1878 1762 1933 mortuis
1810 1878 1983 1933 Deum
2058 1882 2425 1948 promeruisse
2485 1884 2919 1934 commendatur.
2993 1880 3111 1948 Ipse
3162 1877 3423 1932 Dominus

165 1954 251 2003 die
286 1951 451 2003 tertia
506 1958 941 2011 resurrecturus,
972 1948 1223 2017 gloriosa:
1256 1951 1500 2005 mulieris
1532 1950 1732 2003 bonum
1772 1963 1922 2019 ropus
1958 1951 2228 2019 praedicit
2273 1952 2675 2019 praedicandum
2705 1969 2718 2015 ;
2771 1960 2826 2003 et
2861 1948 3084 2017 Josepb,
3147 1948 3239 2017 qui
3294 1962 3421 2019 eum

159 2020 409 2090 sepelivit
480 2022 619 2073 mire
689 2020 1051 2074 collaudatur.
1128 2022 1206 2090 Ac
1264 2020 1386 2074 ideo
1459 2018 1813 2090 prognostris
1874 2018 2164 2090 delunctis,
2216 2018 2433 2075 certare
2496 2022 2792 2084 debemus,
2865 2032 3134 2087 quatenus
3204 2018 3421 2085 possint

162 2089 453 2158 participes
516 2090 635 2145 ﬁeri
697 2105 885 2145 eorum
928 2105 1065 2159 quos
1143 2089 1395 2145 Christus
1450 2108 1479 2143 a
1536 2089 1789 2145 claustris
1844 2091 2125 2143 revocavit
2154 2089 2377 2145 inferni.
2414 2091 2574 2145 Plura
2626 2092 2692 2147 de
2738 2091 3018 2158 exsequiis
3068 2095 3418 2141 utut-tuorum

158 2170 444 2232 et_eoruin
490 2162 1012 2215 commemoratione
1053 2159 1174 2213 vide
1231 2162 1370 2229 apud
1403 2160 1694 2232 Alcttinutn
1750 2159 1996 2232 iu_libro
2041 2160 2115 2232 De
2163 2162 2355 2215 divinis
2389 2162 2594 2232 officiis.

224 2229 360 2285 Nota
391 2232 630 2285 serundo
656 2232 720 2284 ad
770 2241 978 2299 partem
1029 2227 1318 2300 secundant
1367 2230 1583 2299 capitis,
1619 2229 1958 2300 sacerdotes
1989 2231 2108 2300 alio
2167 2233 2273 2284 ritu
2330 2247 2393 2285 ac
2421 2227 2564 2285 "loco
2610 2232 2886 2300 quondam
2946 2228 3168 2297 sepeliri
3213 2227 3411 2300 solere

157 2316 313 2372 quam
351 2300 527 2354 laicos
552 2316 567 2365 ;
598 2300 672 2353 uti
697 2298 911 2372 quoque
938 2315 1003 2353 ex
1028 2299 1362 2372 Bedatradit
1390 2298 1696 2372 Amalarius
1727 2299 1823 2353 lib.
1855 2315 1910 2352 tv
1977 2299 2050 2372 De
2077 2301 2445 2357 ecclesiasticis
2473 2298 2731 2372 oﬁiciis,c.
2757 2303 2818 2355 41
2857 2318 2870 2353 :
2908 2320 2927 2353 ι
2957 2302 3183 2372 Aperte,
3212 2298 3414 2372 inquit,

154 2370 401 2425 dominus
428 2372 569 2425 Beda
605 2370 841 2423 declarat
875 2371 926 2423 in
951 2371 1227 2440 exsequiis
1248 2372 1418 2424 sancti
1461 2370 1768 2433 Cuthberti,
1795 2371 2065 2437 quomodo
2092 2373 2277 2424 vestiri
2305 2369 2556 2440 oporteat
2585 2373 2919 2427 sacerdotem
2950 2370 3261 2423 delum-tum
3292 2385 3305 2426 ;
3339 2369 3413 2422 ita

153 2442 291 2494 enim
322 2443 516 2511 scribit
556 2441 622 2495 de
671 2439 788 2511 ejus
838 2440 1111 2509 exsequiis
1142 2457 1156 2492 :
1207 2438 1494 2509 Postquam
1522 2455 1652 2510 ergo
1675 2449 1871 2511 sanctis
1912 2441 2186 2511 memoriae
2208 2438 2540 2497 Cuthbertus
2571 2444 2880 2511 episcopus,
2921 2452 3141 2509 peracta
3169 2453 3415 2491 commu-

152 2514 331 2574 nione,
365 2510 595 2565 elevatis
625 2510 795 2565 oculis
824 2521 879 2565 et
906 2508 1153 2564 manibus
1182 2511 1248 2563 ad
1274 2508 1463 2573 Deum,
1492 2508 1880 2564 commendans
1909 2510 1957 2563 ei
1986 2512 2221 2565 animam
2247 2527 2422 2575 suam,
2446 2523 2501 2565 et
2528 2508 2780 2567 euiitteus
2799 2508 3075 2580 spiritum.
3111 2511 3419 2575 sedensque

152 2582 263 2635 sine
300 2592 509 2651 gemitu
559 2585 693 2635 obiit
723 2583 772 2634 in
807 2583 891 2634 via
931 2594 1167 2649 patrum,
1195 2595 1224 2633 ιι
1254 2582 1636 2651 navigantibus
1661 2581 1727 2632 ad
1756 2580 1990 2633 insulam
2017 2590 2255 2634 nostram
2291 2583 2528 2649 delatus,
2570 2592 2682 2637 tuto
2734 2597 2961 2649 corpore
2993 2582 3196 2651 lavatu,
3234 2582 3417 2651 capite

148 2650 368 2705 sudario
395 2654 754 2715 circumdato,
788 2653 968 2705 oblata
1001 2666 1162 2717 super
1214 2650 1403 2719 pectus
1440 2660 1686 2704 sanctum
1735 2654 1930 2718 posita,
1982 2652 2311 2707 vestimento
2365 2653 2693 2707 sacerdotali
2771 2654 3011 2716 indutus,
3080 2650 3136 2703 in
3195 2650 3415 2702 obviam

148 2722 347 2775 Christi
388 2724 778 2777 calceamentis
808 2724 921 2775 suis
951 2734 1287 2789 praeparatus
1333 2722 1385 2775 in
1434 2722 1659 2774 sindone
1700 2730 1917 2772 cereata
1956 2720 2250 2787 involutus,
2288 2724 2525 2775 animam
2577 2724 2781 2777 habens
2831 2737 2953 2775 cum
3006 2720 3226 2774 Christo
3279 2733 3415 2786 gau-

148 2792 389 2846 dentem.
446 2792 567 2845 Non
592 2802 678 2845 est
720 2791 1093 2854 dubitandum,
1135 2792 1307 2859 inquit
1335 2790 1663 2856 Amalarius,
1716 2793 1845 2857 quin
1888 2791 1999 2857 ipse
2033 2806 2151 2843 mos
2174 2804 2320 2845 esset
2358 2796 2495 2859 apud
2553 2792 2848 2846 Romanam
2883 2790 3182 2845 Ecclesiam
3233 2790 3285 2841 in
3314 2790 3416 2842 hac

146 2875 205 2914 re
228 2901 243 2925 ,
272 2864 365 2931 qui
397 2864 540 2930 apud
570 2862 771 2931 Anglos
796 2866 931 2923 luit,
955 2866 1255 2929 praesertim
1283 2878 1406 2917 cum
1436 2877 1504 2915 ex
1532 2860 1619 2913 illa
1649 2859 1879 2931 primum
1907 2862 2219 2929 episc0putn
2251 2864 2608 2931 Augustinum
2634 2864 2898 2915 baberent
2928 2861 3084 2928 Angli
3136 2859 3404 2931 Saxones,

146 2941 199 2983 et
249 2928 313 2985 eo
378 2928 758 3000 teiupurequo
808 2928 1163 2986 celeberrima
1230 2932 1329 2985 fuit
1382 2932 1624 2986 Romana
1654 2930 1919 2992 Ecclesia,
1951 2928 2172 2998 propter
2214 2928 2594 2986 auctoritatem
2653 2932 2948 2986 doctissimi
3012 2932 3126 2997 ejus
3173 2928 3411 3000 episcopi

144 3000 439 3068 Gregorii,
493 2998 553 3056 et
612 2998 795 3072 postea
856 3017 924 3056 ex
976 3003 1168 3055 eadem
1245 3003 1491 3057 Ecclesia
1563 3000 1870 3072 habuerunt
1920 3001 2390 3072 archiepiscopum
2445 3002 2787 3054 Theodorum
2842 3003 2891 3054 in
2955 3011 3184 3072 utraque
3229 2998 3410 3072 lingua

144 3069 807 3138 peritissimumu'Plura
839 3075 928 3140 qui
980 3072 1125 3125 volet
1148 3072 1325 3127 videat
1352 3074 1492 3141 apud
1544 3070 1878 3124 Amalarium
1927 3070 2047 3125 loco
2077 3069 2278 3133 citato,
2308 3083 2361 3125 ct
2394 3072 2553 3141 273
2584 3087 2706 3141 cap.
2760 3071 3034 3141 sequenti,
3067 3069 3157 3122 ubi
3198 3069 3310 3137 agit
3334 3069 3404 3120 de

141 3141 335 3197 oliiciis
374 3154 738 3207 mortuorum,
766 3152 821 3197 ct
849 3141 1129 3196 Rabanqu
1160 3140 1405 3197 Maurum
1437 3144 1529 3197 lib.
1558 3157 1593 3194 ll
1646 3141 1719 3193 De
1741 3140 2068 3212 institutione
2101 3140 2430 3212 clericorum,
2460 3140 2583 3212 cap.
2612 3140 2702 3198 44.

210 3212 346 3267 Nuta
383 3216 571 3275 tertio,
600 3223 752 3281 parte
782 3215 939 3267 tertia
972 3214 1131 3285 hujus
1154 3214 1399 3285 capitis§
1428 3212 1521 3277 Xl,
1551 3210 1790 3282 Dionysii
1840 3211 2149 3285 testimonio
2182 3208 2784 3285 abapostohs'accepto
2816 3211 3087 3267 confutari
3119 3208 3409 3285 anabapti-

140 3291 267 3354 stas,
303 3288 396 3354 qui
433 3294 634 3351 negant
660 3284 916 3352 prodesse
940 3284 1176 3352 parvulis
1207 3283 1555 3354 baptismum,
1586 3292 1905 3354 cumtamen
1935 3283 2195 3354 Dominus
2211 3284 2418 3354 dixerit
2452 3301 2467 3338 :
2500 3284 2673 3338 Sinite
2704 3287 2949 3350 parvulos
2984 3285 3157 3337 venire
3193 3284 3261 3332 ad
3298 3294 3400 3354 me,

141 3350 336 3406 talium'
362 3366 439 3408 est
473 3350 614 3406 enim
635 3350 845 3421 regnum
874 3350 1140 3419 citatorum,
1174 3350 1342 3408 Marc.
1370 3372 1424 3419 χ,
1451 3354 1558 3416 H;
1591 3353 1733 3420 quod
1784 3352 2003 3419 quidem
2069 3352 2319 3407 Clemens
2380 3351 2825 3422 Conslitutwuum
2871 3355 3280 3422 apostolicurum
3312 3350 3404 3402 lib.

138 3436 209 3484 Vt,
248 3442 370 3493 cap.
407 3427 501 3489 l5,
537 3426 607 3477 de
648 3420 889 3492 parvulis
926 3425 1262 3491 baptizandis
1316 3429 1710 3493 interpretatur
1738 3459 1754 3485 ,
1805 3422 1995 3493 dicens
2040 3439 2054 3475 :
2108 3422 2390 3491 Buptizate
2446 3420 2620 3477 autem
2667 3434 2862 3477 vestros
2907 3420 3094 3493 pueros
3148 3424 3406 3488 inj‘antes,

135 3504 181 3545 et
259 3488 488 3549 educata
549 3488 663 3547 eos'
704 3496 757 3547 in
818 3488 1100 3560 disaplina
1158 3505 1207 3546 et
1278 3488 1559 3547 monitione
1619 3488 1967 3545 Dei:Sinite
2025 3488 2203 3561 enim,
2270 3496 2341 3546 ait
2408 3494 2692 3559 Dominus,
2752 3488 2941 3561 pueros
2977 3494 3148 3545 venire
3210 3494 3275 3541 ait
3314 3504 3404 3561 me

134 3575 179 3614 et
232 3581 295 3618 ne
338 3564 625 3635 prohibete
650 3580 763 3633 eos,
789 3562 925 3619 Luc.
954 3558 1121 3633 nm,
1155 3564 1245 3621 16.
1280 3565 1443 3620 Plura
1490 3568 1557 3619 de
1609 3564 1712 3619 hac
1772 3576 1835 3615 re
1868 3565 1987 3617 vide
2030 3558 2167 3633 apud
2202 3562 2443 3633 Vasquet
2512 3570 2562 3617 in
2599 3558 2808 3634 partem
2863 3582 2949 3628 ιιι,
2984 3568 3244 3632 disputat.
3274 3558 3401 3623 ibi,

136 3644 305 3704 capite
333 3638 548 3707 primo.

1201 3954 1577 4009 PARAPIIRA
1590 3953 1694 4010 SlS
1722 3952 2172 4011 PACHYMERIE
2213 3952 2346 4022 (28).

198 4138 225 4209 ς
258 4138 296 4191 l.
330 4136 561 4191 Τούτων
606 4132 701 4191 οὖν
741 4137 1134 4210 διωρισμένων,
1196 4141 1492 4207 ἀναγκαῖον
1540 4142 1671 4192 εἰπε]

1952 4138 1990 4194 l.
2024 4135 2115 4190 His
2148 4135 2313 4205 igitur
2342 4132 2604 4198 deﬁnitis,
2640 4132 2956 4187 necessario
3002 4134 3167 4188 etiam
3203 4135 3395 4191 dicen-

126 4229 215 4281 καὶ
262 4226 531 4299 περὶτῶν
582 4228 1031 4298 κεκοιμημένων·
1084 4230 1177 4282 καὶ
1234 4228 1343 4301 γὰρ
1380 4229 1502 4282 οὐδὲ
1549 4228 1710 4282 τοῦτο

126 4321 314 4385 κοινῶς
344 4320 566 4390 ἔχουσιν
612 4320 663 4371 οῖ
701 4337 760 4372 τε
791 4322 1104 4391 Χριστιανοὶ
1137 4322 1381 4393 (τούτους
1428 4322 1537 4391 γὰρ
1562 4322 1709 4391 λέγει

124 4413 283 4465 τανῦν
329 4411 554 4483 ἱερούς)
584 4412 678 4464 καὶ
701 4413 749 4463 οἱ
781 4412 977 4476 ἔξωθεν
1025 4413 1305 4486 Ἕλληνες,
1361 4417 1412 4468 οἱ
1461 4416 1669 4485 ἀνίεροι
1694 4432 1707 4445 ·

124 4504 235 4557 ἀλλ’
287 4505 484 4575 ὥσπερ
542 4503 641 4573 τῆς
693 4503 837 4574 ζωῆς
898 4505 1078 4559 αὐτῶν
1131 4506 1263 4560 πολὺ
1325 4508 1389 4563 τὸ
1429 4508 1705 4579 διάφορον,

125 4599 251 4668 (τῶν
299 4600 401 4669 μὲν
459 4595 682 4660 ζώντων
712 4596 853 4649 κατά
894 4598 1128 4669 Χριστὸν
1180 4601 1239 4653 ὲν
1262 4600 1340 4672 τῷ
1388 4601 1713 4672 νεκροῦσθαι

117 4689 196 4761 τῷ
220 4688 458 4761 σώματι,
502 4686 613 4740 τῶν
659 4688 715 4740 δὲ
764 4687 978 4752 ζώντων
1024 4689 1165 4742 κατὰ
1207 4688 1307 4755 τὰς
1356 4692 1457 4761 τῆς
1513 4692 1712 4764 σαρκὸς

113 4782 488 4854 ὲπιθυμίας,)
539 4780 680 4833 οὕτω
726 4781 821 4833 καὶ
867 4781 928 4834 τὸ
973 4782 1125 4845 τέλος
1178 4784 1360 4837 αὐτῶν
1431 4784 1708 4855 διάφορον.

115 4879 179 4930 Ui
232 4878 468 4948 μὲνγὰρ
511 4875 665 4946 ἱεροὶ,
691 4876 1130 4941 ἀποσκοποῦντες
1163 4878 1299 4949 πρὸς
1349 4877 1449 4942 τὰς
1493 4877 1708 4931 ἐκεῖθεν

113 4968 354 5032 ἐλπίδας,
389 4967 530 5039 πρὸς
560 4966 621 5019 τὸ
642 4965 734 5018 τοῦ
754 4965 979 5020 Θανάτου
1002 4967 1173 5039 πέρας
1204 4968 1368 5030 ῐασιν,
1395 4968 1585 5040 ὥσπερ
1616 4968 1710 5020 ἐπὶ

111 5062 263 5125 τέλος
318 5060 573 5129 ἀγώνων,
624 5058 713 5112 τὸν
745 5059 846 5129 τῆς
885 5059 1231 5131 δικαιοσύνης
1255 5060 1554 5131 ληψόμενοι
1589 5060 1709 5112 στέ-

111 5170 279 5221 φανον
308 5154 368 5205 ὲν
396 5155 466 5223 τῇ
488 5150 644 5220 ὁλικῇ
669 5149 846 5204 αὐτῶν
868 5151 1161 5204 ἀναστάσει
1186 5153 1252 5221 τῇ
1296 5150 1434 5221 μετὰ
1456 5150 1707 5221 σώματος

109 5246 371 5314 δηλονότι’
402 5246 461 5298 ai
496 5244 595 5315 μὲν
617 5242 725 5314 γὰρ
750 5243 893 5313 ίεραὶ
916 5243 1101 5314 ψυχαὶ,
1128 5244 1362 5297 ἐνταῦθα
1391 5243 1451 5297 τὸ
1474 5242 1707 5315 τρεπτὸν

110 5336 351 5408 ἔχουσαι,
382 5338 446 5392 ὲν
483 5338 551 5407 τῇ
580 5334 967 5413 παλιγγενεσία
1002 5336 1063 5388 τὸ
1116 5336 1526 5408 ἀμετάτρεπτον
1557 5333 1707 5399 ἕξου-

112 5446 161 5482 σι
178 5448 191 5460 ·
237 5430 309 5484 τὰ
333 5431 391 5484 δὲ
411 5429 661 5500 ὁμόζυγα
679 5427 926 5499 σώματα,
953 5426 1189 5483 ἐνταῦθα
1208 5432 1329 5493 ταῖς
1352 5428 1553 5499 ψυχαῖς
1581 5442 1707 5493 συγ-

108 5523 599 5596 κακοπαθήσαντα,
628 5521 727 5592 τὴν
746 5521 952 5576 οἰκείαν
974 5522 1271 5577 ἀνάστασιν
1299 5520 1698 5592 ἀπολήψονται,

172 5745 287 5819 (28)
344 5746 482 5801 Vide
512 5744 729 5800 Scholia
761 5744 819 5801 S.
868 5744 1107 5810 Maximi,
1146 5754 1278 5801 tum.
1322 5744 1386 5811 ll,
1432 5758 1553 5813 cap.
1616 5741 1645 5794 7
1680 5742 1883 5799 Eccles.
1915 5744 2047 5799 hier.

1819 4233 1946 4285 dum
1978 4232 2044 4284 de
2073 4228 2340 4283 delunctis
2370 4244 2384 4281 :
2417 4241 2591 4296 neque
2620 4224 2836 4280 enimid
2864 4239 3155 4281 commune
3191 4226 3398 4283 habent

1819 4320 2115 4377 Christiani
2159 4320 2323 4388 (quos
2379 4318 2467 4372 hic
2516 4332 2705 4372 sacros
2757 4315 2939 4387 vocat)
2968 4332 3093 4371 cum
3151 4319 3401 4374 externis

1818 4409 2137 4484 gentilibus,
2162 4409 2254 4480 qui
2295 4396 2512 4478 profani
2546 4416 2672 4463 sunt
2707 4424 2721 4460 :
2749 4407 2844 4461 sed
2882 4407 3028 4461 sicut
3054 4406 3198 4461 inter
3231 4410 3401 4462 vitam

1817 4518 2008 4560 eorum
2040 4500 2271 4555 multum
2300 4501 2533 4556 interest
2560 4502 2707 4571 (cum
2750 4501 2826 4555 illi
2851 4502 3071 4571 quidem
3104 4504 3400 4556 secundum

1818 4596 2100 4651 Christum
2164 4594 2350 4647 vivant
2403 4606 2609 4661 corpus
2662 4592 3091 4656 mortiﬁcando;
3135 4591 3193 4644 hi
3268 4606 3402 4645 vero

1818 4686 2117 4743 secundum
2145 4686 2331 4740 carnis
2355 4684 2834 4752 concupiscentias
2859 4684 3029 4737 vitam
3063 4683 3399 4752 instituant),

1818 4781 1901 4835 sic
1932 4788 1987 4833 et
2016 4779 2138 4834 linis
2174 4792 2366 4835 eorum
2428 4776 2700 4830 diversus.
2750 4776 3031 4844 Siquidem
3100 4775 3275 4828 sancti
3329 4775 3397 4827 ad

1817 4890 1943 4945 spes
1973 4872 2185 4928 futuras
2231 4870 2593 4935 attendentes,
2626 4867 2695 4920 ad
2726 4868 2919 4921 mortis
2968 4867 3267 4921 terminum
3298 4880 3396 4919 ve-

1816 4967 1977 5021 niunt
2011 4975 2270 5031 tanquam
2306 4960 2374 5014 ad
2398 4960 2562 5013 linem
2588 4957 2970 5020 certaminum,
2993 4955 3215 5008 virtutis
3239 4968 3400 5007 coro-

1815 5072 1943 5113 nam
1968 5054 2237 5125 recepturi
2271 5052 2324 5107 in
2384 5049 2533 5105 totali
2580 5065 2677 5104 sua
2712 5047 3146 5111 resurrectione,
3179 5045 3399 5100 scilicet

1814 5165 1921 5204 una
1965 5164 2090 5204 cum
2115 5158 2344 5215 corpore
2375 5164 2391 5198 ;
2424 5153 2627 5198 sancta:
2658 5140 2804 5196 enim
2860 5140 3059 5193 animae
3117 5155 3242 5194 cum
3307 5138 3398 5192 hic

1810 5242 2048 5312 perverti
2093 5240 2320 5308 possint,
2353 5237 2407 5291 in
2438 5235 2837 5290 resurrectione
2890 5231 3390 5287 immutabilitatem

1809 5339 2217 5402 consequentur
2247 5347 2262 5395 ;
2297 5342 2525 5395 corpora
2573 5341 2727 5388 vero,
2787 5340 2906 5393 qua:
2959 5322 3049 5377 hic
3105 5320 3395 5375 animabus

1808 5413 2060 5495 copulata
2105 5439 2210 5477 una
2254 5438 2373 5478 cum
2422 5421 2489 5476 iis
2517 5419 2655 5474 mala
2690 5417 3052 5489 pertulerunt,
3098 5416 3378 5487 propriam

1810 5534 2025 5589 quoque
2061 5516 2520 5572 resurrectionem
2554 5513 2852 5570 sortientur
2881 5530 2895 5577 ;
2929 5509 3217 5567 animabus
3240 5508 3383 5579 suis,
