3730 6302
371 241 467 297 5η

1522 237 1572 295 S.
1617 235 1915 294 DIONYSII
1952 236 2416 295 AREOPAGITA‘I

3522 234 3627 288 572

370 360 568 425 quibus
606 363 661 413 tu
692 359 793 413 hac
841 359 952 411 vita
1006 358 1297 425 conjuncta
1352 354 1617 422 fuerant,
1668 355 1881 409 reunita
1927 374 1928 379 π

2109 349 2314 404 ωθέντα
2361 350 2482 412 ταῖς
2539 348 2757 418 ψυχαῖς,
2807 341 2893 410 αἷς
2941 348 3175 417 ἦνωνται
3202 344 3343 399 κατά
3367 344 3459 398 τὸν
3501 346 3625 417 τῇδε

371 460 734 519 assequentur
796 459 976 505 autem
1026 448 1347 505 deiformem
1403 448 1632 519 gloriam
1689 458 1942 516 tanquam

370 540 608 593 membra
642 539 757 593 Dei.

442 653 470 722 §
510 652 569 705 ll.
597 652 953 708 Profanornm
982 670 1112 710 vero
1152 654 1316 724 aliqui
1345 652 1561 723 quidem
1588 654 1707 708 sine
1735 652 1944 707 ratione

372 755 580 813 putant,
608 762 713 799 non
743 747 916 800 solum
964 762 1255 819 corporum
1308 761 1417 800 non
1469 744 1705 798 futuram
1766 757 1949 797 resur-

373 836 692 903 rectionem,
722 853 907 892 verum
948 842 1112 894 etiam
1157 841 1415 909 ipsasmet
1460 839 1673 891 animas
1723 837 1945 905 penitus

367 927 595 990 aboleri,
628 944 721 983 seu
758 930 811 983 in
840 930 1069 984 nihilum
1101 932 1291 995 abire;
1325 930 1415 983 alii
1441 944 1593 993 vero,
1628 928 1711 983 his
1753 929 1943 997 utique

366 1022 771 1090 prudentiores,
803 1034 859 1077 ut
888 1023 1063 1092 Plato,
1090 1025 1263 1090 aiunt,
1296 1039 1499 1091 corpus
1555 1022 1775 1091 quidem
1823 1028 1945 1091 post

365 1125 593 1167 mortem
625 1130 967 1186 nequaquam
992 1118 1376 1181 substiturum,
1406 1116 1503 1171 sed
1532 1130 1631 1169 nec
1684 1115 1735 1167 in
1786 1126 1944 1169 teter-

365 1218 493 1256 num
522 1204 589 1257 ad
615 1205 1024 1259 subsistentiam
1053 1222 1205 1260 suam
1238 1220 1613 1262 reversurum.
1659 1205 1773 1260 lloc
1795 1204 1943 1260 enim

359 1305 444 1350 est
475 1296 616 1364 quod
644 1298 773 1351 dicit
800 1297 1057 1361 εἰσάπαξ.
1085 1298 1364 1368 Indignum
1396 1299 1545 1353 enim
1588 1314 1729 1362 esse,
1759 1299 1935 1362 aiunt,

340 1398 419 1443 ut
451 1388 733 1445 materiale
755 1405 950 1457 corpus
975 1393 1171 1446 animae
1197 1391 1545 1446 immateriali
1577 1393 1647 1445 sit
1674 1406 1938 1457 coxarum,

358 1483 596 1536 animam
626 1496 754 1535 vero
781 1482 952 1536 solam
979 1496 1100 1536 esse
1150 1481 1537 1537 immortalem.
1592 1482 1737 1536 Idem
1768 1481 1935 1536 etiam

361 1573 603 1628 Simonis
657 1573 909 1642 discipuli
949 1575 1285 1635 asserebant,
1321 1589 1424 1627 non
1453 1575 1781 1644 cogitantes.
1814 1588 1942 1631 uec-

358 1663 488 1716 dum
517 1661 694 1716 edocti
724 1677 753 1714 a
783 1676 978 1730 magno
1009 1660 1253 1728 apostolo
1275 1660 1443 1714 Paulo
1480 1662 1714 1723 dicente,
1746 1662 1940 1730 pignus

357 1763 413 1808 et
438 1752 815 1821 probationem
844 1752 1169 1805 universalis
1208 1752 1258 1805 in
1292 1751 1457 1823 274
1486 1766 1714 1821 corpore
1742 1753 1939 1806 futurae

358 1846 779 1901 resurrectionis
811 1846 1097 1901 Dominum
1124 1854 1370 1900 nostrum
1412 1844 1599 1899 .lesum
1656 1843 1937 1899 Christum

355 1939 668 2002 exstitisse;
698 1947 755 1993 et
786 1939 927 2008 quod
963 1938 1015 1991 in
1038 1938 1155 2007 ipso
1182 1939 1341 1992 modo
1367 1937 1688 1992 abscondita
1721 1936 1796 1991 sit
1828 1936 1937 1989 vita

358 2040 549 2083 nostra
596 2028 651 2083 in
705 2028 816 2084 Deo
880 2029 1173 2084 revelanda
1225 2028 1279 2082 in
1338 2028 1765 2097 regeneratione.
1829 2026 1936 2082 Alii

356 2137 486 2176 vero
516 2121 769 2177 dicebant
803 2137 1000 2189 corpus
1032 2132 1159 2176 tunc
1205 2136 1423 2177 aereum
1470 2122 1665 2176 animis
1690 2121 1934 2175 futurum

354 2213 617 2283 (simodo
658 2218 897 2270 luturum
934 2217 1031 2287 sit)
1058 2225 1115 2271 et
1160 2233 1267 2271 non
1319 2227 1755 2271 resurrecturum
1803 2215 1935 2270 illud

355 2306 535 2377 ipsum
589 2309 734 2377 quod
784 2311 945 2363 modo
991 2310 1254 2381 gerimus,
1303 2308 1628 2378 corporibus
1678 2325 1798 2379 qua:
1830 2324 1935 2363 una

354 2399 713 2454 decertat-unt
748 2400 1003 2469 injuriam
1030 2402 1360 2471 irrogantes‘.
1391 2402 1497 2457 Alii
1529 2417 1715 2471 porro,
1748 2401 1934 2457 nescio

351 2505 462 2560 quo
490 2500 645 2560 pacto
681 2492 747 2546 ad
781 2504 1028 2548 terrenas
1051 2480 1438 2562 cogitationes
1470 2494 1770 2564 provocati,
1795 2493 1933 2548 scri-

353 2590 583 2650 pserunt
618 2580 691 2636 ibi
731 2584 885 2637 cibos
918 2593 1186 2655 potusque
1233 2584 1464 2640 sensiles
1499 2585 1733 2641 futuros.
1798 2584 1932 2639 lnsi-

353 2674 516 2728 nuari
557 2675 711 2728 aiunt
735 2689 830 2744 per
861 2676 962 2730 hoc
995 2676 1277 2745 Pappiam,
1305 2675 1608 2746 llierapolis
1644 2676 1789 2730 Asia:
1816 2676 1933 2744 epi-

359 2780 611 2835 scopum,
636 2769 727 2835 qui
754 2768 862 2822 divi
910 2767 1140 2823 Joannis
1192 2769 1539 2838 evangelista:
1595 2768 1931 2839 temporibus

351 2856 555 2912 ﬂoruit.
589 2859 689 2913 llic
713 2861 857 2914 enim
878 2860 1111 2930 Pappias
1134 2860 1270 2916 libro
1298 2871 1492 2931 quarto
1522 2860 1928 2915 Dominicarum

350 2966 567 3005 suarum
599 2952 1028 3020 explanatiouum
1058 2954 1299 3023 scripsit,
1331 2952 1449 3009 fore
1473 2954 1527 3008 in
1568 2955 1926 3009 resurrectio-

348 3057 437 3138 ne
460 3043 763 3113 voluptates
793 3061 912 3114 quo:
959 3046 1336 3116 percipiuntur
1377 3064 1444 3102 ex
1493 3048 1666 3113 cibis;
1694 3049 1748 3103 in
1782 3049 1926 3118 quod
1955 3080 1997 3138 ο

349 3133 567 3201 quidem
607 3136 799 3205 dogma
849 3139 1191 3206 postmodum
1239 3139 1610 3207 Apollinarius
1667 3141 1920 3195 credidit.

348 3226 629 3291 Quomodo
690 3229 856 3299 igitur
895 3230 1225 3300 Apollinarii
1277 3242 1442 3287 erunt
1493 3232 1699 3301 scripta
1752 3233 1929 3288 sancti

349 3315 620 3386 Dionysii,
654 3322 951 3375 secundum
989 3338 1178 3391 nugas-
1209 3323 1547 3393 aliquorum,
1578 3339 1698 3394 qua:
1725 3324 1929 3392 Apolli-

351 3411 566 3463 narium
604 3411 894 3467 refutant‘.’
934 3414 1039 3469 Sed
1070 3430 1228 3471 nemo
1269 3418 1507 3471 virorum
1536 3418 1828 3486 proborum
1860 3418 1929 3473 ad

349 3502 657 3558 istiusmodi
709 3500 1083 3561 absurditates
1125 3508 1450 3573 abducetur,
1486 3524 1674 3564 verum
1702 3509 1927 3564 creden-

348 3601 429 3648 tes
453 3609 513 3649 se
541 3595 976 3651 Christiformem
1009 3608 1209 3654 sortem
1233 3598 1544 3670 adepturos,
1571 3604 1923 3659 mutationem

347 3683 540 3737 mortis
568 3684 788 3741 minime
816 3686 1207 3752 formidahunt,
1244 3692 1413 3761 probe
1440 3693 1673 3746 scientes
1692 3708 1750 3747 se
1781 3695 1923 3749 bona

343 3787 499 3843 parta
532 3777 806 3834 stabiliter
838 3796 1207 3849 possessuros.
1249 3782 1572 3840 Peccatores
1592 3799 1722 3841 vero
1750 3787 1925 3856 siqui-

342 3866 465 3921 dem
499 3885 712 3925 sarraut
767 3872 1050 3927 hauserint
1092 3874 1513 3941 institutionem,
1540 3892 1712 3947 eaque
1740 3882 1921 3949 negle-

341 3971 454 4025 cta,
480 3961 547 4015 ad
605 3967 1075 4034 concupiscentias
1131 3985 1227 4023 sua
1279 3980 1474 4039 sponte
1523 3969 1756 4026 dewtluti
1791 3974 1918 4035 sint,

340 4065 465 4105 cum
503 4056 569 4107 ad
614 4057 734 4111 vita:
796 4060 957 4113 tinem
994 4062 1372 4129 pervenerint,
1422 4077 1529 4116 non
1586 4066 1694 4132 jam
1748 4064 1919 4134 legent

340 4140 579 4196 divinam
633 4161 785 4215 teque
837 4158 893 4202 ut
943 4151 1093 4219 prius
1127 4153 1515 4221 despicabilem
1562 4155 1915 4219 existimant;

338 4236 435 4289 sed
467 4236 591 4291 aliis
624 4237 779 4309 longe
802 4243 996 4306 oculis,
1019 4246 1356 4314 spiritalibus
1384 4249 1601 4301 demum
1632 4258 1687 4303 et
1713 4264 1775 4303 ea
1799 4265 1920 4320 qua:

338 4325 456 4382 illic
506 4340 633 4383 sunt
671 4332 1031 4400 intuentibus,
1104 4351 1170 4391 ea
1217 4353 1338 4407 quae
1388 4340 1458 4393 ibi
1497 4351 1625 4395 sunt
1659 4344 1917 4397 conside-

2050 438 2159 509 βίον
2179 456 2191 468 ·
2222 437 2583 509 ἀπολήψονται
2604 436 2660 490 δέ
2684 437 2777 489 καὶ
2811 437 2909 508 τὴν
2937 436 3141 507 θεοειδῆ
3190 435 3349 503 δόξαν
3371 435 3446 499 ὡς
3493 435 3624 507 μέλη

2048 532 2210 586 Θεοῦ.

2125 643 2153 715 §
2179 644 2240 699 ll.
2269 645 2389 698 Τῶν
2428 644 2486 697 δὲ
2510 643 2741 715 ἀνιέρων
2774 645 2822 695 οἰ
2869 641 2969 712 μὲν
2992 640 3401 713 ἀλογιστότερον
3431 641 3506 712 μὴ
3535 642 3625 711 μό-

2046 753 2135 788 νον
2164 736 2431 805 σωμάτων
2476 735 2537 788 ού
2585 731 2899 799 δοξάζουσιν
2926 730 3310 798 ἐξανάστασιν,
3348 731 3484 784 ἀλλά
3535 734 3624 786 καὶ

2046 827 2144 892 τὰς
2188 827 2365 899 ψυχὰς
2425 826 2594 891 αύτάς
2634 829 2713 891 εἰς
2758 826 2970 879 τελείαν
3039 826 3380 897 ἀνυπαρξίαν
3432 829 3621 896 χωρεῖν

2044 916 2264 970 οἴονται.
2293 918 2353 970 Οἱ
2380 916 2435 969 δὲ
2455 915 2803 988 λογικώτεροι
2820 915 2980 986 δῆθεν
3001 914 3200 978 αὐτῶν,
3227 916 3303 977 ὼς
3328 916 3357 966 6
3379 914 3620 978 Πλάτων,

2043 1011 2105 1064 τὸ
2128 1010 2223 1082 μὲν
2254 1009 2408 1080 σῶμα
2438 1008 2576 1081 μετὰ
2620 1009 2847 1064 θάνατον
2873 1008 3056 1062 ούκέτι
3084 1008 3217 1078 φασὶ
3244 1006 3619 1078 συστήσεσθαι,

2044 1101 2159 1155 ἀλλ’
2190 1103 2269 1166 εἰς
2292 1100 2494 1166 αἰῶνας
2516 1102 2615 1173 οὐχ
2642 1102 3006 1174 ὑποστρέφειν
3035 1100 3114 1154 ἐτι
3138 1101 3275 1172 πρὸς
3302 1102 3368 1171 ἣν
3393 1100 3503 1171 ἔχει
3532 1100 3618 1152 σύ-

2048 1211 2269 1248 στασιν·
2303 1194 2461 1248 τοῦτο
2499 1196 2607 1267 γάρ
2654 1195 2801 1247 ἐστιν
2843 1195 2872 1248 6
2921 1212 3084 1266 φησιν
3122 1192 3407 1259 εἰσάπαξ.
3468 1194 3620 1246 Ἀνά-

2044 1282 2154 1351 ξιον
2194 1286 2300 1356 γάρ
2346 1303 2508 1354 φασιν
2532 1281 2668 1339 εἶναι
2695 1286 2755 1339 τὸ
2783 1286 2966 1339 ύλικδν
2990 1282 3361 1349 συναιωνίζειν
3386 1287 3453 1356 τῇ
3482 1285 3621 1355 ἀῦλῳ

2041 1376 2208 1447 ψυχῇ,
2237 1378 2335 1447 τὴν
2374 1376 2549 1448 ψυχὴν
2594 1377 2758 1449 μόνην
2789 1377 3069 1441 ἀθανάτως
3098 1378 3389 1451 ὑπάρχειν.
3444 1377 3619 1429 Ταῦτα

2043 1464 2137 1517 καὶ
2162 1465 2209 1516 οἰ
2256 1464 2364 1517 ἀπὸ
2415 1464 2654 1535 Σίμωνος
2687 1465 2895 1535 ἔλεγον,
2950 1467 3049 1521 οὐκ
3101 1469 3460 1539 ἐννοήσαντες
3507 1467 3620 1519 ούδέ

2046 1554 2342 1626 μυηθέντες
2383 1556 2534 1629 παρὰ
2568 1557 2661 1611 τοῦ
2705 1557 2940 1629 μεγάλου
2970 1558 3265 1612 ἀποστόλου
3300 1558 3515 1611 Παύλου
3540 1558 3623 1610 λέ-

2042 1662 2249 1714 γοντος,
2301 1648 2593 1719 ἀρραϐῶνα
2636 1651 2729 1703 καὶ
2767 1649 3038 1717 ἀπόδειξιν
3058 1651 3158 1721 τῆς
3207 1650 3349 1721 μετά
3378 1648 3622 1720 σώματος

1975 1734 2016 1792 Β
2044 1736 2339 1809 καθολικῆς
2414 1740 2761 1804 ἀναστάσεως
2810 1741 2900 1794 τὸν
2951 1740 3151 1810 Κύριον
3201 1740 3361 1812 ἡμῶν
3423 1739 3623 1811 Ἰησοῦν

2042 1828 2282 1901 Χριστὸν
2313 1830 2663 1902 γεγενῆσθαι,
2693 1832 2786 1886 καὶ
2812 1833 2892 1885 ὅτι
2922 1833 2977 1887 ἐν
3004 1831 3153 1903 αὐτῷ
3175 1832 3270 1885 νῦν
3319 1832 3622 1903 κέκρυπται

2042 1925 2075 1995 ἡ
2125 1914 2238 1995 ζωὴ
2286 1924 2441 1997 ήμῶν
2490 1927 2546 1978 ἐν
2592 1924 2671 1995 τῷ
2729 1924 2847 1997 Θεῷ
2897 1925 3396 1998 φανερωθησομένη
3456 1928 3514 1979 ἐν
3560 1930 3620 1997 τῇ

2040 2014 2449 2087 παλιγγενεσία.
2506 2015 2688 2069 ¹Ἄλλοι
2734 2016 2791 2071 δέ
2817 2016 3061 2088 αἰθέριον
3106 2016 3349 2086 ἔφασκον
3409 2016 3622 2069 ἔσεσθαι

2040 2105 2117 2176 (εί
2138 2123 2201 2176 γε
2226 2108 2321 2161 καὶ
2343 2106 2583 2179 ἔσεσθαι)
2612 2107 2771 2180 σῶμα
2793 2111 2913 2172 ταῖς
2935 2108 3152 2178 ψυχαῖς,
3194 2109 3288 2161 καὶ
3348 2108 3453 2160 οὐκ
3499 2108 3624 2161 αὐτὸ

2036 2199 2194 2252 τοῦτο
2219 2199 2674 2273 ἐξαναστήσεσθαι
2700 2200 2729 2253 ὃ
2766 2200 3144 2272 περικείμεθα,
3195 2200 3512 2265 ἀδικοῦντες
3558 2200 3625 2254 τὰ

2040 2290 2447 2363 συναθλήσαντα
2498 2290 2741 2364 σώματα.
2776 2291 2957 2344 ’Ἄλλοι
2981 2291 3057 2355 δὲ,
3093 2292 3193 2345 ούκ
3230 2288 3327 2346 οἷδ’
3353 2293 3504 2357 ὅπως
3548 2294 3624 2356 εἰς

2037 2382 2246 2446 ἐννοίας
2284 2382 2477 2447 ὑλικὰς
2523 2382 2913 2448 ἀποκλιθέντες
2934 2424 2948 2449 ,
2975 2384 3183 2456 τροφὰς
3209 2386 3483 2458 αἰσθητὰς
3534 2387 3624 2440 καὶ

2037 2473 2225 2537 πόσεις
2270 2475 2449 2528 ἐκεῖσε
2489 2475 2859 2546 γενησομένας
2927 2476 3261 2549 ἀνέγραψαν.
3318 2478 3623 2530 Αἰνίττεται

2033 2564 2113 2629 δέ,
2143 2568 2327 2635 φασὶν,
2358 2569 2438 2632 είς
2501 2568 2761 2623 Παππίαν
2785 2569 2875 2622 τὸν
2913 2568 3267 2640 Ἱεραπόλεως
3292 2572 3394 2643 τῆς
3441 2572 3622 2635 Ἀσίας

2033 2658 2353 2726 ἐπίσκοπον,
2404 2660 2496 2715 τὸν
2542 2660 2621 2734 τῷ
2671 2661 2799 2734 θείῳ
2849 2663 2943 2715 καὶ
2991 2664 3353 2736 εύαγγελιστῇ
3398 2666 3623 2738 Ἰωάννῃ

2035 2753 2479 2824 συνακμάσαντα.
2509 2750 2677 2820 Οὗτος
2702 2755 2812 2829 γάρ
2849 2759 2877 2811 6
2902 2758 3164 2821 Παππίας
3189 2758 3247 2809 ἐν
3269 2756 3348 2828 τῷ
3375 2758 3622 2831 τετάρτῳ

2034 2854 2224 2928 βιϐλίῳ
2246 2857 2353 2910 τῶν
2380 2856 2673 2929 Κυριακῶν
2701 2857 2867 2912 αὑτοῦ
2898 2856 3207 2931 ἐξηγήσεων
3235 2858 3336 2922 τάς
3368 2858 3461 2912 διὰ
3487 2858 3624 2931 βρω-

2034 2947 2221 3019 μάτων
2258 2945 2409 3003 εἷπεν
2437 2951 2493 3002 ἐν
2524 2952 2592 3021 τῇ
2639 2949 2933 3003 ἀναστάσει
2980 2950 3309 3013 ἀπολαύσεις
3335 2967 3348 2981 °
3381 2953 3465 3014 εἰς
3487 2952 3621 3023 ὅπερ

2030 3037 2207 3110 δόγμα
2232 3041 2325 3093 καὶ
2378 3041 2405 3093 6
2450 3040 2852 3113 Ἀπολλινάριος
2909 3040 3045 3112 μετά
3094 3040 3269 3096 ταῦτα
3292 3041 3609 3095 ἐπίστευσε.

2032 3129 2159 3195 Πῶς
2204 3130 2298 3185 οῦν
2338 3131 2743 3205 Ἀπολλιναρίου
2776 3132 2948 3186 ταῦτα
2990 3132 3059 3186 τὰ
3101 3134 3195 3187 τοῦ
3221 3136 3382 3203 ἁγίου
3434 3138 3619 3189 Διονυ-

2034 3220 2149 3272 σίου
2210 3222 2619 3294 συγγράμματα
2673 3224 2815 3277 κατά
2877 3223 3000 3287 τούς
3048 3240 3208 3277 τινων
3256 3223 3496 3297 λήρους,
3551 3226 3620 3280 τὰ

2030 3310 2357 3384 ἀναιροῦντα
2392 3313 2793 3386 Ἀπολλινάριον
2814 3330 2839 3381 ;⁴
2858 3313 2995 3366 Ἀλλ’
3021 3313 3122 3365 οὐκ
3142 3313 3207 3367 ἄν
3224 3332 3310 3379 τις
3325 3316 3436 3369 τῶν
3460 3317 3503 3369 le
3512 3316 3618 3388 ρῶν

2027 3402 2238 3475 ἀνδρῶν
2288 3406 2369 3468 εἰς
2410 3403 2663 3468 τοιαύτας
2705 3402 2931 3467 ἀτοπίας
2971 3403 3428 3475 ἀπενεχθήσεταιο
3484 3405 3619 3460 ἀλλὰ

2027 3495 2394 3562 πιστεύοντες,
2422 3497 2501 3549 ὅτι
2531 3494 2790 3568 λήψονται
2817 3495 2915 3566 τὴν
2962 3495 3288 3567 Χριστοειδῆ
3340 3496 3519 3567 λῆξιν,
3552 3499 3615 3550 οὐ

2025 3587 2124 3659 τὴν
2153 3588 2245 3641 ἐπὶ
2297 3588 2524 3642 θάνατον
2550 3587 2848 3652 δεδοικότες
2875 3586 3102 3661 τροπὴν,
3148 3587 3263 3641 ἀλλ’
3301 3583 3363 3641 εὖ
3420 3589 3617 3655 εἰδότες

2025 3679 2106 3733 ὃτι
2139 3679 2208 3734 τὰ
2255 3680 2521 3751 κτηθέντα
2542 3680 2683 3735 καλὰ
2715 3680 2946 3752 βεϐαίως
2973 3680 3207 3747 ἕξουσιν.
3244 3682 3308 3737 Οἰ
3345 3681 3403 3734 δὲ
3437 3684 3618 3754 ἁμαρ-

2023 3771 2205 3835 τωλοὶ,
2255 3771 2413 3841 εἴπερ
2450 3773 2555 3827 εἰσί
2584 3774 2679 3827 καὶ
2709 3773 3070 3846 μεμυημένοι,
3120 3774 3244 3827 ἐπεὶ
3308 3777 3450 3847 πρὸς
3497 3778 3615 3830 ἐπι-

2026 3865 2224 3935 θυμίας
2266 3866 2742 3937 ἁπηυτομόλησαν,
2772 3867 2899 3920 ὅταν
2962 3866 3098 3937 πρὸς
3148 3867 3211 3919 τὸ
3236 3866 3393 3932 τέλος
3418 3868 3613 3939 ἕρχων-

2022 3975 2137 4023 ται,
2168 3958 2350 4011 οὐκέτι
2398 3959 2519 4011 τότε
2576 3958 3050 4030 εὐκαταφρόνητον
3110 3959 3199 4012 τὸν
3254 3959 3399 4013 θεῖον
3450 3961 3609 4033 νόμον

2022 4048 2323 4118 λογίζονται
2352 4046 2428 4113 ὡς
2465 4049 2561 4104 καὶ
2590 4052 2876 4123 πρότερον,
2905 4049 3019 4103 ἀλλ’
3045 4050 3258 4122 ἐτέροις
3310 4052 3609 4125 ὀφθαλμοῖς

2021 4145 2229 4212 νοεροῖς
2277 4142 2459 4197 λοιπὸν
2523 4144 2617 4198 καὶ
2637 4143 2706 4198 τὰ
2749 4144 2927 4197 ἐκεῖσε
2983 4144 3313 4210 σκοποῦσιν,
3371 4147 3606 4201 ἀποσκο-

2022 4233 2283 4298 ποῦντεςσ
2316 4235 2384 4289 τὰ
2439 4236 2642 4301 ἐκεῖσε,
2690 4236 2785 4288 καὶ
2854 4229 2930 4289 ὧν
2968 4236 3387 4300 ἐκπεπτώκασι,
3438 4256 3609 4311 μακα-

2025 4326 2232 4397 ρίζουσι
2293 4328 2391 4398 μὲν
2458 4330 2584 4393 τοὺς
2643 4330 2867 4385 ἐκείνων
2935 4330 3280 4401 ἁψαμένους,
3362 4332 3605 4397 ἐλεεινῶς

333 4436 558 4488 rantes,
587 4434 640 4477 et
688 4426 881 4493 quibus
935 4428 1092 4481 bonis
1147 4432 1456 4486 exciderint
1502 4438 1911 4503 expendentes,

2128 4420 2226 4489 τῆς
2284 4420 2566 4493 παρούσης
2637 4422 2784 4493 ζωῆς
2832 4422 3256 4493 ἀποσχίζονται,
3303 4427 3407 4480 ούκ
3454 4427 3600 4499 ἔχον-

334 4515 529 4568 ὺιυιυε
557 4517 774 4586 quidem
814 4520 1235 4588 prazdicanteos
1259 4524 1349 4592 qui
1403 4525 1495 4579 illa
1536 4526 1717 4594 adepti
1758 4538 1911 4593 sunt,

330 4609 517 4663 miseri
558 4621 738 4665 autem
781 4623 836 4667 et
881 4615 1033 4669 inviti
1069 4630 1137 4669 ex
1177 4616 1278 4672 hac
1307 4620 1414 4673 vita
1444 4620 1749 4690 decedunt,
1789 4637 1915 4693 pro-

327 4709 450 4768 pter
502 4703 666 4756 vitam
698 4722 850 4760 suam
880 4707 1195 4777 pessimam,
1240 4710 1389 4764 nulla
1422 4710 1616 4768 salutis
1645 4728 1741 4784 spe
1764 4714 1909 4768 fulti.

401 4793 430 4865 §
474 4796 558 4851 ιιι.
600 4797 733 4852 Cum
768 4801 818 4853 in
850 4810 1162 4855 sanctorum
1215 4804 1718 4861 obdormitionibus
1777 4807 1913 4860 nihil

327 4891 521 4945 horum
576 4893 808 4958 accidat,
842 4893 887 4948 is
916 4893 1135 4963 quidem
1170 4896 1261 4965 qui
1309 4897 1376 4951 ad
1435 4898 1559 4952 vitae
1587 4900 1748 4952 [luem
1788 4914 1913 4967 pro-

324 4996 505 5055 perat,
538 4986 737 5054 gaudet
803 5001 862 5040 se
887 4988 954 5040 ad
1010 4998 1254 5043 sanctam
1284 4990 1755 5057 regenerationem
1787 5005 1912 5060 per-

325 5079 547 5141 venire,
606 5079 851 5134 defuncti
895 5091 1075 5135 autem
1126 5081 1444 5149 familiares,
1480 5082 1756 5153 spiritales
1813 5100 1910 5153 po-

326 5174 435 5229 tius
467 5189 631 5244 quam
676 5177 930 5231 carnales
977 5179 1105 5249 (hoc
1127 5180 1271 5232 enim
1328 5187 1413 5233 est
1444 5177 1684 5247 projure
1710 5177 1908 5230 divina:

2015 4529 2111 4592 τες
2181 4511 2374 4566 ἐλπίδα
2436 4515 2709 4586 σωτηρίας
2767 4515 2856 4570 διὰ
2902 4516 3000 4586 τὴν
3058 4516 3344 4589 χειρίστην
3411 4520 3605 4589 διαγω-

2014 4617 2139 4685 γήν·

2091 4807 2230 4880 §lll.
2264 4808 2483 4864 Τούτων
2532 4810 2744 4875 οὐδενὸς
2782 4810 3079 4882 γινομένων
3139 4811 3286 4865 κατὰ
3344 4812 3448 4878 τὰς
3497 4812 3599 4865 τῶν

2014 4898 2185 4967 ἁγίων
2213 4899 2422 4971 ἀνδρῶν
2461 4901 2771 4971 κοιμήσεις,
2810 4901 2971 4964 αὐτὸς
3002 4901 3102 4972 μὲν
3140 4902 3168 4953 6
3214 4902 3357 4974 πρὸς
3404 4905 3467 4957 τὸ
3511 4905 3600 4957 πέ-

2015 5006 2114 5061 ρας
2156 4990 2468 5062 ἐρχόμενος,
2520 4990 2698 5062 χαίρει
2739 4990 3032 5045 ἐπιϐαίνων
3080 4992 3180 5063 τῆς
3221 4995 3374 5062 ίερᾶς
3414 4995 3600 5063 παλιγ-

2011 5081 2282 5147 γενεσίας,
2338 5084 2388 5135 οἰ
2424 5082 2481 5135 δέ
2537 5081 2632 5134 τοῦ
2662 5081 3018 5153 κοιμηθέντος
3067 5085 3281 5147 οἰκεῖοι,
3321 5087 3371 5137 οῖ
3438 5102 3595 5137 πνευ-

2013 5175 2232 5241 ματικοὶ
2262 5174 2462 5247 μᾶλλον
2488 5177 2632 5247 ἢπερ
2660 5177 2710 5228 ol
2737 5175 2881 5230 κατά
2911 5176 3089 5247 σάρκα
3114 5176 3293 5247 (τοῦτο
3347 5179 3460 5251 γάρ
3486 5181 3596 5230 ἐστι

323 5269 767 5339 propinquitatis)
800 5271 1019 5323 beatum
1049 5270 1222 5340 ipsum
1248 5270 1575 5339 praedicant,
1600 5278 1654 5323 et
1672 5269 1905 5324 similem

2118 5268 2258 5320 κατὰ
2305 5268 2403 5339 τὴν
2444 5267 2593 5322 θείαν
2639 5268 2984 5340 οἰκειότητα)
3036 5268 3198 5321 αὐτόν
3249 5286 3311 5321 τε
3361 5270 3597 5341 μακαρί-

323 5361 487 5418 finem
536 5362 911 5421 beatissimum
955 5366 1055 5436 ipsi
1087 5380 1303 5435 quoque
1337 5365 1598 5435 consequi
1625 5370 1902 5431 exaptant.

2010 5357 2160 5424 ζουσι
2185 5362 2278 5414 καὶ
2322 5360 2563 5415 τοιοῦτον
2605 5364 2940 5434 μακαριστὸν
2989 5362 3141 5426 τέλος
3209 5362 3463 5435 εὔχονται
3506 5363 3597 5417 καὶ

322 5458 555 5518 Portant
584 5477 764 5523 autem
805 5469 980 5537 ipsum
1041 5469 1107 5523 ad
1142 5468 1478 5537 episcopum,
1510 5467 1666 5537 quasi
1686 5467 1904 5522 coronis

2108 5453 2162 5505 οὶ
2185 5453 2472 5523 λήψεσθαι.
2499 5454 2727 5522 Ἀγουσι
2753 5455 2811 5508 δέ
2839 5455 3027 5510 τοῦτον
3054 5457 3146 5509 ἐπὶ
3186 5456 3278 5509 τὸν
3308 5458 3594 5528 ίεράρχην,

325 5560 721 5615 numerandum
753 5578 768 5627 ;
806 5562 893 5617 hic
930 5576 1061 5618 vero
1092 5562 1271 5632 ipsum
1322 5562 1603 5632 excipiens
1658 5561 1705 5617 ei
1753 5561 1902 5631 jnsta

2108 5550 2199 5603 ἐπί¹
2248 5549 2395 5602 δόσιν
2425 5548 2733 5620 στεςράνωψ
2763 5551 2790 5604 6
2810 5550 2886 5614 δέ,
2914 5548 3225 5621 δεχόμενος,
3253 5551 3470 5605 ἐκτελεῖ
3499 5550 3598 5606 ἐπὶ

322 5647 606 5704 persolvit.

2005 5642 2177 5713 τούτῳ
2210 5640 2279 5695 τὰ
2305 5642 2444 5695 ὅσια.
