3728 6334
140 282 245 337 573

687 396 752 448 ιι.
793 397 1164 466 Μυστήριον.

210 489 537 558 Συναγαγὼν
556 491 646 544 τὸν
670 492 869 563 κλῆρον
889 476 917 546 6
944 492 1223 563 ἱεράρχης,
1247 494 1293 547 εί
1316 492 1413 564 μὲν
1435 491 1543 546 τῶν
1567 495 1718 562 ίερω-

139 579 319 650 μένων
344 580 489 633 ἐστὶν
525 581 554 631 6
595 581 994 652 κεκοιμημένος
1016 622 1032 647 ,
1071 582 1402 654 ἐπίπροσθεν
1435 580 1529 634 τοῦ
1569 580 1714 633 θείου

136 670 519 743 θυσιαστηρίου
546 672 895 736 κατακλίνας,
922 672 1030 727 τῶν
1055 673 1228 744 εὐχῶν
1256 675 1349 727 καὶ
1370 673 1469 744 τῆς
1491 673 1713 743 εὐχαρι-

136 764 293 825 στίας
335 763 641 835 ἀπάρχεται
660 781 672 793 ·
703 765 877 835 εὐχῶν
909 766 1025 835 μὲν,
1053 764 1194 836 ὑπὲρ
1219 765 1328 817 τῶν
1354 766 1714 836 ἀγνοημάτων

131 854 230 908 τος
258 855 657 926 κεκοιμημένον
677 873 689 886 ο
725 858 1075 926 εὐχαριστίας
1099 856 1156 910 δὲ
1174 897 1189 920 ,
1216 857 1357 927 ὑπὲρ
1377 850 1450 910 ὧν
1473 856 1712 927 ἤμϐλυνε

131 945 195 997 τὸ
220 945 316 998 τοῦ
342 946 567 999 Θανάτου
593 945 838 1018 κέντρον,
869 947 963 1000 καὶ
1003 945 1175 1010 οὕτως
1197 946 1435 1017 ἠδυνήθη
1465 946 1594 1015 παρ’
1618 947 1715 999 αὐ-

129 1034 230 1088 τοῦ
248 1035 441 1107 βοηθού
450 1054 608 1107 μενος
634 1036 975 1109 κατορθῶσαί
997 1054 1136 1091 τινα.
1157 1038 1218 1089 El
1239 1037 1294 1090 δὲ
1320 1036 1549 1107 μοναχὸς
1568 1038 1713 1090 ἐστιν

128 1127 164 1198 ἢ
196 1128 384 1190 πιστὸς
407 1130 470 1180 ἐκ
494 1127 587 1180 τοῦ
617 1127 763 1199 ἱεροῦ
785 1128 915 1181 λαοῦ
935 1168 950 1191 ,
979 1128 1129 1200 παρά
1153 1127 1244 1181 τὸν
1269 1127 1515 1198 νάρθηκα
1540 1144 1711 1182 κατα-

130 1218 332 1272 κλίνει.
363 1220 436 1273 Τὸ
457 1220 516 1272 δὲ
540 1218 653 1287 πρὸ
681 1218 1115 1291 τῆςζίερατικῆς
1131 1219 1524 1284 είσελεύσεως
1564 1218 1714 1289 δηλοῖ

125 1312 215 1365 ὅτι
255 1311 583 1383 ἐπίπροσθεν
606 1312 713 1365 τῶν
753 1311 1059 1382 ψαλλόντων
1083 1312 1285 1381 ὀφείλει
1318 1311 1549 1365 κεῖσθαι.
1578 1308 1713 1365 Εἶτα

122 1403 155 1455 6
198 1402 300 1471 μὲν
341 1401 600 1473 ίεράρχης
626 1402 716 1455 τὸν
761 1401 1049 1470 εὐλογητὸν
1085 1402 1349 1470 ὲκφωνεῖ,
1399 1399 1526 1469 ἑξῆς
1566 1399 1622 1452 δὲ
1662 1402 1712 1454 οἱ

121 1490 367 1545 διάκονοι
390 1492 459 1544 τὰ
483 1492 768 1563 πρόσφορα
809 1491 967 1562 ίερῶς
1007 1491 1221 1562 ᾅδουσι·
1248 1491 1420 1545 ταῦτα
1459 1491 1568 1563 γάρ
1606 1493 1711 1544 εἰσι

120 1582 196 1635 τὰ
236 1581 611 1652 ταύτοδύναμα
648 1583 741 1635 καὶ
777 1582 1012 1653 ὁμόλογα
1035 1624 1049 1648 ,
1075 1582 1314 1653 δηλονότι
1339 1582 1409 1635 τὰ
1442 1585 1555 1646 τοῖς
1580 1600 1711 1655 προ-

122 1674 403 1745 κειμένοις
429 1675 712 1745 σύμφωνα.
742 1674 876 1730 Εἶτα
900 1678 928 1729 6
950 1675 1325 1747 ἀρχιδιάκονος
1353 1675 1578 1729 ἀπολύει
1609 1676 1707 1746 μὲν

119 1767 258 1829 τοὺς
279 1768 738 1839 κατηχουμένους,
767 1765 886 1839 εἶτα
908 1767 1268 1839 ἀνακηρύττει
1304 1767 1372 1821 τὰ
1407 1767 1516 1820 τῶν
1537 1768 1708 1836 ἁγίων
1738 1760 1780 1814 Β

119 1858 339 1928 ἀνδρῶν
362 1860 457 1913 καὶ
481 1860 895 1931 κεκοιμημένων
918 1860 1178 1930 ὁνὸματα,
1209 1858 1325 1930 μεθ’
1351 1851 1425 1912 ὧν
1450 1860 1593 1925 ἀξιοῖ
1616 1859 1709 1912 τὸν

119 1949 490 2020 προκείμενον
504 1951 603 2021 τῆς
619 1951 971 2021 ἀναρρήσεως
988 1950 1210 2020 ταύτης,
1230 1948 1326 2002 καὶ
1342 1950 1708 2022 προτρέπεται

119 2041 340 2105 πάντας
367 2042 509 2113 ὑπὲρ
527 2040 691 2097 αὐτοῦ
720 2043 936 2113 αἰτῆσαι
961 2045 1059 2115 τὴν
1081 2046 1139 2098 ὲν
1161 2042 1384 2117 Χριστῷ
1404 2041 1704 2096 τελείωσιν.

117 2131 262 2188 Εἶτα
287 2136 317 2187 ὁ
346 2135 609 2206 ίεράρχης
648 2134 814 2206 εὐχὴν
842 2136 985 2207 ὑπὲρ
1012 2136 1107 2189 τοῦ
1146 2153 1377 2208 κεκοιμη
1387 2136 1548 2207 μένου
1592 2153 1709 2188 ποι-

116 2229 285 2291 εῖται,
313 2228 409 2281 καὶ
437 2224 741 2291 ἀσπάζεται
760 2228 968 2293 τοῦτον,
1000 2230 1094 2284 καὶ
1124 2230 1223 2283 σὺν
1251 2230 1400 2300 αὐτῷ
1427 2231 1475 2281 οἱ
1504 2229 1703 2299 ἕτεροι.

116 2317 283 2371 Μετά
304 2315 477 2370 ταῦτα
507 2318 719 2388 ἐπιχέει
747 2318 922 2390 τούτῳ
954 2319 1016 2372 τὸ
1046 2320 1199 2389 ἆγιον
1226 2319 1405 2373 ἔλαιον
1423 2358 1437 2383 ,
1488 2320 1583 2373 καὶ
1608 2318 1706 2389 τὴν

116 2408 388 2461 ἀπόλυσιν
409 2446 423 2471 ,
448 2408 571 2478 ἥτις
600 2407 820 2477 λέγεται
847 2410 989 2481 ὑπὲρ
1031 2411 1248 2465 πάντων
1280 2410 1433 2481 εὐχὴ,
1480 2408 1707 2481 ποιησά-

119 2516 311 2570 μενος,
338 2499 628 2570 ἀποτίθησι
654 2501 715 2553 τὸ
750 2500 907 2572 σῶμα
933 2503 990 2555 ὲν
1012 2500 1147 2573 οἴκῳ
1167 2502 1334 2574 τιμίῳ
1357 2500 1476 2573 μεθ’
1503 2501 1706 2573 ἐτέρων
1730 2538 1735 2543 -

114 2592 413 2664 ὁμοταγῶν
443 2593 606 2665 ἱερῶν
635 2595 922 2665 σωμάτων.

728 2776 822 2830 ΙΙΙ.
866 2776 1107 2845 Θεωρία.

200 2864 295 2938 ξι.
322 2864 508 2919 Ταῦτα
542 2865 641 2938 μὲν
674 2866 834 2940 εἴπερ
865 2867 1025 2921 ἴδοιεν
1055 2867 1401 2940 ἢάκούσαιεν
1425 2870 1475 2923 oi
1506 2868 1707 2941 Ἕλλη·

112 2975 210 3022 νες
240 2956 541 3029 τελούμενα
567 2958 696 3030 παρ’
720 2958 910 3030 ἡμῶν,
944 2960 1118 3014 πλατὺ
1153 2960 1472 3029 γελάσουσιν
1497 2977 1510 2991 ⁸
1543 2963 1703 3033 ἡμεῖς

109 3048 194 3111 δὲ,
228 3048 324 3101 τὸν
348 3048 683 3117 φωταγωγὸν
722 3048 926 3119 Ἰησοῦν
957 3050 1409 3121 ἐπικαλεσάμενοι
1451 3051 1700 3123 λέγομεν,

110 3137 200 3191 ὃτι
231 3136 416 3202 καλῶς
445 3140 473 3191 6
498 3138 758 3210 ίεράρχης
794 3139 887 3192 ἐπὶ
916 3140 1008 3193 τὸν
1036 3139 1185 3206 ἄξιον
1213 3140 1377 3194 τόπον
1400 3140 1492 3194 τὸν
1515 3158 1701 3194 κεκοι-

113 3226 369 3299 μημένον
410 3228 683 3300 ἐπιτίθησι
707 3268 722 3294 ,
752 3229 992 3300 δηλονότι
1026 3231 1117 3286 τὸν
1150 3231 1247 3303 μὲν
1287 3232 1579 3303 ἱερωμένον
1607 3233 1701 3287 τοῦ

111 3320 514 3391 θυσιαστηρίου
543 3320 871 3392 ἐπίπροσθεν
890 3361 904 3385 ,
936 3321 1027 3376 τὸν
1064 3323 1121 3376 δὲ
1155 3324 1382 3395 μοναχὸν
1408 3323 1441 3394 ἢ
1471 3324 1562 3378 τὸν
1587 3325 1705 3379 λαῖ-

110 3411 213 3464 κὸν
256 3412 317 3463 ὲν
343 3410 421 3480 τῷ
450 3412 719 3482 ἱερατείῳ.
764 3412 1050 3482 Ἐμφαίνει
1075 3412 1185 3485 γὰρ
1221 3415 1302 3468 ὅτι
1327 3414 1468 3467 κατά
1492 3415 1583 3468 τὸν
1612 3417 1702 3469 ὲν-

110 3502 296 3555 ταῦθα
339 3500 453 3571 βίον
494 3504 590 3557 καὶ
632 3502 701 3556 τά
748 3504 997 3576 πρακτέα
1031 3507 1064 3575 ή
1099 3506 1278 3559 ἐκεῖσε
1323 3506 1534 3575 γίνεται
1568 3508 1704 3563 ἀπο-

110 3590 400 3662 κλήρωσις
423 3608 438 3621 ·
482 3594 531 3645 εί
563 3592 663 3663 μὲν
700 3594 932 3647 ἐνταῦθα
961 3594 1199 3667 θεοειδής
1237 3615 1320 3661 τις
1350 3599 1565 3667 ἐγένετο
1587 3641 1603 3665 ,
1642 3602 1700 3655 ὲν

110 3683 295 3747 θείαις
326 3684 422 3736 καὶ
458 3684 598 3738 κατά
634 3686 699 3737 τὸ
738 3686 928 3757 μέλλον
966 3686 1214 3758 λήξεσιν
1244 3693 1291 3742 εἰ
1321 3690 1377 3743 δὲ
1417 3692 1700 3765 καθυφῆκε

112 3779 215 3847 τῆς
248 3776 538 3847 ἀκριϐείας
567 3777 800 3831 ἐνταῦθα
824 3818 839 3842 ,
878 3780 997 3833 κατ’
1029 3780 1182 3847 ἀξίαν
1223 3786 1444 3837 κάκεῖσε
1474 3785 1700 3857 λήψεται

113 3871 214 3933 τὰς
239 3868 671 3940 ἀτωκληρώσεις.
708 3871 1033 3942 Εὐχαριστεῖ
1060 3873 1238 3927 τοίνυν
1269 3876 1297 3927 6
1326 3878 1585 3949 ίεράρχης
1607 3880 1702 3933 καὶ

113 3961 263 4032 ὅπερ
292 3961 392 4032 τῆς
421 3962 672 4032 τοιαύτης
695 3962 1038 4035 δικαιοσύνης
1060 4005 1073 4029 ,
1120 3964 1257 4020 ἀλλά
1293 3967 1385 4020 καὶ
1429 3969 1512 4022 ὃτι
1543 3987 1702 4024 κατε-

107 4053 255 4121 λύθη
276 4053 340 4104 τὸ
360 4051 454 4104 τοῦ
481 4037 744 4123 τυράννου
766 4055 988 4126 κράτος,
1024 4056 1121 4109 καὶ
1147 4059 1175 4111 6
1203 4057 1430 4122 θάνατος
1458 4059 1559 4112 οὐκ
1583 4059 1699 4114 ἔστι

109 4144 351 4206 θάνατος
375 4183 389 4208 ,
428 4142 563 4197 ἀλλά
592 4142 727 4218 ζωή.
820 4170 823 4173 ·

183 4230 317 4302 §IL
360 4232 425 4283 Αί
466 4230 523 4283 δὲ
567 4231 698 4302 ᾠδαὶ
744 4232 839 4285 καὶ
881 4236 936 4288 αἱ
984 4236 1317 4304 ἀναγνώσεις
1375 4239 1697 4310 ὲκφαντικαί

106 4325 222 4376 είσι
251 4323 363 4375 τῶν
398 4324 576 4376 ἐκεῖσε
608 4326 839 4380 αἰωνίων
865 4329 1059 4397 μονῶν,
1091 4330 1444 4386 ἀποδεκτικαὶ
1477 4335 1573 4405 μὲν
1600 4335 1695 4389 τοῦ

679 277 769 335 DE
802 277 1087 336 ECCLES.
1123 278 1521 347 HIERARCII.,
1557 282 1713 338 CAP.
1757 279 1873 336 VII.
1905 308 1973 322 -α
1996 277 2350 336 PARAPHR.
2385 278 2854 335 PACHYMERE.

1741 407 1790 461 A

3278 280 3395 338 ἕ)Ἰῶ

2278 396 2443 467 275
2489 397 2553 451 ll.
2598 395 2929 467 Mysterium.

1890 492 2187 561 Episcopus-
2218 492 2427 545 clerum
2456 490 3110 561 congregans,siquidem
3138 490 3193 547 iu
3218 496 3394 548 sacris

1817 580 1998 635 fuerat
2040 582 2134 648 qui
2179 581 2548 647 obdormivit,
2586 590 2713 636 ante
2735 580 2980 635 divinum
3012 580 3185 637 altare
3217 583 3391 652 ipsum

1816 675 2110 739 inclinans,
2149 676 2269 728 infit
2296 676 2634 743 precationes
2662 684 2717 730 et
2744 675 3044 744 gratiarum
3077 676 3386 734 actionem:

1814 779 2005 834 preces
2040 765 2294 834 quidem,
2334 779 2497 833 super
2546 764 2880 834 ignoraniias
2929 762 3212 825 defuncti;
3267 778 3388 832 gra-

1816 856 2011 910 tiarum
2045 872 2173 911 vero
2199 857 2469 910 actionem
2494 898 2509 921 ,
2539 857 2665 925 quia
2718 856 3038 923 (Christus)
3068 860 3260 909 mortis
3289 857 3388 909 sti-

1815 948 2020 1003 mulum
2054 949 2353 1012 hebetavit,
2386 959 2552 1018 atque
2587 949 2660 1002 ita
2689 949 2809 1017 ejus
2832 948 3036 1003 auxilio
3064 949 3239 1003 fretus
3262 948 3387 1001 boni

1812 1038 2088 1108 quidpiam
2130 1054 2291 1107 agere
2347 1039 2543 1108 potuit.
2592 1039 2686 1093 Sin
2748 1047 2927 1092 autem
2994 1038 3200 1093 sanctis
3269 1052 3383 1091 mo-

1813 1134 2009 1187 nachis
2037 1141 2302 1186 sanctove
2338 1131 2535 1201 populo
2565 1140 2893 1201 aggregatus
2921 1139 3041 1184 erat
3066 1173 3079 1197 ,
3104 1130 3256 1200 juxta
3297 1146 3386 1184 sa—

1810 1223 2053 1277 crarium
2103 1221 2356 1277 collocat.
2388 1222 2521 1275 Illud
2559 1230 2766 1283 autem,
2832 1221 2902 1272 ad
2928 1220 3260 1275 sacerdotum
3284 1223 3371 1277 in-

1817 1329 2073 1383 gressum,
2112 1310 2387 1383 signiﬁcat
2415 1313 2563 1367 illum
2598 1328 2782 1368 coram
2811 1312 3168 1381 psallentibus
3200 1312 3383 1381 jacere

1811 1404 2033 1458 debere.
2069 1402 2269 1458 Prtesul
2315 1404 2516 1458 deinde
2569 1401 2996 1457 benedictionem
3043 1402 3381 1470 pronuntiat,

1812 1495 2065 1565 deinceps
2099 1511 2229 1550 vero
2263 1494 2479 1549 diaconi
2530 1507 2593 1547 ea
2647 1508 2768 1562 quae
2813 1494 3146 1547 conveniunt
3195 1504 3384 1549 sancte

1810 1593 2137 1645 coneinunt:
2162 1590 2251 1644 illa
2273 1589 2421 1644 enim
2443 1596 2574 1643 sunt
2592 1586 2973 1656 mquivalentia
2991 1598 3040 1641 et
3059 1601 3381 1658 synonyma,

1810 1698 1932 1753 qua:
1964 1682 2219 1736 nimirum
2252 1689 2564 1751 congruunt
2613 1678 2912 1734 defunctis.
2940 1679 3078 1733 Tum
3110 1678 3383 1732 archidia-

1809 1790 1981 1831 conus
2029 1775 2457 1830 catechumenos
2489 1771 2750 1835 dimittit,
2803 1781 3230 1841 sanctorumque
3271 1770 3383 1839 jam

1810 1868 2189 1922 defunctorum
2225 1865 2443 1919 nomina
2483 1872 2773 1927 recenset,
2819 1862 3018 1931 quibus
3057 1871 3381 1932 pra-sentem

1810 1959 2131 2015 defunctum
2175 1959 2363 2012 eadem
2413 1957 2943 2011 commemoratione
2973 1968 3271 2025 aggregare
3300 1953 3383 2006 di-

1810 2059 2027 2121 gnatur,
2086 2050 2447 2118 hortaturque
2493 2060 2720 2110 omnes,
2774 2046 2878 2115 ipsi
2934 2056 2995 2101 ut
3047 2047 3268 2101 beatum
3325 2043 3379 2099 in

1806 2142 2025 2198 Christo
2078 2142 2242 2197 finem
2288 2152 2501 2211 petant.
2572 2142 2713 2196 Tum
2782 2141 3052 2196 accedens
3105 2138 3379 2201 antistes,

1807 2246 2024 2301 precem
2076 2246 2287 2286 sacram
2335 2247 2501 2302 super
2544 2233 2802 2288 defuncto
2846 2232 3092 2304 peragit,
3143 2247 3380 2304 eumque

1806 2321 2044 2387 salutat,
2099 2331 2156 2376 et
2210 2337 2335 2376 cum
2370 2322 2487 2392 ipso
2530 2324 2734 2379 caateri.
2768 2324 2965 2380 Postea
3017 2321 3243 2380 atfundit
3282 2323 3386 2393 ipsi

1807 2426 2023 2466 sacrum
2057 2411 2234 2466 oleum
2258 2451 2274 2475 ,
2321 2425 2374 2468 et
2425 2414 2747 2481 impertiens
2786 2412 3215 2469 absolutionem.
3256 2421 3378 2477 qua:

1806 2503 2113 2558 communis
2154 2504 2329 2560 oratio
2378 2516 2646 2570 vocatur,
2695 2506 2818 2562 loco
2866 2506 3133 2560 honorato
3180 2513 3380 2569 (δοτιιυε

1805 2591 2039 2646 collocat
2111 2608 2219 2647 una
2291 2609 2415 2649 cum
2501 2595 2802 2665 aequalibus
2865 2593 2990 2651 aliis
3062 2589 3380 2662 corporibus

1804 2684 2032 2739 sanctis.

2323 2778 2408 2834 Ill.
2452 2779 2856 2849 Contemplatio.

1876 2871 1903 2944 ς
1939 2870 1976 2926 Ι.
2017 2871 2143 2926 Haec
2190 2872 2407 2941 quidem
2450 2872 2493 2925 si
2548 2872 2862 2941 aspexerint
2908 2869 3170 2939 gentiles,
3218 2867 3304 2922 vel
3344 2883 3376 2923 ι

1805 2965 1961 3019 nobis
1991 2962 2105 3019 fieri
2140 2962 2537 3026 inaudiveriut,
2564 2960 2785 3029 profuse
2825 2961 3123 3015 ridebunt:
3156 2974 3255 3013 nos
3281 2973 3378 3012 au-

1810 3066 1913 3110 tem
1953 3054 2088 3110 lucis
2116 3055 2361 3108 datorem
2403 3051 2585 3107 Jesum
2632 3053 2953 3107 invocantes
2997 3051 3228 3107 dicimus
3270 3049 3403 3103 rite

1806 3144 2089 3216 praesulem
2137 3159 2259 3198 eum
2292 3143 2382 3211 qui
2416 3123 2703 3198 defunctus
2732 3152 2816 3197 est
2848 3141 2971 3196 loco
3001 3141 3165 3210 digno
3194 3139 3365 3194 collo-

1804 3252 1962 3301 Care;
2020 3250 2214 3303 nempe
2247 3234 2397 3289 illum
2448 3234 2539 3304 qui
2574 3235 2626 3287 in
2657 3234 2830 3289 sacris
2860 3242 2963 3296 est,
3013 3243 3139 3286 ante
3168 3231 3372 3297 altare;

1807 3328 2130 3381 monachum
2162 3342 2290 3380 vero
2338 3326 2422 3379 vel
2469 3325 2664 3379 laicum
2688 3363 2705 3389 ,
2736 3324 2789 3378 in
2822 3325 3086 3379 sacrario.
3123 3322 3377 3381 Declarat

1803 3422 1979 3487 enim,
2033 3420 2327 3475 secundum
2361 3421 2503 3474 hanc
2537 3418 2705 3473 vitam
2752 3428 2807 3473 et
2851 3435 2972 3488 qua:
3021 3426 3170 3489 gesta
3217 3425 3377 3483 sunt,

1804 3515 1878 3569 ibi
1923 3525 2126 3569 sortem
2163 3512 2391 3567 retribui
2421 3528 2436 3565 :
2464 3520 2524 3566 ut
2566 3511 2613 3566 si
2664 3512 2787 3580 quis
2838 3511 2927 3565 hic
2964 3509 3249 3564 deiformis
3281 3523 3377 3563 ex.

1801 3608 2024 3673 stiterit,
2056 3608 2107 3661 in
2136 3604 2317 3661 futuro
2343 3619 2561 3675 quoque
2588 3603 2789 3657 saeculo
2824 3603 2877 3656 in
2905 3602 3104 3656 divinis
3130 3601 3239 3656 erit
3285 3601 3378 3655 de-

1802 3699 2225 3762 lectationibus;
2284 3698 2368 3752 sin
2402 3696 2490 3750 hic
2522 3695 2768 3750 nonnihil
2807 3695 3042 3749 studium
3076 3692 3370 3757 remiserit,

1803 3810 1901 3863 pro
1950 3792 2158 3847 meritis
2204 3790 2278 3845 ibi
2336 3805 2551 3859 quoque
2606 3798 2784 3843 sortes
2837 3788 3088 3854 accipiet.
3136 3785 3377 3840 Antistes

1803 3888 1989 3955 itaque
2020 3900 2122 3954 pro
2148 3886 2331 3938 divina
2360 3884 2569 3951 justitia
2607 3886 2743 3947 hac,
2781 3896 2878 3934 nec
2923 3897 3030 3934 non
3064 3880 3130 3934 de
3160 3878 3372 3949 tyranni

1804 3979 2030 4047 imperio
2061 3975 2346 4045 proﬂigato
2386 3975 2589 4044 gratias
2626 3974 2772 4040 agit,
2809 3975 3059 4042 quodque
3092 3986 3239 4025 mors
3266 3985 3373 4024 non

1797 4070 1906 4139 jam
1937 4069 2168 4140 amplius
2199 4083 2344 4123 mors
2372 4068 2467 4131 sit,
2506 4067 2602 4121 sed
2634 4068 2768 4120 vita.

1871 4249 2036 4320 276
2070 4246 2099 4321 ᾗ
2132 4247 2195 4302 ll.
2234 4246 2404 4301 Porro
2434 4244 2650 4300 cantica
2704 4253 2760 4299 ct
2806 4243 3067 4309 lectiones
3096 4250 3373 4305 exponunt

1801 4342 1921 4396 illas
1967 4353 2196 4395 aeternas
2249 4338 2596 4401 mansiones,
2647 4351 2768 4404 quae
2809 4333 3096 4390 defunctos
3150 4334 3372 4405 quidem

108 4416 476 4488 κοιμηθέντας
496 4458 510 4483 ,
541 4418 650 4471 τῶν
676 4418 732 4471 δὲ
756 4419 837 4473 ἔτι
872 4418 1088 4484 ζώντων
1124 4429 1521 4497 προτρεπτικαὶ
1556 4429 1691 4500 πρὸς

1877 4432 2122 4501 cipiunt,
2150 4430 2403 4484 viventes
2434 4437 2618 4482 autem
2669 4427 2738 4482 ad
2779 4425 3009 4481 similem
3043 4426 3167 4479 vitae
3211 4425 3372 4479 tinem

106 4511 212 4583 τὴν
241 4509 434 4579 ὁμοίαν
462 4510 580 4562 τελε
590 4510 757 4566 ίωσιν.

185 4613 217 4684 §
242 4614 329 4665 Ill.
362 4612 562 4666 Σκόπει
589 4613 668 4679 δὲ,
698 4615 780 4668 ὅτι
807 4614 902 4669 νῦν
927 4616 986 4669 οὐ
1018 4618 1189 4670 πᾶσαι
1222 4620 1278 4672 αί
1307 4618 1697 4692 καθαιρόμεναι

110 4707 304 4772 τάξεις
330 4704 688 4771 ἀπολύονται,
720 4709 884 4779 ἤγουν
927 4710 1020 4762 καὶ
1052 4710 1109 4763 αἱ
1138 4711 1246 4764 τῶν
1280 4711 1696 4783 ἐνοχλουμένων,

112 4803 213 4854 καὶ
259 4803 315 4853 αἱ
358 4801 467 4854 τῶν
495 4803 555 4854 ἐν
587 4804 876 4875 μετανοίᾳ,
907 4803 1044 4858 ἀλλά
1076 4805 1252 4876 μόνων
1294 4807 1405 4860 τῶν
1434 4825 1700 4879 κατηχου-

111 4895 299 4964 μένων
320 4909 335 4923 ο
366 4892 600 4964 ἀμύητοι
629 4894 738 4966 γάρ
752 4891 1031 4961 οὗτοι,κα“ι
1048 4898 1229 4970 πάσης
1257 4900 1489 4969 ὲποψίας
1522 4901 1696 4971 ἀμέθ-

110 5002 294 5038 εκτοι.
332 4985 496 5038 Οὐδὲν
530 4985 587 5038 δὲ
614 4988 810 5058 μικρὸν
835 4990 893 5042 ἐν
914 4991 1028 5053 τοῖς
1053 4988 1176 5042 καθ’
1196 4992 1343 5061 ἡμᾶς
1375 4992 1696 5063 μυστηρίοις

108 5076 425 5145 λογίζεσθαι
454 5078 593 5149 χρὴ,
635 5079 770 5132 ἀλλά
814 5081 990 5135 πάντα
1042 5083 1283 5152 μεγάλα·
1314 5084 1453 5137 αὐτά
1487 5085 1694 5155 μέντοι,

108 5168 253 5239 πρὸς
276 5166 484 5237 ἄλληλα
509 5170 924 5241 συγκρινόμενα,
951 5171 1211 5244 διαφορὰν
1230 5173 1426 5237 ἕξουσι.
1450 5176 1698 5244 Μέγιστα

106 5262 221 5330 γάρ
267 5259 365 5313 καὶ
406 5261 798 5334 ἀπαράϐλητα,
851 5263 920 5317 τὰ
950 5264 1060 5317 τῶν
1103 5265 1280 5319 θείων.
1318 5267 1383 5318 Αἱ
1413 5266 1470 5320 δὲ
1512 5268 1697 5339 ἕτεραι

106 5353 318 5418 τάξεις,
346 5354 394 5404 οί
420 5353 798 5425 ἐνεργούμενοι
817 5395 832 5419 ,
877 5356 926 5409 οἳ
950 5357 1007 5409 ὲν
1038 5358 1293 5428 μετανοίᾳ
1327 5359 1693 5423 συνίστανται,

107 5442 182 5507 ὡς
213 5444 509 5516 μυηθεῖσαι
537 5445 656 5515 μὲν,
688 5446 933 5518 ἀνοήτως
970 5446 1026 5500 δὲ
1055 5448 1193 5520 πρὸς
1226 5448 1297 5501 τά
1321 5450 1490 5521 χείρω
1516 5450 1707 5505 παλιν-

106 5536 482 5607 δρομήσασαι,
517 5536 624 5590 τῶν
650 5536 781 5606 γοῦν
807 5538 1111 5610 θεαρχικῶν
1157 5540 1450 5604 ὲποπτιῶν,
1483 5541 1696 5613 καὶτῆς

111 5628 266 5691 θείας
313 5628 671 5699 μεταλήψεως
704 5630 1179 5703 ἀπειρχθήσονται.
1214 5633 1274 5685 '0
1297 5632 1406 5703 γὰρ
1438 5633 1697 5699 ἀναξίως

111 5719 337 5775 secutor
364 5719 463 5774 καί
486 5720 697 5786 πίνων,
723 5722 811 5787 είς
843 5720 1019 5792 κρῖμα
1044 5722 1235 5789 ἑαυτῷ
1259 5722 1447 5776 ἐσθίει
1478 5721 1574 5775 καὶ
1600 5723 1694 5775 πί-

1799 4527 2179 4579 adhortantur.

1873 4615 1903 4687 §
1946 4614 2026 4669 Ill.
2069 4613 2335 4668 Caeterum
2379 4611 2610 4667 observa
2636 4648 2652 4674 ,
2702 4609 2973 4678 quomodo
3020 4624 3126 4662 non
3182 4621 3374 4662 omnes

1797 4711 1889 4779 qui
1923 4709 2220 4778 expiationi
2270 4718 2470 4761 vacant
2506 4708 2728 4762 ordines
2765 4705 2877 4775 jam
2907 4704 3274 4765 dimittantur,
3316 4710 3374 4754 ut

1798 4812 1925 4857 sunt
1952 4802 2299 4857 daemonibus
2332 4801 2694 4855 obnoxiorum
2730 4810 2785 4853 et
2828 4796 3235 4867 poenitentium,
3272 4793 3369 4848 sed

1802 4894 1903 4947 soli
1948 4895 2360 4959 catechumeni;
2409 4894 2664 4963 quoniam
2718 4891 2771 4946 lii
2828 4890 2977 4945 nullo
3023 4897 3372 4945 sacramento

1799 4995 1928 5039 sunt
1974 4984 2213 5050 initiati,
2282 4994 2337 5038 et
2382 4986 2561 5039 omnis
2600 4992 2853 5052 aspectus
2904 4982 3042 5036 sacri
3091 4990 3368 5047 expertes.

1797 5077 2013 5133 Nullum
2058 5068 2302 5133 anteme
2330 5077 2606 5147 mysteriis
2643 5059 2843 5131 nosiris
2868 5075 3024 5146 parvi
3055 5072 3364 5127 faciendum

1797 5183 1904 5235 est,
1934 5174 2191 5242 quoniam
2226 5187 2416 5239 magna
2459 5179 2586 5223 sunt
2632 5169 2846 5235 omnia,
2880 5168 3009 5222 licet
3035 5166 3102 5221 ad
3136 5166 3367 5220 invicem

1797 5263 1993 5318 collata
2023 5264 2239 5317 diversa
2270 5262 2402 5315 sint.
2429 5259 2662 5313 Maxima
2693 5260 2837 5314 enim
2874 5267 2930 5315 et
2958 5258 3368 5327 incomparabi-

1797 5354 1865 5408 lia
1917 5366 2080 5420 sunt,
2131 5367 2469 5423 quaecunque
2514 5353 2694 5406 divina
2743 5360 2888 5407 sunt.
2939 5348 3132 5406 Caeteri
3182 5358 3364 5403 autem

1796 5445 2015 5500 ordines
2037 5487 2051 5509 ,
2079 5457 2136 5499 ut
2168 5444 2517 5512 energumeni
2554 5454 2609 5498 et
2641 5443 3001 5515 pmniteutes,
3028 5449 3209 5496 astant
3244 5439 3366 5509 qui-

1798 5538 1917 5591 dem
1971 5546 2229 5605 tanquam
2276 5546 2623 5591 sacramento
2686 5535 2921 5598 initiati,
2964 5542 3362 5596 vermntamcn,

1796 5644 1917 5683 cum
1946 5631 2314 5697 imprudenter
2358 5629 2409 5681 in
2455 5627 2652 5681 malum
2685 5627 2879 5694 relapsi
2912 5626 3052 5691 sint,
3083 5640 3111 5679 a
3146 5624 3362 5679 divino-

1800 5737 1915 5775 rum
1974 5721 2352 5791 mysteriorum
2403 5720 2713 5791 aspectibus
2770 5720 3065 5789 divinaque
3117 5733 3359 5775 commu-
