3728 6302
386 265 489 321 575

1555 255 1613 313 S.
1653 250 1954 312 DIONYSII
1986 247 2451 305 AREOPAGITA'J

3545 244 3655 299 5'76

385 381 550 435 uioue
598 378 951 434 arcebantur.
988 375 1093 441 Qui
1123 373 1269 430 enim
1317 372 1531 441 indigne
1562 371 1847 425 mandarat
1900 378 1949 423 et

2128 381 2172 427 ι,
2221 362 2402 424 καθὼς
2432 364 2489 415 ὲν
2518 363 2587 433 τῇ
2629 361 2767 434 πρὸς
2812 358 3128 432 Κορινθίους
3412 360 3594 429 φησὶν
3631 361 3657 412 ό

382 470 548 534 bibit,
590 469 853 538 judicium
902 466 1002 519 sibi
1050 464 1337 519 manduca:
1390 472 1437 515 et
1487 461 1653 525 bibit,
1706 460 1848 515 sicut
1899 459 1955 512 in

379 564 555 630 prima
585 574 681 613 sua
719 558 783 610 ad
817 556 1127 611 Corinthios
1157 554 1448 625 Apostolus
1493 555 1592 607 ait.
1622 553 1737 607 Non
1766 555 1956 606 incon-

381 664 516 721 grue
545 659 724 703 autem
776 647 1141 700 adruittuntur
1180 645 1249 699 ad
1279 660 1341 700 ea
1370 659 1491 713 qua:
1538 644 1627 698 hic
1665 652 1953 712 geruntur,

380 752 440 794 ιιι
468 740 679 795 discant
736 737 927 793 mortis
960 736 1428 798 iucertitudinem,
1460 743 1513 789 et
1540 734 1760 803 prmmia
1785 733 1957 803 justo-

380 846 499 884 rnm
528 845 593 885 ac
620 837 973 898 peccatorum
1011 841 1223 897 ptenas.
1253 826 1468 879 Adsunt
1498 824 1705 893 itaque,
1735 831 1794 877 ut
1824 822 1956 877 hinc

380 922 587 991 aliquid
621 920 879 975 utilitatis
913 919 1112 984 ferant,
1148 927 1204 972 et
1242 916 1362 972 illos
1389 914 1531 973 forte
1562 914 1821 970 similium
1859 913 1954 968 de-

374 1013 642 1067 siderium
672 1010 939 1067 excitabit

447 1098 603 1171 §lV.
667 1099 877 1153 Deinde
935 1106 1134 1151 tractat
1192 1096 1356 1151 etiam
1404 1095 1473 1150 de
1524 1094 1845 1151 salutatione
1898 1103 1954 1148 et

372 1192 623 1245 oratione
661 1207 676 1245 :
716 1199 773 1246 et
823 1190 1003 1244 oratio
1048 1188 1263 1258 quidem
1307 1187 1553 1257 precatio
1600 1196 1688 1242 est
1729 1200 1826 1255 pro
1855 1188 1952 1239 de-

382 1285 592 1347 functo,
627 1291 687 1335 ut
715 1281 1091 1336 constituatur
1122 1280 1172 1332 iu
1204 1279 1326 1333 sinu
1381 1279 1818 1348 patriarcharum
1838 1314 1853 1341 ,
1897 1275 1952 1329 in

376 1368 495 1423 loco
522 1383 551 1421 ιι
584 1382 693 1437 quo
721 1368 939 1423 tristitia
968 1366 1147 1422 omnis
1176 1366 1351 1421 abest.

447 1542 569 1615 §V.
610 1543 1081 1611 Quemadmodum
1114 1544 1261 1600 enim
1308 1544 1375 1597 ab
1416 1542 1482 1597 iis
1514 1556 1634 1610 quae
1683 1542 1840 1596 nobis
1872 1542 1957 1613 ju-

376 1636 556 1690 cunda
604 1646 767 1702 sunt,
802 1646 862 1689 ut
909 1651 1095 1705 regno,
1122 1652 1277 1691 castra
1298 1676 1316 1700 ,
1346 1636 1497 1698 luce,
1531 1633 1702 1704 gloria
1724 1672 1741 1697 ,
1775 1635 1955 1704 splen-

2070 453 2412 516 Ἀπόστολος.
2439 452 2554 505 υύκ
2576 452 2884 515 ἀπεικότως
2908 452 2965 503 δὲ
2988 452 3079 503 ἐπὶ
3103 454 3216 514 τοῖς
3246 449 3343 504 νῦν
3381 449 3658 519 τελουμέ-

2056 564 2168 611 νοις
2194 548 2288 601 καὶ
2309 542 2454 602 οὗτοι
2477 547 2754 618 πάρεισιν,
2775 546 3149 616 διδασκόμενοι
3171 544 3269 616 τὴν
3286 544 3533 615 ἀδηλίαν
3560 544 3653 597 τοῦ

2057 639 2323 705 θανάτου,
2350 640 2419 694 τά
2439 657 2498 692 τε
2541 638 2769 709 βραδεῖα
2808 638 2917 691 τῶν
2956 637 3213 700 δικαίων,
3260 637 3356 691 καὶ
3404 636 3520 699 τὰς
3548 637 3655 688 τῶν

2056 730 2395 803 ἁμαρτωλῶν
2424 730 2621 794 λύπας.
2653 729 2754 783 Διά
2786 729 2918 798 γοῦν
2940 729 3001 782 τὸ
3030 729 3276 783 ἐντεῦθεν
3300 730 3539 799 ὄφελος,
3566 735 3654 784 καὶ

2058 822 2145 877 ἵνα
2171 825 2314 895 τάχα
2342 824 2437 877 καὶ
2472 818 2618 878 οὗτοι
2657 823 2794 895 πρὸς
2833 822 2932 893 τὴν
2968 822 3076 876 τῶν
3098 823 3299 895 ὁμοίων
3322 822 3529 892 ἔφεσιν
3551 824 3657 876 διε-

2058 910 2295 981 γερθῶσι
2314 951 2329 976 ,
2355 912 2429 966 πό
2439 928 2629 983 ρεισιν.

2128 1091 2270 1165 διν.
2315 1091 2454 1163 Ἤδη
2495 1090 2859 1162 διαλαμϐάνει
2897 1088 2991 1144 καὶ
3026 1091 3152 1161 περὶ
3187 1089 3282 1144 τοῦ
3337 1090 3650 1161 ἀσπασμοῦ

2058 1186 2153 1238 καὶ
2171 1184 2269 1253 τῆς
2294 1182 2460 1253 εὐχῆς
2479 1200 2492 1212 ·
2520 1183 2613 1235 καὶ
2639 1182 2672 1253 ἡ
2700 1181 2799 1252 μὲν
2836 1180 2969 1252 εὐχὴ
2992 1180 3175 1251 δέησίς
3197 1182 3343 1233 ἐστιν
3365 1182 3529 1253 ὑπὲρ
3557 1180 3650 1233 τοῦ

2058 1275 2460 1346 κεκοιμημένον
2483 1313 2498 1338 ,
2569 1274 2656 1328 ἵνα
2712 1272 3082 1344 καταταχθείη
3138 1275 3197 1326 ὲν
3251 1273 3487 1337 κόλποις
3542 1272 3653 1327 τῶν

2058 1364 2446 1437 πατριαρχῶν,
2514 1366 2571 1417 ὲν
2616 1362 2767 1433 τόπῳ
2822 1361 2950 1416 ἔνθα
3018 1361 3227 1434 ἀπέδρα
3270 1362 3343 1417 τὰ
3404 1364 3655 1434 ὀδυνηρὰ

2057 1458 2252 1511 πάντα.

2127 1547 2245 1619 §.V.
2289 1548 2497 1617 Ὥσπερ
2534 1545 2643 1616 γὰρ
2673 1546 2779 1601 ἀπὸ
2807 1544 2917 1599 τῶν
2941 1545 3072 1615 ἡμῖν
3107 1543 3296 1615 ἡδέων,
3336 1542 3450 1611 τῆς
3499 1542 3655 1614 βασι-

2057 1641 2228 1705 λείας,
2257 1638 2352 1692 τοῦ
2388 1639 2625 1702 δείπνου,
2662 1638 2756 1692 τοῦ
2782 1636 2957 1707 φωτὸς
2979 1677 2992 1701 ,
3022 1637 3119 1707 τῆς
3145 1636 3302 1705 δόξης
3322 1675 3337 1699 ,
3364 1636 3478 1706 τῆς
3508 1635 3657 1706 λαμ-

376 1725 546 1792 dore,
577 1740 698 1794 quae
747 1726 819 1778 ibi
860 1735 987 1779 sunt
1016 1725 1154 1779 bona
1198 1725 1575 1793 designantur,
1612 1739 1733 1792 quae
1764 1723 1953 1779 ocuius

2127 1729 2356 1799 ιότητος,
2424 1727 2498 1781 τὰ
2546 1730 2723 1782 ὲκεῖσε
2789 1725 3279 1800 χαρακτηρίζονται
3338 1726 3563 1794 ἀγαθὰ,
3618 1726 3656 1778 ἃ.

379 1830 490 1869 non
539 1815 695 1881 vidit,
756 1830 855 1869 nec
905 1816 1056 1869 auris
1104 1815 1337 1877 audivit;
1389 1815 1469 1868 sic
1507 1815 1670 1868 etiam
1710 1829 1830 1883 qua:
1880 1814 1950 1868 ibi

376 1904 603 1958 molesta
647 1914 794 1968 sunt,
824 1905 892 1958 ab
920 1905 1069 1959 hisce
1103 1904 1370 1959 molestiis
1405 1904 1753 1959 denominata
1802 1912 1949 1967 sunt,

272 2006 279 2025 ³
378 1997 616 2051 tenebrae
651 2005 703 2051 et
734 1997 935 2051 stridor
968 1997 1229 2061 dentium,
1276 2005 1331 2050 et
1390 1997 1568 2059 tlulur,
1619 2007 1673 2051 et
1707 1996 1949 2061 tristitia,

374 2099 430 2142 et
462 2088 769 2157 singultus:
807 2091 922 2145 hzec
948 2089 1095 2143 enim
1126 2100 1254 2143 sunt
1291 2087 1536 2158 analogae
1588 2088 1941 2159 significatio—

375 2197 493 2247 ues,
524 2196 644 2251 qua:
673 2198 702 2234 a
742 2183 970 2236 veritate
997 2182 1262 2236 bonorum
1305 2197 1369 2235 ac
1403 2182 1781 2235 molestiarum
1813 2181 1947 2235 ista-

376 2285 494 2325 rum
519 2270 739 2325 omuino
757 2270 1091 2341 discrepant.
1114 2271 1277 2324 Sinus
1298 2282 1478 2324 autem
1504 2270 1942 2339 patriarrbarum

373 2375 808 2431 cmterorumque
866 2372 1180 2419 sanctorqu
1234 2372 1363 2417 sunt
1411 2362 1740 2417 beatissima}
1797 2377 1950 2415 man-

380 2455 565 2507 siones
590 2492 605 2517 ,
635 2468 785 2521 quae,
823 2462 882 2505 ut
911 2452 1126 2522 opinor,
1159 2467 1187 2505 a
1220 2453 1464 2507 sinuosis
1516 2453 1682 2505 maris
1726 2453 1949 2522 gremiis

374 2560 439 2598 ac
470 2544 731 2614 portubus
775 2546 990 2598 navium
1047 2546 1226 2612 potius
1257 2546 1649 2611 desumuntur,
1700 2560 1863 2614 quam
1919 2562 1948 2598 a

375 2634 498 2689 sinu
526 2636 780 2688 vestium.
833 2634 1306 2700 Quemadmodum
1365 2635 1508 2689 enim
1540 2636 1631 2704 qui
1678 2635 1728 2687 iu
1782 2634 1949 2688 maris

376 2733 705 2794 tempestate
732 2736 1047 2793 versantur,
1078 2727 1143 2780 ad
1179 2727 1427 2780 marinos
1459 2728 1613 2780 sinus
1641 2727 1947 2791 attendunt,

376 2818 431 2875 in
461 2818 660 2888 quibus
711 2828 765 2874 et
813 2820 1073 2888 quietiori
1107 2834 1240 2872 aura
1279 2818 1568 2884 fruuntur,
1603 2829 1657 2873 et
1685 2820 1752 2873 ab
1782 2819 1951 2889 agita-

378 2910 613 2966 tionibus
664 2914 984 2980 quiescunt;
1036 2912 1107 2965 ita
1157 2927 1371 2981 quoque
1412 2913 1504 2980 qui
1565 2912 1617 2964 iu
1668 2913 1770 2965 hac
1831 2912 1948 2964 vita

377 3004 795 3073 tempestatibus
839 3005 1033 3071 jactati
1081 3014 1241 3067 sunt,
1288 3007 1340 3058 in
1379 3006 1592 3060 sinibus
1639 3004 1800 3073 277
1833 3006 1950 3058 ἱειίε

375 3096 812 3167 conquiescunt,
868 3098 1295 3167 modo'scilicet
1348 3114 1378 3153 e
1421 3099 1676 3167 periculis
1712 3100 1946 3152 animam

376 3204 530 3243 suam
564 3189 911 3243 vindicarint.
951 3190 1045 3244 Siu
1092 3206 1220 3243 vero
1251 3192 1406 3245 sinus
1451 3193 1617 3246 etiam
1653 3208 1681 3244 a
1710 3192 1949 3247 vestibus

352 3279 587 3333 ~uustris
615 3281 790 3348 accipi
826 3281 1148 3343 dixerimus,
1184 3280 1333 3348 juxta
1364 3282 1526 3334 illud:
1556 3282 1622 3336 Ut
1653 3298 1749 3336 nos
1773 3281 1950 3336 foveat

378 3370 533 3424 sinus
577 3372 828 3434 Abrahae,
881 3373 1270 3426 convenienter
1304 3372 1405 3427 hoc
1437 3387 1655 3440 quoque
1684 3372 1947 3441 explicari

378 3461 570 3529 possit,
602 3463 746 3528 quod
777 3461 1033 3516 nimirum
1064 3462 1342 3516 Abraham
1375 3465 1583 3532 primus
1612 3466 1678 3517 ad
1711 3465 1804 3519 Dei
1853 3482 1951 3519 uo-

382 3554 555 3608 titiam
607 3556 875 3608 adductus
904 3556 1015 3620 sit,
1071 3566 1126 3610 et
1159 3556 1268 3611 Deo
1300 3556 1591 3612 {anniliaris
1624 3558 1898 3612 exstiterit
1932 3573 1949 3614 :

378 3645 463 3697 vel
496 3644 638 3712 quod
690 3653 845 3711 pater
893 3643 1185 3697 multarum
1228 3648 1469 3715 gentium
1517 3647 1819 3716 appellatus
1857 3648 1949 3713 sit,

379 3752 569 3790 earum
611 3736 823 3790 scilicet
861 3752 983 3805 quae
1016 3738 1315 3791 secundum
1348 3738 1622 3793 Christum
1674 3750 1833 3806 sunt;
1867 3741 1952 3796 vel

379 3837 604 3896 propter
648 3828 976 3896 patriarcha:
1029 3828 1494 3897 hospitalitatem,
1546 3832 1649 3886 ista
1701 3830 1954 3888 facientis

381 3920 435 3972 in
470 3923 568 3973 hac
595 3921 705 3970 vita
731 3959 746 3983 ,
799 3930 1025 3989 propter
1053 3936 1173 3989 quae
1206 3923 1389 3975 mundi
1420 3922 1668 3978 conditor
1698 3938 1761 3977 ac
1782 3922 1951 3993 judex

374 4012 550 4082 jusms
583 4012 845 4067 caalorum
888 4029 1054 4084 regno
1088 4015 1406 4071 honorabit.

452 4104 480 4177 ς
505 4103 588 4159 Vl.
609 4106 715 4160 Sed
739 4108 850 4160 haec
877 4105 1130 4162 fortassis
1153 4109 1373 4177 quidem
1405 4109 1540 4163 satis
1572 4109 1951 4166 demonstrata

378 4198 526 4263 sint,
568 4196 842 4253 dubitabis
887 4208 1070 4254 tamen
1117 4202 1185 4256 de
1232 4216 1398 4272 prece
1454 4204 1747 4269 antistitis,
1788 4220 1953 4274 quam

380 4287 510 4340 facit
537 4303 633 4356 pro
659 4290 726 4342 iis
758 4291 849 4358 qui
876 4295 927 4343 in
948 4292 1189 4359 peccatis
1217 4292 1458 4347 defuncti
1489 4306 1647 4360 sunt;
1678 4297 1953 4364 quomodo

380 4379 639 4435 nimirum
674 4381 888 4451 justitia
919 4383 1132 4438 Domini
1179 4384 1438 4438 salvanda
1473 4386 1569 4449 sit,
1603 4388 1649 4441 si
1677 4389 1954 4443 exauditis

381 4474 638 4541 precibus
666 4475 836 4529 salvet
880 4492 1002 4530 eum
1046 4478 1138 4546 qui
1191 4489 1441 4533 mortuus
1475 4489 1561 4533 est
1597 4480 1649 4534 in
1680 4482 1945 4549 peccatis.

381 4566 493 4637 Ego
518 4578 736 4632 autem,
765 4568 944 4638 inquit
964 4608 978 4632 ,
1008 4568 1214 4637 justam
1262 4570 1486 4641 quidem
1515 4586 1615 4640 pro
1646 4572 1804 4628 factis
1837 4574 1949 4628 suis

380 4661 545 4730 (hanc
583 4666 726 4715 enim
759 4662 1170 4716 retributionem
1202 4664 1385 4734 vocat)
1415 4675 1619 4720 sortem
1651 4666 1949 4736 quemlibet

379 4752 694 4805 habiturum
728 4752 895 4821 probe
933 4753 1048 4807 scio
1069 4792 1085 4819 ,
1141 4752 1442 4823 Scripturis
1476 4759 1861 4823 consentiens,
1894 4770 1952 4814 et

378 4844 659 4913 suhjuugit
682 4846 869 4899 statim
903 4849 1212 4904 testimonia
1242 4848 1559 4919 Scripturae.
1589 4848 1736 4906 Solis
1767 4860 1949 4905 autem

381 4936 789 4992 misericordias
822 4937 914 4992 Dei
944 4942 1315 5007 merentibus,
1363 4945 1478 4997 sive
1521 4942 1659 4997 vivis
1711 4943 1827 4997 sive
1859 4943 1951 4997 de-

380 5027 619 5090 functis.
650 5045 759 5084 nou
795 5046 923 5085 vero
958 5033 1024 5086 iis
1052 5034 1148 5102 qui
1185 5033 1437 5087 damnari
1476 5044 1833 5099 meruerunt,
1860 5034 1950 5103 ju-

380 5131 587 5173 sturum
619 5122 894 5191 prodesse,
929 5126 1131 5195 scripta
1156 5126 1337 5181 divina
1370 5127 1585 5181 docent.
1617 5127 1754 5193 Quid
1801 5127 1951 5181 enim

381 5214 530 5265 Sauli
582 5214 789 5281 profuit
834 5216 1089 5272 Samuel?
1132 5217 1198 5272 Et
1261 5220 1391 5288 quid
1448 5218 1651 5274 Judaais
1698 5218 1953 5273 Jeremiaz

382 5307 624 5375 precatio
656 5308 922 5364 contulit?
951 5310 1019 5363 ad
1047 5326 1205 5381 quem
1230 5312 1368 5366 dixit
1402 5311 1692 5367 Dominus:
1719 5309 1802 5365 Ne
1835 5328 1951 5367 ores

377 5412 475 5465 pro
502 5397 693 5466 populo
726 5400 843 5452 hoc.
879 5401 1093 5455 Etenim
1120 5412 1178 5455 ut
1206 5404 1250 5458 si
1278 5404 1402 5473 quis
1427 5404 1541 5459 sole
1572 5404 1811 5469 lucente,
1846 5403 1951 5458 sibi

387 5489 489 5558 ipsi
529 5492 715 5547 oculos
737 5509 958 5559 cruens,
1004 5494 1141 5550 lucis
1168 5495 1289 5566 ejus
1321 5497 1595 5566 particeps
1626 5495 1740 5550 ﬁeri
1770 5506 1949 5565 petat;

383 5581 465 5635 sic
508 5597 574 5637 ex
616 5585 938 5654 impossibili
978 5602 1072 5657 spe
1104 5589 1325 5658 pendet,
1358 5590 1608 5659 quisquis
1637 5597 1951 5643 sanctorqu

385 5688 575 5734 preces
604 5674 815 5746 ﬂagitat
848 5678 974 5735 dum
993 5682 1249 5738 mandata
1283 5683 1373 5737 Dei
1406 5697 1512 5739 non
1543 5690 1748 5749 servat,
1779 5696 1952 5750 neque

2052 1821 2327 1891 ὀφθαλμὸς
2358 1822 2458 1874 οὐκ
2485 1817 2592 1873 εἶδε
2617 1861 2630 1885 ,
2660 1822 2756 1874 καὶ
2781 1817 2875 1884 οὖς
2904 1820 3005 1872 οὐκ
3047 1820 3276 1889 ἤκουσεν
3296 1835 3309 1847 ·
3356 1817 3514 1871 οὕτω
3561 1820 3655 1869 καὶ

2050 1911 2121 1963 τὰ
2149 1912 2328 1964 ἐκεῖσε
2358 1911 2594 1981 δυσχερῆ
2620 1911 2727 1964 ἀπὸ
2755 1910 2860 1964 τῶν
2896 1909 3125 1963 ἐνταῦθα
3153 1908 3434 1978 δυσχερῶν
3466 1925 3653 1961 κατω-

2052 2001 2419 2073 νομάσθησαν,
2451 2004 2660 2068 σκότος,
2689 2005 2782 2057 καὶ
2806 2004 3047 2075 βρυγμὸς
3068 2003 3317 2064 ὀδόντων,
3337 2003 3437 2054 καὶ
3462 2000 3653 2070 ὀδόντι,

2053 2097 2145 2149 καὶ
2175 2093 2341 2165 λύπη,
2369 2096 2461 2149 καὶ
2493 2096 2793 2167 στεναγμός
2812 2114 2825 2126 ·
2859 2096 3031 2151 ταῦτα
3056 2095 3163 2165 γάρ
3189 2097 3326 2147 είσιν
3352 2096 3412 2146 αἱ
3448 2094 3653 2146 ἀνάλο-

2050 2205 2136 2256 γοι
2174 2189 2472 2260 σημασίαι,
2517 2187 2613 2241 καὶ
2655 2187 2763 2241 τῶν
2804 2187 3027 2257 ἀγαθῶν
3069 2189 3162 2240 καὶ
3207 2186 3316 2240 τῶν
3358 2186 3655 2255 δυσχερῶν

2050 2280 2370 2335 ἀποδέουσαι
2393 2281 2610 2345 πάντως
2636 2280 2736 2351 τῆς
2770 2280 3049 2351 ἀληθείας.
3081 2280 3285 2333 Κόλποι
3308 2279 3365 2331 δέ
3390 2281 3510 2330 είσι
3540 2276 3655 2327 τῶν

2052 2374 2405 2447 πατριαρχῶν
2448 2376 2542 2429 καὶ
2584 2374 2692 2428 τῶν
2736 2375 2940 2445 ἑτέρων
2991 2374 3161 2441 ἁγίων
3193 2373 3246 2424 αί
3298 2369 3657 2442 μακαρισταὶ

2054 2468 2212 2537 μοναί
2231 2485 2245 2499 ο
2268 2469 2317 2520 οἶ
2344 2468 2458 2530 καὶ,
2489 2468 2565 2532 ῶς
2595 2464 2747 2538 οἶμαι
2768 2507 2783 2533 ,
2814 2466 2921 2519 ἀπὺ
2944 2466 3051 2518 τῶν
3079 2464 3381 2518 θαλαττίων
3419 2464 3654 2517 κόλπων

2050 2561 2145 2613 καλ¹
2166 2560 2400 2631 λιμένων
2424 2559 2585 2614 πλέον
2613 2559 3066 2630 ἐκλαμϐάνονται,
3094 2558 3126 2630 ἢ
3156 2556 3262 2610 ἀπὸ
3285 2556 3398 2608 τῶν
3424 2556 3656 2609 κόλπων

2050 2651 2158 2705 τῶν
2191 2652 2435 2723 ἱματίων.
2478 2652 2565 2714 Ὠς
2587 2649 2695 2723 γὰρ
2721 2652 2770 2703 oi
2801 2651 2859 2703 ὲν
2912 2649 3138 2701 κλύδωνι
3174 2647 3456 2718 θαλάσσης
3497 2648 3657 2710 ὄντες

2054 2748 2189 2819 πρὸς
2216 2746 2342 2809 τοὺς
2381 2743 2700 2807 θαλαττίους
2726 2741 2971 2813 ἀφορῶσι
3018 2740 3250 2802 κόλπους
3271 2779 3285 2803 ,
3335 2740 3392 2790 ἐν
3441 2734 3530 2801 οἷς
3560 2742 3657 2793 καὶ

2048 2838 2469 2909 ὲλλιμενίζονται
2495 2875 2509 2900 ,
2572 2836 2665 2889 καὶ
2723 2834 2833 2888 τῶν
2895 2831 3147 2904 ταραχῶν
3222 2830 3651 2885 ἀποπαύονται·

2050 2929 2191 2984 οὕτω
2216 2928 2310 2981 καὶ
2331 2929 2381 2980 οἱ
2406 2930 2462 2980 ὲν
2488 2926 2566 2996 τῷ
2592 2926 2689 2996 βίῳ
2730 2923 3175 2993 κλυδωνιζόμενοι
3216 2921 3315 2993 ἤδη
3356 2922 3478 2984 τοῖς
3528 2921 3653 2974 κόλο

2055 3037 2176 3084 ποις
2199 3020 2429 3082 ἐκείνοις
2453 3017 2913 3087 ὲλλιμενίζονται,
2958 3013 3074 3067 ἀλλ’
3118 3014 3236 3066 ὅσοι
3284 3012 3385 3082 τὴν
3434 3012 3655 3065 ἑαυτῶν

2050 3113 2227 3184 ψυχὴν
2266 3112 2542 3184 ἀνωτέραν
2566 3108 2661 3162 τοῦ
2706 3108 2954 3161 κινδύνου
2982 3102 3386 3175 διεφυλάξαντο.
3412 3105 3480 3155 Ei
3506 3104 3567 3156 δέ
3591 3120 3651 3171 γε

2051 3211 2178 3273 τοὺς
2203 3209 2434 3274 κόλπους
2456 3209 2551 3263 καὶ
2577 3207 2684 3263 ἀπὸ
2719 3203 2826 3259 τῶν
2855 3207 2912 3257 ὲν
2941 3205 3071 3274 ἡμῖν
3100 3200 3330 3271 ἱματίων
3361 3197 3654 3269 ἐκλαμϐά-

2051 3303 2238 3357 νεσθαι
2282 3302 2565 3372 εἴποιμεν,
2614 3298 2753 3354 κατά
2796 3298 2897 3350 τό·
2949 3297 3065 3348 Ἵνα
3113 3295 3261 3364 ἡμᾶς
3307 3290 3499 3362 θάλψῃ
3556 3290 3651 3342 τοῦ

2066 3394 2313 3466 Ἀϐραὰμ
2344 3396 2372 3448 ό
2396 3394 2592 3457 κόλπος
2617 3409 2629 3422 °
2664 3388 2956 3462 ὲξηγηθείη
2983 3387 3076 3440 καὶ
3111 3384 3266 3437 τοῦτο
3294 3383 3649 3453 προσφόρως,

2053 3486 2142 3541 διὰ
2164 3486 2224 3539 τὸ
2259 3484 2491 3557 πρώτως
2535 3485 2613 3547 είς
2636 3479 2967 3551 θεογνωσίαν
2996 3476 3229 3548 ἀχθῆναι
3252 3475 3344 3527 τὸν
3363 3474 3648 3543 Ἀϐραὰμ,

2052 3580 2148 3634 καὶ
2172 3577 2519 3646 οίκειωθῆναι
2551 3574 2670 3647 Θεῷ
2693 3592 2705 3604 ο
2738 3573 2772 3644 ἢ
2792 3571 2880 3625 διὰ
2907 3571 2967 3623 τὸ
2990 3570 3206 3640 πατέρα
3226 3565 3444 3619 πολλῶν
3471 3566 3646 3618 ἐθνῶν

2053 3669 2314 3740 κληθῆναι
2336 3708 2351 3735 ,
2378 3666 2487 3722 τῶν
2514 3664 2655 3719 κατά
2681 3662 2915 3735 Χριστὸν
2958 3659 3157 3731 δηλαδή
3182 3675 3195 3689 ·
3226 3656 3259 3727 ἢ
3285 3655 3378 3709 διὰ
3403 3656 3511 3727 τὴν
3551 3655 3646 3708 τοῦ

2054 3760 2392 3832 πατριάρχου
2424 3756 2750 3828 φιλοξενίαν,
2774 3756 2957 3808 ὲκεῖνα
2980 3752 3307 3821 ποιήσαντος
3336 3751 3394 3802 ὲν
3416 3749 3502 3820 τῷ
3528 3749 3645 3817 βίῳ,

2052 3853 2113 3905 ὲν
2134 3853 2280 3915 ὅσοις
2306 3850 2371 3905 ἂν
2396 3852 2425 3904 ό
2446 3849 2654 3920 κόσμου
2682 3844 2884 3908 παντὸς
2918 3843 3149 3914 ποιητὴς
3173 3842 3269 3895 καὶ
3291 3840 3494 3913 κριτὴς
3520 3841 3647 3901 τοὺς

2053 3945 2292 4009 δικαίους
2312 3944 2414 4014 τῆς
2443 3942 2721 4014 βασιλείας
2746 3937 3085 4010 καταξιώσῃ.

2126 4118 2154 4191 §
2185 4118 2270 4172 Vl.
2298 4117 2437 4171 Ἀλλ’
2466 4115 2597 4181 ἴσως
2636 4114 2811 4169 ταῦτα
2859 4114 2957 4185 μὲν
3002 4112 3305 4176 ἀποδείξειο
3340 4112 3642 4183 ἀπορήσεις

2054 4210 2112 4264 δὲ
2144 4210 2389 4280 περὶτῆς
2414 4208 2705 4279 γινομένης
2731 4206 2895 4277 εὐχῆς
2939 4204 3088 4277 παρά
3131 4203 3226 4257 τοῦ
3267 4202 3529 4275 ίεράρχου
3551 4202 3642 4253 ἐπὶ

2056 4305 2167 4366 τοῖς
2190 4303 2247 4354 ὲν
2273 4300 2566 4372 ἁμαρτίαις
2593 4298 3015 4369 κεκοιμημένοις
3034 4314 3046 4326 ·
3074 4297 3179 4359 ὅτι,
3205 4294 3324 4357 πῶς
3346 4294 3411 4347 τὸ
3433 4294 3639 4346 δίκαιον

1987 4415 2033 4475 υ
2061 4396 2460 4469 φυλαχθήσεται
2487 4394 2581 4447 τοῦ
2606 4392 2896 4455 Δεσπότου,
2932 4391 3087 4462 εἰπερ
3109 4388 3380 4451 ὲπακουὸς
3412 4388 3640 4458 γενόμε-

2055 4508 2143 4552 νος
2167 4489 2274 4541 τῶν
2301 4486 2474 4557 εὐχῶν
2495 4525 2509 4549 ,
2544 4483 2707 4537 σώσει
2743 4483 2834 4536 τὸν
2869 4482 2927 4535 ὲν
2952 4480 3247 4552 ἁμαρτίαις
3278 4478 3635 4531 ἀποθανόντα.

2067 4578 2207 4648 Ἐγὼ
2242 4578 2299 4631 δὲ
2318 4618 2332 4642 ,
2363 4578 2445 4630 ὅτι
2486 4576 2585 4648 μὲν
2612 4574 2825 4628 δικαίαν
2852 4572 2989 4644 πρὸς
3015 4569 3114 4634 τὰς
3159 4570 3394 4642 πράξεις
3422 4568 3638 4639 (ταύτην

2054 4669 2161 4740 γὰρ
2180 4668 2468 4739 ἀμοιὸαίαν
2486 4667 2635 4733 λέγει
2658 4666 2674 4735 )
2709 4664 2820 4730 ἕξει
2845 4664 2945 4734 τὴν
2974 4661 3186 4731 ἀποκλή
3196 4676 3364 4731 ρωσιν
3386 4661 3634 4720 ἕκαστος.

2054 4760 2113 4817 εὖ
2139 4759 2253 4815 οἴδα
2272 4802 2286 4826 ,
2328 4757 2635 4814 ἀκολουθῶν
2658 4758 2781 4820 ταῖς
2816 4756 3093 4827 Γραφαῖςθ
3120 4754 3215 4806 καὶ
3241 4752 3523 4823 παρευθὺς
3563 4752 3638 4804 τί-

2054 4855 2178 4926 θησι
2222 4854 2316 4907 καὶ
2353 4849 2629 4924 γραφικάς
2675 4848 2997 4919 μαρτυρίας.
3032 4846 3152 4899 Ὅτι
3192 4844 3248 4896 δὲ
3296 4844 3497 4914 μόνους
3521 4843 3635 4905 τοὺς

2054 4948 2240 5013 ἀξίους
2266 4947 2377 4999 τῶν
2402 4943 2703 5015 οἰκτιρμῶν
2729 4940 2823 4993 τοῦ
2848 4938 2983 4992 Θεοῦ
3009 4934 3310 5007 ὠφελοῦσιν
3334 4938 3392 4987 αί
3424 4935 3533 4988 τῶν
3567 4933 3637 4985 δια-

2053 5042 2224 5094 καίων
2250 5039 2549 5111 προσευχαὶ
2572 5078 2586 5101 ,
2616 5036 2725 5089 εἴτε
2756 5034 2966 5098 ζῶντας
2992 5072 3007 5095 ,
3034 5031 3144 5085 εἴτε
3168 5030 3264 5083 καὶ
3284 5028 3635 5098 τελευτήσαν-

2051 5151 2171 5198 τας,
2197 5133 2257 5187 οὐ
2284 5133 2389 5203 μὴν
2412 5133 2538 5194 τοὺς
2561 5125 3044 5197 ἀξιοκατακρίτους
3074 5124 3130 5176 αί
3168 5121 3444 5193 γραφικαὶ
3465 5134 3635 5189 παρα-

2053 5227 2225 5290 δόσεις
2256 5225 2586 5279 διδάσκουσι.
2605 5220 2670 5273 Τί
2699 5219 2808 5290 γὰρ
2843 5218 2994 5289 παρὰ
3018 5216 3113 5270 τοῦ
3142 5213 3397 5285 Σαμουὴλ
3420 5214 3450 5265 ὁ
3474 5209 3637 5264 Σαοὺλ

2052 5316 2309 5389 ὠφελήθη
2333 5333 2347 5380 ;
2372 5316 2437 5369 Τί
2463 5315 2520 5368 δὲ
2545 5314 2671 5376 τοὺς
2688 5310 2971 5372 Ἰουδαίους
2996 5311 3029 5380 ἡ
3050 5305 3143 5361 τοῦ
3172 5303 3440 5377 Ἱερεμίου
3464 5303 3637 5372 ὢνησε

2056 5410 2329 5481 προσευχὴ
2351 5424 2364 5471 ;
2412 5407 2547 5477 πρὸς
2572 5405 2631 5458 ὃν
2655 5400 2808 5457 εἶπεν
2836 5405 2864 5457 ό
2900 5401 3106 5474 Κύριος
3130 5416 3144 5430 ·
3167 5398 3263 5465 Μὴ
3289 5396 3639 5464 προσεύχου

2054 5502 2187 5570 περὶ
2220 5500 2324 5553 τοῦ
2346 5498 2499 5553 λαοῦ
2526 5498 2763 5551 τούτου.
2794 5496 3005 5565 Ὥσπερ
3028 5492 3158 5564 γὰρ,
3186 5489 3278 5543 τοῦ
3315 5489 3470 5559 ἡλίου
3505 5486 3634 5554 λὰμο

2056 5608 2245 5654 πόντος
2267 5630 2280 5653 ,
2306 5586 2645 5657 ἐξαφανίζων
2672 5605 2755 5651 τις
2789 5585 2889 5650 τὰς
2910 5585 3117 5648 οἰκείας
3147 5584 3298 5653 δψεις
3318 5622 3333 5643 ,
3376 5582 3525 5634 αίτεῖ
3549 5596 3635 5648 με-

2056 5685 2276 5754 τασχεῖν
2308 5680 2480 5751 φωτός
2502 5698 2513 5711 ’
2556 5679 2698 5734 οὕτω
2744 5680 2836 5734 καὶ⁹
2867 5677 3002 5750 πρὸς
3032 5676 3322 5738 ἀδυνάτους
3360 5673 3642 5741 κρέματασ
