3730 6296
88 362 178 418 571

617 359 704 414 DE
741 344 1021 417 ECCLES.
1066 358 1464 424 HIERARCH.,
1502 360 1654 415 CAP.
1696 361 1807 416 VII.
1842 393 1909 402 —
1936 360 2282 417 PARAPHR.
2320 360 2797 421 PACHYMERXE.

3226 369 3331 426 573

88 476 299 540 ἐλπίδας
332 478 364 531 ὁ
386 478 488 541 τὰς
511 477 614 530 τῶν
641 478 808 546 ἁγίων
839 479 935 549 μὲν
962 480 1188 545 ἐξαιτῶν
1227 479 1550 551 προσευχὰς,

1855 479 1961 533 ntis
1985 478 2174 532 oculos
2205 489 2425 548 apertos
2458 482 2644 542 habet.
2673 489 2727 534 et
2763 480 2915 547 juxta
2962 480 3328 546 Psalmistam.

89 569 325 639 κατέχων
367 567 427 620 δὲ
465 567 563 632 τὰς
588 569 679 622 τοῦ
709 569 843 622 Θεοῦ
887 570 1138 633 ἐντολὰς,
1188 571 1321 641 μηδὲ
1367 571 1503 642 ἔχων
1547 568 1656 625 οἷον

86 660 638 731 ἀποκεκαλυμμένους
691 662 819 724 τοὺς
883 664 1104 731 νοητοὺς
1161 665 1507 736 ὀφθαλμοὺς,
1566 667 1657 719 καὶ

89 752 436 814 ἐκλείποντας
482 752 601 824 ήδη,
644 751 786 806 κατὰ
810 754 900 806 τὸν
936 755 1257 826 Ψαλμῳδὸν,
1285 760 1365 821 είς
1387 760 1447 811 τὸ
1486 760 1657 831 σωτήο

90 861 193 916 ριον
223 843 319 896 τοῦ
357 843 517 897 Θεοῦ.
545 845 633 916 Μὴ
660 845 887 918 νομίσῃς
913 846 992 910 δὲ,
1036 847 1116 901 ὄτι
1142 850 1170 901 ὁ
1192 848 1341 919 ἥλιος
1364 850 1435 904 τὰ
1459 852 1653 906 ἑαυτοῦ

88 938 229 1004 φῶτα
258 935 538 1005 δωρεῖται,
580 933 718 1006 (πῶς
743 935 851 1008 γὰρ
878 936 964 999 ἂν,
993 937 1195 1010 ἄψυχος
1217 938 1311 1004 ῶν,
1353 942 1654 1013 δωρήσεται

86 1026 279 1097 δωρεάν
300 1028 350 1097 ;)
372 1026 511 1079 ἀλλά
534 1026 674 1080 κατά
702 1027 987 1098 ἠθοποιίαν
1011 1032 1175 1084 οἱονεί
1196 1049 1317 1085 τινα
1341 1033 1401 1086 τὸ
1431 1035 1653 1106 προκεί-

89 1134 236 1186 μενον
274 1116 446 1186 λέγει.
476 1118 687 1189 Ὥσπερ
724 1118 833 1189 γὰρ
866 1119 920 1174 εί
951 1137 1035 1197 τις
1078 1121 1328 1175 ὑπόθοιτο
1370 1122 1461 1177 τὸν
1503 1125 1652 1195 ἣλιον

85 1208 333 1277 λέγοντα·
387 1208 529 1278 Ἐγὼ
567 1213 678 1274 τοῖς
741 1212 1075 1283 ἐρρωμένοις
1122 1213 1417 1286 ὀφθαλμοῖς
1459 1216 1651 1288 δίδωμι

86 1300 189 1368 φῶς
209 1317 221 1330 ·
254 1296 375 1354 εἶτα
407 1301 650 1354 ἀσθενῶν
686 1319 773 1366 τις
796 1302 865 1356 τὰ
894 1303 1118 1375 ὄμματα
1153 1304 1296 1358 εἴποι
1319 1322 1333 1336 ·
1361 1307 1461 1370 Δὸς
1483 1308 1651 1378 κάμοὶ

82 1393 172 1462 τὴν
214 1392 442 1455 ἀκτῖνα,
493 1392 740 1465 ἔρρωμαι
790 1394 935 1466 γάρ’
987 1394 1130 1464 λέγω
1172 1397 1251 1450 ὅτι
1295 1398 1355 1450 ού
1397 1398 1652 1452 τοσοῦτον

84 1482 487 1555 ὠφεληθήσεται
514 1480 665 1550 οὗτος
686 1525 700 1549 ,
726 1487 849 1540 ὅσον
889 1487 984 1542 καὶ
1008 1488 1036 1541 ὂ
1062 1486 1207 1561 ἐώρα
1240 1488 1495 1543 ἀπολέσει
1517 1508 1529 1520 ·
1559 1490 1651 1544 τὸν

85 1577 231 1629 αὐτὸν
268 1577 473 1648 τρόπον
519 1578 613 1630 καὶ
640 1580 669 1631 ὁ
702 1578 1149 1653 ἀξιοκατάκριτος
1185 1582 1506 1653 ἁμαρτωλὸς
1551 1581 1650 1646 τὰς

81 1664 179 1718 τῶν
216 1665 446 1719 δικαίων
472 1666 637 1737 εὑχάς
666 1668 931 1740 ἐκζητῶν,
966 1671 1217 1741 κάκεῖνος
1250 1671 1493 1741 μηδόλως
1528 1673 1649 1724 ἐπι-

83 1758 463 1829 στρεφόμενος.
490 1759 602 1812 Καὶ
628 1758 785 1813 τοῦτὸ
823 1762 939 1815 ἐστι
974 1762 1035 1816 τὸ
1064 1765 1215 1835 ποιρά
1245 1767 1310 1835 τῇ
1340 1764 1530 1835 Γραφῇ
1570 1763 1651 1817 λε-

1762 570 2083 624 deﬁcientes
2130 568 2181 622 in
2231 570 2470 624 salutare
2502 570 2672 623 Deik.‘
2713 569 2790 624 Ne
2817 572 3103 626 existimes
3151 583 3330 629 autem

1768 662 1936 717 solem
1966 664 2099 719 dare
2128 663 2333 717 lumina
2368 680 2462 718 sua
2488 666 2780 732 (quomodo
2804 666 2948 719 enim
2971 708 2985 732 ,
3007 682 3127 719 cum
3156 669 3333 722 inani-

1762 754 1864 809 mis
1894 755 1986 819 sit,
2012 756 2182 823 possit
2216 755 2346 808 dare
2381 756 2669 819 munus?),
2695 759 2790 810 sed
2819 756 2980 809 veluti
3002 772 3099 824 per
3118 771 3329 811 morum

1758 845 2047 914 quamdam
2087 846 2364 901 ﬁctionem
2417 846 2487 900 id'
2524 848 2678 902 dicit.
2729 847 2880 901 Sicut
2920 849 3066 901 enim
3117 850 3161 902 si
3209 851 3336 917 quis

1761 946 2032 1005 supponat
2055 936 2227 992 solem
2253 938 2473 992 dicere:
2506 938 2617 1008 Ego
2630 940 3123 995 valentibusoculis
3150 940 3331 992 lumen

1756 1025 1930 1093 dono;
1981 1037 2167 1095 postea
2217 1027 2419 1097 aliquis
2453 1028 2710 1083 laborans
2755 1029 2933 1083 oculis
2979 1030 3220 1083 dixerit:
3253 1028 3330 1082 Da

1754 1116 1918 1170 etiam
1951 1115 2083 1170 mihi
2120 1117 2359 1183 radium,
2403 1117 2557 1172 valeo
2605 1120 2776 1183 enim,
2806 1119 2928 1173 dico
2961 1120 3011 1174 id
3063 1119 3189 1173 huic
3218 1136 3329 1173 non

1758 1215 1964 1263 tantum
1996 1224 2100 1264 non
2122 1208 2487 1278 profuturum,
2512 1211 2643 1279 quin
2674 1211 2839 1265 etiam
2865 1212 2915 1265 id
2947 1212 3088 1281 quod
3111 1212 3331 1267 videbat

1754 1300 2010 1354 amittet:
2049 1302 2236 1356 eodem
2284 1303 2448 1355 etiam
2484 1302 2643 1355 modo
2704 1304 2796 1372 qui
2848 1302 3097 1357 damnari
3134 1303 3331 1358 meruit

1754 1403 2015 1460 peccator
2040 1393 2271 1449 alfectus
2297 1403 2383 1448 est
2401 1438 2415 1459 ,
2458 1410 2580 1450 cum
2604 1394 2874 1463 justorum
2908 1412 3099 1466 preces
3125 1396 3329 1462 eﬂlagi-

1756 1493 1870 1549 tat,
1919 1496 1974 1540 et
2020 1486 2136 1556 ipse
2185 1502 2245 1541 se
2283 1502 2388 1540 non
2422 1487 2720 1541 convertit.
2767 1486 2831 1540 Et
2870 1488 2971 1542 hoc
3016 1497 3099 1540 est
3131 1489 3270 1555 quod
3298 1506 3325 1542 a

1754 1576 2037 1645 Scriptura
2088 1578 2289 1633 dicitur
2314 1595 2328 1631 :
2358 1577 2584 1631 Multum
2634 1577 2767 1631 valet
2799 1580 3099 1647 deprecatio
3135 1580 3274 1649 justi
3306 1578 3324 1619 ι

1752 1685 1782 1723 a
1816 1670 2021 1739 Spiritu
2054 1670 2258 1740 agitata
2297 1669 2446 1741 (29);
2485 1672 2549 1725 de
2592 1670 2746 1739 justo
2781 1672 2927 1724 enim
2968 1672 3071 1726 hoc
3106 1672 3324 1726 dicitur.

1755 1763 1831 1817 De
1876 1763 1967 1817 illo
2002 1773 2211 1825 autem,
2264 1778 2362 1831 pro
2408 1778 2519 1832 quo
2565 1765 2623 1816 lit
2651 1763 2996 1832 deprecatio,
3032 1763 3330 1835 Scripturis

80 1852 294 1920 γόμενον
313 1867 328 1882 ⁶
360 1850 530 1921 Μέγα
564 1852 761 1921 ἰσχύει
790 1853 944 1921 εὐχὴ
971 1853 1203 1909 δικαίου
1250 1856 1553 1928 ἐνεργουμὲε

1851 1868 1967 1924 ique
2015 1868 2252 1908 consone
2296 1855 2453 1920 dico,
2509 1854 2769 1924 perutiles
2832 1869 2957 1909 esse
3010 1867 3324 1910 sanctorum

81 1944 197 2015 παρ’
236 1945 452 1998 ἐκείνου
497 1945 605 2017 γὰρ
642 1943 881 2015 λέγεται.
926 1947 1087 2020 Παρά
1127 1948 1184 2001 δὲ
1231 1948 1325 2001 τοῦ
1357 1948 1497 2020 ὑπὲρ
1525 1945 1643 2022 οῦὴ

78 2036 301 2101 ἔντευξις
331 2037 658 2109 ἐνεργεῖται,
682 2038 823 2109 λέγω
853 2039 982 2110 γοῦν
1006 2040 1149 2094 κατά
1173 2040 1271 2105 τὰς
1299 2041 1540 2114 Γραφάς,
1570 2041 1646 2105 ὡς

78 2128 327 2201 ὠφέλιμοι
384 2133 524 2184 εἰσιν
565 2132 620 2184 αἱ
646 2133 754 2185 τῶν
787 2131 1011 2187 δικαίων
1038 2134 1191 2204 εὐχαὶ
1215 2133 1355 2187 κατά
1382 2134 1531 2188 τόνδε
1555 2133 1645 2187 τὸν

79 2221 280 2289 τρόπον,
316 2219 373 2273 εἴ
399 2238 487 2285 τις
506 2261 520 2286 ,
557 2222 665 2277 τῶν
694 2224 757 2276 ἐκ
789 2222 925 2276 Θεοῦ
948 2223 1168 2295 δωρεῶν
1191 2224 1472 2295 ἐφιέμενος
1491 2263 1505 2287 ,
1552 2225 1646 2277 καὶ

80 2312 201 2381 ἔχων
229 2312 473 2367 διάθεσιν
516 2314 727 2387 ἀγαθὴν
766 2315 903 2388 πρὸς
930 2314 1119 2381 αὐτὰς,
1159 2318 1277 2389 (τὴν
1301 2316 1408 2389 γὰρ
1435 2315 1527 2371 τοῦ
1569 2320 1645 2371 ol-

81 2405 213 2457 κείου
262 2405 378 2475 βίου
430 2403 567 2477 πρὸς
612 2406 815 2478 ἀρετὴν
864 2406 1102 2461 διάθεσιν
1144 2408 1257 2472 ἕξιν
1296 2407 1469 2472 εἶπεν,
1523 2410 1644 2479 ἥτις

82 2497 280 2561 πάντως
322 2497 535 2566 γίνεται
564 2500 628 2551 ὲκ
664 2498 763 2569 τῆς
798 2499 1003 2562 οἰκείας
1039 2500 1487 2570 ἐπιγνωμοσύνης
1516 2502 1644 2554 ἐκά-

80 2606 189 2642 στον
209 2588 246 2657 ·)
268 2589 441 2642 ἐλθὼν
468 2589 562 2642 ἐπί
583 2606 705 2643 τινα
726 2589 833 2644 τῶν
858 2589 1100 2654 δικαίων,
1126 2591 1373 2656 ἀξιώσειε
1393 2592 1641 2661 γενέσθαι

78 2680 138 2734 τὰ
176 2682 308 2753 πρὸς
345 2680 440 2735 τὸν
474 2680 607 2735 Θεὸν
642 2681 1147 2755 συμπαρακλήτορά
1186 2684 1235 2737 oi
1282 2684 1374 2737 καὶ
1432 2683 1633 2755 ἐαυτῷ,

78 2772 480 2845 ὠφεληθήσεται
522 2774 740 2839 πάντως
772 2776 837 2829 ἐκ
863 2773 1051 2829 τούτου
1076 2775 1175 2847 τὴν
1207 2775 1466 2847 μεγίστην
1495 2776 1641 2846 ὠφὲ-

77 2861 239 2915 λειαν·
267 2864 703 2936 ἀποδεχθήσεται
728 2866 837 2937 γὰρ
863 2866 1014 2938 παρά
1038 2865 1172 2919 Θεοῦ
1206 2867 1369 2920 ἕνεκα
1409 2867 1509 2936 τῆς
1548 2867 1641 2920 εὑ-

76 2956 253 3020 λαΰοῦς
269 2957 437 3011 αὐτοῦ
464 2959 935 3030 ἐπιγνωμοσύνης,
960 2958 1054 3013 καὶ
1072 2960 1171 3030 τῆς
1198 2959 1289 3012 ἐπὶ
1315 2960 1442 3023 τοὺς
1462 2960 1642 3023 ὁσίους

77 3045 266 3110 αἰδοῦς,
299 3047 382 3101 ἔτι
430 3047 487 3102 δέ
534 3050 628 3102 καὶ
652 3049 750 3119 τῆς
770 3049 1011 3119 ἐφέσεως
1053 3050 1146 3102 καὶ
1174 3049 1397 3121 μετρίας
1438 3049 1635 3114 ἕξεως·

76 3136 215 3190 τοῦτο
241 3138 351 3209 γάρ
388 3139 507 3193 ἐστι
537 3139 598 3191 τὸ
622 3139 977 3210 κατάλληλον,
1004 3140 1084 3195 δτι
1118 3140 1185 3194 τὰ
1206 3140 1346 3194 καλά
1368 3141 1638 3212 ζὴγάπησε

77 3228 158 3280 καὶ
180 3228 463 3298 ἐζήτησεν.
493 3228 649 3281 Ἔστι
674 3228 781 3301 γὰρ
809 3229 1077 3284 καὶτοῦτο
1100 3234 1211 3296 τοῖς
1239 3232 1403 3295 θείοις
1429 3248 1642 3301 νενομο-

77 3317 352 3390 θετημένον
380 3320 637 3391 κρίμασι,
663 3321 725 3374 τὸ
747 3322 1033 3395 δωρεῖσθαι
1059 3326 1172 3389 τοῖς
1199 3324 1371 3392 ἀξίοις
1414 3326 1508 3378 τοῦ
1542 3343 1641 3396 με-

75 3414 273 3481 τασχεῖν
310 3412 403 3465 διὰ
428 3412 540 3467 τῶν
587 3412 752 3480 ἀξίων
780 3414 874 3467 τοῦ
921 3416 1259 3487 μεταδοῦναι.
1306 3417 1390 3480 Ὠς
1417 3417 1524 3489 γάρ
1550 3417 1641 3471 τὸν

78 3495 320 3568 ζητοῦντα
354 3500 661 3572 φιλοκρινεῖ
682 3542 695 3567 ,
727 3503 885 3577 εἰπερ
916 3505 1033 3558 ἐστί
1057 3507 1155 3577 τῆς
1205 3506 1411 3577 δωρεᾶς
1452 3506 1601 3574 ἄξιος
1623 3549 1637 3572 ,

75 3590 198 3643 οὕτω
239 3593 456 3647 καὶτὸν
507 3594 803 3665 εὐχόμενον
828 3597 1141 3668 ἐρευνήσει,
1192 3597 1352 3669 εἴπερ
1382 3600 1499 3653 ἐστὶ
1546 3601 1640 3654 καὶ

76 3680 217 3745 αὐτὸς
243 3682 394 3750 ἄξιος
423 3684 872 3757 ύπηρετήσασθαι
894 3688 1029 3759 πρὸς
1059 3690 1265 3742 ἐκεῖνον
1287 3689 1512 3761 τοιούτῳ
1538 3690 1641 3744 δω-

80 3774 274 3845 ρήματι.
292 3778 410 3848 Οὐχ
433 3777 624 3842 ἁπλῶς
652 3775 744 3832 οὖν
772 3779 832 3833 τὸ
851 3781 987 3851 πρὸς
1010 3781 1160 3835 θείαν
1181 3782 1395 3854 ὁμιλίαν
1419 3786 1635 3854 χωρεῖν,

77 3869 156 3921 καὶ
193 3869 465 3923 αἰτεῖσθαι
496 3869 649 3942 παρά
680 3871 815 3924 Θεοῦ
857 3872 927 3925 τά
958 3873 1239 3942 κρείττονα
1271 3874 1534 3928 κωλύσειέ
1555 3892 1640 3938 τις

77 3960 354 4031 εὐφρονῶν,
384 3960 547 4025 εἰδὼς
576 3962 666 4014 τὸν
694 3962 862 4033 μέγαν
878 3963 1197 4019 Ἀπόστολσν
1222 3967 1631 4038 προστάσσοντα

78 4050 419 4116 ἀδιαλείπτως
446 4051 845 4124 προσεύχεσθαι
866 4071 879 4084 ⁸
913 4054 1053 4108 ἀλλά
1067 4056 1128 4108 τὸ
1157 4058 1333 4127 οἰήσει
1360 4056 1482 4109 τινὰ
1512 4074 1643 4128 κρα-

75 4143 310 4213 τούμενον
339 4147 707 4215 ὑπερφρονεῖν
736 4146 843 4200 τῶν
869 4148 1040 4215 ἁγίων
1059 4187 1073 4210 ,
1116 4148 1209 4200 καὶ
1240 4147 1390 4219 παρά
1422 4147 1639 4217 φαύλων

74 4236 293 4292 τίθεσθαι
318 4237 422 4302 τάς
449 4236 655 4292 τούτων
676 4238 858 4310 εὐχὰς,
886 4234 1046 4293 τοῦτο
1072 4241 1165 4293 καὶ
1192 4240 1310 4294 λίαν
1335 4241 1447 4305 τοῖς
1474 4240 1640 4307 θείοις

75 4330 256 4401 ἀπᾷδον
280 4332 376 4385 καὶ
404 4330 804 4401 κεκωλυμένον.
836 4334 963 4385 Ὅτε
986 4333 1042 4385 δὲ
1074 4334 1168 4386 καὶ
1193 4332 1370 4404 οἴησις
1403 4335 1475 4405 μὴ
1502 4334 1636 4399 ἔστι,

74 4423 191 4487 τέως
231 4425 509 4497 χρῄζομεν
536 4426 644 4479 τῶν
675 4426 946 4480 κοινωνῶν
975 4426 1074 4498 τῆς
1105 4426 1268 4499 εὐχῆς
1288 4446 1302 4458 ·
1336 4428 1396 4482 τὸ
1425 4429 1523 4500 μὲν
1552 4430 1639 4481 ἵνα

1747 1960 1966 2014 preces,
2002 1944 2297 1998 dummodo
2328 1944 2453 2013 quis
2478 1959 2760 1999 sacrorum
2793 1960 3080 1999 munerum
3115 1947 3329 2001 deside-

1747 2038 1827 2092 rio
1845 2037 2011 2107 278
2028 2050 2315 2097 accensus.
2339 2046 2391 2088 et
2423 2038 2489 2089 ad
2510 2038 2699 2091 eadem
2729 2040 2815 2106 pie
2839 2039 2910 2091 sit
2934 2030 3162 2092 a'll‘ectus
3179 2038 3328 2107 (pro-

1746 2131 1881 2202 pria:
1901 2131 2044 2184 enim
2072 2129 2196 2183 vita:
2213 2130 2279 2181 ad
2301 2129 2557 2183 virtutem
2579 2127 2922 2183 alfcctionem
2939 2131 3149 2183 vocavit
3171 2130 3327 2184 habi-

1746 2224 2008 2288 tudinem,
2026 2238 2146 2291 qute
2160 2238 2226 2276 ex
2250 2220 2539 2289 cujuslibet
2559 2222 2887 2275 conscientia
2905 2222 3144 2288 exsistit)
3160 2224 3223 2276 ad
3242 2226 3326 2276 vi-

1747 2331 1868 2370 rum
1898 2316 2363 2384 aliquemjustum
2395 2313 2662 2368 accedens
2684 2324 2851 2383 petat,
2872 2325 2929 2367 ut
2950 2316 3114 2368 Deum
3139 2331 3236 2383 pro
3267 2332 3326 2370 se

1755 2419 1935 2477 roget,
1978 2407 2192 2475 sibique
2216 2406 2491 2468 conciliet,
2512 2422 2617 2474 qua
2649 2408 2862 2460 ratione
2880 2421 3010 2459 sane
3031 2409 3323 2459 maximum

1743 2512 1810 2551 ex
1836 2513 1900 2551 eo
1926 2497 2124 2551 referet
2153 2496 2582 2549 emolumentum
2613 2512 2626 2547 :
2650 2495 2755 2548 vmi
2786 2495 2930 2547 enim
2961 2508 3182 2562 compos
3208 2494 3322 2560 liet,

1744 2606 1869 2645 cum
1902 2599 2123 2660 propter
2152 2589 2546 2644 conscientiam
2573 2587 2879 2656 religiosam
2899 2626 2914 2650 ,
2963 2594 3075 2639 tmn
3105 2594 3327 2655 propter

1744 2693 2057 2737 sanctorum
2084 2681 2472 2745 reverentiam,
2501 2691 2611 2733 tum
2642 2689 2864 2749 propter
2894 2681 2995 2747 piae
3043 2680 3324 2748 petitionis

1744 2775 2022 2839 aﬂ‘ectum;
2052 2776 2156 2835 hoc
2182 2774 2329 2827 enim
2357 2773 2429 2825 ita
2457 2773 2736 2834 convenit,
2756 2771 3013 2840 quoniam
3049 2771 3312 2830 l)0na\ad-

1744 2868 1967 2934 amavit,
1992 2877 2046 2921 et
2063 2864 2327 2935 quazsivit.
2355 2864 2569 2919 Etenim
2596 2863 2794 2917 divinis
2818 2863 2867 2914 id
2892 2861 3124 2914 decretis
3148 2861 3321 2915 stabi-

1744 2961 1897 3015 litum
1933 2970 2037 3024 est,
2063 2968 2121 3013 ut
2148 2974 2335 3014 eorum
2363 2957 2777 3027 participatione
2807 2956 3009 3024 dignis,
3048 2956 3322 3009 donentur

1743 3068 1839 3121 per
1861 3068 1953 3107 eos
1971 3053 2062 3121 qui
2083 3051 2229 3118 digni
2256 3058 2380 3104 sunt
2399 3048 2584 3101 eadem
2602 3045 3323 3111 distribuere.Quemadmo-

1745 3144 1870 3195 dum
1890 3142 2030 3196 enitn
2052 3139 2413 3211 postulantem
2430 3137 2843 3204 dijudicat,num
2858 3141 3000 3190 dono
3017 3136 3209 3205 dignus
3225 3134 3318 3200 sit,

1743 3235 1823 3289 sic
1848 3236 2012 3289 etiam
2037 3243 2350 3303 precantem
2368 3231 2725 3297 scrutabitur,
2744 3247 2869 3283 num
2897 3240 2952 3285 et
2984 3231 3097 3299 ipse
3122 3229 3320 3299 dignus

1744 3327 1814 3382 sit
1858 3328 1963 3381 tale
1995 3301 2072 3380 illi
2108 3301 2306 3380 ῐηυήυε
2340 3325 2658 3394 impetrare.
2716 3322 2832 3376 Non
2885 3333 3091 3378 temere
3132 3325 3317 3393 itaque

1743 3422 1836 3491 qui
1879 3421 2029 3489 cupit
2075 3420 2139 3474 ad
2187 3419 2430 3474 divinum
2473 3419 2811 3473 consortium
2860 3420 3140 3481 accedere,
3186 3424 3241 3471 et
3286 3432 3317 3471 a

1744 3515 1857 3570 Deo
1894 3515 2100 3584 optima
2146 3526 2377 3584 qumque
2421 3512 2698 3581 postulare
2746 3512 3148 3591 prohibebitur,
3193 3527 3317 3567 cum

1743 3609 1883 3664 sciat
1926 3622 2182 3677 magnum
2211 3605 2530 3676 Apostolum
2564 3603 2861 3673 praecipere
2893 3615 2951 3657 ut
2982 3604 3320 3659 incessanter

1741 3713 1999 3763 oremus;
2050 3697 2146 3751 sed
2192 3695 2490 3750 absurdum
2522 3695 2680 3749 simul
2710 3702 2764 3747 et
2796 3692 3043 3747 illicitum
3075 3708 3229 3761 esse,
3271 3693 3320 3747 si

1749 3790 1899 3860 quis,
1926 3788 2182 3858 opinione
2212 3801 2307 3840 sua
2342 3787 2619 3850 seductus,
2656 3799 2817 3852 supra
2864 3795 3084 3840 sanctos
3129 3798 3320 3853 sapere

1742 3882 1895 3947 velit,
1929 3889 1981 3935 et
2010 3895 2111 3949 pro
2143 3880 2310 3932 rebus
2363 3877 2521 3931 malis
2560 3889 2748 3944 preces
2790 3873 3041 3929 fundere.
3092 3874 3320 3941 Quando

1742 3980 1925 4025 autem
1956 3969 2100 4022 nulla
2125 3970 2277 4022 adest
2309 3967 2493 4029 elatio,
2519 3977 2650 4019 tunc
2683 3981 2787 4019 non
2828 3965 3132 4033 refugimus
3160 3982 3319 4020 cotu-

1742 4077 1934 4117 tnunes
1963 4074 2187 4131 preces;
2233 4070 2344 4112 tum
2379 4067 2437 4111 ut
2461 4058 2740 4110 discamus
2765 4070 2886 4125 quae
2913 4065 3096 4123 petere
3118 4057 3320 4112 debea-

1742 4170 1884 4218 mus,
1909 4163 2020 4206 tum
2057 4167 2188 4206 vero
2217 4151 2381 4204 etiam
2414 4152 2687 4220 quomodo
2718 4167 2909 4221 preces
2935 4151 3316 4206 instituamus.

1742 4248 2095 4303 Frustramur
2121 4246 2266 4299 enim
2294 4244 2456 4310 votis,
2482 4244 2566 4297 vel
2590 4246 2714 4314 quia
2749 4245 3022 4299 nescimus
3045 4244 3320 4313 quomodo

1739 4338 1916 4392 oratio
1946 4337 2017 4390 sit
2049 4336 2382 4389 intendenda
2405 4376 2421 4403 ,
2458 4336 2559 4390 ista
2595 4336 2740 4390 enim
2804 4348 2888 4390 est
2940 4337 3322 4406 postulationis

1741 4429 1955 4484 inscitia
1980 4446 1996 4494 ;
2024 4427 2111 4482 vel
2141 4428 2268 4497 quia
2304 4443 2392 4481 res
2424 4429 2672 4497 indignas
2701 4429 3063 4496 postulamus.
3098 4430 3206 4484 Sed
3236 4430 3321 4481 di-

72 4516 437 4590 ὂιδασκώμεθα
461 4518 525 4571 τὸ
549 4518 668 4571 τίνα
696 4518 762 4571 ἂν
788 4518 1154 4591 αἰτησαίμεθα
1171 4534 1189 4551 ⁶
1218 4521 1280 4573 τὸ
1308 4521 1364 4575 δὲ
1387 4522 1535 4586 ὅπως

1886 4518 2121 4587 aliquis:
2158 4516 2296 4584 Quid
2350 4532 2485 4586 opus
2553 4528 2641 4573 est
2694 4520 3070 4587 institutione,
3122 4530 3179 4573 ut
3222 4535 3317 4574 co-

74 4612 381 4682 τησαίμεθα.
409 4611 665 4683 Λήσομεν
704 4610 812 4683 γὰρ
860 4613 1220 4683 ἀποτυχόντες
1257 4612 1289 4682 ἢ
1327 4611 1414 4665 διά
1454 4612 1517 4665 τὸ
1567 4614 1640 4684 μὴ

77 4701 255 4755 εἰδέναι
301 4703 456 4766 ὅπως
507 4701 755 4768 σύντονος
797 4706 831 4775 ἡ
877 4704 1060 4774 δέησις
1097 4704 1326 4773 γίνεται,
1355 4703 1512 4757 τοῦτο
1533 4706 1641 4776 γάρ

76 4794 203 4848 ἐστιν
226 4797 601 4867 ἀνεπιστῆμον
628 4798 726 4867 τῆς
755 4799 1043 4869 αἰτήσεως,
1073 4796 1105 4867 ἦ
1129 4795 1215 4849 διὰ
1246 4797 1305 4849 τὸ
1333 4795 1525 4862 ἀνάξια
1558 4797 1642 4848 αἰ-

74 4891 190 4941 τεῖν.
226 4888 367 4942 Ἀλλ’
393 4887 542 4941 εἴποι
584 4906 666 4952 τις
708 4890 798 4943 ἄν’
827 4890 936 4943 Καὶ
974 4889 1058 4952 τίς
1101 4888 1256 4959 χρεία
1292 4888 1641 4955 διδασκαλίας

76 4980 143 5041 εἰς
165 4979 223 5032 τὸ
245 4978 451 5048 γνῶναι
477 4977 623 5042 τίνες
654 4981 790 5033 εἰσὶν
821 4980 876 5032 αἱ
908 4978 1116 5044 ἀνάξιοι
1145 4979 1407 5048 αἰτήσεις,
1437 4980 1531 5031 καὶ
1554 4980 1639 5032 τί-

77 5085 153 5130 νες
188 5072 240 5122 αἱ
282 5070 472 5135 ἄξιαι,
510 5067 673 5121 αὑτοῦ
713 5069 807 5123 τοῦ
848 5069 1052 5140 Κυρίου
1093 5068 1374 5136 λέγοντος·
1418 5071 1641 5126 Αἰτεῖτε

80 5157 291 5223 πρῶτον
313 5160 430 5228 τὴν
444 5158 774 5222 ,ϐασιλείαν
796 5159 900 5212 τοῦ
919 5158 1086 5220 Θεοῦ,
1112 5155 1209 5211 καὶ
1231 5157 1423 5211 τᾶλλα
1443 5140 1645 5214 πάντα

81 5251 536 5318 προστεθήσεται
567 5249 743 5320 ὐμῖν;
772 5249 1015 5321 Λέγομεν
1040 5253 1119 5314 εἰς
1141 5250 1298 5303 τοῦτο
1317 5290 1332 5315 ,
1362 5252 1444 5305 ὅτι
1471 5251 1646 5306 πολλά

81 5342 173 5393 εἰσι
198 5341 265 5396 τά
289 5344 422 5415 παρ’
451 5342 611 5414 ἡμῶν
638 5341 975 5413 ἀγνοούμενα
1004 5345 1085 5397 ὅτι
1113 5343 1249 5397 εἰσιν
1278 5342 1499 5410 ἀνάξια·
1532 5344 1647 5397 κλε-

1749 4624 2073 4685 gnoscamus
2114 4625 2361 4678 quaenam
2396 4611 2508 4663 sint
2542 4610 2782 4680 indigna!
2837 4611 3231 4680 postulationes
3265 4621 3322 4665 et

1744 4719 1991 4775 quamam
2044 4702 2255 4771 dignae,
2309 4702 2535 4756 Domino
2580 4702 2795 4757 dicente
2825 4721 2839 4756 :
2871 4701 3040 4756 Petita
3089 4706 3318 4771 primum

1744 4811 1961 4865 regnum
2013 4794 2144 4859 Dei,
2177 4804 2223 4847 et
2254 4804 2444 4847 uetera
2481 4795 2658 4847 omnia
2709 4795 3033 4864 adjicientur
3053 4800 3194 4849 vobis
3255 4795 3321 4847 In?

1745 4888 1983 4944 Dicimus
2034 4888 2238 4942 idcirco
2269 4884 2440 4937 multa
2474 4887 2631 4939 nobis
2667 4901 2788 4940 esse
2837 4888 3018 4954 ignota
3053 4903 3173 4956 quze
3210 4889 3321 4941 sint

1744 4982 1966 5051 indigna
2015 4998 2029 5036 :
2081 4995 2205 5034 nam
2252 4977 2549 5047 cupiditate
2598 4978 2931 5047 decipimur,
2980 4988 3031 5033 et
3081 4980 3322 5048 peccatis

1745 5086 2122 5141 saepenumero
2172 5062 2672 5133 circumvenimur,
2733 5083 3104 5137 saepenumero
3155 5070 3319 5123 etiam

1748 5176 2028 5231 rogamus,
2062 5170 2119 5216 et
2147 5161 2288 5216 bona
2327 5158 2545 5227 indigne
2573 5159 2942 5226 postulamus,
2988 5159 3318 5223 nescientes,

1749 5255 2005 5315 adversa,
2041 5266 2160 5321 quae
2191 5250 2455 5320 permissu
2482 5248 2573 5302 Dei
2607 5248 2930 5314 obveniunt,
2960 5248 3130 5318 magis
3157 5249 3323 5316 prod-

1751 5358 1893 5399 esse.
1941 5342 2226 5409 Quomodo
2269 5340 2411 5394 enim
2447 5338 2609 5393 Israel
2646 5340 2697 5393 in
2725 5340 3015 5412 [Egyptutn
3059 5341 3320 5395 transmi-

80 5432 305 5503 πτόμεθα
331 5435 444 5506 γὰρ
480 5436 549 5505 τῇ
594 5426 778 5503 ειρἐσει
801 5473 815 5495 ,
851 5434 943 5486 καὶ
976 5436 1033 5487 ἐν
1064 5433 1361 5507 ἁμαρτίαις
1390 5432 1553 5489 πολλά

1856 5443 2000 5504 sset,
2047 5446 2101 5490 et
2131 5442 2333 5489 terram
2366 5430 2745 5501 promissionis
2776 5434 3181 5496 liwreditasset,
3215 5430 3324 5488 nisi

166 5635 190 5675 ἱ
222 5636 363 5695 Psal.
403 5654 604 5702 cxvttt,
637 5636 760 5690 l25.
838 5634 991 5691 'Jac.
1028 5653 1078 5701 ν,
1114 5638 1202 5694 l6.
1281 5645 1317 5667 "'
1352 5637 1540 5691 Mallh-
1571 5654 1643 5708 VI,
1683 5640 1774 5695 55-

141 5816 250 5881 1⁸29)
287 5818 474 5873 Graece
501 5814 892 5885 ἐνεργουμένη.
926 5813 1081 5886 Vulg.
1113 5816 1352 5901 assidua.
