3730 6338
357 336 466 397 579
1531 333 1589 389 S.
1626 331 1931 389 DlONYSlI
1971 331 2441 391 AREOPAGITE
3516 343 3615 400 580

360 450 503 506 Dens
546 446 765 519 losephi
818 461 1010 516 preces
1056 447 1389 513 exaudiens,
1427 448 1752 513 incolumem
1795 450 1928 519 patri

2112 451 2523 523 ωᾳασιζόμεθαο
2554 453 2809 519 πολλάκις
2851 455 2908 509 δὲ
2952 457 3225 522 αἰτοῦντες
3270 459 3362 512 καὶ
3408 459 3614 527 ἀγαθὰ,

362 541 529 596 lilium
561 540 873 597 servasset?

2113 544 2278 609 αξίως
2318 545 2607 616 αἰτοῦμεν,
2660 547 2735 620 μὴ
2775 549 2976 613 εἰδότες
3018 552 3099 604 ὅτι
3130 551 3329 622 μᾶλλον
3374 551 3445 603 τὰ
3484 552 3616 604 κατά

357 632 747 704 παραχώρησιν
789 631 881 684 τοῦ
915 630 1052 684 Θεοῦ
1096 633 1317 686 ἐναντίαι
1352 632 1617 702 μειζόνως
1674 633 1963 706 ὠφελήσει.
2007 636 2132 700 Πῶς
2156 637 2263 708 γάρ
2295 638 2612 710 μετῴκησεν
2643 644 2721 705 είς
2765 642 3040 711 Αἴγυπτον
3074 644 3326 717 Ἰσραὴλ,
3379 645 3476 698 καὶ
3524 646 3616 716 τὴν

358 726 459 796 γῆν
514 725 612 795 τῆς
644 724 972 792 ἐπαγγελίας
1000 724 1467 797 ἐκληρονόμησεν,
1495 726 1673 798 εἴπερ,
1703 728 1974 794 ἐπακουὸς
2018 729 2126 782 τῶν
2166 730 2343 800 εὐχῶν
2368 730 2463 784 τοῦ
2502 732 2699 804 Ἰωσὴφ
2741 736 2769 787 ό
2797 734 2930 799 Θεὸς
2963 737 3184 806 φανεὶς,
3223 737 3504 808 ἀλὼὅητον
3545 737 3615 808 τῷ

358 821 527 891 πατρὶ
554 818 811 892 παραυτά
830 820 920 873 τὸν
946 821 1113 874 παῖδα
1138 820 1359 884 διέσωζε
1383 835 1397 884 ;

429 911 594 982 279
632 911 659 982 §
696 912 804 965 VII.
830 912 1031 965 Verum
1077 913 1160 967 his
1190 911 1242 965 in
1281 913 1554 966 communi
1587 913 1652 967 de
1677 914 1928 967 oratione

357 1004 542 1067 dietis,
568 1003 887 1059 necessario
906 1004 1070 1057 etiam
1092 1004 1379 1059 dicendum
1403 1005 1469 1058 de
1486 1019 1645 1073 prece
1660 1021 1818 1074 quam
1844 1021 1937 1060 su-

2112 906 2139 980 §
2165 907 2270 962 Vll.
2299 908 2459 963 Ἀλλά
2470 910 2672 962 τούτων
2685 912 2783 982 ἤδη
2800 912 3072 984 ῥηθέντων
3090 933 3154 968 πε
3162 917 3216 988 ρ).
3232 919 3417 990 πάσης
3430 922 3615 985 κοινῶς

2037 1001 2222 1071 εὐχῆς,
2248 1003 2540 1069 ἀναγκαῖον
2562 1004 2734 1057 εἰπεῖν
2752 1006 2843 1057 καὶ
2872 1008 2999 1077 περὶ
3031 1009 3129 1079 τῆς
3159 1012 3252 1063 ἐπὶ
3280 1012 3359 1083 τῷ
3385 1015 3615 1087 κειμένῳ

358 1113 455 1168 per
469 1096 725 1151 defuncto
753 1096 951 1153 recitat
974 1097 1226 1152 antistes.
1248 1098 1661 1167 Divinusigitur
1692 1099 1921 1152 antistes

359 1192 627 1257 interpres
674 1198 761 1241 est
816 1187 1122 1242 divinarum
1167 1187 1624 1257 justiﬁestionum
1668 1209 1683 1245 ε
1732 1192 1936 1246 idcirco

356 1282 503 1336 enim
528 1280 757 1351 angelus
783 1278 993 1333 Domini
1024 1282 1419 1350 omnipotentis
1443 1298 1472 1335 a
1500 1292 1692 1337 sancto
1713 1281 1934 1337 Michma

358 1373 579 1437 dicitur,
614 1382 671 1426 ut
710 1374 802 1442 qui
838 1374 929 1428 Dei
962 1375 1387 1442 juStilicationes
1417 1378 1697 1431 annuutiet
1728 1392 1790 1429 ac
1822 1393 1936 1429 ma-

360 1463 601 1518 nil‘estet.
628 1463 825 1519 Didicit
856 1467 1042 1534 utique
1068 1482 1136 1519 ex
1183 1465 1504 1537 Scripturis,
1527 1468 1692 1536 justis
1717 1467 1932 1536 quidem

352 1565 504 1626 justo
543 1557 636 1611 Dei
672 1556 879 1624 judicio
922 1558 1314 1614 lucidissimam
1358 1562 1709 1629 divinamque
1765 1560 1931 1614 vitam

360 1649 607 1715 retribui,
639 1650 818 1704 divina
864 1650 1106 1706 bonitate
1135 1668 1199 1706 ac
1239 1651 1571 1724 benignitate
1616 1663 1933 1708 contractas

358 1755 423 1795 ex
470 1740 701 1795 humana
735 1742 1028 1811 fragilitate
1062 1746 1302 1798 maculas
1331 1744 1631 1799 clementer
1674 1745 1934 1799 dissimu-

360 1831 526 1897 lante,
559 1849 680 1887 eum
726 1846 883 1887 uento
915 1835 1005 1897 sit,
1035 1844 1093 1888 ut
1146 1835 1346 1899 inquit,
1401 1837 1633 1895 mundus
1680 1852 1709 1890 a
1751 1837 1929 1892 surde.
1964 1851 2006 1906 Β

358 1923 484 1977 Haec
510 1925 741 1979 antistes
791 1925 1060 1993 promissa
1099 1941 1223 1981 βεδε
1268 1928 1436 1981 novit.
1470 1922 1717 1985 Postulat
1748 1928 1928 1997 igitur,

359 2024 417 2068 ut
445 2014 679 2069 ﬁdelium
715 2024 781 2068 ex
810 2016 1122 2071 inﬁrmitate
1165 2028 1466 2075 contracta!
1515 2018 1739 2081 maculae
1766 2018 1931 2073 dissi-

359 2108 659 2171 mulentur,
700 2118 754 2162 et
804 2124 974 2162 saera?
1024 2111 1415 2166 retributiones
1443 2110 1822 2180 conferantur,
1857 2115 1934 2167 si-

358 2201 579 2270 ntulque
612 2200 780 2254 Deum
822 2200 1107 2267 imitando,
1139 2202 1275 2255 dona
1306 2216 1423 2269 qua-
1455 2202 1580 2256 aliis
1605 2202 1930 2260 conferenda

357 2302 483 2344 sunt
533 2300 794 2359 tanquam
844 2292 949 2345 sibi
1005 2291 1329 2369 indulgentia
1371 2293 1652 2361 postulans
1678 2295 1803 2362 (hoc
1848 2303 1933 2350 est

356 2382 501 2436 enim
537 2381 703 2436 Deum
736 2382 959 2448 imitari,
995 2384 1304 2452 proximum
1357 2385 1585 2455 diligere
1618 2387 1759 2441 sicut
1786 2388 1931 2457 scip-

356 2478 524 2539 sum),
545 2473 704 2527 simul
728 2489 857 2528 vero
877 2476 1040 2529 etiam
1069 2484 1322 2544 tanquam
1347 2476 1616 2547 interpres
1641 2477 1731 2533 Dei
1753 2479 1934 2535 sciens

357 2572 415 2618 et
444 2565 568 2617 aliis
598 2564 977 2631 manifestans,
1015 2574 1270 2634 tanquam
1309 2568 1534 2638 angelus
1586 2570 1637 2624 id
1669 2572 1809 2639 quod
1842 2588 1933 2641 pe-

360 2656 510 2720 titur,
544 2666 725 2724 utpote
758 2656 985 2726 justum,
1016 2672 1238 2727 prorsus
1268 2670 1589 2715 eventurum
1617 2662 1927 2732 signiﬁcat;

359 2762 535 2817 neque
584 2747 726 2802 enim
758 2750 825 2803 ab
869 2748 1027 2803 initio
1056 2751 1277 2818 petebat
1305 2752 1410 2807 nisi
1454 2769 1574 2823 qua:
1622 2753 1733 2809 Deo
1776 2765 1933 2812 erant

355 2854 517 2908 quam
542 2839 873 2910 gratissima.
910 2840 1181 2909 Quocirca
1224 2845 1442 2913 quidem
1490 2862 1589 2915 pro
1620 2849 1826 2902 sanctis
1854 2850 1932 2903 sic

354 2930 505 2996 facit,
536 2931 628 2985 sed
662 2946 759 3000 pro
810 2932 1072 3002 improbis
1103 2934 1437 2998 inﬁdelibus,
1481 2936 1623 2989 sicut
1665 2936 1828 2989 etiam
1878 2938 1929 2990 in

354 3038 650 3093 progressu
700 3025 1051 3095 significabit,
1084 3026 1304 3096 quando
1336 3027 1489 3091 dicit,
1522 3027 1797 3082 videbitur
1828 3028 1932 3083 hoc

360 3112 607 3184 profanis
631 3113 899 3183 probabili
929 3116 1041 3170 risu
1066 3116 1310 3184 dignum.
1330 3115 1581 3171 Profauis
1611 3117 1790 3186 itaque
1816 3117 1930 3171 haec

2033 1092 2128 1144 τοῦ
2187 1092 2440 1163 ίεράρχου
2481 1096 2664 1165 εὐχῆς.
2710 1088 2772 1148 Ὀ
2821 1098 2961 1161 θεῖος
3015 1101 3305 1171 τοιγαροῦν
3363 1106 3616 1178 ἱεράρχης

2036 1184 2427 1256 ἐκφαντορικός
2458 1188 2573 1239 ἐστι
2596 1188 2703 1240 τῶν
2734 1189 2892 1241 θείων
2909 1191 3294 1263 δικαιωμάτων
3315 1213 3328 1225 ·
3355 1197 3448 1250 διὰ
3469 1198 3617 1254 τοῦτο

2036 1276 2146 1346 γὰρ
2200 1277 2429 1345 ἄγγελος
2457 1279 2661 1349 Κυρίου
2697 1284 3131 1355 παντοκράτορος
3177 1287 3331 1358 παρά
3374 1290 3453 1360 τῷ
3494 1293 3617 1364 ἱερῷ

2036 1366 2245 1437 Μιχαία
2263 1368 2498 1435 λέγεται,
2539 1369 2614 1434 ῶς
2638 1371 2971 1439 ἐξαγγέλλων
3007 1377 3100 1428 καὶ
3123 1379 3405 1448 ἐκφαίνων
3437 1382 3505 1435 τὰ
3531 1383 3615 1436 τοῦ

2035 1457 2170 1510 Θεοῦ
2203 1458 2562 1530 δικαιώματα.
2590 1462 2889 1533 Μεμάθηκε
2919 1466 3048 1533 γοῦν
3083 1468 3188 1521 ἀπὸ
3222 1471 3332 1524 τῶν
3365 1472 3614 1543 Γραφῶν,

2036 1552 2116 1603 ὃτι
2146 1554 2258 1614 τοῖς
2292 1552 2389 1621 μὲν
2417 1551 2645 1616 δικαίοις
2669 1554 2820 1625 παρά
2833 1556 2932 1625 τῆς
2954 1557 3045 1609 τοῦ
3069 1560 3201 1612 Θεοῦ
3223 1561 3615 1636 δικαιοκρισίας

2036 1643 2069 1711 ἡ
2104 1641 2457 1715 λαμπροτάτη
2492 1645 2583 1697 καὶ
2606 1644 2725 1697 θεία
2756 1644 2869 1716 ζωὴ
2916 1647 3255 1713 ἀντιδίδοται,
3290 1654 3619 1725 παρορώσης

2036 1733 2093 1799 ἐξ
2131 1733 2462 1806 ἀγαθότητος
2496 1736 2593 1805 τῆς
2624 1736 2714 1789 τοῦ
2765 1736 2900 1790 Θεοῦ
2941 1739 3351 1813 φιλανθρωπίας
3387 1749 3516 1810 τοὺς
3564 1749 3619 1815 ἐξ

2037 1824 2382 1896 ἀνθρωπίνης
2412 1826 2692 1890 ἀσθενείας
2718 1827 2920 1898 ῥύπους
2938 1847 2951 1859 θ
2982 1832 3209 1904 ἐπείπερ
3229 1835 3429 1899 οὐδεὶς,
3470 1839 3617 1908 φησὶ,

2038 1918 2274 1989 καθαρὸς
2305 1918 2497 1989 ῥύπου.
2526 1919 2710 1973 Ταῦτα
2729 1916 2866 1975 εἶδεν
2888 1923 3274 1997 ἐπηγγελμένα
3289 1928 3318 1978 ό
3338 1930 3616 2001 ίεράρχης.

2034 2012 2187 2063 Δίτεῖ
2210 2011 2387 2064 τοίνυν
2411 2015 2524 2075 τοῖς
2544 2012 2752 2077 πιστῶς
2780 2014 3085 2084 βεϐιωκόσι,
3121 2021 3505 2091 παροραθῆναι
3525 2023 3618 2087 τάς

2036 2102 2094 2169 ἐξ
2136 2102 2417 2167 ἀσθενείας
2454 2102 2697 2175 κηλῖδας,
2730 2109 2821 2159 καὶ
2858 2108 3075 2179 δοθῆναι
3125 2110 3225 2175 τὰς
3281 2112 3440 2183 ίεράς
3478 2116 3621 2168 ἀντι-

2033 2194 2208 2257 δόσεις
2228 2211 2239 2223 ⁸
2274 2196 2390 2265 ἅμα
2425 2196 2524 2266 μὲν
2547 2197 2893 2269 θεομιμήτως
2920 2200 3017 2264 τὰς
3048 2203 3127 2265 είς
3158 2203 3383 2274 ἐτέρους
3415 2205 3619 2278 δωρεὰς

2033 2286 2127 2341 τοῦ
2158 2286 2293 2340 Θεοῦ
2317 2288 2391 2351 ὡς
2420 2290 2499 2352 εἰς
2522 2290 2712 2344 ἐαυτὸν
2752 2294 3117 2364 γενησομένας
3156 2297 3407 2363 ἐξαιτῶν,
3447 2300 3620 2369 (τοῦτο

2033 2379 2142 2449 γάρ
2176 2379 2291 2432 ἐστι
2344 2380 2404 2434 τὸ
2450 2380 2797 2455 θεομίμητον,
2851 2385 3070 2457 ἀγαπᾷν
3114 2388 3205 2440 τὸν
3262 2388 3495 2459 πλησίον
3547 2390 3620 2455 ὡς

2034 2471 2275 2541 ἐαυτόν·)
2322 2473 2436 2543 ἅμα
2489 2474 2545 2527 δὲ
2585 2476 2677 2529 καὶ
2720 2477 2794 2540 ὼς
2819 2479 3101 2550 ὑποφήτης
3144 2480 3281 2533 Θεοῦ
3338 2482 3499 2547 είδῶς
3531 2484 3623 2538 καὶ

2031 2564 2145 2625 τοῖς
2178 2562 2356 2626 ἄλλοις
2384 2565 2676 2634 ἐκφαίνων,
2717 2568 2793 2632 ὡς
2824 2569 3048 2638 ἄγγελος
3092 2572 3323 2642 Κυρίου,
3354 2576 3622 2645 ἐκφαντο-

2034 2654 2222 2724 ρικῶς,
2261 2656 2341 2708 δτι
2368 2658 2659 2728 γενήσεται
2721 2659 2797 2725 ὡς
2832 2661 3012 2715 δικαία
3050 2665 3083 2733 ή
3129 2664 3348 2735 αἴτησις
3370 2685 3383 2696 ·
3418 2669 3482 2721 οὐ
3513 2668 3621 2740 γὰρ

2034 2746 2100 2799 ἂν
2129 2748 2226 2818 τὴν
2265 2748 2439 2819 ἀρχὴν
2467 2750 2649 2822 ἐζήτει
2676 2751 2743 2803 τά
2776 2751 2850 2823 μὴ
2880 2752 2998 2824 Θεῷ
3027 2757 3495 2826 προσφιλέστατα.
3532 2763 3620 2814 Διὸ

2033 2837 2124 2889 ἐπὶ
2158 2838 2257 2908 μὲν
2279 2842 2391 2902 τοῖς
2428 2841 2596 2905 ὁσίοις
2634 2841 2776 2895 οὕτω
2818 2847 2978 2907 ποιεῖ,
3012 2846 3104 2899 ἐπὶ
3135 2846 3190 2898 δὲ
3228 2851 3345 2912 τοῖς
3384 2851 3622 2922 ἀνιέροις
3650 2864 3651 2867 ‘

2032 2929 2300 2994 ἀπίστοις,
2334 2930 2515 2995 καθὼς
2544 2933 2637 2986 καὶ
2671 2934 3026 3005 παρακατιὼν
3051 2936 3300 3008 δηλώσει,
3328 2941 3419 2993 ὅτε
3450 2942 3617 3012 λέγει,

2030 3019 2170 3087 δόξει
2195 3024 2306 3085 τοῖς
2339 3024 2573 3095 ἀνιέροις
2599 3025 2820 3096 εὐλόγου
2851 3028 3083 3096 γέλωτος
3128 3032 3297 3098 ἀξιον
3341 3038 3457 3100 τοῖς
3492 3039 3621 3105 γοῦν

2032 3108 2268 3181 ἀνιέροις
2310 3113 2410 3166 οὐκ
2464 3115 2753 3185 ἐπεύχεται
2778 3117 2971 3182 ταῦτα,
3004 3120 3063 3172 οῦ
3110 3121 3270 3191 μόνον
3313 3123 3419 3187 δτι,
3463 3125 3621 3197 εἴπερ

355 3204 581 3259 minime
609 3216 953 3275 apprecatur,
990 3222 1094 3261 non
1128 3209 1300 3263 solum
1344 3210 1492 3278 quia,
1524 3210 1570 3264 si
1624 3210 1725 3263 ista
1776 3220 1928 3279 pete-

2112 3202 2218 3273 τοίη
2249 3204 2441 3268 ταῦτα,
2470 3207 2568 3259 οὐκ
2594 3206 2993 3279 ἐσταιχρηστὸς
3020 3188 3303 3283 ὑποφήτης
3330 3214 3428 3267 τοῦ
3457 3188 3624 3269 Πνεῦ-

358 3308 461 3362 ret,
492 3300 714 3353 minime
770 3302 944 3355 bonus
979 3302 1248 3372 interpres
1292 3314 1437 3358 esset
1468 3302 1727 3373 Spiritus,
1754 3314 1811 3359 ut
1836 3306 1928 3374 qui

356 3389 445 3443 illa
474 3400 701 3458 peteret,
731 3392 797 3444 ad
829 3408 950 3462 qua:
976 3394 1044 3448 ab
1073 3404 1298 3449 auctore
1340 3395 1720 3466 mysteriorum
1748 3397 1932 3452 divino

356 3482 569 3538 scilicet
621 3481 830 3549 Spiritu
875 3484 1097 3539 minime
1135 3495 1471 3551 moveretur;
1526 3503 1715 3543 verum
1762 3490 1926 3543 etiam

355 3574 499 3644 quod
548 3575 812 3645 petitione
844 3592 938 3630 sua
971 3586 1227 3645 tanquam
1262 3578 1483 3649 indigna
1530 3580 1924 3637 frustraretur:

356 3667 461 3721 hoc
488 3668 633 3722 enim
666 3667 870 3722 indicat
919 3683 1023 3722 vox
1071 3668 1322 3737 ἐναγοῦς,
1362 3671 1478 3725 sive
1524 3672 1709 3742 impia,
1745 3674 1795 3728 id
1823 3684 1928 3740 est,

356 3757 597 3830 indigna.
643 3760 842 3814 Audiet
882 3759 1028 3815 enim
1057 3762 1222 3816 etiam
1264 3763 1383 3831 ipse
1418 3762 1619 3832 ajusto
1668 3766 1925 3837 eloquio:

356 3847 542 3905 Pctitis
570 3864 617 3906 et
640 3868 743 3907 non
771 3853 1009 3920 accipitis
1028 3863 1078 3921 ιι,
1098 3864 1184 3909 est
1213 3865 1393 3910 autem
1426 3857 1539 3912 hzec
1567 3861 1831 3914 sententia
1860 3878 1926 3918 ex

354 3943 596 4013 Epistula
635 3942 1015 4012 Jacobi.Quod
1041 3947 1225 4015 utique
1250 3948 1400 4015 dicit,
1435 3950 1518 4004 vel
1538 3951 1661 4019 quia
1688 3951 1833 4019 juste
1854 3955 1928 4009 di-

356 4048 525 4101 ctum,
542 4038 629 4093 vel
645 4038 769 4107 quia
786 4054 814 4091 a
828 4039 974 4107 justo
989 4040 1278 4109 prolatum.
1291 4040 1525 4097 Jacobus
1538 4044 1680 4097 enim
1698 4043 1924 4113 Joblias,

356 4134 506 4199 quasi
529 4130 729 4199 justus,
758 4134 1164 4202 cognominatus
1182 4145 1287 4190 est.
1314 4134 1557 4191 Postulat
1586 4138 1770 4207 itaque
1802 4155 1928 4194 san-

354 4236 474 4279 ctus
495 4227 724 4279 antistes
746 4225 831 4279 illa
858 4242 975 4295 qua:
998 4226 1217 4280 omnino
1248 4227 1420 4281 danda
1461 4242 1605 4295 sunt,
1633 4232 1925 4288 ostendens

357 4316 466 4379 hic,
487 4315 596 4369 Deo
618 4316 859 4383 quidem,
880 4317 1120 4370 habitum
1143 4333 1297 4371 suum
1329 4332 1436 4387 quo
1461 4320 1625 4374 Deum
1649 4321 1921 4387 imitatur;

2034 3306 2223 3361 ματος,
2250 3294 2325 3359 ὡς
2358 3296 2540 3350 ἐκεῖνα
2564 3298 2764 3369 ζητῶν,
2791 3302 2872 3364 είς
2903 3300 3045 3371 ἀπερ
3078 3302 3177 3355 οὐκ
3205 3306 3435 3377 ἐκινήθη
3466 3308 3623 3379 παρά

2030 3385 2125 3439 τοῦ
2154 3386 2499 3460 τελετάρχου,
2549 3390 2643 3443 τοῦ
2690 3391 2834 3444 θείου
2869 3391 3069 3464 δηλαδὴ
3104 3394 3428 3465 Πνεῦματος
3454 3415 3467 3427 ·
3505 3399 3619 3453 ἀλλ’

2029 3478 2111 3533 δτι
2128 3481 2217 3533 καὶ
2238 3481 2336 3552 τῆς
2358 3481 2523 3551 εὐχῆς
2547 3482 2901 3550 ἀποτεύξεται
2920 3483 2995 3548 ὡς
3011 3485 3245 3551 ἀναξίως
3267 3490 3576 3560 γενομένης
3609 3506 3617 3517 ⁸

2028 3572 2187 3625 τοῦτο
2226 3573 2335 3645 γάρ
2372 3574 2521 3646 δηλοῖ
2547 3574 2608 3627 τὸ
2632 3575 2907 3645 ἐναγοῦς,
2946 3576 3109 3630 οἱονεὶ
3141 3577 3385 3643 ἀναξίου.
3434 3579 3620 3634 Ἀκοῦ-

2032 3685 2183 3721 σεται
2214 3667 2322 3739 γὰρ
2352 3669 2445 3721 καὶ
2494 3666 2657 3730 αὐτὸς
2693 3666 2828 3737 πρὸς
2873 3665 2967 3720 τοῦ
3015 3665 3226 3719 δικαίου
3271 3668 3480 3737 λογίου,
3521 3675 3620 3725 Αι-

2029 3760 2197 3824 seire,
2226 3762 2321 3814 καὶ
2357 3762 2427 3814 οὐ
2466 3761 2814 3829 λαμϐάνετε.
2852 3762 3008 3814 Ἔστι
3035 3759 3091 3813 δὲ
3124 3758 3184 3811 τὸ
3224 3761 3391 3839 ῥητὸν
3423 3764 3489 3815 ἐκ
3519 3765 3616 3832 τῆς

2027 3854 2121 3909 τοῦ
2168 3853 2419 3907 Ἰακώϐου
2464 3853 2799 3923 Ἐπιστολῆς.
2836 3856 2900 3905 Ὀ
2928 3853 2990 3923 δὴ
3035 3853 3127 3906 καὶ
3153 3851 3324 3920 λέγει,
3357 3853 3391 3924 ἢ
3435 3854 3511 3917 ῶς
3536 3856 3614 3907 δι-

2028 3946 2197 4010 καίως
2241 3946 2548 4018 λεγόμενον,
2598 3947 2630 4017 ἣ
2686 3944 2762 4008 ὡς
2824 3944 2978 4015 παρὰ
3025 3944 3236 3997 δικαίου
3289 3944 3609 4015 λεγόμενονο

2041 4037 2263 4100 Ἰοϐλίας
2284 4037 2391 4106 γὰρ
2412 4039 2441 4090 ὁ
2479 4036 2752 4101 Ἰάκωϐος,
2777 4036 2939 4088 οἱονεὶ⁵
2970 4034 3610 4105 δίκαιος,ἐπωνομάζετο.

2027 4129 2236 4185 Οὐκοῦν
2262 4131 2446 4184 ἐκεῖνα
2475 4131 2614 4182 αἰτεῖ
2641 4132 2669 4182 ό
2705 4128 2987 4198 ἱεράρχης,
3017 4126 3087 4179 τά
3116 4126 3338 4189 πάντως
3361 4127 3613 4199 δωρηθη-

2029 4226 2250 4295 σόμενα,
2279 4223 2585 4285 ἐπιδεικνὺς
2616 4220 2865 4274 ἐντεῦθεν
2903 4220 2980 4290 τῷ
3005 4220 3100 4289 μὲν
3131 4218 3270 4291 Θεῷ,
3294 4221 3396 4290 τὴν
3423 4221 3609 4291 θεομί-

2030 4337 2198 4392 μητον
2231 4317 2423 4371 ἐαυτοῦ
2455 4314 2566 4379 ’ἐξιν
2589 4331 2601 4343 ·
2633 4314 2745 4375 τοῖς
2775 4313 2841 4365 δὲ
2860 4312 3114 4383 παροῦσι,
3140 4313 3208 4366 τά
3237 4315 3474 4384 ἐσόμενα
3498 4319 3610 4378 τοῖς

354 4407 712 4474 praesentibus
742 4422 892 4472 vero,
924 4409 1141 4475 praemia
1171 4424 1292 4478 qua:
1315 4419 1535 4465 sanctos
1564 4425 1800 4468 manent.
1833 4413 1923 4468 Sic

2113 4428 2192 4473 οις
2243 4408 2410 4477 δῶρα.
2447 4406 2599 4458 Οὕτω
2632 4406 2726 4462 κού.
2772 4403 2871 4466 τὰς
2928 4403 3286 4474 ἀφοριπικάς
3326 4407 3608 4477 δυνάμεις,

353 4499 516 4552 etiam
548 4497 846 4554 liicrarchte
873 4499 1075 4554 habent
1106 4502 1335 4554 virtutes
1382 4507 1725 4574 segregandi,
1753 4507 1802 4559 id
1838 4518 1922 4561 est

2112 4500 2263 4553 ιονότι
2288 4497 2414 4559 τοὺς
2440 4495 2797 4567 ἀφορισμοὺς,
2846 4496 2894 4546 oi
2940 4494 3193 4566 ίεράρχαι
3225 4495 3463 4566 ἔχουσιν,
3508 4501 3609 4569 οὐχ

354 4594 780 4663 segregationes,
840 4609 946 4647 non
988 4594 1130 4662 quod
1183 4594 1649 4651 irrationabilibus
1688 4598 1923 4655 motibus

2136 4592 2326 4643 ἕπεται
2360 4591 2480 4651 ταῖς
2513 4587 2725 4655 ἀλόγοις
2761 4588 2957 4657 ὁρμαῖς
2981 4585 3180 4651 αὐτῶν,
3214 4589 3279 4641 ἵν’
3310 4589 3487 4654 οὕτως
3518 4593 3610 4644 εὐ-

350 4700 566 4747 eorum,
592 4694 650 4738 ut
674 4684 846 4739 dicam
876 4685 1127 4747 honeste,
1158 4686 1418 4743 divinitas
1445 4691 1798 4758 obsequatur,
1826 4692 1920 4743 sed

350 4778 489 4844 quod
522 4777 740 4845 ipsimet
785 4791 814 4828 a
845 4775 1053 4844 Spiritu
1084 4789 1278 4831 sancto
1320 4780 1452 4833 moti
1501 4781 1785 4834 damnatos
1832 4794 1921 4833 se-

349 4881 592 4939 gregent.
627 4870 862 4937 Accipite
902 4870 1070 4937 enim,
1122 4872 1318 4939 inquit.
1353 4871 1607 4939 Spiritum
1654 4881 1915 4936 sanctum,

347 4960 439 5027 qui
472 4959 717 5016 videlicet
745 4976 839 5015 vos
866 4973 1081 5017 moveat
1113 4964 1179 5016 ad
1203 4964 1477 5032 ligandum
1495 4976 1551 5018 et
1574 4963 1912 5019 solvendum.

348 5057 415 5111 Et
450 5057 644 5111 iterum
691 5059 770 5112 sic
805 5060 971 5130 280
1004 5056 1165 5114 Petro
1204 5060 1464 5117 Dominus
1491 5064 1603 5115 ait:
1637 5061 1920 5127 Quodcun-

346 5164 445 5217 que
488 5146 731 5218 ligaveris
776 5168 931 5218 super
977 5163 1172 5205 terram
1206 5152 1251 5216 °,
1293 5163 1349 5206 et
1411 5169 1532 5221 qua:
1594 5164 1915 5221 sequuntur.

346 5240 566 5307 quando
590 5239 791 5295 divinis
838 5242 1260 5297 revelationibus
1296 5259 1324 5295 a
1353 5243 1515 5298 Patre
1556 5244 1646 5312 qui
1676 5244 1726 5298 in
1762 5244 1916 5301 coelis

347 5340 433 5384 est
458 5330 850 5392 illustraliatur.
889 5336 962 5387 ita
1015 5344 1073 5387 ut
1119 5336 1278 5390 beato
1317 5335 1504 5400 Petro,
1537 5347 1587 5389 ct
1621 5338 1766 5391 omni
1795 5349 1917 5406 post

348 5418 523 5488 ipsum
552 5423 815 5490 pontiﬁci,
845 5426 1142 5479 secundum
1180 5426 1538 5483 revelationes
1567 5430 1667 5497 ipsi
1697 5431 1914 5485 caelitus

348 5524 376 5562 a
402 5509 511 5565 Deo
537 5510 731 5580 factas,
768 5525 822 5570 et
851 5516 1179 5586 approbandi
1223 5527 1279 5570 et
1305 5522 1626 5587 segregandi
1669 5532 1914 5590 petestas

344 5601 438 5658 sit.
481 5604 760 5669 Quomodo
791 5617 971 5662 autem
1005 5606 1367 5664 revelationes
1399 5612 1496 5681 ipsi
1543 5612 1696 5668 facta:
1728 5616 1779 5669 in
1816 5632 1915 5673 ete-

416 5769 446 5799 ³
477 5759 599 5816 Jac.
632 5777 708 5827 tv,
749 5763 803 5817 5.
885 5772 909 5799 ο
939 5763 1129 5821 Matth.
1166 5781 1277 5831 κη,
1313 5766 1397 5821 l9.

2020 4678 2200 4742 λαϐῶς
2242 4676 2402 4740 εἴπω,
2433 4678 2465 4746 ή
2501 4674 2749 4746 θεαρχία,
2794 4674 2910 4726 ἀλλ’
2945 4676 3025 4727 δτι
3072 4676 3228 4730 αὐτοὶ
3276 4679 3607 4750 ἁφορίζουσι

2019 4773 2143 4834 τοὺς
2206 4768 2582 4840 κεκριμένους,
2634 4769 2713 4832 είς
2761 4766 2920 4821 τοῦτο
2965 4770 3238 4833 κινοῦντος
3293 4771 3389 4824 τοῦ
3446 4774 3605 4841 ἀγίου

2022 4866 2353 4937 Πνεῦματος·
2388 4862 2607 4917 Λάϐετε
2649 4860 2776 4932 γὰρ,
2821 4862 2976 4932 φησὶ,
3009 4864 3249 4932 Πνεῦμα
3284 4864 3479 4933 ἅγιον,
3518 4885 3603 4920 χι-

2022 4961 2147 5011 νοῦν
2190 4959 2331 5027 ὑμᾶς
2361 4954 2561 5025 δηλαδὴ
2588 4955 2681 5007 καὶ
2715 4955 2794 5016 εἰς
2839 4954 2985 5007 δὲσιν
3024 4956 3115 5007 καὶ
3172 4957 3253 5019 εἰς
3283 4956 3459 5009 λύσιν.
3494 4960 3605 5011 Καὶ

2021 5047 2181 5103 πάλιν
2202 5047 2321 5101 τότε
2346 5048 2479 5118 φησι
2499 5046 2578 5116 τῷ
2603 5046 2790 5116 Πέτρῳ
2814 5046 2842 5098 ὁ
2871 5045 3072 5117 Κύριος
3092 5064 3104 5074 ·
3136 5048 3205 5099 "0
3245 5047 3357 5101 ἐὰν
3400 5047 3605 5117 δήσῃς

2017 5141 2115 5194 ἐπὶ
2140 5138 2250 5207 τῆς
2274 5139 2407 5209 γῆς,
2434 5139 2530 5193 καὶ
2548 5137 2614 5190 τὰ
2634 5136 2758 5207 ἑξῆς
2779 5152 2791 5165 ⁸
2818 5137 2909 5189 ὅτε
2929 5136 3026 5201 τὰς
3050 5137 3199 5201 θείας
3223 5139 3603 5211 ἀποκαλύψεις

2018 5230 2170 5303 παρά
2202 5230 2295 5285 τοῦ
2344 5233 2403 5283 ἐν
2448 5230 2698 5301 οὐρανοῖς
2743 5229 2957 5301 Πατρὸς
2990 5230 3346 5300 ἐνελάμπετο,
3382 5232 3459 5296 ὡς
3510 5234 3607 5286 καὶ

2015 5327 2109 5379 τοῦ
2152 5328 2421 5397 μακαρίου
2459 5325 2685 5396 Πέτρου,
2730 5325 2825 5377 καὶ
2869 5327 3068 5389 παντὸς
3122 5326 3217 5380 τοῦ
3266 5328 3389 5380 κατ’
3439 5329 3608 5383 αὑτὸν

2018 5419 2292 5490 ίεράρχου,
2328 5418 2471 5471 κατά
2494 5415 2592 5480 τὰς
2617 5416 2675 5468 ἐν
2707 5416 2856 5488 αὐτῷ
2894 5417 3180 5488 γινομένας
3210 5418 3509 5487 οὐρανόθεν
3541 5422 3610 5474 ἐκ

2016 5507 2151 5559 Θεοῦ
2184 5506 2569 5575 ἀποκαλύψεις,
2598 5505 2690 5557 κοιλ¹
2717 5504 3168 5575 προσδεχομένου,
3196 5506 3291 5557 καὶ
3313 5504 3611 5576 ἀφορίζον-

2014 5612 2125 5661 τος.
2158 5595 2282 5659 Πῶς
2308 5596 2364 5649 δέ
2398 5598 2453 5650 αἱ
2492 5597 2549 5649 ἐν
2590 5593 2781 5665 ἐκείνῳ
2807 5594 3176 5667 ἀποκαλύψεις
3213 5595 3308 5649 καί
3350 5595 3450 5649 ἐπὶ
3491 5596 3609 5659 τοῖς
