  <div class='ocr_page' id='page_1' title='image "/cluster/home/n/w/nwhite01/storage/ocr_20150623/3/hvd.32044014713192/298.png"; bbox 0 0 3730 6330; ppageno 0'>
   <div class='ocr_carea' id='block_1_1' title="bbox 84 356 2771 449">
    <p class='ocr_par' dir='ltr' id='par_1_1' title="bbox 84 356 2771 449">
     <span class='ocr_line' id='line_1_1' title="bbox 84 356 2771 449; baseline -0.001 -28"><span class='ocrx_word' id='word_1_1' title='bbox 84 365 167 422; x_wconf 76' lang='grc'><strong>581</strong></span> <span class='ocrx_word' id='word_1_2' title='bbox 606 362 695 419; x_wconf 85' lang='lat' dir='ltr'><strong>DE</strong></span> <span class='ocrx_word' id='word_1_3' title='bbox 726 361 1008 419; x_wconf 81' lang='lat' dir='ltr'><strong>ECCLES.</strong></span> <span class='ocrx_word' id='word_1_4' title='bbox 1051 359 1461 449; x_wconf 77' lang='lat' dir='ltr'><strong>HlERARCii.,_</strong></span> <span class='ocrx_word' id='word_1_5' title='bbox 1487 357 1643 416; x_wconf 83' lang='lat' dir='ltr'><strong>CAP.</strong></span> <span class='ocrx_word' id='word_1_6' title='bbox 1683 356 1797 416; x_wconf 83' lang='lat' dir='ltr'><strong>VII.</strong></span> <span class='ocrx_word' id='word_1_7' title='bbox 1828 389 1856 402; x_wconf 90' lang='lat'><strong>-</strong></span> <span class='ocrx_word' id='word_1_8' title='bbox 1914 358 2265 419; x_wconf 79' lang='lat' dir='ltr'><strong>PABAPHR.</strong></span> <span class='ocrx_word' id='word_1_9' title='bbox 2300 359 2771 419; x_wconf 64' lang='lat' dir='ltr'><strong>PACHYMERIE.</strong></span> 
     </span>
    </p>
   </div>
   <div class='ocr_carea' id='block_1_2' title="bbox 3220 374 3330 431">
    <p class='ocr_par' dir='ltr' id='par_1_2' title="bbox 3220 374 3330 431">
     <span class='ocr_line' id='line_1_2' title="bbox 3220 374 3330 431; baseline 0.009 -1"><span class='ocrx_word' id='word_1_10' title='bbox 3220 374 3330 431; x_wconf 72' lang='lat'><strong>582</strong></span> 
     </span>
    </p>
   </div>
   <div class='ocr_carea' id='block_1_3' title="bbox 81 472 1665 555">
    <p class='ocr_par' dir='ltr' id='par_1_3' title="bbox 81 472 1647 555">
     <span class='ocr_line' id='line_1_3' title="bbox 81 472 1647 555; baseline -0.006 -18"><span class='ocrx_word' id='word_1_11' title='bbox 81 486 270 555; x_wconf 77' lang='grc' dir='ltr'>ἑτέροις</span> <span class='ocrx_word' id='word_1_12' title='bbox 294 479 587 552; x_wconf 82' lang='grc' dir='ltr'>ίεράρχαις</span> <span class='ocrx_word' id='word_1_13' title='bbox 620 477 831 532; x_wconf 77' lang='grc' dir='ltr'>ἔσονται</span> <span class='ocrx_word' id='word_1_14' title='bbox 865 480 933 532; x_wconf 86' lang='grc' dir='ltr'>δι’</span> <span class='ocrx_word' id='word_1_15' title='bbox 968 472 1042 533; x_wconf 83' lang='grc' dir='ltr'>ὧν</span> <span class='ocrx_word' id='word_1_16' title='bbox 1090 479 1262 533; x_wconf 89' lang='grc' dir='ltr'>ταῦτα</span> <span class='ocrx_word' id='word_1_17' title='bbox 1294 479 1388 533; x_wconf 74' lang='grc' dir='ltr'><strong>καὶ</strong></span> <span class='ocrx_word' id='word_1_18' title='bbox 1420 478 1647 549; x_wconf 85' lang='grc' dir='ltr'>ἐνεργή-</span> 
     </span>
    </p>
   </div>
   <div class='ocr_carea' id='block_1_4' title="bbox 1831 472 3328 555">
    <p class='ocr_par' dir='ltr' id='par_1_4' title="bbox 1831 476 3328 551">
     <span class='ocr_line' id='line_1_4' title="bbox 1831 476 3328 551; baseline 0.013 -23"><span class='ocrx_word' id='word_1_19' title='bbox 1831 476 1887 529; x_wconf 78' lang='lat' dir='ltr'><strong>is</strong></span> <span class='ocrx_word' id='word_1_20' title='bbox 1918 491 2134 546; x_wconf 91' lang='lat' dir='ltr'><strong>quoque</strong></span> <span class='ocrx_word' id='word_1_21' title='bbox 2154 476 2499 545; x_wconf 85' lang='lat' dir='ltr'><strong>pontiﬁcibus</strong></span> <span class='ocrx_word' id='word_1_22' title='bbox 2521 488 2701 543; x_wconf 89' lang='lat' dir='ltr'><strong>erunt,</strong></span> <span class='ocrx_word' id='word_1_23' title='bbox 2728 479 2800 535; x_wconf 88' lang='lat' dir='ltr'><strong>ita</strong></span> <span class='ocrx_word' id='word_1_24' title='bbox 2830 490 2888 536; x_wconf 86' lang='grc' dir='ltr'><strong>ιιι</strong></span> <span class='ocrx_word' id='word_1_25' title='bbox 2917 497 3013 551; x_wconf 92' lang='lat' dir='ltr'><strong>per</strong></span> <span class='ocrx_word' id='word_1_26' title='bbox 3046 484 3143 542; x_wconf 88' lang='lat' dir='ltr'><strong>hos</strong></span> <span class='ocrx_word' id='word_1_27' title='bbox 3163 489 3328 547; x_wconf 83' lang='lat' dir='ltr'><strong>etiam</strong></span> 
     </span>
    </p>
   </div>
   <div class='ocr_carea' id='block_1_5' title="bbox 82 570 1649 642">
    <p class='ocr_par' dir='ltr' id='par_1_5' title="bbox 82 570 1649 642">
     <span class='ocr_line' id='line_1_5' title="bbox 82 570 1649 642; baseline -0.003 -15"><span class='ocrx_word' id='word_1_28' title='bbox 82 589 269 637; x_wconf 86' lang='grc' dir='ltr'>σουσιν,</span> <span class='ocrx_word' id='word_1_29' title='bbox 323 571 359 642; x_wconf 72' lang='grc' dir='ltr'><strong>ἢ</strong></span> <span class='ocrx_word' id='word_1_30' title='bbox 388 571 474 624; x_wconf 81' lang='grc' dir='ltr'><strong>ὅτι</strong></span> <span class='ocrx_word' id='word_1_31' title='bbox 516 570 1018 642; x_wconf 80' lang='grc' dir='ltr'>διαπορθμευτικῶς</span> <span class='ocrx_word' id='word_1_32' title='bbox 1050 572 1145 625; x_wconf 71' lang='grc' dir='ltr'><strong>καὶ</strong></span> <span class='ocrx_word' id='word_1_33' title='bbox 1178 570 1649 642; x_wconf 86' lang='grc' dir='ltr'>ἀλληλοδιαδόχως,</span> 
     </span>
    </p>
   </div>
   <div class='ocr_carea' id='block_1_6' title="bbox 81 659 1652 733">
    <p class='ocr_par' dir='ltr' id='par_1_6' title="bbox 81 659 1652 733">
     <span class='ocr_line' id='line_1_6' title="bbox 81 659 1652 733; baseline -0.003 -16"><span class='ocrx_word' id='word_1_34' title='bbox 81 665 163 718; x_wconf 73' lang='grc' dir='ltr'><strong>καὶ</strong></span> <span class='ocrx_word' id='word_1_35' title='bbox 210 659 659 733; x_wconf 71' lang='grc' dir='ltr'>ἐκφαντορικῶςς</span> <span class='ocrx_word' id='word_1_36' title='bbox 695 662 846 732; x_wconf 86' lang='grc' dir='ltr'><strong>Ὂσῳ</strong></span> <span class='ocrx_word' id='word_1_37' title='bbox 878 660 987 733; x_wconf 87' lang='grc' dir='ltr'><strong>γάρ</strong></span> <span class='ocrx_word' id='word_1_38' title='bbox 1030 659 1394 733; x_wconf 88' lang='grc' dir='ltr'>πληθύνονται</span> <span class='ocrx_word' id='word_1_39' title='bbox 1426 659 1496 714; x_wconf 81' lang='grc' dir='ltr'>τὰ</span> <span class='ocrx_word' id='word_1_40' title='bbox 1541 660 1652 714; x_wconf 88' lang='grc' dir='ltr'><strong>τῶν</strong></span> 
     </span>
    </p>
   </div>
   <div class='ocr_carea' id='block_1_7' title="bbox 80 752 1648 825">
    <p class='ocr_par' dir='ltr' id='par_1_7' title="bbox 80 752 1648 825">
     <span class='ocr_line' id='line_1_7' title="bbox 80 752 1648 825; baseline -0.002 -15"><span class='ocrx_word' id='word_1_41' title='bbox 80 754 468 825; x_wconf 77' lang='grc' dir='ltr'><strong>ἀποκαλύψεων</strong></span> <span class='ocrx_word' id='word_1_42' title='bbox 492 756 549 808; x_wconf 88' lang='grc' dir='ltr'><strong>ἐν</strong></span> <span class='ocrx_word' id='word_1_43' title='bbox 569 753 802 822; x_wconf 80' lang='grc' dir='ltr'><strong>πολλοῖς,</strong></span> <span class='ocrx_word' id='word_1_44' title='bbox 820 752 1059 825; x_wconf 84' lang='grc' dir='ltr'>τοσούτῳ</span> <span class='ocrx_word' id='word_1_45' title='bbox 1077 753 1274 825; x_wconf 81' lang='grc' dir='ltr'>μᾶλλον</span> <span class='ocrx_word' id='word_1_46' title='bbox 1284 754 1648 824; x_wconf 82' lang='grc' dir='ltr'>ἐκφαίνονται.</span> 
     </span>
    </p>
   </div>
   <div class='ocr_carea' id='block_1_8' title="bbox 80 845 1655 920">
    <p class='ocr_par' dir='ltr' id='par_1_8' title="bbox 80 845 1655 920">
     <span class='ocr_line' id='line_1_8' title="bbox 80 845 1655 920; baseline 0.002 -19"><span class='ocrx_word' id='word_1_47' title='bbox 80 850 178 902; x_wconf 76' lang='grc' dir='ltr'><strong>Καὶ</strong></span> <span class='ocrx_word' id='word_1_48' title='bbox 200 848 310 919; x_wconf 91' lang='grc' dir='ltr'><strong>γάρ</strong></span> <span class='ocrx_word' id='word_1_49' title='bbox 336 846 438 919; x_wconf 81' lang='grc' dir='ltr'><strong>τὴν</strong></span> <span class='ocrx_word' id='word_1_50' title='bbox 476 847 627 919; x_wconf 75' lang='grc' dir='ltr'>ἱερὰν</span> <span class='ocrx_word' id='word_1_51' title='bbox 662 846 877 919; x_wconf 82' lang='grc' dir='ltr'>ἐκείνην</span> <span class='ocrx_word' id='word_1_52' title='bbox 912 845 1209 916; x_wconf 89' lang='grc' dir='ltr'>θεολογίαν,</span> <span class='ocrx_word' id='word_1_53' title='bbox 1243 848 1363 920; x_wconf 80' lang='grc' dir='ltr'>τήν·</span> <span class='ocrx_word' id='word_1_54' title='bbox 1394 848 1478 903; x_wconf 87' lang='grc' dir='ltr'><strong>Σὺ</strong></span> <span class='ocrx_word' id='word_1_55' title='bbox 1523 848 1577 901; x_wconf 80' lang='grc' dir='ltr'>εἷ</span> <span class='ocrx_word' id='word_1_56' title='bbox 1621 852 1655 904; x_wconf 80' lang='grc' dir='ltr'><strong>ό</strong></span> 
     </span>
    </p>
   </div>
   <div class='ocr_carea' id='block_1_9' title="bbox 79 936 1656 1009">
    <p class='ocr_par' dir='ltr' id='par_1_9' title="bbox 79 936 1656 1009">
     <span class='ocr_line' id='line_1_9' title="bbox 79 936 1656 1009; baseline -0.001 -16"><span class='ocrx_word' id='word_1_57' title='bbox 79 938 324 1009; x_wconf 80' lang='grc' dir='ltr'>Χριστὸς</span> <span class='ocrx_word' id='word_1_58' title='bbox 353 942 387 994; x_wconf 85' lang='grc' dir='ltr'><em>ὀ</em></span> <span class='ocrx_word' id='word_1_59' title='bbox 426 938 563 1005; x_wconf 76' lang='grc' dir='ltr'>Υἱός</span> <span class='ocrx_word' id='word_1_60' title='bbox 588 939 693 992; x_wconf 83' lang='grc' dir='ltr'><strong>τοῦ</strong></span> <span class='ocrx_word' id='word_1_61' title='bbox 716 938 866 993; x_wconf 85' lang='grc' dir='ltr'><strong>Θεοῦ</strong></span> <span class='ocrx_word' id='word_1_62' title='bbox 892 938 997 993; x_wconf 83' lang='grc' dir='ltr'><strong>τοῦ</strong></span> <span class='ocrx_word' id='word_1_63' title='bbox 1024 937 1256 1004; x_wconf 78' lang='grc' dir='ltr'>ζῶντος,</span> <span class='ocrx_word' id='word_1_64' title='bbox 1289 939 1388 992; x_wconf 81' lang='grc' dir='ltr'><strong>οὐκ</strong></span> <span class='ocrx_word' id='word_1_65' title='bbox 1416 936 1507 1009; x_wconf 80' lang='grc' dir='ltr'>ἀφ’</span> <span class='ocrx_word' id='word_1_66' title='bbox 1536 940 1656 992; x_wconf 84' lang='grc' dir='ltr'>ἐαυ-</span> 
     </span>
    </p>
   </div>
   <div class='ocr_carea' id='block_1_10' title="bbox 77 1029 1656 1102">
    <p class='ocr_par' dir='ltr' id='par_1_10' title="bbox 77 1029 1656 1102">
     <span class='ocr_line' id='line_1_10' title="bbox 77 1029 1656 1102; baseline -0.001 -16"><span class='ocrx_word' id='word_1_67' title='bbox 77 1033 180 1099; x_wconf 87' lang='grc' dir='ltr'>τοῦ,</span> <span class='ocrx_word' id='word_1_68' title='bbox 201 1032 311 1085; x_wconf 69' lang='grc' dir='ltr'>οὐδ’</span> <span class='ocrx_word' id='word_1_69' title='bbox 328 1031 439 1085; x_wconf 79' lang='grc' dir='ltr'><strong>ἀπὸ</strong></span> <span class='ocrx_word' id='word_1_70' title='bbox 455 1030 654 1102; x_wconf 72' lang='grc' dir='ltr'>σαρκὸς</span> <span class='ocrx_word' id='word_1_71' title='bbox 673 1031 767 1083; x_wconf 80' lang='grc' dir='ltr'><strong>καὶ</strong></span> <span class='ocrx_word' id='word_1_72' title='bbox 786 1031 1035 1101; x_wconf 79' lang='grc' dir='ltr'>αἵματος,</span> <span class='ocrx_word' id='word_1_73' title='bbox 1054 1029 1167 1083; x_wconf 81' lang='grc' dir='ltr'>ἀλλ’</span> <span class='ocrx_word' id='word_1_74' title='bbox 1184 1030 1289 1083; x_wconf 81' lang='grc' dir='ltr'><strong>ὑπὸ</strong></span> <span class='ocrx_word' id='word_1_75' title='bbox 1304 1030 1438 1083; x_wconf 89' lang='grc' dir='ltr'>Θεοῦ</span> <span class='ocrx_word' id='word_1_76' title='bbox 1459 1030 1656 1102; x_wconf 82' lang='grc' dir='ltr'>μυοῦν-</span> 
     </span>
    </p>
   </div>
   <div class='ocr_carea' id='block_1_11' title="bbox 78 1121 1655 1193">
    <p class='ocr_par' dir='ltr' id='par_1_11' title="bbox 78 1121 1655 1193">
     <span class='ocr_line' id='line_1_11' title="bbox 78 1121 1655 1193; baseline -0.001 -14"><span class='ocrx_word' id='word_1_77' title='bbox 78 1143 159 1189; x_wconf 87' lang='grc' dir='ltr'><strong>τος</strong></span> <span class='ocrx_word' id='word_1_78' title='bbox 195 1124 291 1179; x_wconf 76' lang='grc' dir='ltr'><strong>καὶ</strong></span> <span class='ocrx_word' id='word_1_79' title='bbox 336 1124 617 1188; x_wconf 87' lang='grc' dir='ltr'>κινοῦντος</span> <span class='ocrx_word' id='word_1_80' title='bbox 672 1123 834 1177; x_wconf 76' lang='grc' dir='ltr'>αὐτὸν</span> <span class='ocrx_word' id='word_1_81' title='bbox 888 1121 1287 1193; x_wconf 82' lang='grc' dir='ltr'><strong>ἀπεφθέγξατο.</strong></span> <span class='ocrx_word' id='word_1_82' title='bbox 1336 1124 1475 1188; x_wconf 80' lang='grc' dir='ltr'>Τοὺς</span> <span class='ocrx_word' id='word_1_83' title='bbox 1524 1123 1655 1193; x_wconf 92' lang='grc' dir='ltr'>γοῦν</span> 
     </span>
    </p>
   </div>
   <div class='ocr_carea' id='block_1_12' title="bbox 80 1216 1651 1292">
    <p class='ocr_par' dir='ltr' id='par_1_12' title="bbox 80 1216 1651 1292">
     <span class='ocr_line' id='line_1_12' title="bbox 80 1216 1651 1292; baseline -0.003 -19"><span class='ocrx_word' id='word_1_84' title='bbox 80 1220 345 1292; x_wconf 83' lang='grc' dir='ltr'>ἀρχιερεῖς</span> <span class='ocrx_word' id='word_1_85' title='bbox 370 1216 516 1271; x_wconf 86' lang='grc' dir='ltr'>οῦτω</span> <span class='ocrx_word' id='word_1_86' title='bbox 547 1217 666 1281; x_wconf 87' lang='grc' dir='ltr'>ταῖς</span> <span class='ocrx_word' id='word_1_87' title='bbox 704 1216 1042 1288; x_wconf 84' lang='grc' dir='ltr'>ίεραρχικαῖς</span> <span class='ocrx_word' id='word_1_88' title='bbox 1068 1216 1328 1288; x_wconf 85' lang='grc' dir='ltr'>δυνάμεσι</span> <span class='ocrx_word' id='word_1_89' title='bbox 1368 1217 1651 1288; x_wconf 88' lang='grc' dir='ltr'>χρηστέον.</span> 
     </span>
    </p>
   </div>
   <div class='ocr_carea' id='block_1_13' title="bbox 90 1307 1655 1382">
    <p class='ocr_par' dir='ltr' id='par_1_13' title="bbox 90 1307 1655 1382">
     <span class='ocr_line' id='line_1_13' title="bbox 90 1307 1655 1382; baseline -0.001 -17"><span class='ocrx_word' id='word_1_90' title='bbox 90 1310 298 1382; x_wconf 80' lang='grc' dir='ltr'>Ἀττικὴ</span> <span class='ocrx_word' id='word_1_91' title='bbox 325 1310 383 1363; x_wconf 84' lang='grc' dir='ltr'>δὲ</span> <span class='ocrx_word' id='word_1_92' title='bbox 403 1312 437 1382; x_wconf 82' lang='grc' dir='ltr'><strong>ἡ</strong></span> <span class='ocrx_word' id='word_1_93' title='bbox 468 1307 737 1376; x_wconf 81' lang='grc' dir='ltr'>σύνταξις,</span> <span class='ocrx_word' id='word_1_94' title='bbox 764 1307 861 1363; x_wconf 75' lang='grc' dir='ltr'>καὶ</span> <span class='ocrx_word' id='word_1_95' title='bbox 882 1309 1124 1381; x_wconf 86' lang='grc' dir='ltr'>ἀρχαῖον,</span> <span class='ocrx_word' id='word_1_96' title='bbox 1149 1309 1211 1361; x_wconf 85' lang='grc' dir='ltr'>τὸ</span> <span class='ocrx_word' id='word_1_97' title='bbox 1242 1309 1557 1363; x_wconf 83' lang='grc' dir='ltr'>συντάσσειν</span> <span class='ocrx_word' id='word_1_98' title='bbox 1586 1308 1655 1363; x_wconf 81' lang='grc' dir='ltr'>τὰ</span> 
     </span>
    </p>
   </div>
   <div class='ocr_carea' id='block_1_14' title="bbox 82 1398 1656 1466">
    <p class='ocr_par' dir='ltr' id='par_1_14' title="bbox 82 1398 1656 1466">
     <span class='ocr_line' id='line_1_14' title="bbox 82 1398 1656 1466; baseline -0.001 -10"><span class='ocrx_word' id='word_1_99' title='bbox 82 1401 367 1456; x_wconf 80' lang='grc' dir='ltr'>ὑποθετικὰ</span> <span class='ocrx_word' id='word_1_100' title='bbox 397 1403 726 1464; x_wconf 86' lang='grc' dir='ltr'>αίτιατικαῖς</span> <span class='ocrx_word' id='word_1_101' title='bbox 764 1398 1067 1454; x_wconf 72' lang='grc' dir='ltr'>πτώσεσινο</span> <span class='ocrx_word' id='word_1_102' title='bbox 1105 1399 1247 1453; x_wconf 79' lang='grc' dir='ltr'>οὕτω</span> <span class='ocrx_word' id='word_1_103' title='bbox 1288 1417 1426 1466; x_wconf 92' lang='grc' dir='ltr'>πως,</span> <span class='ocrx_word' id='word_1_104' title='bbox 1475 1399 1656 1465; x_wconf 89' lang='grc' dir='ltr'>καθὼς</span> 
     </span>
    </p>
   </div>
   <div class='ocr_carea' id='block_1_15' title="bbox 81 1491 1658 1568">
    <p class='ocr_par' dir='ltr' id='par_1_15' title="bbox 81 1491 1658 1568">
     <span class='ocr_line' id='line_1_15' title="bbox 81 1491 1658 1568; baseline -0.003 -17"><span class='ocrx_word' id='word_1_105' title='bbox 81 1498 138 1551; x_wconf 77' lang='grc' dir='ltr'>ἂν</span> <span class='ocrx_word' id='word_1_106' title='bbox 169 1496 382 1568; x_wconf 81' lang='grc' dir='ltr'>κινήσοι</span> <span class='ocrx_word' id='word_1_107' title='bbox 410 1494 607 1558; x_wconf 75' lang='grc' dir='ltr'>αὐτοὺς</span> <span class='ocrx_word' id='word_1_108' title='bbox 639 1494 667 1548; x_wconf 89' lang='lat'><strong>6</strong></span> <span class='ocrx_word' id='word_1_109' title='bbox 688 1491 840 1557; x_wconf 85' lang='grc' dir='ltr'>Θεός·</span> <span class='ocrx_word' id='word_1_110' title='bbox 862 1493 991 1557; x_wconf 73' lang='grc' dir='ltr'>τοὺς</span> <span class='ocrx_word' id='word_1_111' title='bbox 1022 1492 1078 1547; x_wconf 85' lang='grc' dir='ltr'><strong>δέ</strong></span> <span class='ocrx_word' id='word_1_112' title='bbox 1112 1492 1304 1558; x_wconf 77' lang='grc' dir='ltr'>ἄλλους</span> <span class='ocrx_word' id='word_1_113' title='bbox 1329 1494 1469 1547; x_wconf 78' lang='grc' dir='ltr'>οὕτω</span> <span class='ocrx_word' id='word_1_114' title='bbox 1496 1511 1658 1567; x_wconf 93' lang='grc' dir='ltr'>προσ-</span> 
     </span>
    </p>
   </div>
   <div class='ocr_carea' id='block_1_16' title="bbox 80 1583 1657 1656">
    <p class='ocr_par' dir='ltr' id='par_1_16' title="bbox 80 1583 1657 1656">
     <span class='ocr_line' id='line_1_16' title="bbox 80 1583 1657 1656; baseline -0.001 -15"><span class='ocrx_word' id='word_1_115' title='bbox 80 1587 316 1641; x_wconf 86' lang='grc' dir='ltr'>ενεκτέον</span> <span class='ocrx_word' id='word_1_116' title='bbox 357 1588 474 1650; x_wconf 90' lang='grc' dir='ltr'>τοῖς</span> <span class='ocrx_word' id='word_1_117' title='bbox 532 1584 815 1655; x_wconf 81' lang='grc' dir='ltr'>ἱεράρχαις</span> <span class='ocrx_word' id='word_1_118' title='bbox 864 1584 981 1655; x_wconf 69' lang='grc' dir='ltr'>(καὶ</span> <span class='ocrx_word' id='word_1_119' title='bbox 1022 1583 1180 1637; x_wconf 89' lang='grc' dir='ltr'>τοῦτο</span> <span class='ocrx_word' id='word_1_120' title='bbox 1214 1584 1323 1656; x_wconf 81' lang='grc' dir='ltr'>γὰρ</span> <span class='ocrx_word' id='word_1_121' title='bbox 1353 1585 1497 1639; x_wconf 73' lang='grc' dir='ltr'>οὕτω</span> <span class='ocrx_word' id='word_1_122' title='bbox 1532 1603 1657 1639; x_wconf 90' lang='grc' dir='ltr'>συν-</span> 
     </span>
    </p>
   </div>
   <div class='ocr_carea' id='block_1_17' title="bbox 78 1675 1657 1749">
    <p class='ocr_par' dir='ltr' id='par_1_17' title="bbox 78 1675 1657 1749">
     <span class='ocr_line' id='line_1_17' title="bbox 78 1675 1657 1749; baseline -0.001 -17"><span class='ocrx_word' id='word_1_123' title='bbox 78 1678 349 1749; x_wconf 76' lang='grc' dir='ltr'><strong>τάσσεται)</strong></span> <span class='ocrx_word' id='word_1_124' title='bbox 403 1676 481 1741; x_wconf 87' lang='grc' dir='ltr'>ὡς</span> <span class='ocrx_word' id='word_1_125' title='bbox 513 1676 618 1731; x_wconf 77' lang='grc' dir='ltr'>ὑπὸ</span> <span class='ocrx_word' id='word_1_126' title='bbox 650 1675 785 1729; x_wconf 83' lang='grc' dir='ltr'>Θεοῦ</span> <span class='ocrx_word' id='word_1_127' title='bbox 835 1675 1241 1747; x_wconf 76' lang='grc' dir='ltr'>κεκινημένοιςο</span> <span class='ocrx_word' id='word_1_128' title='bbox 1280 1677 1415 1749; x_wconf 77' lang='grc' dir='ltr'>πρὸς</span> <span class='ocrx_word' id='word_1_129' title='bbox 1460 1679 1657 1743; x_wconf 76' lang='grc' dir='ltr'>αὐτοὺς</span> 
     </span>
    </p>
   </div>
   <div class='ocr_carea' id='block_1_18' title="bbox 79 1753 1653 1843">
    <p class='ocr_par' dir='ltr' id='par_1_18' title="bbox 79 1753 1653 1843">
     <span class='ocr_line' id='line_1_18' title="bbox 79 1753 1653 1843; baseline -0.008 -17"><span class='ocrx_word' id='word_1_130' title='bbox 79 1773 175 1843; x_wconf 78' lang='grc' dir='ltr'><strong>γάρ</strong></span> <span class='ocrx_word' id='word_1_131' title='bbox 202 1772 321 1824; x_wconf 80' lang='grc' dir='ltr'>ἐστι</span> <span class='ocrx_word' id='word_1_132' title='bbox 350 1772 380 1824; x_wconf 89' lang='lat'><strong>6</strong></span> <span class='ocrx_word' id='word_1_133' title='bbox 400 1767 497 1824; x_wconf 88' lang='grc' dir='ltr'><strong>τοῦ</strong></span> <span class='ocrx_word' id='word_1_134' title='bbox 523 1753 792 1822; x_wconf 74' lang='grc' dir='ltr'>Ᾱεσπότου</span> <span class='ocrx_word' id='word_1_135' title='bbox 807 1767 1041 1839; x_wconf 76' lang='grc' dir='ltr'>Χριστοῦ</span> <span class='ocrx_word' id='word_1_136' title='bbox 1058 1768 1233 1837; x_wconf 84' lang='grc' dir='ltr'>λόγος,</span> <span class='ocrx_word' id='word_1_137' title='bbox 1269 1769 1329 1823; x_wconf 86' lang='lat'><strong>&#39;0</strong></span> <span class='ocrx_word' id='word_1_138' title='bbox 1345 1768 1500 1841; x_wconf 82' lang='grc' dir='ltr'><strong>ὑμᾶς</strong></span> <span class='ocrx_word' id='word_1_139' title='bbox 1520 1770 1653 1826; x_wconf 69' lang='lat' dir='ltr'><strong>dog-</strong></span> 
     </span>
    </p>
   </div>
   <div class='ocr_carea' id='block_1_19' title="bbox 80 1861 589 1932">
    <p class='ocr_par' dir='ltr' id='par_1_19' title="bbox 80 1861 589 1932">
     <span class='ocr_line' id='line_1_19' title="bbox 80 1861 589 1932; baseline -0.002 -15"><span class='ocrx_word' id='word_1_140' title='bbox 80 1864 204 1927; x_wconf 78' lang='grc' dir='ltr'>τῶν,</span> <span class='ocrx_word' id='word_1_141' title='bbox 234 1862 347 1932; x_wconf 83' lang='grc' dir='ltr'>ἐμὲ</span> <span class='ocrx_word' id='word_1_142' title='bbox 367 1861 589 1917; x_wconf 84' lang='grc' dir='ltr'>ἀθετεῖ.</span> 
     </span>
    </p>
   </div>
   <div class='ocr_carea' id='block_1_20' title="bbox 140 1936 1653 2025">
    <p class='ocr_par' dir='ltr' id='par_1_20' title="bbox 140 1936 1653 2025">
     <span class='ocr_line' id='line_1_20' title="bbox 140 1936 1653 2025; baseline -0.001 -17"><span class='ocrx_word' id='word_1_143' title='bbox 140 1954 164 2025; x_wconf 76' lang='lat'>§</span> <span class='ocrx_word' id='word_1_144' title='bbox 191 1936 325 2008; x_wconf 80' lang='lat' dir='ltr'><strong>Viil.</strong></span> <span class='ocrx_word' id='word_1_145' title='bbox 361 1951 503 2005; x_wconf 78' lang='grc' dir='ltr'>Ἀλλ’</span> <span class='ocrx_word' id='word_1_146' title='bbox 522 1952 907 2015; x_wconf 89' lang='grc' dir='ltr'>ἐπανελθόντες</span> <span class='ocrx_word' id='word_1_147' title='bbox 928 1951 1179 2023; x_wconf 87' lang='grc' dir='ltr'>λέγομεν,</span> <span class='ocrx_word' id='word_1_148' title='bbox 1203 1953 1285 2006; x_wconf 86' lang='grc' dir='ltr'><strong>ὄτι</strong></span> <span class='ocrx_word' id='word_1_149' title='bbox 1308 1952 1653 2025; x_wconf 82' lang='grc' dir='ltr'>τελεσθείσης</span> 
     </span>
    </p>
   </div>
   <div class='ocr_carea' id='block_1_21' title="bbox 81 2044 1655 2118">
    <p class='ocr_par' dir='ltr' id='par_1_21' title="bbox 81 2044 1655 2118">
     <span class='ocr_line' id='line_1_21' title="bbox 81 2044 1655 2118; baseline -0.001 -19"><span class='ocrx_word' id='word_1_150' title='bbox 81 2048 166 2118; x_wconf 78' lang='grc' dir='ltr'>τῆς</span> <span class='ocrx_word' id='word_1_151' title='bbox 197 2047 389 2118; x_wconf 83' lang='grc' dir='ltr'>εὐχῆς,</span> <span class='ocrx_word' id='word_1_152' title='bbox 438 2045 773 2110; x_wconf 77' lang='grc' dir='ltr'>ἀσπάζονται</span> <span class='ocrx_word' id='word_1_153' title='bbox 806 2044 1044 2108; x_wconf 76' lang='grc' dir='ltr'>ἅπαντες</span> <span class='ocrx_word' id='word_1_154' title='bbox 1075 2044 1167 2098; x_wconf 79' lang='grc' dir='ltr'><strong>τὸν</strong></span> <span class='ocrx_word' id='word_1_155' title='bbox 1218 2044 1617 2117; x_wconf 80' lang='grc' dir='ltr'>κεκοιμημένον</span> <span class='ocrx_word' id='word_1_156' title='bbox 1641 2062 1655 2075; x_wconf 72' lang='grc' dir='ltr'><strong>ο</strong></span> 
     </span>
    </p>
   </div>
   <div class='ocr_carea' id='block_1_22' title="bbox 83 2136 1661 2211">
    <p class='ocr_par' dir='ltr' id='par_1_22' title="bbox 83 2136 1661 2211">
     <span class='ocr_line' id='line_1_22' title="bbox 83 2136 1661 2211; baseline -0.001 -19"><span class='ocrx_word' id='word_1_157' title='bbox 83 2140 200 2211; x_wconf 70' lang='grc' dir='ltr'>ἡδὺς</span> <span class='ocrx_word' id='word_1_158' title='bbox 224 2139 337 2211; x_wconf 79' lang='grc' dir='ltr'><strong>γὰρ</strong></span> <span class='ocrx_word' id='word_1_159' title='bbox 368 2139 467 2191; x_wconf 75' lang='grc' dir='ltr'><strong>καὶ</strong></span> <span class='ocrx_word' id='word_1_160' title='bbox 501 2137 683 2209; x_wconf 89' lang='grc' dir='ltr'>τίμιος</span> <span class='ocrx_word' id='word_1_161' title='bbox 709 2138 737 2191; x_wconf 98' lang='lat'><strong>6</strong></span> <span class='ocrx_word' id='word_1_162' title='bbox 768 2137 939 2207; x_wconf 88' lang='grc' dir='ltr'>ἀγίως</span> <span class='ocrx_word' id='word_1_163' title='bbox 975 2137 1268 2209; x_wconf 79' lang='grc' dir='ltr'>βεϐιωκώς.</span> <span class='ocrx_word' id='word_1_164' title='bbox 1298 2137 1455 2193; x_wconf 83' lang='grc' dir='ltr'>Μετὰ</span> <span class='ocrx_word' id='word_1_165' title='bbox 1485 2136 1661 2191; x_wconf 88' lang='grc' dir='ltr'>ταῦτα</span> 
     </span>
    </p>
   </div>
   <div class='ocr_carea' id='block_1_23' title="bbox 84 2229 1662 2303">
    <p class='ocr_par' dir='ltr' id='par_1_23' title="bbox 84 2229 1662 2303">
     <span class='ocr_line' id='line_1_23' title="bbox 84 2229 1662 2303; baseline -0.001 -19"><span class='ocrx_word' id='word_1_166' title='bbox 84 2232 278 2302; x_wconf 84' lang='grc' dir='ltr'>ὲπιχέει</span> <span class='ocrx_word' id='word_1_167' title='bbox 303 2231 368 2285; x_wconf 81' lang='grc' dir='ltr'><strong>τδ</strong></span> <span class='ocrx_word' id='word_1_168' title='bbox 411 2230 588 2284; x_wconf 80' lang='grc' dir='ltr'>ἔλαιον</span> <span class='ocrx_word' id='word_1_169' title='bbox 615 2232 643 2284; x_wconf 92' lang='lat'><strong>6</strong></span> <span class='ocrx_word' id='word_1_170' title='bbox 685 2230 944 2301; x_wconf 88' lang='grc' dir='ltr'>ἱεράρχης</span> <span class='ocrx_word' id='word_1_171' title='bbox 977 2230 1055 2301; x_wconf 83' lang='grc' dir='ltr'>τῷ</span> <span class='ocrx_word' id='word_1_172' title='bbox 1078 2231 1331 2303; x_wconf 76' lang='grc' dir='ltr'>κειμένῳ.</span> <span class='ocrx_word' id='word_1_173' title='bbox 1373 2229 1662 2302; x_wconf 86' lang='grc' dir='ltr'>Ἐλέγομεν</span> 
     </span>
    </p>
   </div>
   <div class='ocr_carea' id='block_1_24' title="bbox 80 2317 1661 2393">
    <p class='ocr_par' dir='ltr' id='par_1_24' title="bbox 80 2317 1661 2393">
     <span class='ocr_line' id='line_1_24' title="bbox 80 2317 1661 2393; baseline -0.003 -17"><span class='ocrx_word' id='word_1_174' title='bbox 80 2321 129 2375; x_wconf 79' lang='grc' dir='ltr'>δὲ</span> <span class='ocrx_word' id='word_1_175' title='bbox 157 2324 212 2375; x_wconf 80' lang='grc' dir='ltr'><strong>ἐν</strong></span> <span class='ocrx_word' id='word_1_176' title='bbox 237 2323 355 2385; x_wconf 90' lang='grc' dir='ltr'>τοῖς</span> <span class='ocrx_word' id='word_1_177' title='bbox 383 2320 515 2390; x_wconf 78' lang='grc' dir='ltr'>περὶ</span> <span class='ocrx_word' id='word_1_178' title='bbox 534 2318 628 2373; x_wconf 89' lang='grc' dir='ltr'><strong>τοῦ</strong></span> <span class='ocrx_word' id='word_1_179' title='bbox 656 2317 1001 2390; x_wconf 83' lang='grc' dir='ltr'>φωτίσματος</span> <span class='ocrx_word' id='word_1_180' title='bbox 1033 2319 1231 2390; x_wconf 85' lang='grc' dir='ltr'>λόγοις,</span> <span class='ocrx_word' id='word_1_181' title='bbox 1266 2321 1342 2386; x_wconf 85' lang='grc' dir='ltr'>ὡς</span> <span class='ocrx_word' id='word_1_182' title='bbox 1372 2320 1451 2392; x_wconf 84' lang='grc' dir='ltr'><strong>τῷ</strong></span> <span class='ocrx_word' id='word_1_183' title='bbox 1497 2320 1661 2393; x_wconf 83' lang='grc' dir='ltr'>ἐλαίῳ</span> 
     </span>
    </p>
   </div>
   <div class='ocr_carea' id='block_1_25' title="bbox 83 2410 1661 2485">
    <p class='ocr_par' dir='ltr' id='par_1_25' title="bbox 83 2410 1661 2485">
     <span class='ocr_line' id='line_1_25' title="bbox 83 2410 1661 2485; baseline 0.001 -20"><span class='ocrx_word' id='word_1_184' title='bbox 83 2412 304 2485; x_wconf 81' lang='grc' dir='ltr'>πρώτως</span> <span class='ocrx_word' id='word_1_185' title='bbox 345 2412 566 2484; x_wconf 79' lang='grc' dir='ltr'>ἐχρίετο</span> <span class='ocrx_word' id='word_1_186' title='bbox 618 2414 645 2466; x_wconf 90' lang='lat'><strong>6</strong></span> <span class='ocrx_word' id='word_1_187' title='bbox 681 2410 1004 2482; x_wconf 80' lang='grc' dir='ltr'>τελούμενος</span> <span class='ocrx_word' id='word_1_188' title='bbox 1049 2412 1167 2483; x_wconf 82' lang='grc' dir='ltr'>μεθ’</span> <span class='ocrx_word' id='word_1_189' title='bbox 1214 2412 1241 2466; x_wconf 86' lang='grc' dir='ltr'><strong>ὃ</strong></span> <span class='ocrx_word' id='word_1_190' title='bbox 1286 2414 1387 2485; x_wconf 83' lang='grc' dir='ltr'>τῆς</span> <span class='ocrx_word' id='word_1_191' title='bbox 1434 2412 1661 2483; x_wconf 81' lang='grc' dir='ltr'>ἐσθῆτος</span> 
     </span>
    </p>
   </div>
   <div class='ocr_carea' id='block_1_26' title="bbox 83 2504 1661 2576">
    <p class='ocr_par' dir='ltr' id='par_1_26' title="bbox 83 2504 1661 2576">
     <span class='ocr_line' id='line_1_26' title="bbox 83 2504 1661 2576; baseline 0.001 -18"><span class='ocrx_word' id='word_1_192' title='bbox 83 2505 487 2576; x_wconf 75' lang='grc' dir='ltr'>ἀπεγυμνοῦτοο</span> <span class='ocrx_word' id='word_1_193' title='bbox 515 2505 745 2559; x_wconf 83' lang='grc' dir='ltr'>ἐνταῦθα</span> <span class='ocrx_word' id='word_1_194' title='bbox 786 2506 843 2558; x_wconf 90' lang='grc' dir='ltr'><strong>ἐν</strong></span> <span class='ocrx_word' id='word_1_195' title='bbox 886 2504 965 2576; x_wconf 81' lang='grc' dir='ltr'>τῷ</span> <span class='ocrx_word' id='word_1_196' title='bbox 993 2504 1156 2570; x_wconf 86' lang='grc' dir='ltr'>τέλει,</span> <span class='ocrx_word' id='word_1_197' title='bbox 1212 2506 1306 2559; x_wconf 73' lang='grc' dir='ltr'><strong>καὶ</strong></span> <span class='ocrx_word' id='word_1_198' title='bbox 1344 2504 1517 2559; x_wconf 88' lang='grc' dir='ltr'>ταῦτα</span> <span class='ocrx_word' id='word_1_199' title='bbox 1562 2507 1661 2559; x_wconf 78' lang='grc' dir='ltr'><strong>οὐκ</strong></span> 
     </span>
    </p>
   </div>
   <div class='ocr_carea' id='block_1_27' title="bbox 84 2594 1659 2671">
    <p class='ocr_par' dir='ltr' id='par_1_27' title="bbox 84 2594 1659 2671">
     <span class='ocr_line' id='line_1_27' title="bbox 84 2594 1659 2671; baseline 0.001 -21"><span class='ocrx_word' id='word_1_200' title='bbox 84 2598 399 2662; x_wconf 86' lang='grc' dir='ltr'>ἀπεικότως.</span> <span class='ocrx_word' id='word_1_201' title='bbox 450 2595 667 2669; x_wconf 75' lang='grc' dir='ltr'>Ἐπειδὴ</span> <span class='ocrx_word' id='word_1_202' title='bbox 705 2597 814 2669; x_wconf 85' lang='grc' dir='ltr'><strong>γὰρ</strong></span> <span class='ocrx_word' id='word_1_203' title='bbox 864 2598 958 2651; x_wconf 72' lang='grc' dir='ltr'><strong>καὶ</strong></span> <span class='ocrx_word' id='word_1_204' title='bbox 999 2599 1048 2651; x_wconf 76' lang='grc' dir='ltr'>οἱ</span> <span class='ocrx_word' id='word_1_205' title='bbox 1084 2598 1164 2661; x_wconf 88' lang='grc' dir='ltr'><strong>είς</strong></span> <span class='ocrx_word' id='word_1_206' title='bbox 1209 2594 1427 2666; x_wconf 79' lang='grc' dir='ltr'>ἀγῶνας</span> <span class='ocrx_word' id='word_1_207' title='bbox 1467 2598 1659 2671; x_wconf 84' lang='grc' dir='ltr'>εὑτρε-</span> 
     </span>
    </p>
   </div>
   <div class='ocr_carea' id='block_1_28' title="bbox 82 2690 1660 2764">
    <p class='ocr_par' dir='ltr' id='par_1_28' title="bbox 82 2690 1660 2764">
     <span class='ocr_line' id='line_1_28' title="bbox 82 2690 1660 2764; baseline 0.002 -21"><span class='ocrx_word' id='word_1_208' title='bbox 82 2692 356 2763; x_wconf 78' lang='grc' dir='ltr'>πιζόμενοι</span> <span class='ocrx_word' id='word_1_209' title='bbox 392 2692 659 2764; x_wconf 81' lang='grc' dir='ltr'>χρίονται,</span> <span class='ocrx_word' id='word_1_210' title='bbox 711 2693 804 2745; x_wconf 78' lang='grc' dir='ltr'>καὶ</span> <span class='ocrx_word' id='word_1_211' title='bbox 836 2692 885 2745; x_wconf 79' lang='grc' dir='ltr'><strong>οἱ</strong></span> <span class='ocrx_word' id='word_1_212' title='bbox 930 2690 1036 2745; x_wconf 91' lang='grc' dir='ltr'><strong>τῶν</strong></span> <span class='ocrx_word' id='word_1_213' title='bbox 1069 2690 1291 2761; x_wconf 85' lang='grc' dir='ltr'><strong>ἀγώνων</strong></span> <span class='ocrx_word' id='word_1_214' title='bbox 1324 2693 1660 2763; x_wconf 88' lang='grc' dir='ltr'>παυσάμενοι</span> 
     </span>
    </p>
   </div>
   <div class='ocr_carea' id='block_1_29' title="bbox 83 2783 1660 2856">
    <p class='ocr_par' dir='ltr' id='par_1_29' title="bbox 83 2783 1660 2856">
     <span class='ocr_line' id='line_1_29' title="bbox 83 2783 1660 2856; baseline 0.001 -19"><span class='ocrx_word' id='word_1_215' title='bbox 83 2785 170 2838; x_wconf 83' lang='grc' dir='ltr'>καὶ</span> <span class='ocrx_word' id='word_1_216' title='bbox 213 2786 322 2840; x_wconf 89' lang='grc' dir='ltr'><strong>τῶν</strong></span> <span class='ocrx_word' id='word_1_217' title='bbox 360 2783 605 2856; x_wconf 76' lang='grc' dir='ltr'>ἱδρώτων</span> <span class='ocrx_word' id='word_1_218' title='bbox 654 2784 1085 2855; x_wconf 83' lang='grc' dir='ltr'>ἀπολουσάμενοι</span> <span class='ocrx_word' id='word_1_219' title='bbox 1132 2784 1395 2856; x_wconf 77' lang='grc' dir='ltr'>χρίονται,</span> <span class='ocrx_word' id='word_1_220' title='bbox 1437 2784 1660 2849; x_wconf 74' lang='grc' dir='ltr'>εἰκότως</span> 
     </span>
    </p>
   </div>
   <div class='ocr_carea' id='block_1_30' title="bbox 82 2875 1662 2949">
    <p class='ocr_par' dir='ltr' id='par_1_30' title="bbox 82 2875 1662 2949">
     <span class='ocr_line' id='line_1_30' title="bbox 82 2875 1662 2949; baseline 0.001 -20"><span class='ocrx_word' id='word_1_221' title='bbox 82 2878 285 2931; x_wconf 78' lang='grc' dir='ltr'>καὶέπὶ</span> <span class='ocrx_word' id='word_1_222' title='bbox 328 2876 568 2940; x_wconf 77' lang='grc' dir='ltr'>τούτοις,</span> <span class='ocrx_word' id='word_1_223' title='bbox 618 2877 797 2928; x_wconf 83' lang='grc' dir='ltr'>ἐκεῖσε</span> <span class='ocrx_word' id='word_1_224' title='bbox 828 2875 926 2946; x_wconf 84' lang='grc' dir='ltr'><strong>μὲν</strong></span> <span class='ocrx_word' id='word_1_225' title='bbox 968 2877 1088 2930; x_wconf 89' lang='grc' dir='ltr'>κατ’</span> <span class='ocrx_word' id='word_1_226' title='bbox 1121 2876 1295 2948; x_wconf 84' lang='grc' dir='ltr'>ἀρχὰς</span> <span class='ocrx_word' id='word_1_227' title='bbox 1329 2877 1539 2949; x_wconf 77' lang='grc' dir='ltr'>ἐχρίετο</span> <span class='ocrx_word' id='word_1_228' title='bbox 1580 2878 1662 2941; x_wconf 83' lang='grc' dir='ltr'><strong>είς</strong></span> 
     </span>
    </p>
   </div>
   <div class='ocr_carea' id='block_1_31' title="bbox 80 2968 1663 3042">
    <p class='ocr_par' dir='ltr' id='par_1_31' title="bbox 80 2968 1663 3042">
     <span class='ocr_line' id='line_1_31' title="bbox 80 2968 1663 3042; baseline 0.001 -20"><span class='ocrx_word' id='word_1_229' title='bbox 80 2970 199 3033; x_wconf 79' lang='grc' dir='ltr'>τοὺς</span> <span class='ocrx_word' id='word_1_230' title='bbox 224 2969 445 3038; x_wconf 83' lang='grc' dir='ltr'>ἀγῶνας</span> <span class='ocrx_word' id='word_1_231' title='bbox 480 2968 911 3042; x_wconf 78' lang='grc' dir='ltr'>ὑπαλειφόμενος</span> <span class='ocrx_word' id='word_1_232' title='bbox 930 3008 945 3033; x_wconf 89' lang='grc'><strong>,</strong></span> <span class='ocrx_word' id='word_1_233' title='bbox 984 2968 1216 3022; x_wconf 82' lang='grc' dir='ltr'>ἐνταῦθα</span> <span class='ocrx_word' id='word_1_234' title='bbox 1240 2969 1297 3022; x_wconf 84' lang='grc' dir='ltr'>δὲ</span> <span class='ocrx_word' id='word_1_235' title='bbox 1321 2971 1377 3024; x_wconf 84' lang='grc' dir='ltr'><strong>ἐν</strong></span> <span class='ocrx_word' id='word_1_236' title='bbox 1417 2968 1496 3041; x_wconf 83' lang='grc' dir='ltr'>τῷ</span> <span class='ocrx_word' id='word_1_237' title='bbox 1520 2969 1663 3024; x_wconf 75' lang='grc' dir='ltr'>τέλει</span> 
     </span>
    </p>
   </div>
   <div class='ocr_carea' id='block_1_32' title="bbox 82 3056 1277 3129">
    <p class='ocr_par' dir='ltr' id='par_1_32' title="bbox 82 3056 1277 3129">
     <span class='ocr_line' id='line_1_32' title="bbox 82 3056 1277 3129; baseline 0.002 -20"><span class='ocrx_word' id='word_1_238' title='bbox 82 3059 291 3111; x_wconf 85' lang='grc' dir='ltr'>πάντων</span> <span class='ocrx_word' id='word_1_239' title='bbox 313 3056 390 3122; x_wconf 85' lang='grc' dir='ltr'>ὡς</span> <span class='ocrx_word' id='word_1_240' title='bbox 420 3056 533 3112; x_wconf 90' lang='grc' dir='ltr'><strong>τῶν</strong></span> <span class='ocrx_word' id='word_1_241' title='bbox 557 3057 781 3127; x_wconf 83' lang='grc' dir='ltr'>ἀγώνων</span> <span class='ocrx_word' id='word_1_242' title='bbox 803 3058 1277 3129; x_wconf 87' lang='grc' dir='ltr'>ἀποπαυσάμενος.</span> 
     </span>
    </p>
   </div>
   <div class='ocr_carea' id='block_1_33' title="bbox 1756 568 3332 639">
    <p class='ocr_par' dir='ltr' id='par_1_33' title="bbox 1756 568 3332 639">
     <span class='ocr_line' id='line_1_33' title="bbox 1756 568 3332 639; baseline 0.011 -17"><span class='ocrx_word' id='word_1_243' title='bbox 1756 569 1871 622; x_wconf 82' lang='lat' dir='ltr'><strong>haec</strong></span> <span class='ocrx_word' id='word_1_244' title='bbox 1891 578 2206 636; x_wconf 90' lang='lat' dir='ltr'><strong>operentur,</strong></span> <span class='ocrx_word' id='word_1_245' title='bbox 2237 568 2340 622; x_wconf 89' lang='lat' dir='ltr'><strong>nisi</strong></span> <span class='ocrx_word' id='word_1_246' title='bbox 2365 584 2465 639; x_wconf 91' lang='lat' dir='ltr'><strong>per</strong></span> <span class='ocrx_word' id='word_1_247' title='bbox 2487 570 2834 627; x_wconf 89' lang='lat' dir='ltr'><strong>traditionem</strong></span> <span class='ocrx_word' id='word_1_248' title='bbox 2859 583 2914 629; x_wconf 91' lang='lat' dir='ltr'><strong>et</strong></span> <span class='ocrx_word' id='word_1_249' title='bbox 2938 588 3178 637; x_wconf 83' lang='lat' dir='ltr'><strong>mutuam</strong></span> <span class='ocrx_word' id='word_1_250' title='bbox 3206 597 3332 639; x_wconf 85' lang='lat' dir='ltr'><strong>suc-</strong></span> 
     </span>
    </p>
   </div>
   <div class='ocr_carea' id='block_1_34' title="bbox 1756 659 3332 733">
    <p class='ocr_par' dir='ltr' id='par_1_34' title="bbox 1756 659 3332 733">
     <span class='ocr_line' id='line_1_34' title="bbox 1756 659 3332 733; baseline 0.01 -20"><span class='ocrx_word' id='word_1_251' title='bbox 1756 659 2063 713; x_wconf 85' lang='lat' dir='ltr'><strong>cessionem</strong></span> <span class='ocrx_word' id='word_1_252' title='bbox 2110 668 2165 714; x_wconf 89' lang='lat' dir='ltr'><strong>et</strong></span> <span class='ocrx_word' id='word_1_253' title='bbox 2207 659 2743 718; x_wconf 80' lang='lat' dir='ltr'><strong>manifestationem?</strong></span> <span class='ocrx_word' id='word_1_254' title='bbox 2787 665 3000 733; x_wconf 86' lang='lat' dir='ltr'><strong>Quanto</strong></span> <span class='ocrx_word' id='word_1_255' title='bbox 3052 673 3196 727; x_wconf 90' lang='lat' dir='ltr'><strong>enim</strong></span> <span class='ocrx_word' id='word_1_256' title='bbox 3246 690 3332 728; x_wconf 90' lang='lat' dir='ltr'><strong>rc—</strong></span> 
     </span>
    </p>
   </div>
   <div class='ocr_carea' id='block_1_35' title="bbox 1755 751 3333 834">
    <p class='ocr_par' dir='ltr' id='par_1_35' title="bbox 1755 751 3333 834">
     <span class='ocr_line' id='line_1_35' title="bbox 1755 751 3333 834; baseline 0.01 -29"><span class='ocrx_word' id='word_1_257' title='bbox 1755 752 2051 806; x_wconf 86' lang='lat' dir='ltr'><strong>velationes</strong></span> <span class='ocrx_word' id='word_1_258' title='bbox 2083 753 2135 805; x_wconf 92' lang='lat' dir='ltr'><strong>in</strong></span> <span class='ocrx_word' id='word_1_259' title='bbox 2173 751 2418 821; x_wconf 82' lang='lat' dir='ltr'><strong>pluribus</strong></span> <span class='ocrx_word' id='word_1_260' title='bbox 2462 754 2918 825; x_wconf 74' lang='lat' dir='ltr'><strong>multiplicantur,</strong></span> <span class='ocrx_word' id='word_1_261' title='bbox 2967 769 3118 816; x_wconf 89' lang='lat' dir='ltr'><strong>tanto</strong></span> <span class='ocrx_word' id='word_1_262' title='bbox 3163 766 3333 834; x_wconf 82' lang='lat' dir='ltr'><strong>magis</strong></span> 
     </span>
    </p>
   </div>
   <div class='ocr_carea' id='block_1_36' title="bbox 1756 843 3334 923">
    <p class='ocr_par' dir='ltr' id='par_1_36' title="bbox 1756 843 3334 923">
     <span class='ocr_line' id='line_1_36' title="bbox 1756 843 3334 923; baseline 0.009 -26"><span class='ocrx_word' id='word_1_263' title='bbox 1756 843 2195 899; x_wconf 82' lang='lat' dir='ltr'><strong>manifestantur.</strong></span> <span class='ocrx_word' id='word_1_264' title='bbox 2232 843 2446 899; x_wconf 83' lang='lat' dir='ltr'><strong>Etenim</strong></span> <span class='ocrx_word' id='word_1_265' title='bbox 2478 861 2691 902; x_wconf 83' lang='lat' dir='ltr'><strong>sacram</strong></span> <span class='ocrx_word' id='word_1_266' title='bbox 2720 849 2865 905; x_wconf 81' lang='lat' dir='ltr'><strong>illam</strong></span> <span class='ocrx_word' id='word_1_267' title='bbox 2902 850 2995 907; x_wconf 85' lang='lat' dir='ltr'><strong>Dei</strong></span> <span class='ocrx_word' id='word_1_268' title='bbox 3033 854 3334 923; x_wconf 80' lang='lat' dir='ltr'><strong>professio-</strong></span> 
     </span>
    </p>
   </div>
   <div class='ocr_carea' id='block_1_37' title="bbox 1756 936 3332 1008">
    <p class='ocr_par' dir='ltr' id='par_1_37' title="bbox 1756 936 3332 1008">
     <span class='ocr_line' id='line_1_37' title="bbox 1756 936 3332 1008; baseline 0.008 -17"><span class='ocrx_word' id='word_1_269' title='bbox 1756 950 1923 991; x_wconf 88' lang='lat' dir='ltr'><strong>nem:</strong></span> <span class='ocrx_word' id='word_1_270' title='bbox 1958 936 2038 990; x_wconf 84' lang='lat' dir='ltr'><strong>Tu</strong></span> <span class='ocrx_word' id='word_1_271' title='bbox 2083 954 2137 992; x_wconf 82' lang='lat' dir='ltr'><strong>es</strong></span> <span class='ocrx_word' id='word_1_272' title='bbox 2195 936 2436 991; x_wconf 77' lang='lat' dir='ltr'><strong>Christus</strong></span> <span class='ocrx_word' id='word_1_273' title='bbox 2484 936 2663 993; x_wconf 78' lang='lat' dir='ltr'><strong>Filius</strong></span> <span class='ocrx_word' id='word_1_274' title='bbox 2719 940 2814 995; x_wconf 83' lang='lat' dir='ltr'><strong>Dei</strong></span> <span class='ocrx_word' id='word_1_275' title='bbox 2854 944 2978 1008; x_wconf 83' lang='lat' dir='ltr'><strong>vivi,</strong></span> <span class='ocrx_word' id='word_1_276' title='bbox 3026 962 3129 1001; x_wconf 90' lang='lat' dir='ltr'><strong>non</strong></span> <span class='ocrx_word' id='word_1_277' title='bbox 3158 963 3188 1002; x_wconf 91' lang='lat' dir='ltr'><strong>a</strong></span> <span class='ocrx_word' id='word_1_278' title='bbox 3240 964 3332 1004; x_wconf 81' lang='lat' dir='ltr'><strong>se-</strong></span> 
     </span>
    </p>
   </div>
   <div class='ocr_carea' id='block_1_38' title="bbox 1759 1032 3330 1111">
    <p class='ocr_par' dir='ltr' id='par_1_38' title="bbox 1759 1032 3330 1111">
     <span class='ocr_line' id='line_1_38' title="bbox 1759 1032 3330 1111; baseline 0.007 -26"><span class='ocrx_word' id='word_1_279' title='bbox 1759 1032 2013 1102; x_wconf 86' lang='lat' dir='ltr'><strong>metipso,</strong></span> <span class='ocrx_word' id='word_1_280' title='bbox 2047 1046 2221 1102; x_wconf 90' lang='lat' dir='ltr'><strong>neque</strong></span> <span class='ocrx_word' id='word_1_281' title='bbox 2248 1048 2277 1087; x_wconf 90' lang='lat' dir='ltr'><strong>a</strong></span> <span class='ocrx_word' id='word_1_282' title='bbox 2308 1048 2472 1088; x_wconf 89' lang='lat' dir='ltr'><strong>carne</strong></span> <span class='ocrx_word' id='word_1_283' title='bbox 2494 1046 2549 1089; x_wconf 89' lang='lat' dir='ltr'><strong>et</strong></span> <span class='ocrx_word' id='word_1_284' title='bbox 2579 1037 2861 1105; x_wconf 85' lang='lat' dir='ltr'><strong>sanguine,</strong></span> <span class='ocrx_word' id='word_1_285' title='bbox 2896 1040 2989 1093; x_wconf 90' lang='lat' dir='ltr'><strong>sed</strong></span> <span class='ocrx_word' id='word_1_286' title='bbox 3020 1039 3128 1095; x_wconf 88' lang='lat' dir='ltr'><strong>Deo</strong></span> <span class='ocrx_word' id='word_1_287' title='bbox 3153 1043 3330 1111; x_wconf 89' lang='lat' dir='ltr'><strong>ipsum</strong></span> 
     </span>
    </p>
   </div>
   <div class='ocr_carea' id='block_1_39' title="bbox 1760 1122 3330 1193">
    <p class='ocr_par' dir='ltr' id='par_1_39' title="bbox 1760 1122 3330 1193">
     <span class='ocr_line' id='line_1_39' title="bbox 1760 1122 3330 1193; baseline 0.006 -18"><span class='ocrx_word' id='word_1_288' title='bbox 1760 1122 1862 1176; x_wconf 90' lang='lat' dir='ltr'><strong>hoc</strong></span> <span class='ocrx_word' id='word_1_289' title='bbox 1905 1124 2131 1176; x_wconf 88' lang='lat' dir='ltr'><strong>docente</strong></span> <span class='ocrx_word' id='word_1_290' title='bbox 2174 1137 2238 1177; x_wconf 89' lang='lat' dir='ltr'><strong>ac</strong></span> <span class='ocrx_word' id='word_1_291' title='bbox 2294 1133 2544 1177; x_wconf 81' lang='lat' dir='ltr'><strong>movente</strong></span> <span class='ocrx_word' id='word_1_292' title='bbox 2595 1127 3002 1193; x_wconf 83' lang='lat' dir='ltr'><strong>pronuntiabat.</strong></span> <span class='ocrx_word' id='word_1_293' title='bbox 3062 1129 3330 1184; x_wconf 81' lang='lat' dir='ltr'><strong>Similiter</strong></span> 
     </span>
    </p>
   </div>
   <div class='ocr_carea' id='block_1_40' title="bbox 1760 1216 3335 1289">
    <p class='ocr_par' dir='ltr' id='par_1_40' title="bbox 1760 1216 3335 1289">
     <span class='ocr_line' id='line_1_40' title="bbox 1760 1216 3335 1289; baseline 0.005 -19"><span class='ocrx_word' id='word_1_294' title='bbox 1760 1218 1945 1285; x_wconf 87' lang='lat' dir='ltr'><strong>itaque</strong></span> <span class='ocrx_word' id='word_1_295' title='bbox 1992 1216 2281 1284; x_wconf 76' lang='lat' dir='ltr'><strong>pontiﬁces</strong></span> <span class='ocrx_word' id='word_1_296' title='bbox 2308 1217 2697 1273; x_wconf 68' lang='lat' dir='ltr'><strong>ceclesiasticis</strong></span> <span class='ocrx_word' id='word_1_297' title='bbox 2740 1221 3103 1289; x_wconf 89' lang='lat' dir='ltr'><strong>potestatibus</strong></span> <span class='ocrx_word' id='word_1_298' title='bbox 3130 1224 3206 1278; x_wconf 85' lang='lat' dir='ltr'><strong>uti</strong></span> <span class='ocrx_word' id='word_1_299' title='bbox 3237 1224 3335 1278; x_wconf 88' lang='lat' dir='ltr'><strong>de-</strong></span> 
     </span>
    </p>
   </div>
   <div class='ocr_carea' id='block_1_41' title="bbox 1758 1311 3332 1388">
    <p class='ocr_par' dir='ltr' id='par_1_41' title="bbox 1758 1311 3332 1388">
     <span class='ocr_line' id='line_1_41' title="bbox 1758 1311 3332 1388; baseline 0.005 -22"><span class='ocrx_word' id='word_1_300' title='bbox 1758 1312 1910 1367; x_wconf 86' lang='lat' dir='ltr'><strong>bent.</strong></span> <span class='ocrx_word' id='word_1_301' title='bbox 1940 1311 2118 1367; x_wconf 88' lang='lat' dir='ltr'><strong>Attica</strong></span> <span class='ocrx_word' id='word_1_302' title='bbox 2148 1324 2232 1367; x_wconf 88' lang='lat' dir='ltr'><strong>est</strong></span> <span class='ocrx_word' id='word_1_303' title='bbox 2265 1313 2509 1383; x_wconf 79' lang='lat' dir='ltr'><strong>syntaxis</strong></span> <span class='ocrx_word' id='word_1_304' title='bbox 2533 1322 2587 1368; x_wconf 90' lang='lat' dir='ltr'><strong>et</strong></span> <span class='ocrx_word' id='word_1_305' title='bbox 2611 1323 2822 1369; x_wconf 83' lang='lat' dir='ltr'><strong>vetusta</strong></span> <span class='ocrx_word' id='word_1_306' title='bbox 2850 1320 3208 1388; x_wconf 87' lang='lat' dir='ltr'><strong>constructio,</strong></span> <span class='ocrx_word' id='word_1_307' title='bbox 3228 1335 3332 1388; x_wconf 92' lang='lat' dir='ltr'><strong>qua</strong></span> 
     </span>
    </p>
   </div>
   <div class='ocr_carea' id='block_1_42' title="bbox 1758 1405 3337 1477">
    <p class='ocr_par' dir='ltr' id='par_1_42' title="bbox 1758 1405 3337 1477">
     <span class='ocr_line' id='line_1_42' title="bbox 1758 1405 3337 1477; baseline 0.006 -20"><span class='ocrx_word' id='word_1_308' title='bbox 1758 1405 2165 1475; x_wconf 87' lang='lat' dir='ltr'><strong>propositiones</strong></span> <span class='ocrx_word' id='word_1_309' title='bbox 2232 1406 2525 1459; x_wconf 84' lang='lat' dir='ltr'><strong>accusandi</strong></span> <span class='ocrx_word' id='word_1_310' title='bbox 2594 1408 2814 1462; x_wconf 88' lang='lat' dir='ltr'><strong>casibus</strong></span> <span class='ocrx_word' id='word_1_311' title='bbox 2866 1407 3200 1477; x_wconf 78' lang='lat' dir='ltr'><strong>eﬁ‘eruntur;</strong></span> <span class='ocrx_word' id='word_1_312' title='bbox 3255 1413 3337 1468; x_wconf 90' lang='lat' dir='ltr'><strong>sic</strong></span> 
     </span>
    </p>
   </div>
   <div class='ocr_carea' id='block_1_43' title="bbox 1760 1497 3334 1564">
    <p class='ocr_par' dir='ltr' id='par_1_43' title="bbox 1760 1497 3334 1564">
     <span class='ocr_line' id='line_1_43' title="bbox 1760 1497 3334 1564; baseline 0.004 -15"><span class='ocrx_word' id='word_1_313' title='bbox 1760 1497 2039 1560; x_wconf 89' lang='lat' dir='ltr'><strong>nimirum,</strong></span> <span class='ocrx_word' id='word_1_314' title='bbox 2074 1511 2140 1551; x_wconf 90' lang='lat' dir='ltr'><strong>ac</strong></span> <span class='ocrx_word' id='word_1_315' title='bbox 2170 1497 2213 1551; x_wconf 90' lang='lat' dir='ltr'><strong>si</strong></span> <span class='ocrx_word' id='word_1_316' title='bbox 2271 1506 2517 1551; x_wconf 84' lang='lat' dir='ltr'><strong>moveret</strong></span> <span class='ocrx_word' id='word_1_317' title='bbox 2543 1513 2639 1552; x_wconf 91' lang='lat' dir='ltr'><strong>eos</strong></span> <span class='ocrx_word' id='word_1_318' title='bbox 2684 1497 2860 1564; x_wconf 90' lang='lat' dir='ltr'><strong>Deus;</strong></span> <span class='ocrx_word' id='word_1_319' title='bbox 2900 1502 3115 1555; x_wconf 69' lang='lat' dir='ltr'><strong>cmteris</strong></span> <span class='ocrx_word' id='word_1_320' title='bbox 3155 1511 3334 1557; x_wconf 89' lang='lat' dir='ltr'><strong>autem</strong></span> 
     </span>
    </p>
   </div>
   <div class='ocr_carea' id='block_1_44' title="bbox 1760 1585 3335 1657">
    <p class='ocr_par' dir='ltr' id='par_1_44' title="bbox 1760 1585 3335 1657">
     <span class='ocr_line' id='line_1_44' title="bbox 1760 1585 3335 1657; baseline 0.003 -17"><span class='ocrx_word' id='word_1_321' title='bbox 1760 1586 1836 1640; x_wconf 89' lang='lat' dir='ltr'><strong>ita</strong></span> <span class='ocrx_word' id='word_1_322' title='bbox 1868 1585 2155 1654; x_wconf 87' lang='lat' dir='ltr'><strong>pontiﬁces</strong></span> <span class='ocrx_word' id='word_1_323' title='bbox 2203 1586 2533 1641; x_wconf 87' lang='lat' dir='ltr'><strong>observandi</strong></span> <span class='ocrx_word' id='word_1_324' title='bbox 2568 1597 2700 1643; x_wconf 90' lang='lat' dir='ltr'><strong>sunt</strong></span> <span class='ocrx_word' id='word_1_325' title='bbox 2737 1588 2888 1657; x_wconf 89' lang='lat' dir='ltr'><strong>(nam</strong></span> <span class='ocrx_word' id='word_1_326' title='bbox 2915 1599 2971 1645; x_wconf 90' lang='lat' dir='ltr'><strong>et</strong></span> <span class='ocrx_word' id='word_1_327' title='bbox 3010 1592 3112 1645; x_wconf 89' lang='lat' dir='ltr'><strong>hoc</strong></span> <span class='ocrx_word' id='word_1_328' title='bbox 3144 1592 3335 1647; x_wconf 81' lang='lat' dir='ltr'><strong>eodem</strong></span> 
     </span>
    </p>
   </div>
   <div class='ocr_carea' id='block_1_45' title="bbox 1760 1678 3336 1750">
    <p class='ocr_par' dir='ltr' id='par_1_45' title="bbox 1760 1678 3336 1750">
     <span class='ocr_line' id='line_1_45' title="bbox 1760 1678 3336 1750; baseline 0.004 -18"><span class='ocrx_word' id='word_1_329' title='bbox 1760 1680 1921 1734; x_wconf 93' lang='lat' dir='ltr'><strong>modo</strong></span> <span class='ocrx_word' id='word_1_330' title='bbox 1957 1678 2316 1749; x_wconf 86' lang='lat' dir='ltr'><strong>construitur)</strong></span> <span class='ocrx_word' id='word_1_331' title='bbox 2348 1687 2603 1749; x_wconf 87' lang='lat' dir='ltr'><strong>tanquam</strong></span> <span class='ocrx_word' id='word_1_332' title='bbox 2635 1680 2728 1750; x_wconf 89' lang='lat' dir='ltr'><strong>qui</strong></span> <span class='ocrx_word' id='word_1_333' title='bbox 2766 1698 2794 1734; x_wconf 88' lang='lat' dir='ltr'><strong>a</strong></span> <span class='ocrx_word' id='word_1_334' title='bbox 2825 1680 2936 1736; x_wconf 90' lang='lat' dir='ltr'><strong>Deo</strong></span> <span class='ocrx_word' id='word_1_335' title='bbox 2968 1694 3292 1739; x_wconf 77' lang='lat' dir='ltr'><strong>moveantur</strong></span> <span class='ocrx_word' id='word_1_336' title='bbox 3321 1702 3336 1739; x_wconf 90' lang='lat'><strong>:</strong></span> 
     </span>
    </p>
   </div>
   <div class='ocr_carea' id='block_1_46' title="bbox 1763 1772 3340 1843">
    <p class='ocr_par' dir='ltr' id='par_1_46' title="bbox 1763 1772 3340 1843">
     <span class='ocr_line' id='line_1_46' title="bbox 1763 1772 3340 1843; baseline 0.006 -19"><span class='ocrx_word' id='word_1_337' title='bbox 1763 1772 1830 1826; x_wconf 86' lang='lat' dir='ltr'><strong>ad</strong></span> <span class='ocrx_word' id='word_1_338' title='bbox 1877 1786 1973 1827; x_wconf 88' lang='lat' dir='ltr'><strong>eos</strong></span> <span class='ocrx_word' id='word_1_339' title='bbox 2012 1772 2159 1827; x_wconf 88' lang='lat' dir='ltr'><strong>enim</strong></span> <span class='ocrx_word' id='word_1_340' title='bbox 2205 1780 2288 1828; x_wconf 89' lang='lat' dir='ltr'><strong>est</strong></span> <span class='ocrx_word' id='word_1_341' title='bbox 2333 1787 2515 1828; x_wconf 86' lang='lat' dir='ltr'><strong>sermo</strong></span> <span class='ocrx_word' id='word_1_342' title='bbox 2563 1772 2770 1828; x_wconf 86' lang='lat' dir='ltr'><strong>Christi</strong></span> <span class='ocrx_word' id='word_1_343' title='bbox 2814 1772 3076 1830; x_wconf 89' lang='lat' dir='ltr'><strong>Domini:</strong></span> <span class='ocrx_word' id='word_1_344' title='bbox 3112 1776 3217 1843; x_wconf 80' lang='lat' dir='ltr'><strong>Qui</strong></span> <span class='ocrx_word' id='word_1_345' title='bbox 3252 1793 3340 1833; x_wconf 78' lang='lat' dir='ltr'><strong>vos</strong></span> 
     </span>
    </p>
   </div>
   <div class='ocr_carea' id='block_1_47' title="bbox 1758 1864 2374 1935">
    <p class='ocr_par' dir='ltr' id='par_1_47' title="bbox 1758 1864 2374 1935">
     <span class='ocr_line' id='line_1_47' title="bbox 1758 1864 2374 1935; baseline -0.003 -16"><span class='ocrx_word' id='word_1_346' title='bbox 1758 1864 1976 1935; x_wconf 78' lang='lat' dir='ltr'><strong>spernit,</strong></span> <span class='ocrx_word' id='word_1_347' title='bbox 1999 1880 2080 1918; x_wconf 80' lang='lat' dir='ltr'><strong>me</strong></span> <span class='ocrx_word' id='word_1_348' title='bbox 2101 1864 2297 1932; x_wconf 77' lang='lat' dir='ltr'><strong>spernit</strong></span> <span class='ocrx_word' id='word_1_349' title='bbox 2325 1872 2374 1917; x_wconf 79' lang='grc' dir='ltr'>Ρ.</span> 
     </span>
    </p>
   </div>
   <div class='ocr_carea' id='block_1_48' title="bbox 1834 1952 3338 2027">
    <p class='ocr_par' dir='ltr' id='par_1_48' title="bbox 1834 1952 3338 2027">
     <span class='ocr_line' id='line_1_48' title="bbox 1834 1952 3338 2027; baseline 0.006 -19"><span class='ocrx_word' id='word_1_350' title='bbox 1834 1954 1863 2027; x_wconf 67' lang='grc' dir='ltr'><strong>ς</strong></span> <span class='ocrx_word' id='word_1_351' title='bbox 1896 1954 2029 2010; x_wconf 82' lang='lat' dir='ltr'>VIII.</span> <span class='ocrx_word' id='word_1_352' title='bbox 2058 1954 2328 2009; x_wconf 68' lang='lat' dir='ltr'><strong>Caeterum</strong></span> <span class='ocrx_word' id='word_1_353' title='bbox 2377 1952 2445 2007; x_wconf 92' lang='lat' dir='ltr'><strong>ad</strong></span> <span class='ocrx_word' id='word_1_354' title='bbox 2484 1961 2688 2009; x_wconf 82' lang='lat' dir='ltr'><strong>textum</strong></span> <span class='ocrx_word' id='word_1_355' title='bbox 2726 1956 3037 2025; x_wconf 88' lang='lat' dir='ltr'><strong>redeuntes,</strong></span> <span class='ocrx_word' id='word_1_356' title='bbox 3082 1959 3338 2027; x_wconf 85' lang='lat' dir='ltr'><strong>dicimus,</strong></span> 
     </span>
    </p>
   </div>
   <div class='ocr_carea' id='block_1_49' title="bbox 1771 2044 3339 2117">
    <p class='ocr_par' dir='ltr' id='par_1_49' title="bbox 1771 2044 3339 2117">
     <span class='ocr_line' id='line_1_49' title="bbox 1771 2044 3339 2117; baseline 0.003 -15"><span class='ocrx_word' id='word_1_357' title='bbox 1771 2046 1924 2102; x_wconf 88' lang='lat' dir='ltr'><strong>ﬁnita</strong></span> <span class='ocrx_word' id='word_1_358' title='bbox 1958 2046 2296 2117; x_wconf 87' lang='lat' dir='ltr'><strong>precatione,</strong></span> <span class='ocrx_word' id='word_1_359' title='bbox 2326 2058 2517 2101; x_wconf 88' lang='lat' dir='ltr'><strong>omnes</strong></span> <span class='ocrx_word' id='word_1_360' title='bbox 2538 2044 2850 2101; x_wconf 80' lang='lat' dir='ltr'><strong>defunttum</strong></span> <span class='ocrx_word' id='word_1_361' title='bbox 2876 2049 3148 2115; x_wconf 86' lang='lat' dir='ltr'><strong>salutare;</strong></span> <span class='ocrx_word' id='word_1_362' title='bbox 3181 2067 3339 2106; x_wconf 82' lang='lat' dir='ltr'><strong>acce-</strong></span> 
     </span>
    </p>
   </div>
   <div class='ocr_carea' id='block_1_50' title="bbox 1763 2137 3341 2212">
    <p class='ocr_par' dir='ltr' id='par_1_50' title="bbox 1763 2137 3341 2212">
     <span class='ocr_line' id='line_1_50' title="bbox 1763 2137 3341 2212; baseline 0.002 -18"><span class='ocrx_word' id='word_1_363' title='bbox 1763 2150 1887 2212; x_wconf 82' lang='lat' dir='ltr'><strong>ptus</strong></span> <span class='ocrx_word' id='word_1_364' title='bbox 1922 2139 2064 2194; x_wconf 90' lang='lat' dir='ltr'><strong>enim</strong></span> <span class='ocrx_word' id='word_1_365' title='bbox 2093 2146 2148 2193; x_wconf 91' lang='lat' dir='ltr'><strong>et</strong></span> <span class='ocrx_word' id='word_1_366' title='bbox 2170 2137 2378 2193; x_wconf 88' lang='lat' dir='ltr'><strong>honore</strong></span> <span class='ocrx_word' id='word_1_367' title='bbox 2402 2137 2598 2207; x_wconf 82' lang='lat' dir='ltr'><strong>dignus</strong></span> <span class='ocrx_word' id='word_1_368' title='bbox 2627 2144 2711 2193; x_wconf 82' lang='lat' dir='ltr'><strong>est</strong></span> <span class='ocrx_word' id='word_1_369' title='bbox 2760 2140 3010 2209; x_wconf 90' lang='lat' dir='ltr'><strong>quisquis</strong></span> <span class='ocrx_word' id='word_1_370' title='bbox 3041 2151 3227 2197; x_wconf 83' lang='lat' dir='ltr'><strong>sancte</strong></span> <span class='ocrx_word' id='word_1_371' title='bbox 3262 2144 3341 2197; x_wconf 85' lang='lat' dir='ltr'><strong>vi-</strong></span> 
     </span>
    </p>
   </div>
   <div class='ocr_carea' id='block_1_51' title="bbox 1765 2227 3340 2300">
    <p class='ocr_par' dir='ltr' id='par_1_51' title="bbox 1765 2227 3340 2300">
     <span class='ocr_line' id='line_1_51' title="bbox 1765 2227 3340 2300; baseline 0.001 -14"><span class='ocrx_word' id='word_1_372' title='bbox 1765 2232 1864 2286; x_wconf 78' lang='lat' dir='ltr'><strong>xit.</strong></span> <span class='ocrx_word' id='word_1_373' title='bbox 1888 2231 2085 2286; x_wconf 87' lang='lat' dir='ltr'><strong>Postea</strong></span> <span class='ocrx_word' id='word_1_374' title='bbox 2125 2228 2370 2300; x_wconf 80' lang='lat' dir='ltr'><strong>pontifex</strong></span> <span class='ocrx_word' id='word_1_375' title='bbox 2400 2227 2663 2284; x_wconf 76' lang='lat' dir='ltr'><strong>defuncto</strong></span> <span class='ocrx_word' id='word_1_376' title='bbox 2696 2229 2873 2284; x_wconf 90' lang='lat' dir='ltr'><strong>oleum</strong></span> <span class='ocrx_word' id='word_1_377' title='bbox 2906 2230 3155 2286; x_wconf 77' lang='lat' dir='ltr'><strong>aﬁundit.</strong></span> <span class='ocrx_word' id='word_1_378' title='bbox 3189 2232 3340 2288; x_wconf 79' lang='lat' dir='ltr'><strong>Dixi-</strong></span> 
     </span>
    </p>
   </div>
   <div class='ocr_carea' id='block_1_52' title="bbox 1763 2322 3339 2393">
    <p class='ocr_par' dir='ltr' id='par_1_52' title="bbox 1763 2322 3339 2393">
     <span class='ocr_line' id='line_1_52' title="bbox 1763 2322 3339 2393; baseline 0.003 -16"><span class='ocrx_word' id='word_1_379' title='bbox 1763 2337 1887 2378; x_wconf 88' lang='lat' dir='ltr'><strong>mus</strong></span> <span class='ocrx_word' id='word_1_380' title='bbox 1920 2333 2101 2378; x_wconf 91' lang='lat' dir='ltr'><strong>autem</strong></span> <span class='ocrx_word' id='word_1_381' title='bbox 2137 2323 2189 2377; x_wconf 92' lang='lat' dir='ltr'><strong>in</strong></span> <span class='ocrx_word' id='word_1_382' title='bbox 2222 2322 2287 2378; x_wconf 90' lang='lat' dir='ltr'><strong>iis</strong></span> <span class='ocrx_word' id='word_1_383' title='bbox 2322 2338 2445 2393; x_wconf 74' lang='lat' dir='ltr'><strong>qua:</strong></span> <span class='ocrx_word' id='word_1_384' title='bbox 2478 2324 2545 2379; x_wconf 88' lang='lat' dir='ltr'><strong>de</strong></span> <span class='ocrx_word' id='word_1_385' title='bbox 2587 2323 2986 2381; x_wconf 89' lang='lat' dir='ltr'><strong>illuminatione</strong></span> <span class='ocrx_word' id='word_1_386' title='bbox 3017 2327 3159 2381; x_wconf 88' lang='lat' dir='ltr'><strong>dicta</strong></span> <span class='ocrx_word' id='word_1_387' title='bbox 3190 2339 3339 2393; x_wconf 89' lang='lat' dir='ltr'><strong>sunt,</strong></span> 
     </span>
    </p>
   </div>
   <div class='ocr_carea' id='block_1_53' title="bbox 1763 2414 3346 2489">
    <p class='ocr_par' dir='ltr' id='par_1_53' title="bbox 1763 2414 3346 2489">
     <span class='ocr_line' id='line_1_53' title="bbox 1763 2414 3346 2489; baseline 0.003 -19"><span class='ocrx_word' id='word_1_388' title='bbox 1763 2418 2038 2486; x_wconf 84' lang='lat' dir='ltr'><strong>quomodo</strong></span> <span class='ocrx_word' id='word_1_389' title='bbox 2066 2414 2365 2470; x_wconf 91' lang='lat' dir='ltr'><strong>iuitiandus</strong></span> <span class='ocrx_word' id='word_1_390' title='bbox 2392 2414 2626 2484; x_wconf 86' lang='lat' dir='ltr'><strong>primum</strong></span> <span class='ocrx_word' id='word_1_391' title='bbox 2655 2415 2778 2471; x_wconf 85' lang='lat' dir='ltr'><strong>oleo</strong></span> <span class='ocrx_word' id='word_1_392' title='bbox 2821 2416 3178 2487; x_wconf 72' lang='lat' dir='ltr'><strong>iniungeretur</strong></span> <span class='ocrx_word' id='word_1_393' title='bbox 3221 2429 3346 2489; x_wconf 81' lang='lat' dir='ltr'><strong>post</strong></span> 
     </span>
    </p>
   </div>
   <div class='ocr_carea' id='block_1_54' title="bbox 1762 2508 3344 2579">
    <p class='ocr_par' dir='ltr' id='par_1_54' title="bbox 1762 2508 3344 2579">
     <span class='ocr_line' id='line_1_54' title="bbox 1762 2508 3344 2579; baseline 0.003 -18"><span class='ocrx_word' id='word_1_394' title='bbox 1762 2509 1993 2563; x_wconf 82' lang='lat' dir='ltr'><strong>vestium</strong></span> <span class='ocrx_word' id='word_1_395' title='bbox 2025 2508 2419 2579; x_wconf 87' lang='lat' dir='ltr'><strong>depositionem</strong></span> <span class='ocrx_word' id='word_1_396' title='bbox 2444 2524 2461 2574; x_wconf 91' lang='lat'><strong>;</strong></span> <span class='ocrx_word' id='word_1_397' title='bbox 2488 2508 2568 2562; x_wconf 90' lang='lat' dir='ltr'><strong>sic</strong></span> <span class='ocrx_word' id='word_1_398' title='bbox 2591 2518 2644 2562; x_wconf 87' lang='lat' dir='ltr'><strong>et</strong></span> <span class='ocrx_word' id='word_1_399' title='bbox 2678 2510 2764 2563; x_wconf 89' lang='lat' dir='ltr'><strong>hic</strong></span> <span class='ocrx_word' id='word_1_400' title='bbox 2795 2510 2845 2562; x_wconf 92' lang='lat' dir='ltr'><strong>iu</strong></span> <span class='ocrx_word' id='word_1_401' title='bbox 2880 2510 3008 2576; x_wconf 90' lang='lat' dir='ltr'><strong>ﬁne,</strong></span> <span class='ocrx_word' id='word_1_402' title='bbox 3043 2512 3344 2579; x_wconf 88' lang='lat' dir='ltr'><strong>etquidem</strong></span> 
     </span>
    </p>
   </div>
   <div class='ocr_carea' id='block_1_55' title="bbox 1763 2598 3344 2671">
    <p class='ocr_par' dir='ltr' id='par_1_55' title="bbox 1763 2598 3344 2671">
     <span class='ocr_line' id='line_1_55' title="bbox 1763 2598 3344 2671; baseline 0 -16"><span class='ocrx_word' id='word_1_403' title='bbox 1763 2614 1870 2656; x_wconf 90' lang='lat' dir='ltr'><strong>non</strong></span> <span class='ocrx_word' id='word_1_404' title='bbox 1913 2600 2206 2656; x_wconf 86' lang='lat' dir='ltr'><strong>immerito.</strong></span> <span class='ocrx_word' id='word_1_405' title='bbox 2244 2598 2378 2655; x_wconf 91' lang='lat' dir='ltr'><strong>Cum</strong></span> <span class='ocrx_word' id='word_1_406' title='bbox 2412 2599 2556 2655; x_wconf 88' lang='lat' dir='ltr'><strong>enim</strong></span> <span class='ocrx_word' id='word_1_407' title='bbox 2610 2599 2646 2653; x_wconf 91' lang='lat' dir='ltr'><strong>ii</strong></span> <span class='ocrx_word' id='word_1_408' title='bbox 2700 2600 2792 2671; x_wconf 91' lang='lat' dir='ltr'><strong>qui</strong></span> <span class='ocrx_word' id='word_1_409' title='bbox 2830 2601 2897 2655; x_wconf 90' lang='lat' dir='ltr'><strong>ad</strong></span> <span class='ocrx_word' id='word_1_410' title='bbox 2927 2601 3229 2656; x_wconf 89' lang='lat' dir='ltr'><strong>certamina</strong></span> <span class='ocrx_word' id='word_1_411' title='bbox 3264 2602 3344 2655; x_wconf 82' lang='lat' dir='ltr'><strong>in-</strong></span> 
     </span>
    </p>
   </div>
   <div class='ocr_carea' id='block_1_56' title="bbox 1762 2690 3348 2762">
    <p class='ocr_par' dir='ltr' id='par_1_56' title="bbox 1762 2690 3348 2762">
     <span class='ocr_line' id='line_1_56' title="bbox 1762 2690 3348 2762; baseline -0.001 -16"><span class='ocrx_word' id='word_1_412' title='bbox 1762 2702 2074 2756; x_wconf 90' lang='lat' dir='ltr'><strong>struuntur,</strong></span> <span class='ocrx_word' id='word_1_413' title='bbox 2129 2690 2502 2762; x_wconf 78' lang='lat' dir='ltr'><strong>intinguntur;</strong></span> <span class='ocrx_word' id='word_1_414' title='bbox 2554 2690 2635 2744; x_wconf 88' lang='lat' dir='ltr'><strong>uti</strong></span> <span class='ocrx_word' id='word_1_415' title='bbox 2700 2703 2756 2745; x_wconf 88' lang='lat' dir='ltr'><strong>et</strong></span> <span class='ocrx_word' id='word_1_416' title='bbox 2790 2691 2827 2746; x_wconf 91' lang='lat' dir='ltr'><strong>ii</strong></span> <span class='ocrx_word' id='word_1_417' title='bbox 2877 2692 2968 2762; x_wconf 90' lang='lat' dir='ltr'><strong>qui</strong></span> <span class='ocrx_word' id='word_1_418' title='bbox 3015 2707 3044 2746; x_wconf 91' lang='lat' dir='ltr'><strong>a</strong></span> <span class='ocrx_word' id='word_1_419' title='bbox 3086 2693 3348 2747; x_wconf 69' lang='lat' dir='ltr'><strong>certando</strong></span> 
     </span>
    </p>
   </div>
   <div class='ocr_carea' id='block_1_57' title="bbox 1764 2780 3347 2848">
    <p class='ocr_par' dir='ltr' id='par_1_57' title="bbox 1764 2780 3347 2848">
     <span class='ocr_line' id='line_1_57' title="bbox 1764 2780 3347 2848; baseline -0.002 -10"><span class='ocrx_word' id='word_1_420' title='bbox 1764 2792 2007 2847; x_wconf 87' lang='lat' dir='ltr'><strong>cessant,</strong></span> <span class='ocrx_word' id='word_1_421' title='bbox 2050 2790 2103 2837; x_wconf 91' lang='lat' dir='ltr'><strong>et</strong></span> <span class='ocrx_word' id='word_1_422' title='bbox 2156 2780 2383 2837; x_wconf 90' lang='lat' dir='ltr'><strong>sudores</strong></span> <span class='ocrx_word' id='word_1_423' title='bbox 2418 2781 2826 2848; x_wconf 85' lang='lat' dir='ltr'><strong>absterserunt;</strong></span> <span class='ocrx_word' id='word_1_424' title='bbox 2860 2781 3056 2835; x_wconf 88' lang='lat' dir='ltr'><strong>merito</strong></span> <span class='ocrx_word' id='word_1_425' title='bbox 3098 2782 3260 2835; x_wconf 87' lang='lat' dir='ltr'><strong>etiam</strong></span> <span class='ocrx_word' id='word_1_426' title='bbox 3294 2782 3347 2835; x_wconf 91' lang='lat' dir='ltr'><strong>in</strong></span> 
     </span>
    </p>
   </div>
   <div class='ocr_carea' id='block_1_58' title="bbox 1765 2872 3347 2943">
    <p class='ocr_par' dir='ltr' id='par_1_58' title="bbox 1765 2872 3347 2943">
     <span class='ocr_line' id='line_1_58' title="bbox 1765 2872 3347 2943; baseline -0.001 -16"><span class='ocrx_word' id='word_1_427' title='bbox 1765 2873 1850 2929; x_wconf 89' lang='lat' dir='ltr'><strong>his</strong></span> <span class='ocrx_word' id='word_1_428' title='bbox 1875 2890 1887 2927; x_wconf 89' lang='lat'>:</span> <span class='ocrx_word' id='word_1_429' title='bbox 1914 2872 1988 2928; x_wconf 90' lang='lat' dir='ltr'><strong>ibi</strong></span> <span class='ocrx_word' id='word_1_430' title='bbox 2017 2873 2235 2943; x_wconf 87' lang='lat' dir='ltr'><strong>quidem</strong></span> <span class='ocrx_word' id='word_1_431' title='bbox 2261 2873 2313 2927; x_wconf 91' lang='lat' dir='ltr'><strong>in</strong></span> <span class='ocrx_word' id='word_1_432' title='bbox 2342 2872 2631 2942; x_wconf 83' lang='lat' dir='ltr'><strong>principio,</strong></span> <span class='ocrx_word' id='word_1_433' title='bbox 2664 2873 2708 2925; x_wconf 88' lang='lat' dir='ltr'><strong>is</strong></span> <span class='ocrx_word' id='word_1_434' title='bbox 2729 2873 2819 2941; x_wconf 92' lang='lat' dir='ltr'><strong>qui</strong></span> <span class='ocrx_word' id='word_1_435' title='bbox 2849 2872 3148 2926; x_wconf 87' lang='lat' dir='ltr'><strong>certamina</strong></span> <span class='ocrx_word' id='word_1_436' title='bbox 3174 2874 3347 2927; x_wconf 87' lang='lat' dir='ltr'><strong>susci-</strong></span> 
     </span>
    </p>
   </div>
   <div class='ocr_carea' id='block_1_59' title="bbox 1765 2963 3348 3035">
    <p class='ocr_par' dir='ltr' id='par_1_59' title="bbox 1765 2963 3348 3035">
     <span class='ocr_line' id='line_1_59' title="bbox 1765 2963 3348 3035; baseline -0.001 -15"><span class='ocrx_word' id='word_1_437' title='bbox 1765 2966 1865 3035; x_wconf 89' lang='lat' dir='ltr'><strong>pit,</strong></span> <span class='ocrx_word' id='word_1_438' title='bbox 1904 2966 1990 3020; x_wconf 88' lang='lat' dir='ltr'><strong>hic</strong></span> <span class='ocrx_word' id='word_1_439' title='bbox 2019 2980 2149 3020; x_wconf 82' lang='lat' dir='ltr'><strong>vero</strong></span> <span class='ocrx_word' id='word_1_440' title='bbox 2179 2964 2233 3019; x_wconf 89' lang='lat' dir='ltr'><strong>in</strong></span> <span class='ocrx_word' id='word_1_441' title='bbox 2266 2963 2373 3019; x_wconf 86' lang='lat' dir='ltr'><strong>ﬁne</strong></span> <span class='ocrx_word' id='word_1_442' title='bbox 2415 2964 2678 3030; x_wconf 85' lang='lat' dir='ltr'><strong>omnium,</strong></span> <span class='ocrx_word' id='word_1_443' title='bbox 2714 2974 2971 3034; x_wconf 82' lang='lat' dir='ltr'><strong>tanquam</strong></span> <span class='ocrx_word' id='word_1_444' title='bbox 3014 2964 3107 3034; x_wconf 90' lang='lat' dir='ltr'><strong>qui</strong></span> <span class='ocrx_word' id='word_1_445' title='bbox 3155 2980 3185 3018; x_wconf 92' lang='lat' dir='ltr'><strong>a</strong></span> <span class='ocrx_word' id='word_1_446' title='bbox 3228 2979 3348 3019; x_wconf 80' lang='lat' dir='ltr'><strong>cer-</strong></span> 
     </span>
    </p>
   </div>
   <div class='ocr_carea' id='block_1_60' title="bbox 1774 3053 2532 3123">
    <p class='ocr_par' dir='ltr' id='par_1_60' title="bbox 1774 3053 2532 3123">
     <span class='ocr_line' id='line_1_60' title="bbox 1774 3053 2532 3123; baseline -0.004 -14"><span class='ocrx_word' id='word_1_447' title='bbox 1774 3055 1938 3110; x_wconf 85' lang='lat' dir='ltr'><strong>tando</strong></span> <span class='ocrx_word' id='word_1_448' title='bbox 1966 3054 2200 3118; x_wconf 88' lang='lat' dir='ltr'><strong>desistit,</strong></span> <span class='ocrx_word' id='word_1_449' title='bbox 2232 3053 2532 3123; x_wconf 81' lang='lat' dir='ltr'><strong>inungitur.</strong></span> 
     </span>
    </p>
   </div>
   <div class='ocr_carea' id='block_1_61' title="bbox 142 3108 1665 3225">
    <p class='ocr_par' dir='ltr' id='par_1_61' title="bbox 142 3108 1665 3223">
     <span class='ocr_line' id='line_1_61' title="bbox 142 3108 1665 3223; baseline 0.001 -20"><span class='ocrx_word' id='word_1_450' title='bbox 142 3108 288 3221; x_wconf 60' lang='lat' dir='ltr'><strong>sui.</strong></span> <span class='ocrx_word' id='word_1_451' title='bbox 317 3108 1436 3223; x_wconf 41' lang='lat' dir='ltr'><strong>eadem;aigieiizi‘azaem</strong></span> <span class='ocrx_word' id='word_1_452' title='bbox 1470 3152 1665 3223; x_wconf 86' lang='grc' dir='ltr'>τιμίως</span> 
     </span>
    </p>
   </div>
   <div class='ocr_carea' id='block_1_62' title="bbox 1831 3108 3360 3225">
    <p class='ocr_par' dir='ltr' id='par_1_62' title="bbox 1842 3108 3360 3217">
     <span class='ocr_line' id='line_1_62' title="bbox 1842 3108 3360 3217; baseline -0.004 -18"><span class='ocrx_word' id='word_1_453' title='bbox 1842 3144 1870 3217; x_wconf 81' lang='lat'><strong>§</strong></span> <span class='ocrx_word' id='word_1_454' title='bbox 1905 3140 1994 3200; x_wconf 85' lang='lat' dir='ltr'><strong>IX.</strong></span> <span class='ocrx_word' id='word_1_455' title='bbox 2023 3143 2120 3200; x_wconf 80' lang='lat' dir='ltr'><strong>liis</strong></span> <span class='ocrx_word' id='word_1_456' title='bbox 2149 3108 2407 3214; x_wconf 56' lang='lat' dir='ltr'><strong>peractis,</strong></span> <span class='ocrx_word' id='word_1_457' title='bbox 2443 3143 2688 3215; x_wconf 82' lang='lat' dir='ltr'><strong>pontiIex</strong></span> <span class='ocrx_word' id='word_1_458' title='bbox 2739 3138 2981 3196; x_wconf 82' lang='lat' dir='ltr'><strong>defuncti</strong></span> <span class='ocrx_word' id='word_1_459' title='bbox 3012 3153 3210 3209; x_wconf 87' lang='lat' dir='ltr'><strong>corpus</strong></span> <span class='ocrx_word' id='word_1_460' title='bbox 3251 3108 3360 3193; x_wconf 69' lang='grc' dir='ltr'><strong>ιιο.¹</strong></span> 
     </span>
    </p>
   </div>
   <div class='ocr_carea' id='block_1_63' title="bbox 75 3240 1666 3316">
    <p class='ocr_par' dir='ltr' id='par_1_63' title="bbox 75 3240 1666 3316">
     <span class='ocr_line' id='line_1_63' title="bbox 75 3240 1666 3316; baseline 0.002 -22"><span class='ocrx_word' id='word_1_461' title='bbox 75 3243 130 3296; x_wconf 71' lang='grc' dir='ltr'>τὸ</span> <span class='ocrx_word' id='word_1_462' title='bbox 169 3242 325 3313; x_wconf 90' lang='grc' dir='ltr'>σῶμα</span> <span class='ocrx_word' id='word_1_463' title='bbox 363 3241 485 3313; x_wconf 85' lang='grc' dir='ltr'>μεθ’</span> <span class='ocrx_word' id='word_1_464' title='bbox 516 3240 719 3313; x_wconf 85' lang='grc' dir='ltr'>ἐτέρων</span> <span class='ocrx_word' id='word_1_465' title='bbox 772 3240 935 3313; x_wconf 75' lang='grc' dir='ltr'>ἱερῶν</span> <span class='ocrx_word' id='word_1_466' title='bbox 970 3241 1259 3311; x_wconf 86' lang='grc' dir='ltr'>σωμάτων.</span> <span class='ocrx_word' id='word_1_467' title='bbox 1308 3242 1522 3316; x_wconf 85' lang='grc' dir='ltr'>Ἐπειδὴ</span> <span class='ocrx_word' id='word_1_468' title='bbox 1556 3242 1666 3315; x_wconf 91' lang='grc' dir='ltr'><strong>γάρ</strong></span> 
     </span>
    </p>
   </div>
   <div class='ocr_carea' id='block_1_64' title="bbox 78 3330 1665 3405">
    <p class='ocr_par' dir='ltr' id='par_1_64' title="bbox 78 3330 1665 3405">
     <span class='ocr_line' id='line_1_64' title="bbox 78 3330 1665 3405; baseline 0 -18"><span class='ocrx_word' id='word_1_469' title='bbox 78 3336 103 3387; x_wconf 89' lang='lat'><strong>6</strong></span> <span class='ocrx_word' id='word_1_470' title='bbox 128 3334 372 3404; x_wconf 75' lang='grc' dir='ltr'>φιλόθεος</span> <span class='ocrx_word' id='word_1_471' title='bbox 397 3333 688 3405; x_wconf 75' lang='grc' dir='ltr'>ἅνθρωπος</span> <span class='ocrx_word' id='word_1_472' title='bbox 717 3334 773 3386; x_wconf 82' lang='grc' dir='ltr'><strong>ἐν</strong></span> <span class='ocrx_word' id='word_1_473' title='bbox 808 3333 952 3404; x_wconf 72' lang='grc' dir='ltr'>ψυχῇ</span> <span class='ocrx_word' id='word_1_474' title='bbox 988 3334 1083 3387; x_wconf 76' lang='grc' dir='ltr'><strong>καὶ</strong></span> <span class='ocrx_word' id='word_1_475' title='bbox 1134 3330 1345 3405; x_wconf 87' lang='grc' dir='ltr'>σώματι</span> <span class='ocrx_word' id='word_1_476' title='bbox 1396 3334 1665 3400; x_wconf 88' lang='grc' dir='ltr'>συνεστὼς</span> 
     </span>
    </p>
   </div>
   <div class='ocr_carea' id='block_1_65' title="bbox 78 3424 1663 3499">
    <p class='ocr_par' dir='ltr' id='par_1_65' title="bbox 78 3424 1663 3499">
     <span class='ocr_line' id='line_1_65' title="bbox 78 3424 1663 3499; baseline -0.001 -20"><span class='ocrx_word' id='word_1_477' title='bbox 78 3427 163 3481; x_wconf 71' lang='grc' dir='ltr'>τὸν</span> <span class='ocrx_word' id='word_1_478' title='bbox 182 3427 442 3499; x_wconf 80' lang='grc' dir='ltr'>ἐνάρετον</span> <span class='ocrx_word' id='word_1_479' title='bbox 475 3425 590 3496; x_wconf 88' lang='grc' dir='ltr'>βίον</span> <span class='ocrx_word' id='word_1_480' title='bbox 616 3424 980 3489; x_wconf 83' lang='grc' dir='ltr'>ἐπολιτεύετο,</span> <span class='ocrx_word' id='word_1_481' title='bbox 1027 3425 1115 3478; x_wconf 85' lang='grc' dir='ltr'>ἵνα</span> <span class='ocrx_word' id='word_1_482' title='bbox 1141 3424 1194 3478; x_wconf 88' lang='grc' dir='ltr'><strong>τί</strong></span> <span class='ocrx_word' id='word_1_483' title='bbox 1223 3426 1322 3496; x_wconf 84' lang='grc' dir='ltr'>τῆς</span> <span class='ocrx_word' id='word_1_484' title='bbox 1362 3424 1539 3497; x_wconf 73' lang='grc' dir='ltr'>ψυχῆς</span> <span class='ocrx_word' id='word_1_485' title='bbox 1564 3426 1663 3478; x_wconf 79' lang='grc' dir='ltr'>αύ-</span> 
     </span>
    </p>
   </div>
   <div class='ocr_carea' id='block_1_66' title="bbox 83 3516 1667 3590">
    <p class='ocr_par' dir='ltr' id='par_1_66' title="bbox 83 3516 1667 3590">
     <span class='ocr_line' id='line_1_66' title="bbox 83 3516 1667 3590; baseline 0.001 -21"><span class='ocrx_word' id='word_1_486' title='bbox 83 3517 372 3590; x_wconf 78' lang='grc' dir='ltr'>λιζομὲνης</span> <span class='ocrx_word' id='word_1_487' title='bbox 410 3519 470 3571; x_wconf 83' lang='grc' dir='ltr'><strong>ὲν</strong></span> <span class='ocrx_word' id='word_1_488' title='bbox 495 3516 742 3586; x_wconf 88' lang='grc' dir='ltr'>ἀγαθοῖς,</span> <span class='ocrx_word' id='word_1_489' title='bbox 774 3517 834 3570; x_wconf 86' lang='grc' dir='ltr'><strong>τὸ</strong></span> <span class='ocrx_word' id='word_1_490' title='bbox 862 3516 1021 3588; x_wconf 83' lang='grc' dir='ltr'>σῶμα</span> <span class='ocrx_word' id='word_1_491' title='bbox 1054 3516 1495 3589; x_wconf 81' lang='grc' dir='ltr'>παροραθήσεται</span> <span class='ocrx_word' id='word_1_492' title='bbox 1514 3557 1530 3581; x_wconf 94' lang='grc'><strong>,</strong></span> <span class='ocrx_word' id='word_1_493' title='bbox 1574 3519 1667 3571; x_wconf 75' lang='grc' dir='ltr'><strong>καὶ</strong></span> 
     </span>
    </p>
   </div>
   <div class='ocr_carea' id='block_1_67' title="bbox 78 3608 1668 3682">
    <p class='ocr_par' dir='ltr' id='par_1_67' title="bbox 78 3608 1668 3682">
     <span class='ocr_line' id='line_1_67' title="bbox 78 3608 1668 3682; baseline 0.001 -19"><span class='ocrx_word' id='word_1_494' title='bbox 78 3612 133 3663; x_wconf 80' lang='grc' dir='ltr'><strong>ού</strong></span> <span class='ocrx_word' id='word_1_495' title='bbox 156 3611 355 3682; x_wconf 86' lang='grc' dir='ltr'>τιμίως</span> <span class='ocrx_word' id='word_1_496' title='bbox 385 3608 862 3681; x_wconf 85' lang='grc' dir='ltr'>κατατεθήσεται;</span> <span class='ocrx_word' id='word_1_497' title='bbox 896 3610 1006 3662; x_wconf 76' lang='grc' dir='ltr'>Καὶ</span> <span class='ocrx_word' id='word_1_498' title='bbox 1048 3608 1157 3681; x_wconf 90' lang='grc' dir='ltr'><strong>γάρ</strong></span> <span class='ocrx_word' id='word_1_499' title='bbox 1196 3609 1291 3663; x_wconf 74' lang='grc' dir='ltr'>καὶ</span> <span class='ocrx_word' id='word_1_500' title='bbox 1338 3610 1394 3663; x_wconf 76' lang='grc' dir='ltr'><strong>αἱ</strong></span> <span class='ocrx_word' id='word_1_501' title='bbox 1444 3610 1668 3682; x_wconf 77' lang='grc' dir='ltr'>ἀμοιϐαὶ</span> 
     </span>
    </p>
   </div>
   <div class='ocr_carea' id='block_1_68' title="bbox 78 3699 1665 3775">
    <p class='ocr_par' dir='ltr' id='par_1_68' title="bbox 78 3699 1665 3775">
     <span class='ocr_line' id='line_1_68' title="bbox 78 3699 1665 3775; baseline -0.001 -19"><span class='ocrx_word' id='word_1_502' title='bbox 78 3706 139 3773; x_wconf 75' lang='grc' dir='ltr'>τῇ</span> <span class='ocrx_word' id='word_1_503' title='bbox 158 3704 305 3775; x_wconf 79' lang='grc' dir='ltr'>ψυχῇ</span> <span class='ocrx_word' id='word_1_504' title='bbox 342 3701 487 3774; x_wconf 87' lang='grc' dir='ltr'><strong>μετά</strong></span> <span class='ocrx_word' id='word_1_505' title='bbox 515 3699 767 3773; x_wconf 86' lang='grc' dir='ltr'>σώματος</span> <span class='ocrx_word' id='word_1_506' title='bbox 793 3701 1131 3773; x_wconf 79' lang='grc' dir='ltr'>δοθήσονται,</span> <span class='ocrx_word' id='word_1_507' title='bbox 1159 3701 1269 3754; x_wconf 77' lang='grc' dir='ltr'>εἴτε</span> <span class='ocrx_word' id='word_1_508' title='bbox 1293 3701 1403 3755; x_wconf 90' lang='grc' dir='ltr'><strong>τῶν</strong></span> <span class='ocrx_word' id='word_1_509' title='bbox 1425 3701 1665 3771; x_wconf 84' lang='grc' dir='ltr'>ἀγαθῶν,</span> 
     </span>
    </p>
   </div>
   <div class='ocr_carea' id='block_1_69' title="bbox 79 3792 1668 3865">
    <p class='ocr_par' dir='ltr' id='par_1_69' title="bbox 79 3792 1668 3865">
     <span class='ocr_line' id='line_1_69' title="bbox 79 3792 1668 3865; baseline -0.002 -18"><span class='ocrx_word' id='word_1_510' title='bbox 79 3794 186 3849; x_wconf 79' lang='grc' dir='ltr'>εἴτε</span> <span class='ocrx_word' id='word_1_511' title='bbox 211 3796 323 3849; x_wconf 88' lang='grc' dir='ltr'><strong>τῶν</strong></span> <span class='ocrx_word' id='word_1_512' title='bbox 349 3794 565 3858; x_wconf 85' lang='grc' dir='ltr'>κακῶν,</span> <span class='ocrx_word' id='word_1_513' title='bbox 595 3793 745 3865; x_wconf 85' lang='grc' dir='ltr'><strong>παρά</strong></span> <span class='ocrx_word' id='word_1_514' title='bbox 767 3793 859 3845; x_wconf 90' lang='grc' dir='ltr'><strong>τοῦ</strong></span> <span class='ocrx_word' id='word_1_515' title='bbox 890 3792 1101 3847; x_wconf 87' lang='grc' dir='ltr'>δικαίου</span> <span class='ocrx_word' id='word_1_516' title='bbox 1150 3792 1374 3864; x_wconf 86' lang='grc' dir='ltr'>Κριτοῦ.</span> <span class='ocrx_word' id='word_1_517' title='bbox 1401 3792 1491 3845; x_wconf 83' lang='grc' dir='ltr'>Διὸ</span> <span class='ocrx_word' id='word_1_518' title='bbox 1520 3792 1613 3846; x_wconf 75' lang='grc' dir='ltr'><strong>καὶ</strong></span> <span class='ocrx_word' id='word_1_519' title='bbox 1639 3792 1668 3844; x_wconf 91' lang='lat'><strong>6</strong></span> 
     </span>
    </p>
   </div>
   <div class='ocr_carea' id='block_1_70' title="bbox 80 3881 1668 3958">
    <p class='ocr_par' dir='ltr' id='par_1_70' title="bbox 80 3881 1668 3958">
     <span class='ocr_line' id='line_1_70' title="bbox 80 3881 1668 3958; baseline -0.001 -21"><span class='ocrx_word' id='word_1_520' title='bbox 80 3886 219 3957; x_wconf 74' lang='grc' dir='ltr'>ἱερὸς</span> <span class='ocrx_word' id='word_1_521' title='bbox 271 3885 476 3958; x_wconf 76' lang='grc' dir='ltr'>θεσμὸς</span> <span class='ocrx_word' id='word_1_522' title='bbox 508 3885 605 3937; x_wconf 78' lang='grc' dir='ltr'><strong>καὶ</strong></span> <span class='ocrx_word' id='word_1_523' title='bbox 641 3884 928 3955; x_wconf 70' lang='grc' dir='ltr'>ἀμφότερα</span> <span class='ocrx_word' id='word_1_524' title='bbox 973 3881 1212 3951; x_wconf 78' lang='grc' dir='ltr'>ἁγιάζει,</span> <span class='ocrx_word' id='word_1_525' title='bbox 1247 3884 1347 3955; x_wconf 78' lang='grc' dir='ltr'>τήν</span> <span class='ocrx_word' id='word_1_526' title='bbox 1379 3900 1440 3936; x_wconf 90' lang='grc' dir='ltr'><strong>τε</strong></span> <span class='ocrx_word' id='word_1_527' title='bbox 1492 3882 1668 3953; x_wconf 77' lang='grc' dir='ltr'>ψυχὴν</span> 
     </span>
    </p>
   </div>
   <div class='ocr_carea' id='block_1_71' title="bbox 84 3973 1669 4049">
    <p class='ocr_par' dir='ltr' id='par_1_71' title="bbox 84 3973 1669 4049">
     <span class='ocr_line' id='line_1_71' title="bbox 84 3973 1669 4049; baseline -0.002 -19"><span class='ocrx_word' id='word_1_528' title='bbox 84 3980 174 4032; x_wconf 71' lang='grc' dir='ltr'>καὶ</span> <span class='ocrx_word' id='word_1_529' title='bbox 206 3979 267 4032; x_wconf 81' lang='grc' dir='ltr'>τὸ</span> <span class='ocrx_word' id='word_1_530' title='bbox 298 3979 490 4049; x_wconf 80' lang='grc' dir='ltr'>σῶμα⁶</span> <span class='ocrx_word' id='word_1_531' title='bbox 526 3977 627 4046; x_wconf 81' lang='grc' dir='ltr'>τὴν</span> <span class='ocrx_word' id='word_1_532' title='bbox 670 3975 849 4047; x_wconf 76' lang='grc' dir='ltr'>ψυχὴν</span> <span class='ocrx_word' id='word_1_533' title='bbox 886 3975 1004 4046; x_wconf 84' lang='grc' dir='ltr'>μὲν,</span> <span class='ocrx_word' id='word_1_534' title='bbox 1054 3976 1111 4028; x_wconf 87' lang='grc' dir='ltr'><strong>ἐν</strong></span> <span class='ocrx_word' id='word_1_535' title='bbox 1150 3976 1369 4046; x_wconf 79' lang='grc' dir='ltr'>νοηταῖς</span> <span class='ocrx_word' id='word_1_536' title='bbox 1414 3973 1669 4046; x_wconf 87' lang='grc' dir='ltr'>θεωρίαις</span> 
     </span>
    </p>
   </div>
   <div class='ocr_carea' id='block_1_72' title="bbox 78 4065 1670 4143">
    <p class='ocr_par' dir='ltr' id='par_1_72' title="bbox 78 4065 1670 4143">
     <span class='ocr_line' id='line_1_72' title="bbox 78 4065 1670 4143; baseline -0.003 -20"><span class='ocrx_word' id='word_1_537' title='bbox 78 4072 170 4123; x_wconf 73' lang='grc' dir='ltr'><strong>καὶ</strong></span> <span class='ocrx_word' id='word_1_538' title='bbox 202 4072 488 4143; x_wconf 81' lang='grc' dir='ltr'>ἐπιστήμῃ</span> <span class='ocrx_word' id='word_1_539' title='bbox 522 4068 633 4122; x_wconf 90' lang='grc' dir='ltr'><strong>τῶν</strong></span> <span class='ocrx_word' id='word_1_540' title='bbox 668 4066 1007 4138; x_wconf 81' lang='grc' dir='ltr'>τελουμένων</span> <span class='ocrx_word' id='word_1_541' title='bbox 1031 4083 1045 4098; x_wconf 79' lang='grc'><em>’</em></span> <span class='ocrx_word' id='word_1_542' title='bbox 1075 4066 1136 4121; x_wconf 81' lang='grc' dir='ltr'><strong>τὸ</strong></span> <span class='ocrx_word' id='word_1_543' title='bbox 1165 4066 1323 4138; x_wconf 88' lang='grc' dir='ltr'>σῶμα</span> <span class='ocrx_word' id='word_1_544' title='bbox 1356 4067 1412 4121; x_wconf 85' lang='grc' dir='ltr'>δὲ</span> <span class='ocrx_word' id='word_1_545' title='bbox 1436 4066 1514 4138; x_wconf 82' lang='grc' dir='ltr'>τῷ</span> <span class='ocrx_word' id='word_1_546' title='bbox 1542 4065 1670 4137; x_wconf 85' lang='grc' dir='ltr'>θείῳ</span> 
     </span>
    </p>
   </div>
   <div class='ocr_carea' id='block_1_73' title="bbox 81 4157 1671 4233">
    <p class='ocr_par' dir='ltr' id='par_1_73' title="bbox 81 4157 1671 4233">
     <span class='ocr_line' id='line_1_73' title="bbox 81 4157 1671 4233; baseline -0.002 -20"><span class='ocrx_word' id='word_1_547' title='bbox 81 4161 254 4233; x_wconf 82' lang='grc' dir='ltr'>μύρῳ.</span> <span class='ocrx_word' id='word_1_548' title='bbox 306 4163 431 4215; x_wconf 86' lang='grc' dir='ltr'>Ἔτι</span> <span class='ocrx_word' id='word_1_549' title='bbox 464 4160 522 4214; x_wconf 85' lang='grc' dir='ltr'>δὲ</span> <span class='ocrx_word' id='word_1_550' title='bbox 582 4160 678 4212; x_wconf 75' lang='grc' dir='ltr'><strong>καὶ</strong></span> <span class='ocrx_word' id='word_1_551' title='bbox 718 4162 831 4223; x_wconf 88' lang='grc' dir='ltr'>τοῖς</span> <span class='ocrx_word' id='word_1_552' title='bbox 874 4159 1199 4228; x_wconf 84' lang='grc' dir='ltr'>ἁγιωτάτοις</span> <span class='ocrx_word' id='word_1_553' title='bbox 1247 4158 1533 4229; x_wconf 74' lang='grc' dir='ltr'>συμϐόλοις</span> <span class='ocrx_word' id='word_1_554' title='bbox 1569 4157 1671 4228; x_wconf 80' lang='grc' dir='ltr'><strong>τῆς</strong></span> 
     </span>
    </p>
   </div>
   <div class='ocr_carea' id='block_1_74' title="bbox 79 4249 1671 4325">
    <p class='ocr_par' dir='ltr' id='par_1_74' title="bbox 79 4249 1671 4325">
     <span class='ocr_line' id='line_1_74' title="bbox 79 4249 1671 4325; baseline -0.001 -21"><span class='ocrx_word' id='word_1_555' title='bbox 79 4253 227 4318; x_wconf 80' lang='grc' dir='ltr'>θείας</span> <span class='ocrx_word' id='word_1_556' title='bbox 258 4251 623 4325; x_wconf 72' lang='grc' dir='ltr'>μεταλήψεως</span> <span class='ocrx_word' id='word_1_557' title='bbox 647 4250 883 4319; x_wconf 75' lang='grc' dir='ltr'>ἁγιάζων</span> <span class='ocrx_word' id='word_1_558' title='bbox 908 4251 1083 4304; x_wconf 86' lang='grc' dir='ltr'>πάντα</span> <span class='ocrx_word' id='word_1_559' title='bbox 1113 4249 1205 4303; x_wconf 84' lang='grc' dir='ltr'><strong>τὸν</strong></span> <span class='ocrx_word' id='word_1_560' title='bbox 1237 4249 1541 4321; x_wconf 79' lang='grc' dir='ltr'>ἄνθρωπον,</span> <span class='ocrx_word' id='word_1_561' title='bbox 1579 4250 1671 4304; x_wconf 76' lang='grc' dir='ltr'>καὶ</span> 
     </span>
    </p>
   </div>
   <div class='ocr_carea' id='block_1_75' title="bbox 77 4343 1670 4419">
    <p class='ocr_par' dir='ltr' id='par_1_75' title="bbox 77 4343 1670 4419">
     <span class='ocr_line' id='line_1_75' title="bbox 77 4343 1670 4419; baseline -0.002 -21"><span class='ocrx_word' id='word_1_562' title='bbox 77 4348 173 4419; x_wconf 73' lang='grc' dir='ltr'><strong>τὴν</strong></span> <span class='ocrx_word' id='word_1_563' title='bbox 197 4346 382 4419; x_wconf 79' lang='grc' dir='ltr'>όλικὴν</span> <span class='ocrx_word' id='word_1_564' title='bbox 415 4344 609 4410; x_wconf 80' lang='grc' dir='ltr'>αὐτοῦ,</span> <span class='ocrx_word' id='word_1_565' title='bbox 637 4345 804 4417; x_wconf 76' lang='grc' dir='ltr'>ἤγουν</span> <span class='ocrx_word' id='word_1_566' title='bbox 836 4345 934 4399; x_wconf 85' lang='grc' dir='ltr'><strong>καὶ</strong></span> <span class='ocrx_word' id='word_1_567' title='bbox 974 4346 1073 4416; x_wconf 84' lang='grc' dir='ltr'>τὴν</span> <span class='ocrx_word' id='word_1_568' title='bbox 1121 4344 1219 4416; x_wconf 83' lang='grc' dir='ltr'>τῆς</span> <span class='ocrx_word' id='word_1_569' title='bbox 1246 4343 1426 4415; x_wconf 78' lang='grc' dir='ltr'>ψυχῆς</span> <span class='ocrx_word' id='word_1_570' title='bbox 1454 4344 1549 4397; x_wconf 69' lang='lat' dir='ltr'><strong>xui.</strong></span> <span class='ocrx_word' id='word_1_571' title='bbox 1572 4344 1670 4414; x_wconf 80' lang='grc' dir='ltr'><strong>τὴν</strong></span> 
     </span>
    </p>
   </div>
   <div class='ocr_carea' id='block_1_76' title="bbox 78 4435 1672 4510">
    <p class='ocr_par' dir='ltr' id='par_1_76' title="bbox 78 4435 1672 4510">
     <span class='ocr_line' id='line_1_76' title="bbox 78 4435 1672 4510; baseline 0 -21"><span class='ocrx_word' id='word_1_572' title='bbox 78 4436 168 4489; x_wconf 77' lang='grc' dir='ltr'><strong>τοῦ</strong></span> <span class='ocrx_word' id='word_1_573' title='bbox 205 4438 459 4510; x_wconf 84' lang='grc' dir='ltr'>σώματος</span> <span class='ocrx_word' id='word_1_574' title='bbox 493 4437 768 4508; x_wconf 89' lang='grc' dir='ltr'>σωτηρίαν</span> <span class='ocrx_word' id='word_1_575' title='bbox 816 4436 1134 4509; x_wconf 84' lang='grc' dir='ltr'>ίερουργῶν,</span> <span class='ocrx_word' id='word_1_576' title='bbox 1183 4436 1276 4488; x_wconf 74' lang='grc' dir='ltr'><strong>καὶ</strong></span> <span class='ocrx_word' id='word_1_577' title='bbox 1330 4436 1491 4491; x_wconf 86' lang='grc' dir='ltr'>πάλιν</span> <span class='ocrx_word' id='word_1_578' title='bbox 1531 4435 1672 4489; x_wconf 76' lang='grc' dir='ltr'>οὕτω</span> 
     </span>
    </p>
   </div>
   <div class='ocr_carea' id='block_1_77' title="bbox 77 4526 1388 4602">
    <p class='ocr_par' dir='ltr' id='par_1_77' title="bbox 77 4526 1388 4602">
     <span class='ocr_line' id='line_1_77' title="bbox 77 4526 1388 4602; baseline -0.001 -22"><span class='ocrx_word' id='word_1_579' title='bbox 77 4528 421 4602; x_wconf 79' lang='grc' dir='ltr'>τελειοτάτην</span> <span class='ocrx_word' id='word_1_580' title='bbox 464 4526 801 4596; x_wconf 79' lang='grc' dir='ltr'>διαγγέλλων</span> <span class='ocrx_word' id='word_1_581' title='bbox 831 4528 926 4580; x_wconf 77' lang='grc' dir='ltr'><strong>καὶ</strong></span> <span class='ocrx_word' id='word_1_582' title='bbox 948 4527 1047 4598; x_wconf 82' lang='grc' dir='ltr'><strong>τὴν</strong></span> <span class='ocrx_word' id='word_1_583' title='bbox 1072 4527 1388 4581; x_wconf 84' lang='grc' dir='ltr'>ἀνάστασιν.</span> 
     </span>
    </p>
   </div>
   <div class='ocr_carea' id='block_1_78' title="bbox 146 4698 1670 4774">
    <p class='ocr_par' dir='ltr' id='par_1_78' title="bbox 146 4698 1670 4774">
     <span class='ocr_line' id='line_1_78' title="bbox 146 4698 1670 4774; baseline 0.001 -21"><span class='ocrx_word' id='word_1_584' title='bbox 146 4698 176 4771; x_wconf 60' lang='grc' dir='ltr'>ᾗ</span> <span class='ocrx_word' id='word_1_585' title='bbox 200 4702 267 4753; x_wconf 86' lang='grc' dir='ltr'><strong>Χ.</strong></span> <span class='ocrx_word' id='word_1_586' title='bbox 292 4701 406 4765; x_wconf 86' lang='grc' dir='ltr'><strong>Τάς</strong></span> <span class='ocrx_word' id='word_1_587' title='bbox 434 4700 493 4753; x_wconf 79' lang='grc' dir='ltr'>δὲ</span> <span class='ocrx_word' id='word_1_588' title='bbox 510 4699 613 4769; x_wconf 79' lang='grc' dir='ltr'>τῆς</span> <span class='ocrx_word' id='word_1_589' title='bbox 636 4699 966 4771; x_wconf 87' lang='grc' dir='ltr'>χειροτονίας</span> <span class='ocrx_word' id='word_1_590' title='bbox 994 4700 1159 4772; x_wconf 83' lang='grc' dir='ltr'>εὐχὰς</span> <span class='ocrx_word' id='word_1_591' title='bbox 1183 4702 1243 4755; x_wconf 79' lang='grc' dir='ltr'><strong>ού</strong></span> <span class='ocrx_word' id='word_1_592' title='bbox 1272 4701 1489 4774; x_wconf 86' lang='grc' dir='ltr'>θεμιτὸν</span> <span class='ocrx_word' id='word_1_593' title='bbox 1508 4704 1670 4773; x_wconf 79' lang='grc' dir='ltr'>ἀφερ-</span> 
     </span>
    </p>
   </div>
   <div class='ocr_carea' id='block_1_79' title="bbox 80 4793 1669 4868">
    <p class='ocr_par' dir='ltr' id='par_1_79' title="bbox 80 4793 1669 4868">
     <span class='ocr_line' id='line_1_79' title="bbox 80 4793 1669 4868; baseline 0.003 -22"><span class='ocrx_word' id='word_1_594' title='bbox 80 4794 359 4865; x_wconf 85' lang='grc' dir='ltr'>μηνεύειν,</span> <span class='ocrx_word' id='word_1_595' title='bbox 402 4795 578 4865; x_wconf 74' lang='grc' dir='ltr'>ἦγουν</span> <span class='ocrx_word' id='word_1_596' title='bbox 609 4793 727 4864; x_wconf 85' lang='grc' dir='ltr'>μεθ’</span> <span class='ocrx_word' id='word_1_597' title='bbox 758 4794 1053 4865; x_wconf 80' lang='grc' dir='ltr'>ἑρμηνείας</span> <span class='ocrx_word' id='word_1_598' title='bbox 1083 4796 1444 4866; x_wconf 89' lang='grc' dir='ltr'>δημοσιεύειν,</span> <span class='ocrx_word' id='word_1_599' title='bbox 1480 4814 1669 4868; x_wconf 84' lang='grc' dir='ltr'>μυστι-</span> 
     </span>
    </p>
   </div>
   <div class='ocr_carea' id='block_1_80' title="bbox 78 4883 1669 4959">
    <p class='ocr_par' dir='ltr' id='par_1_80' title="bbox 78 4883 1669 4959">
     <span class='ocr_line' id='line_1_80' title="bbox 78 4883 1669 4959; baseline 0.004 -26"><span class='ocrx_word' id='word_1_600' title='bbox 78 4883 179 4947; x_wconf 68' lang='grc' dir='ltr'>κὰς</span> <span class='ocrx_word' id='word_1_601' title='bbox 202 4884 368 4948; x_wconf 82' lang='grc' dir='ltr'>ούσας</span> <span class='ocrx_word' id='word_1_602' title='bbox 397 4886 497 4937; x_wconf 77' lang='grc' dir='ltr'><strong>καὶ</strong></span> <span class='ocrx_word' id='word_1_603' title='bbox 542 4884 893 4955; x_wconf 77' lang='grc' dir='ltr'>ἀπορρήτους</span> <span class='ocrx_word' id='word_1_604' title='bbox 913 4901 925 4914; x_wconf 76' lang='grc'><strong><em>⁸</em></strong></span> <span class='ocrx_word' id='word_1_605' title='bbox 957 4886 1016 4937; x_wconf 89' lang='grc' dir='ltr'><strong>ού</strong></span> <span class='ocrx_word' id='word_1_606' title='bbox 1055 4886 1161 4957; x_wconf 79' lang='grc' dir='ltr'>χρὴ</span> <span class='ocrx_word' id='word_1_607' title='bbox 1194 4886 1250 4939; x_wconf 86' lang='grc' dir='ltr'>δὲ</span> <span class='ocrx_word' id='word_1_608' title='bbox 1284 4887 1496 4956; x_wconf 83' lang='grc' dir='ltr'>ἐξάγειν</span> <span class='ocrx_word' id='word_1_609' title='bbox 1534 4887 1669 4959; x_wconf 85' lang='grc' dir='ltr'>πρὸς</span> 
     </span>
    </p>
   </div>
   <div class='ocr_carea' id='block_1_81' title="bbox 75 4975 1667 5049">
    <p class='ocr_par' dir='ltr' id='par_1_81' title="bbox 75 4975 1667 5049">
     <span class='ocr_line' id='line_1_81' title="bbox 75 4975 1667 5049; baseline 0 -20"><span class='ocrx_word' id='word_1_610' title='bbox 75 4978 137 5030; x_wconf 76' lang='grc' dir='ltr'>τὸ</span> <span class='ocrx_word' id='word_1_611' title='bbox 181 4978 364 5031; x_wconf 78' lang='grc' dir='ltr'>κοινὸν</span> <span class='ocrx_word' id='word_1_612' title='bbox 405 4977 511 5041; x_wconf 85' lang='grc' dir='ltr'>τὰς</span> <span class='ocrx_word' id='word_1_613' title='bbox 541 4976 608 5030; x_wconf 84' lang='grc' dir='ltr'><strong>ἐκ</strong></span> <span class='ocrx_word' id='word_1_614' title='bbox 636 4975 744 5029; x_wconf 87' lang='grc' dir='ltr'><strong>τῶν</strong></span> <span class='ocrx_word' id='word_1_615' title='bbox 772 4976 946 5047; x_wconf 82' lang='grc' dir='ltr'>εὐχῶν</span> <span class='ocrx_word' id='word_1_616' title='bbox 972 4977 1315 5049; x_wconf 88' lang='grc' dir='ltr'>δωρουμένας</span> <span class='ocrx_word' id='word_1_617' title='bbox 1342 4982 1453 5043; x_wconf 90' lang='grc' dir='ltr'>τοῖς</span> <span class='ocrx_word' id='word_1_618' title='bbox 1482 4978 1667 5031; x_wconf 80' lang='grc' dir='ltr'>τελου-</span> 
     </span>
    </p>
   </div>
   <div class='ocr_carea' id='block_1_82' title="bbox 82 5068 1671 5140">
    <p class='ocr_par' dir='ltr' id='par_1_82' title="bbox 82 5068 1671 5140">
     <span class='ocr_line' id='line_1_82' title="bbox 82 5068 1671 5140; baseline -0.001 -18"><span class='ocrx_word' id='word_1_619' title='bbox 82 5070 268 5138; x_wconf 85' lang='grc' dir='ltr'>μένοις</span> <span class='ocrx_word' id='word_1_620' title='bbox 310 5071 579 5140; x_wconf 83' lang='grc' dir='ltr'>δυνάμεις</span> <span class='ocrx_word' id='word_1_621' title='bbox 623 5068 719 5121; x_wconf 88' lang='grc' dir='ltr'><strong>τοῦ</strong></span> <span class='ocrx_word' id='word_1_622' title='bbox 759 5068 1094 5139; x_wconf 89' lang='grc' dir='ltr'>Πνεύματος.</span> <span class='ocrx_word' id='word_1_623' title='bbox 1140 5070 1299 5123; x_wconf 83' lang='grc' dir='ltr'>Ἀλλά</span> <span class='ocrx_word' id='word_1_624' title='bbox 1337 5072 1422 5133; x_wconf 80' lang='grc' dir='ltr'><strong>σὺ,</strong></span> <span class='ocrx_word' id='word_1_625' title='bbox 1469 5070 1671 5133; x_wconf 90' lang='grc' dir='ltr'>ταύτας</span> 
     </span>
    </p>
   </div>
   <div class='ocr_carea' id='block_1_83' title="bbox 78 5160 1675 5234">
    <p class='ocr_par' dir='ltr' id='par_1_83' title="bbox 78 5160 1675 5234">
     <span class='ocr_line' id='line_1_83' title="bbox 78 5160 1675 5234; baseline 0.001 -21"><span class='ocrx_word' id='word_1_626' title='bbox 78 5162 223 5215; x_wconf 76' lang='grc' dir='ltr'>κατὰ</span> <span class='ocrx_word' id='word_1_627' title='bbox 278 5162 376 5234; x_wconf 78' lang='grc' dir='ltr'><strong>τὴν</strong></span> <span class='ocrx_word' id='word_1_628' title='bbox 422 5161 582 5214; x_wconf 88' lang='grc' dir='ltr'>θείαν</span> <span class='ocrx_word' id='word_1_629' title='bbox 619 5160 917 5232; x_wconf 83' lang='grc' dir='ltr'>παράδοσιν</span> <span class='ocrx_word' id='word_1_630' title='bbox 970 5162 1244 5231; x_wconf 88' lang='grc' dir='ltr'>μυστικῶς</span> <span class='ocrx_word' id='word_1_631' title='bbox 1295 5161 1546 5233; x_wconf 82' lang='grc' dir='ltr'>ἐκμαθὼν</span> <span class='ocrx_word' id='word_1_632' title='bbox 1581 5162 1675 5215; x_wconf 74' lang='grc' dir='ltr'><strong>καὶ</strong></span> 
     </span>
    </p>
   </div>
   <div class='ocr_carea' id='block_1_84' title="bbox 80 5252 1675 5327">
    <p class='ocr_par' dir='ltr' id='par_1_84' title="bbox 80 5252 1675 5327">
     <span class='ocr_line' id='line_1_84' title="bbox 80 5252 1675 5327; baseline -0.001 -22"><span class='ocrx_word' id='word_1_633' title='bbox 80 5255 219 5326; x_wconf 71' lang='grc' dir='ltr'>πρὸς</span> <span class='ocrx_word' id='word_1_634' title='bbox 272 5255 556 5327; x_wconf 86' lang='grc' dir='ltr'>θειοτέραν</span> <span class='ocrx_word' id='word_1_635' title='bbox 588 5252 843 5323; x_wconf 76' lang='grc' dir='ltr'>ἀναχθεὶς</span> <span class='ocrx_word' id='word_1_636' title='bbox 892 5252 1021 5317; x_wconf 73' lang='grc' dir='ltr'>ἕξιν,</span> <span class='ocrx_word' id='word_1_637' title='bbox 1055 5253 1282 5323; x_wconf 86' lang='grc' dir='ltr'>φθάσεις</span> <span class='ocrx_word' id='word_1_638' title='bbox 1311 5254 1404 5307; x_wconf 80' lang='grc' dir='ltr'><strong>καὶ</strong></span> <span class='ocrx_word' id='word_1_639' title='bbox 1439 5253 1536 5324; x_wconf 78' lang='grc' dir='ltr'><strong>τὴν</strong></span> <span class='ocrx_word' id='word_1_640' title='bbox 1562 5252 1675 5305; x_wconf 91' lang='grc' dir='ltr'><strong>τῶν</strong></span> 
     </span>
    </p>
   </div>
   <div class='ocr_carea' id='block_1_85' title="bbox 76 5345 1675 5418">
    <p class='ocr_par' dir='ltr' id='par_1_85' title="bbox 76 5345 1675 5418">
     <span class='ocr_line' id='line_1_85' title="bbox 76 5345 1675 5418; baseline -0.001 -20"><span class='ocrx_word' id='word_1_641' title='bbox 76 5348 338 5402; x_wconf 81' lang='grc' dir='ltr'>τοιούτων</span> <span class='ocrx_word' id='word_1_642' title='bbox 379 5347 698 5417; x_wconf 80' lang='grc' dir='ltr'>ἐπιστήμην</span> <span class='ocrx_word' id='word_1_643' title='bbox 735 5345 839 5398; x_wconf 81' lang='grc' dir='ltr'><strong>ὑπὸ</strong></span> <span class='ocrx_word' id='word_1_644' title='bbox 861 5346 978 5415; x_wconf 83' lang='grc' dir='ltr'>’τῆς</span> <span class='ocrx_word' id='word_1_645' title='bbox 1009 5346 1325 5418; x_wconf 82' lang='grc' dir='ltr'>ίεραρχικῆς</span> <span class='ocrx_word' id='word_1_646' title='bbox 1360 5345 1675 5415; x_wconf 78' lang='grc' dir='ltr'>ὲλλάμψεως</span> 
     </span>
    </p>
   </div>
   <div class='ocr_carea' id='block_1_86' title="bbox 79 5436 1673 5513">
    <p class='ocr_par' dir='ltr' id='par_1_86' title="bbox 79 5436 1673 5513">
     <span class='ocr_line' id='line_1_86' title="bbox 79 5436 1673 5513; baseline -0.003 -21"><span class='ocrx_word' id='word_1_647' title='bbox 79 5438 242 5513; x_wconf 71' lang='grc' dir='ltr'>(αὕτη</span> <span class='ocrx_word' id='word_1_648' title='bbox 289 5443 397 5513; x_wconf 81' lang='grc' dir='ltr'><strong>γάρ</strong></span> <span class='ocrx_word' id='word_1_649' title='bbox 449 5444 604 5495; x_wconf 82' lang='grc' dir='ltr'>ἐστιν</span> <span class='ocrx_word' id='word_1_650' title='bbox 642 5441 676 5511; x_wconf 82' lang='grc' dir='ltr'>ἠ</span> <span class='ocrx_word' id='word_1_651' title='bbox 738 5437 931 5493; x_wconf 88' lang='grc' dir='ltr'>πασῶν</span> <span class='ocrx_word' id='word_1_652' title='bbox 967 5437 1076 5492; x_wconf 89' lang='grc' dir='ltr'><strong>τῶν</strong></span> <span class='ocrx_word' id='word_1_653' title='bbox 1119 5437 1351 5491; x_wconf 87' lang='grc' dir='ltr'>τελετῶν</span> <span class='ocrx_word' id='word_1_654' title='bbox 1394 5436 1673 5509; x_wconf 85' lang='grc' dir='ltr'>ἄρχουσα)</span> 
     </span>
    </p>
   </div>
   <div class='ocr_carea' id='block_1_87' title="bbox 74 5532 463 5604">
    <p class='ocr_par' dir='ltr' id='par_1_87' title="bbox 74 5532 463 5604">
     <span class='ocr_line' id='line_1_87' title="bbox 74 5532 463 5604; baseline 0.003 -19"><span class='ocrx_word' id='word_1_655' title='bbox 74 5532 277 5603; x_wconf 69' lang='grc' dir='ltr'>ὀδηγού</span> <span class='ocrx_word' id='word_1_656' title='bbox 285 5551 463 5604; x_wconf 83' lang='grc' dir='ltr'>μενος.</span> 
     </span>
    </p>
   </div>
   <div class='ocr_carea' id='block_1_88' title="bbox 146 5620 1672 5700">
    <p class='ocr_par' dir='ltr' id='par_1_88' title="bbox 146 5620 1672 5700">
     <span class='ocr_line' id='line_1_88' title="bbox 146 5620 1672 5700; baseline -0.004 -21"><span class='ocrx_word' id='word_1_657' title='bbox 146 5626 174 5700; x_wconf 80' lang='lat'><strong>§</strong></span> <span class='ocrx_word' id='word_1_658' title='bbox 206 5628 303 5680; x_wconf 70' lang='grc' dir='ltr'>χι.</span> <span class='ocrx_word' id='word_1_659' title='bbox 336 5625 625 5681; x_wconf 77' lang='grc' dir='ltr'>Ἐντεῦθεν</span> <span class='ocrx_word' id='word_1_660' title='bbox 647 5624 770 5696; x_wconf 83' lang='grc' dir='ltr'>ὅρα,</span> <span class='ocrx_word' id='word_1_661' title='bbox 792 5623 845 5677; x_wconf 89' lang='grc' dir='ltr'><strong>τί</strong></span> <span class='ocrx_word' id='word_1_662' title='bbox 873 5640 1035 5695; x_wconf 82' lang='grc' dir='ltr'>φησιν</span> <span class='ocrx_word' id='word_1_663' title='bbox 1057 5624 1086 5677; x_wconf 90' lang='lat'><strong>6</strong></span> <span class='ocrx_word' id='word_1_664' title='bbox 1112 5623 1300 5695; x_wconf 82' lang='grc' dir='ltr'>Πατὴρ</span> <span class='ocrx_word' id='word_1_665' title='bbox 1330 5622 1457 5695; x_wconf 78' lang='grc' dir='ltr'>περὶ</span> <span class='ocrx_word' id='word_1_666' title='bbox 1480 5620 1571 5674; x_wconf 85' lang='grc' dir='ltr'><strong>τοῦ</strong></span> <span class='ocrx_word' id='word_1_667' title='bbox 1603 5620 1672 5674; x_wconf 66' lang='grc' dir='ltr'>τὰ</span> 
     </span>
    </p>
   </div>
   <div class='ocr_carea' id='block_1_89' title="bbox 146 5802 547 5872">
    <p class='ocr_par' dir='ltr' id='par_1_89' title="bbox 146 5802 547 5872">
     <span class='ocr_line' id='line_1_89' title="bbox 146 5802 547 5872; baseline 0 -17"><span class='ocrx_word' id='word_1_668' title='bbox 146 5814 170 5855; x_wconf 68' lang='grc' dir='ltr'><strong>ε</strong></span> <span class='ocrx_word' id='word_1_669' title='bbox 197 5802 335 5860; x_wconf 82' lang='lat' dir='ltr'><strong>Luc.</strong></span> <span class='ocrx_word' id='word_1_670' title='bbox 360 5819 416 5872; x_wconf 74' lang='grc' dir='ltr'>ι,</span> <span class='ocrx_word' id='word_1_671' title='bbox 452 5802 547 5857; x_wconf 81' lang='grc'><strong>16.</strong></span> 
     </span>
    </p>
   </div>
   <div class='ocr_carea' id='block_1_90' title="bbox 1698 4575 1748 4634">
    <p class='ocr_par' dir='ltr' id='par_1_90' title="bbox 1698 4575 1748 4634">
     <span class='ocr_line' id='line_1_90' title="bbox 1698 4575 1748 4634; baseline 0 0"><span class='ocrx_word' id='word_1_672' title='bbox 1698 4575 1748 4634; x_wconf 87' lang='lat' dir='ltr'><strong><em>D</em></strong></span> 
     </span>
    </p>
   </div>
   <div class='ocr_carea' id='block_1_91' title="bbox 1766 3230 3344 3302">
    <p class='ocr_par' dir='ltr' id='par_1_91' title="bbox 1766 3230 3344 3302">
     <span class='ocr_line' id='line_1_91' title="bbox 1766 3230 3344 3302; baseline -0.006 -9"><span class='ocrx_word' id='word_1_673' title='bbox 1766 3248 1925 3293; x_wconf 88' lang='lat' dir='ltr'><strong>nesto</strong></span> <span class='ocrx_word' id='word_1_674' title='bbox 1965 3235 2086 3291; x_wconf 90' lang='lat' dir='ltr'><strong>loco</strong></span> <span class='ocrx_word' id='word_1_675' title='bbox 2142 3237 2389 3291; x_wconf 81' lang='lat' dir='ltr'><strong>recondit</strong></span> <span class='ocrx_word' id='word_1_676' title='bbox 2428 3251 2553 3289; x_wconf 88' lang='lat' dir='ltr'><strong>cum</strong></span> <span class='ocrx_word' id='word_1_677' title='bbox 2603 3233 2723 3288; x_wconf 85' lang='lat' dir='ltr'><strong>aliis</strong></span> <span class='ocrx_word' id='word_1_678' title='bbox 2773 3231 3099 3302; x_wconf 85' lang='lat' dir='ltr'><strong>corporibus</strong></span> <span class='ocrx_word' id='word_1_679' title='bbox 3151 3230 3344 3289; x_wconf 80' lang='lat' dir='ltr'><strong>sacris.</strong></span> 
     </span>
    </p>
   </div>
   <div class='ocr_carea' id='block_1_92' title="bbox 1768 3323 3346 3399">
    <p class='ocr_par' dir='ltr' id='par_1_92' title="bbox 1768 3323 3346 3399">
     <span class='ocr_line' id='line_1_92' title="bbox 1768 3323 3346 3399; baseline -0.004 -13"><span class='ocrx_word' id='word_1_680' title='bbox 1768 3330 1901 3388; x_wconf 88' lang='lat' dir='ltr'><strong>Cum</strong></span> <span class='ocrx_word' id='word_1_681' title='bbox 1932 3330 2076 3385; x_wconf 90' lang='lat' dir='ltr'><strong>enim</strong></span> <span class='ocrx_word' id='word_1_682' title='bbox 2127 3329 2171 3384; x_wconf 93' lang='lat' dir='ltr'><strong>is</strong></span> <span class='ocrx_word' id='word_1_683' title='bbox 2202 3329 2293 3399; x_wconf 91' lang='lat' dir='ltr'><strong>qui</strong></span> <span class='ocrx_word' id='word_1_684' title='bbox 2351 3327 2640 3383; x_wconf 83' lang='lat' dir='ltr'><strong>defunctus</strong></span> <span class='ocrx_word' id='word_1_685' title='bbox 2695 3334 2799 3390; x_wconf 88' lang='lat' dir='ltr'><strong>est,</strong></span> <span class='ocrx_word' id='word_1_686' title='bbox 2833 3324 3014 3378; x_wconf 89' lang='lat' dir='ltr'><strong>anima</strong></span> <span class='ocrx_word' id='word_1_687' title='bbox 3068 3323 3236 3379; x_wconf 91' lang='lat' dir='ltr'><strong>simul</strong></span> <span class='ocrx_word' id='word_1_688' title='bbox 3292 3334 3346 3379; x_wconf 89' lang='lat' dir='ltr'><strong>et</strong></span> 
     </span>
    </p>
   </div>
   <div class='ocr_carea' id='block_1_93' title="bbox 1767 3419 3345 3495">
    <p class='ocr_par' dir='ltr' id='par_1_93' title="bbox 1767 3419 3345 3495">
     <span class='ocr_line' id='line_1_93' title="bbox 1767 3419 3345 3495; baseline -0.006 -15"><span class='ocrx_word' id='word_1_689' title='bbox 1767 3438 1995 3495; x_wconf 90' lang='lat' dir='ltr'><strong>corpore</strong></span> <span class='ocrx_word' id='word_1_690' title='bbox 2021 3431 2300 3487; x_wconf 87' lang='lat' dir='ltr'><strong>constans,</strong></span> <span class='ocrx_word' id='word_1_691' title='bbox 2329 3431 2573 3478; x_wconf 88' lang='lat' dir='ltr'><strong>sanctam</strong></span> <span class='ocrx_word' id='word_1_692' title='bbox 2614 3420 2779 3475; x_wconf 85' lang='lat' dir='ltr'><strong>vitam</strong></span> <span class='ocrx_word' id='word_1_693' title='bbox 2810 3419 3003 3490; x_wconf 81' lang='lat' dir='ltr'><strong>egerit,</strong></span> <span class='ocrx_word' id='word_1_694' title='bbox 3038 3435 3141 3474; x_wconf 90' lang='lat' dir='ltr'><strong>cur</strong></span> <span class='ocrx_word' id='word_1_695' title='bbox 3164 3421 3345 3473; x_wconf 86' lang='lat' dir='ltr'><strong>anima</strong></span> 
     </span>
    </p>
   </div>
   <div class='ocr_carea' id='block_1_94' title="bbox 1770 3512 3348 3583">
    <p class='ocr_par' dir='ltr' id='par_1_94' title="bbox 1770 3512 3348 3583">
     <span class='ocr_line' id='line_1_94' title="bbox 1770 3512 3348 3583; baseline -0.004 -12"><span class='ocrx_word' id='word_1_696' title='bbox 1770 3519 1823 3572; x_wconf 91' lang='lat' dir='ltr'><strong>in</strong></span> <span class='ocrx_word' id='word_1_697' title='bbox 1874 3517 2032 3572; x_wconf 89' lang='lat' dir='ltr'><strong>bonis</strong></span> <span class='ocrx_word' id='word_1_698' title='bbox 2084 3522 2464 3572; x_wconf 87' lang='lat' dir='ltr'><strong>commorante</strong></span> <span class='ocrx_word' id='word_1_699' title='bbox 2492 3528 2691 3583; x_wconf 88' lang='lat' dir='ltr'><strong>corpus</strong></span> <span class='ocrx_word' id='word_1_700' title='bbox 2738 3512 3128 3582; x_wconf 79' lang='lat' dir='ltr'><strong>negligerctur,</strong></span> <span class='ocrx_word' id='word_1_701' title='bbox 3158 3520 3213 3566; x_wconf 93' lang='lat' dir='ltr'><strong>et</strong></span> <span class='ocrx_word' id='word_1_702' title='bbox 3243 3527 3348 3565; x_wconf 86' lang='lat' dir='ltr'><strong>non</strong></span> 
     </span>
    </p>
   </div>
   <div class='ocr_carea' id='block_1_95' title="bbox 1769 3606 3351 3681">
    <p class='ocr_par' dir='ltr' id='par_1_95' title="bbox 1769 3606 3351 3681">
     <span class='ocr_line' id='line_1_95' title="bbox 1769 3606 3351 3681; baseline -0.007 -13"><span class='ocrx_word' id='word_1_703' title='bbox 1769 3613 1996 3669; x_wconf 88' lang='lat' dir='ltr'><strong>honeste</strong></span> <span class='ocrx_word' id='word_1_704' title='bbox 2019 3608 2417 3681; x_wconf 85' lang='lat' dir='ltr'><strong>deponeretur?</strong></span> <span class='ocrx_word' id='word_1_705' title='bbox 2448 3607 2661 3664; x_wconf 89' lang='lat' dir='ltr'><strong>Etenim</strong></span> <span class='ocrx_word' id='word_1_706' title='bbox 2710 3622 2739 3660; x_wconf 88' lang='lat' dir='ltr'><strong>a</strong></span> <span class='ocrx_word' id='word_1_707' title='bbox 2768 3606 2919 3678; x_wconf 88' lang='lat' dir='ltr'><strong>justo</strong></span> <span class='ocrx_word' id='word_1_708' title='bbox 2944 3606 3127 3675; x_wconf 87' lang='lat' dir='ltr'><strong>judice</strong></span> <span class='ocrx_word' id='word_1_709' title='bbox 3162 3606 3351 3659; x_wconf 85' lang='lat' dir='ltr'><strong>condi-</strong></span> 
     </span>
    </p>
   </div>
   <div class='ocr_carea' id='block_1_96' title="bbox 1770 3696 3346 3775">
    <p class='ocr_par' dir='ltr' id='par_1_96' title="bbox 1770 3696 3346 3775">
     <span class='ocr_line' id='line_1_96' title="bbox 1770 3696 3346 3775; baseline -0.008 -17"><span class='ocrx_word' id='word_1_710' title='bbox 1770 3720 1872 3775; x_wconf 83' lang='lat' dir='ltr'><strong>gna</strong></span> <span class='ocrx_word' id='word_1_711' title='bbox 1906 3702 2203 3759; x_wconf 87' lang='lat' dir='ltr'><strong>retributio</strong></span> <span class='ocrx_word' id='word_1_712' title='bbox 2233 3703 2431 3756; x_wconf 64' lang='lat' dir='ltr'><strong>anima:</strong></span> <span class='ocrx_word' id='word_1_713' title='bbox 2466 3715 2575 3754; x_wconf 92' lang='lat' dir='ltr'><strong>una</strong></span> <span class='ocrx_word' id='word_1_714' title='bbox 2622 3714 2746 3754; x_wconf 91' lang='lat' dir='ltr'><strong>cum</strong></span> <span class='ocrx_word' id='word_1_715' title='bbox 2781 3712 3013 3766; x_wconf 87' lang='lat' dir='ltr'><strong>corpore</strong></span> <span class='ocrx_word' id='word_1_716' title='bbox 3040 3696 3346 3754; x_wconf 86' lang='lat' dir='ltr'><strong>donabitur.</strong></span> 
     </span>
    </p>
   </div>
   <div class='ocr_carea' id='block_1_97' title="bbox 1771 3790 3349 3853">
    <p class='ocr_par' dir='ltr' id='par_1_97' title="bbox 1771 3790 3349 3853">
     <span class='ocr_line' id='line_1_97' title="bbox 1771 3790 3349 3853; baseline -0.008 -1"><span class='ocrx_word' id='word_1_717' title='bbox 1771 3798 1886 3853; x_wconf 85' lang='lat' dir='ltr'><strong>sive</strong></span> <span class='ocrx_word' id='word_1_718' title='bbox 1914 3798 2182 3852; x_wconf 88' lang='lat' dir='ltr'><strong>honorum</strong></span> <span class='ocrx_word' id='word_1_719' title='bbox 2226 3798 2344 3851; x_wconf 86' lang='lat' dir='ltr'><strong>sive</strong></span> <span class='ocrx_word' id='word_1_720' title='bbox 2400 3793 2698 3850; x_wconf 84' lang='lat' dir='ltr'><strong>malorum.</strong></span> <span class='ocrx_word' id='word_1_721' title='bbox 2737 3791 2945 3845; x_wconf 71' lang='lat' dir='ltr'><strong>Idcirco</strong></span> <span class='ocrx_word' id='word_1_722' title='bbox 2978 3790 3142 3843; x_wconf 89' lang='lat' dir='ltr'><strong>etiam</strong></span> <span class='ocrx_word' id='word_1_723' title='bbox 3193 3802 3349 3842; x_wconf 88' lang='lat' dir='ltr'><strong>sacra</strong></span> 
     </span>
    </p>
   </div>
   <div class='ocr_carea' id='block_1_98' title="bbox 1770 3877 3347 3957">
    <p class='ocr_par' dir='ltr' id='par_1_98' title="bbox 1770 3877 3347 3957">
     <span class='ocr_line' id='line_1_98' title="bbox 1770 3877 3347 3957; baseline -0.008 -15"><span class='ocrx_word' id='word_1_724' title='bbox 1770 3888 1857 3943; x_wconf 79' lang='lat' dir='ltr'><strong>lex</strong></span> <span class='ocrx_word' id='word_1_725' title='bbox 1888 3898 2117 3957; x_wconf 87' lang='lat' dir='ltr'><strong>utraque</strong></span> <span class='ocrx_word' id='word_1_726' title='bbox 2143 3886 2475 3952; x_wconf 90' lang='lat' dir='ltr'><strong>sanctiﬁcat,</strong></span> <span class='ocrx_word' id='word_1_727' title='bbox 2509 3896 2617 3939; x_wconf 91' lang='lat' dir='ltr'><strong>tam</strong></span> <span class='ocrx_word' id='word_1_728' title='bbox 2651 3897 2851 3951; x_wconf 91' lang='lat' dir='ltr'><strong>corpus</strong></span> <span class='ocrx_word' id='word_1_729' title='bbox 2880 3896 3040 3950; x_wconf 89' lang='lat' dir='ltr'><strong>quam</strong></span> <span class='ocrx_word' id='word_1_730' title='bbox 3073 3877 3347 3933; x_wconf 87' lang='lat' dir='ltr'><strong>animam:</strong></span> 
     </span>
    </p>
   </div>
   <div class='ocr_carea' id='block_1_99' title="bbox 1771 3969 3353 4048">
    <p class='ocr_par' dir='ltr' id='par_1_99' title="bbox 1771 3969 3353 4048">
     <span class='ocr_line' id='line_1_99' title="bbox 1771 3969 3353 4048; baseline -0.007 -15"><span class='ocrx_word' id='word_1_731' title='bbox 1771 3980 2007 4034; x_wconf 83' lang='lat' dir='ltr'><strong>animant</strong></span> <span class='ocrx_word' id='word_1_732' title='bbox 2061 3978 2222 4048; x_wconf 74' lang='lat'><strong>281</strong></span> <span class='ocrx_word' id='word_1_733' title='bbox 2254 3978 2470 4046; x_wconf 89' lang='lat' dir='ltr'><strong>quidem</strong></span> <span class='ocrx_word' id='word_1_734' title='bbox 2495 4017 2511 4042; x_wconf 94' lang='lat'><strong>,</strong></span> <span class='ocrx_word' id='word_1_735' title='bbox 2558 3976 2610 4029; x_wconf 91' lang='lat' dir='ltr'><strong>in</strong></span> <span class='ocrx_word' id='word_1_736' title='bbox 2645 3972 2980 4043; x_wconf 88' lang='lat' dir='ltr'><strong>spiritalibus</strong></span> <span class='ocrx_word' id='word_1_737' title='bbox 3019 3969 3353 4038; x_wconf 83' lang='lat' dir='ltr'><strong>contempla-</strong></span> 
     </span>
    </p>
   </div>
   <div class='ocr_carea' id='block_1_100' title="bbox 1773 4065 3347 4141">
    <p class='ocr_par' dir='ltr' id='par_1_100' title="bbox 1773 4065 3347 4141">
     <span class='ocr_line' id='line_1_100' title="bbox 1773 4065 3347 4141; baseline -0.008 -14"><span class='ocrx_word' id='word_1_738' title='bbox 1773 4071 2010 4127; x_wconf 90' lang='lat' dir='ltr'><strong>tionibus</strong></span> <span class='ocrx_word' id='word_1_739' title='bbox 2078 4081 2242 4141; x_wconf 88' lang='lat' dir='ltr'><strong>atque</strong></span> <span class='ocrx_word' id='word_1_740' title='bbox 2284 4069 2517 4125; x_wconf 83' lang='lat' dir='ltr'><strong>scientia</strong></span> <span class='ocrx_word' id='word_1_741' title='bbox 2566 4082 2754 4122; x_wconf 89' lang='lat' dir='ltr'><strong>eorum</strong></span> <span class='ocrx_word' id='word_1_742' title='bbox 2801 4082 2919 4135; x_wconf 68' lang='lat' dir='ltr'><strong>qua:</strong></span> <span class='ocrx_word' id='word_1_743' title='bbox 2965 4065 3347 4129; x_wconf 82' lang='lat' dir='ltr'><strong>celebrantur;</strong></span> 
     </span>
    </p>
   </div>
   <div class='ocr_carea' id='block_1_101' title="bbox 1772 4154 3350 4230">
    <p class='ocr_par' dir='ltr' id='par_1_101' title="bbox 1772 4154 3350 4230">
     <span class='ocr_line' id='line_1_101' title="bbox 1772 4154 3350 4230; baseline -0.005 -14"><span class='ocrx_word' id='word_1_744' title='bbox 1772 4176 1967 4230; x_wconf 86' lang='lat' dir='ltr'><strong>corpus</strong></span> <span class='ocrx_word' id='word_1_745' title='bbox 1997 4174 2146 4223; x_wconf 87' lang='lat' dir='ltr'><strong>vero,</strong></span> <span class='ocrx_word' id='word_1_746' title='bbox 2174 4161 2357 4215; x_wconf 82' lang='lat' dir='ltr'><strong>divino</strong></span> <span class='ocrx_word' id='word_1_747' title='bbox 2387 4166 2682 4230; x_wconf 79' lang='lat' dir='ltr'><strong>unguento.</strong></span> <span class='ocrx_word' id='word_1_748' title='bbox 2714 4158 2852 4225; x_wconf 87' lang='lat' dir='ltr'><strong>Quin</strong></span> <span class='ocrx_word' id='word_1_749' title='bbox 2905 4166 2959 4211; x_wconf 89' lang='lat' dir='ltr'><strong>et</strong></span> <span class='ocrx_word' id='word_1_750' title='bbox 2987 4154 3350 4211; x_wconf 86' lang='lat' dir='ltr'><strong>sanctissimis</strong></span> 
     </span>
    </p>
   </div>
   <div class='ocr_carea' id='block_1_102' title="bbox 1773 4247 3348 4323">
    <p class='ocr_par' dir='ltr' id='par_1_102' title="bbox 1773 4247 3348 4323">
     <span class='ocr_line' id='line_1_102' title="bbox 1773 4247 3348 4323; baseline -0.004 -17"><span class='ocrx_word' id='word_1_751' title='bbox 1773 4250 2036 4323; x_wconf 72' lang='lat' dir='ltr'><strong>symbolis</strong></span> <span class='ocrx_word' id='word_1_752' title='bbox 2090 4251 2287 4307; x_wconf 64' lang='lat' dir='ltr'><strong>divinae</strong></span> <span class='ocrx_word' id='word_1_753' title='bbox 2343 4250 2784 4321; x_wconf 81' lang='lat' dir='ltr'><strong>participationis</strong></span> <span class='ocrx_word' id='word_1_754' title='bbox 2836 4259 3005 4302; x_wconf 85' lang='lat' dir='ltr'><strong>totum</strong></span> <span class='ocrx_word' id='word_1_755' title='bbox 3073 4247 3348 4302; x_wconf 86' lang='lat' dir='ltr'><strong>hominem</strong></span> 
     </span>
    </p>
   </div>
   <div class='ocr_carea' id='block_1_103' title="bbox 1774 4337 3353 4413">
    <p class='ocr_par' dir='ltr' id='par_1_103' title="bbox 1774 4337 3353 4413">
     <span class='ocr_line' id='line_1_103' title="bbox 1774 4337 3353 4413; baseline -0.005 -16"><span class='ocrx_word' id='word_1_756' title='bbox 1774 4343 2100 4408; x_wconf 84' lang='lat' dir='ltr'><strong>sanctiﬁcat,</strong></span> <span class='ocrx_word' id='word_1_757' title='bbox 2153 4353 2316 4413; x_wconf 87' lang='lat' dir='ltr'><strong>atque</strong></span> <span class='ocrx_word' id='word_1_758' title='bbox 2348 4343 2568 4398; x_wconf 87' lang='lat' dir='ltr'><strong>t0talem</strong></span> <span class='ocrx_word' id='word_1_759' title='bbox 2615 4341 2752 4408; x_wconf 83' lang='lat' dir='ltr'><strong>eius,</strong></span> <span class='ocrx_word' id='word_1_760' title='bbox 2788 4340 2983 4393; x_wconf 74' lang='lat' dir='ltr'><strong>anima:</strong></span> <span class='ocrx_word' id='word_1_761' title='bbox 3039 4337 3249 4392; x_wconf 88' lang='lat' dir='ltr'><strong>scilicet</strong></span> <span class='ocrx_word' id='word_1_762' title='bbox 3297 4345 3353 4390; x_wconf 89' lang='lat' dir='ltr'><strong>et</strong></span> 
     </span>
    </p>
   </div>
   <div class='ocr_carea' id='block_1_104' title="bbox 1773 4434 3354 4506">
    <p class='ocr_par' dir='ltr' id='par_1_104' title="bbox 1773 4434 3354 4506">
     <span class='ocr_line' id='line_1_104' title="bbox 1773 4434 3354 4506; baseline -0.004 -15"><span class='ocrx_word' id='word_1_763' title='bbox 1773 4435 2040 4506; x_wconf 87' lang='lat' dir='ltr'><strong>corporis,</strong></span> <span class='ocrx_word' id='word_1_764' title='bbox 2069 4435 2301 4490; x_wconf 83' lang='lat' dir='ltr'><strong>salutem</strong></span> <span class='ocrx_word' id='word_1_765' title='bbox 2328 4442 2611 4505; x_wconf 81' lang='lat' dir='ltr'><strong>Operatur,</strong></span> <span class='ocrx_word' id='word_1_766' title='bbox 2641 4448 2743 4489; x_wconf 91' lang='lat' dir='ltr'><strong>nec</strong></span> <span class='ocrx_word' id='word_1_767' title='bbox 2776 4449 2881 4487; x_wconf 88' lang='lat' dir='ltr'><strong>non</strong></span> <span class='ocrx_word' id='word_1_768' title='bbox 2912 4436 3011 4487; x_wconf 85' lang='lat' dir='ltr'><strong>hoc</strong></span> <span class='ocrx_word' id='word_1_769' title='bbox 3039 4434 3198 4487; x_wconf 86' lang='lat' dir='ltr'><strong>modo</strong></span> <span class='ocrx_word' id='word_1_770' title='bbox 3229 4447 3354 4502; x_wconf 85' lang='lat' dir='ltr'><strong>per-</strong></span> 
     </span>
    </p>
   </div>
   <div class='ocr_carea' id='block_1_105' title="bbox 1775 4528 3350 4600">
    <p class='ocr_par' dir='ltr' id='par_1_105' title="bbox 1775 4528 3350 4600">
     <span class='ocr_line' id='line_1_105' title="bbox 1775 4528 3350 4600; baseline -0.003 -17"><span class='ocrx_word' id='word_1_771' title='bbox 1775 4528 2127 4583; x_wconf 72' lang='lat' dir='ltr'><strong>iectissimam</strong></span> <span class='ocrx_word' id='word_1_772' title='bbox 2190 4528 2270 4583; x_wconf 80' lang='lat' dir='ltr'><strong>iili</strong></span> <span class='ocrx_word' id='word_1_773' title='bbox 2337 4545 2552 4600; x_wconf 92' lang='lat' dir='ltr'><strong>quoque</strong></span> <span class='ocrx_word' id='word_1_774' title='bbox 2617 4530 3074 4586; x_wconf 80' lang='lat' dir='ltr'><strong>resurrectiOncm</strong></span> <span class='ocrx_word' id='word_1_775' title='bbox 3134 4533 3350 4580; x_wconf 79' lang='lat' dir='ltr'><strong>animu-</strong></span> 
     </span>
    </p>
   </div>
   <div class='ocr_carea' id='block_1_106' title="bbox 1777 4620 1894 4674">
    <p class='ocr_par' dir='ltr' id='par_1_106' title="bbox 1777 4620 1894 4674">
     <span class='ocr_line' id='line_1_106' title="bbox 1777 4620 1894 4674; baseline 0 -1"><span class='ocrx_word' id='word_1_776' title='bbox 1777 4620 1894 4674; x_wconf 86' lang='lat' dir='ltr'><strong>tiat.</strong></span> 
     </span>
    </p>
   </div>
   <div class='ocr_carea' id='block_1_107' title="bbox 1852 4709 3352 4783">
    <p class='ocr_par' dir='ltr' id='par_1_107' title="bbox 1852 4709 3352 4783">
     <span class='ocr_line' id='line_1_107' title="bbox 1852 4709 3352 4783; baseline -0.005 -18"><span class='ocrx_word' id='word_1_777' title='bbox 1852 4710 1979 4783; x_wconf 76' lang='lat' dir='ltr'><strong>§X.</strong></span> <span class='ocrx_word' id='word_1_778' title='bbox 2025 4712 2390 4767; x_wconf 87' lang='lat' dir='ltr'><strong>Invocationes</strong></span> <span class='ocrx_word' id='word_1_779' title='bbox 2442 4728 2603 4780; x_wconf 88' lang='lat' dir='ltr'><strong>porro</strong></span> <span class='ocrx_word' id='word_1_780' title='bbox 2645 4710 3008 4768; x_wconf 85' lang='lat' dir='ltr'><strong>ordinationis</strong></span> <span class='ocrx_word' id='word_1_781' title='bbox 3064 4709 3219 4763; x_wconf 80' lang='lat' dir='ltr'><strong>nefas</strong></span> <span class='ocrx_word' id='word_1_782' title='bbox 3264 4716 3352 4761; x_wconf 85' lang='lat' dir='ltr'><strong>est</strong></span> 
     </span>
    </p>
   </div>
   <div class='ocr_carea' id='block_1_108' title="bbox 1779 4803 3354 4874">
    <p class='ocr_par' dir='ltr' id='par_1_108' title="bbox 1779 4803 3354 4874">
     <span class='ocr_line' id='line_1_108' title="bbox 1779 4803 3354 4874; baseline -0.004 -17"><span class='ocrx_word' id='word_1_783' title='bbox 1779 4804 2152 4874; x_wconf 80' lang='lat' dir='ltr'><strong>interpretari,</strong></span> <span class='ocrx_word' id='word_1_784' title='bbox 2196 4820 2289 4860; x_wconf 89' lang='lat' dir='ltr'><strong>seu</strong></span> <span class='ocrx_word' id='word_1_785' title='bbox 2342 4805 2665 4873; x_wconf 78' lang='lat' dir='ltr'><strong>explicando</strong></span> <span class='ocrx_word' id='word_1_786' title='bbox 2716 4803 3018 4874; x_wconf 82' lang='lat' dir='ltr'><strong>publicare,</strong></span> <span class='ocrx_word' id='word_1_787' title='bbox 3070 4818 3192 4854; x_wconf 91' lang='lat' dir='ltr'><strong>cum</strong></span> <span class='ocrx_word' id='word_1_788' title='bbox 3238 4816 3354 4871; x_wconf 85' lang='lat' dir='ltr'><strong>my-</strong></span> 
     </span>
    </p>
   </div>
   <div class='ocr_carea' id='block_1_109' title="bbox 1776 4895 3353 4965">
    <p class='ocr_par' dir='ltr' id='par_1_109' title="bbox 1776 4895 3353 4965">
     <span class='ocr_line' id='line_1_109' title="bbox 1776 4895 3353 4965; baseline -0.003 -18"><span class='ocrx_word' id='word_1_789' title='bbox 1776 4896 1928 4949; x_wconf 72' lang='lat' dir='ltr'><strong>stica:</strong></span> <span class='ocrx_word' id='word_1_790' title='bbox 1978 4896 2087 4951; x_wconf 92' lang='lat' dir='ltr'><strong>sint</strong></span> <span class='ocrx_word' id='word_1_791' title='bbox 2129 4906 2184 4949; x_wconf 87' lang='lat' dir='ltr'><strong>et</strong></span> <span class='ocrx_word' id='word_1_792' title='bbox 2212 4911 2459 4959; x_wconf 72' lang='lat' dir='ltr'><strong>arcante;</strong></span> <span class='ocrx_word' id='word_1_793' title='bbox 2503 4912 2607 4949; x_wconf 91' lang='lat' dir='ltr'><strong>non</strong></span> <span class='ocrx_word' id='word_1_794' title='bbox 2641 4904 2857 4965; x_wconf 79' lang='lat' dir='ltr'><strong>Oportet</strong></span> <span class='ocrx_word' id='word_1_795' title='bbox 2884 4903 3067 4947; x_wconf 85' lang='lat' dir='ltr'><strong>autem</strong></span> <span class='ocrx_word' id='word_1_796' title='bbox 3100 4895 3152 4946; x_wconf 92' lang='lat' dir='ltr'><strong>in</strong></span> <span class='ocrx_word' id='word_1_797' title='bbox 3200 4907 3353 4946; x_wconf 88' lang='lat' dir='ltr'><strong>com-</strong></span> 
     </span>
    </p>
   </div>
   <div class='ocr_carea' id='block_1_110' title="bbox 1782 4987 3355 5055">
    <p class='ocr_par' dir='ltr' id='par_1_110' title="bbox 1782 4987 3355 5055">
     <span class='ocr_line' id='line_1_110' title="bbox 1782 4987 3355 5055; baseline -0.003 -15"><span class='ocrx_word' id='word_1_798' title='bbox 1782 5002 1945 5041; x_wconf 88' lang='lat' dir='ltr'><strong>mune</strong></span> <span class='ocrx_word' id='word_1_799' title='bbox 1974 4987 2169 5043; x_wconf 82' lang='lat' dir='ltr'><strong>eﬁ‘erre</strong></span> <span class='ocrx_word' id='word_1_800' title='bbox 2192 4989 2420 5042; x_wconf 80' lang='lat' dir='ltr'><strong>virtutes</strong></span> <span class='ocrx_word' id='word_1_801' title='bbox 2449 4987 2686 5054; x_wconf 86' lang='lat' dir='ltr'><strong>Spiritus</strong></span> <span class='ocrx_word' id='word_1_802' title='bbox 2720 4987 2920 5049; x_wconf 90' lang='lat' dir='ltr'><strong>sancti,</strong></span> <span class='ocrx_word' id='word_1_803' title='bbox 2950 5000 3072 5055; x_wconf 64' lang='lat' dir='ltr'><strong>qua:</strong></span> <span class='ocrx_word' id='word_1_804' title='bbox 3095 5001 3189 5054; x_wconf 90' lang='lat' dir='ltr'><strong>per</strong></span> <span class='ocrx_word' id='word_1_805' title='bbox 3232 5001 3355 5054; x_wconf 77' lang='lat' dir='ltr'><strong>pre--</strong></span> 
     </span>
    </p>
   </div>
   <div class='ocr_carea' id='block_1_111' title="bbox 1778 5076 3355 5146">
    <p class='ocr_par' dir='ltr' id='par_1_111' title="bbox 1778 5076 3355 5146">
     <span class='ocr_line' id='line_1_111' title="bbox 1778 5076 3355 5146; baseline -0.004 -13"><span class='ocrx_word' id='word_1_806' title='bbox 1778 5094 1868 5134; x_wconf 86' lang='lat' dir='ltr'><strong>ces</strong></span> <span class='ocrx_word' id='word_1_807' title='bbox 1900 5080 2130 5136; x_wconf 89' lang='lat' dir='ltr'><strong>initiatis</strong></span> <span class='ocrx_word' id='word_1_808' title='bbox 2173 5080 2547 5135; x_wconf 84' lang='lat' dir='ltr'><strong>conferuntur.</strong></span> <span class='ocrx_word' id='word_1_809' title='bbox 2580 5079 2686 5134; x_wconf 87' lang='lat' dir='ltr'><strong>Sed</strong></span> <span class='ocrx_word' id='word_1_810' title='bbox 2733 5088 2810 5144; x_wconf 91' lang='lat' dir='ltr'><strong>tu,</strong></span> <span class='ocrx_word' id='word_1_811' title='bbox 2840 5078 2928 5131; x_wconf 89' lang='lat' dir='ltr'><strong>ubi</strong></span> <span class='ocrx_word' id='word_1_812' title='bbox 2954 5076 3227 5146; x_wconf 78' lang='lat' dir='ltr'><strong>easjuxta</strong></span> <span class='ocrx_word' id='word_1_813' title='bbox 3269 5076 3355 5128; x_wconf 78' lang='grc' dir='ltr'><strong>(ιί-</strong></span> 
     </span>
    </p>
   </div>
   <div class='ocr_carea' id='block_1_112' title="bbox 1778 5167 3355 5242">
    <p class='ocr_par' dir='ltr' id='par_1_112' title="bbox 1778 5167 3355 5242">
     <span class='ocr_line' id='line_1_112' title="bbox 1778 5167 3355 5242; baseline -0.001 -19"><span class='ocrx_word' id='word_1_814' title='bbox 1778 5172 1964 5225; x_wconf 84' lang='lat' dir='ltr'><strong>vinam</strong></span> <span class='ocrx_word' id='word_1_815' title='bbox 1997 5173 2341 5227; x_wconf 85' lang='lat' dir='ltr'><strong>traditionem</strong></span> <span class='ocrx_word' id='word_1_816' title='bbox 2371 5171 2598 5242; x_wconf 82' lang='lat' dir='ltr'><strong>mystice</strong></span> <span class='ocrx_word' id='word_1_817' title='bbox 2627 5171 2897 5234; x_wconf 82' lang='lat' dir='ltr'><strong>hauseris,</strong></span> <span class='ocrx_word' id='word_1_818' title='bbox 2924 5179 2980 5222; x_wconf 91' lang='lat' dir='ltr'><strong>et</strong></span> <span class='ocrx_word' id='word_1_819' title='bbox 3014 5170 3081 5221; x_wconf 87' lang='lat' dir='ltr'><strong>ad</strong></span> <span class='ocrx_word' id='word_1_820' title='bbox 3126 5167 3355 5222; x_wconf 76' lang='lat' dir='ltr'><strong>diviniu-</strong></span> 
     </span>
    </p>
   </div>
   <div class='ocr_carea' id='block_1_113' title="bbox 1778 5260 3355 5331">
    <p class='ocr_par' dir='ltr' id='par_1_113' title="bbox 1778 5260 3355 5331">
     <span class='ocr_line' id='line_1_113' title="bbox 1778 5260 3355 5331; baseline -0.003 -14"><span class='ocrx_word' id='word_1_821' title='bbox 1778 5278 1897 5318; x_wconf 88' lang='lat' dir='ltr'><strong>rem</strong></span> <span class='ocrx_word' id='word_1_822' title='bbox 1926 5264 2167 5318; x_wconf 85' lang='lat' dir='ltr'><strong>habitum</strong></span> <span class='ocrx_word' id='word_1_823' title='bbox 2195 5265 2473 5318; x_wconf 85' lang='lat' dir='ltr'><strong>traductus</strong></span> <span class='ocrx_word' id='word_1_824' title='bbox 2496 5262 2686 5327; x_wconf 80' lang='lat' dir='ltr'><strong>fueris,</strong></span> <span class='ocrx_word' id='word_1_825' title='bbox 2713 5277 2901 5317; x_wconf 88' lang='lat' dir='ltr'><strong>earum</strong></span> <span class='ocrx_word' id='word_1_826' title='bbox 2930 5276 3147 5331; x_wconf 87' lang='lat' dir='ltr'><strong>quoque</strong></span> <span class='ocrx_word' id='word_1_827' title='bbox 3176 5260 3355 5313; x_wconf 85' lang='lat' dir='ltr'><strong>scien-</strong></span> 
     </span>
    </p>
   </div>
   <div class='ocr_carea' id='block_1_114' title="bbox 1780 5354 3355 5424">
    <p class='ocr_par' dir='ltr' id='par_1_114' title="bbox 1780 5354 3355 5424">
     <span class='ocr_line' id='line_1_114' title="bbox 1780 5354 3355 5424; baseline -0.001 -15"><span class='ocrx_word' id='word_1_828' title='bbox 1780 5356 1913 5410; x_wconf 89' lang='lat' dir='ltr'><strong>tiam</strong></span> <span class='ocrx_word' id='word_1_829' title='bbox 1972 5356 2323 5412; x_wconf 87' lang='lat' dir='ltr'><strong>hierarchica</strong></span> <span class='ocrx_word' id='word_1_830' title='bbox 2387 5354 2748 5411; x_wconf 87' lang='lat' dir='ltr'><strong>illustratione</strong></span> <span class='ocrx_word' id='word_1_831' title='bbox 2806 5355 3177 5424; x_wconf 81' lang='lat' dir='ltr'><strong>consequeris,</strong></span> <span class='ocrx_word' id='word_1_832' title='bbox 3243 5354 3355 5407; x_wconf 70' lang='lat' dir='ltr'><strong>haec</strong></span> 
     </span>
    </p>
   </div>
   <div class='ocr_carea' id='block_1_115' title="bbox 1782 5444 3246 5516">
    <p class='ocr_par' dir='ltr' id='par_1_115' title="bbox 1782 5444 3246 5516">
     <span class='ocr_line' id='line_1_115' title="bbox 1782 5444 3246 5516; baseline -0.003 -16"><span class='ocrx_word' id='word_1_833' title='bbox 1782 5444 1926 5500; x_wconf 89' lang='lat' dir='ltr'><strong>enim</strong></span> <span class='ocrx_word' id='word_1_834' title='bbox 1955 5454 2037 5502; x_wconf 89' lang='lat' dir='ltr'><strong>est</strong></span> <span class='ocrx_word' id='word_1_835' title='bbox 2065 5446 2306 5501; x_wconf 90' lang='lat' dir='ltr'><strong>omnium</strong></span> <span class='ocrx_word' id='word_1_836' title='bbox 2338 5446 2729 5516; x_wconf 86' lang='lat' dir='ltr'><strong>mysteriorum</strong></span> <span class='ocrx_word' id='word_1_837' title='bbox 2758 5446 3011 5516; x_wconf 89' lang='lat' dir='ltr'><strong>princeps</strong></span> <span class='ocrx_word' id='word_1_838' title='bbox 3032 5460 3097 5498; x_wconf 87' lang='lat' dir='ltr'><strong>ac</strong></span> <span class='ocrx_word' id='word_1_839' title='bbox 3114 5445 3246 5497; x_wconf 77' lang='lat' dir='ltr'><strong>dux.</strong></span> 
     </span>
    </p>
   </div>
   <div class='ocr_carea' id='block_1_116' title="bbox 1857 5623 3357 5696">
    <p class='ocr_par' dir='ltr' id='par_1_116' title="bbox 1857 5623 3357 5696">
     <span class='ocr_line' id='line_1_116' title="bbox 1857 5623 3357 5696; baseline -0.001 -17"><span class='ocrx_word' id='word_1_840' title='bbox 1857 5623 2008 5696; x_wconf 81' lang='lat' dir='ltr'><strong>§Xl.</strong></span> <span class='ocrx_word' id='word_1_841' title='bbox 2060 5626 2357 5684; x_wconf 84' lang='lat' dir='ltr'><strong>Considera</strong></span> <span class='ocrx_word' id='word_1_842' title='bbox 2413 5627 2579 5682; x_wconf 86' lang='lat' dir='ltr'><strong>etiam</strong></span> <span class='ocrx_word' id='word_1_843' title='bbox 2624 5623 2712 5680; x_wconf 89' lang='lat' dir='ltr'><strong>hic</strong></span> <span class='ocrx_word' id='word_1_844' title='bbox 2765 5624 2894 5693; x_wconf 82' lang='lat' dir='ltr'><strong>quid</strong></span> <span class='ocrx_word' id='word_1_845' title='bbox 2938 5624 3083 5679; x_wconf 78' lang='lat' dir='ltr'><strong>dicat</strong></span> <span class='ocrx_word' id='word_1_846' title='bbox 3135 5632 3357 5677; x_wconf 80' lang='lat' dir='ltr'><strong>sanctus</strong></span> 
     </span>
    </p>
   </div>
  </div>
