3730 6292
359 275 464 342 587

1518 278 1576 335 S.
1612 271 1915 338 DIONYSH
1950 274 2416 334 AREOPAGITE

3525 277 3626 334 588

357 398 468 452 vim
497 408 714 452 omnem
743 408 808 448 ac
841 390 1146 462 potentiam
1181 398 1383 446 nostrae
1411 403 1505 446 aut
1553 393 1830 447 ratiocina‘

2150 392 2330 461 ’ἡμᾶς
2365 387 2591 460 λογικῆς
2633 388 2726 442 καὶ
2768 387 2960 460 νοερᾶς
2997 387 3282 460 δυνάμεως
3328 389 3426 444 καὶ
3471 389 3623 463 ἑνερ-

359 489 446 544 nis
474 497 569 542 aut
597 482 984 542 intellectionis
1028 482 1269 538 excedit.
1302 481 1570 538 Universe
1622 483 1788 552 igitur
1829 501 1934 540 au-

306 608 321 625 ο
358 581 594 635 dendum
623 592 726 633 non
757 584 860 639 est,
891 588 1070 652 neque
1091 575 1294 641 dicere,
1312 590 1487 646 neque
1509 577 1749 645 cogitare
1774 577 1934 646 quid-

359 685 521 739 quam
553 667 617 722 de
643 664 1158 736 supersuhstantiali
1193 675 1246 719 et
1274 665 1455 720 abdita
1487 665 1710 730 deitate,
1739 678 1936 736 praeter

355 777 419 815 ea
453 775 574 830 qua:
624 759 782 814 nobis
829 759 882 812 in
917 757 1092 814 sacris
1114 757 1349 812 oraculis
1372 768 1500 812 sunt
1532 758 1766 812 indicata
1799 759 1937 812 divi-

349 854 526 907 nitus.
555 851 692 906 Nam
736 850 1273 921 supernaturalitatis
1308 850 1476 920 ipsius
1534 850 1935 905 indemonstra-

346 946 564 1010 vbilitas,
597 959 718 1014 qua:
772 957 938 1012 supra
999 957 1218 997 omnem
1263 943 1550 1005 rationem,
1579 953 1636 998 et
1673 954 1932 1010 utentem,

351 1049 410 1093 ct
439 1038 736 1094 essentiam
764 1044 872 1100 est,
895 1036 1011 1106 ipsa
1035 1045 1119 1090 est
1141 1036 1227 1091 cui
1253 1036 1725 1106 supernaturalem
1757 1038 1935 1090 scicn-

345 1131 484 1186 ‘tiam
515 1131 755 1184 tribuere
783 1143 888 1183 nos
931 1137 1184 1198 Oportet;
1220 1137 1432 1182 tantum
1477 1128 1544 1182 ad
1590 1129 1932 1182 inaccessum

353 1221 486 1277 illud
546 1221 732 1275 lumen
787 1220 1108 1290 aSpirando,
1141 1229 1404 1288 quantum
1460 1234 1519 1274 se
1575 1219 1934 1274 insinuaverit

343 1317 668 1370 divinorum
704 1314 794 1370 ille
842 1313 1031 1369 radius
1068 1314 1441 1382 oraculorum,
1475 1331 1583 1385 quo
1610 1317 1933 1370 eininentio-

353 1409 506 1463 ribus
536 1407 657 1462 istis
705 1422 891 1462 rerum
930 1408 1239 1462 divinarum
1288 1407 1672 1476 splendoribus
1720 1409 1931 1461 sobrie-

354 1506 468 1552 tate
499 1497 737 1566 quadam
761 1511 828 1550 ac
853 1497 1149 1551 sanctitate
1179 1506 1682 1567 contemperamur.
1718 1497 1930 1552 Etenim

353 1591 398 1645 si
432 1588 564 1660 qui'd
595 1589 1022 1659 sapientissima:
1049 1589 1454 1658 verissimmque
1492 1589 1774 1659 theologiae
1814 1605 1934 1644 cre-

353 1683 590 1737 dendum
635 1691 743 1745 est,
777 1695 876 1750 pro
920 1679 1262 1752 singularum
1292 1689 1454 1749 captu
1500 1680 1760 1734 mentium
1791 1681 1932 1734 divi-

2037 483 2192 552 γείας
2230 483 2442 536 ἕνωσιν.
2485 480 2729 535 Καθόλου
2771 479 3064 552 τοιγαροῦν
3105 481 3165 534 ού
3215 481 3515 554 τολμητέον
3545 487 3624 537 sl-

2037 577 2184 639 πεῖν,
2212 573 2334 627 οὔτε
2369 575 2475 645 μὴν
2515 573 2765 643 ἐννοῆσαί
2800 591 2850 626 τι
2877 574 3006 644 περὶ
3038 573 3136 644 τῆς
3166 573 3497 645 ὑπερουσίου
3535 579 3627 630 καὶ

2037 665 2276 736 κρυφίας
2320 665 2590 735 θεότητος,
2634 664 2787 735 παρά
2837 663 2908 717 τὰ
2964 663 3198 727 θειωδῶς
3251 666 3385 736 ἡμῖν
3417 668 3482 718 ὲκ
3519 666 3625 720 τῶν

2041 758 2198 830 ἱερῶν
2229 755 2425 826 λογίων
2463 754 2874 826 ὲκπεφασμένα.
2904 754 3018 825 Τῆς
3041 755 3148 827 γὰρ
3178 757 3318 827 ὑπὲρ
3349 756 3506 825 λόγον
3534 759 3626 811 καὶ

2036 852 2160 906 νοῦν
2177 853 2272 906 καὶ
2293 851 2479 904 οὐσίαν
2494 851 2662 922 αὐτῆς
2684 848 3137 932 ὑπερουσιότητος
3159 850 3402 918 ἀγνωσία
3424 854 3465 914 ²,
3490 853 3621 922 αὐτῇ

2037 948 2137 1017 τὴν
2166 945 2490 1018 ὑπερούσιον
2510 945 2820 1016 ἐπιστήμην
2844 943 3152 1006 ἀναθετέον,
3172 944 3429 998 τοσοῦτον
3453 947 3544 997 ἐπὶ
3564 946 3624 998 τὸ

2036 1039 2261 1102 ἄναντες
2302 1036 2680 1100 ἀνανεύοντας,
2711 1037 2834 1090 ὅσον
2883 1037 3082 1108 ἑαυτὴν
3121 1037 3399 1090 ἐνδίδωσιν
3445 1039 3478 1108 ἡ
3516 1038 3623 1090 τῶν

2037 1130 2340 1203 θεαρχικῶν
2393 1130 2632 1198 λογίων³
2673 1129 2850 1196 ἀκτὶς,
2910 1131 3048 1202 πρὸς
3108 1131 3249 1194 τάςδ
3312 1131 3621 1203 ὑπερτέρας

2034 1223 2208 1292 αύγάς
2233 1226 2300 1294 τῇ
2333 1223 2461 1295 περὶ
2509 1222 2578 1275 τά
2621 1222 2739 1275 θεῖα
2773 1224 3096 1297 σωφροσύνῃ
3124 1225 3218 1276 καὶ
3245 1223 3488 1293 ὁσιότητι
3530 1240 3621 1276 συ-

2037 1313 2444 1384 στελλομένους.
2477 1312 2587 1364 Καὶ
2617 1311 2724 1382 γὰρ
2747 1313 2864 1364 είτι
2895 1311 2976 1364 δεῖ
2999 1315 3065 1383 τῇ
3093 1313 3354 1382 πανσόφῳ
3380 1313 3475 1364 καὶ
3497 1311 3623 1382 ἀλη-

2034 1406 2267 1478 θεστάτῃ
2295 1404 2544 1475 θεολογίᾳ
2567 1402 2870 1466 πείθεσθαι,
2893 1403 3034 1456 κατά
3056 1404 3156 1472 τὴν
3177 1402 3468 1471 ἀναλογίαν
3489 1403 3616 1456 ἑκά-

2036 1514 2161 1550 στου
2199 1497 2309 1550 τῶν
2346 1497 2480 1550 νοῶν
2522 1495 3006 1550 ἀνακαλύπτεται⁸
3038 1495 3109 1548 τὰ
3151 1495 3293 1557 θεῖα,
3346 1496 3446 1548 καὶ
3497 1497 3619 1548 ἐπο-

2035 1585 2313 1656 πτεύεται,
2343 1590 2441 1660 τῆς
2465 1589 2762 1661 θεαρχικῆς
2801 1587 3136 1659 ἀγαθότητος
3167 1589 3225 1641 ὲν
3277 1590 3520 1658 σωστικῇ
3543 1587 3618 1639 δι-

2033 1681 2294 1753 καιοσύνῃ
2321 1681 2428 1734 τῶν
2457 1685 2514 1735 ὲν
2540 1683 2722 1752 μέτρῳ
2743 1680 2843 1750 τὴν
2866 1681 3134 1752 ἀμετρίαν
3173 1680 3522 1752 θεοπρεπῶς,
3543 1681 3618 1744 ὠς

347 1790 424 1831 na
451 1777 788 1841 revelantur,
820 1785 1266 1845 spectanturque,
1298 1775 1426 1829 dum
1456 1790 1667 1829 summa
1700 1774 1795 1829 Dei

2144 1793 2336 1848 ιρητον,
2377 1775 2921 1845 ἀποδιαστελλούσης.
2961 1776 3173 1845 Ὥσπερ
3233 1773 3344 1845 γάρ
3402 1773 3617 1844 ἀληπτα

347 1869 750 1939 nitas,justitia
791 1868 1039 1932 salutari,
1075 1867 1238 1921 rebus
1277 1867 1605 1921 mensuratis
1650 1865 1930 1921 immensi-

353 1969 520 2013 tatem
572 1975 727 2014 suam
761 1959 948 2013 divino
980 1959 1215 2026 quodam
1251 1959 1474 2022 decore,
1508 1959 1650 2027 quod
1680 1973 1929 2026 compre-

346 2051 514 2106 hendi
569 2058 828 2119 nequeat,
873 2058 1302 2106 commensurat.
1337 2051 1492 2104 Sicut
1532 2051 1677 2105 enim
1711 2066 1776 2104 ea
1806 2065 1928 2118 qua:

349 2140 452 2194 sub
479 2139 896 2208 intelligentiam
928 2141 1132 2194 cadunt
1179 2155 1278 2210 per
1320 2155 1383 2194 ea
1415 2156 1534 2210 qua:
1576 2140 1676 2194 sub
1705 2155 1924 2194 sensum

337 2231 551 2284 cadunt
588 2231 1056 2300 comprehendere
1089 2241 1147 2286 et
1173 2231 1534 2300 contemplari
1587 2247 1691 2286 non
1727 2247 1925 2300 possu-

345 2337 488 2389 mus,
515 2337 691 2392 neque
720 2339 821 2392 per
849 2339 912 2378 ea
937 2339 1059 2392 qua:
1086 2325 1228 2394 typis
1258 2334 1312 2378 et
1343 2325 1512 2392 signis
1538 2323 1922 2390 informantur,

343 2429 408 2468 ea
437 2430 558 2484 qua:
599 2415 866 2484 simplicia
912 2425 1041 2470 sunt
1079 2425 1136 2471 et
1168 2417 1311 2486 typis
1346 2433 1451 2470 non
1489 2417 1798 2488 signantur,
1830 2434 1926 2472 ne-

342 2521 450 2574 que
479 2520 576 2572 per
604 2505 810 2574 ﬁguras
858 2521 1150 2574 corporum
1187 2510 1531 2577 incorporea,
1578 2524 1701 2577 qua:
1751 2522 1922 2574 neque

341 2610 565 2650 sensum
617 2606 794 2651 tactus
843 2598 1049 2662 subire,
1087 2614 1266 2668 neque
1319 2602 1546 2670 ligurum
1591 2610 1645 2654 et
1691 2599 1920 2655 formam

341 2702 540 2758 capere
569 2699 832 2757 possunt;
863 2690 1053 2743 eadem
1086 2690 1243 2759 plane
1276 2690 1486 2746 ratione
1531 2691 1778 2746 veritatis
1829 2708 1923 2746 sn-

339 2792 440 2850 pra
473 2781 810 2836 substantias
838 2792 925 2834 est
951 2781 1040 2834 illa
1071 2783 1620 2852 snprasubstantialis
1651 2785 1918 2852 infinitas,

339 2881 396 2928 et
427 2886 594 2944 supra
629 2883 840 2928 mentes
867 2873 959 2927 illa
990 2890 1152 2944 supra
1183 2886 1415 2930 mentem
1459 2877 1670 2944 unitas;
1697 2889 1752 2933 et
1800 2895 1920 2933 om-

338 2963 502 3020 nibus
527 2966 1043 3022 ratiocinationibus
1087 2967 1438 3023 inscrutabile
1474 2980 1556 3023 est
1592 2970 1722 3024 illud
1754 2987 1918 3040 supra

339 3055 819 3112 ratiocinationem
871 3073 1075 3124 unum;
1126 3059 1386 3127 omnique
1427 3062 1593 3114 verbo
1644 3049 1918 3116 ineti‘abile

2030 1869 2125 1922 καὶ
2155 1868 2442 1940 ἀθεώρητα
2466 1871 2579 1931 τοῖς
2611 1868 2887 1938 αἰσθητοῖς
2913 1869 3028 1920 ἐστι
3068 1866 3138 1919 τά
3166 1866 3353 1936 νοητὰ,
3388 1867 3484 1918 καὶ
3508 1868 3618 1928 τοῖς

2031 1963 2088 2015 ἐν
2123 1962 2317 2016 πλάσει
2350 1961 2442 2014 καὶ
2471 1961 2625 2031 τύπῳ
2662 1961 2731 2013 τά
2767 1961 2914 2014 ἁπλᾶ
2953 1963 3054 2035 ,καὶ
3100 1959 3385 2022 ἀτύπωτα,
3425 1963 3538 2023 τοῖς
3559 1977 3617 2011 τε

2030 2054 2169 2107 κατά
2193 2055 2457 2125 σωμάτων
2493 2055 2744 2125 σχήματα
2782 2055 3252 2126 μεμορφωμένοις,
3273 2056 3304 2123 ἡ
3329 2053 3439 2105 τῶν
3466 2055 3613 2106 ἀσω-

2033 2146 2217 2215 μάτων
2244 2145 2453 2217 ἀναφὴς
2475 2147 2566 2198 καὶ
2593 2145 3004 2216 ,ἀσχημάτιστος
3042 2146 3286 2216 ἀμορφία
3306 2162 3318 2175 ο
3353 2145 3496 2198 κατά
3523 2145 3613 2198 τὸν

2028 2240 2189 2292 αὐτὸν
2211 2239 2312 2308 τῆς
2340 2239 2595 2310 ἀληθείας
2639 2238 2795 2307 λόγον
2840 2239 3158 2310 ὑπέρκειται
3200 2237 3311 2291 τῶν
3353 2236 3613 2308 οὐσιῶνὴ

2029 2330 2354 2402 ὑπερούσιος
2407 2331 2726 2402 ἀοριστία⁶ο
2759 2331 2852 2384 καὶ
2901 2330 3010 2384 τῶν
3060 2331 3217 2394 νοῶν,
3245 2332 3278 2402 ἡ
3306 2331 3451 2401 ὑπὲρ
3493 2329 3614 2382 νοῦν

2028 2425 2245 2496 ἑνότης·
2285 2424 2380 2476 καὶ
2430 2423 2630 2486 πάσαις
2685 2423 2947 2487 διανοίαις
3019 2424 3332 2494 ἀδιανόητον
3387 2425 3508 2476 ἐστι
3555 2422 3614 2476 τὸ

2027 2515 2168 2584 ὑπὲρ
2213 2512 2451 2565 διάνοιαν
2492 2513 2570 2575 ἓν,
2617 2512 2853 2585 ἅρῤητόν
2879 2530 2947 2566 ,τε
2979 2513 3122 2584 λόγῳ
3167 2514 3331 2567 παντὶ
3371 2513 3434 2566 τὸ
3475 2511 3612 2582 ὑπὲρ

2026 2603 2181 2671 λόγον
2222 2604 2445 2673 ἀγαθὸν,
2503 2604 2628 2668 ὲνάς
2683 2605 2934 2668 ἑνοποιὸς,
2978 2606 3196 2676 ἀπάσης
3244 2607 3460 2670 ἑνάδος,
3519 2605 3611 2658 καὶ

2026 2696 2347 2768 ὑπερούσιος
2371 2695 2549 2759 ούσία,
2571 2698 2666 2750 καὶ
2707 2697 2832 2760 νοῦς
2863 2699 3089 2768 ἀνόητος
3120 2700 3214 2751 καὶ
3240 2697 3401 2765 λόγος
3433 2701 3608 2770 ἀρρη-

2022 2806 2115 2853 τος
2134 2807 2148 2820 ο
2183 2789 2376 2858 ἀλογία
2407 2791 2502 2843 καὶ
2529 2789 2758 2861 ἀνοησία
2799 2791 2893 2842 καὶ
2919 2790 3222 2860 ἀνωνυμία,
3253 2790 3397 2842 κατά
3443 2789 3607 2860 μηδὲν

2022 2883 2132 2936 τῶν
2153 2882 2320 2935 όντων
2343 2877 2508 2935 οὖσα·
2538 2883 2631 2934 καὶ
2656 2881 2826 2934 αἴτιον
2854 2881 2952 2951 μὲν
2972 2880 3065 2933 τοῦ
3090 2876 3228 2932 εἶναι
3261 2882 3448 2945 πᾶσιν,
3480 2881 3606 2934 αὐτὸ

2021 2970 2079 3028 δὲ
2105 2975 2178 3046 μὴ
2205 2974 2284 3036 ὃν,
2308 2975 2383 3038 ὡς
2408 2973 2588 3043 πάσης
2611 2973 2670 3026 ού
2681 2972 2798 3037 σίας
2826 2971 3103 3037 ἐπέκεινα,
3131 2975 3224 3027 καὶ
3253 2973 3330 3037 ὡς
3345 2973 3412 3026 ἂν
3427 2974 3566 3042 αὐτὴ
3583 2973 3604 3003 ⁷

2023 3066 2151 3136 περὶ
2174 3063 2372 3133 ἑαυτῆς
2399 3063 2602 3134 κυρίως
2632 3063 2724 3116 καὶ⁵
2759 3062 3064 3133 ὲπιστητῶς
3099 3063 3451 3130 ἀποφαίνοιτο
3466 3063 3508 3116 ⁸.

337 3157 422 3201 cst
465 3147 595 3202 illud
644 3164 808 3218 supra
860 3150 1088 3202 verbum
1136 3149 1377 3212 bonum;
1433 3151 1612 3204 unitas
1643 3150 1892 3206 elIectrix
1925 3155 2200 3210 universa:
2251 3157 2497 3220 unitatis,
2554 3163 2609 3208 et
2647 3154 2952 3208 substantia
2996 3170 3157 3224 supra
3206 3155 3597 3219 substantiam,

337 3252 394 3295 et
420 3257 574 3296 mens
614 3257 722 3296 non
771 3241 972 3297 cadens
1003 3245 1103 3296 sub
1157 3241 1599 3311 intelligentiam,
1634 3243 1774 3298 ratio
1835 3257 1940 3298 non
1967 3244 2198 3302 eﬂ‘ahilis
2262 3247 2509 3308 ratione,
2556 3246 2934 3316 intelligentia,
3005 3248 3336 3316 nomineque
3378 3262 3598 3309 vacans,

339 3333 543 3388 nullius
599 3333 677 3387 rei
739 3333 1155 3387 similitudinem
1216 3334 1470 3388 habens:
1514 3349 1634 3402 qua:
1700 3334 1920 3403 quidem
1955 3352 2116 3391 causa
2153 3347 2234 3392 est
2269 3347 2330 3391 ut
2358 3340 2538 3392 omnia
2571 3338 2702 3402 sint,
2744 3335 2855 3404 ipsa
2893 3351 3020 3391 vero
3051 3352 3158 3392 non
3207 3350 3314 3400 est,
3373 3347 3433 3392 ut
3483 3351 3600 3407 qua

337 3425 570 3498 quiescit
610 3435 767 3481 castra
813 3425 995 3480 omnia
1043 3439 1166 3496 qua:
1223 3433 1372 3490 sunt,
1431 3424 1894 3493 quemadmodum
1922 3425 2082 3481 etiam
2115 3428 2226 3498 ipsa
2255 3428 2320 3482 de
2345 3443 2405 3482 sc
2436 3428 2653 3498 proprie
2687 3430 2932 3498 sciteque
2972 3428 3087 3483 hac
3111 3427 3263 3485 θεῖοι-ἰ
3295 3441 3492 3500 potest.

1909 3632 1938 3704 §
1985 3624 2065 3691 ll.

404 3778 484 3833 De
500 3779 610 3832 hac
635 3777 828 3845 igitur,
859 3786 921 3829 ut
942 3775 1144 3830 dictum
1169 3782 1274 3840 est,
1300 3774 1813 3844 supersubstantiali
1851 3790 1877 3828 a

2120 3777 2224 3850 περὶ
2258 3777 2462 3849 ταύτης
2505 3769 2618 3842 οῦν,
2645 3775 2721 3841 ὡς
2751 3776 2988 3848 εἴρηται,
3010 3774 3111 3846 τῆς
3147 3775 3474 3846 ὑπερουσίου
3506 3775 3593 3828 καὶ

333 3869 620 3927 recondita
653 3869 944 3923 divinitate
977 3882 1084 3921 non
1127 3875 1210 3921 est
1238 3867 1682 3936 praasumendum
1710 3866 1912 3933 dicere,

333 3966 430 4020 sed
459 3977 636 4034 neque
671 3963 916 4032 cogitare
945 3962 1249 4032 quidpiam,
1284 3971 1482 4030 prmter
1505 3974 1568 4014 ea
1608 3975 1727 4030 qua
1757 3960 1915 4016 nobis

334 4057 602 4111 divinitus
658 4055 836 4109 sacris
891 4064 1020 4109 sunt
1065 4053 1301 4122 eloquiis
1335 4052 1642 4118 enuntiata,
1685 4068 1809 4107 nam
1855 4062 1916 4108 ut

334 4153 452 4217 ipsa
479 4149 547 4202 de
571 4161 629 4202 se
651 4146 816 4217 285
851 4147 904 4202 in
921 4147 1103 4202 sacris
1153 4145 1353 4200 litteris
1388 4145 1620 4215 benigne
1669 4143 1911 4211 tradidit,

332 4241 452 4312 ejus
484 4241 614 4310 quid
643 4242 713 4295 sit
741 4241 970 4295 scientia
998 4249 1054 4295 et
1095 4238 1507 4308 contemplatio,
1541 4247 1629 4293 est
1656 4239 1914 4293 erunibus

334 4331 616 4387 inaccessa
659 4331 982 4386 substantiis
1039 4339 1297 4399 tanquam
1343 4331 1413 4384 ab
1441 4329 1694 4384 omnibus
1725 4343 1913 4398 super-

333 4425 705 4486 essentialiter
766 4433 1022 4492 excepta.
1079 4421 1276 4477 Multos
1359 4437 1578 4493 quoque
1627 4423 1912 4492 theologos

333 4518 618 4586 invenias,
649 4530 764 4570 non
813 4515 973 4569 modo
1011 4514 1184 4574 illam.
1237 4516 1380 4584 quod
1441 4515 1615 4569 visum
1663 4524 1909 4570 nostrum

332 4621 664 4680 captumque
695 4608 868 4678 fugiat
893 4606 1177 4672 laudasse;
1219 4623 1405 4662 verum
1453 4607 1783 4675 etiamquod
1829 4606 1911 4660 in-

331 4701 519 4772 dagari
554 4708 794 4769 nequeat
832 4708 887 4754 et
937 4699 1282 4769 investigari,
1341 4698 1490 4754 nullo
1536 4699 1752 4754 scilicet
1811 4713 1909 4754 ex-

329 4798 517 4845 stante
544 4789 775 4860 vestigio
809 4787 952 4858 quod
1004 4789 1168 4845 ducat
1197 4791 1268 4844 ad
1313 4787 1432 4858 ejus
1482 4789 1906 4845 secretissimam

330 4883 683 4939 inﬁnitatem.
737 4883 846 4939 Sed
893 4897 1070 4953 neque
1129 4891 1312 4937 tamen
1365 4898 1556 4937 eorum
1611 4897 1732 4951 quae
1781 4889 1911 4936 sunt

330 4976 628 5046 quidquam
677 4975 796 5047 ejus
842 4976 1069 5032 ontnino
1103 4975 1230 5030 boui
1266 4990 1460 5030 exsors
1500 4974 1744 5036 exsistit,
1778 4972 1906 5041 quia

332 5074 548 5126 radium
575 5071 724 5125 illum
752 5069 1334 5140 supersubstantialem
1363 5067 1469 5124 sibi
1490 5075 1908 5137 perseveranter

2018 3871 2256 3942 κρυφίας
2309 3869 2562 3940 θεότητος
2605 3869 2666 3921 οὐ
2723 3867 3019 3940 τολμητέον
3070 3869 3268 3930 εἰπεῖν,
3315 3866 3440 3920 οὔτε
3492 3869 3594 3940 μὴν

2018 3963 2269 4034 ἐννοῆσαί
2305 3981 2379 4027 τι,
2415 3962 2567 4034 παρά
2606 3962 2675 4015 τά
2716 3961 2965 4025 θεοειδῶς
2987 3963 3007 3993 ⁹
3042 3963 3172 4031 ἡμῖν
3199 3961 3266 4013 ὲκ
3292 3959 3402 4013 τῶν
3437 3962 3591 4032 ἱερῶν

2013 4057 2214 4124 -λογίων
2245 4054 2664 4125 ὲκπεφασμὲνα·
2695 4053 2786 4107 καὶ
2818 4053 2927 4126 γὰρ
2955 4052 3029 4115 ὡς
3063 4053 3202 4123 αὑτὴ
3230 4054 3360 4125 περὶ
3398 4053 3592 4124 ἑαυτῆς

2016 4151 2074 4203 ἐν
2120 4151 2234 4211 τοῖς
2277 4147 2478 4217 λογίοις
2516 4146 2918 4218 ἀγαθοπρεπῶς
2971 4144 3380 4216 παραδέδωκεν,
3429 4149 3460 4217 ἡ
3498 4147 3590 4216 μὲν

2015 4244 2186 4314 αὐτῆς
2213 4243 2240 4296 ὃ
2278 4260 2330 4296 τι
2369 4241 2498 4295 ποτέ
2545 4244 2694 4295 ἐστιν
2742 4240 3017 4311 ἐπιστήμη
3061 4241 3156 4293 καὶ
3179 4239 3404 4309 θεωρία,
3433 4243 3589 4292 πᾶσιν

2015 4335 2214 4399 eam;
2242 4337 2358 4387 ἐστι
2399 4337 2510 4398 τοῖς
2561 4329 2732 4397 οὖσιν,
2761 4334 2837 4398 ῶς
2863 4334 3079 4387 πάντων
3108 4334 3451 4404 ὑπερουσίως
3479 4335 3589 4406 ἐξη-

2017 4427 2247 4500 ρημένη.
2278 4427 2386 4481 Καὶ
2436 4426 2663 4490 πολλοὺς
2689 4425 2798 4478 τῶν
2823 4425 3085 4494 θεολόγων
3127 4426 3384 4497 εὑρήσεις
3409 4428 3467 4480 οὐ
3499 4428 3586 4499 μό-

2013 4539 2102 4576 νον
2137 4521 2213 4586 ὼς
2239 4520 2468 4591 ἀόρατον
2497 4519 2664 4590 αὐτὴν
2709 4519 2799 4571 καὶ
2839 4518 3211 4590 ἀπερίληπτον
3259 4521 3583 4590 ὑμνηκότας,

2012 4611 2149 4666 ἀλλά
2173 4611 2266 4664 καὶ
2291 4609 2708 4682 ἀνεξερεύνητον
2760 4610 2874 4680 ἅμα
2919 4610 3013 4662 καὶ
3059 4609 3486 4680 ἀνεξιχνίαστον,
3517 4614 3582 4674 ὡς

2010 4703 2112 4756 οὐκ
2137 4702 2287 4766 ὄντος
2316 4701 2495 4772 ἴχνους
2518 4701 2752 4765 οὐδενὸς,
2781 4701 2888 4754 τῶν
2917 4701 3008 4755 ὲπί
3031 4701 3129 4772 τὴν
3158 4705 3400 4773 κρυφίαν
3423 4706 3580 4774 αὐτῆς

2011 4794 2266 4866 ἀπειρίαν
2313 4791 2718 4864 διεληλυθότων.
2769 4791 2843 4844 υύ
2895 4791 3002 4862 μὴν
3067 4792 3428 4864 ἀκοινώνητόν
3473 4797 3578 4847 ἐστι

2010 4883 2236 4939 καθόλου
2285 4878 2520 4952 τάγαθὸν
2553 4883 2728 4936 οὐδενὶ
2774 4882 2881 4935 τῶν
2924 4881 3114 4946 ὄντων,
3141 4883 3258 4936 ἀλλ’
3286 4886 3372 4954 ἐφ’
3396 4885 3575 4939 ἑαυτοῦ

2013 4975 2254 5047 μονίμως
2291 4976 2390 5047 τὴν
2417 4971 2738 5047 ὑπερούσιον
2793 4972 3017 5044 ίδρῦσαν
3065 4974 3259 5028 ἀκτῖνα
3304 4979 3424 5040 ταῖς
3459 4979 3576 5030 ἐκά-

2012 5082 2137 5118 στου
2164 5065 2272 5118 τῶν
2297 5065 2464 5118 ὅντων
2492 5064 2774 5133 ἀναλόγοις
2802 5063 3131 5133 ἐλλάμψεσιν
3185 5063 3459 5135 ἀγαθοπρε
3470 5062 3574 5124 πῶς

333 5166 558 5220 insitum
585 5163 816 5220 cuilibet
850 5164 930 5217 rei
961 5163 1217 5232 congruis
1269 5160 1758 5215 illuminationibus
1799 5176 1806 5207 ι

2096 5155 2376 5224 φαίνεται,
2405 5157 2501 5207 καὶ
2546 5154 2683 5225 πρὸς
2721 5155 2823 5224 τὴν
2871 5149 3098 5226 ὲφικτὴν
3135 5152 3303 5206 αὑτοῦ
3355 5155 3569 5226 θεωρίαν

334 5265 550 5308 ιιιεηιετ
578 5263 924 5323 attemperat.
953 5265 1166 5306 necnon
1186 5249 1252 5304 ad
1280 5261 1538 5320 quantam
1567 5248 1650 5304 fas
1673 5257 1754 5302 est
1776 5263 1904 5301 con-

335 5346 743 5415 templationem
797 5360 862 5398 ac
905 5342 1346 5398 connuunionem
1378 5341 1903 5409 similitudinemque

2014 5249 2107 5300 καὶ
2165 5247 2447 5300 κοινωνίαν
2492 5247 2587 5300 καλ⁵
2637 5247 2896 5318 ὁμοίωσιν
2931 5247 3202 5300 ἀνατείνει
3239 5249 3367 5312 τοὺς
3406 5247 3570 5318 ἱεροὺς

2009 5341 2154 5405 νόας,
2176 5343 2304 5406 τοὺς
2324 5342 2399 5407 ὼς
2427 5342 2644 5413 θεμιτὸν
2672 5341 2821 5412 αύτῷ
2859 5344 2952 5396 καὶ
2993 5342 3339 5414 ἱεροπρεπῶς
3363 5339 3570 5395 ἐπισαλ-

1591 5500 1852 5576 ’νΑιιιλΕ
1893 5519 2298 5582 LECTIONES.

367 5663 388 5691 ‘
426 5677 518 5729 γρ.
540 5661 831 5730 ἀγνωσίας.
889 5662 911 5692 ³
937 5661 1132 5730 λόγων,
1158 5657 1256 5713 Ch.
1322 5660 1344 5690 ⁸
1372 5658 1506 5729 πρὸς

367 5741 450 5786 ita.
480 5731 536 5786 P.
620 5733 637 5764 ⁷
663 5732 818 5786 αὐτό.
847 5731 905 5786 S.
928 5733 991 5786 P.
1017 5742 1072 5786 et
1097 5745 1220 5786 mox
1252 5729 1376 5786 περὶ
1404 5730 1506 5784 sua

338 5745 450 5799 ρια,
480 5745 536 5786 ι’.

620 5733 637 5764 ⁷
663 5732 818 5798 αὐτό,
847 5731 905 5788 S.
928 5733 991 5787 P.
1013 5726 1072 5787 et
1097 5745 1220 5786 mox
1252 5729 1376 5802 περὶ
1404 5726 1616 5784 ἑαυτοῦ.
1695 5729 1716 5761 ⁸
1739 5728 2006 5816 αἰσθητῶς
2031 5727 2382 5798 ἀποφήσοιτο,
2413 5727 2467 5786 S.
2496 5726 2930 5802 ἁποςξοιτησοιτο,
2959 5729 3018 5786 Ρ.

1524 5656 1726 5729 δζτάς,
1756 5657 1818 5712 D.
1841 5728 1844 5729 ν
1875 5655 1900 5689 ⁵
1924 5658 2322 5729 ἀνακύπτεται,
2353 5657 2432 5729 al,
2449 5656 2486 5712 S
2511 5728 2516 5729 ν
2569 5659 2588 5688 ⁸
2612 5659 2853 5729 ἀπειρία,
2879 5659 2946 5712 Μ.
2969 5660 3025 5713 S.
3048 5657 3296 5729 ἀοριστία
3313 5659 3404 5712 καὶ
3417 5658 3568 5729 ἀντει-Δ

3119 5726 3141 5764 δ
3173 5728 3458 5795 θειοειδῶς,
3505 5726 3561 5782 υ.
