3730 6310
133 318 235 375 589

1214 314 1303 369 DE
1337 293 1595 369 merrs
1625 310 2026 377 NOMlNlBUS,
2061 311 2214 366 CAP.
2254 313 2297 366 ι.

3294 314 3399 367 τίθη

132 437 345 498 λαντας,
376 435 480 488 καὶ
509 436 652 507 μήτε
680 436 815 515 πρὸς
839 435 902 488 τὸ
925 434 1226 506 ὑπέρτερον
1265 433 1366 504 τῆς
1391 430 1730 504 ὲναρμονίως

1913 439 2054 483 actas
2087 439 2295 483 mentes
2321 428 2522 494 evehit,
2549 445 2670 498 quae
2691 431 2758 485 ad
2798 430 2999 501 ipsum,
3044 431 3223 499 quoad
3275 449 3404 500 pos-

133 531 488 604 ἐνδιδομένης
558 532 895 602 θεοφανείας,
963 530 1237 591 ἀδυνάτως
1295 523 1728 596 ἀπαυθαδιζομέ-

136 642 254 688 νους
289 625 356 688 ’⁸,
394 624 542 694 μήτε
573 623 710 704 πρρς
735 622 794 676 τὸ
827 623 1088 684 κάταντες
1115 622 1177 673 ἐκ
1203 619 1300 690 τῆς
1334 620 1426 672 ἐπὶ
1458 617 1520 671 τὸ
1544 620 1726 688 χεῖρον

135 714 384 782 ὑφέσεως
452 705 964 776 ἀπολισθαίνοντας,
1018 712 1131 765 ἀλλ’
1180 709 1460 773 εὐσταθῶς
1517 726 1576 762 τε
1632 709 1728 762 xui.

132 804 368 868 ἀκλτνῶς
411 806 513 858 ἐπὶ
561 806 661 877 τὴν
702 807 896 858 ἀκτῖνα
935 802 1031 875 τὴν
1075 803 1255 865 αὐτοῖς
1315 802 1726 872 ὲπιλάμπουσαν

133 898 622 968 ἀνατεινομὲνους,
665 898 757 950 xu‘t
801 895 878 966 τῷ
915 895 1213 966 συμμέτρῳ
1239 893 1346 947 τῶν
1381 892 1610 964 Θεμιτῶν
1637 892 1726 944 ἐλ-

131 990 398 1059 λάμψεων
435 990 609 1061 ἔρωτι
641 993 756 1061 μετ’
783 989 1066 1051 εὐλαϐείας
1113 988 1287 1058 ἱερᾶς,
1335 985 1626 1055 σωφρόνως
1667 1001 1727 1036 τε

134 1081 223 1134 καὶ
251 1079 427 1143 ὁσίως
456 1081 670 1134 άναπτε
677 1098 770 1152 ρου
775 1080 989 1150 μένους.

1837 530 1986 584 sunt,
2019 520 2392 585 counituntur,
2430 521 2721 574 dummodo
2746 536 2852 574 non
2889 521 3203 586 sublimius,
3235 539 3400 593 quant

1838 626 1941 681 pro
1967 625 2154 666 eormn
2203 619 2360 677 captu
2389 609 2570 662 divina
2617 609 2723 664 fert
2770 610 3079 673 illustratio,
3107 611 3405 666 insolenter

1839 701 2045 771 aliquid
2067 706 2428 769 prmsumaut,
2469 713 2571 752 nec
2617 698 2668 752 iu
2719 715 2958 769 pra‘eeps
2991 716 3245 769 perversa
3273 717 3405 771 pro-

1839 792 2104 862 pensionc
2126 790 2402 855 labantur,
2423 799 2479 842 at
2505 799 2824 844 constanter
2849 800 2905 844 et
2932 790 3202 844 irreﬂexis
3230 794 3404 849 uenalis

1840 883 2082 938 illuceuti
2110 883 2260 938 radio
2287 882 2642 948 obtueantur,
2682 897 2781 936 nec
2815 897 2920 936 non
2957 899 3146 938 amore
3177 885 3402 940 indultis

1839 973 1943 1025 sibi
2001 970 2505 1026 collustratiouibus
2546 984 2884 1034 commenso,
2919 987 3041 1027 cum
3073 990 3228 1028 sacra
3265 991 3404 1044 qua-

1838 1064 1961 1118 dam
2024 1062 2334 1119 reverentia
2370 1061 2615 1117 modeste
2668 1073 2969 1133 sancteque
3017 1081 3234 1122 sursqu
3277 1082 3407 1122 evo-

1838 1155 1972 1210 leut.

1728 1319 1898 1394 §lll.

201 1504 437 1572 τοὺτοις
465 1502 728 1576 ἑπόμενοι
752 1507 861 1568 τοῖς
887 1502 1195 1574 θεαρχικοῖς
1219 1502 1424 1570 ζυγοῖς,
1451 1501 1500 1554 οἳ
1519 1502 1610 1554 καὶ
1633 1498 1730 1562 τὰς

137 1599 258 1662 ὅλας
279 1597 692 1669 διακυϐερνῶσι
726 1594 834 1648 τῶν
862 1594 1262 1665 ὑπερουρανίων
1283 1593 1487 1659 τάξεων
1506 1593 1545 1622 ¹¹
1573 1592 1734 1659 ἁγίας

138 1691 558 1761 ὃιακοσμήσεις,
591 1689 652 1740 τὸ
681 1689 778 1758 μὲν
807 1686 946 1757 ὑπὲρ
965 1685 1086 1738 νοῦν
1109 1689 1200 1740 καὶ
1221 1686 1426 1748 οὑσίαν,
1448 1686 1545 1756 τῆς
1573 1687 1732 1756 θεαρ-

141 1783 257 1851 χίας
287 1782 534 1852 κρύφιον
576 1780 1015 1853 ἁνεξερευνήτοις
1055 1782 1149 1836 καὶ
1188 1782 1361 1852 ἱεραῖς
1411 1778 1528 1841 νοὸς
1575 1776 1728 1828 εὑλα-

143 1874 331 1937 θείαις,
359 1873 430 1925 τά
456 1873 516 1925 δὲ
541 1875 756 1944 ἄρρητα
788 1872 1022 1944 σώφρονι
1055 1875 1178 1943 σιγῇ
1208 1870 1494 1941 τιμῶντες,
1520 1870 1612 1921 ἐπὶ
1630 1866 1727 1929 τὰς

144 1964 531 2034 ὲλλαμπούσας
559 1965 694 2032 ἡμῖν
734 1961 792 2017 ἐν
831 1966 943 2026 τοῖς
974 1965 1137 2034 ἱεροῖς
1174 1961 1374 2029 λογίοις
1401 1958 1573 2027 αὐγὰς
1600 1959 1729 2010 ἁνα-

142 2056 446 2126 τεινόμεοα,
501 2056 598 2108 καὶ
660 2053 794 2125 πρὸς
842 2053 1018 2107 αὑτῶν
1069 2051 1545 2123 φωταγωγοὺμεθα
1594 2051 1730 2122 πρὸς

145 2148 261 2212 τοὺς
285 2147 621 2218 θεαρχικοὺς
643 2147 864 2216 ὕμνους,
894 2145 983 2198 ὑπ’
1005 2145 1182 2197 αὑτῶν
1205 2144 1589 2214 ὑπερκοσμίως
1615 2161 1728 2212 φω-

147 2240 436 2311 τιζόμενοι,
467 2239 565 2292 καὶ
618 2238 753 2310 πρὸς
795 2238 892 2301 τὰς
922 2237 1070 2307 ἱερὰς
1097 2235 1418 2306 ὑμνολογίας
1450 2233 1728 2304 τυπούμε-

148 2351 239 2396 νοι,
270 2332 409 2403 πρὸς
437 2332 502 2384 τὸ
529 2331 625 2384 καὶ
643 2332 774 2402 ὁρᾷν
792 2332 832 2362 ¹²
862 2329 929 2382 τὰ
955 2330 1284 2400 συμμέτρως
1308 2331 1435 2398 ἡμῖν
1463 2327 1530 2380 δι’
1552 2328 1730 2382 αὑτῶν

148 2422 468 2495 δωρούμενα
501 2420 771 2492 Θεαρχικὰ
797 2421 968 2491 φῶτά,
1006 2421 1100 2474 καὶ
1151 2422 1250 2493 τὴν
1291 2419 1606 2488 άγαθοδότιν
1634 2421 1732 2492 ἁρ-

149 2520 241 2590 χὴν
268 2519 493 2586 ἁπάσης
528 2516 682 2587 ἱερᾶς
709 2515 1079 2584 φωτοφανείας
1111 2514 1318 2583 ὑμνεῖν,
1346 2514 1421 2577 ὡς
1444 2514 1578 2586 αὑτὴ
1604 2512 1732 2587 περὶ⁸

150 2608 340 2679 ἑαυτῆς
361 2609 405 2638 ¹³
437 2610 495 2660 ὲν
520 2609 630 2669 τοῖς
660 2607 822 2678 ἱεροῖς
846 2605 1043 2674 λογίοις
1069 2603 1465 2676 παραδέδωκεν.
1490 2599 1633 2667 Οἴον,
1652 2605 1732 2658 ὅτι

151 2701 360 2752 πάντων
378 2700 530 2752 ἐστὶν
555 2698 723 2761 αἰτία,
743 2698 833 2750 καὶ
848 2697 1008 2768 ἀρχὴ,
1032 2697 1124 2749 καὶ
1143 2697 1318 2759 οὑσία,
1347 2698 1439 2750 καὶ
1465 2697 1574 2768 ζωή
1597 2715 1609 2727 ·
1638 2698 1733 2750 καὶ

151 2792 251 2846 τῶν
281 2793 382 2863 μὲν
410 2790 830 2845 άποπιπτόντων
871 2790 1041 2858 αὑτῆς
1090 2788 1384 2859 ἁνάκλησίς
1409 2807 1467 2842 τε
1495 2789 1586 2842 καὶ
1609 2790 1734 2843 ἀνά-

157 2901 339 2947 στασις
359 2924 372 2947 ,
403 2884 514 2936 τῶν
542 2883 597 2934 δὲ
627 2881 762 2953 πρὸς
784 2881 844 2934 τὸ
869 2882 962 2934 τοῦ
993 2881 1256 2944 θεοειδοῦς
1285 2881 1732 2953 παραφθαρτικὸν

152 2976 632 3047 ἁπολισθησάντων
658 2975 701 3006 ¹³
748 2974 1135 3044 άνακαινισμδς
1183 2975 1275 3028 καὶ
1320 2974 1728 3046 ἀναμὸρφωσις,

1913 1502 2017 1558 Eas
2043 1518 2171 1572 ergo
2207 1502 2418 1557 divinas
2453 1501 2658 1569 lances,
2683 1519 2802 1572 quae
2830 1515 3049 1559 sanctas
3082 1523 3272 1561 omnes
3315 1523 3406 1563 or-

1840 1596 2026 1649 dinum
2053 1595 2354 1649 «mlestium
2381 1594 2760 1649 distinctiones
2785 1598 3155 1662 moderantur,
3190 1600 3410 1653 imitan-

1842 1699 1948 1754 tes,
2003 1704 2230 1742 summa:
2285 1687 2506 1757 quidem
2573 1689 2879 1744 divinitatis
2928 1707 3190 1745 arcanum
3255 1694 3407 1756 illud.

1832 1781 1979 1851 quod
2021 1796 2237 1833 onmem
2271 1780 2685 1848 intelligentiam
2741 1782 3219 1852 substantiamqne
3252 1794 3409 1839 trau-

1833 1870 2070 1932 scendit,
2099 1886 2126 1922 a
2154 1870 2496 1923 scrutatione
2528 1871 2736 1932 vacuis,
2769 1871 3057 1940 sacrisque
3087 1878 3285 1930 mentis
3319 1891 3409 1929 ve-

1833 1963 2233 2026 nerationibus,
2262 1962 2558 2016 ineffabilia:
2606 1979 2736 2018 vero
2768 1965 3034 2020 .modesto
3067 1969 3304 2036 quodam
3335 1971 3412 2024 si-

1834 2055 2004 2110 lentio
2029 2067 2441 2124 prosequentes,
2473 2055 2794 2125 fulgoribus.
2838 2056 2926 2123 qui
2965 2057 3121 2112 nobis
3151 2074 3181 2112 e
3207 2063 3412 2116 sanctis

1833 2147 2063 2216 eloquiis
2135 2144 2409 2216 aﬂulgeut,
2482 2147 2856 2210 attendamus,
2921 2163 3151 2216 quorum
3212 2153 3410 2205 deinde

1833 2240 1949 2294 luce
1983 2239 2048 2293 ad
2077 2239 2286 2293 divinos
2323 2240 2550 2309 hymnos
2595 2240 2920 2304 excitemur,
2966 2242 3164 2309 quibus
3214 2259 3408 2313 super-

1834 2333 2187 2387 mundialitcr
2235 2333 2624 2395 illutuinamur,
2668 2334 2954 2404 sacrisque
2989 2335 3412 2392 laudumcanti-

1833 2426 1914 2482 cis
1942 2425 2244 2480 formantur
2276 2426 2342 2478 ad
2376 2425 2556 2478 divina
2589 2425 2822 2488 lumina,
2857 2442 2978 2496 quae
3013 2427 3066 2480 iu
3107 2429 3172 2482 iis
3199 2430 3265 2482 ad
3318 2445 3412 2483 ca-

1839 2526 1987 2587 ptum
2013 2531 2258 2574 nostrum
2280 2518 2677 2581 conceduntur,
2716 2523 3048 2587 contuenda,
3077 2521 3408 2578 beneficum—

1833 2625 1939 2679 que
1966 2607 2294 2678 principium
2349 2609 2527 2662 omnis
2589 2607 2993 2675 illustrationis,
3027 2621 3187 2680 proat
3233 2613 3409 2680 ipsum

1834 2702 1900 2755 de
1931 2717 1988 2754 se
2031 2701 2082 2754 in
2109 2700 2338 2767 eloquiis
2384 2700 2653 2769 expressit
2691 2701 3134 2758 collautlaudum.
3165 2703 3235 2758 Ut
3265 2710 3413 2773 quod

1833 2792 2073 2845 ouminm
2107 2790 2180 2844 sit
2203 2805 2366 2843 causa
2395 2790 2650 2859 et'origo,
2689 2792 3035 2862 essentiaque
3088 2811 3152 2849 ac
3201 2799 3330 2862 vita,
3355 2805 3413 2852 et
3436 2841 3458 2861 ,

1834 2898 1862 2934 a
1893 2897 1950 2935 se
1974 2881 2305 2949 dilapsorum
2356 2880 2636 2935 revocatio
2672 2896 2739 2935 ac
2765 2884 3119 2948 resurrectio,
3159 2885 3401 2939 divinam

1836 2991 1964 3030 vero
1991 2977 2046 3029 in
2084 2975 2392 3045 semetipsis
2422 2974 2719 3045 imaginem
2752 2975 3187 3031 oblitterantinm
3249 2997 3410 3034 reuo-

152 3066 255 3118 τῶν
297 3065 355 3118 δὲ
403 3065 549 3119 κατά
584 3081 706 3116 τινα
754 3064 911 3117 σάλον
967 3065 1180 3134 ἀνίερον
1244 3065 1729 3135 παρακινουμένων

1913 3070 1983 3123 tio
2016 3083 2079 3123 ac
2115 3067 2454 3132 reformatio,
2485 3084 2585 3121 nec
2611 3084 2713 3121 non
2749 3071 2963 3138 impuro
3014 3081 3160 3125 motu
3210 3084 3408 3128 nutan-

151 3160 354 3231 ἵδρυσις
382 3157 528 3230 ἱερὰ,
560 3157 656 3210 καὶ
696 3156 803 3210 τῶν
830 3155 1136 3228 ἑστηκότων
1173 3157 1458 3226 ἀσφάλεια,
1489 3159 1582 3211 καὶ
1621 3157 1730 3211 τῶν

149 3253 232 3304 ἐπ’
247 3253 417 3324 αὑτὴν
439 3249 789 3320 ἀναγομένων
814 3251 1109 3322 ἀνατατικὴ
1129 3252 1484 3323 χειραγωγία,
1512 3253 1604 3304 καὶ
1623 3253 1730 3307 τῶν

151 3345 536 3415 φωτιζομὲνων
568 3344 848 3415 ἔλλαμψις,
875 3344 969 3396 καὶ
1003 3343 1110 3397 τῶν
1155 3343 1492 3414 τελουμένων
1522 3346 1562 3376 ¹⁵
1590 3345 1733 3397 τελε-

149 3438 363 3508 ταρχία,
394 3438 490 3490 καί
514 3437 626 3489 τῶν
654 3435 958 3506 Οεουμὲνων
991 3434 1236 3506 θεαρχία,
1265 3437 1359 3488 καὶ
1396 3435 1503 3490 τῶν
1531 3437 1733 3490 ἁπλου-

153 3526 324 3596 μὲνων
376 3525 642 3595 ἁπλότης,
689 3524 923 3577 καὶτῶν
963 3522 1291 3594 ὲνιζομένων
1339 3524 1527 3594 ἑνότης
1554 3525 1730 3596 ἀρχῆς

149 3619 363 3689 ἁπάσης
391 3617 734 3688 ὑπερουσίως
757 3617 1088 3688 ὑπερὰρχιος
1112 3618 1154 3647 ¹⁶
1175 3616 1336 3688 ἀρχὴ,
1354 3618 1447 3669 καὶ
1473 3617 1566 3668 τοῦ
1595 3634 1729 3687 κρυ-

151 3709 270 3778 φίου
312 3708 456 3762 κατὰ
507 3709 575 3761 τὸ
621 3708 838 3779 θεμιτὸν
866 3709 1042 3780 ἀγαθὴ
1084 3708 1382 3779 μεταδότις,
1416 3709 1506 3762 καὶ
1547 3709 1733 3773 ἁπλῶς

150 3803 339 3867 εἰπεῖν,
357 3805 389 3874 ἡ
408 3801 518 3854 τῶν
539 3801 758 3866 ζώντων
780 3802 910 3874 ζωὴ,
929 3803 1020 3856 καὶ
1048 3803 1154 3855 τῶν
1173 3803 1339 3856 ὄντων
1361 3804 1535 3868 οὑσία,
1555 3804 1734 3875 πάσης

151 3892 290 3963 ζωῆς
315 3894 413 3946 καὶ
439 3893 630 3956 οὐσίας
654 3893 795 3964 ἁρχὴ
824 3894 918 3946 καὶ
941 3895 1110 3958 αίτία,
1147 3893 1235 3947 διὰ
1257 3894 1355 3964 τὴν
1377 3894 1546 3963 αὑτῆς
1570 3895 1648 3956 είς
1673 3893 1734 3944 τὸ

151 3977 284 4036 εἶναι
342 3983 413 4036 τὰ
459 3983 595 4036 ὅντα
643 3983 985 4054 παρακτικὴν
1041 3984 1084 4014 ¹⁷
1135 3983 1226 4035 καὶ
1263 3982 1549 4053 συνοχικὴν
1593 3983 1732 4050 ἁγα-

154 4072 371 4147 θότητα.

1841 3163 1974 3214 tium
2009 3159 2436 3227 ﬁrmamentum,
2491 3175 2556 3214 ac
2602 3161 2864 3214 stantium
2925 3165 3219 3231 securitas;
3253 3171 3317 3222 ad
3349 3185 3411 3222 se

1841 3254 2179 3308 tendentium
2212 3254 2581 3318 manuductio,
2613 3253 3041 3308 illuminatorum
3094 3257 3408 3323 illustratio,

1838 3345 2206 3415 perfecturum
2261 3345 2594 3415 principium
2645 3346 2971 3414 perliciens,
3030 3349 3411 3406 deiﬁcatorum

1839 3455 2058 3491 summa
2087 3436 2372 3501 divinitas,
2402 3437 2874 3506 simpliiicatorum
2910 3439 3255 3508 simplicitas,
3286 3445 3412 3498 nui-

1839 3539 2016 3582 torum
2061 3528 2262 3590 unitas,
2332 3527 2511 3580 omnis
2563 3526 2818 3595 principii
2879 3531 3414 3596 superessentialiter

1834 3605 2272 3687 isnperoriginale
2304 3618 2661 3686 principium,
2699 3625 2864 3685 atque
2890 3619 3060 3673 abditi
3125 3620 3270 3676 illius
3321 3637 3413 3677 se-

1836 3711 1996 3774 creti,
2031 3710 2210 3778 quoad
2268 3709 2348 3762 tas
2395 3717 2500 3769 est.
2563 3709 2808 3764 benelica
2871 3712 3314 3775 communicatio,
3354 3724 3413 3768 et

1834 3803 2162 3870 simpliciter
2190 3800 2356 3870 286
2379 3801 2635 3864 dicendo,
2661 3800 2770 3854 vita
2810 3802 3134 3866 viventium,
3162 3805 3405 3856 essentia

1835 3891 2065 3950 eutium,
2092 3892 2269 3944 clunis
2287 3891 2410 3943 vine
2440 3897 2493 3942 et
2528 3891 2781 3943 essentia:
2804 3891 3129 3959 principium
3154 3906 3218 3944 ac
3238 3906 3408 3946 causa

1836 3991 2058 4050 propter
2087 3996 2239 4032 suam
2276 3979 2602 4040 bonitatem,
2635 3994 2742 4046 qua
2779 3988 2835 4034 et
2876 3979 3127 4034 universa
3156 3980 3408 4048 producit

1837 4083 1896 4127 ut
1916 4073 2045 4137 sint,
2076 4080 2132 4125 et
2164 4071 2406 4125 continet
2433 4086 2498 4124 ue
2523 4081 2768 4140 pereant.

1699 4232 1728 4305 ς
1789 4231 1894 4291 Iv.

222 4397 400 4452 Ταῦτα
428 4396 567 4468 πρὸς
592 4394 702 4447 τῶν
725 4394 882 4448 Θείων
906 4395 1101 4464 λογίων
1130 4393 1475 4466 μεμυήμεθα,
1504 4395 1597 4448 καὶ
1625 4394 1729 4446 πᾶ-

1913 4391 2030 4446 Hare
2063 4407 2127 4447 ex
2164 4391 2465 4462 Scripturis
2507 4393 2708 4448 divinis
2757 4394 3077 4459 didicimus;
3111 4401 3188 4460 et,
3238 4406 3295 4449 ut
3326 4397 3396 4450 ita

154 4507 269 4553 σαν,
296 4490 372 4554 ὡς
399 4491 603 4552 είπεῖν,
631 4487 730 4557 τὴν
775 4486 926 4557 ἱερὰν
966 4486 1074 4541 τῶν
1115 4487 1379 4556 θεολόγων
1403 4487 1432 4538 ὑ
1442 4486 1728 4557 μνολογίαν

153 4583 402 4654 εὑρήσεις
444 4579 585 4652 πρὸς
624 4578 725 4642 τὰς
763 4578 1136 4650 ἀγαθουργοὺς
1159 4581 1258 4650 τῆς
1286 4578 1541 4650 θεαρχίας
1569 4577 1730 4649 προό-

153 4671 288 4738 δους,
331 4670 743 4742 ὲκφαντορικῶς
781 4671 873 4724 καὶ
913 4670 1226 4741 ὑμνητικῶς
1268 4670 1368 4734 τὰς
1417 4670 1727 4740 θεωνυμίας

154 4764 700 4831 διασκευάζουσανίδ.
735 4762 895 4816 Ὅθεν
936 4765 993 4816 ἐν
1040 4763 1191 4836 πάσῃ
1228 4764 1412 4834 σχεδὸν
1453 4765 1520 4833 τῇ
1549 4761 1730 4814 θεολο-

154 4863 276 4931 γικῇ
305 4855 667 4931 πραγματείᾳ
687 4855 787 4926 τὴν
813 4855 1068 4926 Θεαρχίαν
1096 4855 1310 4928 ὁρῶμεν
1339 4855 1728 4926 ἱερῶςὺμνου-

157 4951 339 5024 μένην,
363 4951 442 5014 ὡς
472 4948 681 5020 μονάδα
709 4948 806 5018 μὲν
830 4948 924 5001 καὶ
963 4947 1146 5013 ἐνάδα,
1186 4946 1277 5000 διὰ
1309 4946 1409 5018 τὴν
1449 4947 1727 5019 ἁπλότητα

152 5046 242 5099 xui.
277 5045 514 5114 ἑνότητα
551 5040 654 5111 τῆς
691 5039 1000 5112 ὑπερφυοῦς
1042 5040 1294 5112 ἀμερίας,
1324 5034 1492 5110 ἑξῆς,
1522 5040 1597 5103 ὡς
1623 5042 1732 5094 ὲνο-

154 5137 303 5192 ποιοῦ
327 5137 638 5208 δυνάμεως,
664 5130 970 5203 ὲνιζόμεθα,
997 5133 1092 5186 καὶ
1129 5132 1236 5184 τῶν
1275 5131 1544 5202 μεριστῶν
1569 5131 1726 5202 ἡμῶν

156 5231 484 5302 ὲτεροτήτων
519 5226 900 5296 ὑπερκοσμίως
927 5224 1439 5296 συμπτυσσομένων,
1458 5225 1536 5287 εἰς
1563 5224 1730 5276 θεοει-

157 5320 220 5392 δῆ
245 5320 448 5393 μονῶα
490 5317 858 5389 συναγόμεθα,
897 5318 991 5371 καὶ
1027 5317 1354 5388 θεομίμητον
1399 5315 1621 5368 ἕνωσιν·
1651 5316 1726 5379 ὠς

1830 4485 2031 4550 dicam,
2059 4500 2276 4540 onmem
2307 4485 2421 4539 fere
2439 4501 2654 4540 sacram
2682 4484 3020 4554 Scripturam
3051 4488 3307 4552 reperies,
3333 4488 3398 4539 ad

1831 4580 2216 4636 declarandum
2270 4581 2429 4635 nobis
2462 4581 2653 4645 Deum,
2683 4590 2739 4634 et
2785 4581 2852 4634 ad
2896 4579 3223 4633 laudandum
3249 4594 3395 4642 eum,

1831 4673 2012 4729 divina
2044 4673 2263 4727 nomina
2296 4673 2534 4727 formare
2560 4673 2854 4727 secundum
2883 4672 3081 4726 divina:
3132 4671 3397 4725 bonitatis

1831 4766 2224 4820 emanationes.
2266 4763 2401 4817 Hinc
2447 4765 2501 4818 in
2537 4765 2685 4819 otnni
2716 4762 2888 4817 ferme
2944 4760 3250 4829 theologica
3295 4770 3401 4816 tra-

1832 4857 2071 4912 ctatione
2098 4855 2440 4909 divinitatem
2467 4856 2639 4924 ipsam
2673 4865 2862 4909 sancte
2892 4854 3255 4909 collaudatum
3281 4869 3396 4907 cer-

1836 4951 2036 5017 nimus,
2069 4959 2129 5004 ut
2171 4947 2457 5002 monadem
2502 4947 2720 5016 quidem
2758 4961 2823 5001 ac
2863 4945 3125 5000 unitatem
3177 4955 3397 5014 propter

1833 5039 2268 5112 supernaturalis
2298 5038 2563 5092 individui
2597 5039 2680 5092 sui
2717 5036 3141 5104 simplicitatem.
3168 5051 3231 5090 ex
3263 5052 3391 5105 qua.

1833 5149 1930 5188 ceu
1975 5133 2171 5187 unilica
2203 5132 2422 5196 virtute,
2470 5129 2598 5199 quid
2642 5145 2806 5182 unum
2854 5127 3194 5187 exsistimus.
3231 5137 3396 5196 atque

1834 5224 2068 5278 dividuis
2103 5224 2304 5278 nostris
2337 5220 2744 5274 diversitatibus
2795 5215 3242 5286 supermundane
3300 5231 3396 5272 co-

1833 5315 2180 5384 agmentatis,
2207 5313 2273 5367 ad
2312 5311 2599 5367 monadem
2625 5309 2914 5380 quamdam
2948 5303 3287 5370 deil'ormem,
3330 5321 3394 5362 ac

1424 5490 1656 5546 VARle
1692 5489 2098 5547 LECTIONES.

231 5645 270 5677 ⁸ο
293 5633 882 5704 άπαυθαδιαζομένους,
901 5635 957 5689 Ρ.
979 5633 1039 5689 D.
1075 5632 1174 5687 Cb.

167 5713 208 5748 ¹¹
227 5715 354 5786 πρὸς
377 5711 477 5783 τῷ,
509 5709 565 5764 Ρ.
593 5702 695 5786 _x_ui_
717 5724 818 5786 non
856 5709 1014 5760 habet
1043 5705 1142 5758 Ch.
1200 5777 1212 5786 ι
1248 5704 1290 5734 ¹³
1317 5705 1442 5786 περὶ
1465 5702 1652 5770 αὐτῆς,
1689 5702 1741 5786 ιξτ

1255 5633 1293 5663 ¹¹
1323 5629 1679 5701 ἐπουρανίων,
1710 5631 1766 5684 Ρ.
1792 5628 2283 5701 οὑρανίωντάξεων
2315 5629 2408 5680 καὶ
2434 5625 2646 5701 οὐσιῶν,
2681 5625 2738 5678 D.
2759 5622 3028 5701 οὐρανίων
3072 5623 3391 5701 οὐσιῶνηΜ.

1852 5693 1893 5732 ίι
1919 5693 2429 5780 παρολισθησάντων
2453 5737 2468 5762 ,
2500 5697 2554 5749 S.
2593 5697 2653 5749 Ρ.
2757 5694 2800 5726 ’⁸
2829 5693 3192 5760 ἑνοεουμένων
3220 5734 3232 5762 ς
3287 5697 3400 5751 (Jb;

167 5783 209 5816 “
232 5771 560 5858 ὑπέραρχος,
590 5777 654 5830 Μ.
692 5777 779 5853 '__”
803 5794 890 5848 γρ.
921 5777 1271 5847 παρεκτικήν.
1350 5771 1948 5838 ’δ’κατασκευάζουσαν,
1991 5773 2068 5826 Ub
2101 5834 2110 5842 _
