3752 6300
273 322 369 380 591
1423 308 1482 367 8.
1520 296 1755 363 DIONY!

2066 298 2333 359 ΡΑΟΙΉΕ
3443 292 3548 348 592

275 440 447 493 Deum
504 436 810 491 imitantem
864 428 1119 483 unionem
1170 424 1516 494 redigimur:
1552 431 1611 476 ut
1677 420 1757 475 Tr

2069 418 2170 472 άδα
2208 418 2285 480 δὲ,
2313 414 2404 469 διὰ
2461 412 2561 485 τὴν
2619 411 3049 484 τρισυπόστατον
3082 408 3183 479 τῆς
3224 405 3551 477 ὕπερουσίου

276 540 446 587 tatem
494 543 648 593 vero,
685 530 912 596 propter
958 518 1442 590 superesseutialis
1494 514 1758 571 iecundit:

2072 508 2321 582 ιμότητος
2347 508 2628 577 ἔκφανσιν,
2658 504 2718 568 ἐξ
2741 500 2807 576 ἦς
2837 504 2987 557 πᾶσα
3027 499 3233 572 πατριά
3257 500 3319 552 ὲν
3343 496 3554 569 οὐρανῷ

280 625 335 680 in
376 623 552 678 tribus
586 616 838 692 personis
879 588 1407 675 maniiestationem,
1437 624 1505 664 ex
1536 623 1643 677 qua
1684 615 1762 677 pal

2083 604 2177 658 ἐπὶ
2198 602 2300 672 γῆς
2328 602 2444 654 ἐστι
2472 594 2567 653 καὶ
2590 597 2915 664 ὀνομάζεται
2935 596 2977 627 ¹⁹
2996 612 3009 624 ·
3033 593 3107 675 ώς
3131 592 3310 646 αἰτίαν
3352 590 3412 643 δὲ
3450 588 3556 642 τῶν

282 721 428 775 nitas
455 715 635 772 omnis
667 714 720 767 in
745 709 885 766 caelo
913 712 969 763 et
995 706 1049 762 in
1078 714 1224 761 terra
1250 713 1356 769 est,
1401 715 1458 758 et
1507 701 1764 756 nominati

2074 712 2158 760 υν,
2188 692 2376 763 ἐπειδὴ
2418 692 2596 745 πάντα
2634 688 2773 761 πρὸς
2810 685 2873 741 τὸ
2900 682 3037 740 εἶναι
3063 682 3320 756 παρήχθη
3348 681 3440 735 διὰ
3462 680 3556 752 τὴν

284 822 345 865 ιιι
378 823 558 865 rerum
593 819 722 860 vero
748 816 996 863 causam,
1025 795 1174 869 quod
1222 795 1405 849 omnia
1436 806 1534 862 per
1560 791 1766 847 bonital

2074 788 2138 858 ἧς
2166 783 2474 839 οὑσιοποιὸν
2488 781 2534 813 ’⁸
2562 780 2905 851 ἁγαθότητα’
2937 776 3105 848 σοφὴν
3139 776 3195 830 δὲ
3236 774 3332 829 καὶ
3366 772 3556 843 καλὴν,

284 901 423 970 ejus,
456 912 637 953 rerum
697 892 1056 950 eﬂectricem.
1090 888 1200 943 sint
1231 886 1525 957 producta,
1554 892 1614 936 ut
1645 882 1763 952 sapi

2080 881 2149 935 τά
2175 880 2304 934 ὅντα
2330 879 2509 933 πάντα
2530 875 2601 930 τά
2625 875 2727 945 τῆς
2742 873 2945 936 οίκείας
2969 871 3183 941 φύσεως
3202 866 3562 939 ἀπαράφθαρ-

287 963 655 1062 ιεηιηιιοηιιο
700 1003 764 1042 ac
798 985 1108 1056 pulchram,
1159 980 1305 1050 quod
1362 992 1450 1031 res
1496 988 1711 1040 omnes,
1738 971 1769 1026 d

2082 976 2097 1007 ί
2126 971 2482 1038 διασώζοντα,
2531 973 2716 1042 πάσης
2760 968 3024 1040 ἁρμονίας
3063 965 3247 1021 ἐνθέου
3290 964 3388 1017 καὶ
3415 963 3562 1034 ἱερᾶς

286 1093 536 1139 naturam
565 1094 721 1136 suam
772 1083 1000 1132 servant
1028 1073 1435 1139 incorruptam,
1461 1065 1659 1122 divinae
1687 1078 1768 1119 om

2084 1068 2305 1143 ρεπείας
2331 1068 2479 1122 ἐστὶν
2505 1065 2749 1120 ἀνάπλεα
2767 1079 2780 1093 ο
2813 1060 3189 1132 φιλάνθρωπον
3208 1058 3266 1111 δὲ
3280 1055 3564 1125 διαφερόν-

287 1174 593 1231 harmoniae
618 1183 900 1241 sacraque
927 1163 1356 1238 pulchritudinis
1385 1159 1495 1215 sint
1525 1157 1697 1227 plena:
1722 1173 1737 1210 :
1762 1176 1769 1206 ι

2086 1201 2100 1225 ,
2130 1162 2213 1214 ὅτι
2236 1148 2350 1224 τοῖς
2392 1157 2515 1213 καθ’
2541 1158 2687 1228 ἡμᾶς
2715 1156 2849 1227 πρὸς
2876 1151 3129 1223 ἀλήθειαν
3155 1148 3354 1213 ὑλικῶς
3381 1150 3441 1201 ὲν
3470 1147 3566 1217 μιᾷ

289 1267 465 1339 gulari
504 1272 685 1319 autem
718 1275 906 1317 amore
948 1260 1248 1313 humanum
1281 1267 1454 1325 genus
1494 1248 1771 1319 complect

2080 1272 2084 1294 ν
2124 1253 2296 1323 αὐτῆς
2335 1250 2688 1304 ὑποστάσεων
2728 1244 3107 1317 ἐκοινώνησεν,
3147 1239 3562 1311 ἀνακαλουμένη

291 1368 422 1424 tem,
451 1358 595 1426 quod
621 1370 681 1409 se
716 1353 874 1409 nobis
901 1364 1029 1404 vere
1056 1348 1264 1417 integre
1288 1346 1341 1398 in
1377 1358 1484 1396 una
1510 1354 1747 1410 persona

2083 1366 2114 1412 ης
2138 1346 2336 1417 ἑαυτὴν
2364 1346 2460 1399 καὶ
2484 1342 2799 1397 ἀνατιθεῖσα
2819 1342 2864 1371 ’³
2887 1340 2988 1409 τὴν
3030 1335 3380 1407 ἀνθρωπίνην
3410 1335 3565 1404 ἐσχα-

292 1448 741 1511 counnunlearit,
774 1458 1042 1500 revocans
1074 1440 1144 1494 ad
1198 1452 1257 1493 se
1288 1434 1755 1504 sibiquejungeus

2082 1457 2122 1504 ν,
2150 1438 2210 1502 ἐξ
2253 1433 2321 1509 ἦς
2364 1437 2619 1509 ἀρρήτως
2636 1434 2683 1466 ’³
2722 1435 2751 1487 ό
2793 1430 2997 1495 ἁπλοῦς
3034 1427 3241 1501 Ἰησοῦς
3282 1426 3564 1496 συνετέθη,

296 1558 513 1597 umnam
550 1539 951 1597 humilitatem;
990 1549 1055 1589 ex
1091 1544 1198 1601 qua
1222 1526 1449 1598 simplex
1486 1522 1643 1581 Jesus
1686 1523 1774 1576 ine

2118 1530 2426 1601 παράτασιν
2464 1528 2654 1599 εἴληφε
2697 1525 2953 1598 χρονικὴν
2999 1526 3027 1577 ὀ
3066 1521 3254 1585 ἀΐδιος,
3298 1520 3397 1573 καὶ
3442 1518 3568 1571 εἴσω

296 1639 389 1693 bili
427 1637 586 1691 modo
625 1631 902 1694 consistit,
933 1644 996 1683 ac
1031 1628 1124 1698 qui
1154 1616 1391 1681 :Plcrlilts
1446 1629 1547 1681 est,
1602 1626 1778 1685 tempe

2102 1618 2221 1671 καθ’
2249 1619 2398 1689 ἡμᾶς
2442 1615 2682 1685 ἐγεγόνει
2724 1614 2939 1683 φύσεως
2953 1614 3020 1679 ³⁸,
3045 1615 3073 1667 ὁ
3099 1613 3281 1681 πάσης
3304 1610 3406 1680 τῆς
3434 1607 3570 1663 κατά

300 1731 406 1784 lem
446 1727 680 1796 sumpsit
700 1725 1094 1785 accessionem,
1119 1734 1329 1775 necnon
1357 1715 1423 1769 ad
1459 1714 1647 1767 intima
1676 1718 1782 1762 uati

2091 1728 2166 1764 ταν
2207 1710 2372 1780 φύσιν
2415 1709 2626 1776 τάξεως
2676 1702 3016 1777 ὑπερουσίως
3070 1702 3393 1774 ὲκὸεὸηκὼς
3442 1701 3573 1773 μετά

303 1776 405 1784 -ν-.-
447 1776 677 1796 -η---τ--τ
1002 1776 1005 1777 ν
1080 1776 1093 1785 ,

303 1831 510 1877 nostra:
532 1818 847 1881 descendit;
879 1816 972 1885 qui
1011 1814 1325 1869 universum
1360 1806 1524 1861 totius
1557 1813 1765 1858 natura:

2132 1776 2468 1877 ἀμεταϐόλου
2486 1805 2531 1835 ²⁸
2558 1803 2649 1856 καὶ
2695 1798 3000 1872 ἀσυγχύτου
3038 1798 3146 1851 τῶν
3186 1796 3409 1850 οἰκείων
3439 1796 3576 1867 ἱδρύ-

304 1915 495 1969 dinem
536 1908 1084 1972 superessentialiter
1110 1899 1489 1965 transcendit;
1538 1894 1773 1951 servatis

2096 1916 2148 1963 ις.
2172 1896 2282 1951 Καὶ
2308 1898 2409 1951 ὅσα
2433 1896 2567 1951 ἄλλα
2593 1894 2886 1966 θεουργικά
2912 1892 3064 1963 φῶτα
3084 1892 3196 1953 τοῖς
3223 1890 3430 1958 λογίοις
3455 1889 3578 1941 ἀκο-

300 2020 429 2067 ιιιειι
464 2002 897 2076 proprietatibus
927 2000 1043 2055 suis
1074 2011 1303 2068 prorsus
1333 1990 1559 2060 integris
1608 1996 1663 2043 ct
1692 1987 1779 2041 inc

2095 1990 2199 2054 θως
2243 1984 2276 2061 ἡ
2322 1988 2430 2042 τῶν
2477 1982 2678 2042 ἐνθέων
2721 1985 2878 2059 ἡμῶν
2938 1980 3333 2057 καθηγεμόνων
3372 1982 3577 2053 κρυφία

305 2067 614 2158 fusis..!l:1:c
640 2103 856 2170 aliaque
870 2096 1332 2168 qliazlibetdeilica
1352 2092 1581 2155 lumina,
1601 2103 1723 2158 quae
1745 2086 1785 2142 S

2097 2079 2292 2143 ›άδοσις
2317 2076 2730 2149 ὲκφαντορικῶς
2768 2076 2899 2146 ἡμῖν
2922 2074 3255 2145 ἐδωρήσατο,
3284 2068 3464 2122 ταῦτα
3489 2067 3579 2120 καὶ

309 2196 491 2267 pluris
514 2211 750 2250 consona
781 2191 956 2247 sancti
977 2189 1149 2244 nostri
1181 2196 1548 2257 praeceptores
1574 2194 1774 2236 arcana
1804 2193 1901 2232 uo-

311 2290 396 2345 bis
430 2286 882 2358 interpretatione
910 2281 1285 2341 tradiderunt,
1320 2292 1417 2331 nos
1452 2289 1669 2346 quoque
1711 2273 1900 2327 hausi-

313 2394 438 2436 mus
482 2395 497 2433 :
544 2392 689 2433 nunc
718 2376 934 2447 quidem
964 2388 1062 2444 pro
1090 2381 1251 2441 captu
1284 2379 1497 2435 nostro,
1525 2369 1649 2421 dum
1677 2364 1903 2419 velami-

316 2474 480 2529 nibus
506 2471 831 2543 quibusdam
858 2466 1033 2521 sacris
1073 2462 1415 2533 eloquiorum
1452 2469 1508 2514 et
1534 2442 1936 2513 hierarchica?

320 2581 438 2620 rum
480 2562 833 2618 traditiouum
871 2556 1180 2628 benignitas
1206 2596 1222 2617 .
1264 2554 1434 2625 signis
1473 2551 1769 2607 sensilibus
1817 2563 1905 2603 res

319 2648 1069 2721 spiritales,substantiisque
1112 2660 1201 2700 res
1230 2640 1782 2712 supersuhstantiales
1811 2639 1904 2694 ab-

321 2747 417 2809 dit,
441 2744 757 2813 formasque
779 2741 1094 2811 iigurasque
1112 2736 1275 2792 rebus
1299 2737 1473 2791 forma
1497 2735 1782 2806 ﬁguraque
1810 2748 1907 2786 ca-

320 2836 573 2891 rentibus
590 2833 918 2899 circumdat,
948 2845 1049 2886 nec
1072 2847 1177 2885 non
1200 2826 1693 2899 supernaturalem,
1712 2833 1767 2880 et
1787 2840 1908 2895 qua:

322 2933 526 3003 ﬁguras
574 2928 809 2996 respuit,
865 2925 1275 2995 simplicitatem
1328 2922 1677 2977 dividuorum
1724 2919 1911 2988 signo-

324 3040 445 3077 rum
494 3019 767 3074 varietate
821 3014 1154 3085 multiplicat
1203 3022 1260 3067 et
1316 3006 1543 3079 ellingit.
1572 3009 1644 3062 At
1676 3008 1914 3076 quando

1994 2174 2155 2244 ἡμεῖς
2186 2169 2545 2243 μεμυήμεθαο
2577 2168 2671 2221 νῦν
2716 2168 2813 2239 μὲν
2858 2165 3132 2233 ἀναλόγως
3158 2162 3310 2234 ἡμῖν,
3353 2160 3445 2214 διὰ
3472 2161 3581 2213 τῶν

1997 2262 2158 2332 ίερῶν
2199 2261 2711 2333 παραπετασμάτων
2750 2259 2847 2329 τῆς
2886 2258 2997 2310 τῶν
3030 2256 3226 2325 λογίων
3265 2255 3362 2307 καὶ
3388 2253 3500 2306 τῶν
3521 2254 3586 2305 ἱε-

2001 2355 2275 2427 ραρχικῶν
2321 2353 2673 2425 παραδόσεων
2732 2348 3160 2422 φιλανθρωπίας,
3201 2347 3484 2419 αἰσθητοῖς
3520 2345 3585 2399 τά

1998 2448 2186 2522 νοητὰ,
2214 2449 2309 2501 κα)⁸
2360 2450 2475 2511 τοῖς
2514 2441 2633 2499 οὖσι
2683 2445 2752 2498 τά
2798 2441 3101 2515 ὑπερούσια
3145 2440 3584 2513 περικαλυπτού-

2002 2558 2100 2613 σης
2116 2542 2160 2573 ’⁸
2186 2540 2281 2594 καὶ
2306 2538 2518 2611 μορφὰς
2546 2532 2866 2601 καῖ’τύπους
2892 2539 3003 2599 τοῖς
3031 2534 3380 2606 ἀμορφώτοις
3407 2551 3466 2586 τε
3498 2531 3585 2585 καὶ

2001 2633 2307 2696 ἀτυπώτοις
2361 2630 2757 2701 περιτιθείσης,
2809 2631 2901 2682 καὶ
2953 2628 3051 2700 τὴν
3116 2624 3375 2697 ὑπερφυῆ
3394 2628 3439 2657 ⁸⁷
3498 2625 3587 2679 καὶ

2001 2726 2412 2797 ἀσχημάτιστον
2446 2723 2727 2795 ἁπλότητα
2763 2724 2830 2794 τῇ
2876 2719 3121 2794 ποικιλίᾳ
3160 2721 3271 2775 τῶν
3319 2719 3588 2792 μεριοτῶν

2005 2818 2288 2889 συμϐόλων
2314 2809 2691 2887 πληθυνούσης
2739 2830 2798 2867 τε
2846 2813 2939 2866 καὶ
2981 2810 3435 2882 διαπλαττούσης.
3463 2810 3590 2864 Τότε

2004 2909 2081 2975 δὲ,
2122 2909 2248 2963 ὅταν
2290 2908 2556 2979 ἄφθαρτοι
2600 2906 2695 2959 καὶ
2731 2905 2985 2960 ἀθάνατοι
3026 2903 3335 2974 γενώμεθα,
3377 2902 3591 2972 καὶτῆς

2006 2998 2375 3072 χριστοειδοῦς
2397 2998 2442 3029 ³⁸
2478 2996 2572 3050 καὶ
2620 2995 3043 3067 μακαριωτάτης
3115 2992 3437 3064 ὲιρικώμεθα
3494 2988 3592 3064 "Mr

327 3111 783 3183 incorruptibiles
831 3118 886 3163 et
934 3106 1271 3160 immortales
1295 3099 1807 3165 evaserimus,Chri

2108 3112 2162 3159 ις,
2182 3092 2439 3148 πάντοτε
2464 3088 2587 3148 σὺν
2604 3090 2818 3160 Κιιρίφ,
2842 3086 2981 3142 κατά
3002 3086 3063 3141 τὸ
3086 3086 3287 3156 λόγιον,
3316 3087 3590 3155 ἐσόμεθα,

327 3207 560 3262 formem
586 3199 1072 3265 beatissimamque
1096 3206 1303 3249 sortem
1332 3193 1540 3261 adepti,
1570 3201 1682 3245 tum
1710 3205 1914 3258 semper

329 3296 433 3366 (uti
478 3295 744 3362 scriptum
771 3289 876 3359 est)
905 3302 1025 3341 cum
1060 3284 1285 3339 Domino
1318 3285 1512 3339 erimus
1534 3294 1555 3322 ι’
1595 3283 1759 3353 287
1789 3283 1920 3338 visi-

330 3386 459 3441 bilis
486 3384 705 3455 quidem
753 3379 1043 3449 ipsiusmet
1071 3376 1165 3430 Dei
1196 3375 1562 3446 apparitionis
1590 3375 1918 3432 castissimis

332 3474 897 3545 contemplationihus
945 3469 1116 3540 pleni,
1154 3471 1310 3536 cujus
1349 3468 1707 3522 lucidissimis
1743 3468 1922 3537 splen.

335 3569 587 3630 dorihus,
622 3581 729 3620 non
750 3581 908 3619 secus
933 3579 997 3618 ac
1020 3562 1268 3631 discipuli
1298 3561 1352 3615 in
1380 3559 1716 3615 divinissima
1743 3572 1922 3616 trans-

338 3659 693 3731 ﬁguratioue,
744 3655 1158 3717 irradiabimur,
1218 3652 1576 3722 iutelligibilis
1626 3667 1758 3708 vero
1808 3652 1925 3722 ejus

337 3748 713 3807 ilustrationis
769 3746 1075 3817 participes
1107 3745 1411 3800 secundum
1442 3754 1679 3798 mentem
1713 3746 1923 3812 passio-

338 3845 499 3898 nibus
528 3839 874 3907 materiaque
901 3846 1207 3904 carentem,
1237 3836 1517 3891 radiorum
1556 3836 1927 3891 lucidissimo-

340 3950 459 3987 rum
522 3929 814 4001 incognitis
856 3928 1299 3997 beatissimisque
1328 3927 1829 3991 coruscationibus,
1859 3924 1927 3979 ad

340 4025 669 4078 diviniorem
706 4019 1189 4088 supercmlestium
1222 4019 1714 4087 intelligentiarum
1748 4018 1930 4072 imita-

344 4115 574 4179 tionem,
607 4112 815 4167 unione
866 4111 1106 4180 quadatu
1162 4108 1593 4179 intelligentiam
1634 4117 1931 4178 superante

344 4206 445 4274 ipsi
474 4205 890 4270 conjungemur,
924 4216 1072 4267 nam,
1102 4210 1163 4255 ut
1213 4200 1557 4269 eloquiorum
1604 4200 1811 4254 veritas
1835 4199 1933 4253 ha-

346 4300 481 4353 bet:
511 4296 771 4367 ίΕίιιιαιεε
804 4294 1008 4363 angelis
1056 4294 1253 4347 erimus
1306 4303 1355 4345 et
1406 4291 1507 4360 ﬁlii
1555 4290 1674 4355 Dei,
1716 4290 1929 4361 quando

349 4391 548 4444 erimus
577 4389 677 4457 ﬁlii
710 4387 1115 4441 resurrectionis
1147 4392 1193 4438 '.
1222 4384 1381 4439 Modo
1431 4394 1642 4450 autem,
1669 4392 1729 4439 ut
1779 4384 1931 4439 vale-

2006 3188 2106 3257 τῆς
2154 3185 2253 3257 μὲν
2297 3186 2498 3257 ὁρατῆς
2524 3182 2689 3238 αὑτοῦ
2716 3182 3033 3252 θεοφανείας
3054 3182 3112 3233 ὲν
3138 3182 3437 3248 πανάγνοις
3469 3179 3596 3232 θεω-

2012 3278 2156 3351 ρίαις
2194 3275 2670 3347 ἀποπληρούμενοι
2711 3275 2778 3338 ²⁹,
2828 3273 3153 3343 φανοτάταις
3210 3271 3599 3341 μαρμαρυγαῖς

2011 3372 2159 3442 ἡμᾶς
2196 3366 2694 3441 περιαυγαζούσης,
2726 3365 2791 3430 ἃς
2810 3364 2853 3397 ⁸ο
2877 3364 3005 3428 τοὺς
3051 3361 3297 3435 μαθητὰς
3334 3364 3393 3416 ἐν
3419 3362 3599 3433 ἐκείνῃ

2011 3465 2077 3534 τῇ
2118 3462 2368 3534 θειοτάτῃ
2386 3460 2428 3491 ⁸⁸
2462 3456 2915 3531 μεταμορφώσει·
2946 3455 3044 3525 τῆς
3100 3453 3152 3505 δὲ
3193 3452 3394 3523 νοητῆς
3438 3451 3597 3506 αὑτοῦ

2015 3557 2348 3627 φωτοδοσίας
2399 3556 2457 3607 ὲν
2497 3552 2698 3607 ἀπαθεῖ
2745 3550 2839 3604 καὶ
2877 3544 3023 3617 ἀΰλῳ
3046 3545 3124 3617 τῷ
3158 3544 3233 3615 νῷ
3263 3546 3599 3617 μετέχοντες,

2016 3650 2111 3703 καὶ
2149 3648 2250 3720 τῆς
2290 3647 2429 3718 ὑπὲρ
2470 3644 2593 3700 νοῦν
2634 3640 2877 3705 ὲνώσεως
2904 3641 2962 3693 ὲν
3002 3640 3120 3702 ταῖς
3143 3637 3250 3692 τῶν
3277 3636 3602 3709 ὑπερφανῶν

2018 3742 2254 3797 ἀκτίνων
2282 3741 2581 3812 ἀγνώστοις
2606 3737 2700 3791 καὶ
2730 3731 3028 3808 μακαρίαις
3054 3732 3354 3797 ἐπιϐολαῖς,
3384 3734 3444 3785 ὲν
3473 3732 3602 3785 θειοε

2019 3842 2155 3913 τέρᾳ
2204 3837 2432 3910 μιμήσει
2459 3833 2570 3887 τῶν
2623 3829 3032 3913 ὑπερουρανίων
3080 3828 3248 3883 νοῶνο
3304 3824 3602 3896 ἰσάγγελοι

2020 3909 2151 4005 γὰρ,
2181 3931 2256 3996 ὼς
2275 3909 2317 4002 νή
2344 3928 2453 3982 τῶν
2478 3926 2671 3995 λογίων
2714 3909 2943 3997 ἀλήθειά
2976 3939 3169 3993 φησιν,
3197 3919 3457 3987 ἐσόμεθα
3474 3960 3487 3983 ,
3512 3916 3608 3971 καὶ

2033 4024 2152 4080 υἱοὶ
2186 4021 2353 4084 Θεοῦ,
2384 4019 2495 4088 τῆς
2517 4016 2910 4080 ἀναστάσεως
2939 4012 3056 4067 υἱοὶ
3074 4008 3268 4075 ὄντες.
3297 4009 3413 4063 Νῦν
3436 4010 3511 4072 δὲ,
3534 4008 3603 4070 ὡς

2025 4118 2156 4189 ἡμῖν
2183 4111 2426 4182 ἐφικτὸν,
2466 4107 2688 4171 οἰκείοις
2733 4106 2829 4177 μὲν
2846 4106 2889 4137 ³²
2931 4105 3012 4167 είς
3048 4101 3117 4155 τὰ
3152 4101 3273 4154 θεῖα
3322 4100 3603 4171 συμϐόλοις

2026 4203 2308 4279 χρώμεθα,
2339 4202 2450 4254 κάκ
2484 4198 2691 4253 τούτων
2733 4192 2887 4259 αὖθις
2912 4194 3003 4248 ἐπὶ
3024 4193 3121 4265 τὴν
3149 4193 3325 4263 ἁπλῆν
3355 4194 3450 4245 καὶ
3475 4196 3607 4262 ﬁve)-

2032 4298 2198 4370 μένην
2222 4294 2331 4348 τῶν
2355 4291 2561 4364 νοητῶν
2585 4290 2874 4361 θεαμάτων
2900 4286 3155 4358 ἀλήθειαν
3181 4286 3462 4354 ἀναλόγως
3489 4285 3607 4337 ἀνα-

2028 4387 2339 4460 τεινόμεθα,
2368 4385 2462 4440 καὶ
2492 4382 2629 4455 μετά
2654 4384 2835 4435 πᾶσαν
2860 4379 2959 4450 τὴν
2986 4377 3109 4431 καθ’
3135 4378 3283 4449 ἡμᾶς
3309 4376 3421 4429 τῶν
3450 4375 3607 4429 θεοει-

348 4496 495 4546 mus,
523 4479 590 4533 ad
627 4478 812 4532 divina
842 4477 1111 4546 capienda
1144 4476 1315 4542 signis
1344 4474 1572 4539 utimur,
1601 4474 1796 4544 quibus
1820 4491 1830 4529 ι

2121 4500 2133 4534 ο
2180 4479 2386 4552 νόησιν,
2439 4472 2815 4537 ἀποπαύοντες
2864 4472 3019 4542 ἡμῶν
3069 4470 3167 4534 τὰς
3217 4468 3412 4541 νοεράς
3462 4471 3603 4538 ἐνερ-

349 4574 477 4629 licet
509 4572 576 4627 ad
612 4571 918 4641 simplicem
947 4580 1004 4625 et
1035 4569 1257 4623 unicam
1309 4566 1454 4621 illam
1509 4567 1932 4637 intelligibilium

349 4663 791 4736 spectaculorum
815 4662 1106 4716 veritatem
1159 4672 1259 4726 pro
1290 4666 1450 4726 captu
1487 4666 1681 4712 nostro
1710 4656 1936 4713 adduci-

351 4775 494 4821 mur,
525 4765 734 4827 etpost
766 4770 984 4811 omnem
1043 4764 1291 4808 nostram
1342 4766 1526 4806 rerum
1582 4750 1934 4806 deiformium

353 4849 793 4921 intelligentiam,
824 4846 1085 4902 sedantes
1121 4850 1347 4900 nostras
1400 4842 1751 4900 lntellectiles
1799 4857 1935 4912 ope-

353 4946 625 5009 rationes,
652 4943 708 4999 in
754 4940 1269 5010 superessentialem
1302 4941 1465 4995 istum
1495 4937 1732 5002 radium,
1760 4951 1937 5007 quan-

356 5045 471 5089 tum
502 5036 586 5089 fas
616 5044 723 5097 est,
758 5033 1107 5096 intendimus,
1162 5031 1215 5085 iu
1276 5044 1384 5099 quo
1435 5027 1617 5084 cuncti
1650 5027 1789 5080 lines
1820 5040 1940 5079 om-

356 5130 509 5184 nium
541 5126 914 5193 cognitionum
951 5123 1210 5178 iuell‘abili
1266 5121 1431 5177 modo
1487 5120 1937 5189 prazexstiterunt

2032 4574 2209 4645 γείας,
2261 4572 2343 4634 είς
2392 4568 2493 4640 τὴν
2537 4566 2863 4637 ὑπερούσιον
2901 4566 3095 4617 ἀκτῖνα
3122 4561 3262 4615 κατά
3300 4561 3363 4614 τὸ
3400 4560 3607 4630 θεμιτὸν

2033 4665 2417 4735 ὲπιϐάλλομεν,
2447 4665 2507 4715 ὲν
2596 4661 2775 4715 πάντα
2801 4657 2871 4711 τὰ
2894 4656 3106 4728 πέρατα
3131 4653 3321 4708 πασῶν
3348 4652 3459 4706 τῶν
3482 4650 3609 4721 γνώ-

2037 4776 2175 4814 σεων
2203 4754 2605 4829 ὑπεραῤῥήτως
2650 4745 3085 4823 προῦφέστηκεν,
3113 4746 3180 4817 ἢν
3218 4744 3343 4799 οὔτε
3371 4745 3611 4814 ἐννοῆσαι

2035 4849 2279 4915 δυνατὸν,
2307 4845 2429 4905 οὔτε
2452 4846 2645 4909 εἰπεῖν,
2675 4840 2798 4895 οὔτε
2824 4839 2961 4904 ὅλως
2984 4855 3100 4901 πως
3129 4835 3426 4908 θεωρῆσαι,
3455 4834 3539 4889 διὰ
3559 4830 3613 4884 τὸ

2041 4944 2263 4998 πάντων
2287 4938 2457 5011 αὐτὴν
2480 4932 2828 5010 ὲξῃρημένην
2861 4928 3020 4996 εἶναι,
3047 4929 3142 4983 καὶ
3178 4928 3610 5000 ὑπεράγνωστον,

2042 5038 2137 5091 καὶ
2160 5033 2350 5089 πασῶν
2387 5032 2485 5104 μὲν
2510 5030 2620 5083 τῶν
2647 5024 2921 5081 οὐσιωδῶν
2944 5022 3199 5093 γνώσεων
3226 5020 3322 5074 καὶ
3347 5020 3614 5089 δυνάμεων

2040 5130 2138 5193 τὰς
2176 5122 2625 5198 ἀποπερατώσεις
2670 5119 2788 5192 ἅμα
2837 5118 2930 5171 καὶ
2970 5116 3150 5182 πάσας
3190 5114 3529 5187 ὑπερουσίως
3564 5111 3615 5162 ἐν

428 5278 450 5307 τ
483 5270 501 5324 l
533 5271 727 5326 Thess.
754 5287 831 5337 ιν,
859 5270 946 5337 16,
970 5271 1023 5325 in
1062 5280 1209 5324 testu
1249 5281 1376 5322 vero
1408 5264 1616 5329 Grzeco,
1650 5264 1736 5318 l7.
1818 5272 1840 5303 ³
1872 5262 1910 5317 L

760 5287 831 5337 tv,
859 5270 946 5337 16,
970 5271 1023 5325 in
1062 5280 1209 5324 testu
1249 5281 1376 5322 vero
1408 5264 1616 5329 Grzeco,
1650 5264 1736 5318 l7.
1818 5272 1840 5303 ³
1872 5262 2005 5318 Luc.
2040 5278 2131 5327 xx,
2155 5262 2242 5317 56.

1651 5420 1883 5479 ΫΑΒΙᾹΞ
1920 5417 2328 5478 LECTIONES.

435 5584 475 5613 ¹⁹
504 5582 618 5656 ἔστι
643 5602 700 5656 τε
722 5586 812 5639 καὶ
832 5585 1174 5656 ὀνομάζεται,
1206 5587 1267 5640 D.
1336 5587 1381 5621 ²⁰
1409 5586 1736 5656 οὺσνιοποιοῦ.
1765 5586 1823 5640 S.
1904 5587 1948 5617 ’ί
1990 5601 2025 5653 γ

362 5669 526 5729 κτως,
549 5652 611 5729 .S.
643 5654 696 5707 Ρ.
758 5657 803 5729 ‘_‘
827 5652 938 5729 ἓως
959 5658 1057 5727 τῆς
1088 5659 1143 5710 S.
1172 5656 1420 5729 ξληλὺθει
1448 5655 1681 5729 φύσεως,
1718 5659 1776 5710 P.

2033 5600 2082 5655 ρ.
2109 5578 2574 5655 ῥιπαριίιθραυσταἒ
2633 5576 2678 5608 ²¹
2704 5576 2815 5631 ἀνω
2836 5572 3045 5655 τιθεῖσα
3063 5611 3077 5635 ,
3191 5568 3287 5623 Ch.

1842 5657 1887 5689 ’⁸
1911 5650 2307 5725 ἀμεταϐλήτου,
2338 5650 2437 5703 Ch.

2530 5628 2576 5678 ’δ
2601 5663 2691 5717 γρ.
2709 5628 3278 5717 ’παρακαλυπτούσης
3356 5638 3411 5717 '1
3425 5628 3511 5717 καὶ

361 5719 792 5803 ὑπερτρσηονκαι
847 5702 1119 5797 ῡέερῲὖᾶ,
1175 5702 1265 5782 υ.¹
1303 5702 1787 5803 1¹⁸χρῆττῖιςγίίίιο
1850 5702 2493 5793 adaequamur.
2575 5702 2847 5779 uno;
2909 5716 2947 5747 δι
3008 5702 3287 5767 ΘείαΛῖιι.
3368 5702 3617 5754 unum

368 5808 463 5838 ιιιεν
517 5794 572 5840 ι»,
