3752 6292
213 310 318 371 593

1319 310 1409 365 DE
1443 309 1700 367 DIVINIS
1733 309 2133 377 NOMINIBUS,
2170 309 2325 368 CAP.
2361 308 2403 366 Ι.

3385 301 3499 365 594.

213 428 379 498 ἑαυτῇ
420 428 835 500 προειληφυῖαν,
890 431 1108 493 πάντων
1157 430 1213 483 δὲ
1260 429 1619 501 ἀπριλὴπτῳ
1643 429 1801 483 δυνά-

1980 444 2175 500 emque
2208 444 2309 484 nec
2341 435 2523 483 mente
2546 424 2858 496 concipere,
2888 436 2991 481 nec
3016 420 3276 477 oratione
3302 419 3486 489 prolo-

216 535 326 589 μει,
355 520 452 572 καὶ
479 519 590 572 τῶν
633 521 1039 593 ὑπερουρανίων
1083 521 1220 576 νοῶν
1255 522 1716 595 ὑπεριδρυμένην.
1745 522 1803 573 Ei

1984 523 2288 585 ivalemus,
2340 537 2515 591 neque
2544 523 2657 574 visu
2694 515 3108 588 quomodolibet
3154 512 3382 578 intueri,
3423 524 3490 564 eo

212 610 319 681 γὰρ
345 613 401 663 αἱ
428 610 853 681 γνώσειειτᾶσαι
880 614 987 667 τῶν
1012 614 1181 676 ὅντων
1204 616 1329 679 εἰσὶ,
1362 616 1454 668 καὶ
1482 617 1561 678 εἰς
1586 613 1654 666 τὰ
1677 613 1805 667 όντα

211 700 271 754 τὸ
310 703 487 775 πέρας
528 700 764 777 ἕχοῦξιν,
811 708 844 777 ή
883 707 1061 779 πάσης
1083 707 1271 771 οὑσίας
1298 707 1554 763 ἐπέκεινα
1580 707 1674 761 καὶ
1700 704 1806 760 πά-

214 812 314 866 σης
341 796 602 865 γνώσεώς
628 801 777 852 ἐστιν
806 798 1146 873 ἐξῃρημένη.

1909 613 2057 685 quod
2088 613 2160 669 sit
2192 612 2446 671 omnibus
2476 620 2785 682 exemptus,
2823 616 2879 663 et
2911 606 3219 661 eminenter
3244 604 3488 674 ignotus,

1908 715 1969 760 ut
1996 705 2086 776 qui
2112 705 2272 759 simul
2306 718 2496 759 omnes
2531 704 2774 758 omnium
2817 700 3192 770 cognitionum
3220 691 3492 750 essentia-

1909 798 2067 861 lium,
2095 797 2472 864 virtutmuque
2507 792 2924 848 terminationes
2959 785 3492 858 superessentialiter

214 887 267 942 in
310 892 612 960 semetipso
665 891 1000 960 anticiparit,
1024 892 1239 948 cunctis
1278 892 1597 949 cmlestibus
1650 889 2031 957 intelligentiis
2060 888 2393 943 eminentior
2448 884 2900 954 incotnprebensa
2932 882 3133 936 virtute
3167 879 3499 939 collocatus._

215 980 426 1036 Etenim
451 998 575 1039 cum
611 983 861 1043 notiones
896 1000 1087 1042 omnes
1126 987 1239 1042 sint
1262 987 1579 1053 entitatum,
1627 995 1681 1042 et
1733 985 1802 1039 ad
1836 985 2100 1040 entitales
2132 983 2518 1048 terminentur,
2548 981 2596 1036 is
2619 979 2711 1050 qui
2764 977 2915 1034 omni
2943 974 3175 1032 entitate
3201 970 3490 1028 sublimior

212 1081 316 1142 est,
344 1089 567 1130 omnem
590 1090 807 1147 quoque
834 1077 1021 1148 ell‘ugit
1046 1078 1431 1148 cognitionem.

1783 1185 1924 1262 §V.

280 1334 393 1387 Καὶ
432 1332 537 1407 μὴν
560 1373 579 1403 ,
625 1334 674 1388 εί
718 1332 983 1405 κρείττων
1029 1334 1148 1396 ἐστὶ
1181 1334 1226 1366 ³³
1266 1333 1467 1398 παντὸς
1512 1332 1670 1403 λόγου
1706 1332 1803 1391 καὶ

212 1425 393 1496 πάσης
428 1423 684 1494 γνώσεως
703 1464 718 1491 ,
754 1425 850 1480 καὶ
882 1424 1022 1494 ὑπὲρ
1054 1424 1177 1485 νοῦν
1200 1425 1429 1486 καθόλου
1481 1426 1576 1479 καὶ
1609 1424 1798 1485 οὐσίαν

213 1516 423 1588 ἵδρυται
445 1556 461 1581 ,
501 1516 717 1577 πάντων
755 1516 853 1587 μὲν
886 1511 1022 1570 οὖσα
1056 1515 1424 1588 περιληπτικὴ
1448 1555 1462 1580 ,
1500 1517 1592 1570 καὶ
1639 1533 1801 1569 συνα-

212 1607 379 1679 πτικὴ
416 1608 481 1672 ³⁸,
518 1609 613 1662 καὶ
646 1607 1002 1679 συλληπτικὴ,
1038 1610 1130 1661 καὶ
1164 1607 1541 1680 προληπτικὴ,
1577 1589 1709 1661 πάσι
1742 1607 1799 1662 δὲ

211 1700 370 1763 αὐτὸς
422 1699 650 1753 καθόλου
697 1698 969 1769 ἄληπτος,
1023 1700 1117 1757 καὶ
1161 1698 1282 1759 οὔτε
1328 1698 1579 1770 αἴσθησις
1628 1700 1797 1771 αὐτῆς

1978 1325 2250 1382 Cmterum
2293 1321 2339 1377 si
2383 1334 2692 1377 sermonem
2732 1336 2951 1377 omnem
3005 1318 3499 1392 cognitionemque

1909 1418 2287 1484 transcendat,
2320 1430 2598 1484 supraque
2630 1422 2867 1468 mentem
2896 1411 2967 1467 sit
2992 1420 3047 1466 et
3073 1408 3395 1475 essentiam,
3429 1416 3490 1461 ut

1906 1512 1997 1582 qui
2029 1509 2210 1563 omnia
2246 1526 2344 1564 suo
2384 1510 2592 1564 ambitu
2644 1505 2923 1561 contineat
2954 1520 3018 1559 ac
3067 1501 3485 1570 complectatur,

1905 1616 1960 1659 et
1992 1603 2289 1672 anticipet,
2323 1605 2452 1672 quin
2479 1611 2534 1656 et
2566 1614 2786 1655 omnem
2820 1606 3035 1663 captum
3078 1604 3336 1663 superet,
3362 1608 3485 1647 cum

1906 1713 2082 1767 neque
2121 1697 2223 1756 sub
2276 1710 2494 1751 sensum
2528 1694 2711 1757 cadat,
2746 1705 2921 1759 neque
2966 1687 3083 1756 ejus
3113 1689 3187 1743 sit
3217 1686 3487 1756 imaginaq
3546 1725 3553 1748 ,

212 1792 361 1855 εστιν
383 1832 399 1856 ,
434 1790 559 1844 οὔτε
597 1792 900 1861 φαντασία,
935 1789 1058 1843 οὔτε
1091 1791 1252 1858 δόξα,
1290 1790 1411 1845 οὔτε
1450 1791 1638 1862 ὄνομα,
1673 1790 1796 1843 οὔτε

1978 1816 2003 1853 ι,
2039 1801 2139 1841 nec
2162 1785 2429 1857 opinatio,
2457 1799 2641 1853 neque
2669 1798 2894 1845 nomen,
2929 1794 3107 1848 neque
3135 1793 3339 1844 sermo,
3389 1792 3486 1833 ue-
3552 1763 3573 1833 ἓ

210 1884 385 1953 λόγος,
422 1883 548 1936 οὔτε
578 1884 783 1959 ἐπαφὴ,
809 1883 932 1937 οὔτε
954 1884 1256 1957 ἐπιστήμη,
1292 1883 1410 1948 πῶς
1433 1886 1461 1939 ό
1491 1884 1616 1956 περὶ
1638 1884 1798 1938 θείων

210 1971 493 2044 ὀνομάτων
527 1975 659 2044 ἡμῖν
684 1973 1332 2049 διαπραγματευθήσεται
1355 1974 1533 2052 λόγος,
1561 1974 1797 2046 ἀκλήτου

209 2066 302 2123 καὶ
351 2064 715 2136 ὐπερωνύμου
769 2066 866 2136 τῆς
904 2066 1227 2137 ὑπερουσίου
1274 2065 1527 2136 θεότητος
1576 2066 1792 2127 ἀποδει-

209 2156 523 2228 κνυμένηςς
576 2156 713 2210 Ἀλλ’
748 2158 883 2230 ὅπερ
932 2156 1176 2228 ἔφημεν,
1216 2156 1377 2229 ήνίκα
1426 2156 1525 2221 τὰς
1559 2157 1801 2227 θεολογι-

209 2248 309 2311 ad;
345 2246 728 2312 ὑποτυπώσεις
754 2246 1124 2319 ὲξετιθέμεθα,
1149 2249 1210 2301 τὸ
1234 2248 1311 2314 ἓν,
1346 2249 1407 2301 τὸ
1440 2248 1713 2318 ἄγνωστον
1730 2249 1795 2315 ³⁸,

214 2340 271 2403 τὸν
288 2338 641 2419 ὑπερούσιον,
676 2340 1066 2410 αὑτοτὰγαθον,
1086 2341 1222 2412 ὅπερ
1242 2342 1378 2406 ἐστὶ,
1400 2341 1498 2413 τὴν
1518 2341 1798 2413 τριαδικὴν

210 2433 367 2497 ἐνάδα
399 2434 563 2504 φημὶ,
582 2434 680 2503 τὴν
710 2433 956 2504 όμόθεον,
976 2435 1069 2486 καὶ
1095 2434 1419 2504 όμοάγαθον,
1449 2434 1572 2487 οὔτε
1600 2437 1795 2500 εἰπεῖν,

208 2523 328 2576 οὔτε
361 2524 615 2594 ἐννοῆσαι
647 2525 889 2578 δυνατόν·
921 2524 1058 2579 ἀλλὰ
1092 2526 1185 2579 καὶ
1219 2528 1275 2579 αἱ
1317 2525 1425 2579 τῶν
1450 2527 1620 2595 ἁγίων
1642 2527 1799 2581 δυνά-

212 2634 356 2694 μεων
381 2617 815 2687 ἀγγελοπρεπεῖς
849 2617 1090 2683 ἑνώσεις,
1125 2618 1192 2683 ἃς
1228 2619 1336 2672 εἴτε
1372 2619 1650 2684 ἐπιϐολὰς,
1686 2607 1796 2673 εἴτε

209 2711 521 2782 παραδοχάς
547 2713 651 2783 χρὴ
686 2713 848 2782 φάναι
882 2713 982 2783 τῆς
1018 2712 1442 2783 ὑπεραγνώστου
1488 2715 1581 2768 καὶ
1629 2715 1798 2787 ὑπερ-

209 2803 410 2872 φανοῦς
444 2803 779 2874 ἀγαθότητος
799 2843 814 2868 ,
856 2804 1085 2879 ἄρρητοί
1115 2821 1175 2857 τε
1210 2806 1315 2863 είσὶ
1361 2808 1454 2867 καὶ
1488 2807 1794 2875 ἄγνωστοι,

207 2894 300 2957 καὶ
334 2893 520 2963 μόνοις
552 2895 735 2957 αὐτοῖς
768 2894 1130 2973 ὲξνυπάρχουσι
1162 2898 1273 2959 τοις
1311 2896 1451 2970 ὑπὲρ
1473 2897 1673 2967 γνῶσιν
1699 2900 1797 2967 ἀγ-

208 2985 432 3058 γελικὴν
468 2985 791 3058 ἠξιωμένοις
814 2987 993 3051 αὑτῶν
1025 2988 1295 3064 ἀγγέλοις.
1333 2988 1571 3054 Ταύταις
1595 2992 1643 3043 οἱ
1677 2989 1796 3045 θεο-

208 3076 365 3139 ειδεῖς
405 3076 882 3148 ἁγγελομιμήτως,
932 3077 1007 3141 ὡς
1053 3078 1307 3148 ἐφικτὸν,
1357 3078 1632 3149 ὲνούμενοι
1678 3079 1795 3143 νόες

209 3167 419 3266 (ἐπειδὴ
444 3166 586 3266 acati
613 3169 793 3266 πάσης
817 3171 1010 3266 νοερᾶς
1036 3170 1314 3266 ἐνεργείας
1338 3171 1382 3202 ³⁸
1416 3171 1726 3235 ᾁπόπαυσιν
1759 3174 1793 3249 ή
1821 3208 1863 3266 C

206 3259 381 3318 τοιάδε
408 3260 655 3329 γίγνεται
680 3258 786 3313 τῶν
812 3260 1000 3315 ὲκθεου
1009 3262 1184 3333 μένων
1213 3262 1349 3315 νοῶν
1382 3264 1519 3337 πρὸς
1549 3264 1610 3318 τὸ
1634 3264 1795 3337 ὑπέρ-

208 3348 327 3403 θεον
358 3351 401 3381 ³⁷
459 3352 575 3420 φῶς
609 3350 821 3423 ἕνωσις)
871 3352 1129 3423 ὑμνοῦσιν
1177 3355 1308 3409 αὐτὸ
1354 3354 1668 3427 κυριώτατα
1705 3357 1794 3414 διὰ

206 3443 302 3512 τῆς
343 3443 564 3495 πάντων
612 3442 718 3495 τῶν
757 3443 924 3497 ὄντων
969 3445 1330 3517 ἀφαιρέσεως,
1377 3434 1535 3501 τοῦτο
1577 3447 1794 3520 ἀληθῶς

209 3535 298 3586 καὶ
333 3534 627 3604 ὑπερφυῶς
654 3533 1047 3603 ὲλλαμφθέντες
1071 3536 1135 3588 ὲκ
1165 3537 1265 3607 τῆς
1289 3535 1424 3619 πρὸς
1466 3537 1596 3597 αὑτὸ
1622 3554 1795 3612 μακα-

208 3719 399 3783 αῖτιον,
439 3718 570 3771 αὐτὸ
592 3719 649 3772 δὲ
677 3719 847 3783 οὐδὲν,
883 3719 958 3783 ὼς
983 3721 1200 3779 πάντων
1226 3722 1269 3752 ³⁸
1297 3721 1639 3792 ὑπερουσίως
1665 3722 1791 3794 ἐξῃ-

212 3809 463 3880 ρημένον.
493 3810 604 3885 Τὴν
639 3809 738 3882 μὲν
762 3805 855 3862 οὖν
878 3809 1307 3889 ὑπερουσιότητα
1329 3812 1429 3883 τὴν
1476 3812 1770 3883 θεαρχικὴν

209 3901 236 3953 ὃ
270 3919 320 3953 τι
375 3901 507 3954 ποτέ
546 3904 692 3956 ἐστιν
732 3902 767 3983 ή
810 3903 908 3975 τῆς
959 3903 1435 3985 ὑπεραγαθότητος
1476 3904 1794 3976 ὑπερύπαρ-

210 3991 288 4057 Et;
313 3993 379 4057 ³⁸,
427 3991 551 4045 οὔτε
600 3993 677 4057 ὡς
720 3993 895 4062 λόγον,
944 3994 977 4064 ἢ
1014 3994 1264 4066 δύναμιν,
1310 3994 1433 4049 οὔτε
1478 3996 1552 4061 ὠς
1580 3997 1723 4061 νοῦν,
1759 3996 1791 4066 ἢ

211 4085 373 4157 ζωὴν,
399 4086 432 4156 ἢ
468 4086 658 4149 οὐσίαν
684 4086 925 4156 ὑμνῆσαι
958 4086 1176 4157 θεμιτὸν
1209 4087 1386 4140 οὐδενὶ
1410 4088 1519 4141 τῶν
1553 4089 1666 4141 ὅσοι
1693 4088 1794 4158 τῆς

211 4174 347 4244 ὑπὲρ
388 4176 569 4227 πᾶσαν
614 4174 870 4247 ἀλήθειαν
909 4174 1165 4246 ἀληθείας
1203 4177 1340 4230 εἰσὶν
1386 4177 1610 4248 ἐρασταί
1634 4193 1647 4207 ⁸
1679 4176 1793 4238 ἀλλ’

209 4266 281 4330 ὡς
308 4268 491 4337 πάσης
515 4265 701 4331 ἕξεως,
738 4265 1025 4339 κινήσεως,
1052 4267 1216 4338 ζωῆς,
1260 4269 1576 4337 φαντασίας,
1614 4267 1791 4339 δόξης,

210 4359 490 4430 ὀνόματος,
520 4359 700 4428 λόγου,
728 4361 984 4425 διανοίας,
1009 4364 1266 4432 νοήσεως,
1293 4361 1501 4426 οὐσίας,
1530 4363 1790 4429 στάσεως,

211 4449 490 4520 ἱδρύσεως,
525 4448 791 4514 ὲνώσεως,
820 4450 1072 4521 πέρατος,
1109 4451 1381 4523 ἀπειρίας,
1413 4452 1668 4510 ἁπάντων
1693 4453 1793 4504 ὅσα

212 3627 481 3698 ριωτάτης
516 3625 782 3690 ὲνώσεως,
821 3628 901 3682 ὅτι
929 3628 1143 3681 πάντων
1179 3629 1276 3701 μέν
1322 3612 1438 3687 ἐστι
1481 3629 1591 3682 τῶν
1624 3609 1794 3682 όντων

212 3719 399 3783 αἴτιον,
439 3718 570 3771 αὐτὸ
592 3719 649 3772 δὲ
677 3719 847 3783 οὐδὲν,
883 3719 958 3783 ὼς
983 3721 1200 3779 πάντων
1226 3722 1269 3752 ³⁸
1297 3721 1639 3792 ὑπερουσίως
1665 3722 1791 3794 ἐξῃ-

212 3809 463 3880 ρημένον.
493 3810 604 3882 Τὴν
639 3809 738 3882 μὲν
762 3805 855 3862 οὖν
878 3809 1307 3882 ὑπερουσιότητα
1329 3812 1429 3882 τὴν
1476 3812 1770 3882 θεαρχικὴν

209 4540 334 4593 ὂντα
366 4540 536 4604 ἐστὶν,
565 4539 904 4615 ὑπεροχικῶς
935 4542 1314 4613 ἀφῃρημένην.
1357 4542 1571 4614 Ἐπειδὴ
1616 4542 1673 4595 δὲ
1716 4541 1792 4604 ὡς
1826 4568 1867 4621 D

209 4628 545 4699 ἀγαθότητος
593 4628 861 4701 ὓπαρξις,
907 4630 1055 4702 αὐτῷ
1093 4631 1170 4706 τῷ
1216 4628 1373 4697 εἶναι,
1415 4635 1632 4691 πάντων
1674 4632 1791 4687 ἐστὶ

208 4722 313 4774 τῶν
337 4722 509 4776 ὄντων
536 4723 703 4787 αἰτία,
729 4724 825 4796 τὴν
849 4725 1227 4803 ἁγαθαρχικὴν
1249 4727 1350 4799 τῆς
1384 4726 1640 4806 θεαρχίας
1665 4725 1793 4806 πρότ
1826 4778 1827 4781 η

210 4830 376 4877 νοιαν,
423 4816 489 4867 ὲκ
526 4814 744 4868 πάντων
792 4815 901 4869 τῶν
945 4816 1203 4876 αἱτιατῶν
1245 4800 1543 4889 ὑμνητέονζ
1594 4800 1786 4869 emt“

210 4908 301 4960 καὶ
337 4908 470 4978 περὶ
503 4906 673 4979 αὐτὴν
710 4908 920 4973 πάντα,
965 4911 1058 4963 καὶ
1098 4910 1266 4979 αὑτῆς
1292 4909 1475 4974 ἕνεκα,
1514 4908 1609 4961 καὶ
1648 4907 1788 4984 αὐτή

209 5004 321 5053 ἐστι
354 5001 461 5071 πρὸ
493 5000 729 5066 πάντων,
766 5002 858 5055 καὶ
888 5000 959 5061 τὰ
992 5002 1168 5065 πάντα
1198 5002 1256 5054 ὲν
1295 5001 1431 5073 αὑτῇ
1471 5001 1789 5073 συνέστηκεο

210 5094 300 5145 καὶ
343 5092 422 5162 τῷ
466 5088 604 5145 εἶναι
644 5093 880 5163 ταύτην,
917 5095 951 5164 ή
995 5092 1105 5147 τῶν
1148 5094 1283 5146 ὅλων
1338 5093 1644 5167 παραγωγὴ
1693 5094 1794 5160 καὶ,

211 5182 523 5247 ὑπόστασις,
552 5182 644 5235 καὶ
677 5183 844 5253 αὐτῆς
870 5183 1045 5243 πάντα
1072 5185 1302 5253 ἐφίεταισ
1338 5184 1411 5238 τὰ
1432 5186 1533 5257 μὲν
1565 5185 1726 5259 νοερὰ
1742 5186 1786 5218 ⁸³

212 5276 300 5327 καὶ
322 5275 536 5344 λογικὰ,
572 5274 906 5344 γνωσακτικιίὑς⁹
940 5275 1010 5328 τὰ
1032 5277 1089 5339 δὲ
1130 5277 1393 5348 ὑφειμένα
1430 5276 1660 5344 τούτων,
1704 5279 1789 5332 αἰ-

215 5368 482 5433 σθητικῶς
517 5368 561 5401 “
583 5385 596 5398 '
644 5370 736 5421 ut
767 5368 836 5422 τὰ
877 5368 1013 5431 ἄλλα
1034 5370 1177 5424 κατὰ
1200 5370 1435 5445 ζωτικὴν
1478 5372 1714 5444 κίνησιν,
1750 5371 1792 5455 ἦ

212 5462 438 5535 οὺσιώδη
466 5464 563 5517 καὶ
587 5459 808 5532 ὲκτικὴν
833 5463 1267 5536 ἐπιτηδειότητα.

1900 1894 2008 1949 que
2036 1886 2235 1941 tactus,
2267 1892 2447 1946 neque
2475 1875 2668 1931 notitia
2690 1914 2705 1938 ,
2740 1874 3015 1942 quomodo
3048 1872 3115 1926 de
3161 1869 3361 1924 divinis
3390 1882 3488 1922 no-

1900 1970 2135 2025 minibus
2166 1985 2193 2023 a
2232 1969 2389 2023 nobis
2416 1983 2599 2022 sermo
2633 1965 3082 2029 concinnabitur,
3134 1978 3256 2018 cum
3290 1960 3486 2016 divini-

1899 2069 2066 2119 tatem
2096 2059 2242 2117 illam
2271 2060 2349 2113 uti
2381 2058 2644 2121 essentia,
2669 2056 2749 2111 sic
2777 2065 2831 2109 et
2851 2056 3071 2109 nomine
3102 2054 3294 2123 quovis
3318 2062 3488 2121 atque

1900 2150 2268 2220 appellatione
2299 2151 2566 2218 potiorem
2615 2162 2739 2203 esse
2786 2143 3226 2199 declaravevim?
3262 2142 3484 2213 Utique,

1901 2260 1961 2305 ut
1991 2250 2233 2303 diximus
2260 2247 2477 2317 quando
2512 2245 2853 2315 tlteologicas
2880 2241 3274 2311 descriptiones
3312 2255 3483 2309 expo-

1899 2340 2133 2407 suimus,
2165 2353 2331 2392 unum
2372 2336 2527 2402 illud,
2571 2336 2847 2406 ignotum,
2895 2347 3058 2402 supra
3089 2328 3480 2393 substantiam,

1898 2438 2080 2503 seipso
2106 2434 2333 2497 bonum,
2359 2430 2504 2500 quod
2525 2436 2627 2491 est,
2657 2426 2880 2489 trinam,
2909 2425 3152 2493 inquam,
3183 2421 3481 2485 unitatem,

1898 2524 2061 2580 simul
2095 2523 2287 2587 Deum,
2332 2519 2495 2576 simul
2542 2518 2785 2582 bonum,
2833 2530 3012 2585 neque
3045 2511 3229 2568 verbis
3279 2511 3481 2580 eloqui,

1899 2630 2080 2688 neque
2107 2614 2403 2684 cogitando
2446 2609 2665 2680 assequi
2714 2612 2995 2673 valemus;
3030 2612 3162 2676 quin
3193 2613 3249 2660 et
3298 2617 3485 2661 sacra-

1898 2725 2018 2764 rum
2069 2720 2287 2777 quoque
2334 2705 2599 2758 virtutum
2641 2717 2764 2757 cum
2817 2700 3106 2774 plusquam
3156 2699 3339 2769 ignota
3388 2696 3489 2756 illa.

1896 2799 2063 2880 288
2106 2795 2506 2867 praeluciilaque
2551 2794 2793 2847 bonitate
2848 2791 3302 2860 conjunctiones,
3360 2801 3482 2855 qua:

1896 2894 2108 2963 angelis
2139 2889 2503 2955 conveniunt,
2537 2888 2653 2941 sive
2689 2884 3082 2947 immissiones,
3135 2883 3252 2936 sive
3292 2892 3481 2934 suscev

1896 2986 2108 3056 ptiones
2137 2980 2468 3054 appellanda:
2498 2978 2630 3043 sint,
2655 2988 2712 3031 et
2734 2974 3034 3031 inelIabiles
3066 2983 3214 3041 sunt,
3240 2981 3295 3028 et
3325 2973 3482 3041 igno-

1899 3088 1984 3142 tae,
2049 3076 2289 3146 solisque
2347 3073 2453 3128 illis
2511 3074 2716 3135 insunt,
2773 3068 2865 3138 qui
2926 3077 3129 3136 praeter
3175 3063 3478 3135 angelicam

1896 3168 2283 3238 cognitionem,
2315 3180 2422 3225 una
2450 3178 2574 3218 cum
2604 3161 2812 3233 angelis
2836 3173 2929 3215 eas
2961 3156 3477 3227 acccperuntJlen-

1898 3270 1980 3318 tes
2012 3256 2526 3326 itaquedeifurmes
2575 3251 2645 3305 ad
2693 3248 3046 3321 angelorum,
3085 3258 3348 3321 quantum
3392 3244 3478 3297 fas

1894 3363 1999 3417 est,
2032 3350 2385 3406 imitationem
2418 3348 2589 3400 haece
2621 3345 2831 3399 ratione
2860 3342 2968 3396 Deo
2996 3341 3162 3395 unita:
3189 3338 3477 3409 (siquidem

1895 3460 1993 3514 per
2022 3458 2236 3498 onmem
2269 3440 2523 3497 meutalis
2566 3435 2903 3511 operationis
2933 3433 3279 3488 vacationem
3325 3432 3477 3502 ejus-

1895 3536 2104 3591 cemodi
2150 3534 2529 3590 deiﬁcalarum
2578 3531 2841 3585 mentium
2902 3530 2970 3583 ad
3024 3540 3336 3597 supremum
3381 3520 3475 3579 Dei

1896 3626 2076 3681 lumen
2110 3626 2238 3679 unio
2268 3624 2504 3692 exsistit)
2525 3620 2749 3675 laudant
2782 3621 2957 3689 ipsum
2998 3616 3371 3687 propriissime
3403 3629 3478 3678 ex,

1898 3732 2079 3774 rerum
2125 3716 2369 3769 omnium
2416 3713 2731 3778 ablatione,
2778 3712 2881 3766 hoc
2912 3724 2981 3763 ex
3026 3707 3341 3762 beatissima
3386 3705 3475 3760 illa

1897 3822 2018 3861 cum
2059 3807 2170 3860 Deo
2203 3803 2405 3857 unione
2436 3818 2599 3871 supra
2631 3810 2883 3856 naturam
2918 3814 3043 3854 vere
3072 3814 3171 3869 per
3204 3798 3477 3854 illumina-

1898 3899 2101 3952 tiouem
2131 3895 2394 3959 eruditae,
2445 3904 2503 3947 ut
2558 3892 2699 3946 Deus
2746 3892 2989 3950 omnium
3028 3890 3252 3958 quidem
3292 3904 3473 3943 rerum

1896 4004 2058 4045 eausa
2091 3988 2192 4052 sit,
2228 3989 2344 4056 ipse
2398 4000 2527 4038 vero
2579 3984 2716 4039 nihil
2746 3998 2934 4037 earum
2983 3983 3234 4045 exsistat,
3268 3980 3360 4034 sed
3401 3981 3473 4033 ab

1897 4081 2153 4136 onmibus
2186 4080 2257 4133 sit
2284 4075 2824 4148 superessentialiter
2853 4085 3161 4143 exemptus.
3203 4073 3351 4127 lllam
3376 4074 3474 4143 igi-

1897 4181 1984 4226 tur
2036 4170 2272 4225 divinam
2319 4183 2649 4240 supraquam
2677 4167 3037 4222 substantiam
3065 4206 3081 4232 ,
3115 4167 3483 4236 quodcunque

1895 4272 1980 4318 est
2029 4261 2117 4315 illa
2163 4276 2491 4331 supraquam
2525 4259 2768 4314 essentia
2820 4258 3104 4324 bonitatis,
3142 4274 3262 4327 qua:
3307 4273 3474 4327 supra

1896 4354 2195 4410 bonitatem
2230 4363 2335 4418 cst,
2376 4368 2557 4421 neque
2582 4361 2836 4421 tanquam
2866 4352 3135 4409 rationem
3163 4361 3255 4405 aut
3278 4359 3472 4421 poten-

1898 4449 2063 4510 tiam,
2098 4459 2274 4513 neque
2309 4454 2567 4513 tanquam
2617 4453 2891 4510 mentem,
2942 4452 3037 4497 aut
3088 4444 3469 4510 substantiam,

1896 4548 1990 4592 aut
2018 4538 2182 4591 vitam
2232 4536 2483 4593 laudibus
2526 4537 2808 4594 celebrare
2860 4540 2941 4594 fas
2965 4549 3051 4595 est
3080 4540 3170 4594 ulli
3200 4539 3294 4609 qui
3331 4540 3474 4594 veri-

1899 4631 2047 4698 tatis,
2095 4646 2215 4699 qua:
2249 4646 2412 4701 supra
2456 4648 2675 4687 omnem
2710 4634 2999 4688 veritatem
3030 4644 3133 4700 est,
3160 4636 3233 4689 sit
3259 4636 3472 4690 studio-

1895 4739 1990 4781 sus
2022 4741 2039 4788 ;~
2072 4722 2319 4792 quinimo
2375 4723 2606 4781 laudare
2650 4740 2772 4779 eam
2821 4735 3056 4795 Oportet,
3111 4736 3370 4795 tauquam
3403 4728 3471 4789 ab

1897 4816 2042 4875 omni
2080 4814 2295 4882 habitu,
2337 4826 2517 4880 motu,
2548 4816 2692 4880 vita,
2725 4818 3114 4887 imaginatione
3136 4856 3151 4882 ,
3182 4818 3477 4889 Opinione,

1899 4909 2144 4975 nomine.
2196 4922 2473 4975 sermone,
2513 4908 2869 4975 cogitatione,
2918 4909 3309 4979 intelligentia,
3338 4911 3472 4965 sub-

1894 5002 2121 5067 stantia,
2145 5011 2316 5068 statu,
2353 5000 2706 5067 fundatioue,
2744 5002 2976 5069 unione,
3010 5006 3141 5070 line,
3187 5004 3467 5061 immensi-

1897 5101 2031 5159 tate,
2061 5095 2295 5164 denique
2324 5094 2392 5149 ab
2420 5092 2673 5149 omnibus
2698 5110 3037 5164 quaecunque
3077 5106 3242 5163 sunt,
3268 5112 3462 5168 super;

1894 5185 2001 5239 late
2021 5186 2371 5240 abstractam.
2411 5181 2679 5251 Quoniam
2708 5199 2836 5239 vero
2872 5194 2931 5238 ut
2968 5185 3084 5255 ipsa
3125 5187 3366 5252 bonitas,
3402 5203 3470 5244 eo
3556 5179 3560 5183 i

1892 5278 2012 5348 ipso
2035 5278 2180 5347 quod
2211 5286 2317 5343 est,
2349 5275 2595 5329 omnium
2626 5290 2792 5331 causa
2821 5286 2932 5344 est,
2961 5280 3305 5349 providentia
3348 5282 3465 5346 Dei,

1892 5386 2083 5426 eorum
2131 5372 2224 5441 qui
2273 5370 2349 5425 dii
2397 5369 2656 5423 dicuntur
2691 5371 2986 5442 principis,
3042 5388 3164 5443 qua:
3220 5377 3465 5431 omnium
3542 5372 3554 5383 “

1893 5465 2158 5529 bonorum
2191 5465 2517 5537 principium
2541 5475 2659 5533 est,
2702 5464 2771 5521 ab
2818 5465 3071 5525 omnibus
3111 5467 3323 5524 eﬂ‘ectis
3353 5469 3469 5523 lau-

1485 5599 1727 5665 VARLE‘
1754 5599 2166 5667 LECTIONES.

268 5719 312 5751 ⁸⁸
335 5714 776 5806 εξικαξίιρξῖξῖόν
972 5716 1041 5798 ΡΣ.
1096 5717 1141 5806 ζ*
1166 5720 1279 5773 lucc
1308 5720 1500 5806 desupt
1524 5717 1665 5805 iu’S.
1827 5718 1988 5806 ’fnyp.
2011 5718 2451 5806 ὑπερᾲγνωστογ.
2501 5718 2563 5801 ,³³
2584 5718 2731 5804 ἱερᾶς
2746 5719 3045 5806 ἐνεργείας,
3074 5721 3175 5775 Cb.
3238 5720 3280 5753 ⁸⁷
3297 5719 3467 5791 ὓπερ-

219 5788 325 5846 θεν.
352 5782 423 5839 Μ.
491 5788 536 5821 ³⁸
556 5782 776 5849 additur
797 5780 852 5836 in
883 5782 950 5840 Μ.
975 5786 1082 5857 τῶν
1104 5788 1286 5843 όντων.
1366 5792 1407 5823 ³³
1439 5789 1687 5857 ὖπαρξις,
1721 5790 1774 5844 ι».
1847 5780 2135 5861 ’θ’έπειδήί
2160 5780 2213 5844 νζ

2286 5792 2332 5822 οι
2357 5790 2426 5842 τὰ
2456 5787 2558 5860 μὴν
2584 5786 2675 5843 οὖν
2704 5786 2894 5861 νοερὰ,
2915 5790 2970 5845 ι».
3008 5792 3051 5824 ’⁸³
3081 5790 3372 5864 αἰσθητῶς,
3404 5786 3464 5847 5.
