3728 6294
321 309 429 367 ωδ
1466 317 1525 376 S.
1561 317 1858 376 DlONYSll
1891 318 2348 377 AREOPAGITA']
3475 327 3578 383 596

321 451 498 506 dmda
547 461 666 524 est;
707 455 831 525 quia
877 469 932 511 et
981 455 1188 511 circum
1224 456 1395 526 ipsam
1434 466 1562 512 sunt
1601 458 1900 523 omnia,.et
1947 467 2168 526 propter
2195 458 2392 526 ipsam,
2423 466 2477 512 et
2524 457 2635 527 ipsa
2695 467 2780 514 est
2822 471 2951 514 ante
2985 459 3204 525 omnia,
3253 466 3308 514 et
3359 457 3418 513 in
3465 458 3576 528 ipsa

321 540 502 596 omnia
536 544 861 607 consistunt,
886 553 942 600 et
967 558 1090 599 esse
1119 559 1240 600 eam
1292 545 1543 615 producit
1580 548 1758 601 omnia
1780 587 1795 612 ,
1830 556 1886 602 et
1923 547 2060 602 facit
2112 558 2170 602 ut
2217 549 2508 613 exsistant,
2549 565 2779 621 eamque
2808 552 2989 605 omnia
3023 561 3316 622 appetunt;
3350 549 3577 619 spirita-

324 631 394 687 lia
425 638 642 707 quidem
675 653 741 694 ac
766 638 1052 693 rationalia
1100 639 1358 707 scienter,
1413 640 1562 695 bisce
1606 641 1896 711 inferiora,
1927 642 2248 709 sensiliter;
2291 653 2493 699 caetera
2522 658 2651 701 vero
2697 644 2782 699 vel
2811 661 2908 715 per
2954 635 3157 720 mo‘t
3194 643 3446 708 vitalem,
3499 646 3582 700 vel

323 730 760 799 substantialem,
793 731 878 787 vel
911 731 1342 788 babitudiualem
1367 733 1746 804 aptitudinem.

1865 875 1893 948 §
1947 874 2057 938 Vl.

394 983 510 1040 Hoc
539 985 710 1054 igitur
747 1002 872 1043 cum
905 989 1111 1045 scirent
1157 991 1424 1062 theologi,
1463 992 1632 1046 Deum
1676 992 1830 1047 lauda

2087 995 2245 1049 Γοῦτο
2274 994 2405 1064 γοῦν
2443 995 2642 1059 εἰδότες
2674 997 2724 1050 οῖ
2756 995 3012 1065 θεολόγοι,
3050 997 3143 1051 καὶ
3181 995 3258 1060 ὡς
3299 994 3586 1068 ἀνώνυμον

320 1087 380 1134 et
401 1089 659 1148 tauquam
688 1081 910 1136 nomine
939 1093 1242 1148 carentem,
1286 1093 1342 1142 et
1380 1086 1450 1140 ab
1477 1085 1622 1140 omni
1655 1087 1833 1140 nomin

2087 1087 2163 1160 ξῆν
2197 1089 2444 1159 ὑμνοῦσι,
2477 1091 2572 1142 καὶ
2618 1091 2681 1144 ὲκ
2724 1090 2921 1154 παντὸς
2953 1090 3231 1160 ὀνόματος.
3273 1089 3586 1160 ’Δνὼνυμον

323 1169 609 1240 Tanquam
647 1173 867 1228 nomine
907 1184 1225 1242 carentem,
1257 1189 1318 1232 ut
1345 1191 1467 1232 cum
1500 1179 1654 1232 aiunt
1678 1219 1692 1240 ,
1729 1179 1833 1232 Deu

2087 1198 2101 1232 ι
2152 1180 2228 1244 ὡς
2277 1181 2404 1234 ὅταν
2453 1182 2585 1250 φασὶ
2617 1181 2685 1246 ⁸³,
2734 1181 2835 1252 τὴν
2879 1181 3132 1251 θεαρχίαν
3172 1180 3346 1252 αὐτὴν
3395 1184 3460 1234 ὲν
3494 1183 3590 1252 μιᾷ

325 1264 502 1332 ipsum
539 1264 592 1318 in
624 1279 728 1318 una
757 1281 823 1318 ex
852 1267 1102 1335 mysticis
1135 1268 1437 1324 visionibus
1470 1270 1784 1339 symbolice:
1807 1285 1833 1321 a

2087 1290 2109 1323 ν
2137 1272 2414 1342 μυστικῶν
2433 1273 2530 1342 τῆς
2567 1272 2896 1343 συμϐολικῆς
2918 1272 2962 1303 ⁸⁸
2984 1273 3300 1342 θεοφανείας
3339 1273 3590 1345 ὁράσεως-υ

323 1356 612 1425 paritiouis
667 1358 758 1412 Dei
813 1359 1126 1428 increpasse
1154 1375 1274 1414 euut
1322 1360 1413 1431 qui
1457 1361 1712 1417 dixerat:
1746 1361 1897 1425 Quod

323 1460 398 1502 eu
431 1466 617 1503 nomen
647 1459 794 1502 tuum
834 1451 896 1506 εἶ’
934 1462 988 1506 et
1020 1462 1274 1523 tanquam
1299 1453 1367 1507 ab
1397 1453 1545 1507 onmi
1585 1454 1770 1508 divino
1797 1469 1898 1507 no-

273 1604 276 1606 _
328 1541 475 1596 mine
524 1543 910 1610 abducentetu,
963 1545 1212 1600 dixisse:
1267 1545 1445 1610 Quare
1491 1545 1790 1616 interrogas
1835 1549 1901 1598 de

325 1649 442 1687 meo
473 1635 725 1689 nomine?
769 1645 818 1689 ei
863 1637 961 1690 hoc
1004 1647 1078 1691 est
1129 1637 1442 1690 admirabile
1469 1648 1520 1690 ιι.
1561 1638 1754 1692 Annon
1816 1649 1900 1690 est

326 1719 433 1775 ltoe
466 1737 596 1776 vere
639 1739 832 1780 nomen
866 1727 1206 1792 admirabile,
1258 1727 1400 1796 quod
1429 1738 1513 1782 est
1551 1744 1714 1796 supra
1743 1743 1903 1782 omne

328 1814 496 1884 289
522 1831 739 1883 nomen,
771 1819 914 1886 quod
945 1830 1096 1874 caret
1125 1820 1362 1886 nomine,
1414 1823 1559 1890 quod
1601 1829 1684 1876 est
1731 1821 1903 1875 collo-

328 1919 514 1962 catum
547 1925 712 1980 super
740 1928 892 1967 omne
915 1929 1127 1980 nomen,
1166 1916 1306 1983 quod
1342 1916 1682 1982 nominatur,
1711 1915 1817 1969 sive
1848 1916 1901 1968 in

327 2003 426 2054 hoc
466 2002 683 2068 ramulo,
717 2005 823 2058 sive
844 2005 898 2057 in
934 2008 1114 2075 futuro
1140 2007 1212 2061 V?
1247 2006 1538 2062 Multorum
1567 2021 1698 2062 vero
1724 2007 1902 2060 nonni—

329 2109 458 2154 num
494 2094 726 2160 faciunt,
759 2107 818 2149 ut
844 2112 966 2150 cutn
1005 2097 1182 2167 ipsum
1223 2098 1392 2152 Deum
1439 2099 1792 2152 introducunt
1826 2096 1908 2150 di-

326 2196 540 2240 centem
576 2204 591 2240 :
631 2185 745 2256 Ego
771 2204 886 2240 sum
913 2189 1004 2256 qui
1034 2205 1150 2242 sum
1185 2202 1234 2255 ι,
1264 2190 1397 2258 vita,
1439 2189 1552 2256 lux,
1600 2189 1778 2254 Deus,
1810 2204 1906 2243 ve-

327 2281 504 2349 ritas;
532 2291 587 2336 et
617 2296 740 2336 cum
767 2282 1044 2352 sapientes
1103 2282 1277 2350 ipsum
1310 2283 1475 2336 Deum
1508 2281 1749 2336 omnium
1778 2280 1907 2336 eiic-

2002 1361 2298 1431 ὲπιπλῆξαι
2344 1361 2422 1432 τῷ
2459 1364 2688 1433 φήσαντι
2726 1362 2770 1394 ⁸⁵⁸
2793 1379 2807 1392 ·
2856 1362 2914 1416 Τί
2956 1361 3022 1415 τὸ
3064 1362 3247 1431 ὄνομὰ
3281 1379 3448 1425 σου;
3499 1363 3593 1414 καὶ

2001 1452 2189 1524 ὥσπερ
2218 1455 2324 1507 ἀπὸ
2371 1455 2551 1526 πάσης
2584 1455 2744 1507 αὑτὸν
2782 1454 3120 1525 θεωνυμικῆς
3144 1452 3407 1522 γνώσεως
3446 1455 3592 1507 ἁπά-

2000 1563 2221 1615 γουσαν,
2261 1548 2424 1618 φάναι
2463 1547 2557 1600 τό·
2593 1549 2702 1602 Καὶ
2741 1549 2895 1601 [rati
2934 1545 3152 1615 ἐρωτᾷς
3190 1545 3255 1600 τὸ
3306 1546 3353 1577 ⁴⁸
3401 1544 3594 1614 ὄνομά

1998 1658 2116 1710 μου
2136 1640 2266 1704 ;καὶ
2287 1639 2442 1693 τοῦτ’
2463 1640 2591 1693 ἔστι
2609 1638 2973 1707 θαυμαστόν.
3008 1638 3074 1690 Ἠ
3094 1637 3212 1707 ούχὶ
3237 1635 3400 1689 τούτο
3421 1635 3594 1698 ὅντως

2003 1733 2119 1787 ὲστὶ
2164 1732 2224 1786 τὸ
2272 1731 2580 1801 Θαυμαστὸν
2619 1729 2810 1800 ὄνομα,
2845 1729 2906 1782 τὸ
2953 1729 3092 1800 ὑπὲρ
3145 1730 3250 1781 πᾶν
3292 1727 3494 1798 δνομα,
3535 1727 3598 1781 τδ

2005 1803 2178 1875 ἆνὼνυ
2189 1837 2312 1892 μον,
2333 1821 2393 1872 τὸ
2417 1819 2641 1884 παντὸς
2663 1816 3132 1887 ὑπεριὸρυμέιόν
3151 1819 3449 1887 ὀνόματος
3472 1819 3599 1870 ὀνο-

1998 1912 2364 1985 μαζομένου,
2401 1911 2520 1965 εἴτε
2556 1910 2625 1963 ἐν
2666 1910 2744 1976 τῷ
2786 1909 2951 1962 αἰῶνι
2989 1910 3196 1973 τούτῳ,
3233 1909 3354 1962 εἴτε
3395 1909 3476 1960 ἐν
3515 1907 3598 1972 τῷ

2000 2006 2325 2078 pelleret;
2353 2001 2706 2072 Πολυὼνυμον
2729 2001 2804 2064 δὲ,
2832 2000 2906 2064 ὡς
2942 2001 3068 2054 ὅταν
3093 1996 3245 2062 αὖθις
3282 1998 3463 2069 αὑτὴν
3484 2001 3600 2051 εἱσ-

2007 2098 2181 2166 ἀγωσι
2227 2096 2538 2166 φάσκουσαν
2561 2110 2573 2123 °
2624 2091 2769 2161 Ἐγώ
2789 2094 2906 2162 ειμι
2932 2095 2965 2146 ὀ
3000 2088 3107 2144 ὤν’
3132 2093 3165 2162 ἡ
3202 2089 3336 2160 ζωὴ,
3360 2089 3426 2141 τὸ
3454 2088 3596 2158 φῶς,

2007 2193 2035 2244 ὁ
2068 2189 2228 2252 Θεὸς,
2265 2189 2298 2258 ὴ
2333 2185 2590 2256 ἀλήθεια,
2635 2186 2728 2238 καὶ
2751 2185 2877 2238 ὅταν
2911 2184 3064 2236 αὐτοὶ
3096 2183 3204 2236 τῶν
3247 2183 3472 2235 πάντων
3506 2182 3595 2234 αἶ-

2009 2297 2120 2334 τιον
2148 2279 2190 2310 "
2214 2281 2262 2331 οἱ
2295 2277 2540 2346 θεόσοφοι
2565 2275 2931 2347 πολυωνύμως
2954 2275 3018 2326 ὲκ
3045 2274 3258 2327 πάντων
3280 2271 3389 2325 τῶν
3418 2275 3600 2325 αἰτια-

326 2385 536 2428 etorem
565 2375 633 2428 ab
662 2376 918 2430 omnibus
947 2375 1157 2430 ell'ectis
1201 2376 1447 2440 laudant,
1495 2388 1552 2428 ut
1590 2374 1814 2439 bonum,

2087 2389 2115 2425 ν
2149 2368 2413 2441 ὑμνῶσιν,
2458 2367 2533 2421 ὡς
2577 2367 2796 2434 ἀγαθὸν,
2838 2367 2914 2430 ὡς
2949 2366 3132 2430 καλὸν,
3176 2365 3250 2429 ὡς
3287 2365 3478 2435 σοφὸν,
3519 2366 3600 2429 ὡς

325 2465 644 2534 pulchrum,
679 2475 737 2521 ut
790 2468 1117 2536 sapientem,
1167 2475 1226 2520 ut
1283 2467 1575 2531 dilectum,
1628 2475 1686 2519 ut
1734 2467 1904 2520 Deum

328 2559 594 2621 deorum,
640 2567 701 2612 ut
740 2559 1030 2614 Dominum
1087 2561 1468 2626 dominorum,
1527 2568 1586 2612 ut
1645 2559 1902 2613 Sanctum

327 2658 668 2715 sanctorum,
707 2661 764 2704 ut
789 2659 1074 2716 aeternum,
1107 2659 1166 2705 ut
1194 2666 1316 2705 eum
1348 2653 1438 2720 qui
1479 2660 1593 2715 est,
1624 2661 1682 2704 ut
1713 2661 1902 2704 aucto-

329 2756 445 2796 rem
476 2742 821 2806 saeculorum,
859 2752 918 2796 ut
941 2741 1252 2813 largitorem
1287 2745 1430 2809 vitai,
1458 2754 1518 2797 ut
1554 2744 1903 2812 sapientiam,

329 2843 391 2888 ut
423 2844 681 2896 mentem,
710 2843 766 2888 ut
796 2832 1056 2900 Verbum,
1092 2844 1150 2888 ut
1193 2836 1527 2902 cognitorem
1553 2873 1571 2901 ,
1623 2845 1679 2888 ut
1714 2849 1902 2903 super-

327 2925 438 2981 late
482 2926 773 2981 habentem
807 2940 1000 2981 omnes
1031 2928 1319 2982 thesauros
1351 2927 1530 2980 omnis
1560 2926 1819 2990 scientiae,
1852 2935 1909 2981 ιιι

327 3017 652 3084 potentiam,
691 3026 750 3070 ut
778 3025 1073 3086 potentem,
1105 3027 1164 3070 ut
1195 3014 1396 3084 Regem
1422 3032 1634 3086 regum,
1671 3028 1727 3068 ut
1765 3016 1910 3069 anti-

328 3123 497 3176 quutn
530 3109 781 3174 dierum,
829 3117 889 3162 ut
933 3123 1040 3163 non
1090 3118 1462 3162 senescentem
1508 3107 1908 3162 etimmutabi-

329 3198 458 3261 lem,
497 3206 556 3250 ut
583 3197 833 3262 Salutem,
880 3205 937 3250 ut
977 3197 1266 3266 justitiam,
1296 3206 1354 3251 ut
1394 3197 1908 3263 sanctiﬁcationem,

331 3300 389 3342 ut
413 3291 864 3358 redemptionem,
910 3302 968 3346 ut
1007 3292 1380 3361 niagnitudiue
1413 3293 1596 3345 omnia
1647 3307 1910 3361 superan-

328 3392 461 3446 tem,
491 3391 547 3434 et
573 3391 631 3435 ut
653 3383 705 3436 in
727 3397 858 3436 aura
892 3385 1059 3437 tenui.
1088 3383 1246 3451 Atqui
1294 3392 1350 3436 et
1392 3383 1445 3435 in
1473 3385 1748 3436 mentibus
1785 3398 1907 3436 eum

2007 2461 2321 2533 ἀγαπητὸν,
2372 2459 2448 2522 ὡς
2499 2458 2631 2511 Θεὸν
2668 2458 2833 2524 Θεῶν,
2871 2457 2948 2521 ὼς
2993 2457 3193 2527 Κύριον
3245 2457 3477 2528 κυρίων,
3519 2457 3599 2521 ὡς

2009 2553 2194 2621 Ἀγιον
2222 2551 2412 2622 ἁγίων,
2451 2549 2527 2613 ὡς
2568 2548 2800 2613 αἰώνιον,
2833 2547 2908 2612 ὼς
2941 2547 3089 2612 ὄντα,
3131 2547 3222 2600 καὶ
3259 2547 3335 2610 ὡς
3376 2546 3599 2599 αἰώνων

2002 2645 2207 2699 αἴτιον·
2256 2645 2331 2708 ὼς
2385 2641 2530 2715 ζωῆς
2571 2641 2823 2714 χορηγὸν,
2873 2639 2949 2704 ὡς
2991 2641 3202 2709 σοφίαν,
3229 2639 3304 2702 ὡς
3334 2638 3485 2703 νοῦν,
3519 2639 3598 2701 ὡς

2003 2738 2195 2805 Λόγον,
2242 2736 2318 2800 ὡς
2343 2734 2614 2806 γνώστην,
2656 2733 2731 2796 ὼς
2776 2730 3116 2802 ὑπερέχοντα
3146 2730 3188 2761 ⁸⁸
3227 2731 3441 2793 πάντας
3471 2732 3600 2793 τοὺς

2006 2827 2315 2900 Θησαυροὺς
2349 2828 2570 2899 ἁπάσης
2594 2826 2638 2859 ⁸⁸
2663 2823 2946 2894 γνώσεως,
2982 2822 3058 2885 ὡς
3087 2821 3312 2892 δύναμιν
3331 2863 3346 2887 ,
3382 2823 3464 2886 ὡς
3511 2822 3602 2875 δυ-

2004 2923 2226 2994 νάστην,
2263 2922 2337 2986 ὡς
2367 2919 2600 2975 Βασιλέα
2645 2917 2753 2970 τῶν
2793 2916 3195 2988 βασιλευόντων,
3243 2915 3318 2978 ὡς
3365 2915 3600 2968 παλαιὸν

2011 3015 2268 3087 ἡμερῶν,
2303 3013 2377 3077 ὡς
2415 3012 2508 3065 καὶ
2541 3011 2730 3082 ἀγήρω
2763 3010 2858 3061 καὶ
2897 3006 3269 3071 ἀναλλοίωτον,
3305 3008 3379 3071 ὡς
3418 3025 3600 3077 σωτη-

2018 3107 2157 3181 ρίαν,
2185 3106 2260 3170 ὼς
2283 3104 2646 3176 δικαιοσύνην,
2671 3103 2746 3166 ὡς
2780 3103 3069 3173 ἀγιασμὸν,
3097 3101 3171 3165 ὡς
3194 3101 3596 3172 ἀπολύτρωσιν,

2012 3204 2089 3266 ὼς
2125 3205 2182 3256 ἐν
2224 3200 2441 3273 μεγέθει
2479 3202 2694 3254 πάντων
2730 3197 3083 3270 ὑπερέχοντα,
3111 3197 3205 3248 καὶ
3243 3194 3318 3258 ὡς
3356 3195 3412 3245 ἐν
3457 3192 3602 3264 αὖρα

2014 3293 2204 3364 λεπτῇ.
2233 3292 2341 3346 Καί
2375 3308 2437 3360 γε
2462 3291 2556 3343 καὶ
2591 3291 2649 3344 ἐν
2697 3289 2843 3352 νόοις
2868 3289 2912 3319 ³ο
2953 3286 3113 3338 αὑτὸν
3148 3281 3283 3337 εἷναί
3311 3300 3471 3353 φασι,
3509 3284 3599 3336 καὶ

2014 3386 2072 3439 ἐν
2105 3385 2302 3456 ψυχαῖς
2335 3384 2428 3436 καὶ
2470 3383 2527 3434 ὲν
2567 3379 2800 3452 σώμασι,
2831 3380 2924 3432 καὶ
2957 3381 3013 3431 ἐν
3047 3376 3258 3448 οὐρανῷ
3296 3376 3391 3428 καὶ
3422 3376 3485 3428 ἐν
3507 3378 3597 3445 γῇ,

331 3490 454 3528 esse
481 3474 689 3540 dicunt,
722 3487 778 3530 et
811 3478 863 3529 in
891 3478 1088 3530 animis
1123 3486 1178 3530 ct
1209 3478 1551 3545 corporibus,
1597 3485 1651 3530 et
1678 3478 1730 3531 in
1773 3493 1833 3531 co

2087 3477 2109 3529 ι
2145 3475 2260 3545 ἅμα
2302 3475 2358 3526 ἐν
2391 3470 2574 3542 ταύτῷ
2618 3473 2710 3523 τὸν
2744 3470 2904 3523 αὑτὸν
2927 3509 2940 3534 ,
2993 3467 3283 3538 ὲγκόσμιον
3309 3504 3322 3527 ,
3370 3465 3598 3534 περικό-

331 3566 470 3620 etin
507 3577 672 3630 terra,
709 3577 765 3622 et
793 3567 957 3620 simul
987 3569 1038 3619 in
1065 3571 1255 3622 eodem
1301 3567 1577 3631 eumdem,
1614 3567 1666 3620 in
1703 3569 1910 3621 mundo

332 3659 479 3712 circa
531 3659 816 3724 mundum,
871 3674 1035 3727 super
1081 3660 1374 3726 mundum,
1429 3659 1910 3725 supracmlestem,

334 3750 860 3820 suprasubstantiam
885 3791 899 3816 ,
932 3751 1100 3805 sulem
1123 3793 1139 3816 ,
1173 3751 1409 3815 stellam,
1444 3751 1648 3820 ignem,
1686 3766 1910 3819 aquam,

334 3841 607 3912 Spiritum,
648 3857 856 3908 rorem,
893 3843 1115 3908 nubem,
1159 3858 1256 3911 per
1283 3857 1341 3896 se
1378 3842 1638 3910 lapidem,
1675 3852 1909 3911 petram,

334 3939 515 3990 omnia
547 3952 668 4007 qua:
698 3947 844 4003 sunt,
871 3945 927 3991 et
955 3937 1088 3992 nihil
1111 3951 1300 3992 eorum
1327 3951 1447 4006 quae
1479 3943 1622 3990 sunt.

2019 3586 2194 3642 σμιον,
2213 3567 2599 3640 ὑπερκόσμιον,
2627 3565 2826 3635 ὑπερου
2837 3563 3036 3634 ράνιον,
3062 3557 3406 3629 ὑπερούσιον,
3423 3557 3597 3626 ἥλιον,

2017 3661 2240 3731 ἀστέρα,
2279 3659 2409 3730 πῦρ,
2447 3656 2611 3727 ὕδωρ,
2638 3655 2873 3724 πνεῦμα,
2903 3651 3112 3724 δρόσον,
3147 3650 3398 3720 νεφέλην.
3436 3649 3597 3700 αὑτό-

2017 3753 2198 3817 λιοον,
2239 3753 2332 3807 καὶ
2376 3751 2614 3820 πέτραν,
2652 3748 2826 3801 πάντα
2857 3746 2928 3800 τὰ
2960 3746 3120 3812 ὄντα,
3161 3744 3255 3797 ποια)⁵
3296 3741 3451 3795 οὐδὲν
3494 3743 3598 3794 τῶν

2014 3847 2200 3900 ὄντων.

1829 4077 1859 4148 §
1895 4072 2035 4133 vn.

409 4265 502 4320 Sic
541 4265 706 4335 igitur
735 4267 784 4320 ei
820 4267 911 4334 qui
963 4267 1203 4326 omnium
1246 4281 1428 4321 rerum
1476 4279 1641 4319 causa
1691 4275 1813 4329 est,
1865 4275 1920 4318 et

338 4373 500 4427 supra
541 4357 745 4421 oumia,
775 4359 1028 4428 congruit
1055 4373 1245 4413 carere
1269 4359 1505 4422 nomine,
1532 4369 1585 4412 et
1608 4367 1920 4427 congruunt

341 4463 532 4502 rursus
559 4447 744 4501 omnia
786 4462 964 4502 rerum
1006 4451 1246 4503 omnium
1280 4451 1517 4514 nomina,
1552 4459 1609 4502 ut
1643 4451 1712 4504 sit
1739 4450 1918 4518 perl‘e-

339 4551 427 4596 cte
477 4555 701 4609 regnum
748 4540 1122 4594 universitatis
1169 4556 1384 4607 rerum,
1441 4550 1495 4595 et
1539 4544 1687 4596 circa
1742 4541 1917 4612 ipsqu

341 4635 455 4688 sint
489 4635 671 4687 omnia
693 4674 710 4697 ,
741 4649 806 4688 ex
838 4633 954 4702 ipso
974 4672 990 4696 ,
1026 4643 1283 4702 tanquam
1313 4650 1378 4688 ex
1419 4649 1605 4699 causa,
1649 4636 1917 4704 principio

341 4737 397 4782 et
425 4728 531 4782 line
565 4737 757 4783 cuncta
782 4728 1076 4798 pendeant,
1103 4738 1157 4782 et
1187 4729 1299 4797 ipse
1327 4729 1429 4799 sit,
1474 4739 1532 4781 ut
1556 4730 1634 4782 ait
1669 4728 1912 4798 Scriptu-

343 4835 424 4884 ra,
451 4819 628 4870 omnia
654 4818 709 4871 in
737 4819 978 4870 erunibus
993 4825 1044 4882 1,
1076 4831 1313 4886 vereque
1337 4816 1605 4881 laudetur,
1637 4824 1696 4868 ut
1734 4815 1914 4869 omnia

343 4926 682 4979 procreatis,
715 4912 998 4975 incboans,
1030 4910 1342 4980 perﬁciens,
1367 4911 1773 4977 continensque,
1821 4922 1914 4960 cu.

2087 4260 2273 4325 Οὕτως
2307 4255 2419 4323 οὖν,
2449 4260 2516 4328 τῇ
2560 4256 2771 4310 πάντων
2800 4252 2949 4324 αἰτίᾳ
2989 4251 3079 4304 καὶ
3112 4249 3254 4320 ὑπὲρ
3295 4249 3474 4302 πάντα
3511 4249 3594 4301 οὑ-

2020 4369 2122 4426 σῃ,
2161 4355 2253 4406 καὶ
2285 4354 2344 4405 τὸ
2381 4349 2658 4420 ἀνώνυμον
2686 4345 3014 4417 ἐφαρμόσει,
3053 4345 3146 4396 καὶ
3179 4343 3357 4395 πάντα
3390 4342 3462 4394 τὰ
3494 4342 3592 4395 τῶν

2016 4445 2182 4498 ὄντων
2207 4445 2464 4515 ὀνόματα,
2489 4443 2576 4495 ἵνα
2601 4438 2844 4512 ἀκριϐῶς
2937 4435 3046 4489 τῶν
3079 4435 3213 4489 ὅλων
3258 4433 3506 4504 βασιλεία
3529 4436 3590 4495 ³¹,

2019 4539 2112 4591 καὶ
2147 4537 2275 4608 περὶ
2298 4535 2465 4606 αὑτὴν
2543 4533 2614 4586 τὰ
2639 4533 2834 4593 πάντα,
2862 4531 2958 4583 καὶ
2979 4528 3145 4597 αὑτῆς
3169 4526 3244 4590 ὡς
3287 4527 3490 4590 αἰτίας,
3523 4525 3590 4586 ὠς

2018 4629 2212 4699 ἀρχῆς,
2243 4628 2318 4690 ὡς
2347 4628 2600 4698 πέρατος,
2639 4621 3002 4694 ἐξηρτημένα,
3048 4621 3143 4672 καὶ
3175 4617 3334 4690 αὑτὴ,
3371 4616 3513 4671 κατὰ
3536 4616 3590 4667 τὸ

2013 4725 2212 4792 λόγιον,
2249 4720 2286 4789 ᾗ
2313 4723 2385 4774 τὰ
2422 4719 2618 4772 πάντα
2658 4717 2728 4770 ἐν
2767 4714 2940 4778 πᾶσι,
2985 4712 3076 4766 καὶ
3099 4711 3313 4781 ἀληθῶς
3364 4711 3396 4763 ὑ
3404 4711 3588 4781 μνῆται

2015 4815 2231 4867 πάντων
2264 4810 2576 4871 ὑποστάτις,
2612 4805 2892 4877 ἀρχηγικὴ
2917 4806 2984 4868 ⁵³,
3013 4805 3107 4855 καὶ
3145 4799 3591 4872 τελειωτικὴ,καὶ

2023 4903 2331 4975 συνεκτικὴ,
2371 4900 2580 4973 φρουρὰ
2628 4900 2722 4953 καὶ
2762 4898 2934 4961 ἑστία,
2961 4897 3052 4948 καὶ
3076 4895 3209 4967 πρὸς
3252 4894 3454 4965 ἑαυτὴν
3477 4895 3586 4946 ἐπι-

343 5003 518 5057 stodia
553 5017 619 5056 ac
655 5003 986 5057 domicilium
1008 5043 1024 5069 ,
1053 5005 1352 5072 eademque
1387 5003 1454 5057 ad
1477 5018 1538 5057 se
1562 5018 1833 5058 convertet

2090 4971 2342 5070 ρεπτικῆ,
2369 4971 2463 5049 διαὶ
2497 4971 2670 5048 ταῦτα
2702 4992 3014 5065 ἡνωμένους,
3039 4988 3305 5059 ἀσχέτως,
3330 4984 3588 5058 ἐξῃρημέ-

343 5103 508 5160 atque
529 5092 646 5148 haec
669 5094 974 5164 conjuncte,
1002 5097 1219 5161 invicte,
1242 5094 1600 5160 excellenter;
1634 5112 1738 5148 non
1767 5093 1913 5148 enim

344 5184 517 5236 solum
541 5194 622 5237 est
643 5199 805 5238 causa
834 5186 1148 5239 continendi
1185 5187 1390 5250 omnia,
1426 5188 1659 5254 vitaeque
1692 5203 1756 5240 ac
1791 5201 1916 5253 per-

343 5271 632 5339 fectionis,
666 5273 740 5328 ita
773 5283 832 5328 ut
855 5275 922 5328 ab
960 5280 1060 5328 hac
1089 5275 1226 5342 sola,
1264 5285 1358 5329 aut
1400 5275 1469 5328 ab
1493 5275 1598 5328 alia
1625 5275 1916 5342 providen-

1546 5401 1571 5428 ν
1603 5392 1799 5463 Ephes.
1833 5407 1874 5459 ι,
1899 5391 1992 5446 21.

413 5395 431 5429 ⁸
457 5392 595 5447 Gen.
624 5408 798 5456 xxxii,
829 5391 922 5448 29.
995 5403 1023 5431 ιι
1055 5391 1179 5447 .lud.
1217 5408 1335 5456 χιιι,
1363 5394 1448 5448 18.

2021 5108 2157 5154 νιος·
2197 5092 2257 5144 οὑ
2303 5091 2411 5162 γὰρ
2459 5091 2716 5160 συνοχῆς,
2757 5087 2790 5158 ἢ
2824 5086 2990 5155 ζωῆς,
3029 5084 3064 5155 ἢ
3088 5078 3422 5144 τελειώσεως
3456 5078 3586 5133 αἰτία

2026 5183 2185 5255 μόνον
2229 5185 2394 5247 ἐστὶν,
2443 5184 2529 5236 ἵνα
2577 5181 2684 5234 ἀπὸ
2721 5179 2886 5250 μόνης
2931 5177 3154 5244 ταύτης,
3194 5173 3226 5244 ἦ
3261 5173 3362 5243 τῆς
3410 5172 3584 5240 ἑτέρας

2025 5276 2297 5347 προνοίας,
2327 5279 2360 5346 ἡ
2387 5273 2740 5346 ὑπερώνυμος
2766 5269 3035 5338 ἁγαθότης
3076 5263 3434 5337 όνομασθείης

2104 5405 2132 5432 ι
2161 5391 2327 5444 Exod.
2356 5407 2437 5452 ιιι,
2470 5388 2550 5442 14.
2660 5395 2687 5435 γ
2714 5386 2731 5438 1
2758 5385 2884 5441 Cor.
2918 5400 3006 5449 xv,
3037 5383 3130 5440 28.
3423 5403 3428 5409 ι

1621 5570 1854 5626 VARUE
1890 5569 2186 5625 LECTION
2195 5568 2300 5623 ES.

417 5691 628 5765 bJ-ga’cz
651 5734 665 5756 ,
699 5693 755 5765 pl
805 5693 976 5765 ,αγρο

349 5761 663 5833 προέχοντα,
698 5763 761 5818 Μ.
796 5763 850 5819 S.
880 5761 940 5818 υζ

1020 5768 1062 5796 *υ
1099 5764 1205 5817 ἀπὸ
1232 5767 1428 5834 πάσης,
1462 5764 1552 5818 Μ(
1599 5766 1643 5795 δθ
1673 5768 1799 5828 τοῖς.

1033 5692 1371 5764 συμϐολικῶν
1412 5695 1510 5764 τῆς
1544 5694 1827 5765 μυστικῆς.
1903 5691 1946 5723 ⁸⁸
1983 5693 2307 5763 φωνήσαντι,
2335 5689 2390 5743 S.
2460 5686 2778 5756 ⁸³γρ.αὑτό.
2856 5688 2897 5718 ⁸⁷
2922 5683 3009 5740 τὸν
3033 5683 3267 5749 πάντων,
3295 5681 3365 5737 Μ.

1033 5769 1062 5796 νυ
1099 5764 1205 5817 ἀπὸ
1232 5767 1428 5829 πάσης,
1462 5768 1528 5818 Μ.
1599 5766 1643 5795 δο
1673 5768 1799 5828 τοῖς.
1878 5765 1919 5796 ⁵¹
1951 5761 2212 5829 βασίλεια,
2242 5761 2297 5815 D.
2378 5759 2420 5792 ⁵²
2447 5757 2644 5829 ἀρχικὴ
2713 5755 2772 5812 D.

1951 5758 2297 5832 βασίλεια,υ.
2378 5758 2644 5830 ⁵²ἁρχική
2713 5758 2772 5812 D.

3448 5655 3576 5743 ..ὥς
