3752 6294
102 323 193 377 θυι
848 317 935 377 DE
969 317 1584 380 υινιΝιςΝσΜῐΜΒῐ]

1896 316 1924 375 i.
1957 351 2028 363 —
2058 312 2382 378 CORDERII
2416 320 2669 414 nomn;
3275 331 3378 387 602

104 435 191 506 Dei
217 434 370 498 illiis,
395 433 628 506 etiamsi
661 433 832 488 nullas
877 433 1103 488 aﬂ'erant
1132 437 1389 491 rationes.
1425 454 1446 488 ι
1478 435 1534 489 In
1564 433 1774 500 legibus
1799 448 2015 506 quoque
2051 433 2569 506 tlteologimiiuventa
2600 436 2751 506 jubet
2765 437 3006 491 oraculis
3035 441 3376 501 conﬁrmari.

171 503 384 558 Ibidem
415 521 431 557 :
468 505 610 575 Ejus
639 506 766 572 quid
797 505 866 558 sit
897 506 1116 557 scientia
1144 518 1190 558 et
1214 506 1588 571 contemplatio
1615 513 1692 560 est
1723 505 1966 560 omnibus
1999 503 2290 560 inaccesso.
2324 505 2489 561 Nobis
2518 503 2687 568 enim,
2719 510 2956 575 quandin
3013 526 3198 564 smnus
3223 523 3377 570 extra

105 577 368 644 patriam,
404 591 629 628 summa
661 575 752 629 Dei
793 576 1030 642 cognitio
1063 585 1145 629 est
1170 575 1530 643 intelligentia
1555 615 1571 637 ,
1601 591 1722 642 quae
1752 575 1989 626 divinam
2026 584 2280 627 naturam
2317 578 2554 630 nondum
2605 579 2841 643 attingit.
2877 579 3108 632 Tantum
3145 599 3276 636 vero
3310 586 3380 639 de

105 648 290 699 divina
314 647 649 714 cognitione
673 645 1077 713 consequimur,
1112 657 1377 714 quantum
1411 647 1606 700 divinae
1638 645 1980 698 revelationis
2011 645 2195 698 radius
2233 661 2329 713 per
2367 661 2591 701 serenas
2622 659 2930 702 sanctorum
2966 661 3171 706 mentes
3199 663 3378 708 trans-

101 717 303 770 missus
327 717 674 790 ostenderit;
701 716 760 790 in
793 716 996 784 quibus
1023 731 1156 770 sane
1177 755 1192 778 ,
1227 726 1485 790 tanquam
1526 717 1578 790 in
1627 714 2305 790 corporibus_tliaplianis.
2337 717 2576 790 divinum
2608 717 2756 790 illum
2801 718 2968 772 solem
3023 723 3374 790 percipimus,

105 803 270 854 quem
298 801 512 854 capere
544 788 599 840 in
639 787 818 855 seipso
847 801 954 838 non
986 801 1300 852 possumus.
1337 787 1701 853 Quamobrem
1755 794 1904 839 recte
1944 785 2101 855 docet
2133 797 2355 839 sanctus
2407 786 2713 855 Dionysius,
2764 805 2862 842 nos
2889 785 3034 844 circa
3069 785 3373 848 divinarum

105 872 291 908 rerum
326 854 859 933 contemplationem
893 858 1059 933 certis
1086 858 1418 933 quihusdam
1453 857 1722 933 limitibus
1749 854 2234 933 roer_ceri..‘_Pri_nio
2259 857 2474 933 quidem
2505 896 2520 920 ,
2544 854 2679 924 quia
2726 859 2861 933 nihil
2891 859 3030 933 ultra
3069 866 3376 933 pertingere

104 942 432 1003 possumus,
464 924 632 994 quam
689 927 876 1003 radius
925 926 1014 980 ille
1044 927 1256 1003 oﬁjerat.
1291 928 1567 1003 secundo,
1596 925 1721 1003 quia
1773 925 1959 978 radius
2003 924 2185 1003 ille_in
2219 942 2319 979 nos
2345 926 2446 1003 sub
2486 942 2738 1003 mensura
2767 931 3047 1003 descendit
3069 924 3087 995 ξ
3113 950 3225 1003 non
3248 924 3374 1003 qui-

105 995 223 1050 ἀιριη
267 1007 613 1051 ostensurus
640 997 793 1052 nobis
825 1005 1076 1050 naturam
1111 998 1285 1064 ipsam
1322 998 1583 1060 divinam,
1613 996 1697 1051 vel
1724 1010 2068 1066 qnajennque
2092 995 2233 1050 Deus
2259 997 2529 1064 conspicit
2558 998 2610 1051 in
2639 1000 2842 1066 seipso,
2869 1000 2953 1054 vel
2976 1002 3154 1056 omnia
3179 995 3370 1058 saltem

101 1084 222 1140 quae
249 1084 425 1140 penes
462 1068 636 1121 Deum
659 1063 1232 1140 angeli_coutuentnr;
1267 1069 1361 1123 sed
1387 1067 1640 1140 pauciora
1676 1075 1729 1120 et
1744 1063 2024 1140 inferiora
2055 1068 2327 1140 quantam,
2362 1063 2616 1134 quamvis
2644 1063 3037 1140 pretiOSissima
3066 1076 3250 1140 procul
3273 1077 3373 1129 dn-
3455 1087 3461 1092 ‘

102 1137 208 1202 hio,
237 1135 286 1211 si
316 1153 448 1193 cum
483 1139 700 1211 caeteris
727 1137 1109 1211 conferantur.
1132 1137 1350 1211 _'I_‘crtio,
1379 1135 1638 1211 quoniam
1674 1136 1866 1211 radius
1905 1135 1996 1211 ille
2038 1136 2333 1204 unicuique
2373 1152 2433 1211 se
2467 1152 2566 1204 pro
2590 1135 2821 1211 subjecti
2862 1135 3129 1211 duntaxat
3156 1148 3374 1211 capaci-

101 1218 209 1260 tate
243 1210 619 1280 demonstrat,
644 1206 791 1280 iusta
817 1209 1052 1280 quadam
1085 1208 1287 1276 ubique
1325 1206 1424 1277 pro
1450 1208 1659 1280 meritis
1687 1206 2080 1280 distributione
2106 1216 2344 1260 servata.
2379 1206 2435 1260 In
2467 1221 2575 1280 quo
2598 1219 2750 1263 certe
2783 1210 2874 1264 Sol
2901 1210 3114 1265 divinus
3145 1206 3372 1280 perinde

100 1293 154 1331 se
184 1280 380 1351 habet,
410 1293 479 1351 ac
502 1278 557 1351 si
585 1277 932 1351 sol_cmle_stis
965 1278 1148 1351 lumen
1182 1295 1340 1351 suum
1373 1278 1602 1348 singulis
1631 1277 1837 1351 passiin
1875 1277 2052 1351 ocnlis
2081 1285 2498 1351 attemperaiet.
2532 1277 2673 1351 Deus
2701 1293 2832 1349 ergo
2879 1296 2940 1335 se
2969 1283 3125 1351 qttasi
3146 1277 3369 1339 ﬁnitum

100 1349 590 1422 mentibusﬁnitis
620 1348 801 1422 oI_I'_ert,
826 1347 1402 1422 inﬁnitatetninterea
1443 1346 1599 1422 suam
1635 1346 1903 1400 occulens
1953 1346 2006 1422 in
2044 1347 2246 1422 seipso.
2278 1346 2520 1422 Denique
2547 1348 2739 1422 docet_._
2756 1346 3194 1422 unumquemque
3223 1356 3368 1408 circa

99 1417 349 1472 divinum
387 1419 560 1472 istum
592 1419 800 1471 radium
825 1419 896 1471 ita
932 1419 1032 1472 sibi
1065 1419 1338 1472 moderari
1372 1419 1604 1480 debere;
1642 1427 1702 1470 ttt
1729 1432 1830 1470 nec
1860 1431 1958 1484 per
1986 1417 2260 1484 ignaviam
2291 1417 2360 1471 ab
2391 1417 2538 1472 illius
2565 1419 2895 1475 excellentia
2925 1417 3144 1476 decidat
3182 1424 3236 1478 in
3268 1425 3370 1480 de-

101 1491 294 1551 terius,
328 1501 516 1556 neque
544 1496 752 1542 temere
778 1504 874 1557 per
903 1488 1215 1555 superbiam
1242 1491 1537 1558 quidquam
1571 1503 1733 1555 supra
1763 1488 1913 1558 vires
1943 1496 2192 1542 attentet.

167 1558 195 1629 §
229 1559 316 1612 Ill.
353 1558 468 1610 Eas
508 1573 631 1627 ergo
659 1559 867 1612 divinas
899 1557 1096 1620 lances,
1128 1569 1236 1617 etc.
1271 1557 1456 1622 Docet,
1484 1559 1533 1611 id
1565 1559 1708 1626 quod
1750 1557 1801 1609 in
1838 1557 1946 1610 Deo
1983 1571 2146 1625 supra
2175 1557 2425 1629 essentia:
2461 1567 2516 1613 et
2558 1559 2937 1629 lntelligentia:
2982 1562 3182 1618 limites
3226 1566 3371 1620 relu-

97 1627 200 1688 cet‘.
246 1644 358 1682 non
402 1638 517 1681 tam
541 1629 989 1695 perscrutandum
1024 1644 1184 1696 quam
1219 1629 1588 1684 venerandum
1625 1642 1768 1690 esse,
1796 1636 1852 1681 et
1883 1628 2080 1681 mentis
2108 1627 2330 1690 oculos,
2364 1628 2686 1683 immensam
2738 1627 2880 1685 hanc
2919 1631 3090 1687 lucem
3144 1635 3370 1690 minime

96 1701 466 1762 sustinentes,
500 1700 568 1749 ad
600 1712 787 1752 sacras
816 1695 1052 1765 litteras,
1081 1708 1340 1767 tanquam
1377 1701 1444 1754 ad
1483 1700 1651 1752 caelos
1683 1697 1973 1767 quosdam,
2002 1695 2299 1752 ﬂectendos
2326 1714 2471 1764 esse,
2504 1699 2556 1753 itt
2589 1702 2787 1767 quibus
2814 1703 3034 1756 nomina
3075 1705 3254 1757 divina
3286 1705 3370 1758 lu-

96 1780 220 1824 cent
253 1771 418 1838 quasi
458 1767 632 1841 stellae
656 1769 829 1841 oculis
860 1771 1062 1822 nostris
1091 1766 1564 1824 accbmmodataiz
1604 1783 1670 1822 ex
1710 1766 1909 1841 quibus
1949 1783 2084 1841 sane
2123 1768 2298 1841 stellis
2338 1770 2496 1841 nobis
2527 1766 2768 1841 emicant
2804 1773 3041 1841 propria:
3068 1773 3160 1829 Dei
3197 1776 3371 1830 virtu-

96 1849 193 1902 tes,
219 1837 283 1893 et’
305 1838 739 1911 appellationes,
773 1838 1069 1911 laudesque
1105 1841 1328 1905 divinae,
1360 1855 1464 1894 non
1493 1853 1756 1911 secusac
1783 1837 1915 1911 solis
1938 1839 2170 1911 virtutes
2219 1838 2272 1891 itt
2311 1837 2507 1911 stellis.
2541 1840 2692 1895 Unde
2722 1837 2830 1896 duo
2863 1837 3209 1911 potissimum
3238 1861 3371 1900 con-

95 1911 401 1984 sequimur.
444 1908 692 1984 Primum
718 1909 958 1984 quidem,
992 1911 1144 1984 quod
1166 1911 1377 1984 divinos
1405 1911 1585 1984 radios
1626 1909 1754 1984 hinc
1788 1907 2084 1984 haurimus
2125 1919 2316 1984 nostro
2347 1909 2564 1984 ingenio
2591 1907 3001 1984 congruentes;
3037 1917 3365 1984 secundum,

95 1977 234 2054 quod
250 1977 748 2054 _divit_tum__solem,
789 1981 1065 2054 radiorum
1097 1980 1362 2050 ejusmodi
1395 1981 1624 2054 fontem,
1659 1980 1760 2033 rite
1788 1979 2093 2054 lutulentus.
2139 1977 2194 2054 In
2242 1979 2556 2054 nominibus
2584 1977 2773 2054 autem
2800 1977 3366 2054 appellationibusqué

94 2050 313 2124 divinis
337 2050 630 2124 mirabiles
663 2051 834 2124 latere
854 2047 1252 2124 virtutem-uim
1277 2055 1345 2103 ad
1376 2051 1560 2124 divina
1594 2049 1851 2124 mysteria
1901 2047 2228 2124 declaranda
2251 2087 2267 2112 ,
2302 2060 2414 2124 tum
2441 2050 2509 2103 ad
2540 2051 2811 2105 mirabilia
2835 2047 3012 2124 ⁷293
3043 2047 3368 2124 perpetrau-

95 2123 182 2184 da,
219 2121 440 2192 Hebr-.ci
475 2135 670 2174 omnes
703 2121 1042 2192 existimant.
1091 2132 1138 2175 et
1171 2119 1461 2175 Zoroaster
1487 2118 1896 2192 Jramblicusque
1924 2118 2278 2192 conﬁrmant.
2313 2119 2461 2192 Male
2478 2132 2667 2192 tamen
2693 2130 2751 2175 et
2781 2118 3160 2192 sup—trisiitiose
3201 2126 3360 2183 tnulti

96 2191 143 2244 in
173 2190 440 2242 amuletis
477 2200 533 2244 et
566 2191 860 2258 praestigiis
891 2193 1260 2245 sacrosanctis
1293 2191 1606 2245 nominibus
1627 2191 1946 2258 abutuntur,
1977 2189 2043 2242 de
2069 2190 2270 2258 quibus
2296 2191 2385 2244 hic
2414 2191 2547 2243 nihil
2580 2192 2774 2246 attinet
2805 2189 3012 2250 dicere.

163 2261 374 2319 Ibidem
411 2281 443 2314 :.
466 2258 536 2312 Ut
562 2255 702 2330 quod
722 2255 954 2316 omnium
989 2262 1054 2314 sit
1081 2278 1245 2314 causa
1280 2273 1325 2314 et
1364 2262 1533 2330 origo,
1568 2270 1674 2314 etc.
1713 2257 2013 2328 Gregorius
2055 2255 2336 2326 Nyssenus
2397 2261 2450 2315 in
2483 2259 2841 2328 Explanatine
2891 2264 3098 2318 Comm
3129 2266 3366 2320 cantico-

96 2347 206 2405 rum
242 2343 261 2382 :
316 2330 596 2405 g>0mnia,
630 2331 828 2405 inquit,
854 2331 992 2390 mira
1021 2347 1143 2400 quae
1177 2332 1522 2405 in_nn:’verso
1543 2337 2000 2405 contetuptatuur,
2052 2331 2336 2386 materiam
2392 2332 2699 2405 divinorum
2751 2333 3031 2405 nominum
3093 2336 3360 2405 praebent,

94 2403 291 2469 quibus
318 2401 497 2472 Deum
549 2400 875 2472 sapientem,
910 2411 1206 2470 potentem,
1235 2403 1460 2461 bonum,
1494 2409 1783 2472 sanctum,
1827 2404 2069 2472 beatum,
2115 2411 2407 2472 attentum,
2440 2401 2726 2472 Ajudicem,
2757 2400 3114 2472 salvatorem,
3155 2416 3213 2460 et
3237 2406 3362 2462 aliis

95 2471 404 2541 hujusmodi
444 2470 850 2542 nominamttsa
887 2472 952 2526 Et
983 2472 1350 2527 Damascenns
1381 2473 1519 2526 libro
1551 2471 1726 2540 primo
1756 2471 1833 2523 De
1879 2470 1987 2538 ﬁde
2019 2470 2315 2542 orthodoaa
2339 2487 2358 2525 :
2390 2490 2408 2522 ι
2438 2470 2602 2538 Deus,
2632 2473 2833 2541 inquit,
2857 2485 3078 2542 propter
3103 2470 3360 2530 ineﬂ‘abi-

93 2540 194 2615 ient
229 2542 546 2615 bonitatem
575 2540 745 2615 voluit
776 2542 840 2595 de
871 2545 1072 2597 nostris
1100 2546 1260 2615 rebus
1285 2553 1339 2596 et
1373 2553 1559 2615 nostro
1583 2555 1736 2615 more
1759 2540 2056 2615 nominari,
2089 2557 2155 2615 ne
2183 2543 2358 2615 simus
2389 2542 2635 2615 funditus
2659 2540 2869 2599 uetitiaé
2894 2540 3014 2611 ejus
3049 2557 3355 2615 expertes.»

92 2611 315 2681 Magnus
340 2612 581 2666 Basilius
607 2610 747 2664 libro
774 2615 950 2681 primo
991 2625 1176 2668 contra
1205 2611 1527 2666 Eunomium
1553 2627 1572 2665 :
1603 2627 1623 2661 ι
1662 2610 1833 2671 Unus,
1865 2612 2062 2678 inquit,
2099 2612 2359 2666 Dominus
2385 2627 2507 2666 cum
2536 2613 2631 2677 sit,
2660 2624 2715 2665 et
2743 2628 2848 2667 una
2881 2610 3187 2670 substantia
3225 2619 3361 2672 sim-

129 2684 217 2754 Iex,
243 2693 299 2736 et
330 2684 1000 2754 expersicmnpositionis,
1039 2684 1175 2736 alias
1203 2683 1364 2737 aliter
1393 2698 1452 2736 se
1477 2682 1720 2754 nominat
1747 2699 1761 2745 ;
1785 2693 1988 2754 aptans
2039 2681 2172 2754 sibi“
2201 2683 2603 2754 nominationes
2628 2699 2748 2750 qua:
2781 2685 2982 2738 nostris
3011 2687 3362 2754 cogitationi-

129 2697 210 2736 tex
243 2697 299 2736 et
330 2697 537 2750 expers
559 2697 1000 2748 composmonts,
1039 2697 1175 2736 altas
1203 2697 1364 2737 auter
1393 2698 1452 2736 se
1477 2697 1720 2734 nominat
1747 2699 1761 2745 ;
1793 2697 1988 2750 aptans
2039 2697 2143 2734 SIDI
2201 2697 2603 2736 nonunattones
2628 2699 2748 2750 qua:
2781 2697 2982 2738 nostris
3011 2697 3361 2754 cogitationi-

88 2697 186 2806 Bos
209 2753 370 2823 inter
395 2767 457 2806 se
479 2751 756 2806 diﬂ'erunt.
787 2753 1006 2807 Diversa
1039 2754 1184 2807 enim
1215 2754 1434 2806 nomina
1461 2752 1562 2806 sibi
1597 2753 1846 2823 imponit,
1879 2763 1936 2804 ut
1966 2761 2095 2823 sunt
2123 2751 2353 2806 diversae
2379 2753 2729 2820 Operationes
2755 2757 3036 2823 subjectze,
3063 2766 3120 2810 et
3141 2758 3361 2811 dirersa

89 2839 275 2876 earum
305 2822 376 2877 ad
413 2837 480 2878 ea
528 2837 649 2890 qua:
675 2823 809 2876 ﬁunt
837 2825 1136 2888 habitudo;
1174 2839 1272 2877 nos
1298 2837 1424 2876 vero
1453 2839 1517 2876 ex
1547 2822 1958 2890 operationibus
2008 2821 2175 2874 Deum
2206 2833 2452 2875 nostrum
2502 2825 2758 2890 cognosci
2787 2821 3037 2890 dicimus,
3065 2827 3132 2879 ad
3167 2841 3358 2881 essen-

90 2894 216 2964 tiam
255 2907 446 2949 tanten
481 2896 602 2961 ejus
626 2894 1064 2964 appropinquare
1093 2911 1198 2948 non
1239 2893 1633 2964 promittimus.
1665 2891 2023 2959 Operationes
2073 2893 2227 2964 enini
2265 2891 2358 2945 Dei
2405 2893 2754 2964 descendunt
2776 2896 2843 2948 ad
2873 2910 3003 2955 nos;
3037 2903 3094 2948 at
3121 2898 3360 2952 essentia

86 2962 200 3028 ejus
228 2972 423 3018 manet
450 2961 1116 3034 iitacceSSa.t'Gregorius
1146 2961 1275 3019 item
1304 2963 1585 3033 Nyssenus
1607 2963 1892 3029 disputans
1941 2974 2131 3014 contra
2189 2961 2513 3034 Eunotuiunt
2544 2980 2558 3021 :
2624 2981 2641 3013 t
2677 2963 2808 3032 Ego,
2851 2966 3048 3034 inquit,
3083 2970 3227 3033 quod
3285 2982 3353 3021 ex

89 3035 372 3103 Scriptura
404 3042 599 3087 sancta
633 3034 800 3088 didici
835 3032 1066 3090 ﬁdenter
1093 3032 1403 3104 pronuntio,
1431 3051 1554 3087 cutn
1582 3035 1674 3104 qui
1703 3043 1787 3085 est
1809 3048 1972 3104 supra
1995 3047 2157 3086 omne
2189 3048 2384 3086 nomen
2413 3032 2530 3085 ﬁeri
2565 3036 2722 3086 nobis
2753 3032 3044 3088 multorum
3072 3032 3356 3090 numinum

86 3119 203 3158 cunt
241 3121 342 3174 pro
373 3106 645 3159 varietate
674 3105 1067 3161 beneﬁciorum
1096 3103 1246 3159 varie
1270 3110 1604 3159 nominatur.
1635 3103 1838 3156 Lumen
1867 3103 2012 3175 enim
2043 3103 2267 3175 dicitur,
2291 3119 2413 3155 cum
2439 3105 2729 3175 caliginem
2757 3105 3080 3174 ignorantia:
3106 3107 3351 3175 depellit;

87 3179 216 3241 vita,
242 3172 379 3229 cum
417 3175 888 3230 immortalitatem
921 3176 1181 3246 largitur;
1213 3177 1320 3238 via,
1358 3191 1480 3228 cunt
1506 3176 1573 3227 ab
1598 3189 1793 3228 errore
1846 3172 1915 3225 ad
1968 3173 2252 3246 veritatem
2281 3174 2518 3246 deducit.
2549 3174 2663 3246 Sic!
2707 3172 2872 3230 turris
2913 3172 3273 3242 iortttudinis,
3301 3193 3357 3231 et

86 3249 277 3300 civitas
305 3245 546 3306 munita,
573 3256 630 3298 et
661 3250 803 3308 l'ons,
833 3256 886 3300 et
912 3244 1085 3315 petra,
1115 3258 1170 3299 et
1194 3247 1339 3311 vitis,
1365 3257 1422 3299 et
1447 3247 1710 3310 medicus,
1737 3253 1792 3298 et
1827 3245 2181 3315 resurrectio,
2209 3253 2266 3296 et.
2293 3244 2550 3298 omnibus
2575 3244 2886 3314 hujusntodi
2915 3247 3229 3302 nominibus
3258 3262 3356 3315 ap-

86 3318 368 3385 pellatur»
407 3315 623 3369 Rursus
655 3315 796 3369 idem
825 3333 840 3370 :
874 3336 892 3370 ι
915 3314 1067 3374 Deus
1091 3318 1308 3384 quidem
1337 3327 1421 3369 est
1445 3317 1740 3368 secundum
1770 3330 1830 3367 se
1858 3315 1909 3366 id
1933 3314 2078 3382 quod
2107 3315 2322 3367 demum
2355 3330 2477 3368 esse
2507 3319 2786 3382 creditur;
2825 3319 3141 3370 nominatur
3167 3314 3353 3372 autem

85 3389 149 3440 ab
182 3389 249 3440 iis
275 3390 369 3455 qui
403 3402 532 3440 eunt
561 3385 834 3454 appellant
859 3405 964 3441 non
996 3388 1046 3440 id
1075 3389 1248 3456 ipsum
1277 3388 1420 3456 quod
1445 3398 1550 3448 est,
1575 3398 1704 3442 tnon
1735 3387 1881 3438 enim
1908 3385 2169 3452 explicari
2197 3395 2376 3450 potest
2399 3395 2593 3439 natura
2619 3388 2760 3454 ejus)
2789 3391 2921 3455 quin
2953 3389 3135 3454 potius
3185 3404 3255 3442 ex
3283 3389 3354 3442 iis

85 3473 202 3527 quae
233 3463 299 3511 ad
330 3460 506 3510 vitam
536 3467 779 3510 nostram
809 3459 1134 3527 pertinentia
1160 3458 1378 3525 operari
1404 3461 1668 3517 creditur,
1697 3459 2076 3522 hotuonytnias
2129 3469 2225 3527 seu
2267 3457 2486 3508 nomina
2528 3458 2776 3524 quamam
2817 3457 3097 3526 aaquivoca
3127 3459 3346 3513 habet.»

87 3525 147 3598 Et
171 3529 409 3581 Basilius
446 3527 709 3594 Magnus:
743 3544 762 3577 ι
794 3525 1056 3581 Naturam
1114 3528 1314 3597 inquit,
1347 3528 1588 3598 divinant
1623 3536 1895 3598 quatenus
1948 3535 2051 3587 est,
2095 3525 2230 3598 nihil
2277 3541 2469 3598 eorum
2498 3542 2620 3595 quae
2665 3525 3046 3598 excogitantur
3086 3529 3350 3583 declarat.

83 3597 157 3651 Ex
191 3601 278 3653 his
318 3600 488 3666 igitur
514 3598 705 3666 liquet.
738 3599 851 3652 ﬁeri
884 3602 1039 3652 nobis
1067 3599 1234 3651 Deum
1277 3597 1570 3668 multortnn
1598 3597 1907 3668 nominum,
1960 3597 2219 3668 quoniam
2249 3597 2438 3651 inultis
2491 3598 2773 3652 beneﬁciis
2805 3597 2923 3668 ejus
2947 3599 3014 3651 ad
3038 3600 3356 3653 custodien-

84 3668 202 3722 dam
237 3669 408 3723 vitant
438 3668 773 3736 indigemus,
799 3685 1008 3738 nosque
1034 3684 1224 3722 sumus
1257 3669 1351 3738 qui
1384 3666 1821 3738 rdiﬁicultatiiius
1873 3666 2377 3734 circumplicatnur,
2429 3677 2485 3720 et
2537 3668 2592 3738 in
2619 3669 2700 3722 eis
2734 3666 2904 3722 Deum
2933 3669 3264 3738 excogitatis
3297 3679 3356 3724 et

85 3739 399 3794 adinventis
427 3734 741 3809 nominibus
767 3734 1144 3807 imploramus.
1171 3734 1350 3804 Quare
1379 3737 1483 3792 hoc
1500 3734 1908 3794 etiameﬂicitur
1957 3738 2340 3809 tttatttl'estuttt,_
2361 3739 2506 3804 quod
2541 3737 2670 3791 licet
2695 3740 2839 3792 Deus
2865 3753 2933 3792 ex
2963 3734 3192 3794 inﬁnitis
3222 3755 3352 3809 0pc-

86 3812 394 3864 rationibus
422 3807 614 3863 multis
646 3806 954 3863 nominibus
981 3811 1270 3872 alltciatur,
1310 3823 1470 3877 quam
1532 3819 1718 3879 tamen
1745 3818 1994 3860 naturam
2061 3809 2284 3879 habeat,
2315 3806 2564 3879 funditus
2626 3809 2984 3879 intelligentia
3015 3819 3200 3864 nostra
3241 3806 3352 3863 non

83 3891 432 3949 assequentur.
460 3879 600 3940 Cum
635 3881 777 3934 enim
802 3881 1003 3947 duplex
1028 3883 1098 3934 sit
1138 3883 1391 3949 QUiBSlIO,
1418 3879 1561 3948 quod
1592 3878 1664 3929 sit
1705 3878 1865 3949 Deus,
1897 3888 1951 3930 et
1974 3878 2107 3945 quid
2151 3877 2255 3938 sit;
2312 3877 2441 3931 illud
2472 3878 2720 3946 quidem,
2751 3877 2922 3934 idest
2951 3893 3093 3943 esse,
3125 3881 3352 3934 omnino

81 3947 233 4003 inter
250 3967 447 4004 omnes
474 3951 752 4011 convenit,
785 3951 917 4018 quid
943 3967 1071 4005 vero
1096 3947 1192 4017 sit,
1233 3958 1286 4002 et
1310 3964 1416 4017 qua
1447 3947 1668 4012 natura,
1699 3947 1829 4000 solis
1859 3949 2034 3999 beatis
2069 3956 2259 3998 uotuttt
2292 3958 2395 4000 est.

150 4020 178 4092 θ
213 4019 302 4072 ιν.
332 4020 465 4075 Ηατ
489 4036 556 4072 ex
584 4020 881 4092 Sgt'pturis
932 4023 1238 4085 didicimus,
1266 4019 1622 4092 elc.,_t_1t'vina
1675 4032 1887 4092 nomine
1920 4018 2174 4092 formare
2197 4019 2485 4092 secundum
2528 4018 2723 4092 dicina:
2767 4018 3018 4072 bonitatis
3051 4022 3348 4073 emanatio—

83 4083 191 4152 πεῖ,
217 4102 328 4144 etc.
361 4094 606 4144 Sanctus
632 4083 870 4143 Thomas
909 4095 1080 4162 prima
1107 4083 1283 4159 parte.
1317 4105 1371 4157 q.
1403 4089 1494 4150 15,
1530 4097 1638 4162 art.
1666 4093 1698 4140 ϋ
1726 4106 1738 4140 :
1790 4104 1808 4137 ι
1830 4083 1996 4162 μειερ,
2025 4087 2225 4155 inquit,
2258 4091 2478 4162 nomina
2515 4091 2629 4153 Dei,
2665 4091 2868 4162 bonus,
2897 4093 3144 4162 sapiens,
3187 4103 3243 4143 et
3275 4093 3353 4145 si-

81 4164 252 4222 milia,
281 4175 554 4235 quantum
590 4163 655 4213 ad
688 4175 801 4212 rem
831 4158 1192 4231 signiﬁcatam
1215 4176 1311 4229 per
1340 4175 1493 4227 prius
1516 4159 1777 4235 dicuntur
1809 4158 2022 4235 debeo
2048 4173 2216 4235 quam
2241 4160 2309 4235 de
2340 4162 2651 4235 creaturis,
2669 4161 2796 4227 quia
2826 4175 2862 4235 _a
2893 4158 3002 4214 Deo
3035 4161 3351 4228 huiusmodi

82 4235 449 4300 pctlectiones
483 4233 536 4284 in
565 4241 848 4286 creaturas
882 4230 1124 4295 manant,
1157 4235 1251 4285 sed
1273 4241 1535 4300 quantum
1566 4231 1633 4281 ad
1667 4230 2102 4298 iutpositiouetn,
2134 4230 2330 4296 inquit,
2363 4232 2606 4284 nominis
2639 4231 2896 4300 imposita
2929 4243 3058 4286 sunt
3077 4243 3352 4287 creaturis

83 4318 213 4370 quas
240 4309 391 4373 prius
422 4305 830 4371 cognoscimus,
857 4304 1171 4373 signiﬁcant
1197 4302 1344 4373 enim
1382 4301 1680 4373 bonitatem
1707 4309 1968 4373 creatam,
1991 4301 2195 4373 bonus,
2215 4310 2272 4350 et
2299 4302 2624 4369 sapientiam
2652 4312 2917 4370 creatam,
2951 4305 3192 4372 sapiens,
3211 4312 3350 4370 etc.,

83 4369 200 4441 qua:
224 4369 288 4426 de
311 4372 424 4426 Deo
455 4369 557 4442 per
585 4374 878 4428 essentiam
909 4369 1240 4428 conveniunt
1270 4370 1643 4444 ὲξῃρημένως,
1669 4371 1720 4444 id
1746 4379 1830 4444 est
1848 4371 1987 4444 elate
2008 4379 2063 4421 et
2096 4369 2454 4444 etninenter.»

152 4444 290 4517 lhid.
319 4453 428 4496 art.
457 4441 521 4517 ’12,
553 4444 1048 4517 sicinterpretatur
1077 4441 1448 4517 Dionysms'ut
1485 4442 1722 4517 voluerit
1757 4441 2090 4517 signiﬁcare,
2122 4443 2342 4517 nomina
2373 4442 2496 4506 Dei,
2521 4442 2708 4509 bonus,
2731 4444 2962 4517 rapiens,
2987 4456 3042 4501 et
3067 4446 3172 4501 alia
3205 4447 3349 4517 ejus-

83 4516 248 4578 modi,
279 4514 539 4583 imposita
571 4515 790 4578 quidem
805 4510 939 4568 esse
968 4533 995 4567 a
1024 4510 1462 4583 processionibus
1490 4513 1606 4566 sive
1643 4513 2001 4586 proviuctttiis
2038 4510 2133 4563 Dei
2196 4511 2254 4586 in
2287 4524 2569 4586 creaturas
2600 4510 2975 4580 manantibus,
3015 4519 3110 4572 sed
3141 4510 3351 4586 signiti—

83 4601 206 4637 care
234 4581 410 4652 ipsum
447 4599 632 4637 rerum
674 4581 1322 4654 principium,quatenus
1347 4589 1398 4637 in
1426 4599 1492 4640 eo
1521 4593 1605 4636 cst
1634 4583 1783 4652 prius
1816 4583 2058 4646 bonitas,
2079 4589 2134 4633 et
2159 4581 2292 4654 vita,
2323 4594 2379 4635 et
2407 4585 2700 4652 sapientia,
2733 4587 3030 4654 etquidem
3063 4581 3348 4641 excellen-

86 4657 193 4707 tius
215 4672 378 4722 quaut
410 4670 440 4705 a
482 4655 641 4707 nobis
667 4652 1001 4723 intelligatur
1025 4652 1460 4725 etsigttiticetur.
1495 4655 1656 4725 Aliud
1680 4654 1826 4725 enim
1854 4663 1939 4707 est
1962 4667 1991 4702 a
2016 4667 2121 4718 qua
2151 4665 2216 4725 re
2248 4652 2548 4720 imponitur
2570 4671 2789 4720 nomen,
2817 4652 2872 4709 et
2896 4659 3042 4710 aliud
3073 4658 3125 4709 itt
3151 4673 3257 4724 qua
3291 4673 3349 4710 re

83 4721 402 4793 imponitur.
433 4726 527 4778 Sic
553 4741 774 4778 nomina
816 4721 908 4780 Dei
938 4721 1189 4796 impOsita
1227 4736 1356 4778 sunt
1408 4741 1440 4778 a
1495 4724 1873 4796 providentiis,
1931 4737 2070 4796 quas
2112 4721 2434 4796 aliivocaut
2466 4740 2780 4793 processus,
2815 4728 2882 4778 ad
2927 4721 3346 4792 signiﬁcandam

83 4792 442 4849 substantiam
473 4796 591 4858 Dei,
631 4802 759 4850 licet
787 4811 890 4851 non
933 4792 1177 4866 perfecte
1207 4813 1328 4851 eam
1357 4797 1700 4865 signiﬁcent:
1742 4793 1886 4847 sicut
1933 4792 2318 4866 pet'l'ccte‘boc
2368 4792 2562 4866 nomen
2590 4798 2746 4848 homo
2780 4796 3054 4864 signiﬁcat
3079 4799 3343 4850 substan-

85 4868 210 4917 tiam
241 4869 358 4920 sive
394 4867 698 4919 essentiam
732 4863 991 4932 hominis,
1018 4871 1148 4936 quia
1179 4869 1308 4937 quid
1339 4863 1429 4920 sit'
1457 4865 2021 4937 Deusrcotnprehcndi
2076 4863 2451 4937 intelligentia
2485 4881 2592 4918 non
2623 4863 2851 4933 potest,’
2882 4873 2940 4917 ut
2986 4877 3163 4935 potest
3187 4883 3343 4920 cotu-

73 4937 342 5024 lpl't‘IICIINIi
364 4939 500 5024 quid
524 4940 834 5024 .sithomo;
865 4949 950 4992 est
981 4935 1126 4992 enim
1155 4935 1358 4990 animal
1392 4936 1830 5024 raiionalctquae
1860 4946 1944 4989 est
1979 4937 2221 5013 perlecta
2252 4935 2492 5015 essentia
2525 4938 2764 5024 hominis
2787 4952 2950 5005 quant
2982 4943 3148 5024 hontg
3172 4939 3346 5008 sigm-

86 5019 227 5059 ncat.
262 5005 536 5062 Itno’illud
567 5007 732 5061 etiam
767 5022 848 5062 est
879 5012 1295 5074 advertendum,
1328 5007 1649 5061 vocabulum
1693 5005 1868 5074 ipsum
1896 5005 2178 5060 eminentia
2211 5015 2265 5059 et
2293 5007 2598 5069 eminenler,
2627 5009 2825 5074 quibus
2857 5017 3078 5061 sanctus
3108 5005 3346 5062 Thomas

85 5079 157 5152 uti
187 5079 327 5130 solet
349 5095 478 5132 cum
508 5082 576 5152 de
601 5080 913 5133 nominibus
937 5080 1035 5141 Det
1061 5081 1322 5150 loquitur,
1351 5089 1407 5132 et
1433 5080 1562 5152 quid
1587 5078 1639 5130 itt
1667 5077 1779 5152 Deo
1809 5079 2120 5152 signiﬁcent
2149 5078 2408 5152 esplicat,
2427 5092 2492 5152 ex
2517 5078 2671 5130 Dion.
2695 5079 2998 5146 sumpsisse
3024 5081 3113 5147 qui
3140 5078 3346 5152 ἐξῃρη-

86 5144 291 5211 μένως,
330 5160 387 5200 ιιι
421 5149 585 5216 paulo
616 5161 742 5202 ante
772 5152 977 5217 notavi,
1009 5144 1192 5206 diceic
1216 5151 1376 5214 solet,
1406 5144 1550 5219 quod
1607 5148 1758 5204 varie
1812 5144 1940 5203 licet
1995 5144 2367 5217 interpretari,
2396 5149 2532 5201 etate
2553 5187 2568 5214 ,
2605 5144 3005 5218 exsuperanter,
3034 5144 3342 5216 eutinciiier,

82 5220 288 5282 eximie,
311 5220 648 5284 excellenter,
670 5229 933 5288 separate.

156 5289 184 5357 ᾗ
222 5290 280 5342 ν.
327 5289 519 5359 Neque
542 5306 753 5361 nomen,
782 5307 943 5357 neque
973 5307 1165 5351 sermo.
1199 5293 1335 5358 Quia
1382 5291 1638 5346 nimirum
1671 5306 1772 5347 nec
1820 5307 1928 5347 uno
1979 5289 2220 5354 nomine,
2265 5304 2367 5344 nec
2399 5304 2676 5355 sermone,
2703 5291 2796 5361 qtti
2849 5291 3093 5361 pluribus
3123 5293 3345 5346 vocibus

84 5369 317 5432 constat,
353 5361 622 5434 explicari
657 5360 798 5413 Deus
832 5374 1034 5434 potest.
1063 5363 1129 5415 Et
1152 5367 1347 5432 quavis
1381 5365 1744 5434 appellatione
1774 5366 2042 5434 potiorem
2089 5363 2258 5429 dicit;
2321 5364 2448 5429 quia
2479 5364 2629 5415 nullo
2663 5360 2883 5417 numine
2913 5372 3086 5416 totum
3118 5368 3262 5429 quod
3287 5366 3341 5416 in

84 5427 196 5492 ipso
229 5444 333 5496 est,
367 5427 571 5500 exponi
635 5427 845 5499 potest.
878 5431 1140 5502 Intelltgit
1167 5427 1382 5487 'autctn
1416 5427 1691 5501 're‘spectu
1753 5427 2122 5501 cujuscunque
2163 5427 2470 5486 intellectus
2498 5435 2668 5486 creati
2722 5443 2916 5486 natura
2949 5450 3045 5487 sua
3084 5427 3342 5488 conside-

84 5503 217 5574 rati,
249 5506 372 5571 quia
408 5519 517 5556 nott
552 5502 699 5554 videt
733 5504 898 5574 Denut
932 5507 1087 5560 sicuti
1129 5515 1248 5568 est,
1281 5516 1336 5558 et
1364 5506 1436 5557 ita
1468 5521 1643 5572 neque
1679 5520 1897 5559 nomine
1921 5506 2104 5572 aliquo
2129 5515 2309 5571 potest
2337 5504 2478 5556 Deus
2505 5512 2554 5554 ei
2585 5507 2794 5571 integre
2829 5507 3149 5574 signiﬁcari.

151 5573 237 5646 Adi
263 5574 520 5628 eumdem
562 5577 779 5624 modum
806 5572 1052 5628 Justinus
1085 5577 1138 5629 in
1162 5577 1421 5644 Apologia
1453 5577 1684 5628 secunda
1707 5592 1802 5643 pro
1832 5575 2154 5628 Christianis
2191 5592 2297 5628 non
2332 5577 2539 5641 Iongea
2573 5574 2738 5646 294
2785 5572 2911 5642 line,
2959 5578 3055 5642 ait,
3103 5577 3213 5630 Deo
3242 5591 3343 5629 no-

85 5650 204 5693 men
226 5644 430 5713 imponi
457 5659 570 5695 non
598 5657 776 5712 posse,
813 5650 956 5711 quod
983 5646 1028 5697 si
1057 5648 1180 5714 quis
1208 5651 1259 5699 id
1289 5651 1607 5710 contendat,
1637 5661 1864 5698 summa:
1891 5648 2182 5699 dementia:
2221 5661 2362 5698 esse.
2416 5644 2790 5699 Nazianzenus
2811 5646 3067 5701 similiter
3091 5649 3342 5702 oratione

87 5716 358 5767 tricesima
386 5729 593 5782 quar.a
625 5728 748 5780 qua:
776 5729 860 5767 est
891 5724 1130 5768 secunda
1163 5717 1231 5770 de
1261 5716 1582 5783 'I‘heoIOgia,
1620 5716 1792 5770 refert
1818 5721 2153 5770 sententiam
2194 5715 2436 5768 Platonis
2468 5719 2521 5769 ιιι
2572 5715 2771 5769 Τὶιηωο
2806 5720 3062 5784 dicentis,
3122 5719 3342 5772 diIliciIe

84 5792 198 5835 esse
227 5785 391 5839 Deum
421 5785 704 5839 intellectu
738 5786 1042 5854 percipere,
1075 5787 1254 5856 clotpti
1285 5802 1412 5842 vero
1435 5788 1790 5856 impossibile.
1824 5789 1938 5857 Ipse
1963 5801 2092 5843 vero
2114 5785 2495 5841 Nazianzenus
2523 5802 2674 5842 suain
2712 5786 2871 5846 nobis
2895 5794 3340 5844 scutentiant‘ex-
