3752 6296
438 306 545 362 605
1158 348 1163 353 .
1616 291 1695 362 's.
1731 306 2033 365 DIONYSII
2054 306 2523 387 annonam”:
3589 304 3684 363 σοι

436 422 613 493 ponit,
652 422 861 485 dicens,
892 421 1060 493 Deum
1085 420 1249 477 nullis
1275 421 1461 479 verbis
1487 422 1755 493 explicari
1786 438 1967 493 posse,
2026 434 2208 479 mente
2260 435 2438 478 autem
2462 419 2882 493 comprehendi
2938 419 3109 493 multo
3153 421 3361 493 minus.
3417 418 3681 493 Quartae:

438 491 592 566 recte
630 494 928 566 concordat
952 491 1224 566 vasquez‘.
1252 493 1451 566 tom._l,
1490 491 1731 566 iri—prim;
1757 491 1928 566 piart.,
1958 495 2163 566 disput.
2195 493 2369 566 57,31.
2425 492 2517 557 15,
2566 492 2723 545 artic.
2759 491 2813 555 1,
2847 505 2969 566 cap.
3016 491 3091 547 ὅτ
3143 509 3178 566 t_
3200 492 3314 566 Nec
3336 492 3676 566 contradicit,

440 561 639 633 inquit,
670 562 778 633 ullo
807 561 968 633 modo
998 560 1349 630 Platoni,qni
1382 560 1583 633 docuit
1624 560 1895 617 diﬂicilius
1925 560 2248 633 esse'eloqui
2280 560 2473 628 Deum,
2522 576 2722 633 quamt
2746 562 3061 633 percipere;
3085 562 3213 632 quia
3248 561 3365 633 hoc
3385 560 3525 614 dicit
3571 576 3678 615 esse

440 578 639 682 "13ml,
670 578 778 614 uno
807 578 968 614 moao
998 578 1349 630 riatoni,qm
1382 578 1571 617 docuit
1624 578 1895 617 aimcmus
1925 578 2047 619 esse
2071 578 2248 633 eloqui
2280 578 2473 628 ueum,
2522 578 2683 631 quam
2746 578 3213 632 percipere;quia
3248 578 3352 614 noc
3385 578 3525 614 dicit
3571 578 3678 615 esse

437 632 490 684 di
534 632 677 689 icile.
710 630 1016 702 illod__vero_
1036 633 1391 702 impossibile.
1440 631 1819 688 Nazianzenus
1845 648 1979 688 vero
2012 646 2306 699 utrumque
2333 648 2455 687 esse
2484 630 2834 702 impossibile,
2861 642 2915 702 et
2944 632 3114 686 multo
3137 631 3312 701 magis
3338 630 3516 702 Deum
3546 646 3680 684 com-

437 702 798 773 pre_hei_i_tter_e.
833 698 966 754 Nam
990 698 1145 757 Plato
1170 702 1495 773 loquebatur
1519 704 1586 773 de
1613 703 1927 771 cognitione
1958 704 2072 769 Dei,
2100 698 2277 773 qualis
2331 698 2633 773 viatoribus
2678 701 3020 773 conceditur,
3044 698 3303 773 obscura,
3348 708 3407 755 et
3436 700 3543 754 hac
3566 715 3681 773 vere

436 769 576 822 dixit
598 769 814 823 dilIicile
838 785 967 842 esse,
991 769 1273 842 percipere
1297 772 1504 842 absque
1537 769 1779 827 falsitate
1807 773 1996 838 Deum,
2022 784 2076 827 et
2103 769 2224 841 qua:
2246 771 2316 825 de
2362 772 2479 841 ipso
2515 771 2797 834 dicuntur,
2837 770 3017 842 eloqui
3067 786 3197 825 vero
3225 771 3411 838 ipsum
3444 779 3501 822 ει
3524 771 3681 842 expli-

435 853 576 913 care
596 840 972 913 exactesicuti
1014 850 1101 913 est
1126 840 1202 910 (id
1230 842 1375 895 enim
1402 840 1714 913 signiﬁcare
1738 842 1933 913 voluit,
1976 840 2269 913 cumgdixit
2292 840 2491 913 eloqui)
2552 841 2938 913 impossibileq
2969 840 3349 913 Nazianzenus
3394 849 3581 894 autem
3610 840 3683 913 tli-

435 908 533 981 cit.
564 909 900 981 impossibile
928 925 1051 965 esse
1079 908 1247 965 Deum
1271 908 1550 981 explicare
1579 929 1689 967 non
1728 911 1901 965 solum
1932 911 2293 980 qnidditative
2316 908 2545 965 et'sicut
2574 908 2678 974 est,
2715 913 2810 965 sed
2852 910 3021 981 etiam
3049 911 3230 964 omnia
3262 925 3387 979 qua:
3417 914 3523 963 sub
3545 909 3683 981 vela.

437 978 584 1033 mine
616 982 682 1033 de
704 980 820 1050 ipso
843 980 947 1033 dici
976 990 1234 1050 possent;
1265 978 1480 1050 semper
1505 983 1652 1036 enim
1682 992 1931 1049 superest
1953 978 2172 1050 aliquid
2197 982 2543 1035 addendum:
2580 989 2637 1033 at
2668 982 2844 1049 ipsum
2880 979 3063 1034 videre
3092 981 3251 1034 sicuti
3282 978 3389 1050 est.
3421 979 3571 1050 quod
3595 994 3680 1033 vo-

434 1058 527 1101 cat
555 1048 1016 1121 comprehendere,
1046 1060 1194 1105 certe
1226 1048 1398 1118 magis
1422 1063 1505 1106 est
1540 1048 1905 1121 impossibile;
1934 1052 1985 1105 id
2031 1048 2177 1105 enim
2217 1051 2389 1119 magis
2444 1051 2622 1104 adhuc
2663 1048 2933 1121 remotum
2963 1058 3049 1104 est
3106 1064 3135 1121 a
3166 1048 3493 1121 cognitione
3521 1049 3680 1103 viato-

436 1132 584 1189 rum,
612 1134 773 1188 quam
802 1120 970 1174 Deum
1002 1128 1193 1175 exacte
1220 1122 1495 1189 explicare
1535 1119 1636 1177 sub
1692 1120 1964 1175 velamine
2022 1130 2078 1175 et
2124 1122 2459 1175 obscuritate
2504 1121 2650 1175 ﬁdei.
2694 1119 2893 1174 Contra
2937 1134 3068 1173 vero
3111 1120 3457 1189 Augustinus
3480 1120 3549 1189 de
3587 1121 3681 1173 alio

437 1188 599 1261 modo
627 1187 955 1261 cognitionis
987 1192 1067 1243 ait
1092 1209 1105 1245 :
1148 1209 1168 1242 ι
1203 1187 1395 1245 Verius
1420 1194 1697 1261 cogitatur
1730 1191 1873 1261 Deus
1900 1206 2062 1259 quam
2104 1190 2337 1253 dicitur;
2366 1191 2460 1245 sed
2495 1191 2682 1261 verius
2711 1199 2793 1243 est
2828 1204 2990 1259 quam
3015 1187 3283 1261 cogitatur
3305 1189 3482 1257 βω.»
3512 1187 3569 1261 ιιι
3598 1207 3681 1240 au-

435 1266 544 1311 tem
577 1259 892 1341 intelligitur
920 1263 972 1314 in
1004 1261 1331 1341 viatoribus,
1359 1263 1450 1341 qui
1478 1259 1771 1341 aliquando
1827 1260 1983 1341 plura
2042 1260 2108 1341 de
2159 1261 2272 1341 Deo
2323 1259 2779 1341 contemplatione
2828 1260 3147 1341 concipiunt
3184 1274 3382 1341 _quam_
3412 1259 3681 1324 explicare

431 1337 675 1395 queant;
712 1328 1046 1385 cumtamen
1072 1331 1251 1385 adhuc
1300 1328 1495 1386 melius
1528 1328 1588 1385 ei
1612 1332 1794 1384 verius
1831 1328 1883 1384 in
1935 1346 1993 1385 se
2044 1331 2116 1384 sit
2166 1329 2333 1394 Deus,
2374 1346 2535 1398 quam
2586 1346 2616 1382 a
2657 1330 2812 1382 nobis
2843 1330 3131 1398 cogitatur.
3182 1328 3311 1383 llaec
3368 1338 3561 1382 tamen
3586 1345 3678 1382 non

434 1399 678 1461 obstant,
700 1413 809 1466 quo
833 1401 1035 1463 minus,
1060 1401 1107 1455 si
1132 1400 1417 1467 loquamur
1447 1417 1513 1455 ex
1538 1411 1692 1471 parte
1719 1401 1837 1469 ejus
1862 1402 1953 1470 qui
1979 1400 2203 1455 nomina
2236 1409 2337 1471 aut
2370 1414 2678 1471 sermonem
2707 1400 2774 1452 de
2796 1400 2907 1453 Deo
2935 1400 3107 1471 audit,
3133 1414 3285 1471 aequa
3316 1399 3398 1471 sit,
3416 1398 3497 1452 illi
3519 1414 3681 1471 nonn-

437 1482 570 1540 num
595 1478 690 1540 aut
714 1472 984 1540 sermonis
1014 1471 1343 1538 signiﬁcatio
1367 1468 1827 1540 atqne'cognitio,
1855 1468 2020 1539 quam
2059 1470 2173 1540 ipse
2222 1468 2289 1523 de
2320 1470 2430 1540 Deo
2484 1470 2688 1534 habet;
2717 1484 2843 1521 nam
2872 1468 3119 1537 cognitio
3150 1468 3443 1540 audientis
3469 1469 3681 1540 metitur

436 1537 887 1609 signiﬁcationem
916 1537 1175 1594 nominis.
1212 1540 1360 1595 Unde
1383 1537 1524 1595 sicut
1550 1537 1691 1595 beati
1724 1537 2003 1609 proprium
2030 1541 2096 1593 de
2122 1539 2230 1593 Deo
2261 1538 2490 1593 verbum
2517 1549 2573 1592 et
2618 1549 2951 1609 conceptum
2969 1540 3227 1601 formant,
3256 1538 3331 1591 ita
3356 1538 3483 1606 puri
3516 1538 3677 1591 viato-

438 1621 527 1679 res
556 1607 709 1679 nullo
742 1610 917 1677 ipsum
948 1609 1113 1663 verbo
1140 1611 1360 1678 proprie
1384 1612 1511 1679 quid
1536 1613 1607 1664 sit
1630 1607 1964 1679 signiﬁcare,
1990 1623 2169 1677 neque
2197 1620 2463 1676 conceptu
2520 1608 2719 1679 mentis
2740 1608 2956 1676 assequi
3002 1618 3259 1679 possunt;
3300 1610 3379 1660 uti
3409 1608 3679 1679 eleganter

436 1674 813 1749 Nazianzenus
842 1680 1099 1732 Oratione
1120 1674 1185 1735 de
1214 1674 1337 1749 fide,
1369 1674 1486 1748 qua:
1512 1691 1598 1735 est
1629 1674 2047 1749 quadragesima
2078 1674 2256 1742 nona,
2283 1674 2465 1732 sic—ait
2494 1696 2508 1733 :
2561 1697 2580 1729 ι
2606 1678 2778 1749 Certe
2811 1674 2935 1749 hoc,
2958 1677 3238 1749 estDe“,
3276 1677 3429 1749 quod
3460 1678 3681 1749 cumdi-

434 1746 601 1806 citur.
633 1763 738 1819 non
766 1758 940 1815 potest
960 1749 1065 1801 dici
1089 1768 1102 1813 ;
1129 1745 1251 1804 cum
1278 1745 1599 1815 mstimatur,
1646 1745 1768 1805 'non
1796 1745 1973 1819 potest
1994 1750 2285 1814 aestimari;
2310 1764 2434 1801 cum
2463 1749 2744 1810 delinitur,
2765 1747 2881 1819 ipsa
2907 1747 3221 1819 deﬁnitione
3243 1745 3677 1819 crescitJtDixit

438 1825 620 1869 autem
649 1817 812 1870 Deum
844 1819 954 1883 ipsa
984 1819 1299 1875 dclinitione
1325 1836 1599 1885 crescere;
1630 1821 1755 1886 quia
1789 1816 1915 1874 licet
1942 1820 2188 1873 delinitio
2214 1820 2434 1873 dicatur
2462 1820 2724 1872 terminus
2772 1817 2869 1879 rei.
2905 1818 3031 1885 quia
3082 1829 3145 1870 ea
3173 1817 3341 1869 veluti
3375 1816 3609 1870 termino
3631 1826 3679 1871 et

438 1886 544 1938 line
577 1901 661 1939 res
686 1887 971 1950 clauditur,
1020 1898 1199 1943 tamen
1224 1906 1345 1944 cum
1376 1892 1544 1943 Deum
1570 1892 1799 1944 delinire
1824 1898 1879 1944 et
1906 1890 2273 1943 determinare
2298 1889 2695 1947 contendimus.
2729 1889 2801 1940 ita
2845 1900 2903 1941 se
2928 1888 3112 1949 habet,
3140 1896 3197 1939 ut
3222 1901 3451 1954 semper
3483 1886 3679 1954 aliquid

435 1954 582 2027 illius
610 1965 761 2009 extra
796 1968 1050 2027 maneat;
1081 1974 1147 2012 co
1174 1960 1317 2027 quod
1346 1972 1540 2013 natura
1568 1962 1686 2026 ejus
1711 1961 1778 2013 ab
1807 1960 2087 2013 intellectu
2136 1970 2323 2012 creato
2351 1961 2568 2027 proiiria
2599 1960 2799 2010 virtute
2845 1957 3099 2027 cognosci
3130 1968 3404 2025 nequeat,
3434 1970 3539 2009 nec
3575 1958 3679 2009 via-

437 2025 541 2098 tori
558 2028 705 2098 satis
734 2026 1033 2098 explicariL
1051 2039 1105 2081 et
1129 2025 1447 2083 deﬁnitione
1472 2025 1728 2084 describi.
1772 2032 1902 2085 Vide
1929 2034 2041 2082 haec
2074 2028 2247 2084 iusius
2298 2025 2735 2098 apud—Vasquez,
2763 2034 2897 2081 tom.
2924 2025 2968 2093 ι,
2989 2026 3047 2081 ιιι
3086 2042 3105 2083 ι
3150 2036 3323 2095 part.,
3352 2027 3565 2095 disput.
3591 2027 3680 2096 57,

431 2094 616 2168 q._l.'a',_
636 2106 744 2147 art.
775 2096 833 2168 l_,_
858 2096 1057 2168 cap.3,
1086 2102 1229 2154 unde
1255 2101 1369 2153 haec
1395 2102 1715 2168 compendio
1738 2102 2021 2167 desumpta
2047 2108 2196 2155 sunt.

503 2162 707 2241 Ibidem
736 2182 750 2218 :
782 2162 942 2217 Illum
977 2167 1160 2234 igitur,
1193 2179 1300 2241 etc.
1341 2162 1623 2241 Negat'hic
1650 2162 1947 2241 Dionysius
1970 2169 2035 2221 de
2068 2168 2201 2241 Deo,
2242 2183 2585 2241 quaecunque
2610 2166 2825 2241 formati
2853 2165 3032 2236 aliqua
3066 2168 3282 2241 ratione
3306 2167 3596 2241 pertinent
3619 2167 3678 2241 ad

429 2236 1009 2307 proprietatesrerum
1036 2240 1389 2303 naturalium,
1426 2236 1841 2307 animarumque
1871 2250 1926 2291 et
1955 2238 2235 2299 mentium,
2262 2236 2346 2291 vel
2370 2236 2537 2292 etiam
2568 2240 2712 2292 entis
2735 2238 2881 2291 illius
2906 2240 3167 2302 universi,
3201 2241 3257 2291 in
3283 2253 3397 2305 quo
3418 2237 3678 2290 Platonici

428 2304 745 2369 essentiam,
776 2306 969 2369 vitam,
1006 2307 1371 2373 intellectum,
1398 2312 1709 2375 collocant;
1740 2304 1868 2363 item
1898 2318 2126 2371 motum,
2155 2318 2379 2372 statum,
2420 2310 2782 2371 identitatem,
2833 2308 3236 2371 diversitatem,
3275 2304 3548 2376 tanquam
3596 2323 3681 2376 ge-

430 2388 561 2449 nera
596 2390 814 2449 rerum;
850 2390 1038 2449 rursus
1064 2378 1389 2449 intinitatem
1421 2389 1583 2449 atque
1611 2384 1925 2442 terminum,
1954 2380 2117 2431 veluti
2180 2381 2353 2447 prima
2408 2381 2649 2432 omnium
2684 2379 2979 2433 elementa.
3015 2377 3197 2432 Utitur
3256 2378 3430 2449 etiam
3460 2377 3677 2446 epistola

429 2441 675 2498 Platonis
705 2461 823 2518 qua:
853 2446 984 2499 dicit
1012 2464 1026 2500 :
1070 2464 1091 2498 ι
1113 2448 1273 2503 Circa
1303 2441 1511 2517 ltegem'
1528 2451 1772 2504 omnium
1809 2441 2002 2502 cuncta
2046 2441 2207 2513 sunt',
2264 2450 2435 2515 ipsius
2487 2449 2659 2516 gratia
2699 2450 2902 2513 omnia,
2954 2449 3069 2518 ipse
3102 2462 3268 2501 causa
3301 2458 3391 2501 est
3417 2441 3677 2501 bonorum

428 2518 725 2588 omnium.»
765 2516 900 2569 Nota
927 2526 1128 2588 autem,
1162 2521 1229 2572 ad
1258 2516 1641 2573 excellentiam
1670 2535 1849 2573 causa:
1874 2522 1981 2570 duo
2018 2519 2331 2585 pertinere;
2362 2520 2598 2588 primum
2624 2519 2868 2587 quidem,
2899 2516 3092 2587 ut'quo
3125 2519 3492 2587 przestantior
3523 2534 3677 2571 causa

429 2592 537 2649 est,
565 2598 631 2638 eo
654 2586 727 2658 sit
758 2601 788 2639 a
813 2587 1159 2658 subditorum
1188 2590 1594 2644 conditionibus
1619 2589 1989 2657 segregatior;
2023 2591 2322 2642 secundum
2349 2586 2500 2651 vero,
2540 2600 2598 2643 ut
2618 2586 2719 2658 pro
2739 2586 3073 2642 excellentia:
3109 2586 3220 2643 suae
3253 2588 3530 2657 gradibus
3548 2588 3680 2641 vires

430 2655 943 2728 suasactioncsquc
984 2657 1199 2721 longius
1232 2659 1504 2728 latiusque
1534 2655 1820 2713 dill'undat.
1871 2658 2240 2724 Quamobrem
2303 2661 2477 2727 prima
2513 2655 2755 2714 omnium
2816 2674 2982 2713 causa
3029 2655 3454 2727 separatissima
3487 2668 3573 2712 est
3618 2661 3677 2711 ah

429 2726 705 2797 omnibus,
734 2736 788 2781 et
812 2727 1029 2780 interim
1058 2726 1515 2796 praesentissima;
1550 2728 1676 2783 inde
1702 2746 1885 2791 unum,
1917 2730 2045 2781 hinc
2078 2729 2271 2781 bonum
2306 2726 2348 2781 ιι
2406 2729 2701 2783 Platonicis
2754 2726 3104 2785 nominatur.
3124 2729 3259 2783 lude
3283 2729 3517 2797 quidem
3551 2728 3679 2781 nihil

430 2794 596 2868 habet
622 2797 799 2851 simile
822 2812 945 2850 cum
975 2794 1264 2853 elIectibus
1293 2810 1456 2867 atque
1480 2794 1769 2853 commune
1794 2816 1807 2863 ;
1839 2800 1967 2852 hinc
2001 2814 2220 2851 rursum
2257 2800 2369 2867 agit
2401 2800 2605 2861 omnia,
2637 2800 2751 2868 agit
2804 2804 2855 2852 in
2885 2800 3093 2866 omnia,
3118 2794 3420 2853 conservat
3447 2800 3678 2851 assidue.

429 2864 571 2938 Deus
602 2868 770 2931 enim,
799 2868 875 2921 uti
906 2882 1072 2935 supra
1102 2871 1291 2933 docet,
1320 2864 1502 2922 omnia
1528 2872 1897 2937 amplectitur,
1924 2864 2313 2937 complectitur
2333 2882 2387 2922 et
2413 2864 2699 2937 ειιιιιεψειιῖ
2732 2864 3092 2938 Amplectitur
3116 2871 3340 2937 quidem
3376 2884 3479 2938 per
3501 2869 3678 2921 excel-

428 2933 653 2990 lentiam
686 2933 997 3007 potestatis,
1024 2939 1171 2993 velut
1195 2941 1504 2994 extrinsece
1534 2933 1928 3003 circumlusus;
1963 2933 2351 3007 complectitur
2381 2933 2789 3007 autemfpenes
2838 2933 2897 2994 ὲε
2940 2933 3152 2993 natura
3168 2956 3266 2993 sua
3320 2933 3495 2993 unice
3534 2939 3681 2992 colli-

428 3020 565 3074 gens
591 3009 828 3077 singula,
859 3010 1268 3077 quantumlibet
1295 3012 1436 3063 inter
1460 3026 1517 3063 se
1550 3011 1783 3073 diversa,
1808 3009 2072 3070 anticipat
2100 3011 2354 3077 denique,
2392 3011 2648 3076 quoniam
2702 3020 2757 3063 et
2818 3020 3107 3078 antequam
3140 3012 3249 3062 sint
3275 3012 3531 3079 possidet
3556 3012 3678 3078 ipse,

429 3084 485 3127 et
508 3079 676 3145 gradu
704 3078 859 3148 longe
886 3082 1273 3152 praestantiore
1297 3095 1463 3152 quam
1490 3081 1620 3133 sint.
1654 3080 1791 3152 llinc
1812 3081 1975 3152 etiam
2005 3082 2197 3148 prohat
2224 3082 2513 3152 Dionysius
2543 3081 2734 3152 bonum
2759 3096 2879 3134 esse
2913 3079 3022 3134 Deo
3053 3080 3679 3134 accommodatissimum

428 3158 649 3220 nomen,
678 3157 795 3220 tum
820 3150 1029 3202 ratione
1052 3150 1331 3217 principii,
1356 3154 1615 3218 quoniam
1646 3152 1712 3202 ad
1741 3151 1912 3217 ipsum
1960 3151 2165 3204 bonum
2194 3150 2530 3218 antpltSSIma
2570 3150 2787 3205 dill'usio
2832 3152 3104 3220 pertinet;
3147 3160 3259 3203 tum
3295 3154 3518 3206 ratione
3548 3154 3677 3211 linis,

429 3218 557 3282 quia
578 3218 760 3271 omnia
785 3218 985 3271 bonum
1010 3231 1291 3286 appetunt.

508 3286 544 3362 ᾗ
570 3286 811 3362 Vl.__lioc
845 3289 1009 3356 igitur
1032 3290 1369 3362 cutn‘scirent
1397 3291 1649 3362 theologi,
1676 3289 1846 3342 Deum
1905 3290 2153 3357 laudant,
2201 3298 2309 3362 etc.
2342 3291 2512 3346 Docet
2541 3306 2648 3359 qua
2682 3293 2895 3347 ratione
2928 3291 3116 3362 negari
3152 3292 3344 3346 omnia
3378 3292 3449 3347 de
3480 3292 3592 3347 Deo
3619 3304 3675 3343 ac

430 3358 637 3431 pariter
665 3357 871 3411 ﬁrmari
900 3360 1132 3431 possint.
1155 3359 1527 3414 Conlirmatur
1555 3357 1644 3417 hic
1673 3362 1942 3413 sententia
1962 3362 2217 3416 Mercurii
2270 3357 2610 3431 Trismegisti
2648 3364 2899 3427 dicentis,
2926 3357 3093 3417 Deum
3127 3362 3262 3416 nihil
3292 3378 3421 3417 esse
3447 3364 3679 3416 omnium

429 3437 487 3498 et
517 3428 687 3481 Deum
718 3443 840 3481 esse
870 3430 1089 3494 omnia;
1124 3434 1251 3484 item
1277 3431 1447 3486 Deum
1476 3432 1679 3486 nullum
1714 3431 1915 3485 habere
1934 3447 2154 3498 nomen,
2188 3434 2393 3486 habere
2415 3428 2579 3486 omne
2603 3448 2824 3487 nomen.
2858 3434 2936 3487 lla
2966 3436 3110 3487 enim
3146 3449 3236 3486 res
3267 3449 3472 3486 omnes
3502 3434 3556 3486 in
3585 3433 3681 3485 Deo

429 3494 549 3552 fere
570 3499 779 3567 pariter
804 3509 953 3565 sunt,
981 3512 1145 3568 atque
1176 3516 1283 3553 non
1311 3513 1462 3569 sunt,
1487 3504 1632 3556 sicut
1657 3506 1850 3555 donius
1886 3503 1937 3555 in
1968 3494 2293 3567 architecto,
2341 3502 2530 3557 forma:
2580 3506 2951 3557 membrorum
2986 3506 3041 3557 in
3093 3506 3325 3571 vegetali
3362 3506 3680 3557 seminaria-

429 3576 785 3643 que_natura,
812 3571 1003 3643 igneus
1031 3573 1179 3624 calor
1202 3574 1254 3625 in
1287 3574 1430 3637 sole,
1456 3577 1509 3626 in
1552 3575 1758 3626 unitate
1785 3573 2025 3635 numeri,
2056 3575 2337 3641 longitudo
2389 3575 2547 3627 linea:
2576 3575 2626 3626 in
2665 3584 2866 3642 puncto
2902 3577 3044 3627 unde
3070 3573 3437 3643 Pythagorica
3484 3575 3680 3627 ratione

429 3640 782 3712 producitur,
806 3642 961 3712 ttnea:
993 3642 1059 3712 in
1082 3650 1271 3696 centro
1288 3643 1566 3708 circulari,
1589 3642 1723 3703 radii
1754 3657 1945 3697 omnes
1975 3644 2029 3698 in
2056 3640 2247 3699 centro
2269 3645 2427 3708 solis,
2448 3646 2499 3697 in
2527 3640 2729 3697 lumine
2752 3660 2880 3698 vero
2896 3640 3128 3699 calores.
3157 3640 3354 3697 Merito
3374 3643 3681 3712 igiturl’arg

429 3710 673 3784 Ixionides
689 3708 851 3779 295
870 3709 1030 3784 eti_am
1048 3711 1437 3782 Pythagoricus
1457 3715 1593 3781 apud
1610 3712 1909 3773 Platonem,
1927 3730 2108 3769 omnia
2131 3716 2197 3769 de
2215 3716 2329 3783 ipso
2347 3729 2454 3767 uno
2471 3729 2649 3769 rerum
2669 3716 2931 3783 principio
2956 3725 3113 3784 negat
3134 3716 3343 3784 pariter
3362 3708 3425 3768 εἶ
3435 3715 3677 3767 allirinat.

501 3780 640 3853 Nota
672 3798 795 3834 cum
824 3785 887 3837 υ.
927 3780 1134 3853 Thema
1165 3780 1272 3849 hic,
1301 3799 1368 3837 ex
1400 3780 1598 3851 quibus
1651 3784 1954 3853 Scriptura:
2003 3786 2141 3839 locis
2185 3780 2285 3838 ista
2336 3785 2432 3838 Dei
2482 3780 2703 3837 nomina
2736 3780 3196 3853 desumpta'siiit.
3238 3782 3363 3837 Vita
3396 3796 3447 3839 et
3478 3786 3674 3847 veritas,

427 3850 653 3925 Joannis
680 3866 791 3925 xtv,
818 3853 852 3906 6
878 3869 894 3905 :
928 3852 1040 3921 Ego
1068 3869 1183 3906 sum
1210 3856 1314 3925 via,
1348 3850 1535 3925 veritas
1561 3864 1609 3908 et
1637 3856 1758 3906 vita.
1780 3850 1925 3919 Lux,
1954 3854 2114 3909 Joan.
2148 3870 2269 3919 vm,
2304 3855 2407 3908 l2:
2446 3855 2556 3923 bgo
2582 3871 2697 3907 sunt
2730 3858 2823 3908 tua;
2853 3850 3055 3925 mutuli.
3090 3855 3253 3918 Deus,
3290 3855 3469 3909 Exodi
3500 3856 3673 3925 ttt,_ti:

429 3922 545 3992 Ego
575 3938 691 3975 sum
721 3922 863 3977 Deus
911 3926 1081 3991 putris
1110 3926 1208 3977 tui.
1236 3924 1438 3987 Bonus,
1475 3924 1632 3979 Luca:
1665 3941 1823 3989 xvttt,
1860 3927 1925 3979 19
1951 3942 1967 3981 :
2000 3925 2169 3979 Nemo
2194 3931 2356 3978 bonus
2390 3922 2668 3977 nist’solus
2699 3925 2861 3979 Deus.
2886 3922 3141 3991 Pulcher,
3167 3927 3327 3981 Cant.
3350 3941 3391 3988 t,
3414 3927 3480 3979 16
3508 3944 3522 3980 :
3555 3922 3677 3976 Ecce

428 4003 485 4063 tu
515 3993 732 4055 pulcher
765 4011 840 4061 es,
875 3994 1062 4047 dilecte
1093 3997 1184 4048 nti.
1219 3996 1469 4063 Sapiens,
1503 3996 1605 4049 Job
1633 4011 1709 4059 ix,
1738 3996 1772 4048 4
1799 4014 1814 4049 :
1847 3998 2069 4063 Sapiens
2094 4000 2248 4048 corde
2274 3995 2643 4057 est.Dilectus,
2666 3997 2826 4049 Cant.
2861 4012 2922 4060 ll,
2954 3996 3053 4049 ili:
3087 3999 3327 4049 Dilectus
3359 4013 3509 4049 ineus
3539 3996 3674 4046 mihi.

426 4062 573 4136 Deus
604 4066 851 4136 deorum,
877 4063 1025 4117 Psal.
1052 4080 1204 4129 xm,
1238 4066 1265 4118 1
1296 4062 1314 4118 ξ
1342 4065 1485 4136 Deus
1513 4070 1732 4120 deorum
1765 4062 2023 4119 Dominus
2051 4066 2257 4119 locutus
2287 4076 2387 4119 est.
2431 4065 2689 4136 Dominus
2728 4068 3088 4130 dominorum,
3114 4066 3673 4136 Apocalypseossvn,

429 4132 498 4185 ﬂ
523 4149 539 4185 :
590 4133 865 4205 Dominus
893 4137 1226 4205 dominorum
1253 4147 1352 4188 est.
1382 4135 1610 4190 Sanctus
1634 4148 1966 4202 sanctorum,
2006 4137 2247 4191 Danielis
2278 4152 2354 4201 ix,
2380 4137 2483 4189 24:
2537 4134 2605 4188 Et
2638 4149 2867 4205 ungatur
2895 4136 3119 4189 Sanctus
3148 4132 3482 4190 sanctorum.
3506 4134 3676 4205 After-

430 4218 552 4265 nus,
582 4203 820 4260 Baruch.
854 4219 924 4267 tv,
950 4205 980 4256 7
1020 4223 1035 4259 :
1080 4203 1451 4261 Exacerbastis
1479 4223 1597 4260 eum
1628 4208 1718 4276 qui
1745 4209 1865 4275 fecit
1892 4223 2002 4270 vos,
2028 4206 2197 4260 Deum
2216 4218 2490 4260 wlernum.
2550 4206 2652 4270 Qui
2682 4203 2777 4271 est,
2830 4208 3003 4260 Exod.
3053 4223 3137 4274 ιιι,
3171 4207 3239 4260 14
3269 4223 3283 4257 :
3316 4208 3423 4270 Qui
3446 4220 3520 4260 est
3546 4204 3673 4257 misit

429 4288 512 4324 me
546 4281 613 4326 ad
646 4278 984 4345 vostAuctor
1009 4276 1347 4341 swculorum,
1373 4276 1741 4331 Ecclesiasttci
1772 4292 1923 4342 χιιν,
1951 4278 2062 4330 143
2106 4278 2185 4328 Ab
2237 4277 2394 4329 initio
2432 4288 2480 4331 et
2522 4288 2643 4328 ante
2678 4279 2897 4341 arcula,
2938 4288 3043 4332 etc.
3105 4277 3240 4330 Vita:
3274 4277 3528 4345 largitor,
3560 4278 3669 4326 Act.

434 4357 565 4406 xvn,
596 4344 705 4397 25:
739 4342 871 4397 Cum
894 4347 1001 4412 ipse
1033 4347 1117 4397 det
1168 4349 1409 4400 omnibus
1435 4349 1592 4401 vitam
1640 4359 1687 4400 et
1729 4348 2157 4409 inspirationem.
2215 4348 2514 4414 Sapientia,
2562 4348 2583 4398 l
2640 4349 2890 4402 Corinth.
2937 4362 2978 4413 ι,
3023 4348 3126 4402 5οε
3172 4342 3381 4400 Factus
3433 4360 3509 4400 est
3542 4346 3672 4397 nobis

429 4414 712 4486 sapientia.
754 4414 925 4477 Mens,
985 4415 1139 4470 Isaia:
1168 4432 1280 4481 xw,
1305 4427 1360 4470 et
1385 4422 1453 4471 ad
1482 4418 1641 4473 lieni.
1674 4433 1762 4472 χιε
1799 4420 1933 4481 Quis
1966 4418 2202 4486 cognouit
2246 4433 2455 4471 sensum
2484 4418 2745 4474 Domini?
2772 4418 2964 4474 Gt'zece
3010 4430 3097 4473 est
3141 4416 3303 4483 νοῦν,
3341 4418 3393 4471 id
3421 4429 3504 4471 est
3543 4433 3675 4468 men-

425 4498 551 4541 tem.
601 4484 1105 4559 Verbum,_08eet:
1147 4487 1367 4540 Verbum
1395 4487 1607 4543 Domini
1644 4501 1781 4559 quoa
1808 4492 2009 4555 [actum
2031 4484 2111 4540 est
2145 4489 2212 4541 ad
2262 4488 2393 4539 Osee
2415 4505 2433 4551 ,'
2458 4500 2515 4542 et
2540 4490 2655 4540 Joel
2689 4505 2743 4541 t:
2785 4487 3010 4541 Verbum
3042 4489 3260 4541 Domini
3289 4489 3434 4556 quod
3487 4488 3673 4559 {actum

426 4567 503 4629 est
538 4559 606 4629 ad
632 4555 777 4629 Joel.
827 4557 896 4609 Et
924 4557 1176 4611 similiter
1206 4558 1261 4610 in
1296 4560 1419 4613 aliis
1444 4555 1722 4629 propheiis
1751 4577 1766 4626 ;
1824 4561 1994 4627 quod,
2036 4570 2095 4612 ut
2123 4559 2375 4629 Cyr-illus,
2404 4562 2455 4611 in
2486 4560 2910 4629 Commentariis
2949 4562 3005 4612 in
3048 4560 3180 4613 Osee
3230 4555 3397 4626 caput
3449 4558 3671 4627 primum

428 4626 526 4700 ait,
554 4627 692 4681 nihil
719 4629 867 4681 aliud
911 4630 1209 4696 signiﬁcat,
1236 4645 1397 4698 quam
1429 4626 1797 4700 cognitionem
1829 4626 2133 4683 tuturorum
2168 4626 2342 4683 instar
2366 4628 2586 4681 luminis
2634 4631 2940 4685 illusttasse
2993 4642 3230 4684 mentem
3261 4644 3383 4695 eius
3410 4626 3673 4697 propheta:

426 4696 497 4749 ad
526 4712 687 4764 quem
716 4702 917 4752 iactum
942 4711 1028 4753 est
1058 4696 1282 4754 verbum
1310 4696 1546 4765 Domini,
1580 4704 1630 4754 id
1654 4715 1737 4756 est
1759 4712 1963 4754 sancta:
1993 4701 2301 4754 Trinitatis.
2332 4703 2483 4762 Quod
2529 4708 2710 4752 autem
2747 4700 3013 4768 ejusmodi
3063 4701 3328 4754 revelatio
3364 4696 3473 4752 non
3505 4704 3671 4768 lingua

425 4780 491 4820 ac
524 4768 707 4822 verbis
736 4784 886 4823 more
911 4781 1097 4824 nostro
1130 4772 1284 4824 lieret
1312 4773 1366 4825 in
1397 4774 1703 4840 prophetis,
1742 4774 1902 4825 docet
1927 4770 2128 4839 (inquit
2153 4774 2293 4825 idem
2319 4771 2561 4840 Uyrillus
2589 4766 2815 4837 ibidem)
2839 4772 3039 4826 Paulus
3061 4788 3185 4825 cum
3218 4772 3299 4822 ait
3328 4787 3343 4823 :
3371 4771 3456 4823 An
3486 4766 3675 4835 expeti-

424 4850 663 4911 mentum
690 4842 932 4909 quwritis
957 4841 1074 4908 ejus
1123 4843 1213 4910 qui
1256 4842 1311 4895 in
1346 4839 1427 4895 me
1462 4839 1698 4911 laquttur
1741 4841 1981 4895 Christus
2020 4846 2088 4894 οἵ
2133 4840 2404 4908 Cognitor,
2430 4839 2471 4891 ll
2502 4840 2743 4895 Timoth.
2772 4856 2837 4907 tt,
2867 4850 2921 4895 et
2967 4843 3206 4896 Danielis
3231 4856 3355 4896 xm.
3386 4840 3672 4908 Superlale,

424 4910 542 4963 sive
566 4912 1193 4983 exsuperanter,habens
1225 4930 1403 4967 omnes
1432 4910 1706 4966 thes-auras
1740 4914 1910 4964 anulis
1948 4916 2179 4967 scientiae
2200 4953 2215 4978 ,
2278 4913 2391 4965 Col.
2422 4926 2483 4965 ιι.
2514 4912 2763 4964 Potentia
2791 4950 2807 4976 ,
2836 4914 2856 4966 ι
2885 4912 3011 4967 (lor.
3039 4930 3080 4981 ι,
3129 4916 3219 4969 ubi
3270 4911 3545 4983 interpres
3574 4912 3670 4965 uir-

426 4988 592 5053 tutem
622 4993 800 5053 vocat.
833 4980 1049 5047 Potens,
1076 4986 1219 5041 l’sal.
1281 5000 1438 5038 xxiii.
1490 4984 1603 5037 [lex
1639 5000 1839 5053 regum,
1892 4988 2062 5051 Apoc.
2125 5001 2237 5038 nx.
2273 4984 2535 5052 Antiquns
2574 4986 2803 5047 dierum,
2833 4985 3069 5039 Danielis
3102 5000 3194 5038 vn.
3231 4983 3359 5037 Non
3388 4980 3670 5043 senescens,

425 5048 573 5107 Psal.
602 5067 673 5106 Ct.
710 5052 1093 5118 lmmutabilis,
1124 5056 1226 5107 lsa.
1256 5071 1293 5107 ι.
1322 5055 1503 5117 Salus,
1559 5048 1751 5108 Matth.
1783 5071 1797 5106 ι
1830 5071 1843 5105 :
1895 5048 2018 5122 Ipse
2054 5060 2217 5119 enim,
2270 5048 2472 5123 inquit,
2500 5054 2701 5109 salvum
2753 5054 2909 5121 faciet
2959 5056 3209 5123 populum
3255 5072 3287 5107 a
3334 5056 3559 5122 peccatis
3588 5066 3671 5103 eo-

427 5136 585 5195 rum;
615 5139 643 5175 a
673 5124 848 5177 salute
874 5123 1027 5195 enim
1052 5126 1431 5195 diciturgbeus
1458 5128 1731 5179 Salvator.
1769 5123 2016 5189 Justitta,
2043 5128 2422 5195 sanettficatio,
2450 5124 2758 5193 redemptio,
2815 5128 2833 5179 Ι
2889 5126 3014 5179 Cor.
3065 5142 3139 5179 XI.
3188 5124 3550 5195 Maguitudine
3570 5138 3671 5175 οηιο

426 5192 806 5267 nia_superans
828 5192 1021 5267 ,Psal.
1056 5210 1202 5248 xciv.
1235 5193 1302 5246 Ut
1333 5197 1385 5247 in
1416 5214 1549 5250 aura
1594 5198 1757 5259 tenui,
1802 5198 1862 5249 lll
1891 5198 2024 5265 lleg.
2054 5213 2169 5250 XIX.
2216 5192 2379 5267 Atqui
2409 5209 2465 5251 et
2522 5200 2577 5248 in
2625 5197 2879 5251 mentibus
2923 5213 3040 5249 eum
3068 5213 3179 5251 esse
3213 5192 3425 5259 dicunt,
3481 5195 3668 5267 Ephcs.

423 5274 486 5314 ιιι
519 5262 750 5332 (mentes
781 5266 927 5337 enim
957 5277 1112 5337 vocat
1137 5267 1207 5319 ibi
1226 5267 1437 5337 Paulus
1454 5271 1675 5335 corda);
1708 5272 1835 5319 etin
1862 5262 2073 5331 ultimis,
2107 5275 2235 5337 δίῳ.
2274 5262 2343 5322 vii
2370 5271 2474 5323 :Et
2505 5270 2559 5321 in
2586 5268 2811 5331 animus,
2843 5268 3043 5335 inquit,
3065 5278 3277 5321 sanctas
3305 5284 3361 5320 se
3390 5266 3668 5331 transtert;

421 5341 480 5383 et
521 5334 979 5409 in_corporibus,l
1006 5335 1135 5409 μοι,
1164 5351 1240 5403 vi,
1268 5349 1322 5390 et
1352 5338 1372 5390 l
1401 5336 1595 5393 Thess.
1624 5334 1655 5389 v
1682 5355 1697 5391 :
1745 5337 1813 5391 Ut
1843 5344 2044 5409 integer
2066 5334 2285 5407 spiritus
2310 5353 2491 5405 vester,
2535 5351 2579 5390 et
2610 5340 2789 5389 anima
2841 5350 2887 5391 et
2924 5334 3115 5408 corpus
3144 5342 3259 5393 sine
3280 5340 3490 5407 querela
3513 5348 3668 5409 serue-

425 5411 550 5481 f'ft'j
582 5405 693 5481 hoe
714 5415 895 5458 autent
921 5407 985 5481 lit
1016 5406 1295 5481 habitante
1342 5410 1462 5481 Deo
1482 5412 1532 5461 in
1560 5422 1761 5481 mente,
1790 5422 1846 5465 et
1879 5405 2164 5476 anima,et
2194 5427 2423 5481 corpore
2450 5414 2713 5480 (mentem
2741 5423 2899 5465 vocat
2928 5405 3025 5464 hic
3061 5409 3265 5463 Paulus
3284 5405 3595 5481 spiritum),
3623 5410 3661 5455 e’

426 5466 473 5521 ll
490 5474 737 5529 Corinth.
770 5490 821 5528 vi
855 5491 871 5527 :
907 5472 979 5526 Et
1010 5477 1311 5534 inhabitabo
1348 5482 1402 5533 in
1427 5479 1557 5548 illis,
1589 5466 1802 5538 scilicEt
1832 5481 1889 5537 in
1916 5466 2216 5552 mentibus,
2245 5466 2543 5548 et'aniniis,
2569 5492 2626 5537 ει
2649 5484 2988 5553 corporibus.
3019 5482 3086 5537 Et
3116 5481 3170 5535 in
3197 5466 3340 5539 aulo.
3361 5489 3409 5533 et
3436 5479 3486 5533 in
3515 5466 3663 5542 rem

541 5638 565 5665 ⁸
596 5627 636 5681 ll
661 5629 787 5686 Cor.
821 5650 941 5699 xm,
977 5638 1034 5691 ’5.

503 5747 615 5815 (δο)
665 5748 786 5805 Lib.
820 5767 912 5818 m,
963 5754 1035 5809 De
1073 5754 1241 5817 Tum,
1272 5769 1319 5809 ς.
1350 5755 1405 5809 ιι.
