3752 6296
444 324 548 381 σω

1650 310 2041 381 ΞῩῙΠΟΝῩΞῙΙ
2060 316 2553 380 ἈΒΕΟΡΜΞΙΤᾹΞ⁹

3602 321 3699 377 608

445 439 664 508 Clamor
690 454 882 494 eorum
897 440 951 492 in
987 454 1145 493 aures
1180 436 1398 493 Domi-ii
1429 437 1661 494 Sabaoth
1698 441 1951 494 introivit.
2002 438 2261 508 Capillos,
2302 439 2437 493 Dan.
2465 453 2538 492 vn
2570 453 2587 492 :
2643 434 2720 508 Et
2766 435 3186 508 eapilli__capitis
3242 437 3362 508 ejus
3394 435 3552 503 quasi
3580 438 3697 492 lana

444 509 589 563 alba.
622 507 857 570 Faciem,
891 508 1032 563 PSal.
1090 524 1241 563 xxxii
1270 525 1285 562 :
1318 508 1507 565 Facies
1534 509 1749 563 Domini
1778 526 1936 575 super
1968 505 2216 577 facientes
2247 505 2425 562 'mala.
2454 508 2670 566 Manus.
2694 507 2796 562 Joh
2825 505 2854 561 κ
2886 525 2900 560 :
2956 505 3148 561 Manus
3178 505 3286 561 tua:
3338 507 3580 574 fecerunt
3602 525 3693 561 me.

447 578 735 647 Scapulae,
783 580 929 633 Psal.
962 594 1069 633 xc:
1124 577 1364 645 Scapulis
1394 582 1502 634 suis
1552 580 1881 633 obumbrabit
1911 579 2025 632 tibi.
2074 580 2223 639 Alas.
2266 578 2409 632 Psal.
2440 593 2572 647 xvt:
2624 578 2735 632 Sub
2780 578 2964 647 umbra
3010 580 3221 632 alarum
3254 588 3691 647 tuaruptprotege

443 645 829 712 meJBracliia,
881 650 1024 703 Psal.
1054 664 1345 704 Lxxxvm:
1395 649 1686 703 Bracliium
1726 667 1895 704 meum
1927 648 2247 716 conl'ortabit
2307 666 2448 702 eum.
2516 646 2851 708 Posteriora.
2899 646 3072 701 Exod.
3127 664 3297 703 xxxm
3332 665 3346 701 :
3381 645 3697 716 iPosterio’ra

441 732 557 787 mea
586 716 801 770 videbis.
849 717 1038 785 Pedes,
1087 718 1225 773 Gen.
1260 735 1317 773 ιιι
1348 734 1363 773 :
1402 718 1472 773 Et
1498 720 1785 787 audierunt
1834 735 2007 773 vocem
2031 715 2251 773 Domini
2272 717 2657 772 deanibulantis
2686 720 2739 772 in
2768 719 3041 787 paradiso.
3084 719 3342 781 Coronos,
3372 715 3520 770 PSul.
3545 732 3695 770 an:

440 783 959 858 lienedicesforona:
1000 783 1130 842 anui
1160 791 1498 858 benignitatis
1542 799 1669 845 tum.
1736 786 1919 855 Sedes,
1972 787 2387 858 Psal._uuvm
2422 806 2437 843 :
2479 787 2735 858 H'l‘ltronus
2769 783 2909 858 Vinus
2963 788 3099 842 Deus
3133 792 3186 842 in
3215 788 3478 841 oraculum
3504 788 3695 858 sa'ruli.

440 854 699 922 Calicem,
731 856 876 913 Psal.
904 872 1066 915 LXXIV
1093 875 1107 911 :
1140 854 1300 913 Catii:
1350 858 1563 914 Domini
1618 860 1675 913 in
1728 854 1911 913 manu?
1946 858 2081 927 eius.
2106 856 2376 917 Craterem
2412 898 2429 924 ,
2475 857 2634 913 Prov.
2677 873 2730 913 ιι
2767 875 2783 913 :
2810 856 3031 913 Miscuit
3059 870 3338 922 craterem,
3365 858 3515 927 apud
3545 857 3694 915 LXX.

1408 1076 1571 1149 297
1604 1076 2083 1136 PAMPHRASIS
2109 1074 2553 1137 Pacuvianum
2592 1071 2729 1148 (si).

510 1186 835 1246 Praesentem
873 1190 1070 1248 librum
1112 1207 1340 1264 magnus
1388 1187 1678 1263 Dionysius
1720 1191 1919 1251 scribit
1946 1208 1992 1247 ai

2215 1194 2261 1250 Τὸ
2290 1194 2462 1265 παρὸν
2487 1192 2689 1265 βιϐλίον
2715 1190 2744 1245 6
2760 1191 2933 1265 μέγας
2961 1192 3245 1267 συντίθησι
3266 1192 3550 1259 Διονύσιος
3578 1195 3697 1265 np";

433 1290 683 1336 sanctum
744 1280 1130 1348 Timotheum,
1196 1284 1375 1354 magni
1435 1282 1586 1339 Pauli
1664 1282 2009 1355 discipulum,

370 1422 375 1447 ζ
435 1370 632 1440 Ephesi
663 1374 981 1443 episcopum
1022 1375 1091 1431 ab
1136 1374 1255 1445 ipso
1288 1374 1671 1431 constitutum.
1705 1374 1831 1444 Qui,
1866 1374 2017 1446 quod

368 1455 378 1514 ἓ
436 1472 548 1517 tum
589 1463 641 1519 in
679 1465 826 1520 lonia
876 1464 1323 1535 philosophorum
1374 1465 1612 1521 hereses
1654 1466 2012 1535 pullularunt,

438 1554 727 1625 inulaeque
758 1557 1060 1615 dialecticae
1087 1558 1466 1628 argutationes
1494 1557 1545 1615 ei
1573 1558 1642 1612 ab
1677 1556 1783 1613 illis
1812 1557 2014 1626 obiice-

439 1658 657 1714 rentur;
689 1665 813 1703 cum
845 1653 1012 1719 probe
1042 1662 1227 1708 nosset
1256 1668 1515 1724 magnum
1556 1652 1871 1723 Dionysium
1904 1666 2012 1709 non

434 1748 659 1792 externa
722 1742 902 1797 minus
954 1756 1116 1815 quam
1168 1742 1350 1796 divina
1420 1759 1690 1813 sacraque
1741 1743 2013 1813 sapientia

434 1830 742 1898 praeditum,
769 1840 825 1884 ut
850 1833 941 1901 qui
978 1833 1158 1903 magni
1189 1832 1345 1889 Pauli
1380 1833 1675 1903 discipulus
1700 1835 2008 1902 exstiterat,

433 1928 486 1975 et
519 1920 719 1975 divinis
771 1919 1006 1989 Scriptis
1052 1921 1279 1977 multum
1314 1933 1627 1987 vacaverat,
1659 1923 1793 1993 petit
1838 1923 1908 1978 ab
1945 1939 2013 1979 eo

433 2014 708 2083 proposita
739 2014 957 2069 edoceri
984 2030 999 2081 ;
1030 2015 1173 2085 quod
1204 2025 1259 2070 et
1308 2019 1391 2072 ﬁt.
1416 2015 1587 2072 Vocat
1622 2018 1807 2087 itaque
1834 2017 2009 2086 ipsum

433 2121 659 2177 magnus
707 2106 997 2178 Dionysius
1042 2110 1571 2182 compresbyterum,
1609 2110 1662 2165 id
1707 2121 1792 2165 est
1823 2112 2006 2180 coepi-

429 2210 674 2267 scopum,
725 2198 868 2254 sicut
915 2201 1269 2271 semetipsum
1318 2212 1478 2256 vocat
1522 2202 1923 2273 presbyterum,
1957 2202 2009 2259 id

428 2296 514 2343 est
539 2290 874 2359 episcopum.
906 2290 999 2345 Sic
1029 2294 1175 2347 enim
1206 2293 1369 2347 etiam
1411 2292 1466 2347 in
1497 2292 1652 2348 Actis
1695 2304 2008 2348 sanctorum

430 2381 796 2448 apostolorum
828 2380 1159 2447 declaratur,
1180 2384 1269 2437 ubi
1295 2398 1526 2455 magnus
1549 2384 1754 2439 Christi
1787 2393 2009 2453 aposto-

427 2471 515 2527 lus
572 2472 770 2529 Paulus
822 2473 965 2529 Asia:
1029 2474 1289 2531 Eeclesiis
1354 2476 1615 2531 nonnulla
1677 2474 2007 2546 praescribit.

2109 1286 2203 1341 τὸν
2236 1288 2295 1349 ὲν
2319 1286 2497 1354 ἁγίοις
2527 1285 2808 1356 Τιμόθεον,
2832 1284 2923 1339 τὸν
2958 1284 3054 1338 τοῦ
3087 1285 3326 1356 μεγάλου
3365 1284 3586 1347 Παύλου
3608 1304 3698 1356 μα-

2112 1378 2303 1452 θητὴν,
2350 1378 2575 1449 Ἐφέσου
2598 1378 2895 1432 ἐπίσκοπον
2930 1378 3061 1451 παρ’
3091 1378 3304 1441 ἐκείνου
3342 1378 3695 1443 καταστάντα.

2116 1471 2235 1534 Ὃς,
2265 1469 2453 1542 ἐπειδὴ
2483 1468 2603 1523 τότε
2631 1469 2688 1522 αἱ
2712 1468 2821 1522 τῶν
2844 1470 2901 1522 ὲν
2931 1468 3106 1539 Ἰωνίᾳ
3137 1468 3447 1538 φιλοσόφων
3474 1468 3700 1540 αἱρέσεις

2111 1563 2383 1634 ἧκμαζον,
2418 1563 2512 1618 καὶ
2543 1562 2744 1627 πολλὰς
2787 1558 2899 1634 εἶχε
2935 1562 3035 1627 τάς
3076 1560 3422 1626 διαλεκτικὰς
3448 1562 3700 1633 ἐπηρείας

2110 1654 2241 1725 παρ’
2273 1653 2496 1707 ἐκείνων
2515 1654 2545 1706 6
2575 1653 2751 1722 ἆγιος,
2792 1650 3075 1721 γινώσκων
3100 1652 3193 1707 τὸν
3224 1652 3406 1723 μέγαν
3440 1651 3700 1704 Διονύσιον

2112 1742 2277 1813 σοφὸν
2298 1745 2393 1796 καὶ
2427 1744 2527 1816 τὴν
2569 1742 2675 1809 ἔξω
2716 1743 2929 1814 σοφίαν,
2965 1743 3128 1825 σοφὸν
3159 1744 3255 1797 καὶ
3296 1743 3400 1826 τὴν
3438 1743 3586 1796 θείαν
3618 1743 3702 1795 καὶ

2115 1830 2285 1903 ἱερὰν,
2308 1832 2386 1902 τῷ
2412 1832 2631 1904 μεγάλῳ
2651 1832 2846 1906 Παύλῳ
2871 1832 3011 1897 κατὰ
3037 1832 3240 1903 ταύτην
3269 1832 3699 1903 μαθητεύσαντα,

2109 1922 2205 1977 καὶ
2260 1920 2432 1977 πολλὰ
2476 1922 2808 1993 ὲσχολακότα
2856 1920 2981 1987 ταῖς
3026 1921 3200 1986 θείαις
3248 1921 3289 1973 Γ
3294 1924 3537 1993 ραφαξ,
3570 1921 3703 1988 ἀξιοί

2110 2012 2240 2085 παρ’
2284 2012 2447 2067 αὐτοῦ
2484 2012 2792 2086 διδαχθῆναι
2832 2013 2903 2069 τά
2951 2014 3370 2085 ὑποτεταγμένα
3390 2031 3405 2045 ’
3446 2014 3477 2067 6
3522 2013 3586 2085 δὴ
3618 2015 3706 2067 καὶ

2110 2104 2338 2175 γίνεται.
2371 2104 2541 2160 Καλεῖ
2578 2104 2709 2174 γοῦν
2751 2104 2915 2160 αὑτὸν
2954 2105 2985 2167 6
3026 2105 3198 2175 μέγας
3243 2105 3530 2169 Διονύσιος
3574 2123 3704 2177 συμ-

2110 2196 2480 2271 πρεσϐύτερον
2501 2238 2517 2264 ,
2566 2197 2728 2250 οἱονεὶ
2775 2196 3171 2259 συνεπίσκοπον
3191 2235 3207 2261 ,
3253 2196 3333 2262 ὼς
3378 2198 3476 2252 καὶ
3523 2198 3704 2252 ἑαυτὸν

2110 2290 2501 2364 πρεσϐύτερον,
2530 2290 2771 2369 δηλονότι
2814 2291 3130 2345 ἐπίσκοπον.
3173 2290 3335 2345 Οὕτω
3370 2291 3486 2364 γὰρ
3524 2292 3706 2364 δηλοῦ-

2112 2400 2199 2438 ται
2229 2385 2287 2438 ἐν
2315 2388 2435 2448 ταῖς
2474 2384 2714 2463 Πράξεσι
2751 2382 2860 2441 τῶν
2899 2383 3070 2452 ἁγίων
3104 2384 3445 2451 ἀποστόλων,
3489 2385 3616 2439 ἔνθα
3655 2387 3706 2437 ὲν

2126 2476 2281 2549 ’Δσίᾳ
2321 2478 2669 2535 συντάττεται
2707 2479 2825 2540 ταῖς
2839 2477 3184 2549 Ἐκκλησίαις
3243 2478 3429 2533 αὐτῶν
3464 2481 3495 2535 6
3542 2478 3706 2551 μέγας

428 2564 565 2619 Cum
595 2574 775 2619 autem
808 2565 895 2620 hic
925 2574 1188 2622 tractatus
1225 2569 1299 2622 sit
1333 2567 1401 2622 de
1433 2567 1635 2622 divinis
1674 2570 1910 2623 nominih

2232 2568 2469 2641 Χριστοῦ
2497 2569 2791 2634 ἀπόστολος
2812 2568 3042 2633 Παῦλος.
3061 2570 3281 2642 Ἐπειδὴ
3305 2570 3363 2624 δὲ
3392 2572 3528 2643 περὶ
3555 2572 3706 2626 θείων

429 2654 730 2721 sciendum,
757 2656 1050 2712 universim
1076 2666 1132 2712 et
1162 2657 1215 2713 in
1248 2657 1504 2712 omnibus
1532 2656 1750 2712 nomina
1783 2672 1889 2711 non
1929 2659 2009 2714 si-

426 2747 689 2817 gniﬁcare
726 2749 1084 2818 substantias,
1107 2758 1164 2805 et
1192 2748 1326 2820 quid
1357 2749 1565 2821 aliquid
1602 2751 1695 2816 sit,
1735 2751 1839 2806 hoc
1863 2751 2010 2807 enim

426 2849 516 2895 est
570 2840 943 2909 deﬁnitionis,
974 2842 1087 2915 [sed
1138 2859 1338 2899 nomen
1388 2844 1717 2916 etymologia
1764 2844 2010 2916 quamam

425 2944 512 2989 cst
548 2936 713 2989 exiis
754 2951 874 3005 qua
910 2935 989 2991 rei
1022 2936 1317 2991 nominata:
1361 2937 1582 3003 adsunt,
1611 2938 1765 2996 verbi
1790 2926 2009 3011 gratia,

424 3027 732 3098 ἄνθρωπος,
760 3028 813 3083 id
846 3036 933 3084 est
980 3028 1165 3093 homo,
1203 3029 1273 3084 ab
1299 3028 1415 3083 ἄνω
1458 3029 1664 3102 ἀθρεῖν,
1694 3032 1746 3087 id
1791 3040 1899 3099 est,
1942 3036 2013 3091 ab

2113 2659 2393 2733 ὀνομάτων
2432 2662 2469 2741 ἡ
2512 2661 2864 2735 πραγματεία
2904 2662 3086 2730 ἐστὶν,
3126 2664 3300 2718 ἰστέον
3326 2706 3342 2733 ,
3374 2666 3463 2727 ὅτι
3500 2666 3706 2720 καθολι-

2113 2755 2222 2820 κῶς
2249 2756 2343 2815 καὶ
2368 2755 2464 2809 ἐπὶ
2496 2757 2633 2815 πᾶσι
2656 2755 2731 2819 τὰ,
2750 2756 2990 2827 ὀνόματα
3014 2757 3077 2813 οὐ
3108 2756 3477 2830 σημαίνουσιν
3507 2759 3703 2823 οὐσίας,

2112 2848 2209 2908 καὶ
2248 2847 2310 2901 τὸ
2346 2846 2401 2901 τί
2443 2842 2511 2919 ἦν
2556 2844 2715 2909 εἶναι,
2740 2847 2899 2911 τοῦτο
2934 2848 3044 2921 γάρ
3077 2848 3173 2903 τοῦ
3214 2849 3452 2921 ὁρισμοῦ
3485 2852 3629 2904 ὲστι·
3652 2853 3706 2903 τὸ

2112 2934 2169 2995 δὲ
2200 2935 2371 3007 ὄνομα
2400 2936 2723 3008 ὲτυμολογία
2762 2937 2848 3001 τίς
2884 2938 3031 2999 ἐστιν
3063 2938 3129 2993 ὲκ
3163 2936 3272 2992 τῶν
3298 2939 3616 3011 προσόντων
3638 2942 3704 3010 τῷ

2114 3028 2501 3101 ὀνομαζομένῳ
2537 3030 2857 3101 πράγματι·
2888 3024 3003 3087 οἷον
3040 3030 3348 3103 ἄνθρωπος,
3377 3033 3447 3085 ὲκ
3483 3031 3576 3085 τοῦ
3596 3031 3707 3084 ἀνω

427 3135 493 3175 eo
516 3123 658 3190 quod
678 3136 896 3177 sursum
922 3129 1141 3177 tueatur
1164 3123 1251 3178 vel
1277 3121 1535 3192 aspiciat,
1564 3137 1762 3179 nomen
1788 3127 1902 3181 acci

2221 3121 2327 3186 εῖν,
2369 3122 2490 3199 ἢτοι
2534 3122 2780 3195 θεωρεῖν,
2840 3122 3188 3199 ὀνομάζεται.
3235 3124 3310 3179 Τὸ
3352 3124 3510 3195 γοῦν,
3557 3126 3611 3179 τί
3646 3121 3703 3197 ἦν

428 3211 543 3267 lloc
570 3212 733 3281 igitur
757 3215 889 3283 quid
916 3216 987 3269 sit
1009 3228 1130 3270 esse
1165 3215 1336 3270 divini
1372 3217 1611 3272 numinis
1650 3218 1813 3274 etiam
1852 3218 2012 3289 ipsis-

429 3310 540 3355 met
570 3302 780 3371 angelis
813 3314 899 3358 est
934 3302 1312 3360 inscrutabile.
1340 3304 1493 3372 Quod
1547 3318 1729 3363 autem
1772 3323 1843 3364 ex
1884 3312 2012 3379 qui-

426 3392 654 3447 busdam
704 3394 915 3452 aﬁ’ectis
949 3396 1062 3453 suis
1090 3396 1257 3467 (Deus
1307 3414 1361 3453 v.
1411 3412 1464 3468 g.
1507 3399 1706 3468 bonus,
1746 3403 2010 3470 salvator,

427 3502 594 3557 quam
628 3489 957 3561 theologiam
991 3492 1351 3547 allirmantem
1387 3494 1611 3565 vocant)
1646 3495 1723 3549 uti
1775 3506 1829 3551 et
1862 3496 2008 3555 illam

428 3595 550 3649 qu:e
570 3596 635 3634 ex
652 3581 815 3636 rebus
854 3584 1058 3638 nostris
1086 3584 1341 3650 sumitur,
1366 3594 1653 3655 negantem
1685 3589 2010 3659 theologiam

428 3671 637 3737 dicunt,
672 3674 755 3742 (ut
780 3674 922 3742 quod
945 3674 1017 3730 sit
1044 3675 1552 3744 incomprehensus,
1573 3693 1775 3747 expers
1798 3678 2009 3747 formas,

429 3764 775 3833 immortalis)
793 3765 935 3834 quod
958 3780 1025 3821 ex
1046 3768 1217 3835 hisce,
1236 3768 1479 3839 inquam,
1493 3769 1900 3839 denominetur,
1919 3789 2011 3829 ne~

2114 3210 2254 3270 εἶναι
2280 3214 2376 3270 τοῦ
2406 3215 2587 3281 Θείου,
2618 3217 2711 3271 καὶ
2744 3217 2927 3282 αὐτοῖς
2962 3221 3075 3283 τοῖς
3119 3217 3377 3289 ἀγγέλοις
3416 3219 3706 3290 ἀνεξιχνία-

2115 3325 2261 3364 στον.
2292 3309 2366 3363 Τὸ
2394 3309 2475 3375 δὲ,
2506 3308 2571 3364 ἐκ
2606 3327 2777 3365 τινων
2799 3310 3089 3382 ἐνεργειῶν
3127 3310 3291 3365 αὑτοῦ
3334 3311 3433 3383 (ὡς
3467 3312 3550 3377 τὸ,
3587 3312 3706 3374 Θεὸς

2115 3401 2337 3471 ἀγαθὸς,
2357 3401 2559 3473 σωτὴρ,
2584 3402 2650 3473 ἣν
2692 3401 2756 3473 δὴ
2796 3401 2891 3456 καὶ
2919 3401 3294 3476 καταφατικὴν
3325 3402 3606 3472 θεολογίαν
3632 3404 3706 3456 λέ-

2114 3492 2294 3565 γουσι)
2328 3494 2422 3548 καὶ
2462 3494 2623 3548 πάλιν
2664 3494 2730 3548 ἐκ
2757 3492 2867 3545 τῶν
2908 3492 3028 3548 καθ’
3065 3494 3213 3564 ἡμᾶς
3243 3492 3390 3548 κατὰ
3420 3494 3705 3564 ἀπόφασιν,

2110 3585 2181 3659 ἢν
2207 3586 2272 3659 δὴ
2296 3586 2392 3643 καὶ
2415 3584 2774 3657 ἀφαιρετικὴν
2796 3582 3073 3653 θεολογίαν
3096 3585 3261 3653 φασὶν
3285 3584 3385 3655 (ὡς
3405 3586 3489 3652 τὸ,
3516 3586 3705 3640 ἀκατά-

2113 3676 2336 3750 ληπτος,
2372 3677 2629 3740 ὰνείδεος,
2668 3676 2975 3746 ἀθάνατος),
3007 3675 3068 3729 τὸ
3095 3674 3227 3745 γοῦν
3250 3678 3316 3731 ὲκ
3348 3677 3557 3731 τούτων
3602 3679 3704 3731 ὀνο-

2118 3768 2404 3840 μάζεσθαι,
2433 3766 2533 3821 οὐκ
2552 3766 2698 3820 ἔστιν
2722 3766 2925 3837 ἀπᾷδον
2950 3767 3021 3843 τῇ
3066 3766 3188 3837 ἱερᾷ
3216 3766 3499 3840 άγιστείᾳο
3520 3768 3577 3821 ού
3611 3766 3705 3837 γὰρ

428 3872 700 3929 quaquam
724 3858 795 3914 ab
824 3858 997 3930 ipsius
1017 3861 1381 3917 sanctimonia
1400 3862 1695 3930 abhorret;
1728 3881 1835 3920 non
1861 3883 1910 3923 ei

2254 3858 2413 3928 φύσιν
2435 3856 2598 3919 αὐτοῦ
2632 3854 3215 3928 πολυπραγμονοῦμεν,
3259 3856 3427 3910 τοῦτο
3454 3858 3562 3930 γὰρ
3591 3858 3702 3911 ἁδύς

428 3964 681 4009 naturam
732 3953 853 4025 ejus
902 3955 1354 4028 multiplicamus,
1405 3957 1549 4027 quod
1600 3957 1716 4013 ﬁeri
1764 3974 1869 4013 non
1912 3975 2009 4030 ρο⁴

429 4052 554 4110 test,
586 4047 679 4100 sed
712 4048 1173 4116 quemadmodum
1200 4062 1267 4104 ex
1287 4049 1465 4105 sacris
1494 4050 1820 4119 quibusdam
1850 4053 2010 4120 quasi

426 4138 749 4206 compositis
778 4138 873 4193 Dei
904 4138 1366 4209 descriptionibus
1401 4140 1471 4195 ad
1502 4140 1866 4211 simplicitatis
1892 4141 2011 4211 ejus

428 4225 719 4295 aliqualem
763 4230 1135 4300 cognitionem
1182 4245 1589 4301 promovemur,
1626 4233 1706 4288 sic
1735 4234 1898 4288 etiam
1940 4247 2010 4286 ex

429 4317 734 4374 istiusmodi
763 4320 1075 4376 nominibus
1105 4329 1161 4378 et
1191 4322 1510 4378 eorumdem
1537 4325 1913 4394 usurpatione,
1943 4324 2011 4377 ad

430 4409 483 4463 id
513 4411 657 4479 quod
684 4411 1084 4469 iunominabile
1126 4423 1213 4470 est
1254 4416 1601 4472 adducimur.
1627 4414 1765 4473 Hinc
1795 4418 1842 4473 si
1887 4415 2009 4491 quis

428 4501 636 4574 aliquid
672 4504 741 4559 de
782 4502 895 4559 Deo
939 4505 1161 4574 dixerit,
1205 4517 1293 4563 est
1335 4521 1500 4577 supra
1555 4508 1609 4564 id
1659 4509 1804 4579 quod
1846 4510 2006 4575 dicit;

426 4598 575 4653 omni
607 4599 753 4654 enim
775 4598 1093 4655 nominabili
1121 4600 1343 4656 nomine
1364 4608 1448 4655 est
1471 4601 1825 4656 eminentius.
1849 4599 2014 4658 idcir-

424 4706 492 4745 co
514 4690 567 4744 in
588 4692 674 4745 his
694 4690 1004 4761 excogitata
1025 4701 1109 4747 est
1126 4706 1157 4745 a
1191 4691 1457 4763 theologis
1482 4690 1738 4763 loquendi
1767 4692 1999 4752 formula

424 4796 526 4852 per
552 4782 991 4853 praepositionem
1018 4783 1162 4857 ὑπέρ
1182 4795 1239 4843 et
1263 4785 1400 4841 αὐτὸ
1426 4799 1445 4839 :
1478 4794 1645 4855 atque
1683 4786 1759 4841 ita
1806 4787 2011 4842 dicitur

427 4874 569 4930 Deus
600 4890 765 4945 supra
804 4892 969 4946 quam
1008 4877 1207 4944 bonus,
1232 4886 1285 4931 et
1314 4892 1412 4947 per
1438 4892 1502 4932 se
1528 4877 1725 4942 bonus,
1751 4885 1805 4943 et
1846 4893 2008 4947 supra

424 4975 592 5030 quam
632 4964 900 5032 inﬁnitus,
928 4976 984 5020 et
1031 4981 1239 5036 peruse
1290 4966 1559 5023 inﬁnitus.
1603 4966 1739 5021 Illud
1787 4967 2008 5037 quidem

426 5054 647 5119 dicitur,
685 5058 943 5125 quoniam
976 5073 1141 5128 supra
1177 5071 1242 5113 ea
1277 5073 1402 5129 quia
1436 5057 1698 5113 dicuntur
1728 5057 2012 5127 incompa-

428 5145 674 5202 rabiliter
700 5151 936 5217 eminet;
970 5152 1072 5206 hoc
1103 5167 1255 5219 vero,
1287 5152 1417 5223 quia
1461 5150 1682 5222 proprie
1718 5160 1775 5205 et
1804 5151 2008 5220 prima-

429 5236 547 5301 rio.
595 5248 653 5295 et
698 5256 807 5296 non
856 5242 1154 5298 secundum
1195 5243 1671 5314 participationem
1720 5240 1887 5311 298
1922 5240 2007 5296 vel

2115 3966 2272 4005 νατον
2290 3966 2305 3981 ·
2338 3948 2453 4002 ἀλλ’
2486 3945 2677 4019 ὥσπερ
2704 3949 2773 4011 ἐκ
2798 3946 2907 4003 τῶν
2939 3946 3302 4019 ίερογραφιῶν
3323 3948 3422 4002 τοῦ
3459 3949 3615 4017 Θεοῦ,
3640 3949 3704 4011 ὡς

2113 4043 2179 4097 ὲκ
2237 4040 2508 4095 συνθέτων
2560 4039 2746 4105 τινῶν,
2798 4041 2893 4094 ἐπὶ
2940 4040 3001 4092 τὸ
3056 4038 3261 4093 ἁπλοῦν
3316 4042 3420 4113 τῆς
3469 4040 3705 4095 ὁπωσοῦν

2114 4132 2367 4203 γνώσεως
2394 4130 2728 4203 ἀναγόμεθα,
2759 4130 2903 4185 οὕτω
2932 4130 3025 4183 καλ⁵
3053 4131 3119 4209 ἐκ
3143 4129 3254 4184 τῶν
3296 4133 3557 4185 τοιούτων
3595 4133 3703 4183 ὀνο-

2117 4222 2347 4297 μασιῶν,
2379 4223 2475 4279 καὶ
2500 4222 2593 4277 τοῦ
2620 4223 2713 4276 ἐπὶ
2734 4221 2945 4285 τούτοις
2980 4222 3330 4293 συνεθισμοῦ,
3356 4224 3455 4277 ἐπὶ
3481 4222 3542 4276 τὸ
3569 4224 3702 4275 ἀνω-

2114 4315 2379 4388 νόμαστον
2423 4313 2753 4386 ἀναγόμεθα.
2806 4313 2958 4378 Τέως
2995 4312 3058 4367 δὲ
3101 4312 3201 4367 εἴτι
3232 4313 3299 4368 ἄν
3332 4332 3421 4380 τις
3450 4314 3590 4367 εἴποι
3620 4318 3702 4368 ἐπὶ

2113 4413 2271 4477 Θεοῦ,
2319 4413 2464 4484 ὑπὲρ
2505 4413 2665 4468 τοῦτό
2706 4415 2853 4476 ἐστι·
2900 4412 3100 4478 παντὸς
3152 4413 3263 4487 γὰρ
3307 4414 3702 4486 ὀνομαζομένου

2110 4504 2371 4575 ὀνόματος
2421 4504 2676 4559 ὲπέκεινά
2723 4506 2860 4560 ἐστι.
2906 4502 3009 4565 Διὰ
3064 4501 3220 4556 τοῦτο
3266 4503 3541 4576 ἐπενοήθη
3600 4505 3701 4562 τοῖς

2113 4596 2381 4669 θεολόγοις
2401 4598 2493 4652 ἐπὶ
2510 4597 2737 4661 τούτοις,
2753 4599 2788 4670 ἡ
2811 4595 2962 4665 ὑπὲρ
2982 4596 3291 4669 προσθήκη,
3326 4598 3423 4661 καὶ
3453 4598 3515 4650 τὸ

2114 4692 2209 4745 καὶ
2233 4689 2448 4759 λέγεται
2476 4691 2505 4745 6
2529 4688 2662 4753 Θεὸς
2690 4688 3057 4761 ὑπεράγαθος,
3084 4688 3179 4742 καὶ
3218 4689 3574 4759 αὐτοάγαθος,
3618 4689 3698 4741 καὶ

2113 4782 2502 4853 ὑπεράπειρος,
2542 4782 2636 4835 καὶ
2690 4780 3071 4851 αύτοάπειρος.
3127 4781 3202 4835 Τὸ
3262 4782 3385 4853 μὲν,
3429 4784 3513 4836 ὅτι
3566 4780 3700 4849 ὑπὶρ

2108 4876 2283 4929 ταῦτα
2327 4874 2422 4927 καὶ
2461 4873 2809 4946 ἀσυγκρίτως
2846 4874 2964 4927 ὲστί
2987 4888 3003 4904 ·
3034 4874 3095 4927 τὸ
3123 4874 3200 4938 δὲ,
3246 4875 3331 4929 ὅτι
3368 4874 3569 4947 κυρίως
3615 4872 3695 4926 καὶ

2110 4964 2364 5038 πρώτως,
2396 4967 2492 5021 καὶ
2530 4966 2593 5020 οὐ
2632 4966 2774 5020 κατά
2800 4984 2920 5021 τινα
2953 4966 3183 5039 μετοχὴν
3213 4966 3247 5038 ἢ
3282 4968 3472 5038 σχέσιν
3508 4968 3539 5038 ἢ
3577 4965 3699 5031 σύγ·

2111 5074 2325 5130 κρισιν·
2354 5059 2417 5112 τὸ
2458 5059 2566 5132 γάρ
2595 5059 2765 5131 ὄνομα
2793 5059 2826 5131 ἢ
2858 5059 3018 5131 σῶμα
3055 5060 3088 5131 ἦ
3132 5061 3371 5131 πρᾶγμα
3417 5056 3696 5132 σημαξνέτ·

2112 5148 2256 5220 ὑπὲρ
2274 5147 2450 5203 ταῦτα
2472 5149 2529 5203 δὲ
2556 5150 2942 5221 ἀκατανοήτως
2971 5150 3065 5202 καὶ
3094 5148 3450 5220 ὲξῃρημένως
3473 5147 3536 5202 τὸ
3558 5145 3698 5200 Θείὀν

2108 5243 2250 5296 ἐστι.

427 5331 799 5388 habitudinem
840 5333 926 5388 vel
976 5335 1436 5404 comparationem
1484 5342 1601 5397 est;
1638 5345 1765 5387 nam
1800 5347 1999 5389 nomen
2053 5334 2137 5393 vel
2168 5350 2366 5405 corpus
2400 5334 2482 5391 vel
2534 5350 2655 5393 rem
2696 5334 2993 5407 signiﬁcat,
3045 5350 3212 5407 supra
3240 5336 3361 5394 haec
3402 5347 3583 5394 autem
3619 5335 3694 5391 di-

428 5425 610 5478 vinum
672 5441 870 5482 numen
916 5428 1537 5499 incomprehensibiliter
1578 5438 1634 5483 et
1683 5428 1987 5485 eminenter
2011 5430 2246 5489 exsistit.

502 5515 532 5587 ς
571 5517 613 5570 Ι.
638 5517 795 5572 Nune
836 5526 1041 5584 autem,
1068 5536 1103 5574 ο
1140 5520 1319 5587 beate,
1356 5521 1651 5576 secundum
1695 5523 1928 5592 gratiam
1956 5537 1984 5578 e

2213 5553 2217 5591 ι
2243 5528 2288 5580 ι.
2320 5524 2435 5579 Νῦν
2469 5524 2550 5590 δὲ,
2594 5520 2642 5579 ὦ
2689 5526 2946 5598 μακάριε,
2994 5527 3134 5589 κατά
3164 5528 3329 5601 χάριν
3355 5540 3450 5587 και
3478 5529 3695 5603 μετοχὴν

430 5608 896 5678 participationem
942 5610 1093 5680 ejus,
1136 5612 1230 5682 qui
1282 5610 1510 5675 beatus,
1558 5622 1616 5667 et
1659 5628 2005 5685 nequaquam

2113 5615 2209 5669 τοῦ
2247 5616 2398 5681 ὄντος
2433 5618 2725 5689 μακαρίου,
2753 5618 2848 5671 καὶ
2894 5618 2973 5699 μὴ.
3016 5622 3146 5692 κηρὶ
3190 5624 3288 5679 καὶ
3320 5624 3537 5695 θανάτῳ
3572 5624 3693 5679 ὑπο-

508 5751 625 5823 (3l)
656 5752 789 5812 Vide
832 5756 1051 5813 Scholia
1096 5758 1153 5814 S.
1193 5758 1440 5827 Malim,
1463 5767 1607 5817 tom.
1645 5760 1707 5830 ll,
1742 5777 1857 5835 cap.
1888 5779 1904 5817 ι
1938 5762 2013 5819 De
2042 5764 2231 5817 divinis
2262 5762 2576 5819 nominibus.
