3752 6306
82 288 176 342 639

656 285 743 340 DE
777 285 1031 342 DIVINIS
1062 286 1460 352 NOMINIBUS,
1495 287 1652 345 CAP.
1690 288 1733 345 l.
1769 321 1838 331 ——
1870 289 2217 349 PARAPHB.
2254 292 2735 353 PACHYMEBE.

3260 292 3368 359 610

83 410 332 474 κειμένου
364 404 531 467 Θεοῦ,
559 403 809 475 Τιμόθεε,
842 403 977 475 μετά
1007 404 1105 469 τὰς
1136 405 1451 475 θεολογικάς
1480 407 1657 459 ύποτυι

1845 417 1898 463 ιο
1949 410 2180 465 mortive
2224 408 2500 479 subjectus
2548 423 2666 481 est,
2716 412 2832 479 Del,
2881 414 3186 481 Timotheo,
3245 425 3364 486 pust

84 498 282 560 πώσεις
325 498 425 549 καὶ
480 501 921 569 προεισαγωγάς.
958 497 1148 569 Ἑτέρα
1190 498 1299 570 γὰρ
1328 498 1436 570 πρὸ
1472 498 1676 569 ταύτης

84 588 433 660 πραγματεία
462 588 543 659 τῷ
561 588 698 659 ἁγίῳ
718 588 1038 661 πεπόνηται,
1062 590 1403 661 στοιχειώδης
1419 591 1528 643 τῶν
1548 609 1613 643 πε
1621 591 1675 662 pi.

83 679 207 732 Θεοῦ
236 682 294 732 ἐν
322 683 451 745 ταῖς
485 681 728 752 Γραφαῖς
758 681 1082 751 είρημὲνων,
1114 675 1182 752 ἦς
1207 698 1351 745 τινος
1380 682 1517 734 κατά
1546 683 1675 735 ἀκο-

83 771 291 823 λουθίαν
318 772 355 840 ὴ
397 771 653 842 παροῦσα
680 770 1127 843 ἐπραγματεύθη.
1172 772 1328 825 Κατά
1358 770 1489 840 γοῦν
1530 772 1674 825 ὲκεί-

84 880 192 931 νην,
219 862 316 914 ἐπὶ
344 862 450 933 τὴν
494 864 605 916 τῶν
633 864 791 917 θείων
832 864 1109 935 ὀνομάτων
1152 863 1477 936 διασάφησιν
1518 882 1674 935 μετε-

83 956 357 1026 λεύσομαι.
382 953 885 1024 Ἀνάπτυξινγοῦν
924 953 1042 1009 εἶπε
1088 955 1187 1027 τὴν
1204 956 1674 1027 διασείφησιν,ὠς

85 1048 307 1117 ἐχόντων
336 1049 453 1101 τῶν
486 1048 743 1102 τοιούτων
774 1048 936 1103 θείων
976 1049 1257 1121 ὀνομάτων
1283 1048 1377 1102 τοῦ
1410 1051 1671 1121 φαινομέ-

84 1156 164 1190 νου
197 1136 525 1209 βαθύτερον.
560 1140 740 1192 Ἔστω
775 1139 833 1192 δὲ
858 1140 949 1193 καὶ
978 1139 1209 1192 ἐνταῦθα
1236 1138 1673 1212 προδιωμολογη-

88 1230 254 1299 μένον,
301 1232 387 1283 ὅτι
436 1233 538 1303 τὴν
574 1231 684 1285 τῶν
721 1232 851 1303 περὶ
894 1232 1030 1285 Θεοῦ
1070 1231 1375 1303 λεγομένων
1416 1233 1673 1304 ἀλήθειαν

84 1324 137 1377 ού
187 1322 557 1392 καταδοῦμεν,
600 1325 691 1376 κα)⁸
735 1323 1181 1394 καταδεσμοῦμεν
1226 1327 1283 1377 ἐν
1326 1324 1672 1397 ἀνθρωπίνης

88 1416 265 1484 σοφίας
297 1416 486 1468 πειθοῖ
514 1418 606 1469 καὶ
627 1416 769 1485 λόγῳ
787 1433 800 1446 ο
836 1416 1022 1480 ἄνετος
1048 1417 1157 1488 γὰρ
1197 1419 1290 1470 καὶ
1328 1418 1470 1489 ὑπὲρ
1494 1420 1671 1473 πάντα

83 1506 142 1557 τὰ
169 1506 296 1558 ὄντα
325 1506 502 1563 ἐστὶν,
543 1504 681 1558 ὥστε
723 1504 796 1576 μὴ
826 1507 890 1558 ὲκ
918 1505 1121 1559 τούτων
1161 1508 1291 1560 ποτέ
1322 1508 1671 1580 συλλογισθῆο

84 1616 159 1649 ναι
190 1613 204 1627 ο
230 1598 264 1665 ἡ
295 1596 411 1667 γάρ
439 1596 752 1667 ἀνθρωπίνη
788 1597 947 1665 σοφία
996 1599 1060 1650 ἐκ
1110 1598 1216 1651 τῶν
1262 1598 1535 1669 αἰσθητῶν
1570 1598 1671 1664 τάς

84 1690 376 1754 ἀποδείξεις
404 1690 734 1762 ἐρανίζεται.
768 1690 940 1762 Εἴπερ
966 1691 1023 1744 δὲ
1050 1692 1142 1744 καὶ⁸
1167 1693 1335 1763 αὐτὴν
1365 1692 1536 1756 εἴποις
1570 1692 1669 1764 τὴν

83 1780 270 1850 ἀμεσον
320 1780 611 1851 πρότασιν,
644 1780 766 1850 ἥτις
808 1780 957 1832 ἐστὶν
999 1779 1339 1845 αύτόπιστος,
1396 1782 1486 1835 καὶ
1527 1781 1665 1853 αῦτη

82 1872 141 1924 ὲκ
169 1871 275 1924 τῶν
326 1871 579 1942 μερικῶν
628 1872 930 1943 αἰσθήσεων
968 1872 1043 1943 τῷ
1082 1872 1157 1943 νῷ
1202 1872 1522 1941 συνάγεταιο
1573 1875 1665 1926 ἐπὶ

79 1961 133 2015 δὲ
153 1961 256 2014 τῶν
288 1962 442 2032 ὑπὲρ
471 1964 653 2015 πᾶσαν
678 1961 863 2015 οὐσίαν
896 1962 1012 2027 πῶς
1053 1963 1119 2016 ἀν
1157 1981 1241 2026 τις
1277 1962 1508 2031 λογικῶς
1546 1966 1666 2016 ἐπι-

83 2054 342 2125 στήσειεν,
388 2056 440 2106 εί
492 2054 568 2124 μὴ
607 2050 757 2124 μόλις
798 2053 878 2123 τῷ
914 2054 1199 2125 ἀκροτάτῳ
1242 2054 1394 2107 ἄνθει
1436 2054 1533 2107 τοῦ
1573 2053 1666 2107 νοῦ

78 2144 159 2197 διὰ
209 2147 310 2215 τῆς
368 2144 703 2215 εἰλικρινοῦς
758 2145 1037 2210 εὐσεϐείας
1088 2146 1369 2218 ἀλαλήτως
1431 2149 1667 2200 συννοεῖν

79 2237 310 2302 δύναιτο;
347 2239 467 2307 Ούχ
498 2236 641 2290 οὕτω
674 2238 803 2306 γοῦν
840 2240 932 2292 καὶ
966 2237 1253 2309 εύοδοῦμεν
1284 2241 1383 2311 τὴν
1412 2241 1668 2312 ἀλήθειαν

78 2332 132 2383 ἐν
157 2331 328 2384 πειθοῖ
355 2331 712 2401 ἀνθρωπίνης
746 2331 956 2401 σοφίας,
994 2331 1109 2385 ἀλλ’
1151 2335 1211 2385 ἐν
1250 2333 1520 2398 ἀποδείξει
1564 2335 1666 2405 τῆς

78 2423 176 2475 τῶν
205 2422 481 2492 θεολόγων
511 2423 814 2493 δυνάμεως,
846 2424 968 2478 καθ’
994 2424 1061 2496 ἥν
1084 2422 1196 2485 τοῖς
1216 2423 1544 2494 ἀφθέγκτοις
1573 2428 1666 2479 καὶ

78 2514 365 2582 ἀγνώστοις
418 2513 801 2585 συναπτόμεθα
845 2516 1076 2587 νοερῶς·
1126 2515 1283 2570 τοῦτο
1318 2517 1426 2589 γάρ
1455 2520 1568 2571 ἐστι
1606 2519 1668 2572 τὸ

78 2609 413 2678 ἀρθέγκτως
444 2610 541 2662 καὶ
561 2608 899 2677 ἀγνῶσι-ως.
918 2610 986 2661 Εἴ
1000 2627 1051 2662 τι
1072 2610 1180 2681 γάρ
1197 2610 1261 2663 ἂν
1278 2608 1565 2679 φθέγξαιτό
1584 2629 1667 2676 τις

75 2700 155 2755 διὰ
181 2702 559 2767 διδασκαλίαν,
589 2701 682 2753 καὶ
709 2700 763 2753 εί
784 2717 839 2753 τι
867 2700 1133 2769 γνώσεται
1160 2700 1246 2754 διὰ
1283 2702 1537 2772 μάθησιν,
1565 2704 1669 2757 ούκ

83 2796 187 2849 ἔστι
210 2794 559 2865 κατάλληλον
587 2789 706 2857 ταῖς
733 2792 861 2865 περὶ
902 2792 1037 2845 Θεοῦ
1074 2792 1323 2857 ἐννοίαις,
1356 2795 1403 2846 εί
1442 2791 1515 2863 μή
1549 2809 1667 2857 πως

73 2888 479 2959 ἐνδυναμωθείη
512 2887 622 2939 τῶν
660 2886 861 2959 νοερῶν
895 2888 1053 2959 ήμῶν
1081 2889 1200 2950 ταῖς
1234 2890 1669 2960 πνευματοκινή-

72 2998 176 3044 τοις
209 2980 547 3048 θεολογίαις,
581 2979 674 3032 ἐπὶ
719 2978 797 3051 τῷ
838 2980 1141 3050 διατεθῆναι
1169 2980 1248 3043 είς
1276 2979 1374 3051 τὴν
1412 2979 1667 3050 τοιαύτην

72 3071 368 3139 ἄφθεγκτον
402 3068 663 3138 σύναψιν,
704 3068 843 3122 κατά
874 3070 973 3141 τὴν
1012 3069 1297 3141 κρείττονα
1343 3068 1535 3123 ἕνωσιν
1566 3070 1666 3140 τῆς

1776 501 2110 571 tlteologicas
2189 501 2608 559 informationes
2670 514 2724 559 et
2794 508 3361 577 przeiutroductiones.

1774 592 1927 647 Alius
1960 596 2104 647 enim
2134 605 2260 649 ante
2308 596 2453 650 hunc
2499 611 2529 650 a
2561 608 2753 653 sancto
2792 601 2894 655 hoc
2938 601 3251 656 elaboratus
3280 610 3366 657 est

1778 692 2057 748 tractatus,
2082 686 2434 741 elementaris
2481 703 2668 743 eorum
2711 706 2829 758 quae
2864 691 2932 746 de
2964 693 3075 748 Deo
3109 692 3163 747 in
3208 692 3362 749 Scri-

1775 775 1951 844 pturis
1980 775 2122 829 dicta
2171 786 2319 841 sunt,
2351 785 2475 845 post
2521 794 2707 847 quent,
2754 783 3047 837 secundum
3091 784 3361 850 ordinem,

1774 881 2014 936 praesens
2045 868 2131 921 hic
2158 867 2297 923 liber
2335 876 2421 923 est
2451 871 2804 939 compositus.
2838 870 2965 926 Post
2997 873 3149 927 illum
3181 875 3364 943 itaque

1773 959 1841 1010 ad
1903 957 2213 1011 divinorum
2270 959 2548 1013 nominum
2616 961 3037 1029 explicationem
3096 966 3359 1022 transibo.

1787 1044 2136 1111 Ἀνάπτυξιν.
2186 1048 2237 1102 id
2279 1059 2364 1104 est
2420 1053 2850 1122 explicationem,
2923 1054 3091 1125 igitur
3140 1060 3362 1113 vocavit

1771 1136 2124 1208 διασάφησιν.
2153 1139 2204 1194 id
2237 1149 2321 1195 est
2347 1146 2789 1208 declarationem,
2816 1147 2960 1215 quod
3002 1148 3115 1203 lucc
3175 1150 3360 1204 diVina

1775 1229 1993 1282 nomina
2020 1230 2150 1298 quid
2181 1230 2500 1300 profundius
2526 1235 2847 1289 contineant
2893 1251 3056 1306 quam
3113 1238 3165 1293 id
3209 1240 3357 1309 quod

1773 1327 2014 1387 apparet.
2053 1318 2135 1372 Sit
2169 1329 2351 1373 autem
2376 1321 2545 1374 etiam
2580 1321 2670 1374 hic
2698 1332 2823 1376 ante
2865 1323 2918 1377 itt
2950 1325 3225 1390 confesso,
3256 1341 3360 1380 nos

1772 1427 1960 1466 eorum
1993 1426 2114 1481 quae
2141 1414 2207 1467 de
2239 1413 2346 1466 Deo
2377 1414 2635 1467 dicuntur
2667 1413 2948 1468 veritatem
2979 1416 3204 1471 minime
3244 1426 3359 1471 tra-

1773 1505 1925 1569 dere,
1954 1514 2008 1559 et
2058 1505 2364 1571 astringere
2406 1505 2655 1560 humanae
2701 1508 2982 1575 sapientia:
3018 1510 3355 1577 persuasioni

1774 1609 1938 1668 atque
1965 1597 2230 1663 sermoni;
2262 1598 2830 1666 incomprehensibilis
2859 1603 3006 1655 enim
3040 1612 3145 1667 est,
3170 1612 3224 1656 et
3266 1617 3362 1656 su-

1772 1705 1876 1760 per
1915 1690 2096 1771 omnia
2142 1705 2262 1759 quze
2288 1690 2585 1755 exsistunt,
2618 1692 2689 1745 ita
2738 1702 2796 1747 ut
2845 1707 2911 1747 ex
2953 1690 3360 1763 ltisttttaquam

1772 1782 1954 1853 colligi
1988 1784 2195 1853 possit:
2233 1798 2356 1837 nam
2388 1785 2623 1838 humana
2651 1786 2919 1855 sapientia
2949 1801 3015 1840 ex
3051 1788 3209 1840 rebus
3238 1802 3365 1841 sett-

1770 1875 2017 1930 sibilibus
2044 1876 2537 1931 demonstrationes
2564 1878 2893 1931 entendicat.
2926 1878 3083 1944 Quod
3112 1878 3157 1933 si
3191 1879 3359 1933 etiam

1770 1970 1975 2024 dixeris
2006 1971 2179 2039 ipsam
2210 1970 2579 2023 immediatam
2610 1985 2732 2025 esse
2764 1972 3194 2039 prapositionem
3241 1986 3364 2039 quas

1769 2076 1869 2130 per
1917 2076 1978 2115 se
2024 2058 2310 2115 credibilis
2353 2061 2460 2127 sit,
2510 2068 2567 2114 et
2609 2076 2679 2116 ex
2726 2062 3048 2130 partialibus
3110 2064 3364 2117 sensibus

1770 2153 1939 2206 menti
1972 2152 2291 2221 applicetur,
2324 2152 2597 2221 quomodo
2641 2150 2709 2206 de
2742 2152 2805 2206 iis
2834 2168 2956 2222 quae
3001 2168 3219 2207 omnem
3266 2168 3362 2207 su-

1769 2252 1960 2314 perant
2016 2244 2312 2298 essentiam
2371 2243 2686 2297 ratiocinari
2731 2244 2852 2312 quis
2876 2244 3090 2313 poterit,
3125 2243 3224 2297 nisi
3257 2243 3365 2298 sal-

1772 2342 1881 2386 tem
1917 2347 2133 2387 suntmo
2175 2332 2376 2387 utentis
2416 2332 2603 2403 vigore
2653 2349 2752 2402 per
2794 2350 2986 2403 puram
3040 2334 3359 2403 religionem

1769 2425 1931 2478 modo
1988 2424 2355 2492 inexplicabili
2411 2425 2499 2479 illa
2550 2425 2730 2479 valeat
2774 2426 2991 2494 assequi
3038 2424 3363 2496 cogitando?

1770 2516 1884 2570 Non
1913 2516 1993 2570 sic
2025 2516 2209 2585 itaque
2238 2516 2523 2571 veritatem
2561 2517 2613 2571 in
2646 2518 2897 2572 humanae
2926 2518 3211 2586 sapientia:
3234 2531 3364 2585 per-

1770 2608 2133 2662 suasibilitate
2164 2608 2579 2677 iuvestigamus,
2620 2608 2715 2664 sed
2748 2611 2801 2662 itt
2838 2608 3153 2663 ostensione
3182 2618 3362 2660 vtrtu-

1772 2702 1841 2755 tis
1883 2700 2277 2769 theologorum,
2310 2715 2415 2769 qna
2445 2700 2612 2755 rebus
2655 2700 3021 2757 ineﬂ‘abilibus
3064 2711 3116 2756 et
3161 2701 3364 2772 ignotis

1769 2792 2000 2864 spiritali
2030 2793 2192 2846 modo
2234 2793 2645 2863 conjungimttr,
2675 2793 2777 2848 ltoc
2804 2794 2950 2848 enim
2990 2803 3074 2849 est
3110 2790 3370 2859 ineffabili

1768 2894 1823 2939 ει
1862 2880 2060 2948 ignoto.
2098 2882 2233 2937 Nam
2270 2885 2312 2937 si
2348 2886 2475 2953 quis
2506 2885 2706 2954 aliquid
2735 2884 2978 2955 proferat
3009 2886 3274 2951 docendo,
3306 2897 3363 2940 et

1770 2975 2027 3029 discendo
2055 2987 2368 3043 cognoscat,
2403 2991 2741 3046 nequaquam
2774 2977 2826 3030 id
2854 2992 2977 3031 cum
3011 2977 3077 3031 iis
3123 2992 3244 3047 qua:
3293 2979 3362 3031 de

1772 3067 1883 3121 Deo
1917 3076 2046 3119 sunt
2092 3066 2409 3120 notionibus
2455 3068 2764 3131 conveniet,
2801 3068 2904 3122 nisi
2947 3068 3224 3135 spiritales
3263 3085 3362 3124 no-

72 3160 183 3213 καθ’
225 3162 379 3233 ἡμᾶς
421 3159 654 3229 λογικῆς
707 3160 802 3212 καὶ
841 3161 1035 3231 νοερᾶς
1081 3160 1384 3232 δυνάμεως,
1433 3162 1556 3216 καθ’
1598 3164 1657 3234 ἣν

1842 3174 1897 3213 'a:
1930 3158 2224 3213 facultates
2250 3162 2578 3215 roborentur
2607 3160 2802 3213 divinis
2841 3162 3147 3215 rationibus
3168 3178 3199 3214 a
3232 3162 3360 3230 Spi-

72 3253 337 3323 δννάμεθα
371 3255 557 3305 εἰπεῖν
578 3268 631 3304 τι
661 3252 756 3304 καὶ
779 3252 989 3321 νοῆσαι,
1020 3246 1110 3305 καὶ
1128 3254 1428 3325 ἐνεργείας,
1453 3253 1573 3308 καθ’
1596 3255 1663 3325 ἣν

70 3340 287 3416 λέγομεν
316 3344 350 3414 ἢ
372 3342 631 3413 νοοῦμεν.
664 3342 832 3395 Τοῦτο
852 3342 910 3396 δέ
954 3346 1089 3409 ἐστι,
1122 3345 1203 3398 ὅτι
1242 3345 1321 3417 τῷ
1346 3346 1517 3417 ὁμοίῳ
1544 3343 1662 3400 ἐστὶ

69 3441 245 3510 νοῆσαι
288 3440 353 3493 τὸ
394 3440 605 3509 ὅμοιον.
649 3436 729 3490 Τά
769 3436 900 3506 γοῦν
941 3436 1061 3490 καθ’
1108 3439 1253 3509 ἡμᾶς
1301 3439 1389 3494 διά
1435 3440 1662 3510 λογικῆς

73 3534 282 3603 μεθόδου
333 3532 429 3587 κού⁸
476 3533 791 3603 ἐπιστήμης
836 3530 1195 3604 γινώσκομεν,
1247 3532 1517 3601 λέγοντες,
1568 3531 1662 3587 καὶ

68 3626 143 3679 διὰ
170 3628 370 3699 νοερᾶς
396 3625 688 3695 δυνάμεως
712 3622 804 3677 καὶ
838 3625 1135 3696 ἐνεργείας,
1172 3625 1313 3678 κατά
1359 3624 1458 3697 τὴν
1490 3642 1661 3697 προσ-

69 3720 297 3791 ήκουσαν
348 3716 647 3785 ἀναλογίαν
681 3717 779 3787 τῆς
818 3710 1262 3788 γιγνωσκομένης
1299 3718 1526 3789 νοοῦμεν
1569 3717 1664 3772 καὶ

67 3808 167 3865 οἷον
194 3802 415 3873 τούτοις
447 3803 832 3878 συναπτόμεθα
872 3802 965 3861 καὶ
1008 3802 1293 3878 ἐνούμεθα.
1320 3808 1406 3872 Ὠς
1436 3809 1545 3880 γὰρ
1570 3804 1663 3860 ἐπὶ

67 3903 155 3972 τῆς
178 3902 499 3972 αἰσθήσεως
556 3899 689 3968 ἔχει,
728 3899 809 3951 ὅτι
858 3897 977 3951 τότε
1022 3898 1407 3970 αἰσθανόμεθα,
1450 3901 1539 3952 ὅτε
1585 3900 1663 3971 τῷ

68 3994 302 4065 αἰσθητῷ
330 3993 554 4045 ἑνοῦται
590 3986 623 4060 ἡ
652 3990 935 4061 αἴσθησις·
966 3988 1110 4043 οῦτω
1138 3991 1233 4043 καὶ
1273 3991 1366 4043 ἐπὶ
1408 3985 1505 4061 τῆς
1539 3992 1665 4061 νοήο

69 4100 193 4148 σεως
224 4085 343 4155 ἔχει
363 4102 375 4114 ·
412 4083 513 4136 καὶ
540 4081 648 4152 γὰρ
666 4080 745 4151 τῷ
763 4080 937 4151 νοητῷ
962 4076 1175 4132 ἑνοῦται
1207 4080 1236 4131 ὁ
1257 4078 1399 4142 νοῦς,
1428 4074 1516 4131 ὅτε
1540 4078 1665 4131 τού*

69 4193 149 4229 τον
183 4175 675 4246 ἀντιλαμϐάνεται.
709 4174 816 4226 Καὶ
842 4172 1013 4226 ταῦτα
1053 4172 1151 4243 μὲν
1182 4172 1275 4224 ἐπὶ
1302 4171 1411 4224 τῶν
1450 4171 1625 4225 ἄλλων
1644 4180 1659 4202 ⁵
1688 4226 1701 4233 ,

68 4270 147 4321 ἐπὶ
196 4270 257 4324 δέ
305 4286 371 4338 γε
413 4266 513 4321 τοῦ
553 4265 718 4331 θείου,
741 4265 1037 4336 ἐπειδήπερ
1066 4265 1165 4318 οὐκ
1205 4264 1401 4335 ἔχομέν
1440 4282 1494 4317 τι
1525 4263 1662 4316 Θεοῦ

66 4360 385 4430 οἰκειότερον
414 4356 581 4425 λόγου
628 4356 724 4409 καὶ
751 4354 865 4419 νοῦ,
900 4355 1062 4409 πάλιν
1104 4348 1309 4408 τούτων
1334 4353 1401 4407 τά
1430 4354 1665 4426 κρείττω

67 4452 146 4502 καὶ
175 4446 288 4503 οἷον
334 4449 500 4518 ἀνθ-η,
545 4446 637 4499 καὶ⁸
668 4446 838 4499 ταῦτα
880 4445 1265 4517 κεκαθαρμὲνα
1304 4444 1667 4517 παραλαμϐά-

66 4558 249 4605 νονται,
293 4541 373 4604 ὡς
406 4540 475 4594 ἂν
496 4531 525 4588 ὁ
552 4538 676 4601 νοῦς
699 4538 796 4608 μὲν
828 4537 1007 4601 ποσῶς
1032 4538 1164 4609 γνῷ,
1188 4540 1215 4591 ὁ
1243 4536 1296 4589 δὲ
1322 4536 1477 4604 λόγος
1506 4537 1666 4605 ἐξαγε-

66 4634 206 4708 γείλῃ
230 4634 305 4687 τὰ
339 4632 488 4703 ὑπὲρ
513 4632 684 4700 ἡμᾶς.

1776 3249 1880 3301 ritu
1914 3258 2104 3302 sancto
2146 3249 2328 3315 motis,
2352 3250 2547 3319 quibus
2572 3252 2637 3301 ad
2669 3250 2827 3304 talem
2862 3251 3190 3307 ineffabilem
3224 3270 3362 3309 con-

1760 3340 2094 3408 junctiouem
2136 3342 2518 3410 disponantur,
2563 3344 2863 3396 secundum
2920 3345 3361 3399 excellentiorem

1766 3434 2054 3504 rationalis
2099 3444 2153 3488 et
2208 3435 2591 3488 intellectualis
2642 3447 2843 3491 nostrae
2897 3437 3157 3503 virtutis,
3206 3438 3360 3506 juxta

1764 3538 1926 3594 quam
1982 3525 2185 3594 aliquid
2239 3526 2393 3580 emtri
2427 3538 2481 3581 et
2515 3529 2806 3598 concipere
2853 3528 3156 3595 Valeamus,
3200 3543 3365 3601 atque

1765 3617 2104 3686 operationis
2122 3621 2402 3684 unionem,
2420 3621 2719 3675 secundum
2747 3636 2910 3690 quam
2929 3622 3164 3678 dicimus
3182 3624 3265 3679 vel
3289 3625 3366 3678 itt-

1769 3709 2085 3780 telligiutus.
2112 3710 2222 3765 Hoc
2244 3722 2424 3765 autem
2458 3721 2561 3778 est,
2587 3714 2732 3782 quod
2760 3715 2957 3771 similis
2984 3716 3073 3780 sit,
3100 3730 3260 3771 nosse
3284 3719 3363 3771 si—

1767 3800 1915 3855 mile.
1939 3799 2208 3854 Nostratia
2234 3802 2421 3871 itaque
2456 3802 2706 3855 rationali
2727 3804 2984 3858 methodo
3002 3814 3163 3873 atque
3183 3806 3362 3860 scien-

1772 3893 1844 3946 tia
1881 3892 2179 3955 noscimus,
2210 3893 2473 3956 dicentes,
2518 3907 2617 3947 nos
2649 3893 2980 3961 intelligendi
3012 3896 3063 3949 vi
3088 3904 3138 3950 et
3162 3911 3358 3964 opera-

1774 3985 1944 4046 tione,
1984 3985 2283 4037 secundum
2320 3986 2738 4040 convenientem
2767 3988 2885 4055 ejus
2907 3986 3048 4055 quod
3078 3988 3363 4057 cognosci-

1769 4085 1855 4129 tur
1880 4076 2292 4144 proportionem
2322 4075 2650 4144 intelligere,
2676 4086 2731 4131 et
2756 4079 3159 4146 quodammodo
3188 4079 3355 4135 rebus

1768 4165 1900 4235 ipsis
1930 4164 2181 4234 conjungi
2212 4174 2269 4218 et
2294 4165 2460 4218 uttiri.
2494 4165 2663 4235 299
2692 4165 3162 4232 Quemadmodum
3208 4170 3357 4222 enim

1768 4258 1821 4311 in
1854 4270 2013 4309 sensu
2051 4256 2328 4321 usuvenit,
2362 4266 2420 4309 ttt
2446 4266 2573 4311 tunc
2597 4257 2919 4321 sentiamus,
2942 4259 3159 4327 quando
3187 4260 3364 4315 sensi-

1768 4348 1859 4402 bili
1890 4362 2090 4400 sensus
2118 4347 2489 4417 conjungitur,
2517 4349 2597 4403 sic
2622 4350 2786 4403 etiam
2810 4350 2863 4404 in
2898 4350 3271 4408 intellectione
3300 4368 3361 4408 se

1769 4456 1857 4495 res
1890 4440 2092 4505 habet;
2139 4455 2263 4492 natu
2312 4440 2478 4494 etiam
2512 4441 2833 4510 iutelligibili
2887 4444 3196 4499 intellectus
3236 4445 3358 4499 utti-

1771 4542 1883 4596 tur,
1942 4530 2160 4601 quando
2211 4531 2340 4584 illud
2395 4534 2771 4602 apprehendit.
2830 4536 2899 4589 Et
2962 4536 3077 4589 ltzec
3136 4537 3358 4604 quidem

1690 4609 1737 4665 Ι)
1762 4624 1941 4695 quoad
1976 4623 2113 4677 alia:
2142 4624 2319 4692 quoad
2353 4624 2520 4679 Deum
2553 4640 2705 4692 vero,
2734 4642 2858 4680 cum
2886 4628 3021 4682 nihil
3055 4627 3357 4683 habeamus

68 4726 163 4782 Deo
186 4728 370 4795 magis
392 4724 559 4778 aliine
580 4737 741 4791 quam
766 4730 1000 4776 mentem
1027 4736 1089 4775 ac
1115 4722 1406 4783 rationem,
1433 4733 1649 4773 rursum
1676 4732 1739 4770 ea
1764 4731 1882 4785 qua:
1901 4716 2093 4769 barum
2122 4715 2406 4782 potissima
2433 4724 2560 4770 sunt
2584 4726 2639 4771 et
2661 4718 2816 4787 quasi
2838 4717 3020 4782 ﬂores,
3050 4719 3162 4771 hate
3186 4718 3354 4771 etiam

68 4831 283 4890 purgata
319 4816 695 4884 accipiuntur,
718 4814 790 4866 ita
813 4822 941 4865 utet
968 4827 1119 4865 mens
1136 4813 1351 4881 quidem
1379 4807 1782 4878 quodammodo
1802 4814 2097 4875 cognoscat
2123 4845 2138 4869 ,
2160 4807 2299 4859 ratio
2318 4820 2447 4861 vero
2470 4807 2716 4860 enuntiet
2739 4822 2859 4875 qua:
2884 4823 3045 4876 supra
3080 4822 3181 4861 nos
3204 4818 3351 4864 sunt.

127 4913 377 4967 Καθόλου
414 4904 710 4977 τοιγαροῦν
737 4906 800 4957 οὐ
832 4898 1128 4975 τολμητέον
1157 4903 1279 4956 οὔτε
1310 4904 1505 4963 εἰπεῖν,
1532 4898 1657 4953 οῦτε

69 5004 159 5074 μὴν
191 5000 455 5073 ἐννοῆσαί
491 5008 547 5049 τι
573 4996 700 5068 περὶ
727 4997 823 5068 τῆς
852 4996 993 5068 ὑπὲρ
1022 4997 1201 5048 πᾶσαν
1248 4993 1436 5046 ούσίαν
1464 4993 1658 5063 αἰσθη-

67 5096 150 5165 τήν
175 5114 233 5151 τε
266 5096 368 5149 καὶ
404 5087 604 5160 νοεράν
643 5087 828 5159 οὔσης,
863 5089 955 5141 καὶ
987 5087 1225 5161 κρυφίας
1252 5088 1316 5157 τῇ
1343 5084 1502 5154 φύσει
1530 5078 1662 5137 Θεό-

68 5204 229 5258 τητος,
266 5186 431 5259 παρά
459 5184 532 5237 τά
556 5179 893 5252 ἐνδειχθέντα
932 5184 1065 5253 ἡμῖν
1106 5183 1170 5233 ἐκ
1212 5180 1319 5232 τῶν
1355 5177 1517 5249 ἱερῶν
1559 5177 1655 5231 καὶ

68 5278 207 5333 θείων
250 5279 483 5349 λογίων,
518 5272 556 5326 ἃ
586 5273 649 5344 δὴ
684 5274 775 5327 καὶ
817 5273 999 5338 ποσῶς
1025 5276 1054 5327 ὁ
1079 5271 1345 5344 ἡμέτερος
1392 5269 1515 5332 νοῦς
1565 5271 1663 5322 καὶ

67 5366 203 5439 λόγος
252 5360 643 5440 ἐνασμενίζει*
697 5366 795 5437 τὴν
839 5364 949 5437 γὰρ
988 5362 1308 5436 ὑπερούσιον
1345 5362 1654 5432 ἐπιστήμην

66 5463 150 5532 τῆς
174 5463 462 5534 ἀγνωσίας
506 5458 606 5529 τῆς
636 5456 774 5527 ὑπὲρ
800 5452 975 5525 λόγον,
1009 5452 1102 5510 καὶ
1144 5455 1289 5518 νοῦν,
1326 5456 1420 5508 καὶ
1464 5453 1654 5506 ούσίαν

69 5554 543 5627 ὑπερουσιότητος,
590 5549 725 5619 αὐτῇ
774 5542 909 5622 μόνῃ
949 5545 1253 5602 ἀναθετέον.
1290 5547 1429 5617 Ὅρα
1470 5546 1526 5599 δὲ
1561 5546 1657 5598 καλ⁸

66 5646 365 5719 ἐπιστήμην
411 5639 715 5711 ἀγνωσίας,
747 5642 806 5693 ού
841 5641 999 5711 μόνον
1045 5638 1330 5709 γνώσεωςο
1370 5637 1443 5709 μὴ
1496 5637 1654 5708 μόνον

67 5738 159 5811 γὰρ
184 5742 242 5793 τὸ
272 5740 326 5792 τί
356 5741 485 5791 ἐστι
531 5731 664 5793 Θεὸς
702 5733 1077 5803 ἐπιστημόνως
1116 5731 1213 5783 ούκ
1251 5728 1441 5799 ἔχομεν
1479 5726 1656 5799 (τοῦτο

1842 4898 1986 4953 Nihil
2020 4900 2185 4966 igitur
2215 4899 2443 4952 outnitto
2469 4900 2902 4967 pra-sumenduttt
2945 4899 3128 4953 dicere
3156 4899 3235 4954 vel
3263 4915 3357 4955 co-

1770 4993 1945 5063 gitare
1988 4992 2055 5047 de
2103 5008 2166 5046 ea
2218 5006 2339 5061 qua:
2380 5006 2546 5060 supra
2606 5006 2821 5045 omnem
2868 4992 3191 5054 essentiam,
3243 5002 3353 5048 tam

1771 5085 2029 5140 sensilem
2074 5101 2241 5156 quant
2288 5083 2753 5147 intellectualem,
2794 5084 2959 5139 etiam
3012 5094 3207 5139 natura
3256 5102 3353 5141 stta

1770 5179 1957 5233 abdita
1996 5188 2104 5243 est,
2134 5178 2367 5240 Deitate,
2396 5189 2593 5244 pt':eter
2632 5176 2720 5229 illa
2754 5193 2874 5246 qua:
2908 5192 2974 5229 ex
3002 5178 3176 5231 sacris
3215 5178 3355 5231 divi-

1771 5270 1963 5339 nisque
1987 5270 2225 5325 oraculis
2249 5279 2375 5322 suut
2402 5267 2777 5332 manifestata,
2801 5268 3001 5336 quibus
3024 5268 3189 5322 etiam
3214 5284 3354 5337 quo-

1760 5362 2053 5415 dammodo
2080 5376 2232 5415 mens
2258 5368 2442 5413 nostra
2492 5361 2738 5427 ratioque
2764 5360 3098 5423 delectatur;
3147 5374 3271 5412 naut
3297 5370 3354 5421 et

1759 5467 2068 5507 sermonem
2086 5462 2140 5507 et
2170 5451 2503 5505 iutellectuttt
2528 5460 2583 5505 et
2605 5453 2903 5505 essentiam
2924 5451 3142 5506 excedit
3166 5467 3353 5522 supero

1760 5545 2177 5600 essentialitatis
2201 5542 2318 5608 ejus
2348 5544 2637 5611 ignoratio,
2669 5544 2756 5597 cui
2781 5544 2879 5598 soli
2911 5545 3353 5612 superessentia-

1762 5630 1830 5691 lis
1891 5637 2121 5691 scientia
2187 5634 2474 5687 tribuenda
2529 5644 2635 5689 est.
2701 5635 2943 5691 Observa
3001 5648 3131 5687 vero
3187 5635 3353 5688 etiam

1762 5726 2046 5784 Scientiatn
2067 5726 2448 5797 ignoratiottis,
2471 5736 2524 5781 et
2570 5742 2675 5782 non
2723 5736 2936 5782 tantum
2969 5725 3304 5794 cognitionis
3333 5741 3347 5782 :
