  <div class='ocr_page' id='page_1' title='image "/cluster/home/n/w/nwhite01/storage/ocr_20150623/3/hvd.32044014713192/313.png"; bbox 0 0 3752 6296; ppageno 0'>
   <div class='ocr_carea' id='block_1_1' title="bbox 418 257 518 315">
    <p class='ocr_par' dir='ltr' id='par_1_1' title="bbox 418 257 518 315">
     <span class='ocr_line' id='line_1_1' title="bbox 418 257 518 315; baseline -0.01 0"><span class='ocrx_word' id='word_1_1' title='bbox 418 257 518 315; x_wconf 74' lang='lat' dir='ltr'><strong>6H</strong></span> 
     </span>
    </p>
   </div>
   <div class='ocr_carea' id='block_1_2' title="bbox 1592 253 3671 317">
    <p class='ocr_par' dir='ltr' id='par_1_2' title="bbox 1592 253 3671 317">
     <span class='ocr_line' id='line_1_2' title="bbox 1592 253 3671 317; baseline 0.002 -6"><span class='ocrx_word' id='word_1_2' title='bbox 1592 254 1652 313; x_wconf 88' lang='lat' dir='ltr'><strong>S.</strong></span> <span class='ocrx_word' id='word_1_3' title='bbox 1686 253 1991 313; x_wconf 79' lang='lat' dir='ltr'><strong>DIONYSII</strong></span> <span class='ocrx_word' id='word_1_4' title='bbox 2025 256 2492 317; x_wconf 73' lang='lat' dir='ltr'><strong>AREOPAGI&#39;DE</strong></span> <span class='ocrx_word' id='word_1_5' title='bbox 3583 258 3671 315; x_wconf 63' lang='lat'><strong>6!!</strong></span> 
     </span>
    </p>
   </div>
   <div class='ocr_carea' id='block_1_3' title="bbox 395 365 1877 446">
    <p class='ocr_par' dir='ltr' id='par_1_3' title="bbox 395 365 1851 439">
     <span class='ocr_line' id='line_1_3' title="bbox 395 365 1851 439; baseline 0.001 -14"><span class='ocrx_word' id='word_1_6' title='bbox 395 384 507 425; x_wconf 89' lang='lat' dir='ltr'><strong>non</strong></span> <span class='ocrx_word' id='word_1_7' title='bbox 532 368 708 426; x_wconf 91' lang='lat' dir='ltr'><strong>solum</strong></span> <span class='ocrx_word' id='word_1_8' title='bbox 741 368 887 425; x_wconf 86' lang='lat' dir='ltr'><strong>enim</strong></span> <span class='ocrx_word' id='word_1_9' title='bbox 926 381 1033 423; x_wconf 88' lang='lat' dir='ltr'><strong>non</strong></span> <span class='ocrx_word' id='word_1_10' title='bbox 1068 365 1316 437; x_wconf 78' lang='lat' dir='ltr'><strong>capimus</strong></span> <span class='ocrx_word' id='word_1_11' title='bbox 1353 366 1498 424; x_wconf 88' lang='lat' dir='ltr'><strong>scite</strong></span> <span class='ocrx_word' id='word_1_12' title='bbox 1530 369 1663 439; x_wconf 90' lang='lat' dir='ltr'><strong>quid</strong></span> <span class='ocrx_word' id='word_1_13' title='bbox 1709 369 1851 426; x_wconf 87' lang='lat' dir='ltr'><strong>Deus</strong></span> 
     </span>
    </p>
   </div>
   <div class='ocr_carea' id='block_1_4' title="bbox 2185 365 3667 446">
    <p class='ocr_par' dir='ltr' id='par_1_4' title="bbox 2185 369 3667 443">
     <span class='ocr_line' id='line_1_4' title="bbox 2185 369 3667 443; baseline 0.001 -19"><span class='ocrx_word' id='word_1_14' title='bbox 2185 391 2195 423; x_wconf 64' lang='grc' dir='ltr'><strong>ι</strong></span> <span class='ocrx_word' id='word_1_15' title='bbox 2237 375 2384 426; x_wconf 82' lang='grc' dir='ltr'>ἑστιν</span> <span class='ocrx_word' id='word_1_16' title='bbox 2422 370 2726 443; x_wconf 88' lang='grc' dir='ltr'>ἀδύνατον),</span> <span class='ocrx_word' id='word_1_17' title='bbox 2776 370 2915 425; x_wconf 87' lang='grc' dir='ltr'><strong>ἀλλά</strong></span> <span class='ocrx_word' id='word_1_18' title='bbox 2966 374 3062 426; x_wconf 79' lang='grc' dir='ltr'>καὶ</span> <span class='ocrx_word' id='word_1_19' title='bbox 3116 371 3177 427; x_wconf 86' lang='grc' dir='ltr'><strong>τδ</strong></span> <span class='ocrx_word' id='word_1_20' title='bbox 3230 371 3286 423; x_wconf 82' lang='grc' dir='ltr'><strong>τί</strong></span> <span class='ocrx_word' id='word_1_21' title='bbox 3340 370 3449 425; x_wconf 84' lang='grc' dir='ltr'><strong>οὑκ</strong></span> <span class='ocrx_word' id='word_1_22' title='bbox 3506 369 3667 425; x_wconf 73' lang='grc' dir='ltr'>ἔστιν·</span> 
     </span>
    </p>
   </div>
   <div class='ocr_carea' id='block_1_5' title="bbox 396 460 1975 532">
    <p class='ocr_par' dir='ltr' id='par_1_5' title="bbox 396 460 1975 532">
     <span class='ocr_line' id='line_1_5' title="bbox 396 460 1975 532; baseline 0.001 -17"><span class='ocrx_word' id='word_1_23' title='bbox 396 467 546 532; x_wconf 88' lang='lat' dir='ltr'><strong>(nam</strong></span> <span class='ocrx_word' id='word_1_24' title='bbox 574 463 677 518; x_wconf 82' lang='lat' dir='ltr'><strong>hoc</strong></span> <span class='ocrx_word' id='word_1_25' title='bbox 699 470 785 517; x_wconf 91' lang='lat' dir='ltr'><strong>est</strong></span> <span class='ocrx_word' id='word_1_26' title='bbox 811 460 1197 531; x_wconf 77' lang='lat' dir='ltr'><strong>impossibile),</strong></span> <span class='ocrx_word' id='word_1_27' title='bbox 1222 462 1317 515; x_wconf 82' lang='lat' dir='ltr'><strong>sed</strong></span> <span class='ocrx_word' id='word_1_28' title='bbox 1365 462 1530 515; x_wconf 87' lang='lat' dir='ltr'><strong>etiam</strong></span> <span class='ocrx_word' id='word_1_29' title='bbox 1557 462 1689 530; x_wconf 91' lang='lat' dir='ltr'><strong>quid</strong></span> <span class='ocrx_word' id='word_1_30' title='bbox 1724 478 1829 517; x_wconf 93' lang='lat' dir='ltr'><strong>non</strong></span> <span class='ocrx_word' id='word_1_31' title='bbox 1865 463 1975 528; x_wconf 87' lang='lat' dir='ltr'><strong>sit;</strong></span> 
     </span>
    </p>
   </div>
   <div class='ocr_carea' id='block_1_6' title="bbox 394 551 1982 622">
    <p class='ocr_par' dir='ltr' id='par_1_6' title="bbox 394 551 1982 622">
     <span class='ocr_line' id='line_1_6' title="bbox 394 551 1982 622; baseline 0 -13"><span class='ocrx_word' id='word_1_32' title='bbox 394 555 597 609; x_wconf 84' lang='lat' dir='ltr'><strong>scimus</strong></span> <span class='ocrx_word' id='word_1_33' title='bbox 625 564 802 609; x_wconf 86' lang='lat' dir='ltr'><strong>tamen</strong></span> <span class='ocrx_word' id='word_1_34' title='bbox 826 551 991 607; x_wconf 86' lang='lat' dir='ltr'><strong>Deum</strong></span> <span class='ocrx_word' id='word_1_35' title='bbox 1017 568 1123 608; x_wconf 92' lang='lat' dir='ltr'><strong>non</strong></span> <span class='ocrx_word' id='word_1_36' title='bbox 1147 568 1269 607; x_wconf 91' lang='lat' dir='ltr'><strong>esse</strong></span> <span class='ocrx_word' id='word_1_37' title='bbox 1284 553 1489 622; x_wconf 89' lang='lat' dir='ltr'><strong>aliquid</strong></span> <span class='ocrx_word' id='word_1_38' title='bbox 1509 568 1691 607; x_wconf 88' lang='lat' dir='ltr'><strong>rerum</strong></span> <span class='ocrx_word' id='word_1_39' title='bbox 1712 555 1982 609; x_wconf 81' lang='lat' dir='ltr'><strong>exsisteu-</strong></span> 
     </span>
    </p>
   </div>
   <div class='ocr_carea' id='block_1_7' title="bbox 397 644 1981 713">
    <p class='ocr_par' dir='ltr' id='par_1_7' title="bbox 397 644 1981 713">
     <span class='ocr_line' id='line_1_7' title="bbox 397 644 1981 713; baseline 0.002 -15"><span class='ocrx_word' id='word_1_40' title='bbox 397 646 550 699; x_wconf 88' lang='lat' dir='ltr'><strong>tium.</strong></span> <span class='ocrx_word' id='word_1_41' title='bbox 576 644 857 711; x_wconf 86' lang='lat' dir='ltr'><strong>Quomodo</strong></span> <span class='ocrx_word' id='word_1_42' title='bbox 888 655 1069 699; x_wconf 86' lang='lat' dir='ltr'><strong>autem</strong></span> <span class='ocrx_word' id='word_1_43' title='bbox 1098 654 1153 699; x_wconf 90' lang='lat' dir='ltr'><strong>et</strong></span> <span class='ocrx_word' id='word_1_44' title='bbox 1178 660 1282 713; x_wconf 85' lang='lat' dir='ltr'><strong>qua</strong></span> <span class='ocrx_word' id='word_1_45' title='bbox 1309 645 1379 700; x_wconf 91' lang='lat' dir='ltr'><strong>de</strong></span> <span class='ocrx_word' id='word_1_46' title='bbox 1399 660 1565 700; x_wconf 87' lang='lat' dir='ltr'><strong>causa</strong></span> <span class='ocrx_word' id='word_1_47' title='bbox 1592 661 1699 700; x_wconf 92' lang='lat' dir='ltr'><strong>non</strong></span> <span class='ocrx_word' id='word_1_48' title='bbox 1729 648 1981 701; x_wconf 85' lang='lat' dir='ltr'><strong>novimus</strong></span> 
     </span>
    </p>
   </div>
   <div class='ocr_carea' id='block_1_8' title="bbox 396 736 1979 808">
    <p class='ocr_par' dir='ltr' id='par_1_8' title="bbox 396 736 1979 808">
     <span class='ocr_line' id='line_1_8' title="bbox 396 736 1979 808; baseline -0.001 -15"><span class='ocrx_word' id='word_1_49' title='bbox 396 739 452 793; x_wconf 90' lang='lat' dir='ltr'><strong>id</strong></span> <span class='ocrx_word' id='word_1_50' title='bbox 516 738 662 808; x_wconf 90' lang='lat' dir='ltr'><strong>quod</strong></span> <span class='ocrx_word' id='word_1_51' title='bbox 717 748 925 792; x_wconf 62' lang='lat' dir='ltr'><strong>exactis</strong></span> <span class='ocrx_word' id='word_1_52' title='bbox 980 740 1226 792; x_wconf 79' lang='lat' dir='ltr'><strong>scientia:</strong></span> <span class='ocrx_word' id='word_1_53' title='bbox 1284 747 1371 792; x_wconf 89' lang='lat' dir='ltr'><strong>est</strong></span> <span class='ocrx_word' id='word_1_54' title='bbox 1428 737 1480 791; x_wconf 94' lang='lat' dir='ltr'><strong>in</strong></span> <span class='ocrx_word' id='word_1_55' title='bbox 1540 739 1699 793; x_wconf 83' lang='lat' dir='ltr'><strong>rebus</strong></span> <span class='ocrx_word' id='word_1_56' title='bbox 1743 736 1979 794; x_wconf 75' lang='lat' dir='ltr'><strong>nostris?</strong></span> 
     </span>
    </p>
   </div>
   <div class='ocr_carea' id='block_1_9' title="bbox 394 830 1979 899">
    <p class='ocr_par' dir='ltr' id='par_1_9' title="bbox 394 830 1979 899">
     <span class='ocr_line' id='line_1_9' title="bbox 394 830 1979 899; baseline 0.001 -15"><span class='ocrx_word' id='word_1_57' title='bbox 394 832 619 899; x_wconf 87' lang='lat' dir='ltr'><strong>Quando</strong></span> <span class='ocrx_word' id='word_1_58' title='bbox 638 830 767 899; x_wconf 89' lang='lat' dir='ltr'><strong>quid</strong></span> <span class='ocrx_word' id='word_1_59' title='bbox 790 840 871 885; x_wconf 87' lang='lat' dir='ltr'><strong>est</strong></span> <span class='ocrx_word' id='word_1_60' title='bbox 898 832 1034 885; x_wconf 89' lang='lat' dir='ltr'><strong>scite</strong></span> <span class='ocrx_word' id='word_1_61' title='bbox 1059 832 1331 895; x_wconf 85' lang='lat' dir='ltr'><strong>novimus,</strong></span> <span class='ocrx_word' id='word_1_62' title='bbox 1364 841 1492 885; x_wconf 91' lang='lat' dir='ltr'><strong>tunc</strong></span> <span class='ocrx_word' id='word_1_63' title='bbox 1518 831 1684 884; x_wconf 85' lang='lat' dir='ltr'><strong>etiam</strong></span> <span class='ocrx_word' id='word_1_64' title='bbox 1713 830 1842 899; x_wconf 92' lang='lat' dir='ltr'><strong>quid</strong></span> <span class='ocrx_word' id='word_1_65' title='bbox 1868 845 1979 885; x_wconf 90' lang='lat' dir='ltr'><strong>non</strong></span> 
     </span>
    </p>
   </div>
   <div class='ocr_carea' id='block_1_10' title="bbox 395 924 1983 980">
    <p class='ocr_par' dir='ltr' id='par_1_10' title="bbox 395 924 1983 980">
     <span class='ocr_line' id='line_1_10' title="bbox 395 924 1983 980; baseline -0.001 -1"><span class='ocrx_word' id='word_1_66' title='bbox 395 935 482 980; x_wconf 91' lang='lat' dir='ltr'><strong>est</strong></span> <span class='ocrx_word' id='word_1_67' title='bbox 519 925 655 979; x_wconf 90' lang='lat' dir='ltr'><strong>scite</strong></span> <span class='ocrx_word' id='word_1_68' title='bbox 679 924 951 979; x_wconf 85' lang='lat' dir='ltr'><strong>novimus.</strong></span> <span class='ocrx_word' id='word_1_69' title='bbox 977 925 1034 979; x_wconf 96' lang='lat' dir='ltr'><strong>Si</strong></span> <span class='ocrx_word' id='word_1_70' title='bbox 1056 927 1199 978; x_wconf 92' lang='lat' dir='ltr'><strong>enim</strong></span> <span class='ocrx_word' id='word_1_71' title='bbox 1228 938 1447 979; x_wconf 79' lang='lat' dir='ltr'><strong>causam</strong></span> <span class='ocrx_word' id='word_1_72' title='bbox 1471 924 1677 979; x_wconf 88' lang='lat' dir='ltr'><strong>scimus</strong></span> <span class='ocrx_word' id='word_1_73' title='bbox 1700 939 1800 978; x_wconf 89' lang='lat' dir='ltr'><strong>cur</strong></span> <span class='ocrx_word' id='word_1_74' title='bbox 1821 924 1983 978; x_wconf 89' lang='lat' dir='ltr'><strong>bomo</strong></span> 
     </span>
    </p>
   </div>
   <div class='ocr_carea' id='block_1_11' title="bbox 396 1016 1981 1087">
    <p class='ocr_par' dir='ltr' id='par_1_11' title="bbox 396 1016 1981 1087">
     <span class='ocr_line' id='line_1_11' title="bbox 396 1016 1981 1087; baseline -0.002 -15"><span class='ocrx_word' id='word_1_75' title='bbox 396 1020 472 1072; x_wconf 88' lang='lat' dir='ltr'><strong>sit</strong></span> <span class='ocrx_word' id='word_1_76' title='bbox 519 1019 845 1081; x_wconf 78' lang='lat' dir='ltr'><strong>rationalis,</strong></span> <span class='ocrx_word' id='word_1_77' title='bbox 885 1017 1029 1087; x_wconf 88' lang='lat' dir='ltr'><strong>quod</strong></span> <span class='ocrx_word' id='word_1_78' title='bbox 1081 1018 1344 1072; x_wconf 87' lang='lat' dir='ltr'><strong>nimirum</strong></span> <span class='ocrx_word' id='word_1_79' title='bbox 1387 1017 1594 1071; x_wconf 89' lang='lat' dir='ltr'><strong>ratione</strong></span> <span class='ocrx_word' id='word_1_80' title='bbox 1641 1016 1830 1083; x_wconf 91' lang='lat' dir='ltr'><strong>utitur,</strong></span> <span class='ocrx_word' id='word_1_81' title='bbox 1858 1030 1981 1070; x_wconf 88' lang='lat' dir='ltr'><strong>cum</strong></span> 
     </span>
    </p>
   </div>
   <div class='ocr_carea' id='block_1_12' title="bbox 394 1108 1981 1179">
    <p class='ocr_par' dir='ltr' id='par_1_12' title="bbox 394 1108 1981 1179">
     <span class='ocr_line' id='line_1_12' title="bbox 394 1108 1981 1179; baseline -0.004 -13"><span class='ocrx_word' id='word_1_82' title='bbox 394 1112 498 1167; x_wconf 78' lang='lat' dir='ltr'><strong>hoc</strong></span> <span class='ocrx_word' id='word_1_83' title='bbox 554 1110 625 1166; x_wconf 91' lang='lat' dir='ltr'><strong>sit</strong></span> <span class='ocrx_word' id='word_1_84' title='bbox 652 1110 890 1164; x_wconf 91' lang='lat' dir='ltr'><strong>medium</strong></span> <span class='ocrx_word' id='word_1_85' title='bbox 921 1118 977 1165; x_wconf 89' lang='lat' dir='ltr'><strong>et</strong></span> <span class='ocrx_word' id='word_1_86' title='bbox 999 1125 1187 1173; x_wconf 87' lang='lat' dir='ltr'><strong>causa,</strong></span> <span class='ocrx_word' id='word_1_87' title='bbox 1214 1125 1313 1179; x_wconf 90' lang='lat' dir='ltr'><strong>per</strong></span> <span class='ocrx_word' id='word_1_88' title='bbox 1359 1110 1491 1164; x_wconf 88' lang='lat' dir='ltr'><strong>illud</strong></span> <span class='ocrx_word' id='word_1_89' title='bbox 1536 1110 1712 1178; x_wconf 90' lang='lat' dir='ltr'><strong>ipsum</strong></span> <span class='ocrx_word' id='word_1_90' title='bbox 1743 1108 1981 1163; x_wconf 87' lang='lat' dir='ltr'><strong>medium</strong></span> 
     </span>
    </p>
   </div>
   <div class='ocr_carea' id='block_1_13' title="bbox 394 1200 1985 1259">
    <p class='ocr_par' dir='ltr' id='par_1_13' title="bbox 394 1200 1985 1259">
     <span class='ocr_line' id='line_1_13' title="bbox 394 1200 1985 1259; baseline -0.005 0"><span class='ocrx_word' id='word_1_91' title='bbox 394 1204 642 1259; x_wconf 86' lang='lat' dir='ltr'><strong>novimus</strong></span> <span class='ocrx_word' id='word_1_92' title='bbox 665 1203 827 1257; x_wconf 91' lang='lat' dir='ltr'><strong>etiam</strong></span> <span class='ocrx_word' id='word_1_93' title='bbox 851 1217 1075 1257; x_wconf 83' lang='lat' dir='ltr'><strong>causam</strong></span> <span class='ocrx_word' id='word_1_94' title='bbox 1102 1217 1202 1256; x_wconf 86' lang='lat' dir='ltr'><strong>cur</strong></span> <span class='ocrx_word' id='word_1_95' title='bbox 1228 1204 1393 1256; x_wconf 86' lang='lat' dir='ltr'><strong>homo</strong></span> <span class='ocrx_word' id='word_1_96' title='bbox 1422 1216 1527 1256; x_wconf 93' lang='lat' dir='ltr'><strong>non</strong></span> <span class='ocrx_word' id='word_1_97' title='bbox 1570 1202 1644 1255; x_wconf 86' lang='lat' dir='ltr'><strong>sit</strong></span> <span class='ocrx_word' id='word_1_98' title='bbox 1695 1200 1985 1254; x_wconf 86' lang='lat' dir='ltr'><strong>irrationa-</strong></span> 
     </span>
    </p>
   </div>
   <div class='ocr_carea' id='block_1_14' title="bbox 395 1293 1987 1363">
    <p class='ocr_par' dir='ltr' id='par_1_14' title="bbox 395 1293 1987 1363">
     <span class='ocr_line' id='line_1_14' title="bbox 395 1293 1987 1363; baseline -0.003 -12"><span class='ocrx_word' id='word_1_99' title='bbox 395 1297 464 1351; x_wconf 87' lang='lat' dir='ltr'><strong>lis</strong></span> <span class='ocrx_word' id='word_1_100' title='bbox 514 1296 783 1363; x_wconf 82' lang='lat' dir='ltr'><strong>Quoniam</strong></span> <span class='ocrx_word' id='word_1_101' title='bbox 810 1310 939 1349; x_wconf 83' lang='lat' dir='ltr'><strong>vero</strong></span> <span class='ocrx_word' id='word_1_102' title='bbox 974 1295 1042 1350; x_wconf 90' lang='lat' dir='ltr'><strong>de</strong></span> <span class='ocrx_word' id='word_1_103' title='bbox 1097 1295 1209 1349; x_wconf 89' lang='lat' dir='ltr'><strong>Deo</strong></span> <span class='ocrx_word' id='word_1_104' title='bbox 1246 1295 1375 1363; x_wconf 90' lang='lat' dir='ltr'><strong>quid</strong></span> <span class='ocrx_word' id='word_1_105' title='bbox 1420 1295 1492 1348; x_wconf 88' lang='lat' dir='ltr'><strong>sit</strong></span> <span class='ocrx_word' id='word_1_106' title='bbox 1534 1293 1653 1348; x_wconf 91' lang='lat' dir='ltr'><strong>dari</strong></span> <span class='ocrx_word' id='word_1_107' title='bbox 1701 1293 1850 1347; x_wconf 88' lang='lat' dir='ltr'><strong>notio</strong></span> <span class='ocrx_word' id='word_1_108' title='bbox 1878 1308 1987 1347; x_wconf 90' lang='lat' dir='ltr'><strong>non</strong></span> 
     </span>
    </p>
   </div>
   <div class='ocr_carea' id='block_1_15' title="bbox 393 1384 1985 1459">
    <p class='ocr_par' dir='ltr' id='par_1_15' title="bbox 393 1384 1985 1459">
     <span class='ocr_line' id='line_1_15' title="bbox 393 1384 1985 1459; baseline -0.004 -16"><span class='ocrx_word' id='word_1_109' title='bbox 393 1399 594 1459; x_wconf 80' lang='lat' dir='ltr'><strong>potest,</strong></span> <span class='ocrx_word' id='word_1_110' title='bbox 620 1387 740 1457; x_wconf 85' lang='lat' dir='ltr'><strong>ejus</strong></span> <span class='ocrx_word' id='word_1_111' title='bbox 784 1388 953 1443; x_wconf 87' lang='lat' dir='ltr'><strong>etiam</strong></span> <span class='ocrx_word' id='word_1_112' title='bbox 978 1387 1108 1456; x_wconf 90' lang='lat' dir='ltr'><strong>quid</strong></span> <span class='ocrx_word' id='word_1_113' title='bbox 1133 1402 1237 1441; x_wconf 92' lang='lat' dir='ltr'><strong>non</strong></span> <span class='ocrx_word' id='word_1_114' title='bbox 1268 1385 1362 1449; x_wconf 83' lang='lat' dir='ltr'><strong>sit,</strong></span> <span class='ocrx_word' id='word_1_115' title='bbox 1385 1386 1740 1457; x_wconf 82' lang='lat' dir='ltr'><strong>ignorationis</strong></span> <span class='ocrx_word' id='word_1_116' title='bbox 1758 1384 1985 1440; x_wconf 91' lang='lat' dir='ltr'><strong>scientia</strong></span> 
     </span>
    </p>
   </div>
   <div class='ocr_carea' id='block_1_16' title="bbox 394 1477 1981 1552">
    <p class='ocr_par' dir='ltr' id='par_1_16' title="bbox 394 1477 1981 1552">
     <span class='ocr_line' id='line_1_16' title="bbox 394 1477 1981 1552; baseline -0.004 -15"><span class='ocrx_word' id='word_1_117' title='bbox 394 1481 828 1552; x_wconf 86' lang='lat' dir='ltr'><strong>supernaturalis</strong></span> <span class='ocrx_word' id='word_1_118' title='bbox 869 1482 980 1535; x_wconf 91' lang='lat' dir='ltr'><strong>Deo</strong></span> <span class='ocrx_word' id='word_1_119' title='bbox 1025 1494 1243 1549; x_wconf 89' lang='lat' dir='ltr'><strong>quoque</strong></span> <span class='ocrx_word' id='word_1_120' title='bbox 1293 1480 1580 1533; x_wconf 87' lang='lat' dir='ltr'><strong>tribuemla</strong></span> <span class='ocrx_word' id='word_1_121' title='bbox 1607 1488 1711 1535; x_wconf 86' lang='lat' dir='ltr'><strong>est.</strong></span> <span class='ocrx_word' id='word_1_122' title='bbox 1747 1477 1981 1532; x_wconf 86' lang='lat' dir='ltr'><strong>Tantum</strong></span> 
     </span>
    </p>
   </div>
   <div class='ocr_carea' id='block_1_17' title="bbox 2077 462 3672 535">
    <p class='ocr_par' dir='ltr' id='par_1_17' title="bbox 2077 462 3672 535">
     <span class='ocr_line' id='line_1_17' title="bbox 2077 462 3672 535; baseline -0.002 -18"><span class='ocrx_word' id='word_1_123' title='bbox 2077 465 2192 517; x_wconf 79' lang='grc' dir='ltr'>ἀλλ’</span> <span class='ocrx_word' id='word_1_124' title='bbox 2221 464 2443 535; x_wconf 79' lang='grc' dir='ltr'>οἴδαμεν</span> <span class='ocrx_word' id='word_1_125' title='bbox 2487 464 2569 516; x_wconf 88' lang='grc' dir='ltr'>ὅτι</span> <span class='ocrx_word' id='word_1_126' title='bbox 2614 463 2667 515; x_wconf 78' lang='grc' dir='ltr'><strong>τὶ</strong></span> <span class='ocrx_word' id='word_1_127' title='bbox 2707 462 2819 517; x_wconf 86' lang='grc' dir='ltr'><strong>τῶν</strong></span> <span class='ocrx_word' id='word_1_128' title='bbox 2870 465 3039 517; x_wconf 76' lang='grc' dir='ltr'>ὄντων</span> <span class='ocrx_word' id='word_1_129' title='bbox 3075 464 3176 516; x_wconf 89' lang='grc' dir='ltr'><strong>οὑκ</strong></span> <span class='ocrx_word' id='word_1_130' title='bbox 3214 464 3334 516; x_wconf 80' lang='grc' dir='ltr'>ἑστι</span> <span class='ocrx_word' id='word_1_131' title='bbox 3361 463 3519 527; x_wconf 82' lang='grc' dir='ltr'>Θεός.</span> <span class='ocrx_word' id='word_1_132' title='bbox 3565 465 3672 529; x_wconf 80' lang='grc' dir='ltr'><strong>Πῶς</strong></span> 
     </span>
    </p>
   </div>
   <div class='ocr_carea' id='block_1_18' title="bbox 2078 555 3672 627">
    <p class='ocr_par' dir='ltr' id='par_1_18' title="bbox 2078 555 3672 627">
     <span class='ocr_line' id='line_1_18' title="bbox 2078 555 3672 627; baseline -0.002 -16"><span class='ocrx_word' id='word_1_133' title='bbox 2078 558 2157 620; x_wconf 83' lang='grc' dir='ltr'>δὲ,</span> <span class='ocrx_word' id='word_1_134' title='bbox 2205 558 2300 611; x_wconf 76' lang='grc' dir='ltr'>καὶ</span> <span class='ocrx_word' id='word_1_135' title='bbox 2344 556 2409 610; x_wconf 77' lang='grc' dir='ltr'>δι’</span> <span class='ocrx_word' id='word_1_136' title='bbox 2452 557 2519 627; x_wconf 77' lang='grc' dir='ltr'>ἠν</span> <span class='ocrx_word' id='word_1_137' title='bbox 2567 556 2746 610; x_wconf 81' lang='grc' dir='ltr'><strong>αἰτίαν</strong></span> <span class='ocrx_word' id='word_1_138' title='bbox 2776 557 2879 610; x_wconf 84' lang='grc' dir='ltr'>οὐκ</span> <span class='ocrx_word' id='word_1_139' title='bbox 2917 555 3171 627; x_wconf 73' lang='grc' dir='ltr'>οἴδαμεν,</span> <span class='ocrx_word' id='word_1_140' title='bbox 3220 556 3362 625; x_wconf 82' lang='grc' dir='ltr'>ὅπερ</span> <span class='ocrx_word' id='word_1_141' title='bbox 3393 556 3494 626; x_wconf 80' lang='grc' dir='ltr'>τῆς</span> <span class='ocrx_word' id='word_1_142' title='bbox 3530 556 3672 626; x_wconf 80' lang='grc' dir='ltr'>ἀκρι·</span> 
     </span>
    </p>
   </div>
   <div class='ocr_carea' id='block_1_19' title="bbox 2080 649 3673 721">
    <p class='ocr_par' dir='ltr' id='par_1_19' title="bbox 2080 649 3673 721">
     <span class='ocr_line' id='line_1_19' title="bbox 2080 649 3673 721; baseline -0.001 -17"><span class='ocrx_word' id='word_1_143' title='bbox 2080 650 2208 715; x_wconf 77' lang='grc' dir='ltr'>ϐοῦς</span> <span class='ocrx_word' id='word_1_144' title='bbox 2244 652 2389 703; x_wconf 87' lang='grc' dir='ltr'>ἑστιν</span> <span class='ocrx_word' id='word_1_145' title='bbox 2441 651 2753 721; x_wconf 75' lang='grc' dir='ltr'>ἐπιστήμης</span> <span class='ocrx_word' id='word_1_146' title='bbox 2795 651 2890 703; x_wconf 74' lang='grc' dir='ltr'><strong>ἑπὶ</strong></span> <span class='ocrx_word' id='word_1_147' title='bbox 2942 650 3052 702; x_wconf 83' lang='grc' dir='ltr'>τῶν</span> <span class='ocrx_word' id='word_1_148' title='bbox 3088 649 3211 701; x_wconf 78' lang='grc' dir='ltr'>καθ’</span> <span class='ocrx_word' id='word_1_149' title='bbox 3240 651 3437 719; x_wconf 55' lang='lat' dir='ltr'><strong>quac;</strong></span> <span class='ocrx_word' id='word_1_150' title='bbox 3476 650 3601 701; x_wconf 79' lang='grc' dir='ltr'><strong>Ὅτε</strong></span> <span class='ocrx_word' id='word_1_151' title='bbox 3627 650 3673 702; x_wconf 68' lang='grc' dir='ltr'>τὸ</span> 
     </span>
    </p>
   </div>
   <div class='ocr_carea' id='block_1_20' title="bbox 2080 740 3673 814">
    <p class='ocr_par' dir='ltr' id='par_1_20' title="bbox 2080 740 3673 814">
     <span class='ocr_line' id='line_1_20' title="bbox 2080 740 3673 814; baseline -0.003 -17"><span class='ocrx_word' id='word_1_152' title='bbox 2080 742 2133 797; x_wconf 90' lang='grc' dir='ltr'><strong>τί</strong></span> <span class='ocrx_word' id='word_1_153' title='bbox 2158 747 2274 797; x_wconf 79' lang='grc' dir='ltr'>ἑστι</span> <span class='ocrx_word' id='word_1_154' title='bbox 2329 740 2451 796; x_wconf 89' lang='grc' dir='ltr'>τόδε</span> <span class='ocrx_word' id='word_1_155' title='bbox 2506 742 2727 814; x_wconf 81' lang='grc' dir='ltr'>οἴδαμεν</span> <span class='ocrx_word' id='word_1_156' title='bbox 2777 742 3177 814; x_wconf 74' lang='grc' dir='ltr'>ἐπιστημόνως,</span> <span class='ocrx_word' id='word_1_157' title='bbox 3222 741 3347 793; x_wconf 90' lang='grc' dir='ltr'>τότε</span> <span class='ocrx_word' id='word_1_158' title='bbox 3396 741 3493 793; x_wconf 69' lang='grc' dir='ltr'>καὶ</span> <span class='ocrx_word' id='word_1_159' title='bbox 3538 741 3598 792; x_wconf 87' lang='grc' dir='ltr'><strong>τὺ</strong></span> <span class='ocrx_word' id='word_1_160' title='bbox 3633 741 3673 793; x_wconf 81' lang='grc' dir='ltr'><strong>τί</strong></span> 
     </span>
    </p>
   </div>
   <div class='ocr_carea' id='block_1_21' title="bbox 2081 833 3673 907">
    <p class='ocr_par' dir='ltr' id='par_1_21' title="bbox 2081 833 3673 907">
     <span class='ocr_line' id='line_1_21' title="bbox 2081 833 3673 907; baseline -0.003 -17"><span class='ocrx_word' id='word_1_161' title='bbox 2081 837 2181 890; x_wconf 83' lang='grc' dir='ltr'>οὐκ</span> <span class='ocrx_word' id='word_1_162' title='bbox 2223 836 2369 889; x_wconf 84' lang='grc' dir='ltr'>ἑστιν</span> <span class='ocrx_word' id='word_1_163' title='bbox 2417 837 2796 907; x_wconf 77' lang='grc' dir='ltr'><strong>ἐπιστημόνως</strong></span> <span class='ocrx_word' id='word_1_164' title='bbox 2825 837 3061 906; x_wconf 83' lang='grc' dir='ltr'>οἴδαμεν.</span> <span class='ocrx_word' id='word_1_165' title='bbox 3086 836 3150 887; x_wconf 77' lang='grc' dir='ltr'><strong>Εἰ</strong></span> <span class='ocrx_word' id='word_1_166' title='bbox 3178 833 3291 904; x_wconf 77' lang='grc' dir='ltr'><strong>γὰρ</strong></span> <span class='ocrx_word' id='word_1_167' title='bbox 3324 834 3553 905; x_wconf 80' lang='grc' dir='ltr'>οἴδαμεν</span> <span class='ocrx_word' id='word_1_168' title='bbox 3593 836 3673 905; x_wconf 76' lang='grc' dir='ltr'>τὴν</span> 
     </span>
    </p>
   </div>
   <div class='ocr_carea' id='block_1_22' title="bbox 2082 926 3673 1000">
    <p class='ocr_par' dir='ltr' id='par_1_22' title="bbox 2082 926 3673 1000">
     <span class='ocr_line' id='line_1_22' title="bbox 2082 926 3673 1000; baseline -0.004 -17"><span class='ocrx_word' id='word_1_169' title='bbox 2082 928 2259 984; x_wconf 79' lang='grc' dir='ltr'>αἰτίαν</span> <span class='ocrx_word' id='word_1_170' title='bbox 2316 928 2411 981; x_wconf 91' lang='grc' dir='ltr'><strong>τοῦ</strong></span> <span class='ocrx_word' id='word_1_171' title='bbox 2468 926 2607 981; x_wconf 77' lang='grc' dir='ltr'>εἶναι</span> <span class='ocrx_word' id='word_1_172' title='bbox 2626 929 2718 981; x_wconf 86' lang='grc' dir='ltr'>τὸν</span> <span class='ocrx_word' id='word_1_173' title='bbox 2755 928 3043 1000; x_wconf 79' lang='grc' dir='ltr'>ἄνθρωπον</span> <span class='ocrx_word' id='word_1_174' title='bbox 3110 926 3353 994; x_wconf 73' lang='grc' dir='ltr'>λογικὸν,</span> <span class='ocrx_word' id='word_1_175' title='bbox 3414 926 3499 979; x_wconf 83' lang='grc' dir='ltr'>ὅτι</span> <span class='ocrx_word' id='word_1_176' title='bbox 3551 926 3673 996; x_wconf 80' lang='grc' dir='ltr'>λόγῳ</span> 
     </span>
    </p>
   </div>
   <div class='ocr_carea' id='block_1_23' title="bbox 2083 1016 3673 1092">
    <p class='ocr_par' dir='ltr' id='par_1_23' title="bbox 2083 1016 3673 1092">
     <span class='ocr_line' id='line_1_23' title="bbox 2083 1016 3673 1092; baseline -0.01 -16"><span class='ocrx_word' id='word_1_177' title='bbox 2083 1022 2281 1092; x_wconf 83' lang='grc' dir='ltr'>χρῆται</span> <span class='ocrx_word' id='word_1_178' title='bbox 2306 1018 2487 1091; x_wconf 87' lang='grc' dir='ltr'>(τοῦτο</span> <span class='ocrx_word' id='word_1_179' title='bbox 2514 1020 2622 1092; x_wconf 89' lang='grc' dir='ltr'><strong>γάρ</strong></span> <span class='ocrx_word' id='word_1_180' title='bbox 2652 1022 2768 1073; x_wconf 86' lang='grc' dir='ltr'>ἑστι</span> <span class='ocrx_word' id='word_1_181' title='bbox 2793 1019 2856 1073; x_wconf 83' lang='grc' dir='ltr'>τὸ</span> <span class='ocrx_word' id='word_1_182' title='bbox 2886 1019 3055 1073; x_wconf 81' lang='grc' dir='ltr'>αίτιον</span> <span class='ocrx_word' id='word_1_183' title='bbox 3093 1018 3189 1072; x_wconf 72' lang='grc' dir='ltr'>καὶ</span> <span class='ocrx_word' id='word_1_184' title='bbox 3213 1018 3275 1070; x_wconf 84' lang='grc' dir='ltr'>τὸ</span> <span class='ocrx_word' id='word_1_185' title='bbox 3308 1016 3524 1088; x_wconf 87' lang='grc' dir='ltr'>μέσον),</span> <span class='ocrx_word' id='word_1_186' title='bbox 3548 1018 3673 1070; x_wconf 79' lang='grc' dir='ltr'>οἶδα-</span> 
     </span>
    </p>
   </div>
   <div class='ocr_carea' id='block_1_24' title="bbox 2086 1107 3673 1185">
    <p class='ocr_par' dir='ltr' id='par_1_24' title="bbox 2086 1107 3673 1185">
     <span class='ocr_line' id='line_1_24' title="bbox 2086 1107 3673 1185; baseline -0.004 -18"><span class='ocrx_word' id='word_1_187' title='bbox 2086 1132 2186 1185; x_wconf 85' lang='grc' dir='ltr'><strong>μεν</strong></span> <span class='ocrx_word' id='word_1_188' title='bbox 2208 1113 2307 1184; x_wconf 81' lang='grc' dir='ltr'>τὴν</span> <span class='ocrx_word' id='word_1_189' title='bbox 2336 1113 2533 1175; x_wconf 89' lang='grc' dir='ltr'>αίτίαν,</span> <span class='ocrx_word' id='word_1_190' title='bbox 2560 1113 2655 1165; x_wconf 72' lang='grc' dir='ltr'>καὶ</span> <span class='ocrx_word' id='word_1_191' title='bbox 2696 1111 2790 1165; x_wconf 90' lang='grc' dir='ltr'><strong>τοῦ</strong></span> <span class='ocrx_word' id='word_1_192' title='bbox 2828 1112 2902 1182; x_wconf 87' lang='grc' dir='ltr'>μὴ</span> <span class='ocrx_word' id='word_1_193' title='bbox 2932 1107 3066 1163; x_wconf 78' lang='grc' dir='ltr'>εἶναι</span> <span class='ocrx_word' id='word_1_194' title='bbox 3103 1110 3194 1163; x_wconf 85' lang='grc' dir='ltr'>τὸν</span> <span class='ocrx_word' id='word_1_195' title='bbox 3239 1110 3535 1181; x_wconf 75' lang='grc' dir='ltr'>ἄνθρωπον</span> <span class='ocrx_word' id='word_1_196' title='bbox 3570 1109 3673 1162; x_wconf 83' lang='grc' dir='ltr'>ἀλο-</span> 
     </span>
    </p>
   </div>
   <div class='ocr_carea' id='block_1_25' title="bbox 2085 1201 3669 1275">
    <p class='ocr_par' dir='ltr' id='par_1_25' title="bbox 2085 1201 3669 1275">
     <span class='ocr_line' id='line_1_25' title="bbox 2085 1201 3669 1275; baseline -0.004 -16"><span class='ocrx_word' id='word_1_197' title='bbox 2085 1224 2180 1275; x_wconf 94' lang='grc' dir='ltr'><strong>γον</strong></span> <span class='ocrx_word' id='word_1_198' title='bbox 2208 1206 2277 1259; x_wconf 88' lang='grc' dir='ltr'><strong>δι’</strong></span> <span class='ocrx_word' id='word_1_199' title='bbox 2305 1204 2469 1258; x_wconf 86' lang='grc' dir='ltr'>αὑτοῦ</span> <span class='ocrx_word' id='word_1_200' title='bbox 2499 1204 2688 1258; x_wconf 86' lang='grc' dir='ltr'>τούτου</span> <span class='ocrx_word' id='word_1_201' title='bbox 2735 1203 2831 1257; x_wconf 89' lang='grc' dir='ltr'><strong>τοῦ</strong></span> <span class='ocrx_word' id='word_1_202' title='bbox 2879 1203 3064 1275; x_wconf 86' lang='grc' dir='ltr'>μέσου.</span> <span class='ocrx_word' id='word_1_203' title='bbox 3120 1203 3273 1255; x_wconf 82' lang='grc' dir='ltr'>Ἐπεὶ</span> <span class='ocrx_word' id='word_1_204' title='bbox 3302 1202 3363 1255; x_wconf 86' lang='grc' dir='ltr'>δὲ</span> <span class='ocrx_word' id='word_1_205' title='bbox 3411 1201 3509 1254; x_wconf 90' lang='grc' dir='ltr'><strong>τοῦ</strong></span> <span class='ocrx_word' id='word_1_206' title='bbox 3553 1202 3669 1253; x_wconf 81' lang='grc' dir='ltr'>Θεοῦ</span> 
     </span>
    </p>
   </div>
   <div class='ocr_carea' id='block_1_26' title="bbox 2086 1294 3672 1369">
    <p class='ocr_par' dir='ltr' id='par_1_26' title="bbox 2086 1294 3672 1369">
     <span class='ocr_line' id='line_1_26' title="bbox 2086 1294 3672 1369; baseline -0.004 -18"><span class='ocrx_word' id='word_1_207' title='bbox 2086 1298 2182 1352; x_wconf 70' lang='lat' dir='ltr'><strong>xa‘t</strong></span> <span class='ocrx_word' id='word_1_208' title='bbox 2216 1300 2251 1369; x_wconf 80' lang='grc' dir='ltr'>ἡ</span> <span class='ocrx_word' id='word_1_209' title='bbox 2290 1296 2491 1365; x_wconf 84' lang='grc' dir='ltr'>γνῶσις</span> <span class='ocrx_word' id='word_1_210' title='bbox 2532 1296 2625 1350; x_wconf 89' lang='grc' dir='ltr'><strong>τοῦ</strong></span> <span class='ocrx_word' id='word_1_211' title='bbox 2662 1294 2715 1348; x_wconf 87' lang='grc' dir='ltr'><strong>τί</strong></span> <span class='ocrx_word' id='word_1_212' title='bbox 2755 1296 2903 1349; x_wconf 86' lang='grc' dir='ltr'>ἑστιν</span> <span class='ocrx_word' id='word_1_213' title='bbox 2951 1294 3366 1358; x_wconf 85' lang='grc' dir='ltr'>ἀναπόδεικτος,</span> <span class='ocrx_word' id='word_1_214' title='bbox 3412 1296 3510 1347; x_wconf 73' lang='grc' dir='ltr'>καὶ</span> <span class='ocrx_word' id='word_1_215' title='bbox 3536 1296 3672 1364; x_wconf 71' lang='grc' dir='ltr'>ητῆς</span> 
     </span>
    </p>
   </div>
   <div class='ocr_carea' id='block_1_27' title="bbox 2086 1384 3670 1458">
    <p class='ocr_par' dir='ltr' id='par_1_27' title="bbox 2086 1384 3670 1458">
     <span class='ocr_line' id='line_1_27' title="bbox 2086 1384 3670 1458; baseline -0.001 -15"><span class='ocrx_word' id='word_1_216' title='bbox 2086 1387 2179 1443; x_wconf 89' lang='grc' dir='ltr'><strong>τοῦ</strong></span> <span class='ocrx_word' id='word_1_217' title='bbox 2206 1389 2260 1443; x_wconf 91' lang='grc' dir='ltr'><strong>τί</strong></span> <span class='ocrx_word' id='word_1_218' title='bbox 2291 1392 2392 1442; x_wconf 84' lang='grc' dir='ltr'><strong>οὑκ</strong></span> <span class='ocrx_word' id='word_1_219' title='bbox 2436 1388 2581 1441; x_wconf 81' lang='grc' dir='ltr'>ἔστιν</span> <span class='ocrx_word' id='word_1_220' title='bbox 2626 1388 2967 1457; x_wconf 81' lang='grc' dir='ltr'>ἀναγνωσίας</span> <span class='ocrx_word' id='word_1_221' title='bbox 3017 1386 3300 1458; x_wconf 80' lang='grc' dir='ltr'><strong>ἐπιστήμη</strong></span> <span class='ocrx_word' id='word_1_222' title='bbox 3338 1384 3670 1456; x_wconf 80' lang='grc' dir='ltr'>ὑπερούσιος.</span> 
     </span>
    </p>
   </div>
   <div class='ocr_carea' id='block_1_28' title="bbox 2088 1477 3673 1552">
    <p class='ocr_par' dir='ltr' id='par_1_28' title="bbox 2088 1477 3673 1552">
     <span class='ocr_line' id='line_1_28' title="bbox 2088 1477 3673 1552; baseline -0.004 -17"><span class='ocrx_word' id='word_1_223' title='bbox 2088 1482 2155 1552; x_wconf 74' lang='grc' dir='ltr'>ἢν</span> <span class='ocrx_word' id='word_1_224' title='bbox 2181 1481 2245 1552; x_wconf 85' lang='grc' dir='ltr'>δὴ</span> <span class='ocrx_word' id='word_1_225' title='bbox 2284 1482 2377 1535; x_wconf 72' lang='grc' dir='ltr'>καὶ</span> <span class='ocrx_word' id='word_1_226' title='bbox 2413 1480 2703 1533; x_wconf 83' lang='grc' dir='ltr'>ἀναθετέον</span> <span class='ocrx_word' id='word_1_227' title='bbox 2728 1478 2867 1549; x_wconf 83' lang='grc' dir='ltr'>Θεῷ.</span> <span class='ocrx_word' id='word_1_228' title='bbox 2906 1478 3176 1531; x_wconf 83' lang='grc' dir='ltr'>Τοσοῦτον</span> <span class='ocrx_word' id='word_1_229' title='bbox 3222 1480 3318 1530; x_wconf 75' lang='grc' dir='ltr'>ἑπ¹ι</span> <span class='ocrx_word' id='word_1_230' title='bbox 3362 1478 3427 1530; x_wconf 82' lang='grc' dir='ltr'>τὸ</span> <span class='ocrx_word' id='word_1_231' title='bbox 3468 1477 3673 1539; x_wconf 76' lang='grc' dir='ltr'>ἄναντες</span> 
     </span>
    </p>
   </div>
   <div class='ocr_carea' id='block_1_29' title="bbox 394 1568 1876 1643">
    <p class='ocr_par' dir='ltr' id='par_1_29' title="bbox 394 1571 1876 1643">
     <span class='ocr_line' id='line_1_29' title="bbox 394 1571 1876 1643; baseline -0.003 -16"><span class='ocrx_word' id='word_1_232' title='bbox 394 1588 527 1643; x_wconf 78' lang='lat' dir='ltr'><strong>ergo</strong></span> <span class='ocrx_word' id='word_1_233' title='bbox 571 1574 638 1626; x_wconf 90' lang='lat' dir='ltr'><strong>ad</strong></span> <span class='ocrx_word' id='word_1_234' title='bbox 680 1573 964 1642; x_wconf 81' lang='lat' dir='ltr'><strong>superiora</strong></span> <span class='ocrx_word' id='word_1_235' title='bbox 1013 1571 1402 1638; x_wconf 87' lang='lat' dir='ltr'><strong>suspiciamus,</strong></span> <span class='ocrx_word' id='word_1_236' title='bbox 1427 1581 1692 1639; x_wconf 88' lang='lat' dir='ltr'><strong>quantum</strong></span> <span class='ocrx_word' id='word_1_237' title='bbox 1737 1588 1795 1626; x_wconf 88' lang='lat' dir='ltr'><strong>se</strong></span> <span class='ocrx_word' id='word_1_238' title='bbox 1833 1589 1876 1625; x_wconf 77' lang='lat' dir='ltr'><strong>lit</strong></span> 
     </span>
    </p>
   </div>
   <div class='ocr_carea' id='block_1_30' title="bbox 2189 1568 3671 1643">
    <p class='ocr_par' dir='ltr' id='par_1_30' title="bbox 2189 1568 3671 1643">
     <span class='ocr_line' id='line_1_30' title="bbox 2189 1568 3671 1643; baseline -0.003 -20"><span class='ocrx_word' id='word_1_239' title='bbox 2189 1572 2469 1635; x_wconf 72' lang='grc' dir='ltr'>ινεύοντας,</span> <span class='ocrx_word' id='word_1_240' title='bbox 2503 1573 2679 1643; x_wconf 85' lang='grc' dir='ltr'>ὃσονή</span> <span class='ocrx_word' id='word_1_241' title='bbox 2710 1570 2818 1625; x_wconf 83' lang='grc' dir='ltr'>τῶν</span> <span class='ocrx_word' id='word_1_242' title='bbox 2854 1570 3017 1642; x_wconf 84' lang='grc' dir='ltr'>ίερῶν</span> <span class='ocrx_word' id='word_1_243' title='bbox 3056 1570 3252 1639; x_wconf 86' lang='grc' dir='ltr'>λογίων</span> <span class='ocrx_word' id='word_1_244' title='bbox 3281 1569 3446 1632; x_wconf 72' lang='grc' dir='ltr'>ἀκτὶς</span> <span class='ocrx_word' id='word_1_245' title='bbox 3479 1568 3671 1621; x_wconf 79' lang='grc' dir='ltr'>ἐνδίδω-</span> 
     </span>
    </p>
   </div>
   <div class='ocr_carea' id='block_1_31' title="bbox 396 1663 1985 1733">
    <p class='ocr_par' dir='ltr' id='par_1_31' title="bbox 396 1663 1985 1733">
     <span class='ocr_line' id='line_1_31' title="bbox 396 1663 1985 1733; baseline -0.001 -14"><span class='ocrx_word' id='word_1_246' title='bbox 396 1664 764 1720; x_wconf 85' lang='lat' dir='ltr'><strong>insinuaverit</strong></span> <span class='ocrx_word' id='word_1_247' title='bbox 807 1679 1091 1719; x_wconf 87' lang='lat' dir='ltr'><strong>sacrorum</strong></span> <span class='ocrx_word' id='word_1_248' title='bbox 1122 1663 1214 1718; x_wconf 88' lang='lat' dir='ltr'><strong>ille</strong></span> <span class='ocrx_word' id='word_1_249' title='bbox 1254 1663 1440 1717; x_wconf 85' lang='lat' dir='ltr'><strong>radius</strong></span> <span class='ocrx_word' id='word_1_250' title='bbox 1484 1664 1829 1718; x_wconf 89' lang='lat' dir='ltr'><strong>oraculorum</strong></span> <span class='ocrx_word' id='word_1_251' title='bbox 1855 1666 1985 1733; x_wconf 91' lang='lat' dir='ltr'><strong>(non</strong></span> 
     </span>
    </p>
   </div>
   <div class='ocr_carea' id='block_1_32' title="bbox 2092 1660 3675 1734">
    <p class='ocr_par' dir='ltr' id='par_1_32' title="bbox 2092 1660 3675 1734">
     <span class='ocr_line' id='line_1_32' title="bbox 2092 1660 3675 1734; baseline -0.003 -19"><span class='ocrx_word' id='word_1_252' title='bbox 2092 1680 2174 1715; x_wconf 91' lang='grc' dir='ltr'><strong>σιν</strong></span> <span class='ocrx_word' id='word_1_253' title='bbox 2200 1663 2398 1734; x_wconf 81' lang='grc' dir='ltr'>ἑαυτὴν</span> <span class='ocrx_word' id='word_1_254' title='bbox 2428 1663 2565 1733; x_wconf 84' lang='grc' dir='ltr'>πρὸς</span> <span class='ocrx_word' id='word_1_255' title='bbox 2586 1664 2731 1733; x_wconf 80' lang='grc' dir='ltr'>ἡμᾶς</span> <span class='ocrx_word' id='word_1_256' title='bbox 2764 1662 2908 1732; x_wconf 77' lang='grc' dir='ltr'>(οὐδὲ</span> <span class='ocrx_word' id='word_1_257' title='bbox 2932 1660 3040 1732; x_wconf 87' lang='grc' dir='ltr'><strong>γάρ</strong></span> <span class='ocrx_word' id='word_1_258' title='bbox 3069 1662 3192 1714; x_wconf 83' lang='grc' dir='ltr'>ὅσον</span> <span class='ocrx_word' id='word_1_259' title='bbox 3222 1660 3326 1723; x_wconf 85' lang='grc' dir='ltr'>ἑνι,</span> <span class='ocrx_word' id='word_1_260' title='bbox 3360 1660 3426 1712; x_wconf 85' lang='grc' dir='ltr'>τὸ</span> <span class='ocrx_word' id='word_1_261' title='bbox 3450 1660 3599 1713; x_wconf 84' lang='grc' dir='ltr'>Θεῖον</span> <span class='ocrx_word' id='word_1_262' title='bbox 3624 1662 3675 1711; x_wconf 79' lang='grc' dir='ltr'>ἐκ</span> 
     </span>
    </p>
   </div>
   <div class='ocr_carea' id='block_1_33' title="bbox 403 1750 1885 1827">
    <p class='ocr_par' dir='ltr' id='par_1_33' title="bbox 403 1755 1885 1827">
     <span class='ocr_line' id='line_1_33' title="bbox 403 1755 1885 1827; baseline 0 -16"><span class='ocrx_word' id='word_1_263' title='bbox 403 1757 549 1811; x_wconf 90' lang='lat' dir='ltr'><strong>enim</strong></span> <span class='ocrx_word' id='word_1_264' title='bbox 578 1767 842 1826; x_wconf 88' lang='lat' dir='ltr'><strong>quantum</strong></span> <span class='ocrx_word' id='word_1_265' title='bbox 871 1766 1074 1827; x_wconf 80' lang='lat' dir='ltr'><strong>potest,</strong></span> <span class='ocrx_word' id='word_1_266' title='bbox 1102 1755 1200 1811; x_wconf 87' lang='lat' dir='ltr'><strong>sed</strong></span> <span class='ocrx_word' id='word_1_267' title='bbox 1231 1765 1494 1825; x_wconf 88' lang='lat' dir='ltr'><strong>quantum</strong></span> <span class='ocrx_word' id='word_1_268' title='bbox 1518 1756 1652 1811; x_wconf 87' lang='lat' dir='ltr'><strong>satis</strong></span> <span class='ocrx_word' id='word_1_269' title='bbox 1683 1766 1786 1817; x_wconf 86' lang='lat' dir='ltr'><strong>est.</strong></span> <span class='ocrx_word' id='word_1_270' title='bbox 1817 1758 1885 1811; x_wconf 85' lang='lat' dir='ltr'><strong>De</strong></span> 
     </span>
    </p>
   </div>
   <div class='ocr_carea' id='block_1_34' title="bbox 2192 1750 3674 1827">
    <p class='ocr_par' dir='ltr' id='par_1_34' title="bbox 2192 1750 3674 1826">
     <span class='ocr_line' id='line_1_34' title="bbox 2192 1750 3674 1826; baseline -0.005 -20"><span class='ocrx_word' id='word_1_271' title='bbox 2192 1771 2199 1799; x_wconf 78' lang='grc' dir='ltr'><strong>ι</strong></span> <span class='ocrx_word' id='word_1_272' title='bbox 2261 1752 2493 1826; x_wconf 75' lang='grc' dir='ltr'>Γραφῶν</span> <span class='ocrx_word' id='word_1_273' title='bbox 2542 1752 2920 1823; x_wconf 87' lang='grc' dir='ltr'>μανθάνομεν,</span> <span class='ocrx_word' id='word_1_274' title='bbox 2973 1751 3086 1804; x_wconf 79' lang='grc' dir='ltr'>ἀλλ’</span> <span class='ocrx_word' id='word_1_275' title='bbox 3136 1751 3261 1803; x_wconf 83' lang='grc' dir='ltr'>ὅσον</span> <span class='ocrx_word' id='word_1_276' title='bbox 3320 1750 3553 1820; x_wconf 85' lang='grc' dir='ltr'>χωρεῖ),</span> <span class='ocrx_word' id='word_1_277' title='bbox 3599 1750 3674 1800; x_wconf 84' lang='grc' dir='ltr'>καὶ</span> 
     </span>
    </p>
   </div>
   <div class='ocr_carea' id='block_1_35' title="bbox 393 1847 1983 1917">
    <p class='ocr_par' dir='ltr' id='par_1_35' title="bbox 393 1847 1983 1917">
     <span class='ocr_line' id='line_1_35' title="bbox 393 1847 1983 1917; baseline 0.002 -15"><span class='ocrx_word' id='word_1_278' title='bbox 393 1847 807 1916; x_wconf 80' lang='lat' dir='ltr'><strong>exScripturis</strong></span> <span class='ocrx_word' id='word_1_279' title='bbox 855 1848 1139 1911; x_wconf 85' lang='lat' dir='ltr'><strong>discimus)</strong></span> <span class='ocrx_word' id='word_1_280' title='bbox 1205 1862 1314 1917; x_wconf 93' lang='lat' dir='ltr'><strong>quo</strong></span> <span class='ocrx_word' id='word_1_281' title='bbox 1357 1847 1817 1903; x_wconf 83' lang='lat' dir='ltr'><strong>eminentioribus</strong></span> <span class='ocrx_word' id='word_1_282' title='bbox 1862 1849 1983 1905; x_wconf 81' lang='lat' dir='ltr'><strong>istis</strong></span> 
     </span>
    </p>
   </div>
   <div class='ocr_carea' id='block_1_36' title="bbox 394 1939 1982 2011">
    <p class='ocr_par' dir='ltr' id='par_1_36' title="bbox 394 1939 1982 2011">
     <span class='ocr_line' id='line_1_36' title="bbox 394 1939 1982 2011; baseline 0.002 -18"><span class='ocrx_word' id='word_1_283' title='bbox 394 1955 579 1994; x_wconf 85' lang='lat' dir='ltr'><strong>rerum</strong></span> <span class='ocrx_word' id='word_1_284' title='bbox 614 1941 922 1995; x_wconf 87' lang='lat' dir='ltr'><strong>divinarum</strong></span> <span class='ocrx_word' id='word_1_285' title='bbox 965 1939 1349 2010; x_wconf 83' lang='lat' dir='ltr'><strong>splendoribus</strong></span> <span class='ocrx_word' id='word_1_286' title='bbox 1393 1941 1695 1996; x_wconf 76' lang='lat' dir='ltr'><strong>sobrietate</strong></span> <span class='ocrx_word' id='word_1_287' title='bbox 1746 1943 1982 2011; x_wconf 87' lang='lat' dir='ltr'><strong>quadam</strong></span> 
     </span>
    </p>
   </div>
   <div class='ocr_carea' id='block_1_37' title="bbox 393 2032 1987 2101">
    <p class='ocr_par' dir='ltr' id='par_1_37' title="bbox 393 2032 1987 2101">
     <span class='ocr_line' id='line_1_37' title="bbox 393 2032 1987 2101; baseline 0.001 -15"><span class='ocrx_word' id='word_1_288' title='bbox 393 2047 457 2086; x_wconf 85' lang='lat' dir='ltr'><strong>ac</strong></span> <span class='ocrx_word' id='word_1_289' title='bbox 483 2032 790 2086; x_wconf 85' lang='lat' dir='ltr'><strong>reverentia</strong></span> <span class='ocrx_word' id='word_1_290' title='bbox 840 2046 1339 2099; x_wconf 85' lang='lat' dir='ltr'><strong>contemperamnr.</strong></span> <span class='ocrx_word' id='word_1_291' title='bbox 1385 2032 1597 2086; x_wconf 86' lang='lat' dir='ltr'><strong>Etenim</strong></span> <span class='ocrx_word' id='word_1_292' title='bbox 1635 2033 1679 2086; x_wconf 89' lang='lat' dir='ltr'><strong>si</strong></span> <span class='ocrx_word' id='word_1_293' title='bbox 1726 2033 1856 2101; x_wconf 88' lang='lat' dir='ltr'><strong>quid</strong></span> <span class='ocrx_word' id='word_1_294' title='bbox 1898 2047 1987 2087; x_wconf 85' lang='lat' dir='ltr'><strong>sa-</strong></span> 
     </span>
    </p>
   </div>
   <div class='ocr_carea' id='block_1_38' title="bbox 392 2123 1983 2194">
    <p class='ocr_par' dir='ltr' id='par_1_38' title="bbox 392 2123 1983 2194">
     <span class='ocr_line' id='line_1_38' title="bbox 392 2123 1983 2194; baseline 0.001 -17"><span class='ocrx_word' id='word_1_295' title='bbox 392 2124 746 2194; x_wconf 63' lang='lat' dir='ltr'><strong>pientissimae</strong></span> <span class='ocrx_word' id='word_1_296' title='bbox 775 2125 956 2194; x_wconf 79' lang='lat' dir='ltr'><strong>magni</strong></span> <span class='ocrx_word' id='word_1_297' title='bbox 988 2123 1140 2176; x_wconf 88' lang='lat' dir='ltr'><strong>Pauli</strong></span> <span class='ocrx_word' id='word_1_298' title='bbox 1184 2124 1472 2193; x_wconf 78' lang='lat' dir='ltr'><strong>theologia:</strong></span> <span class='ocrx_word' id='word_1_299' title='bbox 1506 2125 1839 2179; x_wconf 87' lang='lat' dir='ltr'><strong>credendum</strong></span> <span class='ocrx_word' id='word_1_300' title='bbox 1879 2134 1983 2188; x_wconf 86' lang='lat' dir='ltr'><strong>est,</strong></span> 
     </span>
    </p>
   </div>
   <div class='ocr_carea' id='block_1_39' title="bbox 391 2215 1988 2285">
    <p class='ocr_par' dir='ltr' id='par_1_39' title="bbox 391 2215 1988 2285">
     <span class='ocr_line' id='line_1_39' title="bbox 391 2215 1988 2285; baseline -0.001 -16"><span class='ocrx_word' id='word_1_301' title='bbox 391 2216 531 2285; x_wconf 87' lang='lat' dir='ltr'><strong>(ipse</strong></span> <span class='ocrx_word' id='word_1_302' title='bbox 552 2218 699 2271; x_wconf 90' lang='lat' dir='ltr'><strong>enim</strong></span> <span class='ocrx_word' id='word_1_303' title='bbox 738 2225 824 2271; x_wconf 92' lang='lat' dir='ltr'><strong>est</strong></span> <span class='ocrx_word' id='word_1_304' title='bbox 870 2216 961 2284; x_wconf 93' lang='lat' dir='ltr'><strong>qui</strong></span> <span class='ocrx_word' id='word_1_305' title='bbox 1003 2215 1160 2279; x_wconf 87' lang='lat' dir='ltr'><strong>dicit,</strong></span> <span class='ocrx_word' id='word_1_306' title='bbox 1194 2216 1493 2269; x_wconf 85' lang='lat' dir='ltr'><strong>secundum</strong></span> <span class='ocrx_word' id='word_1_307' title='bbox 1533 2231 1844 2271; x_wconf 87' lang='lat' dir='ltr'><strong>mensuram</strong></span> <span class='ocrx_word' id='word_1_308' title='bbox 1876 2216 1988 2268; x_wconf 80' lang='lat' dir='ltr'><strong>vir-</strong></span> 
     </span>
    </p>
   </div>
   <div class='ocr_carea' id='block_1_40' title="bbox 395 2306 1987 2377">
    <p class='ocr_par' dir='ltr' id='par_1_40' title="bbox 395 2306 1987 2377">
     <span class='ocr_line' id='line_1_40' title="bbox 395 2306 1987 2377; baseline -0.003 -12"><span class='ocrx_word' id='word_1_309' title='bbox 395 2309 525 2365; x_wconf 89' lang='lat' dir='ltr'><strong>tutis</strong></span> <span class='ocrx_word' id='word_1_310' title='bbox 557 2307 820 2377; x_wconf 88' lang='lat' dir='ltr'><strong>cujusque</strong></span> <span class='ocrx_word' id='word_1_311' title='bbox 866 2323 895 2360; x_wconf 91' lang='lat' dir='ltr'><strong>a</strong></span> <span class='ocrx_word' id='word_1_312' title='bbox 938 2307 1049 2360; x_wconf 84' lang='lat' dir='ltr'><strong>Deo</strong></span> <span class='ocrx_word' id='word_1_313' title='bbox 1085 2307 1277 2360; x_wconf 90' lang='lat' dir='ltr'><strong>donari</strong></span> <span class='ocrx_word' id='word_1_314' title='bbox 1330 2306 1752 2361; x_wconf 87' lang='lat' dir='ltr'><strong>illustrationem</strong></span> <span class='ocrx_word' id='word_1_315' title='bbox 1778 2308 1846 2375; x_wconf 75' lang='grc' dir='ltr'><strong>ὶι)</strong></span> <span class='ocrx_word' id='word_1_316' title='bbox 1886 2308 1987 2363; x_wconf 90' lang='lat' dir='ltr'><strong>hoc</strong></span> 
     </span>
    </p>
   </div>
   <div class='ocr_carea' id='block_1_41' title="bbox 392 2398 1983 2468">
    <p class='ocr_par' dir='ltr' id='par_1_41' title="bbox 392 2398 1983 2468">
     <span class='ocr_line' id='line_1_41' title="bbox 392 2398 1983 2468; baseline -0.003 -12"><span class='ocrx_word' id='word_1_317' title='bbox 392 2401 649 2467; x_wconf 89' lang='lat' dir='ltr'><strong>dicimus,</strong></span> <span class='ocrx_word' id='word_1_318' title='bbox 691 2399 949 2468; x_wconf 87' lang='lat' dir='ltr'><strong>quoniam</strong></span> <span class='ocrx_word' id='word_1_319' title='bbox 985 2414 1084 2467; x_wconf 92' lang='lat' dir='ltr'><strong>pro</strong></span> <span class='ocrx_word' id='word_1_320' title='bbox 1130 2398 1471 2467; x_wconf 76' lang='lat' dir='ltr'><strong>singularum</strong></span> <span class='ocrx_word' id='word_1_321' title='bbox 1512 2410 1674 2466; x_wconf 82' lang='lat' dir='ltr'><strong>captu</strong></span> <span class='ocrx_word' id='word_1_322' title='bbox 1723 2398 1983 2452; x_wconf 83' lang='lat' dir='ltr'><strong>mentium</strong></span> 
     </span>
    </p>
   </div>
   <div class='ocr_carea' id='block_1_42' title="bbox 392 2488 1988 2559">
    <p class='ocr_par' dir='ltr' id='par_1_42' title="bbox 392 2488 1988 2559">
     <span class='ocr_line' id='line_1_42' title="bbox 392 2488 1988 2559; baseline -0.004 -11"><span class='ocrx_word' id='word_1_323' title='bbox 392 2494 509 2548; x_wconf 83' lang='lat' dir='ltr'><strong>sive</strong></span> <span class='ocrx_word' id='word_1_324' title='bbox 539 2495 1010 2554; x_wconf 79' lang='lat' dir='ltr'><strong>ltnmanarum,ut</strong></span> <span class='ocrx_word' id='word_1_325' title='bbox 1034 2505 1156 2559; x_wconf 77' lang='lat' dir='ltr'><strong>qua:</strong></span> <span class='ocrx_word' id='word_1_326' title='bbox 1180 2490 1415 2557; x_wconf 89' lang='lat' dir='ltr'><strong>primum</strong></span> <span class='ocrx_word' id='word_1_327' title='bbox 1442 2488 1858 2543; x_wconf 79' lang='lat' dir='ltr'><strong>illustratimtem</strong></span> <span class='ocrx_word' id='word_1_328' title='bbox 1891 2504 1988 2541; x_wconf 89' lang='lat' dir='ltr'><strong>ac-</strong></span> 
     </span>
    </p>
   </div>
   <div class='ocr_carea' id='block_1_43' title="bbox 393 2581 1985 2655">
    <p class='ocr_par' dir='ltr' id='par_1_43' title="bbox 393 2581 1985 2655">
     <span class='ocr_line' id='line_1_43' title="bbox 393 2581 1985 2655; baseline -0.004 -14"><span class='ocrx_word' id='word_1_329' title='bbox 393 2586 606 2655; x_wconf 91' lang='lat' dir='ltr'><strong>cipiant</strong></span> <span class='ocrx_word' id='word_1_330' title='bbox 626 2585 744 2638; x_wconf 88' lang='lat' dir='ltr'><strong>sive</strong></span> <span class='ocrx_word' id='word_1_331' title='bbox 767 2582 1109 2652; x_wconf 76' lang='lat' dir='ltr'><strong>angelorum,</strong></span> <span class='ocrx_word' id='word_1_332' title='bbox 1134 2598 1272 2650; x_wconf 91' lang='lat' dir='ltr'><strong>quos</strong></span> <span class='ocrx_word' id='word_1_333' title='bbox 1296 2592 1509 2636; x_wconf 81' lang='lat' dir='ltr'><strong>mentes</strong></span> <span class='ocrx_word' id='word_1_334' title='bbox 1534 2582 1808 2651; x_wconf 86' lang='lat' dir='ltr'><strong>appellare</strong></span> <span class='ocrx_word' id='word_1_335' title='bbox 1826 2581 1985 2649; x_wconf 89' lang='lat' dir='ltr'><strong>solet,</strong></span> 
     </span>
    </p>
   </div>
   <div class='ocr_carea' id='block_1_44' title="bbox 393 2671 1986 2744">
    <p class='ocr_par' dir='ltr' id='par_1_44' title="bbox 393 2671 1986 2744">
     <span class='ocr_line' id='line_1_44' title="bbox 393 2671 1986 2744; baseline -0.002 -15"><span class='ocrx_word' id='word_1_336' title='bbox 393 2686 452 2729; x_wconf 90' lang='lat' dir='ltr'><strong>ut</strong></span> <span class='ocrx_word' id='word_1_337' title='bbox 476 2675 569 2744; x_wconf 88' lang='lat' dir='ltr'><strong>qui</strong></span> <span class='ocrx_word' id='word_1_338' title='bbox 590 2674 810 2729; x_wconf 92' lang='lat' dir='ltr'><strong>omnino</strong></span> <span class='ocrx_word' id='word_1_339' title='bbox 834 2672 1206 2726; x_wconf 87' lang='lat' dir='ltr'><strong>essentialiter</strong></span> <span class='ocrx_word' id='word_1_340' title='bbox 1231 2686 1384 2725; x_wconf 90' lang='lat' dir='ltr'><strong>meus</strong></span> <span class='ocrx_word' id='word_1_341' title='bbox 1408 2672 1700 2738; x_wconf 77' lang='lat' dir='ltr'><strong>exsistant,</strong></span> <span class='ocrx_word' id='word_1_342' title='bbox 1725 2682 1778 2725; x_wconf 87' lang='lat' dir='ltr'><strong>ct</strong></span> <span class='ocrx_word' id='word_1_343' title='bbox 1803 2671 1986 2726; x_wconf 86' lang='lat' dir='ltr'><strong>omnia</strong></span> 
     </span>
    </p>
   </div>
   <div class='ocr_carea' id='block_1_45' title="bbox 394 2764 1988 2839">
    <p class='ocr_par' dir='ltr' id='par_1_45' title="bbox 394 2764 1988 2839">
     <span class='ocr_line' id='line_1_45' title="bbox 394 2764 1988 2839; baseline -0.004 -16"><span class='ocrx_word' id='word_1_344' title='bbox 394 2767 697 2839; x_wconf 83' lang='lat' dir='ltr'><strong>intelligant</strong></span> <span class='ocrx_word' id='word_1_345' title='bbox 719 2766 884 2836; x_wconf 81' lang='lat'><strong>300</strong></span> <span class='ocrx_word' id='word_1_346' title='bbox 905 2765 1055 2819; x_wconf 90' lang='lat' dir='ltr'><strong>unite</strong></span> <span class='ocrx_word' id='word_1_347' title='bbox 1079 2780 1199 2833; x_wconf 73' lang='lat' dir='ltr'><strong>qua:</strong></span> <span class='ocrx_word' id='word_1_348' title='bbox 1240 2781 1269 2819; x_wconf 88' lang='lat' dir='ltr'><strong>a</strong></span> <span class='ocrx_word' id='word_1_349' title='bbox 1313 2765 1423 2820; x_wconf 85' lang='lat' dir='ltr'><strong>Deo</strong></span> <span class='ocrx_word' id='word_1_350' title='bbox 1460 2765 1512 2817; x_wconf 92' lang='lat' dir='ltr'><strong>in</strong></span> <span class='ocrx_word' id='word_1_351' title='bbox 1548 2764 1697 2834; x_wconf 88' lang='lat' dir='ltr'><strong>ipsos</strong></span> <span class='ocrx_word' id='word_1_352' title='bbox 1729 2765 1988 2817; x_wconf 90' lang='lat' dir='ltr'><strong>continue</strong></span> 
     </span>
    </p>
   </div>
   <div class='ocr_carea' id='block_1_46' title="bbox 394 2856 1986 2927">
    <p class='ocr_par' dir='ltr' id='par_1_46' title="bbox 394 2856 1986 2927">
     <span class='ocr_line' id='line_1_46' title="bbox 394 2856 1986 2927; baseline -0.003 -14"><span class='ocrx_word' id='word_1_353' title='bbox 394 2858 733 2923; x_wconf 87' lang='lat' dir='ltr'><strong>derivantur,</strong></span> <span class='ocrx_word' id='word_1_354' title='bbox 759 2872 855 2927; x_wconf 90' lang='lat' dir='ltr'><strong>pro</strong></span> <span class='ocrx_word' id='word_1_355' title='bbox 880 2856 1161 2925; x_wconf 85' lang='lat' dir='ltr'><strong>cujusque,</strong></span> <span class='ocrx_word' id='word_1_356' title='bbox 1198 2858 1440 2925; x_wconf 81' lang='lat' dir='ltr'><strong>inquam,</strong></span> <span class='ocrx_word' id='word_1_357' title='bbox 1470 2866 1635 2925; x_wconf 88' lang='lat' dir='ltr'><strong>captu</strong></span> <span class='ocrx_word' id='word_1_358' title='bbox 1671 2856 1852 2910; x_wconf 88' lang='lat' dir='ltr'><strong>divina</strong></span> <span class='ocrx_word' id='word_1_359' title='bbox 1897 2872 1986 2909; x_wconf 89' lang='lat' dir='ltr'><strong>re-</strong></span> 
     </span>
    </p>
   </div>
   <div class='ocr_carea' id='block_1_47' title="bbox 392 2946 1984 3016">
    <p class='ocr_par' dir='ltr' id='par_1_47' title="bbox 392 2946 1984 3016">
     <span class='ocr_line' id='line_1_47' title="bbox 392 2946 1984 3016; baseline -0.003 -13"><span class='ocrx_word' id='word_1_360' title='bbox 392 2950 679 3013; x_wconf 80' lang='lat' dir='ltr'><strong>velantur;</strong></span> <span class='ocrx_word' id='word_1_361' title='bbox 710 2964 818 3002; x_wconf 89' lang='lat' dir='ltr'><strong>non</strong></span> <span class='ocrx_word' id='word_1_362' title='bbox 847 2947 992 3016; x_wconf 91' lang='lat' dir='ltr'><strong>quod</strong></span> <span class='ocrx_word' id='word_1_363' title='bbox 1022 2948 1167 3001; x_wconf 88' lang='lat' dir='ltr'><strong>Deus</strong></span> <span class='ocrx_word' id='word_1_364' title='bbox 1212 2947 1279 3000; x_wconf 83' lang='lat' dir='ltr'><strong>iis</strong></span> <span class='ocrx_word' id='word_1_365' title='bbox 1320 2948 1499 3001; x_wconf 90' lang='lat' dir='ltr'><strong>lumen</strong></span> <span class='ocrx_word' id='word_1_366' title='bbox 1526 2946 1700 3015; x_wconf 89' lang='lat' dir='ltr'><strong>majus</strong></span> <span class='ocrx_word' id='word_1_367' title='bbox 1727 2947 1984 3009; x_wconf 78' lang='lat' dir='ltr'><strong>invideat,</strong></span> 
     </span>
    </p>
   </div>
   <div class='ocr_carea' id='block_1_48' title="bbox 394 3038 1987 3108">
    <p class='ocr_par' dir='ltr' id='par_1_48' title="bbox 394 3038 1987 3108">
     <span class='ocr_line' id='line_1_48' title="bbox 394 3038 1987 3108; baseline -0.002 -13"><span class='ocrx_word' id='word_1_368' title='bbox 394 3042 488 3095; x_wconf 89' lang='lat' dir='ltr'><strong>sed</strong></span> <span class='ocrx_word' id='word_1_369' title='bbox 521 3040 654 3094; x_wconf 90' lang='lat' dir='ltr'><strong>utin</strong></span> <span class='ocrx_word' id='word_1_370' title='bbox 682 3038 1072 3093; x_wconf 83' lang='lat' dir='ltr'><strong>distributione</strong></span> <span class='ocrx_word' id='word_1_371' title='bbox 1123 3038 1318 3091; x_wconf 74' lang='lat' dir='ltr'><strong>divinzc</strong></span> <span class='ocrx_word' id='word_1_372' title='bbox 1348 3038 1685 3107; x_wconf 78' lang='lat' dir='ltr'><strong>cognitionis</strong></span> <span class='ocrx_word' id='word_1_373' title='bbox 1723 3047 1777 3093; x_wconf 86' lang='lat' dir='ltr'><strong>et</strong></span> <span class='ocrx_word' id='word_1_374' title='bbox 1819 3040 1987 3108; x_wconf 85' lang='lat' dir='ltr'><strong>a-qui-</strong></span> 
     </span>
    </p>
   </div>
   <div class='ocr_carea' id='block_1_49' title="bbox 397 3128 1981 3198">
    <p class='ocr_par' dir='ltr' id='par_1_49' title="bbox 397 3128 1981 3198">
     <span class='ocr_line' id='line_1_49' title="bbox 397 3128 1981 3198; baseline -0.004 -11"><span class='ocrx_word' id='word_1_375' title='bbox 397 3144 563 3188; x_wconf 83' lang='lat' dir='ltr'><strong>tatcm</strong></span> <span class='ocrx_word' id='word_1_376' title='bbox 587 3141 789 3187; x_wconf 88' lang='lat' dir='ltr'><strong>servet.</strong></span> <span class='ocrx_word' id='word_1_377' title='bbox 823 3130 1111 3198; x_wconf 86' lang='lat' dir='ltr'><strong>Proprium</strong></span> <span class='ocrx_word' id='word_1_378' title='bbox 1147 3128 1424 3197; x_wconf 83' lang='lat' dir='ltr'><strong>siquidem</strong></span> <span class='ocrx_word' id='word_1_379' title='bbox 1472 3129 1702 3197; x_wconf 63' lang='lat' dir='ltr'><strong>justitim</strong></span> <span class='ocrx_word' id='word_1_380' title='bbox 1734 3140 1839 3191; x_wconf 89' lang='lat' dir='ltr'><strong>est,</strong></span> <span class='ocrx_word' id='word_1_381' title='bbox 1863 3131 1981 3183; x_wconf 82' lang='lat' dir='ltr'><strong>cui-</strong></span> 
     </span>
    </p>
   </div>
   <div class='ocr_carea' id='block_1_50' title="bbox 394 3222 1984 3297">
    <p class='ocr_par' dir='ltr' id='par_1_50' title="bbox 394 3222 1984 3297">
     <span class='ocr_line' id='line_1_50' title="bbox 394 3222 1984 3297; baseline 0 -20"><span class='ocrx_word' id='word_1_382' title='bbox 394 3241 500 3297; x_wconf 88' lang='lat' dir='ltr'><strong>que</strong></span> <span class='ocrx_word' id='word_1_383' title='bbox 523 3240 621 3294; x_wconf 86' lang='lat' dir='ltr'><strong>pro</strong></span> <span class='ocrx_word' id='word_1_384' title='bbox 644 3224 843 3277; x_wconf 87' lang='lat' dir='ltr'><strong>merito</strong></span> <span class='ocrx_word' id='word_1_385' title='bbox 873 3235 1184 3276; x_wconf 89' lang='lat' dir='ltr'><strong>mensuram</strong></span> <span class='ocrx_word' id='word_1_386' title='bbox 1213 3222 1474 3276; x_wconf 88' lang='lat' dir='ltr'><strong>tribuere.</strong></span> <span class='ocrx_word' id='word_1_387' title='bbox 1503 3223 1690 3290; x_wconf 89' lang='lat' dir='ltr'><strong>Itaque</strong></span> <span class='ocrx_word' id='word_1_388' title='bbox 1721 3222 1984 3280; x_wconf 88' lang='lat' dir='ltr'><strong>immensa</strong></span> 
     </span>
    </p>
   </div>
   <div class='ocr_carea' id='block_1_51' title="bbox 396 3312 1986 3386">
    <p class='ocr_par' dir='ltr' id='par_1_51' title="bbox 396 3312 1986 3386">
     <span class='ocr_line' id='line_1_51' title="bbox 396 3312 1986 3386; baseline 0 -18"><span class='ocrx_word' id='word_1_389' title='bbox 396 3319 615 3386; x_wconf 85' lang='lat' dir='ltr'><strong>quidem</strong></span> <span class='ocrx_word' id='word_1_390' title='bbox 651 3324 736 3369; x_wconf 89' lang='lat' dir='ltr'><strong>est</strong></span> <span class='ocrx_word' id='word_1_391' title='bbox 778 3313 872 3367; x_wconf 89' lang='lat' dir='ltr'><strong>Dei</strong></span> <span class='ocrx_word' id='word_1_392' title='bbox 912 3314 1177 3382; x_wconf 85' lang='lat' dir='ltr'><strong>cognitio,</strong></span> <span class='ocrx_word' id='word_1_393' title='bbox 1207 3312 1302 3366; x_wconf 89' lang='lat' dir='ltr'><strong>scd</strong></span> <span class='ocrx_word' id='word_1_394' title='bbox 1338 3314 1614 3367; x_wconf 89' lang='lat' dir='ltr'><strong>mensuris</strong></span> <span class='ocrx_word' id='word_1_395' title='bbox 1656 3313 1816 3367; x_wconf 88' lang='lat' dir='ltr'><strong>nobis</strong></span> <span class='ocrx_word' id='word_1_396' title='bbox 1850 3328 1986 3381; x_wconf 82' lang='lat' dir='ltr'><strong>Opus</strong></span> 
     </span>
    </p>
   </div>
   <div class='ocr_carea' id='block_1_52' title="bbox 395 3403 1985 3474">
    <p class='ocr_par' dir='ltr' id='par_1_52' title="bbox 395 3403 1985 3474">
     <span class='ocr_line' id='line_1_52' title="bbox 395 3403 1985 3474; baseline -0.002 -12"><span class='ocrx_word' id='word_1_397' title='bbox 395 3417 500 3463; x_wconf 91' lang='lat' dir='ltr'><strong>est.</strong></span> <span class='ocrx_word' id='word_1_398' title='bbox 550 3406 682 3459; x_wconf 85' lang='lat' dir='ltr'><strong>Nam</strong></span> <span class='ocrx_word' id='word_1_399' title='bbox 730 3405 775 3458; x_wconf 90' lang='lat' dir='ltr'><strong>si</strong></span> <span class='ocrx_word' id='word_1_400' title='bbox 830 3403 1040 3472; x_wconf 88' lang='lat' dir='ltr'><strong>absque</strong></span> <span class='ocrx_word' id='word_1_401' title='bbox 1087 3418 1346 3458; x_wconf 87' lang='lat' dir='ltr'><strong>mensura</strong></span> <span class='ocrx_word' id='word_1_402' title='bbox 1416 3405 1573 3458; x_wconf 86' lang='lat' dir='ltr'><strong>nobis</strong></span> <span class='ocrx_word' id='word_1_403' title='bbox 1628 3404 1985 3474; x_wconf 85' lang='lat' dir='ltr'><strong>revelaretur,</strong></span> 
     </span>
    </p>
   </div>
   <div class='ocr_carea' id='block_1_53' title="bbox 397 3497 1988 3565">
    <p class='ocr_par' dir='ltr' id='par_1_53' title="bbox 397 3497 1988 3565">
     <span class='ocr_line' id='line_1_53' title="bbox 397 3497 1988 3565; baseline -0.001 -11"><span class='ocrx_word' id='word_1_404' title='bbox 397 3500 621 3555; x_wconf 88' lang='lat' dir='ltr'><strong>minime</strong></span> <span class='ocrx_word' id='word_1_405' title='bbox 652 3499 859 3552; x_wconf 82' lang='lat' dir='ltr'><strong>servari</strong></span> <span class='ocrx_word' id='word_1_406' title='bbox 895 3510 1220 3565; x_wconf 86' lang='lat' dir='ltr'><strong>possemus;</strong></span> <span class='ocrx_word' id='word_1_407' title='bbox 1253 3497 1399 3549; x_wconf 89' lang='lat' dir='ltr'><strong>sicut</strong></span> <span class='ocrx_word' id='word_1_408' title='bbox 1432 3510 1607 3565; x_wconf 87' lang='lat' dir='ltr'><strong>neque</strong></span> <span class='ocrx_word' id='word_1_409' title='bbox 1632 3498 1824 3552; x_wconf 90' lang='lat' dir='ltr'><strong>oculus</strong></span> <span class='ocrx_word' id='word_1_410' title='bbox 1862 3514 1988 3554; x_wconf 89' lang='lat' dir='ltr'><strong>cor-</strong></span> 
     </span>
    </p>
   </div>
   <div class='ocr_carea' id='block_1_54' title="bbox 396 3587 1983 3662">
    <p class='ocr_par' dir='ltr' id='par_1_54' title="bbox 396 3587 1983 3662">
     <span class='ocr_line' id='line_1_54' title="bbox 396 3587 1983 3662; baseline -0.001 -15"><span class='ocrx_word' id='word_1_411' title='bbox 396 3606 618 3662; x_wconf 77' lang='lat' dir='ltr'><strong>poreus,</strong></span> <span class='ocrx_word' id='word_1_412' title='bbox 644 3591 687 3645; x_wconf 91' lang='lat' dir='ltr'><strong>si</strong></span> <span class='ocrx_word' id='word_1_413' title='bbox 713 3598 886 3644; x_wconf 89' lang='lat' dir='ltr'><strong>totum</strong></span> <span class='ocrx_word' id='word_1_414' title='bbox 920 3593 1090 3643; x_wconf 90' lang='lat' dir='ltr'><strong>solem</strong></span> <span class='ocrx_word' id='word_1_415' title='bbox 1117 3589 1374 3658; x_wconf 80' lang='lat' dir='ltr'><strong>excipiat.</strong></span> <span class='ocrx_word' id='word_1_416' title='bbox 1410 3590 1635 3642; x_wconf 89' lang='lat' dir='ltr'><strong>Summa</strong></span> <span class='ocrx_word' id='word_1_417' title='bbox 1671 3587 1857 3659; x_wconf 83' lang='lat' dir='ltr'><strong>itaque</strong></span> <span class='ocrx_word' id='word_1_418' title='bbox 1887 3590 1983 3645; x_wconf 86' lang='lat' dir='ltr'><strong>Dei</strong></span> 
     </span>
    </p>
   </div>
   <div class='ocr_carea' id='block_1_55' title="bbox 396 3680 1986 3750">
    <p class='ocr_par' dir='ltr' id='par_1_55' title="bbox 396 3680 1986 3750">
     <span class='ocr_line' id='line_1_55' title="bbox 396 3680 1986 3750; baseline -0.003 -10"><span class='ocrx_word' id='word_1_419' title='bbox 396 3685 633 3748; x_wconf 88' lang='lat' dir='ltr'><strong>bonitas,</strong></span> <span class='ocrx_word' id='word_1_420' title='bbox 670 3682 784 3736; x_wconf 89' lang='lat' dir='ltr'><strong>sive</strong></span> <span class='ocrx_word' id='word_1_421' title='bbox 822 3680 1049 3749; x_wconf 70' lang='lat' dir='ltr'><strong>justitiae</strong></span> <span class='ocrx_word' id='word_1_422' title='bbox 1094 3680 1372 3745; x_wconf 86' lang='lat' dir='ltr'><strong>decorem,</strong></span> <span class='ocrx_word' id='word_1_423' title='bbox 1398 3681 1515 3735; x_wconf 87' lang='lat' dir='ltr'><strong>sive</strong></span> <span class='ocrx_word' id='word_1_424' title='bbox 1550 3697 1651 3736; x_wconf 92' lang='lat' dir='ltr'><strong>nos</strong></span> <span class='ocrx_word' id='word_1_425' title='bbox 1695 3680 1839 3750; x_wconf 89' lang='lat' dir='ltr'><strong>ipsos</strong></span> <span class='ocrx_word' id='word_1_426' title='bbox 1871 3697 1986 3735; x_wconf 83' lang='lat' dir='ltr'><strong>scr-</strong></span> 
     </span>
    </p>
   </div>
   <div class='ocr_carea' id='block_1_56' title="bbox 396 3772 1988 3843">
    <p class='ocr_par' dir='ltr' id='par_1_56' title="bbox 396 3772 1988 3843">
     <span class='ocr_line' id='line_1_56' title="bbox 396 3772 1988 3843; baseline -0.001 -15"><span class='ocrx_word' id='word_1_427' title='bbox 396 3792 527 3830; x_wconf 89' lang='lat' dir='ltr'><strong>vare</strong></span> <span class='ocrx_word' id='word_1_428' title='bbox 556 3774 767 3839; x_wconf 89' lang='lat' dir='ltr'><strong>volens,</strong></span> <span class='ocrx_word' id='word_1_429' title='bbox 796 3773 873 3825; x_wconf 92' lang='lat' dir='ltr'><strong>uti</strong></span> <span class='ocrx_word' id='word_1_430' title='bbox 903 3772 1072 3827; x_wconf 89' lang='lat' dir='ltr'><strong>Deum</strong></span> <span class='ocrx_word' id='word_1_431' title='bbox 1098 3773 1258 3826; x_wconf 88' lang='lat' dir='ltr'><strong>decet</strong></span> <span class='ocrx_word' id='word_1_432' title='bbox 1283 3774 1434 3843; x_wconf 88' lang='lat' dir='ltr'><strong>(nam</strong></span> <span class='ocrx_word' id='word_1_433' title='bbox 1468 3772 1575 3827; x_wconf 91' lang='lat' dir='ltr'><strong>Deo</strong></span> <span class='ocrx_word' id='word_1_434' title='bbox 1596 3772 1848 3826; x_wconf 88' lang='lat' dir='ltr'><strong>convenit</strong></span> <span class='ocrx_word' id='word_1_435' title='bbox 1879 3772 1988 3827; x_wconf 85' lang='lat' dir='ltr'><strong>sal-</strong></span> 
     </span>
    </p>
   </div>
   <div class='ocr_carea' id='block_1_57' title="bbox 398 3861 1987 3931">
    <p class='ocr_par' dir='ltr' id='par_1_57' title="bbox 398 3861 1987 3931">
     <span class='ocr_line' id='line_1_57' title="bbox 398 3861 1987 3931; baseline -0.001 -12"><span class='ocrx_word' id='word_1_436' title='bbox 398 3883 545 3931; x_wconf 86' lang='lat' dir='ltr'><strong>vare,</strong></span> <span class='ocrx_word' id='word_1_437' title='bbox 573 3875 628 3922; x_wconf 94' lang='lat' dir='ltr'><strong>et</strong></span> <span class='ocrx_word' id='word_1_438' title='bbox 670 3879 776 3919; x_wconf 92' lang='lat' dir='ltr'><strong>non</strong></span> <span class='ocrx_word' id='word_1_439' title='bbox 813 3861 1081 3925; x_wconf 85' lang='lat' dir='ltr'><strong>invidere)</strong></span> <span class='ocrx_word' id='word_1_440' title='bbox 1110 3878 1140 3916; x_wconf 91' lang='lat' dir='ltr'><strong>a</strong></span> <span class='ocrx_word' id='word_1_441' title='bbox 1182 3864 1345 3916; x_wconf 67' lang='lat' dir='ltr'><strong>rebus</strong></span> <span class='ocrx_word' id='word_1_442' title='bbox 1379 3866 1711 3918; x_wconf 88' lang='lat' dir='ltr'><strong>rnensuratis</strong></span> <span class='ocrx_word' id='word_1_443' title='bbox 1742 3873 1797 3917; x_wconf 92' lang='lat' dir='ltr'><strong>et</strong></span> <span class='ocrx_word' id='word_1_444' title='bbox 1836 3878 1987 3919; x_wconf 86' lang='lat' dir='ltr'><strong>com-</strong></span> 
     </span>
    </p>
   </div>
   <div class='ocr_carea' id='block_1_58' title="bbox 395 3956 1983 4031">
    <p class='ocr_par' dir='ltr' id='par_1_58' title="bbox 395 3956 1983 4031">
     <span class='ocr_line' id='line_1_58' title="bbox 395 3956 1983 4031; baseline -0.002 -16"><span class='ocrx_word' id='word_1_445' title='bbox 395 3960 682 4031; x_wconf 82' lang='lat' dir='ltr'><strong>prehensis</strong></span> <span class='ocrx_word' id='word_1_446' title='bbox 722 3973 877 4012; x_wconf 82' lang='lat' dir='ltr'><strong>suam</strong></span> <span class='ocrx_word' id='word_1_447' title='bbox 922 3956 1346 4011; x_wconf 83' lang='lat' dir='ltr'><strong>immensitatem</strong></span> <span class='ocrx_word' id='word_1_448' title='bbox 1377 3996 1392 4022; x_wconf 92' lang='lat'><strong>,</strong></span> <span class='ocrx_word' id='word_1_449' title='bbox 1447 3966 1632 4026; x_wconf 83' lang='lat' dir='ltr'><strong>utpote</strong></span> <span class='ocrx_word' id='word_1_450' title='bbox 1679 3958 1983 4027; x_wconf 83' lang='lat' dir='ltr'><strong>incompre-</strong></span> 
     </span>
    </p>
   </div>
   <div class='ocr_carea' id='block_1_59' title="bbox 397 4050 1983 4120">
    <p class='ocr_par' dir='ltr' id='par_1_59' title="bbox 397 4050 1983 4120">
     <span class='ocr_line' id='line_1_59' title="bbox 397 4050 1983 4120; baseline -0.003 -12"><span class='ocrx_word' id='word_1_451' title='bbox 397 4052 718 4108; x_wconf 84' lang='lat' dir='ltr'><strong>hensibilem</strong></span> <span class='ocrx_word' id='word_1_452' title='bbox 744 4051 1020 4117; x_wconf 82' lang='lat' dir='ltr'><strong>subducit,</strong></span> <span class='ocrx_word' id='word_1_453' title='bbox 1044 4051 1172 4103; x_wconf 91' lang='lat' dir='ltr'><strong>dum</strong></span> <span class='ocrx_word' id='word_1_454' title='bbox 1199 4051 1397 4103; x_wconf 69' lang='lat' dir='ltr'><strong>divina:</strong></span> <span class='ocrx_word' id='word_1_455' title='bbox 1419 4050 1747 4120; x_wconf 81' lang='lat' dir='ltr'><strong>cognitionis</strong></span> <span class='ocrx_word' id='word_1_456' title='bbox 1774 4050 1983 4105; x_wconf 88' lang='lat' dir='ltr'><strong>incom-</strong></span> 
     </span>
    </p>
   </div>
   <div class='ocr_carea' id='block_1_60' title="bbox 398 4146 1985 4218">
    <p class='ocr_par' dir='ltr' id='par_1_60' title="bbox 398 4146 1985 4218">
     <span class='ocr_line' id='line_1_60' title="bbox 398 4146 1985 4218; baseline -0.001 -17"><span class='ocrx_word' id='word_1_457' title='bbox 398 4147 926 4218; x_wconf 82' lang='lat' dir='ltr'><strong>prehensibilitatem</strong></span> <span class='ocrx_word' id='word_1_458' title='bbox 958 4161 1058 4216; x_wconf 93' lang='lat' dir='ltr'><strong>per</strong></span> <span class='ocrx_word' id='word_1_459' title='bbox 1101 4146 1520 4215; x_wconf 82' lang='lat' dir='ltr'><strong>proportionem</strong></span> <span class='ocrx_word' id='word_1_460' title='bbox 1566 4148 1861 4215; x_wconf 86' lang='lat' dir='ltr'><strong>quamdam</strong></span> <span class='ocrx_word' id='word_1_461' title='bbox 1889 4146 1985 4200; x_wconf 88' lang='lat' dir='ltr'><strong>tri-</strong></span> 
     </span>
    </p>
   </div>
   <div class='ocr_carea' id='block_1_61' title="bbox 398 4236 1985 4307">
    <p class='ocr_par' dir='ltr' id='par_1_61' title="bbox 398 4236 1985 4307">
     <span class='ocr_line' id='line_1_61' title="bbox 398 4236 1985 4307; baseline -0.002 -13"><span class='ocrx_word' id='word_1_462' title='bbox 398 4240 532 4294; x_wconf 91' lang='lat' dir='ltr'><strong>buit.</strong></span> <span class='ocrx_word' id='word_1_463' title='bbox 561 4239 717 4293; x_wconf 91' lang='lat' dir='ltr'><strong>Sicut</strong></span> <span class='ocrx_word' id='word_1_464' title='bbox 742 4240 890 4292; x_wconf 92' lang='lat' dir='ltr'><strong>enim</strong></span> <span class='ocrx_word' id='word_1_465' title='bbox 923 4236 1393 4307; x_wconf 83' lang='lat' dir='ltr'><strong>imperceptibilcs</strong></span> <span class='ocrx_word' id='word_1_466' title='bbox 1420 4246 1548 4290; x_wconf 91' lang='lat' dir='ltr'><strong>sunt</strong></span> <span class='ocrx_word' id='word_1_467' title='bbox 1583 4246 1641 4291; x_wconf 90' lang='lat' dir='ltr'><strong>et</strong></span> <span class='ocrx_word' id='word_1_468' title='bbox 1686 4237 1985 4292; x_wconf 83' lang='lat' dir='ltr'><strong>invisibiles</strong></span> 
     </span>
    </p>
   </div>
   <div class='ocr_carea' id='block_1_62' title="bbox 400 4326 1985 4397">
    <p class='ocr_par' dir='ltr' id='par_1_62' title="bbox 400 4326 1985 4397">
     <span class='ocr_line' id='line_1_62' title="bbox 400 4326 1985 4397; baseline -0.001 -15"><span class='ocrx_word' id='word_1_469' title='bbox 400 4330 564 4383; x_wconf 89' lang='lat' dir='ltr'><strong>rebus</strong></span> <span class='ocrx_word' id='word_1_470' title='bbox 602 4327 880 4382; x_wconf 88' lang='lat' dir='ltr'><strong>sensitivis</strong></span> <span class='ocrx_word' id='word_1_471' title='bbox 913 4326 1339 4391; x_wconf 75' lang='lat' dir='ltr'><strong>intellectuales,</strong></span> <span class='ocrx_word' id='word_1_472' title='bbox 1368 4335 1425 4381; x_wconf 90' lang='lat' dir='ltr'><strong>et</strong></span> <span class='ocrx_word' id='word_1_473' title='bbox 1465 4326 1609 4381; x_wconf 83' lang='lat' dir='ltr'><strong>lictis</strong></span> <span class='ocrx_word' id='word_1_474' title='bbox 1642 4328 1985 4397; x_wconf 86' lang='lat' dir='ltr'><strong>compositis-</strong></span> 
     </span>
    </p>
   </div>
   <div class='ocr_carea' id='block_1_63' title="bbox 399 4418 1985 4490">
    <p class='ocr_par' dir='ltr' id='par_1_63' title="bbox 399 4418 1985 4490">
     <span class='ocr_line' id='line_1_63' title="bbox 399 4418 1985 4490; baseline 0.002 -19"><span class='ocrx_word' id='word_1_475' title='bbox 399 4434 504 4488; x_wconf 90' lang='lat' dir='ltr'><strong>que</strong></span> <span class='ocrx_word' id='word_1_476' title='bbox 532 4418 814 4488; x_wconf 89' lang='lat' dir='ltr'><strong>simplices</strong></span> <span class='ocrx_word' id='word_1_477' title='bbox 844 4429 899 4472; x_wconf 90' lang='lat' dir='ltr'><strong>et</strong></span> <span class='ocrx_word' id='word_1_478' title='bbox 929 4420 1327 4487; x_wconf 66' lang='lat' dir='ltr'><strong>incompositae,</strong></span> <span class='ocrx_word' id='word_1_479' title='bbox 1364 4427 1418 4472; x_wconf 91' lang='lat' dir='ltr'><strong>et</strong></span> <span class='ocrx_word' id='word_1_480' title='bbox 1456 4434 1555 4488; x_wconf 90' lang='lat' dir='ltr'><strong>per</strong></span> <span class='ocrx_word' id='word_1_481' title='bbox 1581 4419 1783 4490; x_wconf 80' lang='lat' dir='ltr'><strong>ﬁguras</strong></span> <span class='ocrx_word' id='word_1_482' title='bbox 1818 4419 1985 4474; x_wconf 75' lang='lat' dir='ltr'><strong>eﬂ‘or-</strong></span> 
     </span>
    </p>
   </div>
   <div class='ocr_carea' id='block_1_64' title="bbox 399 4512 1983 4582">
    <p class='ocr_par' dir='ltr' id='par_1_64' title="bbox 399 4512 1983 4582">
     <span class='ocr_line' id='line_1_64' title="bbox 399 4512 1983 4582; baseline -0.001 -14"><span class='ocrx_word' id='word_1_483' title='bbox 399 4514 564 4569; x_wconf 88' lang='lat' dir='ltr'><strong>matis</strong></span> <span class='ocrx_word' id='word_1_484' title='bbox 588 4512 915 4582; x_wconf 69' lang='lat' dir='ltr'><strong>inﬁguratm,</strong></span> <span class='ocrx_word' id='word_1_485' title='bbox 933 4514 1229 4567; x_wconf 89' lang='lat' dir='ltr'><strong>secundum</strong></span> <span class='ocrx_word' id='word_1_486' title='bbox 1256 4513 1505 4566; x_wconf 79' lang='lat' dir='ltr'><strong>eamdem</strong></span> <span class='ocrx_word' id='word_1_487' title='bbox 1532 4513 1797 4569; x_wconf 82' lang='lat' dir='ltr'><strong>rationem</strong></span> <span class='ocrx_word' id='word_1_488' title='bbox 1822 4514 1983 4568; x_wconf 89' lang='lat' dir='ltr'><strong>etiam</strong></span> 
     </span>
    </p>
   </div>
   <div class='ocr_carea' id='block_1_65' title="bbox 398 4603 1987 4675">
    <p class='ocr_par' dir='ltr' id='par_1_65' title="bbox 398 4603 1987 4675">
     <span class='ocr_line' id='line_1_65' title="bbox 398 4603 1987 4675; baseline -0.001 -12"><span class='ocrx_word' id='word_1_489' title='bbox 398 4621 490 4663; x_wconf 84' lang='lat' dir='ltr'><strong>res</strong></span> <span class='ocrx_word' id='word_1_490' title='bbox 512 4605 711 4661; x_wconf 68' lang='lat' dir='ltr'><strong>divina:</strong></span> <span class='ocrx_word' id='word_1_491' title='bbox 739 4603 1317 4675; x_wconf 84' lang='lat' dir='ltr'><strong>incomprehensibiles</strong></span> <span class='ocrx_word' id='word_1_492' title='bbox 1336 4605 1623 4659; x_wconf 81' lang='lat' dir='ltr'><strong>exsistunt.</strong></span> <span class='ocrx_word' id='word_1_493' title='bbox 1645 4604 1701 4660; x_wconf 89' lang='lat' dir='ltr'><strong>Si</strong></span> <span class='ocrx_word' id='word_1_494' title='bbox 1724 4607 1869 4660; x_wconf 88' lang='lat' dir='ltr'><strong>enim</strong></span> <span class='ocrx_word' id='word_1_495' title='bbox 1898 4621 1987 4661; x_wconf 84' lang='lat' dir='ltr'><strong>res</strong></span> 
     </span>
    </p>
   </div>
   <div class='ocr_carea' id='block_1_66' title="bbox 399 4697 1982 4771">
    <p class='ocr_par' dir='ltr' id='par_1_66' title="bbox 399 4697 1982 4771">
     <span class='ocr_line' id='line_1_66' title="bbox 399 4697 1982 4771; baseline -0.003 -13"><span class='ocrx_word' id='word_1_496' title='bbox 399 4699 680 4771; x_wconf 84' lang='lat' dir='ltr'><strong>simplices</strong></span> <span class='ocrx_word' id='word_1_497' title='bbox 724 4709 781 4755; x_wconf 90' lang='lat' dir='ltr'><strong>et</strong></span> <span class='ocrx_word' id='word_1_498' title='bbox 831 4698 1159 4768; x_wconf 70' lang='lat' dir='ltr'><strong>inﬁguratm,</strong></span> <span class='ocrx_word' id='word_1_499' title='bbox 1202 4697 1330 4752; x_wconf 85' lang='lat' dir='ltr'><strong>licet</strong></span> <span class='ocrx_word' id='word_1_500' title='bbox 1375 4698 1690 4753; x_wconf 70' lang='lat' dir='ltr'><strong>substantia:</strong></span> <span class='ocrx_word' id='word_1_501' title='bbox 1738 4700 1982 4768; x_wconf 75' lang='lat' dir='ltr'><strong>quaedam</strong></span> 
     </span>
    </p>
   </div>
   <div class='ocr_carea' id='block_1_67' title="bbox 399 4791 1987 4881">
    <p class='ocr_par' dir='ltr' id='par_1_67' title="bbox 399 4791 1987 4881">
     <span class='ocr_line' id='line_1_67' title="bbox 399 4791 1987 4881; baseline -0.003 -32"><span class='ocrx_word' id='word_1_502' title='bbox 399 4794 545 4881; x_wconf 46' lang='lat' dir='ltr'><strong>sint‘</strong></span> <span class='ocrx_word' id='word_1_503' title='bbox 592 4793 816 4847; x_wconf 91' lang='lat' dir='ltr'><strong>minime</strong></span> <span class='ocrx_word' id='word_1_504' title='bbox 868 4792 971 4845; x_wconf 87' lang='lat' dir='ltr'><strong>sub</strong></span> <span class='ocrx_word' id='word_1_505' title='bbox 1030 4804 1252 4845; x_wconf 88' lang='lat' dir='ltr'><strong>sensum</strong></span> <span class='ocrx_word' id='word_1_506' title='bbox 1314 4791 1551 4854; x_wconf 89' lang='lat' dir='ltr'><strong>cadunt,</strong></span> <span class='ocrx_word' id='word_1_507' title='bbox 1602 4800 1661 4845; x_wconf 91' lang='lat' dir='ltr'><strong>ut</strong></span> <span class='ocrx_word' id='word_1_508' title='bbox 1719 4792 1892 4861; x_wconf 86' lang='lat' dir='ltr'><strong>angeli</strong></span> <span class='ocrx_word' id='word_1_509' title='bbox 1930 4800 1987 4845; x_wconf 89' lang='lat' dir='ltr'><strong>et</strong></span> 
     </span>
    </p>
   </div>
   <div class='ocr_carea' id='block_1_68' title="bbox 399 4882 1981 4952">
    <p class='ocr_par' dir='ltr' id='par_1_68' title="bbox 399 4882 1981 4952">
     <span class='ocr_line' id='line_1_68' title="bbox 399 4882 1981 4952; baseline 0 -14"><span class='ocrx_word' id='word_1_510' title='bbox 399 4886 844 4952; x_wconf 68' lang='lat' dir='ltr'><strong>animm,quanto</strong></span> <span class='ocrx_word' id='word_1_511' title='bbox 887 4883 1061 4952; x_wconf 87' lang='lat' dir='ltr'><strong>magis</strong></span> <span class='ocrx_word' id='word_1_512' title='bbox 1094 4882 1237 4936; x_wconf 88' lang='lat' dir='ltr'><strong>Deus</strong></span> <span class='ocrx_word' id='word_1_513' title='bbox 1276 4882 1666 4951; x_wconf 85' lang='lat' dir='ltr'><strong>supereminet,</strong></span> <span class='ocrx_word' id='word_1_514' title='bbox 1706 4883 1831 4951; x_wconf 88' lang='lat' dir='ltr'><strong>quia</strong></span> <span class='ocrx_word' id='word_1_515' title='bbox 1872 4896 1981 4938; x_wconf 91' lang='lat' dir='ltr'><strong>non</strong></span> 
     </span>
    </p>
   </div>
   <div class='ocr_carea' id='block_1_69' title="bbox 401 4972 1977 5042">
    <p class='ocr_par' dir='ltr' id='par_1_69' title="bbox 401 4972 1977 5042">
     <span class='ocr_line' id='line_1_69' title="bbox 401 4972 1977 5042; baseline -0.002 -13"><span class='ocrx_word' id='word_1_516' title='bbox 401 4974 729 5037; x_wconf 84' lang='lat' dir='ltr'><strong>substantia,</strong></span> <span class='ocrx_word' id='word_1_517' title='bbox 754 4974 849 5028; x_wconf 93' lang='lat' dir='ltr'><strong>sed</strong></span> <span class='ocrx_word' id='word_1_518' title='bbox 872 4988 1031 5042; x_wconf 89' lang='lat' dir='ltr'><strong>supra</strong></span> <span class='ocrx_word' id='word_1_519' title='bbox 1065 4973 1428 5027; x_wconf 79' lang='lat' dir='ltr'><strong>substantiam</strong></span> <span class='ocrx_word' id='word_1_520' title='bbox 1465 4982 1521 5027; x_wconf 88' lang='lat' dir='ltr'><strong>et</strong></span> <span class='ocrx_word' id='word_1_521' title='bbox 1552 4972 1800 5028; x_wconf 77' lang='lat' dir='ltr'><strong>inﬁnitus</strong></span> <span class='ocrx_word' id='word_1_522' title='bbox 1826 4975 1977 5029; x_wconf 82' lang='lat' dir='ltr'><strong>exsi—</strong></span> 
     </span>
    </p>
   </div>
   <div class='ocr_carea' id='block_1_70' title="bbox 402 5065 1979 5135">
    <p class='ocr_par' dir='ltr' id='par_1_70' title="bbox 402 5065 1979 5135">
     <span class='ocr_line' id='line_1_70' title="bbox 402 5065 1979 5135; baseline 0.001 -18"><span class='ocrx_word' id='word_1_523' title='bbox 402 5067 531 5129; x_wconf 90' lang='lat' dir='ltr'><strong>stit;</strong></span> <span class='ocrx_word' id='word_1_524' title='bbox 581 5080 754 5135; x_wconf 88' lang='lat' dir='ltr'><strong>neque</strong></span> <span class='ocrx_word' id='word_1_525' title='bbox 798 5080 949 5119; x_wconf 82' lang='lat' dir='ltr'><strong>mens</strong></span> <span class='ocrx_word' id='word_1_526' title='bbox 995 5073 1104 5129; x_wconf 90' lang='lat' dir='ltr'><strong>est,</strong></span> <span class='ocrx_word' id='word_1_527' title='bbox 1138 5065 1232 5119; x_wconf 86' lang='lat' dir='ltr'><strong>sed</strong></span> <span class='ocrx_word' id='word_1_528' title='bbox 1278 5078 1441 5132; x_wconf 88' lang='lat' dir='ltr'><strong>supra</strong></span> <span class='ocrx_word' id='word_1_529' title='bbox 1486 5075 1721 5119; x_wconf 91' lang='lat' dir='ltr'><strong>mentem</strong></span> <span class='ocrx_word' id='word_1_530' title='bbox 1759 5065 1979 5119; x_wconf 91' lang='lat' dir='ltr'><strong>unitas?</strong></span> 
     </span>
    </p>
   </div>
   <div class='ocr_carea' id='block_1_71' title="bbox 404 5153 1974 5226">
    <p class='ocr_par' dir='ltr' id='par_1_71' title="bbox 404 5153 1974 5226">
     <span class='ocr_line' id='line_1_71' title="bbox 404 5153 1974 5226; baseline -0.001 -15"><span class='ocrx_word' id='word_1_531' title='bbox 404 5153 682 5211; x_wconf 85' lang='lat' dir='ltr'><strong>Uuitatem</strong></span> <span class='ocrx_word' id='word_1_532' title='bbox 712 5172 842 5212; x_wconf 87' lang='lat' dir='ltr'><strong>vero</strong></span> <span class='ocrx_word' id='word_1_533' title='bbox 872 5157 1121 5216; x_wconf 86' lang='lat' dir='ltr'><strong>audiens,</strong></span> <span class='ocrx_word' id='word_1_534' title='bbox 1155 5171 1223 5210; x_wconf 92' lang='lat' dir='ltr'><strong>ne</strong></span> <span class='ocrx_word' id='word_1_535' title='bbox 1254 5157 1375 5225; x_wconf 91' lang='lat' dir='ltr'><strong>quis</strong></span> <span class='ocrx_word' id='word_1_536' title='bbox 1404 5158 1607 5226; x_wconf 84' lang='lat' dir='ltr'><strong>cogitet</strong></span> <span class='ocrx_word' id='word_1_537' title='bbox 1638 5158 1974 5211; x_wconf 85' lang='lat' dir='ltr'><strong>diversorum</strong></span> 
     </span>
    </p>
   </div>
   <div class='ocr_carea' id='block_1_72' title="bbox 402 5247 1977 5319">
    <p class='ocr_par' dir='ltr' id='par_1_72' title="bbox 402 5247 1977 5319">
     <span class='ocr_line' id='line_1_72' title="bbox 402 5247 1977 5319; baseline 0.001 -18"><span class='ocrx_word' id='word_1_538' title='bbox 402 5249 766 5319; x_wconf 84' lang='lat' dir='ltr'><strong>quorumdam</strong></span> <span class='ocrx_word' id='word_1_539' title='bbox 810 5249 879 5303; x_wconf 90' lang='lat' dir='ltr'><strong>ad</strong></span> <span class='ocrx_word' id='word_1_540' title='bbox 929 5247 1229 5302; x_wconf 89' lang='lat' dir='ltr'><strong>unitionem</strong></span> <span class='ocrx_word' id='word_1_541' title='bbox 1274 5264 1635 5313; x_wconf 87' lang='lat' dir='ltr'><strong>concursum;</strong></span> <span class='ocrx_word' id='word_1_542' title='bbox 1677 5263 1782 5302; x_wconf 92' lang='lat' dir='ltr'><strong>non</strong></span> <span class='ocrx_word' id='word_1_543' title='bbox 1832 5249 1977 5303; x_wconf 90' lang='lat' dir='ltr'><strong>enim</strong></span> 
     </span>
    </p>
   </div>
   <div class='ocr_carea' id='block_1_73' title="bbox 404 5339 1977 5409">
    <p class='ocr_par' dir='ltr' id='par_1_73' title="bbox 404 5339 1977 5409">
     <span class='ocr_line' id='line_1_73' title="bbox 404 5339 1977 5409; baseline 0.001 -16"><span class='ocrx_word' id='word_1_544' title='bbox 404 5340 471 5393; x_wconf 88' lang='lat' dir='ltr'><strong>de</strong></span> <span class='ocrx_word' id='word_1_545' title='bbox 527 5340 725 5394; x_wconf 86' lang='lat' dir='ltr'><strong>talibus</strong></span> <span class='ocrx_word' id='word_1_546' title='bbox 769 5340 927 5393; x_wconf 90' lang='lat' dir='ltr'><strong>modo</strong></span> <span class='ocrx_word' id='word_1_547' title='bbox 972 5353 1150 5394; x_wconf 90' lang='lat' dir='ltr'><strong>sermo</strong></span> <span class='ocrx_word' id='word_1_548' title='bbox 1196 5348 1302 5404; x_wconf 89' lang='lat' dir='ltr'><strong>est,</strong></span> <span class='ocrx_word' id='word_1_549' title='bbox 1345 5340 1442 5395; x_wconf 89' lang='lat' dir='ltr'><strong>sed</strong></span> <span class='ocrx_word' id='word_1_550' title='bbox 1488 5340 1555 5394; x_wconf 89' lang='lat' dir='ltr'><strong>de</strong></span> <span class='ocrx_word' id='word_1_551' title='bbox 1611 5339 1718 5395; x_wconf 90' lang='lat' dir='ltr'><strong>Deo</strong></span> <span class='ocrx_word' id='word_1_552' title='bbox 1752 5354 1977 5409; x_wconf 86' lang='lat' dir='ltr'><strong>prorsus</strong></span> 
     </span>
    </p>
   </div>
   <div class='ocr_carea' id='block_1_74' title="bbox 407 5429 1977 5501">
    <p class='ocr_par' dir='ltr' id='par_1_74' title="bbox 407 5429 1977 5501">
     <span class='ocr_line' id='line_1_74' title="bbox 407 5429 1977 5501; baseline 0.002 -18"><span class='ocrx_word' id='word_1_553' title='bbox 407 5429 781 5501; x_wconf 88' lang='lat' dir='ltr'><strong>incomposito.</strong></span> <span class='ocrx_word' id='word_1_554' title='bbox 843 5441 899 5486; x_wconf 90' lang='lat' dir='ltr'><strong>et</strong></span> <span class='ocrx_word' id='word_1_555' title='bbox 942 5445 1105 5501; x_wconf 88' lang='lat' dir='ltr'><strong>supra</strong></span> <span class='ocrx_word' id='word_1_556' title='bbox 1134 5446 1219 5496; x_wconf 88' lang='lat' dir='ltr'><strong>ea,</strong></span> <span class='ocrx_word' id='word_1_557' title='bbox 1272 5447 1394 5501; x_wconf 64' lang='lat' dir='ltr'><strong>qum</strong></span> <span class='ocrx_word' id='word_1_558' title='bbox 1452 5432 1613 5488; x_wconf 92' lang='lat' dir='ltr'><strong>unius</strong></span> <span class='ocrx_word' id='word_1_559' title='bbox 1660 5433 1977 5488; x_wconf 60' lang='lat' dir='ltr'><strong>substantiae</strong></span> 
     </span>
    </p>
   </div>
   <div class='ocr_carea' id='block_1_75' title="bbox 408 5522 1974 5598">
    <p class='ocr_par' dir='ltr' id='par_1_75' title="bbox 408 5522 1974 5598">
     <span class='ocr_line' id='line_1_75' title="bbox 408 5522 1974 5598; baseline 0.004 -23"><span class='ocrx_word' id='word_1_560' title='bbox 408 5533 554 5591; x_wconf 82' lang='lat' dir='ltr'><strong>sunt,</strong></span> <span class='ocrx_word' id='word_1_561' title='bbox 580 5525 753 5578; x_wconf 86' lang='lat' dir='ltr'><strong>unito.</strong></span> <span class='ocrx_word' id='word_1_562' title='bbox 788 5523 925 5579; x_wconf 80' lang='lat' dir='ltr'><strong>Nam</strong></span> <span class='ocrx_word' id='word_1_563' title='bbox 955 5522 1086 5595; x_wconf 90' lang='lat' dir='ltr'><strong>quid</strong></span> <span class='ocrx_word' id='word_1_564' title='bbox 1117 5537 1227 5580; x_wconf 91' lang='lat' dir='ltr'><strong>uno</strong></span> <span class='ocrx_word' id='word_1_565' title='bbox 1257 5526 1429 5597; x_wconf 83' lang='lat' dir='ltr'><strong>magis</strong></span> <span class='ocrx_word' id='word_1_566' title='bbox 1456 5526 1707 5598; x_wconf 76' lang='lat' dir='ltr'><strong>simplex.</strong></span> <span class='ocrx_word' id='word_1_567' title='bbox 1730 5536 1785 5583; x_wconf 88' lang='lat' dir='ltr'><strong>et</strong></span> <span class='ocrx_word' id='word_1_568' title='bbox 1813 5526 1974 5582; x_wconf 86' lang='lat' dir='ltr'><strong>unius</strong></span> 
     </span>
    </p>
   </div>
   <div class='ocr_carea' id='block_1_76' title="bbox 480 5698 918 5768">
    <p class='ocr_par' dir='ltr' id='par_1_76' title="bbox 480 5698 918 5768">
     <span class='ocr_line' id='line_1_76' title="bbox 480 5698 918 5768; baseline 0.005 -17"><span class='ocrx_word' id='word_1_569' title='bbox 480 5698 508 5739; x_wconf 71' lang='grc' dir='ltr'><strong>δ</strong></span> <span class='ocrx_word' id='word_1_570' title='bbox 536 5699 730 5768; x_wconf 68' lang='lat' dir='ltr'><strong>Epiros.</strong></span> <span class='ocrx_word' id='word_1_571' title='bbox 760 5712 843 5766; x_wconf 67' lang='grc' dir='ltr'><strong>ιν,</strong></span> <span class='ocrx_word' id='word_1_572' title='bbox 866 5698 918 5758; x_wconf 86' lang='grc'>7,</span> 
     </span>
    </p>
   </div>
   <div class='ocr_carea' id='block_1_77' title="bbox 2089 1843 3676 1916">
    <p class='ocr_par' dir='ltr' id='par_1_77' title="bbox 2089 1843 3676 1916">
     <span class='ocr_line' id='line_1_77' title="bbox 2089 1843 3676 1916; baseline -0.003 -18"><span class='ocrx_word' id='word_1_573' title='bbox 2089 1844 2543 1915; x_wconf 85' lang='grc' dir='ltr'>συστελλομένους</span> <span class='ocrx_word' id='word_1_574' title='bbox 2577 1843 2715 1915; x_wconf 82' lang='grc' dir='ltr'>πρὸς</span> <span class='ocrx_word' id='word_1_575' title='bbox 2753 1844 2853 1908; x_wconf 90' lang='grc' dir='ltr'><strong>τάς</strong></span> <span class='ocrx_word' id='word_1_576' title='bbox 2892 1844 3199 1916; x_wconf 79' lang='grc' dir='ltr'>ὑπερτέρας</span> <span class='ocrx_word' id='word_1_577' title='bbox 3240 1844 3422 1912; x_wconf 81' lang='grc' dir='ltr'>αὐγάς</span> <span class='ocrx_word' id='word_1_578' title='bbox 3460 1847 3526 1913; x_wconf 78' lang='grc' dir='ltr'>τῇ</span> <span class='ocrx_word' id='word_1_579' title='bbox 3564 1843 3676 1912; x_wconf 74' lang='grc' dir='ltr'>περὶ</span> 
     </span>
    </p>
   </div>
   <div class='ocr_carea' id='block_1_78' title="bbox 2086 1936 3676 2009">
    <p class='ocr_par' dir='ltr' id='par_1_78' title="bbox 2086 1936 3676 2009">
     <span class='ocr_line' id='line_1_78' title="bbox 2086 1936 3676 2009; baseline -0.001 -19"><span class='ocrx_word' id='word_1_580' title='bbox 2086 1938 2155 1991; x_wconf 89' lang='grc' dir='ltr'><strong>τά</strong></span> <span class='ocrx_word' id='word_1_581' title='bbox 2200 1937 2317 1990; x_wconf 87' lang='grc' dir='ltr'>θεῖα</span> <span class='ocrx_word' id='word_1_582' title='bbox 2350 1936 2675 2009; x_wconf 76' lang='grc' dir='ltr'>σωφροσύνῃ</span> <span class='ocrx_word' id='word_1_583' title='bbox 2703 1936 2798 1990; x_wconf 80' lang='grc' dir='ltr'>καὶ</span> <span class='ocrx_word' id='word_1_584' title='bbox 2839 1936 3114 2007; x_wconf 77' lang='grc' dir='ltr'>εὐλαϐείᾳ.</span> <span class='ocrx_word' id='word_1_585' title='bbox 3163 1938 3274 1990; x_wconf 81' lang='grc' dir='ltr'><strong>Καὶ</strong></span> <span class='ocrx_word' id='word_1_586' title='bbox 3317 1937 3434 2007; x_wconf 86' lang='grc' dir='ltr'><strong>γάρ</strong></span> <span class='ocrx_word' id='word_1_587' title='bbox 3468 1939 3567 1989; x_wconf 75' lang='grc' dir='ltr'>εἴτι</span> <span class='ocrx_word' id='word_1_588' title='bbox 3609 1937 3676 1989; x_wconf 81' lang='grc' dir='ltr'><strong>δεῖ</strong></span> 
     </span>
    </p>
   </div>
   <div class='ocr_carea' id='block_1_79' title="bbox 2086 2025 3678 2098">
    <p class='ocr_par' dir='ltr' id='par_1_79' title="bbox 2086 2025 3678 2098">
     <span class='ocr_line' id='line_1_79' title="bbox 2086 2025 3678 2098; baseline 0 -19"><span class='ocrx_word' id='word_1_589' title='bbox 2086 2029 2153 2097; x_wconf 83' lang='grc' dir='ltr'><strong>τῇ</strong></span> <span class='ocrx_word' id='word_1_590' title='bbox 2185 2027 2445 2097; x_wconf 83' lang='grc' dir='ltr'>πανσόφῳ</span> <span class='ocrx_word' id='word_1_591' title='bbox 2475 2025 2719 2098; x_wconf 77' lang='grc' dir='ltr'>θεολογίᾳ</span> <span class='ocrx_word' id='word_1_592' title='bbox 2745 2026 2837 2080; x_wconf 93' lang='grc' dir='ltr'><strong>τοῦ</strong></span> <span class='ocrx_word' id='word_1_593' title='bbox 2872 2028 3107 2098; x_wconf 83' lang='grc' dir='ltr'>μεγάλου</span> <span class='ocrx_word' id='word_1_594' title='bbox 3148 2028 3369 2082; x_wconf 80' lang='grc' dir='ltr'>Παύλου</span> <span class='ocrx_word' id='word_1_595' title='bbox 3410 2028 3678 2081; x_wconf 82' lang='grc' dir='ltr'>πείθεσθαι</span> 
     </span>
    </p>
   </div>
   <div class='ocr_carea' id='block_1_80' title="bbox 2090 2120 3677 2194">
    <p class='ocr_par' dir='ltr' id='par_1_80' title="bbox 2090 2120 3677 2194">
     <span class='ocr_line' id='line_1_80' title="bbox 2090 2120 3677 2194; baseline -0.003 -20"><span class='ocrx_word' id='word_1_596' title='bbox 2090 2121 2271 2191; x_wconf 79' lang='grc' dir='ltr'>(αὐτὸς</span> <span class='ocrx_word' id='word_1_597' title='bbox 2295 2120 2404 2192; x_wconf 88' lang='grc' dir='ltr'><strong>γάρ</strong></span> <span class='ocrx_word' id='word_1_598' title='bbox 2442 2123 2587 2173; x_wconf 84' lang='grc' dir='ltr'>ἑστιν</span> <span class='ocrx_word' id='word_1_599' title='bbox 2636 2123 2665 2173; x_wconf 87' lang='grc' dir='ltr'>ὁ</span> <span class='ocrx_word' id='word_1_600' title='bbox 2707 2121 2901 2189; x_wconf 86' lang='grc' dir='ltr'>λέγων,</span> <span class='ocrx_word' id='word_1_601' title='bbox 2939 2123 3020 2176; x_wconf 85' lang='grc' dir='ltr'>ὃτι</span> <span class='ocrx_word' id='word_1_602' title='bbox 3059 2122 3201 2176; x_wconf 83' lang='grc' dir='ltr'>κατὰ</span> <span class='ocrx_word' id='word_1_603' title='bbox 3244 2122 3307 2175; x_wconf 82' lang='grc' dir='ltr'>τὸ</span> <span class='ocrx_word' id='word_1_604' title='bbox 3347 2122 3549 2194; x_wconf 85' lang='grc' dir='ltr'>μέτρον</span> <span class='ocrx_word' id='word_1_605' title='bbox 3593 2125 3677 2194; x_wconf 75' lang='grc' dir='ltr'>τῆς</span> 
     </span>
    </p>
   </div>
   <div class='ocr_carea' id='block_1_81' title="bbox 2088 2212 3677 2286">
    <p class='ocr_par' dir='ltr' id='par_1_81' title="bbox 2088 2212 3677 2286">
     <span class='ocr_line' id='line_1_81' title="bbox 2088 2212 3677 2286; baseline 0.001 -22"><span class='ocrx_word' id='word_1_606' title='bbox 2088 2212 2367 2283; x_wconf 88' lang='grc' dir='ltr'>δυνάμεως</span> <span class='ocrx_word' id='word_1_607' title='bbox 2388 2213 2619 2266; x_wconf 89' lang='grc' dir='ltr'>ἑκάστου</span> <span class='ocrx_word' id='word_1_608' title='bbox 2639 2214 2671 2283; x_wconf 88' lang='grc' dir='ltr'>ὴ</span> <span class='ocrx_word' id='word_1_609' title='bbox 2696 2214 2848 2284; x_wconf 80' lang='grc' dir='ltr'>παρὰ</span> <span class='ocrx_word' id='word_1_610' title='bbox 2868 2213 3001 2266; x_wconf 90' lang='grc' dir='ltr'>Θεοῦ</span> <span class='ocrx_word' id='word_1_611' title='bbox 3040 2218 3355 2285; x_wconf 82' lang='grc' dir='ltr'>χορηγείται</span> <span class='ocrx_word' id='word_1_612' title='bbox 3379 2214 3677 2286; x_wconf 63' lang='grc' dir='ltr'>ελλαμψις),</span> 
     </span>
    </p>
   </div>
   <div class='ocr_carea' id='block_1_82' title="bbox 2087 2305 3675 2375">
    <p class='ocr_par' dir='ltr' id='par_1_82' title="bbox 2087 2305 3675 2375">
     <span class='ocr_line' id='line_1_82' title="bbox 2087 2305 3675 2375; baseline 0.002 -18"><span class='ocrx_word' id='word_1_613' title='bbox 2087 2305 2244 2357; x_wconf 89' lang='grc' dir='ltr'>τοῦτο</span> <span class='ocrx_word' id='word_1_614' title='bbox 2267 2305 2517 2375; x_wconf 82' lang='grc' dir='ltr'>λέγομεν,</span> <span class='ocrx_word' id='word_1_615' title='bbox 2540 2306 2621 2357; x_wconf 79' lang='grc' dir='ltr'>ὅτι</span> <span class='ocrx_word' id='word_1_616' title='bbox 2647 2305 2788 2359; x_wconf 85' lang='grc' dir='ltr'><strong>κατά</strong></span> <span class='ocrx_word' id='word_1_617' title='bbox 2819 2305 3108 2374; x_wconf 79' lang='grc' dir='ltr'>ἀναλογίαν</span> <span class='ocrx_word' id='word_1_618' title='bbox 3135 2308 3371 2360; x_wconf 81' lang='grc' dir='ltr'>ἑκάστου</span> <span class='ocrx_word' id='word_1_619' title='bbox 3392 2308 3506 2360; x_wconf 84' lang='grc' dir='ltr'><strong>τῶν</strong></span> <span class='ocrx_word' id='word_1_620' title='bbox 3532 2309 3675 2370; x_wconf 82' lang='grc' dir='ltr'>νοῶν,</span> 
     </span>
    </p>
   </div>
   <div class='ocr_carea' id='block_1_83' title="bbox 2090 2396 3677 2471">
    <p class='ocr_par' dir='ltr' id='par_1_83' title="bbox 2090 2396 3677 2471">
     <span class='ocr_line' id='line_1_83' title="bbox 2090 2396 3677 2471; baseline 0.003 -22"><span class='ocrx_word' id='word_1_621' title='bbox 2090 2396 2258 2467; x_wconf 78' lang='grc' dir='ltr'><strong>ἢτῶν</strong></span> <span class='ocrx_word' id='word_1_622' title='bbox 2300 2397 2676 2467; x_wconf 78' lang='grc' dir='ltr'>ἀνθρωπίνων,</span> <span class='ocrx_word' id='word_1_623' title='bbox 2708 2400 2783 2461; x_wconf 86' lang='grc' dir='ltr'><strong>ώς</strong></span> <span class='ocrx_word' id='word_1_624' title='bbox 2823 2398 3056 2470; x_wconf 85' lang='grc' dir='ltr'>πρώτως</span> <span class='ocrx_word' id='word_1_625' title='bbox 3101 2400 3415 2469; x_wconf 84' lang='grc' dir='ltr'>δεχομένων</span> <span class='ocrx_word' id='word_1_626' title='bbox 3457 2402 3554 2471; x_wconf 79' lang='grc' dir='ltr'>τὴν</span> <span class='ocrx_word' id='word_1_627' title='bbox 3601 2402 3677 2453; x_wconf 77' lang='grc' dir='ltr'>ἑλ-</span> 
     </span>
    </p>
   </div>
   <div class='ocr_carea' id='block_1_84' title="bbox 2090 2486 3676 2566">
    <p class='ocr_par' dir='ltr' id='par_1_84' title="bbox 2090 2486 3676 2566">
     <span class='ocr_line' id='line_1_84' title="bbox 2090 2486 3676 2566; baseline 0.002 -28"><span class='ocrx_word' id='word_1_628' title='bbox 2090 2486 2316 2557; x_wconf 69' lang='grc' dir='ltr'>λαμψιν,</span> <span class='ocrx_word' id='word_1_629' title='bbox 2352 2487 2385 2557; x_wconf 84' lang='grc' dir='ltr'>ἦ</span> <span class='ocrx_word' id='word_1_630' title='bbox 2421 2486 2529 2566; x_wconf 77' lang='grc' dir='ltr'>τῶν</span> <span class='ocrx_word' id='word_1_631' title='bbox 2570 2488 2836 2555; x_wconf 83' lang='grc' dir='ltr'>ἀγγέλων,</span> <span class='ocrx_word' id='word_1_632' title='bbox 2880 2487 2971 2551; x_wconf 70' lang='grc' dir='ltr'>οὓς</span> <span class='ocrx_word' id='word_1_633' title='bbox 2999 2488 3155 2540; x_wconf 79' lang='grc' dir='ltr'>εἴωθε</span> <span class='ocrx_word' id='word_1_634' title='bbox 3200 2488 3329 2552; x_wconf 89' lang='grc' dir='ltr'>νόας</span> <span class='ocrx_word' id='word_1_635' title='bbox 3379 2490 3676 2561; x_wconf 76' lang='grc' dir='ltr'>ὀνομάζειν,</span> 
     </span>
    </p>
   </div>
   <div class='ocr_carea' id='block_1_85' title="bbox 2089 2578 3679 2650">
    <p class='ocr_par' dir='ltr' id='par_1_85' title="bbox 2089 2578 3679 2650">
     <span class='ocr_line' id='line_1_85' title="bbox 2089 2578 3679 2650; baseline 0.004 -20"><span class='ocrx_word' id='word_1_636' title='bbox 2089 2578 2164 2641; x_wconf 86' lang='grc' dir='ltr'><strong>ὡς</strong></span> <span class='ocrx_word' id='word_1_637' title='bbox 2190 2578 2251 2631; x_wconf 73' lang='grc' dir='ltr'>τὸ</span> <span class='ocrx_word' id='word_1_638' title='bbox 2281 2580 2389 2631; x_wconf 74' lang='grc' dir='ltr'><strong>πᾶν</strong></span> <span class='ocrx_word' id='word_1_639' title='bbox 2432 2578 2554 2642; x_wconf 68' lang='lat' dir='ltr'><strong>v05;</strong></span> <span class='ocrx_word' id='word_1_640' title='bbox 2579 2580 2737 2643; x_wconf 77' lang='grc' dir='ltr'>ὄντας</span> <span class='ocrx_word' id='word_1_641' title='bbox 2765 2581 3151 2650; x_wconf 78' lang='grc' dir='ltr'>οὑσιωμένους,</span> <span class='ocrx_word' id='word_1_642' title='bbox 3178 2582 3271 2633; x_wconf 73' lang='grc' dir='ltr'>καὶ</span> <span class='ocrx_word' id='word_1_643' title='bbox 3301 2584 3486 2636; x_wconf 81' lang='grc' dir='ltr'>πάντα</span> <span class='ocrx_word' id='word_1_644' title='bbox 3512 2583 3679 2636; x_wconf 82' lang='grc' dir='ltr'>νοοῦν-</span> 
     </span>
    </p>
   </div>
   <div class='ocr_carea' id='block_1_86' title="bbox 2087 2671 3675 2745">
    <p class='ocr_par' dir='ltr' id='par_1_86' title="bbox 2087 2671 3675 2745">
     <span class='ocr_line' id='line_1_86' title="bbox 2087 2671 3675 2745; baseline 0.002 -20"><span class='ocrx_word' id='word_1_645' title='bbox 2087 2689 2186 2735; x_wconf 85' lang='grc' dir='ltr'><strong>τας</strong></span> <span class='ocrx_word' id='word_1_646' title='bbox 2219 2672 2432 2735; x_wconf 88' lang='grc' dir='ltr'>ἑνιαίως</span> <span class='ocrx_word' id='word_1_647' title='bbox 2463 2671 2529 2724; x_wconf 77' lang='grc' dir='ltr'><strong>τὰ</strong></span> <span class='ocrx_word' id='word_1_648' title='bbox 2560 2674 2622 2724; x_wconf 86' lang='grc' dir='ltr'><strong>ἑκ</strong></span> <span class='ocrx_word' id='word_1_649' title='bbox 2650 2671 2785 2725; x_wconf 88' lang='grc' dir='ltr'>Θεοῦ</span> <span class='ocrx_word' id='word_1_650' title='bbox 2814 2673 3003 2745; x_wconf 78' lang='grc' dir='ltr'>ῥέοντα</span> <span class='ocrx_word' id='word_1_651' title='bbox 3034 2673 3323 2743; x_wconf 81' lang='grc' dir='ltr'>προσεχῶς</span> <span class='ocrx_word' id='word_1_652' title='bbox 3352 2677 3435 2738; x_wconf 85' lang='grc' dir='ltr'><strong>εἰς</strong></span> <span class='ocrx_word' id='word_1_653' title='bbox 3472 2676 3675 2739; x_wconf 76' lang='grc' dir='ltr'>αὑτοὺς,</span> 
     </span>
    </p>
   </div>
   <div class='ocr_carea' id='block_1_87' title="bbox 2090 2762 3677 2834">
    <p class='ocr_par' dir='ltr' id='par_1_87' title="bbox 2090 2762 3677 2834">
     <span class='ocr_line' id='line_1_87' title="bbox 2090 2762 3677 2834; baseline 0.003 -18"><span class='ocrx_word' id='word_1_654' title='bbox 2090 2762 2231 2816; x_wconf 73' lang='grc' dir='ltr'>κατὰ</span> <span class='ocrx_word' id='word_1_655' title='bbox 2262 2762 2393 2831; x_wconf 88' lang='grc' dir='ltr'>γοῦν</span> <span class='ocrx_word' id='word_1_656' title='bbox 2426 2764 2524 2834; x_wconf 76' lang='grc' dir='ltr'>τὴν</span> <span class='ocrx_word' id='word_1_657' title='bbox 2548 2762 2837 2831; x_wconf 78' lang='grc' dir='ltr'>ἀναλογίαν</span> <span class='ocrx_word' id='word_1_658' title='bbox 2880 2764 3109 2818; x_wconf 77' lang='grc' dir='ltr'>ἑκάστου</span> <span class='ocrx_word' id='word_1_659' title='bbox 3139 2766 3583 2820; x_wconf 83' lang='grc' dir='ltr'>ἀνακαλύπτεται</span> <span class='ocrx_word' id='word_1_660' title='bbox 3618 2768 3677 2820; x_wconf 68' lang='grc' dir='ltr'>τὰ</span> 
     </span>
    </p>
   </div>
   <div class='ocr_carea' id='block_1_88' title="bbox 2090 2854 3677 2925">
    <p class='ocr_par' dir='ltr' id='par_1_88' title="bbox 2090 2854 3677 2925">
     <span class='ocr_line' id='line_1_88' title="bbox 2090 2854 3677 2925; baseline 0.003 -17"><span class='ocrx_word' id='word_1_661' title='bbox 2090 2856 2239 2909; x_wconf 85' lang='grc' dir='ltr'>θεῖα·</span> <span class='ocrx_word' id='word_1_662' title='bbox 2288 2856 2385 2925; x_wconf 81' lang='grc' dir='ltr'><strong>οὑχ</strong></span> <span class='ocrx_word' id='word_1_663' title='bbox 2420 2856 2501 2907; x_wconf 81' lang='grc' dir='ltr'>ὅτι</span> <span class='ocrx_word' id='word_1_664' title='bbox 2540 2854 2725 2923; x_wconf 78' lang='grc' dir='ltr'>φθονεῖ</span> <span class='ocrx_word' id='word_1_665' title='bbox 2770 2858 2798 2908; x_wconf 90' lang='grc' dir='ltr'><strong>ό</strong></span> <span class='ocrx_word' id='word_1_666' title='bbox 2836 2855 2967 2919; x_wconf 78' lang='grc' dir='ltr'>Θεὸς</span> <span class='ocrx_word' id='word_1_667' title='bbox 3004 2856 3098 2909; x_wconf 87' lang='grc' dir='ltr'><strong>τοῦ</strong></span> <span class='ocrx_word' id='word_1_668' title='bbox 3133 2857 3405 2924; x_wconf 85' lang='grc' dir='ltr'>πλείονος,</span> <span class='ocrx_word' id='word_1_669' title='bbox 3600 2860 3677 2913; x_wconf 69' lang='grc' dir='ltr'><strong>διὰ</strong></span> 
     </span>
    </p>
   </div>
   <div class='ocr_carea' id='block_1_89' title="bbox 2088 2947 3677 3018">
    <p class='ocr_par' dir='ltr' id='par_1_89' title="bbox 2088 2947 3677 3018">
     <span class='ocr_line' id='line_1_89' title="bbox 2088 2947 3677 3018; baseline 0.003 -19"><span class='ocrx_word' id='word_1_670' title='bbox 2088 2948 2150 3000; x_wconf 86' lang='grc' dir='ltr'>τὸ</span> <span class='ocrx_word' id='word_1_671' title='bbox 2182 2948 2351 3000; x_wconf 78' lang='grc' dir='ltr'>σῶσαι</span> <span class='ocrx_word' id='word_1_672' title='bbox 2380 2948 2477 3018; x_wconf 76' lang='grc' dir='ltr'>τὴν</span> <span class='ocrx_word' id='word_1_673' title='bbox 2507 2949 2567 2999; x_wconf 87' lang='grc' dir='ltr'><strong>ἑν</strong></span> <span class='ocrx_word' id='word_1_674' title='bbox 2612 2949 2677 3016; x_wconf 81' lang='grc' dir='ltr'><strong>τῇ</strong></span> <span class='ocrx_word' id='word_1_675' title='bbox 2709 2947 3065 3017; x_wconf 76' lang='grc' dir='ltr'>ἑπιμετρήσει</span> <span class='ocrx_word' id='word_1_676' title='bbox 3103 2948 3203 3016; x_wconf 80' lang='grc' dir='ltr'>τῆς</span> <span class='ocrx_word' id='word_1_677' title='bbox 3240 2949 3575 3018; x_wconf 82' lang='grc' dir='ltr'>θεογνωσίας</span> <span class='ocrx_word' id='word_1_678' title='bbox 3612 2950 3677 3003; x_wconf 81' lang='grc' dir='ltr'>δι-</span> 
     </span>
    </p>
   </div>
   <div class='ocr_carea' id='block_1_90' title="bbox 2089 3039 3676 3111">
    <p class='ocr_par' dir='ltr' id='par_1_90' title="bbox 2089 3039 3676 3111">
     <span class='ocr_line' id='line_1_90' title="bbox 2089 3039 3676 3111; baseline 0.002 -20"><span class='ocrx_word' id='word_1_679' title='bbox 2089 3039 2399 3110; x_wconf 86' lang='grc' dir='ltr'>καιοσύνην.</span> <span class='ocrx_word' id='word_1_680' title='bbox 2429 3040 2784 3111; x_wconf 77' lang='grc' dir='ltr'>Δικαιοσύνης</span> <span class='ocrx_word' id='word_1_681' title='bbox 2807 3040 2915 3111; x_wconf 77' lang='grc' dir='ltr'><strong>γὰρ</strong></span> <span class='ocrx_word' id='word_1_682' title='bbox 2947 3040 3092 3103; x_wconf 79' lang='grc' dir='ltr'>ἴδιον,</span> <span class='ocrx_word' id='word_1_683' title='bbox 3126 3041 3187 3093; x_wconf 84' lang='grc' dir='ltr'>τὸ</span> <span class='ocrx_word' id='word_1_684' title='bbox 3208 3043 3354 3095; x_wconf 87' lang='grc' dir='ltr'><strong>κατά</strong></span> <span class='ocrx_word' id='word_1_685' title='bbox 3381 3041 3542 3106; x_wconf 80' lang='grc' dir='ltr'>ἀξίαν</span> <span class='ocrx_word' id='word_1_686' title='bbox 3570 3046 3676 3096; x_wconf 80' lang='grc' dir='ltr'>ἑπι-</span> 
     </span>
    </p>
   </div>
   <div class='ocr_carea' id='block_1_91' title="bbox 2092 3132 3677 3205">
    <p class='ocr_par' dir='ltr' id='par_1_91' title="bbox 2092 3132 3677 3205">
     <span class='ocr_line' id='line_1_91' title="bbox 2092 3132 3677 3205; baseline 0.001 -21"><span class='ocrx_word' id='word_1_687' title='bbox 2092 3135 2310 3203; x_wconf 88' lang='grc' dir='ltr'>μετρεῑν</span> <span class='ocrx_word' id='word_1_688' title='bbox 2352 3132 2585 3203; x_wconf 84' lang='grc' dir='ltr'>ἑκάστῳ.</span> <span class='ocrx_word' id='word_1_689' title='bbox 2636 3132 2932 3202; x_wconf 74' lang='grc' dir='ltr'>Τοιγαροῦν</span> <span class='ocrx_word' id='word_1_690' title='bbox 2982 3133 3291 3203; x_wconf 82' lang='grc' dir='ltr'>ἀμέτρητος</span> <span class='ocrx_word' id='word_1_691' title='bbox 3346 3136 3447 3204; x_wconf 83' lang='grc' dir='ltr'>μὲν</span> <span class='ocrx_word' id='word_1_692' title='bbox 3489 3138 3522 3205; x_wconf 80' lang='grc' dir='ltr'>ἡ</span> <span class='ocrx_word' id='word_1_693' title='bbox 3564 3133 3677 3204; x_wconf 74' lang='grc' dir='ltr'>περὶ</span> 
     </span>
    </p>
   </div>
   <div class='ocr_carea' id='block_1_92' title="bbox 2087 3208 3677 3295">
    <p class='ocr_par' dir='ltr' id='par_1_92' title="bbox 2087 3208 3677 3295">
     <span class='ocr_line' id='line_1_92' title="bbox 2087 3208 3677 3295; baseline 0 -18"><span class='ocrx_word' id='word_1_694' title='bbox 2087 3224 2221 3277; x_wconf 82' lang='grc' dir='ltr'>Θεοῦ</span> <span class='ocrx_word' id='word_1_695' title='bbox 2249 3208 2473 3292; x_wconf 78' lang='grc' dir='ltr'>γνῶσιςῖ</span> <span class='ocrx_word' id='word_1_696' title='bbox 2508 3226 2669 3294; x_wconf 79' lang='grc' dir='ltr'>ἡμεῖς</span> <span class='ocrx_word' id='word_1_697' title='bbox 2698 3223 2753 3276; x_wconf 85' lang='grc' dir='ltr'>δὲ</span> <span class='ocrx_word' id='word_1_698' title='bbox 2788 3226 3000 3295; x_wconf 80' lang='grc' dir='ltr'>μέτρων</span> <span class='ocrx_word' id='word_1_699' title='bbox 3029 3223 3281 3293; x_wconf 82' lang='grc' dir='ltr'>δεόμεθα.</span> <span class='ocrx_word' id='word_1_700' title='bbox 3316 3225 3382 3277; x_wconf 84' lang='grc' dir='ltr'>Εἰ</span> <span class='ocrx_word' id='word_1_701' title='bbox 3423 3224 3535 3295; x_wconf 88' lang='grc' dir='ltr'><strong>γάρ</strong></span> <span class='ocrx_word' id='word_1_702' title='bbox 3557 3225 3677 3295; x_wconf 84' lang='grc' dir='ltr'>ἀμέ-</span> 
     </span>
    </p>
   </div>
   <div class='ocr_carea' id='block_1_93' title="bbox 2084 3314 3675 3387">
    <p class='ocr_par' dir='ltr' id='par_1_93' title="bbox 2084 3314 3675 3387">
     <span class='ocr_line' id='line_1_93' title="bbox 2084 3314 3675 3387; baseline -0.001 -18"><span class='ocrx_word' id='word_1_703' title='bbox 2084 3334 2229 3387; x_wconf 89' lang='grc' dir='ltr'>τρως</span> <span class='ocrx_word' id='word_1_704' title='bbox 2256 3318 2386 3386; x_wconf 74' lang='grc' dir='ltr'>ἡμῖν</span> <span class='ocrx_word' id='word_1_705' title='bbox 2410 3314 2846 3377; x_wconf 84' lang='grc' dir='ltr'>ἀπεκαλύπτετο,</span> <span class='ocrx_word' id='word_1_706' title='bbox 2878 3315 2979 3367; x_wconf 75' lang='grc' dir='ltr'>οὐκ</span> <span class='ocrx_word' id='word_1_707' title='bbox 3006 3314 3070 3367; x_wconf 84' lang='grc' dir='ltr'>ἂν</span> <span class='ocrx_word' id='word_1_708' title='bbox 3105 3314 3397 3385; x_wconf 81' lang='grc' dir='ltr'>ἐσώθημεν</span> <span class='ocrx_word' id='word_1_709' title='bbox 3419 3333 3433 3345; x_wconf 90' lang='grc'><strong>·</strong></span> <span class='ocrx_word' id='word_1_710' title='bbox 3469 3316 3545 3379; x_wconf 87' lang='grc' dir='ltr'>ὡς</span> <span class='ocrx_word' id='word_1_711' title='bbox 3567 3318 3675 3368; x_wconf 78' lang='grc' dir='ltr'>οὑδὲ</span> 
     </span>
    </p>
   </div>
   <div class='ocr_carea' id='block_1_94' title="bbox 2090 3406 3677 3479">
    <p class='ocr_par' dir='ltr' id='par_1_94' title="bbox 2090 3406 3677 3479">
     <span class='ocr_line' id='line_1_94' title="bbox 2090 3406 3677 3479; baseline -0.001 -18"><span class='ocrx_word' id='word_1_712' title='bbox 2090 3408 2399 3479; x_wconf 87' lang='grc' dir='ltr'>σωματικὸς</span> <span class='ocrx_word' id='word_1_713' title='bbox 2444 3406 2723 3477; x_wconf 71' lang='grc' dir='ltr'>ὀφθαλμὸς</span> <span class='ocrx_word' id='word_1_714' title='bbox 2769 3406 2887 3459; x_wconf 76' lang='grc' dir='ltr'>ὅλον</span> <span class='ocrx_word' id='word_1_715' title='bbox 2934 3406 3083 3477; x_wconf 74' lang='grc' dir='ltr'>ἥλιον</span> <span class='ocrx_word' id='word_1_716' title='bbox 3120 3406 3435 3476; x_wconf 82' lang='grc' dir='ltr'>δεχόμενος.</span> <span class='ocrx_word' id='word_1_717' title='bbox 3474 3409 3539 3461; x_wconf 83' lang='lat' dir='ltr'><strong>&#39;H</strong></span> <span class='ocrx_word' id='word_1_718' title='bbox 3581 3408 3677 3459; x_wconf 80' lang='grc' dir='ltr'>τοί-</span> 
     </span>
    </p>
   </div>
   <div class='ocr_carea' id='block_1_95' title="bbox 2087 3496 3675 3569">
    <p class='ocr_par' dir='ltr' id='par_1_95' title="bbox 2087 3496 3675 3569">
     <span class='ocr_line' id='line_1_95' title="bbox 2087 3496 3675 3569; baseline -0.001 -17"><span class='ocrx_word' id='word_1_719' title='bbox 2087 3517 2181 3553; x_wconf 89' lang='grc' dir='ltr'><strong>νυν</strong></span> <span class='ocrx_word' id='word_1_720' title='bbox 2210 3500 2475 3569; x_wconf 83' lang='grc' dir='ltr'>θεαρχικὴ</span> <span class='ocrx_word' id='word_1_721' title='bbox 2510 3498 2783 3569; x_wconf 84' lang='grc' dir='ltr'>ἀγαθότης</span> <span class='ocrx_word' id='word_1_722' title='bbox 2826 3497 2998 3550; x_wconf 81' lang='grc' dir='ltr'>σῶσαι</span> <span class='ocrx_word' id='word_1_723' title='bbox 3054 3496 3376 3569; x_wconf 86' lang='grc' dir='ltr'>βουλομένη,</span> <span class='ocrx_word' id='word_1_724' title='bbox 3409 3499 3443 3569; x_wconf 79' lang='grc' dir='ltr'>ἢ</span> <span class='ocrx_word' id='word_1_725' title='bbox 3490 3500 3549 3552; x_wconf 85' lang='grc' dir='ltr'>τὸ</span> <span class='ocrx_word' id='word_1_726' title='bbox 3589 3500 3675 3569; x_wconf 76' lang='grc' dir='ltr'>τῆς</span> 
     </span>
    </p>
   </div>
   <div class='ocr_carea' id='block_1_96' title="bbox 2085 3588 3673 3659">
    <p class='ocr_par' dir='ltr' id='par_1_96' title="bbox 2085 3588 3673 3659">
     <span class='ocr_line' id='line_1_96' title="bbox 2085 3588 3673 3659; baseline -0.002 -16"><span class='ocrx_word' id='word_1_727' title='bbox 2085 3589 2432 3658; x_wconf 81' lang='grc' dir='ltr'>δικαιοσύνης</span> <span class='ocrx_word' id='word_1_728' title='bbox 2460 3590 2643 3653; x_wconf 79' lang='grc' dir='ltr'>καλὸν,</span> <span class='ocrx_word' id='word_1_729' title='bbox 2675 3588 2707 3659; x_wconf 86' lang='grc' dir='ltr'>ἢ</span> <span class='ocrx_word' id='word_1_730' title='bbox 2732 3588 2825 3642; x_wconf 75' lang='grc' dir='ltr'>καὶ</span> <span class='ocrx_word' id='word_1_731' title='bbox 2856 3590 3003 3658; x_wconf 78' lang='grc' dir='ltr'>ἡμᾶς</span> <span class='ocrx_word' id='word_1_732' title='bbox 3028 3588 3245 3652; x_wconf 74' lang='grc' dir='ltr'>αὐτοὺς,</span> <span class='ocrx_word' id='word_1_733' title='bbox 3276 3590 3673 3644; x_wconf 77' lang='grc' dir='ltr'>ἀποδιαστέλλει</span> 
     </span>
    </p>
   </div>
   <div class='ocr_carea' id='block_1_97' title="bbox 2086 3680 3674 3755">
    <p class='ocr_par' dir='ltr' id='par_1_97' title="bbox 2086 3680 3674 3755">
     <span class='ocr_line' id='line_1_97' title="bbox 2086 3680 3674 3755; baseline -0.002 -19"><span class='ocrx_word' id='word_1_734' title='bbox 2086 3682 2405 3755; x_wconf 82' lang='grc' dir='ltr'>θεοπρεπῶς</span> <span class='ocrx_word' id='word_1_735' title='bbox 2437 3682 2665 3754; x_wconf 81' lang='grc' dir='ltr'>(πρέπον</span> <span class='ocrx_word' id='word_1_736' title='bbox 2704 3681 2812 3751; x_wconf 75' lang='grc' dir='ltr'><strong>γὰρ</strong></span> <span class='ocrx_word' id='word_1_737' title='bbox 2847 3680 2907 3732; x_wconf 88' lang='grc' dir='ltr'>τὸ</span> <span class='ocrx_word' id='word_1_738' title='bbox 2951 3680 3165 3745; x_wconf 78' lang='grc' dir='ltr'>σώζειν,</span> <span class='ocrx_word' id='word_1_739' title='bbox 3212 3682 3308 3735; x_wconf 77' lang='grc' dir='ltr'>καὶ</span> <span class='ocrx_word' id='word_1_740' title='bbox 3354 3684 3430 3754; x_wconf 80' lang='grc' dir='ltr'>μὴ</span> <span class='ocrx_word' id='word_1_741' title='bbox 3477 3684 3674 3752; x_wconf 73' lang='grc' dir='ltr'>φθονεῖν</span> 
     </span>
    </p>
   </div>
   <div class='ocr_carea' id='block_1_98' title="bbox 2086 3770 3674 3846">
    <p class='ocr_par' dir='ltr' id='par_1_98' title="bbox 2086 3770 3674 3846">
     <span class='ocr_line' id='line_1_98' title="bbox 2086 3770 3674 3846; baseline -0.001 -19"><span class='ocrx_word' id='word_1_742' title='bbox 2086 3774 2246 3845; x_wconf 79' lang='grc' dir='ltr'>Θεῷ),</span> <span class='ocrx_word' id='word_1_743' title='bbox 2282 3774 2390 3826; x_wconf 86' lang='grc' dir='ltr'>ἀπὸ</span> <span class='ocrx_word' id='word_1_744' title='bbox 2408 3774 2515 3826; x_wconf 83' lang='grc' dir='ltr'>τῶν</span> <span class='ocrx_word' id='word_1_745' title='bbox 2541 3775 2597 3825; x_wconf 85' lang='grc' dir='ltr'>ὲν</span> <span class='ocrx_word' id='word_1_746' title='bbox 2626 3771 2809 3843; x_wconf 83' lang='grc' dir='ltr'>μέτρῳ</span> <span class='ocrx_word' id='word_1_747' title='bbox 2847 3771 2940 3823; x_wconf 75' lang='grc' dir='ltr'>καὶ</span> <span class='ocrx_word' id='word_1_748' title='bbox 2964 3770 3227 3842; x_wconf 86' lang='grc' dir='ltr'>χωρητῶν</span> <span class='ocrx_word' id='word_1_749' title='bbox 3264 3771 3364 3843; x_wconf 77' lang='grc' dir='ltr'>τὴν</span> <span class='ocrx_word' id='word_1_750' title='bbox 3422 3774 3674 3846; x_wconf 79' lang='grc' dir='ltr'>ἀμετρίαν</span> 
     </span>
    </p>
   </div>
   <div class='ocr_carea' id='block_1_99' title="bbox 2086 3862 3674 3935">
    <p class='ocr_par' dir='ltr' id='par_1_99' title="bbox 2086 3862 3674 3935">
     <span class='ocr_line' id='line_1_99' title="bbox 2086 3862 3674 3935; baseline -0.003 -16"><span class='ocrx_word' id='word_1_751' title='bbox 2086 3865 2274 3930; x_wconf 86' lang='grc' dir='ltr'>αὑτοῦ,</span> <span class='ocrx_word' id='word_1_752' title='bbox 2306 3866 2381 3929; x_wconf 87' lang='grc' dir='ltr'><strong>ώς</strong></span> <span class='ocrx_word' id='word_1_753' title='bbox 2424 3864 2727 3935; x_wconf 83' lang='grc' dir='ltr'>ἀχώρητον,</span> <span class='ocrx_word' id='word_1_754' title='bbox 2773 3862 2831 3929; x_wconf 80' lang='grc' dir='ltr'><strong>ἑξ</strong></span> <span class='ocrx_word' id='word_1_755' title='bbox 2878 3863 3167 3929; x_wconf 86' lang='grc' dir='ltr'>ἀναλογίας</span> <span class='ocrx_word' id='word_1_756' title='bbox 3207 3863 3271 3915; x_wconf 82' lang='grc' dir='ltr'>τὸ</span> <span class='ocrx_word' id='word_1_757' title='bbox 3300 3864 3674 3935; x_wconf 76' lang='grc' dir='ltr'>ἀκατάληπτον</span> 
     </span>
    </p>
   </div>
   <div class='ocr_carea' id='block_1_100' title="bbox 2085 3955 3673 4031">
    <p class='ocr_par' dir='ltr' id='par_1_100' title="bbox 2085 3955 3673 4031">
     <span class='ocr_line' id='line_1_100' title="bbox 2085 3955 3673 4031; baseline -0.002 -18"><span class='ocrx_word' id='word_1_758' title='bbox 2085 3962 2184 4031; x_wconf 80' lang='grc' dir='ltr'>τῆς</span> <span class='ocrx_word' id='word_1_759' title='bbox 2217 3960 2345 4029; x_wconf 74' lang='grc' dir='ltr'>περὶ</span> <span class='ocrx_word' id='word_1_760' title='bbox 2371 3957 2505 4010; x_wconf 87' lang='grc' dir='ltr'>Θεοῦ</span> <span class='ocrx_word' id='word_1_761' title='bbox 2528 3955 2780 4024; x_wconf 88' lang='grc' dir='ltr'>γνώσεως</span> <span class='ocrx_word' id='word_1_762' title='bbox 2810 3956 3043 4009; x_wconf 79' lang='grc' dir='ltr'>ἐνταῦθα</span> <span class='ocrx_word' id='word_1_763' title='bbox 3070 3957 3428 4028; x_wconf 89' lang='grc' dir='ltr'>παρίσταται.</span> <span class='ocrx_word' id='word_1_764' title='bbox 3474 3960 3557 4022; x_wconf 83' lang='grc' dir='ltr'>Ὠς</span> <span class='ocrx_word' id='word_1_765' title='bbox 3576 3957 3673 4027; x_wconf 77' lang='grc' dir='ltr'>γὰρ</span> 
     </span>
    </p>
   </div>
   <div class='ocr_carea' id='block_1_101' title="bbox 2086 4048 3669 4121">
    <p class='ocr_par' dir='ltr' id='par_1_101' title="bbox 2086 4048 3669 4121">
     <span class='ocr_line' id='line_1_101' title="bbox 2086 4048 3669 4121; baseline -0.003 -16"><span class='ocrx_word' id='word_1_766' title='bbox 2086 4052 2303 4121; x_wconf 79' lang='grc' dir='ltr'>ἀληπτα</span> <span class='ocrx_word' id='word_1_767' title='bbox 2332 4051 2446 4113; x_wconf 85' lang='grc' dir='ltr'>τοῖς</span> <span class='ocrx_word' id='word_1_768' title='bbox 2482 4048 2756 4119; x_wconf 82' lang='grc' dir='ltr'>αἰσθητοῖς</span> <span class='ocrx_word' id='word_1_769' title='bbox 2788 4049 2855 4101; x_wconf 81' lang='grc' dir='ltr'><strong>τὰ</strong></span> <span class='ocrx_word' id='word_1_770' title='bbox 2885 4048 3071 4117; x_wconf 77' lang='grc' dir='ltr'>νοητὰ,</span> <span class='ocrx_word' id='word_1_771' title='bbox 3100 4049 3194 4101; x_wconf 73' lang='grc' dir='ltr'>καὶ</span> <span class='ocrx_word' id='word_1_772' title='bbox 3227 4052 3343 4113; x_wconf 87' lang='grc' dir='ltr'>τοῖς</span> <span class='ocrx_word' id='word_1_773' title='bbox 3371 4052 3433 4102; x_wconf 84' lang='grc' dir='ltr'><strong>ἑν</strong></span> <span class='ocrx_word' id='word_1_774' title='bbox 3470 4050 3669 4111; x_wconf 84' lang='grc' dir='ltr'>πλάσει,</span> 
     </span>
    </p>
   </div>
   <div class='ocr_carea' id='block_1_102' title="bbox 2088 4139 3672 4210">
    <p class='ocr_par' dir='ltr' id='par_1_102' title="bbox 2088 4139 3672 4210">
     <span class='ocr_line' id='line_1_102' title="bbox 2088 4139 3672 4210; baseline -0.004 -12"><span class='ocrx_word' id='word_1_775' title='bbox 2088 4145 2182 4198; x_wconf 73' lang='grc' dir='ltr'><strong>καὶ</strong></span> <span class='ocrx_word' id='word_1_776' title='bbox 2216 4142 2481 4204; x_wconf 87' lang='grc' dir='ltr'>συνθέσει,</span> <span class='ocrx_word' id='word_1_777' title='bbox 2512 4141 2607 4194; x_wconf 78' lang='grc' dir='ltr'>καὶ</span> <span class='ocrx_word' id='word_1_778' title='bbox 2642 4140 2800 4210; x_wconf 84' lang='grc' dir='ltr'>τύπῳ</span> <span class='ocrx_word' id='word_1_779' title='bbox 2831 4139 2899 4192; x_wconf 89' lang='grc' dir='ltr'><strong>τά</strong></span> <span class='ocrx_word' id='word_1_780' title='bbox 2947 4139 3093 4192; x_wconf 85' lang='grc' dir='ltr'>ἀπλᾶ</span> <span class='ocrx_word' id='word_1_781' title='bbox 3139 4140 3234 4193; x_wconf 78' lang='grc' dir='ltr'>καὶ</span> <span class='ocrx_word' id='word_1_782' title='bbox 3276 4140 3559 4206; x_wconf 86' lang='grc' dir='ltr'>ἀτύπωτα,</span> <span class='ocrx_word' id='word_1_783' title='bbox 3588 4140 3672 4193; x_wconf 78' lang='grc' dir='ltr'>καὶ</span> 
     </span>
    </p>
   </div>
   <div class='ocr_carea' id='block_1_103' title="bbox 2085 4230 3667 4303">
    <p class='ocr_par' dir='ltr' id='par_1_103' title="bbox 2085 4230 3667 4303">
     <span class='ocr_line' id='line_1_103' title="bbox 2085 4230 3667 4303; baseline -0.003 -15"><span class='ocrx_word' id='word_1_784' title='bbox 2085 4239 2197 4297; x_wconf 85' lang='grc' dir='ltr'>τοῖς</span> <span class='ocrx_word' id='word_1_785' title='bbox 2222 4232 2363 4287; x_wconf 88' lang='grc' dir='ltr'><strong>κατά</strong></span> <span class='ocrx_word' id='word_1_786' title='bbox 2392 4233 2646 4302; x_wconf 79' lang='grc' dir='ltr'>σχήματα</span> <span class='ocrx_word' id='word_1_787' title='bbox 2672 4231 3144 4302; x_wconf 73' lang='grc' dir='ltr'>μεμορφωμένοις,</span> <span class='ocrx_word' id='word_1_788' title='bbox 3170 4230 3239 4283; x_wconf 82' lang='grc' dir='ltr'>τὰ</span> <span class='ocrx_word' id='word_1_789' title='bbox 3262 4232 3637 4303; x_wconf 85' lang='grc' dir='ltr'>ἀσχημάτιστα</span> <span class='ocrx_word' id='word_1_790' title='bbox 3654 4248 3667 4260; x_wconf 92' lang='grc'><strong>·</strong></span> 
     </span>
    </p>
   </div>
   <div class='ocr_carea' id='block_1_104' title="bbox 2087 4322 3667 4395">
    <p class='ocr_par' dir='ltr' id='par_1_104' title="bbox 2087 4322 3667 4395">
     <span class='ocr_line' id='line_1_104' title="bbox 2087 4322 3667 4395; baseline 0 -17"><span class='ocrx_word' id='word_1_791' title='bbox 2087 4326 2229 4379; x_wconf 78' lang='grc' dir='ltr'>κατὰ</span> <span class='ocrx_word' id='word_1_792' title='bbox 2259 4325 2350 4377; x_wconf 80' lang='grc' dir='ltr'>τὸν</span> <span class='ocrx_word' id='word_1_793' title='bbox 2376 4324 2539 4376; x_wconf 76' lang='grc' dir='ltr'>αὑτὸν</span> <span class='ocrx_word' id='word_1_794' title='bbox 2577 4322 2731 4390; x_wconf 88' lang='grc' dir='ltr'>λόγον</span> <span class='ocrx_word' id='word_1_795' title='bbox 2756 4323 2850 4375; x_wconf 80' lang='grc' dir='ltr'>καὶ</span> <span class='ocrx_word' id='word_1_796' title='bbox 2870 4322 2939 4375; x_wconf 90' lang='grc' dir='ltr'><strong>τά</strong></span> <span class='ocrx_word' id='word_1_797' title='bbox 2970 4322 3088 4375; x_wconf 84' lang='grc' dir='ltr'>θεῖα</span> <span class='ocrx_word' id='word_1_798' title='bbox 3120 4323 3489 4395; x_wconf 77' lang='grc' dir='ltr'>ἀκατάληπτά</span> <span class='ocrx_word' id='word_1_799' title='bbox 3524 4327 3667 4378; x_wconf 86' lang='grc' dir='ltr'>εἰσιν.</span> 
     </span>
    </p>
   </div>
   <div class='ocr_carea' id='block_1_105' title="bbox 2017 4411 3670 4501">
    <p class='ocr_par' dir='ltr' id='par_1_105' title="bbox 2017 4411 3670 4501">
     <span class='ocr_line' id='line_1_105' title="bbox 2017 4411 3670 4501; baseline 0 -35"><span class='ocrx_word' id='word_1_800' title='bbox 2017 4446 2060 4501; x_wconf 75' lang='lat' dir='ltr'>D</span> <span class='ocrx_word' id='word_1_801' title='bbox 2089 4415 2151 4466; x_wconf 76' lang='lat' dir='ltr'><strong>Et</strong></span> <span class='ocrx_word' id='word_1_802' title='bbox 2182 4412 2289 4481; x_wconf 81' lang='grc' dir='ltr'><strong>γὰρ</strong></span> <span class='ocrx_word' id='word_1_803' title='bbox 2320 4411 2444 4463; x_wconf 69' lang='grc' dir='ltr'>οὔτε</span> <span class='ocrx_word' id='word_1_804' title='bbox 2493 4411 2561 4464; x_wconf 76' lang='grc' dir='ltr'><strong>τὰ</strong></span> <span class='ocrx_word' id='word_1_805' title='bbox 2608 4411 2758 4464; x_wconf 83' lang='grc' dir='ltr'>ἀπλᾶ</span> <span class='ocrx_word' id='word_1_806' title='bbox 2800 4412 2894 4463; x_wconf 82' lang='grc' dir='ltr'>καὶ</span> <span class='ocrx_word' id='word_1_807' title='bbox 2943 4411 3350 4481; x_wconf 84' lang='grc' dir='ltr'>ἀσχημάτιστα,</span> <span class='ocrx_word' id='word_1_808' title='bbox 3381 4416 3487 4470; x_wconf 80' lang='grc' dir='ltr'>κᾶν</span> <span class='ocrx_word' id='word_1_809' title='bbox 3510 4416 3670 4469; x_wconf 76' lang='grc' dir='ltr'>οὐσίαι</span> 
     </span>
    </p>
   </div>
   <div class='ocr_carea' id='block_1_106' title="bbox 2087 4499 3668 4577">
    <p class='ocr_par' dir='ltr' id='par_1_106' title="bbox 2087 4499 3668 4577">
     <span class='ocr_line' id='line_1_106' title="bbox 2087 4499 3668 4577; baseline 0 -19"><span class='ocrx_word' id='word_1_810' title='bbox 2087 4505 2231 4569; x_wconf 85' lang='grc' dir='ltr'>τινὲς</span> <span class='ocrx_word' id='word_1_811' title='bbox 2256 4499 2378 4567; x_wconf 83' lang='grc' dir='ltr'>ὦσι,</span> <span class='ocrx_word' id='word_1_812' title='bbox 2402 4506 2521 4568; x_wconf 89' lang='grc' dir='ltr'>ταῖς</span> <span class='ocrx_word' id='word_1_813' title='bbox 2549 4503 2866 4574; x_wconf 78' lang='grc' dir='ltr'>αἰσθήσεσιν</span> <span class='ocrx_word' id='word_1_814' title='bbox 2903 4503 3321 4571; x_wconf 87' lang='grc' dir='ltr'>ὑποπίπτουσιν,</span> <span class='ocrx_word' id='word_1_815' title='bbox 3359 4508 3437 4572; x_wconf 86' lang='grc' dir='ltr'>ὼς</span> <span class='ocrx_word' id='word_1_816' title='bbox 3464 4507 3668 4577; x_wconf 83' lang='grc' dir='ltr'>ἄγγελοι</span> 
     </span>
    </p>
   </div>
   <div class='ocr_carea' id='block_1_107' title="bbox 2088 4596 3666 4671">
    <p class='ocr_par' dir='ltr' id='par_1_107' title="bbox 2088 4596 3666 4671">
     <span class='ocr_line' id='line_1_107' title="bbox 2088 4596 3666 4671; baseline -0.001 -20"><span class='ocrx_word' id='word_1_817' title='bbox 2088 4598 2182 4651; x_wconf 76' lang='grc' dir='ltr'>καὶ</span> <span class='ocrx_word' id='word_1_818' title='bbox 2227 4597 2415 4667; x_wconf 72' lang='grc' dir='ltr'>ψυχαὶ,</span> <span class='ocrx_word' id='word_1_819' title='bbox 2462 4596 2614 4666; x_wconf 82' lang='grc' dir='ltr'>πόσῳ</span> <span class='ocrx_word' id='word_1_820' title='bbox 2652 4596 2851 4665; x_wconf 82' lang='grc' dir='ltr'>μᾶλλον</span> <span class='ocrx_word' id='word_1_821' title='bbox 2896 4596 3155 4668; x_wconf 83' lang='grc' dir='ltr'>ὑπερέχει</span> <span class='ocrx_word' id='word_1_822' title='bbox 3198 4599 3227 4650; x_wconf 84' lang='grc' dir='ltr'>ὁ</span> <span class='ocrx_word' id='word_1_823' title='bbox 3272 4598 3430 4663; x_wconf 77' lang='grc' dir='ltr'>Θεὸς,</span> <span class='ocrx_word' id='word_1_824' title='bbox 3478 4603 3506 4654; x_wconf 88' lang='grc' dir='ltr'>ὁ</span> <span class='ocrx_word' id='word_1_825' title='bbox 3541 4601 3666 4671; x_wconf 81' lang='grc' dir='ltr'>μήτε</span> 
     </span>
    </p>
   </div>
   <div class='ocr_carea' id='block_1_108' title="bbox 2086 4684 3665 4762">
    <p class='ocr_par' dir='ltr' id='par_1_108' title="bbox 2086 4684 3665 4762">
     <span class='ocr_line' id='line_1_108' title="bbox 2086 4684 3665 4762; baseline 0.001 -20"><span class='ocrx_word' id='word_1_826' title='bbox 2086 4688 2264 4755; x_wconf 83' lang='grc' dir='ltr'>οὐσία,</span> <span class='ocrx_word' id='word_1_827' title='bbox 2292 4688 2405 4740; x_wconf 81' lang='grc' dir='ltr'>ἀλλ’</span> <span class='ocrx_word' id='word_1_828' title='bbox 2428 4686 2569 4755; x_wconf 84' lang='grc' dir='ltr'>ὑπὲρ</span> <span class='ocrx_word' id='word_1_829' title='bbox 2594 4684 2808 4751; x_wconf 76' lang='grc' dir='ltr'>οὐσίαν,</span> <span class='ocrx_word' id='word_1_830' title='bbox 2838 4689 2931 4740; x_wconf 85' lang='grc' dir='ltr'>καὶ</span> <span class='ocrx_word' id='word_1_831' title='bbox 2959 4688 3185 4759; x_wconf 83' lang='grc' dir='ltr'>ἄπειρος</span> <span class='ocrx_word' id='word_1_832' title='bbox 3214 4689 3321 4741; x_wconf 69' lang='grc' dir='ltr'><strong>ὢν*</strong></span> <span class='ocrx_word' id='word_1_833' title='bbox 3360 4693 3497 4762; x_wconf 80' lang='grc' dir='ltr'>μήτε</span> <span class='ocrx_word' id='word_1_834' title='bbox 3525 4690 3665 4753; x_wconf 83' lang='grc' dir='ltr'>νοῦς,</span> 
     </span>
    </p>
   </div>
   <div class='ocr_carea' id='block_1_109' title="bbox 2085 4780 3668 4857">
    <p class='ocr_par' dir='ltr' id='par_1_109' title="bbox 2085 4780 3668 4857">
     <span class='ocr_line' id='line_1_109' title="bbox 2085 4780 3668 4857; baseline 0 -21"><span class='ocrx_word' id='word_1_835' title='bbox 2085 4783 2201 4837; x_wconf 77' lang='grc' dir='ltr'>ἀλλ’</span> <span class='ocrx_word' id='word_1_836' title='bbox 2240 4782 2381 4852; x_wconf 85' lang='grc' dir='ltr'>ὑπὲρ</span> <span class='ocrx_word' id='word_1_837' title='bbox 2406 4780 2530 4835; x_wconf 91' lang='grc' dir='ltr'>νοῦν</span> <span class='ocrx_word' id='word_1_838' title='bbox 2576 4781 2801 4851; x_wconf 75' lang='grc' dir='ltr'>ἑνότηςς</span> <span class='ocrx_word' id='word_1_839' title='bbox 2844 4782 3069 4851; x_wconf 77' lang='grc' dir='ltr'>ἑνότητα</span> <span class='ocrx_word' id='word_1_840' title='bbox 3106 4783 3163 4834; x_wconf 84' lang='grc' dir='ltr'>δὲ</span> <span class='ocrx_word' id='word_1_841' title='bbox 3192 4783 3433 4849; x_wconf 86' lang='grc' dir='ltr'>ἀκούων,</span> <span class='ocrx_word' id='word_1_842' title='bbox 3460 4786 3533 4857; x_wconf 77' lang='grc' dir='ltr'>μὴ</span> <span class='ocrx_word' id='word_1_843' title='bbox 3563 4786 3668 4837; x_wconf 87' lang='grc' dir='ltr'>δια-</span> 
     </span>
    </p>
   </div>
   <div class='ocr_carea' id='block_1_110' title="bbox 2086 4874 3666 4951">
    <p class='ocr_par' dir='ltr' id='par_1_110' title="bbox 2086 4874 3666 4951">
     <span class='ocr_line' id='line_1_110' title="bbox 2086 4874 3666 4951; baseline 0 -22"><span class='ocrx_word' id='word_1_844' title='bbox 2086 4876 2265 4947; x_wconf 85' lang='grc' dir='ltr'>φόρων</span> <span class='ocrx_word' id='word_1_845' title='bbox 2304 4875 2465 4929; x_wconf 78' lang='grc' dir='ltr'>τινῶν</span> <span class='ocrx_word' id='word_1_846' title='bbox 2512 4874 2649 4946; x_wconf 82' lang='grc' dir='ltr'>πρὸς</span> <span class='ocrx_word' id='word_1_847' title='bbox 2686 4874 2881 4929; x_wconf 81' lang='grc' dir='ltr'>ἒνωσιν</span> <span class='ocrx_word' id='word_1_848' title='bbox 2931 4876 3026 4928; x_wconf 69' lang='grc' dir='ltr'>καὶ</span> <span class='ocrx_word' id='word_1_849' title='bbox 3077 4876 3386 4951; x_wconf 79' lang='grc' dir='ltr'>συνδρομὴν</span> <span class='ocrx_word' id='word_1_850' title='bbox 3434 4880 3666 4949; x_wconf 83' lang='grc' dir='ltr'>νοησάτω</span> 
     </span>
    </p>
   </div>
   <div class='ocr_carea' id='block_1_111' title="bbox 2080 4967 3667 5041">
    <p class='ocr_par' dir='ltr' id='par_1_111' title="bbox 2080 4967 3667 5041">
     <span class='ocr_line' id='line_1_111' title="bbox 2080 4967 3667 5041; baseline 0.001 -20"><span class='ocrx_word' id='word_1_851' title='bbox 2080 4984 2196 5031; x_wconf 90' lang='grc' dir='ltr'>τις·</span> <span class='ocrx_word' id='word_1_852' title='bbox 2236 4968 2296 5020; x_wconf 84' lang='grc' dir='ltr'><strong>ού</strong></span> <span class='ocrx_word' id='word_1_853' title='bbox 2325 4968 2435 5041; x_wconf 80' lang='grc' dir='ltr'><strong>γὰρ</strong></span> <span class='ocrx_word' id='word_1_854' title='bbox 2476 4969 2602 5038; x_wconf 77' lang='grc' dir='ltr'>περὶ</span> <span class='ocrx_word' id='word_1_855' title='bbox 2630 4967 2886 5021; x_wconf 88' lang='grc' dir='ltr'>τοιούτων</span> <span class='ocrx_word' id='word_1_856' title='bbox 2926 4969 2954 5022; x_wconf 88' lang='grc' dir='ltr'><strong>ό</strong></span> <span class='ocrx_word' id='word_1_857' title='bbox 2998 4967 3153 5037; x_wconf 87' lang='grc' dir='ltr'>λόγος</span> <span class='ocrx_word' id='word_1_858' title='bbox 3196 4971 3315 5033; x_wconf 88' lang='grc' dir='ltr'>νῦν,</span> <span class='ocrx_word' id='word_1_859' title='bbox 3368 4973 3504 5026; x_wconf 83' lang='grc' dir='ltr'><strong>ἀλλά</strong></span> <span class='ocrx_word' id='word_1_860' title='bbox 3548 4972 3667 5041; x_wconf 80' lang='grc' dir='ltr'>περὶ</span> 
     </span>
    </p>
   </div>
   <div class='ocr_carea' id='block_1_112' title="bbox 2081 5057 3664 5134">
    <p class='ocr_par' dir='ltr' id='par_1_112' title="bbox 2081 5057 3664 5134">
     <span class='ocr_line' id='line_1_112' title="bbox 2081 5057 3664 5134; baseline 0.001 -24"><span class='ocrx_word' id='word_1_861' title='bbox 2081 5057 2217 5111; x_wconf 89' lang='grc' dir='ltr'>Θεοῦ</span> <span class='ocrx_word' id='word_1_862' title='bbox 2263 5058 2359 5111; x_wconf 91' lang='grc' dir='ltr'><strong>τοῦ</strong></span> <span class='ocrx_word' id='word_1_863' title='bbox 2401 5058 2694 5112; x_wconf 84' lang='grc' dir='ltr'>ἁσυνθέτου</span> <span class='ocrx_word' id='word_1_864' title='bbox 2728 5057 2926 5127; x_wconf 88' lang='grc' dir='ltr'>πάντη,</span> <span class='ocrx_word' id='word_1_865' title='bbox 2981 5060 3073 5111; x_wconf 83' lang='grc' dir='ltr'>καὶ</span> <span class='ocrx_word' id='word_1_866' title='bbox 3115 5059 3259 5130; x_wconf 81' lang='grc' dir='ltr'>ὑπὲρ</span> <span class='ocrx_word' id='word_1_867' title='bbox 3286 5060 3356 5114; x_wconf 89' lang='grc' dir='ltr'><strong>τά</strong></span> <span class='ocrx_word' id='word_1_868' title='bbox 3393 5062 3664 5134; x_wconf 80' lang='grc' dir='ltr'>μονοούσια</span> 
     </span>
    </p>
   </div>
   <div class='ocr_carea' id='block_1_113' title="bbox 2081 5150 3666 5226">
    <p class='ocr_par' dir='ltr' id='par_1_113' title="bbox 2081 5150 3666 5226">
     <span class='ocr_line' id='line_1_113' title="bbox 2081 5150 3666 5226; baseline 0.002 -23"><span class='ocrx_word' id='word_1_869' title='bbox 2081 5152 2378 5222; x_wconf 72' lang='grc' dir='ltr'>ἡνωμένον.</span> <span class='ocrx_word' id='word_1_870' title='bbox 2412 5151 2474 5203; x_wconf 87' lang='grc' dir='ltr'><strong>Τί</strong></span> <span class='ocrx_word' id='word_1_871' title='bbox 2506 5150 2615 5222; x_wconf 81' lang='grc' dir='ltr'><strong>γὰρ</strong></span> <span class='ocrx_word' id='word_1_872' title='bbox 2640 5150 2757 5214; x_wconf 88' lang='grc' dir='ltr'>ἑνὸς</span> <span class='ocrx_word' id='word_1_873' title='bbox 2792 5151 2989 5221; x_wconf 77' lang='grc' dir='ltr'>μᾶλλον</span> <span class='ocrx_word' id='word_1_874' title='bbox 3010 5152 3213 5206; x_wconf 84' lang='grc' dir='ltr'>ἁπλοῦν</span> <span class='ocrx_word' id='word_1_875' title='bbox 3243 5172 3305 5207; x_wconf 88' lang='grc' dir='ltr'><strong>τε</strong></span> <span class='ocrx_word' id='word_1_876' title='bbox 3344 5158 3441 5210; x_wconf 77' lang='grc' dir='ltr'><strong>καὶ</strong></span> <span class='ocrx_word' id='word_1_877' title='bbox 3458 5154 3666 5226; x_wconf 76' lang='grc' dir='ltr'>μονοού-</span> 
     </span>
    </p>
   </div>
   <div class='ocr_carea' id='block_1_114' title="bbox 2086 5240 3663 5318">
    <p class='ocr_par' dir='ltr' id='par_1_114' title="bbox 2086 5240 3663 5318">
     <span class='ocr_line' id='line_1_114' title="bbox 2086 5240 3663 5318; baseline 0.001 -22"><span class='ocrx_word' id='word_1_878' title='bbox 2086 5259 2233 5305; x_wconf 86' lang='grc' dir='ltr'>σιον;</span> <span class='ocrx_word' id='word_1_879' title='bbox 2281 5242 2415 5294; x_wconf 75' lang='grc' dir='ltr'>Ἀλλ’</span> <span class='ocrx_word' id='word_1_880' title='bbox 2447 5240 2597 5311; x_wconf 79' lang='grc' dir='ltr'>ὴτοῦ</span> <span class='ocrx_word' id='word_1_881' title='bbox 2644 5241 2780 5294; x_wconf 86' lang='grc' dir='ltr'>Θεοῦ</span> <span class='ocrx_word' id='word_1_882' title='bbox 2829 5243 3015 5313; x_wconf 80' lang='grc' dir='ltr'>ἑνότης</span> <span class='ocrx_word' id='word_1_883' title='bbox 3060 5244 3494 5318; x_wconf 81' lang='grc' dir='ltr'>ὑπεξῃρημένως</span> <span class='ocrx_word' id='word_1_884' title='bbox 3534 5247 3663 5314; x_wconf 68' lang='grc' dir='ltr'>ὑπὲρ</span> 
     </span>
    </p>
   </div>
   <div class='ocr_carea' id='block_1_115' title="bbox 2082 5336 3663 5408">
    <p class='ocr_par' dir='ltr' id='par_1_115' title="bbox 2082 5336 3663 5408">
     <span class='ocr_line' id='line_1_115' title="bbox 2082 5336 3663 5408; baseline 0 -17"><span class='ocrx_word' id='word_1_885' title='bbox 2082 5339 2268 5393; x_wconf 89' lang='grc' dir='ltr'>τοῦτόν</span> <span class='ocrx_word' id='word_1_886' title='bbox 2298 5341 2434 5401; x_wconf 86' lang='grc' dir='ltr'>ἑστι,</span> <span class='ocrx_word' id='word_1_887' title='bbox 2472 5338 2565 5390; x_wconf 74' lang='grc' dir='ltr'>καὶ</span> <span class='ocrx_word' id='word_1_888' title='bbox 2593 5336 2902 5408; x_wconf 87' lang='grc' dir='ltr'>ἀδιανόητόν</span> <span class='ocrx_word' id='word_1_889' title='bbox 2927 5341 3041 5392; x_wconf 87' lang='grc' dir='ltr'>ἑστι</span> <span class='ocrx_word' id='word_1_890' title='bbox 3071 5341 3272 5404; x_wconf 86' lang='grc' dir='ltr'>πάσαις</span> <span class='ocrx_word' id='word_1_891' title='bbox 3312 5342 3581 5405; x_wconf 85' lang='grc' dir='ltr'>διανοίαις,</span> <span class='ocrx_word' id='word_1_892' title='bbox 3606 5340 3663 5391; x_wconf 71' lang='grc' dir='ltr'>τὸ</span> 
     </span>
    </p>
   </div>
   <div class='ocr_carea' id='block_1_116' title="bbox 2083 5428 3666 5515">
    <p class='ocr_par' dir='ltr' id='par_1_116' title="bbox 2083 5428 3666 5515">
     <span class='ocr_line' id='line_1_116' title="bbox 2083 5428 3666 5515; baseline -0.004 -31"><span class='ocrx_word' id='word_1_893' title='bbox 2083 5431 2224 5500; x_wconf 85' lang='grc' dir='ltr'>ὑπὲρ</span> <span class='ocrx_word' id='word_1_894' title='bbox 2237 5429 2472 5515; x_wconf 50' lang='grc' dir='ltr'>διάνοιαν</span> <span class='ocrx_word' id='word_1_895' title='bbox 2493 5429 2669 5481; x_wconf 80' lang='grc' dir='ltr'>ἐκεῖσε</span> <span class='ocrx_word' id='word_1_896' title='bbox 2696 5428 2773 5481; x_wconf 77' lang='grc' dir='ltr'>ἑν.</span> <span class='ocrx_word' id='word_1_897' title='bbox 2812 5429 3077 5484; x_wconf 86' lang='grc' dir='ltr'>Ἐνταῦθα</span> <span class='ocrx_word' id='word_1_898' title='bbox 3098 5430 3208 5503; x_wconf 81' lang='grc' dir='ltr'><strong>γὰρ</strong></span> <span class='ocrx_word' id='word_1_899' title='bbox 3230 5434 3263 5503; x_wconf 77' lang='grc' dir='ltr'>ἡ</span> <span class='ocrx_word' id='word_1_900' title='bbox 3288 5434 3528 5503; x_wconf 74' lang='grc' dir='ltr'>ἡμετέρα</span> <span class='ocrx_word' id='word_1_901' title='bbox 3554 5431 3666 5483; x_wconf 75' lang='grc' dir='ltr'>διά-</span> 
     </span>
    </p>
   </div>
   <div class='ocr_carea' id='block_1_117' title="bbox 2083 5520 3660 5601">
    <p class='ocr_par' dir='ltr' id='par_1_117' title="bbox 2083 5520 3660 5601">
     <span class='ocr_line' id='line_1_117' title="bbox 2083 5520 3660 5601; baseline -0.001 -24"><span class='ocrx_word' id='word_1_902' title='bbox 2083 5539 2201 5578; x_wconf 86' lang='grc' dir='ltr'>νοια</span> <span class='ocrx_word' id='word_1_903' title='bbox 2222 5520 2626 5593; x_wconf 86' lang='grc' dir='ltr'>ποικιλλομένη,</span> <span class='ocrx_word' id='word_1_904' title='bbox 2654 5523 2733 5587; x_wconf 88' lang='grc' dir='ltr'><strong>είς</strong></span> <span class='ocrx_word' id='word_1_905' title='bbox 2762 5522 3063 5589; x_wconf 79' lang='grc' dir='ltr'>ἀποδείξεις</span> <span class='ocrx_word' id='word_1_906' title='bbox 3086 5524 3180 5578; x_wconf 87' lang='grc' dir='ltr'><strong>καί</strong></span> <span class='ocrx_word' id='word_1_907' title='bbox 3204 5543 3361 5592; x_wconf 88' lang='grc' dir='ltr'>τινας</span> <span class='ocrx_word' id='word_1_908' title='bbox 3383 5525 3660 5601; x_wconf 57' lang='grc' dir='ltr'>προτάσεις</span> 
     </span>
    </p>
   </div>
  </div>
