3752 6306
67 278 163 333 613

635 279 724 334 DE
759 278 1015 336 DlVlNlS
1049 279 1452 347 NOMINIBUS,
1490 277 1646 336 CAP.
1684 279 1728 337 ι.
1765 311 1835 322 -—
1866 278 2219 342 PARAPH].
2259 282 2760 367 PACHYMERIE.

3271 289 3394 347 GM'

69 393 452 466 λαμϐάνουσα,
486 396 834 467 πληθύνεται.
882 398 1010 451 Ὅτε
1040 398 1097 452 δὲ
1123 400 1190 453 ὲκ
1211 398 1418 453 τούτων
1459 399 1655 464 συνάξε

1855 400 2110 456 bstautiae
2155 400 2277 456 est?
2311 401 2498 456 tamen
2545 401 2645 458 Dei
2685 401 2868 459 unitas
2911 403 3382 476 supereminenter

68 489 123 541 τὸ
153 489 567 561 συμπέρασμα,
592 490 652 543 ἓν
679 507 733 542 τι
766 490 953 560 ἕτερον
980 491 1091 544 τῶν
1119 491 1412 563 κειμένων,
1443 491 1680 562 συμϐαῖ-

70 599 152 634 νον
181 581 465 652 εὑρίσκει.
498 583 571 636 Τὸ
607 582 662 635 δὲ
709 583 848 653 ὑπὲρ
879 583 1115 638 διάνοιαν
1153 583 1231 646 ἓν,
1265 584 1326 637 ού
1362 584 1600 638 τοιοῦτόν
1625 602 1680 638 τι

70 673 210 725 ἐστὶν
229 713 244 736 ,
304 671 430 724 ἀλλ’
485 672 799 742 ἀδιανόητον
860 673 954 726 καὶ
1014 674 1427 744 ἀσυλλόγιστον·
1497 675 1526 728 ὃ
1590 675 1684 728 καὶ

74 764 210 834 ὑπὲρ
268 763 438 833 λόγον
463 763 524 818 ὃν
565 763 790 833 ἀγαθὸν,
834 763 1073 836 ἀῤῥητὸν
1110 767 1227 820 ἐστι
1306 766 1449 838 λόγῳ
1499 768 1682 822 παντί.

1793 507 1955 562 supra
1985 492 2039 547 id
2076 494 2253 563 ipsum
2282 503 2394 560 est,
2441 502 2497 550 et
2535 495 2790 552 omnibus
2819 498 3098 553 mentibus
3129 499 3385 554 inconce-

1791 583 1982 653 ptibile
2015 593 2099 640 est
2149 584 2280 641 illud
2335 601 2502 641 unum
2549 589 2694 658 quod
2742 589 2816 645 ibi
2860 599 3096 647 mentem
3133 598 3381 661 superat.

1793 675 1896 730 Hic
1923 676 2067 731 enim
2092 677 2450 747 intelligentia
2485 688 2674 734 nostra
2704 682 2966 746 variatur,
3000 682 3125 736 dum
3151 683 3382 738 demon-

1797 767 2097 824 strationes
2127 778 2181 825 et
2210 771 2616 840 pr0positioues
2651 771 2860 844 aliquas
2905 775 3202 845 excipiens,
3243 774 3381 830 mul-

73 857 372 926 tiplicatur.
428 857 663 924 Quando
721 865 904 912 autem
966 874 1032 911 ex
1094 859 1178 912 his
1223 859 1434 928 colligit
1483 859 1914 926 conclusionem,
1964 875 2034 915 ex
2079 860 2148 915 iis
2195 875 2319 930 qua:
2370 863 2648 931 proposita
2709 874 2838 920 sunt
2892 869 3159 938 comperit
3208 883 3375 922 uiuum

70 951 325 1020 quiddam
370 951 522 1005 aliud
571 948 851 1018 conseQui.
904 945 1035 1000 Illud
1086 955 1266 1001 autem
1308 961 1474 1000 unum
1517 947 1660 1015 quod
1695 962 1860 1018 supra
1889 957 2123 1003 mentem
2156 956 2259 1011 est,
2298 965 2406 1004 non
2437 959 2523 1005 est
2581 953 2689 1008 tale
2742 956 2910 1025 quid,
2971 958 3066 1012 sed
3115 959 3380 1013 inconce-

72 1047 275 1118 ptibile,
312 1059 372 1104 et
401 1049 552 1119 quod
583 1045 930 1104 ratiocinatio
963 1059 1069 1099 non
1099 1045 1316 1116 attingit
1343 1061 1356 1098 :
1383 1046 1584 1116 quippe
1629 1049 1775 1115 quod
1808 1048 2009 1102 bonum
2066 1055 2176 1113 est,
2213 1061 2380 1116 supra
2443 1049 2736 1115 rationem,
2795 1048 2944 1104 omni
2993 1049 3158 1104 etiam
3211 1050 3380 1105 verbo

75 1137 352 1192 ineli‘abile
385 1148 497 1195 est.

59 1257 65 1306 γ
139 1233 344 1285 Λοιπὸν
387 1232 529 1304 μετὰ
567 1232 628 1286 τὸ
672 1233 873 1298 ἐξελεῖν
920 1233 1139 1286 πάντων
1183 1231 1293 1284 τῶν
1333 1233 1389 1285 ὲν
1419 1234 1530 1295 τοῖς
1560 1226 1680 1285 οὖσι

72 1325 138 1378 τΞι
193 1325 327 1395 περὶ
379 1324 544 1387 Θεοῦ,
595 1324 673 1396 τῷ
726 1326 912 1397 μέτρῳ
963 1325 1060 1396 τῆς
1109 1323 1385 1394 ἡμετέρας
1426 1321 1681 1393 γλώσσης

76 1415 386 1470 ἀκολουθῶν
413 1417 496 1487 (οὐ
529 1417 638 1489 γὰρ
675 1417 979 1490 ὑπερϐῆναι
1019 1416 1223 1486 ταύτην
1257 1415 1478 1468 δυνατὸν
1501 1415 1680 1487 ἡμῖν),

75 1510 130 1574 ἐξ
166 1509 350 1562 αὐτῶν
380 1507 597 1575 δοξάζει
625 1509 715 1561 τὸν
740 1508 894 1572 Θεὸν,
935 1507 995 1572 ἐξ
1035 1504 1110 1560 ὧν
1147 1507 1309 1560 αὑτὸν
1339 1505 1528 1571 ἐξεῖλε.
1575 1505 1686 1558 Καὶ

76 1601 231 1655 ἐνάδα
254 1603 432 1671 φησὶν
455 1601 622 1655 αὑτὸν
643 1642 656 1664 ,
683 1599 796 1654 ἀλλ’
816 1600 1059 1653 ἑνοποιὸν
1075 1599 1295 1670 ἀπάσης
1317 1597 1503 1661 ἐνάδος
1523 1637 1537 1660 ,
1558 1613 1682 1650 του-

78 1694 220 1746 τέστι
237 1694 582 1765 δημιουργὸν
601 1692 710 1747 τῶν
736 1691 923 1746 ἁπλῶν
949 1691 1167 1755 ούσιῶν,
1183 1689 1448 1759 ἀγγέλων,
1465 1689 1674 1760 ψυχῶν

78 1787 164 1837 καὶ
190 1783 343 1849 νοῦν,
386 1784 508 1837 ἀλλ’
540 1785 784 1856 ἀνόητον,
831 1784 951 1838 ἀντὶ
994 1783 1088 1837 τοῦ
1135 1783 1211 1855 μὴ
1251 1782 1540 1854 νοούμενον
1574 1781 1679 1836 ὑπό

77 1895 212 1944 τινος
242 1877 360 1932 νοῦ.
391 1880 457 1932 Εἰ
485 1878 596 1950 γάρ
629 1878 692 1932 τὸ
730 1879 916 1950 ὅμοιον
939 1877 1045 1930 ὑπὸ
1077 1876 1172 1930 τοῦ
1199 1875 1386 1947 ὁμοίου
1416 1873 1680 1944 γινώσκε-

76 1989 178 2032 ται,
202 1970 379 2042 ἐχρῆν
409 1971 460 2023 εί
493 1971 619 2035 νοῦς
662 1966 752 2042 ἦν,
799 1971 904 2024 ὑπὸ
929 1970 1038 2025 τῶν
1072 1968 1210 2024 νοῶν
1243 1968 1509 2023 νοεῖσθαι·
1545 1967 1680 2021 ἀλλά

86 2065 171 2128 Τίς
196 2064 355 2133 ἔγνω
398 2062 558 2117 γοῦν
605 2065 867 2131 Κυρίου;
899 2060 1108 2116 Οὐκοῦν
1159 2061 1284 2125 νοῦς
1333 2062 1482 2114 ὲστιν
1541 2061 1680 2132 ὑπὲρ

80 2154 214 2218 νοῦν,
255 2154 357 2207 καὶ
387 2153 565 2223 ὄνομα
588 2153 648 2206 τὸ
675 2153 818 2225 ὑπὲρ
859 2154 968 2206 πᾶν
1005 2153 1194 2224 ὄνομα.
1243 2152 1354 2206 Kal
1391 2151 1458 2205 τὸ
1493 2151 1680 2220 ὄνομά

77 2265 203 2316 μου,
248 2247 444 2318 φησὶν,
488 2249 602 2300 οὐκ
642 2247 816 2301 εΤπον
860 2246 1094 2312 αὐτοῖς’
1141 2246 1222 2299 διὸ
1264 2247 1376 2301 καὶ,
1400 2244 1679 2315 ἀνώνυμός

88 2341 194 2393 ἐστι
243 2342 441 2393 πᾶσιν.
483 2339 612 2393 Ἐὰν
653 2338 710 2392 δὲ
753 2339 916 2414 λέγῃ·
977 2339 1123 2409 Ἐγώ
1159 2342 1276 2408 εἰμι
1311 2343 1342 2394 ό
1377 2340 1480 2402 ὢν,
1515 2337 1680 2403 ἀξίως

83 2435 271 2485 νοεῖται
319 2434 564 2504 ἄναρχος
614 2431 710 2485 καὶ
748 2431 1124 2503 ἀτελεύτητος,
1170 2433 1267 2486 καὶ
1311 2433 1387 2496 ὡς
1440 2431 1506 2485 ἂν
1543 2430 1680 2502 αὑτὴ

85 2524 203 2593 περὶ
237 2525 448 2594 ἑαυτῆς
499 2523 676 2576 εἴποι·
733 2523 870 2596 μόνῃ
907 2523 1018 2595 γάρ
1061 2524 1196 2596 αὐτῇ
1225 2527 1304 2595 έτῇ
1349 2523 1575 2594 Θεότητι
1613 2523 1682 2576 τά

87 2615 196 2669 καθ’
218 2615 423 2687 ἑαυτὴν
447 2617 527 2679 ὡς
553 2614 666 2686 ἔχει
696 2614 908 2684 φύσεως
949 2617 1234 2686 ἐπιστητὰ,
1263 2617 1359 2670 καὶ
1401 2616 1534 2686 μόνη
1562 2616 1683 2669 ἐπί-

87 2724 267 2762 σταται
296 2708 616 2778 ὲπιστητῶς
647 2709 742 2761 καὶ
770 2708 992 2779 κυρίως.
1031 2709 1240 2774 Οὐδεὶς
1265 2709 1374 2780 γὰρ
1403 2707 1681 2779 γινώσκει

85 2800 184 2853 τὸν
203 2801 466 2870 Πατέρα,
499 2803 552 2854 εί
579 2800 669 2869 μὴ
706 2803 738 2854 ὀ
780 2802 931 2866 Υἱός·
969 2802 1066 2854 καὶ
1101 2799 1207 2854 τὸν
1250 2800 1416 2862 Υἱόιο,
1446 2803 1498 2853 εἱ
1525 2799 1611 2869 μὴ
1649 2802 1682 2854 ὀ

86 2893 296 2962 Πατήρ.
326 2895 403 2947 Τὸ
429 2893 565 2947 αὐτὸ
591 2894 829 2966 καὶπερὶ
855 2892 948 2946 τοῦ
974 2893 1128 2962 ἁγίου
1145 2893 1489 2964 Πνεύματος·
1509 2895 1683 2958 οὐδεὶς

1855 1223 2128 1280 Οωιετιιιη
2161 1237 2285 1277 cum
2312 1237 2374 1276 ea
2404 1237 2526 1292 quae
2559 1231 2688 1279 sunt
2711 1223 2829 1290 Dei,
2861 1239 2889 1278 a
2927 1225 3093 1282 rebus
3121 1230 3378 1289 omnibus

1784 1317 2177 1372 exsistentibus
2211 1317 2463 1386 excepit,
2499 1316 2700 1386 lingua:
2745 1327 2946 1372 nostrae
2986 1322 3260 1378 modulum
3291 1340 3379 1380 se-

1786 1424 1958 1481 quens
1973 1410 2174 1479 (neque
2188 1409 2332 1465 enim
2349 1409 2493 1463 hunc
2507 1412 2773 1464 excedere
2794 1411 3152 1480 valemus).ex
3169 1416 3234 1470 iis
3247 1418 3378 1488 ipsis

1790 1504 1955 1558 rebus
1990 1518 2019 1556 a
2054 1503 2260 1570 quibus
2286 1501 2459 1555 Deum
2491 1502 2728 1569 excepit,
2751 1503 2925 1572 ipsum
2966 1504 3166 1560 laudat.
3197 1508 3267 1564 Et
3300 1510 3377 1564 ait

1792 1595 1968 1664 ipsum
1994 1611 2116 1650 esse
2140 1595 2426 1658 unitatem,
2443 1596 2535 1647 sed
2558 1593 2888 1650 eﬂ'ectricem
2913 1596 3071 1667 301
3105 1602 3375 1657 universae

1785 1689 2034 1753 unitatis,
2062 1690 2112 1742 id
2130 1697 2215 1742 est
2239 1695 2541 1740 creatorem
2566 1688 2896 1757 simplicium
2918 1693 3372 1763 substantiarum,

1785 1791 1841 1837 ut
1874 1781 2212 1850 angelorum,
2233 1779 2538 1832 ainimarum
2566 1792 2582 1843 ;
2621 1787 2674 1832 et
2707 1791 2968 1846 mentem,
3005 1786 3099 1838 sed
3149 1802 3256 1842 non
3287 1791 3374 1845 in-

1786 1874 2117 1938 tellectilem,
2158 1874 2208 1926 id
2239 1884 2344 1939 est,
2378 1890 2498 1944 qua:
2539 1891 2568 1929 a
2618 1875 2764 1929 nulla
2816 1886 2998 1930 mente
3031 1877 3373 1950 intelligitur.

1785 1972 1842 2028 Si
1875 1973 2020 2027 enim
2049 1972 2230 2026 simile
2270 1987 2298 2024 a
2329 1971 2494 2025 simili
2538 1973 2909 2042 cognoscitur,
2938 1975 2982 2028 si
3016 1989 3170 2030 mens
3207 1991 3372 2045 esset,

1783 2073 2062 2134 oporteret
2104 2073 2165 2118 ut
2195 2079 2224 2117 a
2256 2065 2532 2119 mentibus
2565 2075 2991 2133 cognosceretur
3018 2084 3031 2120 :
3064 2077 3120 2120 at
3147 2073 3264 2138 quis
3287 2088 3376 2123 co-

1783 2160 1959 2229 gnovit
2006 2169 2233 2212 mentem
2287 2156 2503 2211 Domini
2547 2157 2616 2210 i?
2659 2157 2752 2211 Est
2803 2158 2968 2224 igitur
3010 2175 3163 2214 meus
3206 2153 3392 2231 supra

1784 2259 2044 2313 mentem,
2081 2260 2136 2303 et
2169 2264 2369 2303 nomen
2407 2263 2570 2316 supra
2608 2264 2771 2302 omne
2809 2265 3030 2307 nomen.
3061 2250 3127 2303 Et
3158 2246 3370 2320 nomen,

1787 2339 1984 2411 inquit,
2036 2355 2209 2393 meum
2245 2357 2348 2393 non
2391 2339 2734 2408 manifestavi
2788 2341 2862 2394 eis
2899 2343 2962 2410 lt;
3017 2347 3371 2413 quamobrem

1783 2433 2037 2487 omnibus
2085 2442 2168 2486 est
2217 2432 2337 2486 sine
2385 2433 2628 2489 nomine.
2722 2434 2876 2499 Quod
2930 2436 2974 2490 si
3023 2437 3156 2493 dicit
3197 2457 3211 2492 :
3260 2439 3374 2511 Ego

1783 2543 1900 2578 sum
1925 2521 2535 2596 quisumhintelligitur
2567 2534 2628 2579 ut
2655 2527 2831 2590 decet,
2864 2543 2988 2582 esse
3016 2530 3226 2586 scilicet
3255 2536 3374 2588 sine

1783 2619 2053 2689 principio
2087 2629 2141 2673 et
2177 2620 2298 2674 sine
2330 2619 2458 2684 line,
2483 2626 2537 2672 et
2561 2626 2620 2671 ut
2657 2619 2771 2687 ipsa
2805 2619 3071 2677 Divinitas
3098 2624 3164 2678 de
3195 2625 3373 2694 seipsa

1785 2712 1957 2766 dicit:
1988 2712 2086 2767 soli
2116 2713 2258 2766 enim
2306 2713 2587 2767 Divinitati
2639 2713 2739 2780 ipsi
2785 2728 2887 2781 per
2933 2730 2992 2770 se
3030 2728 3223 2769 natura
3275 2735 3373 2773 sua

1787 2814 1910 2857 nota
1943 2814 2047 2865 est,
2081 2815 2136 2858 et
2170 2805 2283 2858 sola
2321 2820 2379 2858 se
2416 2807 2551 2859 scite
2597 2822 2660 2860 ac
2713 2807 2935 2875 proprie
2985 2809 3153 2861 novit.
3202 2808 3373 2863 Nemo

1785 2894 1928 2947 enim
1965 2893 2103 2947 novit
2144 2892 2360 2948 Patrem
2412 2896 2515 2949 nisi
2557 2895 2757 2957 Filius,
2787 2906 2836 2949 et
2881 2893 3080 2950 Filium
3131 2898 3236 2950 nisi
3269 2897 3375 2952 Pa-

87 2983 319 3058 γὶιρόἷδε
364 2987 438 3040 τὰ
477 2985 576 3038 τοῦ
607 2987 764 3053 Θεοῦ,
813 2987 862 3039 εἰ
909 2984 983 3056 μὴ
1019 2985 1078 3038 τὸ
1123 2985 1348 3057 Πνεῦμα
1390 2985 1452 3038 τὸ
1485 2987 1551 3039 ὲκ
1586 2986 1656 3038 τοὶ

1853 2994 1952 3039 ’πι.
1987 2983 2133 3039 ldem
2163 2995 2247 3040 est
2283 2987 2349 3041 de
2395 2996 2589 3043 sancto
2621 2988 2859 3056 Spiritu;
2899 3004 3060 3043 nemo
3094 2991 3237 3044 enim
3276 3007 3374 3044 no-

86 3076 231 3132 Θεοῦ.

149 3173 263 3244 ξιι.
295 3173 441 3245 Περὶ
474 3173 684 3246 ταύτης
707 3166 799 3227 οῦν
824 3173 927 3244 τῆς
955 3172 1317 3242 ύπερουσίουο·
1361 3173 1394 3243 ἡ
1439 3170 1550 3244 γὰρ
1589 3172 1678 3225 ού-

89 3265 168 3320 σία
187 3267 414 3335 λέγεται
456 3265 612 3336 παρά
651 3266 712 3319 τὸ
749 3263 920 3320 εἶναι’
963 3268 1023 3320 τὸ
1059 3267 1115 3320 δὲ
1160 3262 1298 3319 εἶναι
1341 3264 1678 3335 παραγωγῆς

85 3373 216 3420 τινος
239 3356 455 3410 ἔννοιαν
484 3356 794 3427 ὑπογράφει
815 3395 829 3418 ,
873 3357 974 3409 οὐκ
1000 3355 1065 3410 ἂν
1098 3355 1310 3423 λέγοιτο
1349 3353 1554 3426 κυρίως
1589 3353 1680 3406 οὐ-

91 3451 184 3511 σία,
212 3451 327 3503 ἀλλ’
359 3448 716 3521 ὑπερούσιος.
745 3451 882 3522 Περὶ
920 3449 1126 3520 ταύτης
1153 3444 1244 3501 οῦν
1288 3447 1388 3518 τῆς
1437 3448 1677 3515 ὑπερου-

89 3545 188 3599 σίου
216 3547 312 3600 καὶ
339 3546 590 3616 κρυφίας
618 3546 869 3618 θεότητος
892 3545 1016 3600 οὔτε
1038 3546 1235 3608 εἰπεῖν,
1269 3543 1393 3596 οὔτε
1421 3542 1678 3613 ἐννοῆσαί

87 3653 128 3690 τι
149 3640 454 3711 τολμητέον
478 3637 634 3710 παρά
659 3638 728 3692 τά
756 3640 1065 3711 δηλωθέντα
1112 3641 1175 3692 ὲκ
1219 3638 1327 3693 τῶν
1352 3637 1512 3692 θείων
1539 3638 1680 3708 Γρα-

91 3731 209 3797 φῶν.
241 3733 354 3785 Καὶ
381 3731 498 3802 γὰρ
526 3731 604 3794 ὡς
628 3731 766 3804 αὑτὴ
794 3733 920 3804 περὶ
942 3732 1144 3801 ἑαυτῆς
1183 3733 1242 3784 ἐν
1283 3734 1396 3794 τοῖς
1431 3731 1680 3800 Εὑαγγε-

90 3823 210 3888 λῖοις
233 3825 564 3896 παρέδωκεν
595 3823 704 3892 (ὅτε
731 3826 759 3876 ὁ
782 3823 988 3895 Κύριος
1031 3823 1216 3891 ἔλεγεν
1237 3839 1251 3853 °
1298 3822 1509 3889 Οὐδεὶς
1554 3826 1676 3880 οἶδε

92 3915 185 3967 τὸν
213 3917 458 3984 Πατέρα
489 3918 544 3969 εί
568 3915 648 3984 μὴ
673 3918 705 3969 ὀ
743 3917 875 3982 Υἱός
898 3933 912 3946 ·
943 3916 1058 3978 καὶ,
1089 3915 1302 3981 Οὐδεὶς
1324 3914 1446 3969 οἶδε
1476 3914 1547 3968 τὰ
1571 3917 1677 3970 τοῦ

93 4004 226 4058 Θεοῦ
257 4007 312 4058 εὶ
350 4003 444 4074 μὴ
481 4004 550 4057 τὸ
588 4004 831 4073 Πνεῦμα
886 4004 952 4057 τὸ
983 4005 1051 4058 ἐκ
1084 4006 1191 4059 τοῦ
1241 4005 1388 4060 Θεοῦ
1412 4046 1426 4069 ,
1475 4006 1677 4074 ἀγαθο-

93 4101 303 4172 πρεπῶς
349 4103 828 4174 ἀποφαινόμενος,
870 4104 1213 4158 ἀναστέλλων
1266 4104 1362 4176 τὴν
1401 4106 1677 4176 ἡμετέραν

93 4194 391 4266 παράλογον
425 4193 718 4265 ἔρευναν),
747 4195 779 4265 ἡ
809 4195 1086 4267 ἐπιστήμη
1113 4195 1314 4267 ταύτης
1360 4197 1453 4250 καὶ
1478 4196 1677 4268 θεωρία

93 4283 273 4348 ἄϐατος
299 4286 420 4336 ἐστι
450 4285 586 4336 πᾶσι
603 4287 714 4348 τοῖς
739 4280 908 4348 οὖσιν,
929 4285 1003 4349 ὡς
1027 4286 1166 4357 ὑπὲρ
1188 4285 1257 4339 τά
1283 4287 1457 4341 πάντα
1485 4287 1672 4360 οῦσης.

94 4375 188 4429 Καὶ
214 4377 451 4440 πολλοὺς
484 4375 596 4428 τῶν
621 4375 888 4445 θεολόγων
915 4379 1173 4449 εὑρήσεις
1198 4380 1258 4431 ού
1291 4379 1448 4449 μόνον
1470 4381 1676 4454 ταύτην

95 4464 310 4535 ἀόρατον
340 4467 440 4519 καὶ
466 4465 842 4538 ἀπερίληπτον
887 4466 1146 4536 λέγοντας
1183 4467 1360 4539 (τοῦτο
1405 4471 1514 4542 γάρ
1559 4473 1677 4524 ἐστι

95 4561 176 4612 καί
218 4559 388 4631 ῦμνος
415 4558 577 4622 Θεοῦ,
606 4559 695 4612 ὅτε
718 4559 1105 4631 προσηκόντως
1130 4579 1213 4626 τις
1253 4563 1383 4634 περὶ
1423 4562 1558 4616 Θεοῦ
1585 4563 1677 4616 λέ-

95 4667 199 4718 γει,
227 4652 421 4725 ῶσπερ
449 4651 514 4704 τδ
547 4653 791 4704 ἐναντίον
821 4651 1139 4724 βλασφημία
1159 4693 1174 4716 ,
1216 4655 1304 4708 ὅτε
1349 4654 1423 4726 μὴ
1467 4673 1677 4728 προση-

94 4743 300 4814 κόντως)
323 4786 337 4808 ,
369 4743 514 4797 ἀλλά
537 4743 630 4796 καὶ
656 4744 1076 4816 ἀνεξερεύνητον
1114 4748 1208 4800 καὶ
1251 4749 1674 4819 ἀνεξιχνίαστον’

97 4836 393 4910 ὃτικρυφία
439 4840 474 4909 ἡ
518 4838 743 4910 ἀπειρία
772 4839 943 4909 αὐτῆς
985 4841 1121 4895 ἐστι.
1150 4842 1262 4894 Καὶ
1305 4842 1377 4914 μὴ
1421 4842 1581 4913 μόνον
1615 4843 1676 4897 ού

97 4934 551 5006 περιλαμϐάνεται
576 4933 666 4986 διὰ
688 4934 748 4987 τὸ
772 4933 998 5006 ἄπειρον
1026 4933 1106 5004 (τὸ
1122 4934 1228 5007 γὰρ
1259 4937 1684 5008 πεπερασμένον

98 5029 556 5101 περιλαμϐάνεται
597 5027 686 5097 ὑφ’
714 5023 774 5082 οῦ
816 5027 911 5080 καὶ
959 5029 1333 5101 πεπέρασταιο
1379 5030 1408 5082 ὁ
1458 5029 1590 5094 Θεὸς
1614 5029 1672 5083 δὲ

101 5120 338 5176 ἁπάντων
363 5120 536 5184 τόπος
562 5120 728 5183 ἐστὶν,
752 5121 812 5174 ού
843 5121 1171 5192 σωματικῶς
1191 5163 1204 5184 ,
1234 5120 1370 5175 ἀλλὰ
1412 5123 1474 5194 δη
1487 5140 1677 5195 μιουρ-

99 5214 250 5279 γικῶς
268 5233 280 5244 ·
310 5215 406 5268 τὸν
435 5213 546 5284 γὰρ
573 5213 818 5284 οὐρανὸν,
849 5213 943 5266 καὶ
968 5214 1065 5285 τὴν
1090 5216 1214 5286 γῆν,
1257 5214 1348 5266 καὶ
1390 5214 1460 5268 τά
1499 5216 1674 5270 πάντα

99 5303 240 5368 αὐτὸς
263 5306 370 5377 πλη
380 5304 516 5378 ροῖ),
533 5302 670 5356 ἀλλά
693 5303 791 5356 καλ⁸
811 5304 962 5357 οὐδὲν
989 5304 1132 5374 ἴχνος
1164 5304 1488 5376 ἐμφαίνεται
1521 5306 1674 5359 ούδε-

102 5395 174 5460 νος
196 5399 299 5450 τῶν
321 5394 721 5469 διεληλυθότων
751 5396 846 5449 ἐπὶ
872 5395 1078 5467 ταύτην
1105 5395 1205 5468 την
1235 5396 1474 5467 κρυφίαν
1513 5397 1674 5450 ἀπει-

105 5487 225 5554 ρίαν.
254 5490 430 5543 Τοῦτο
465 5488 525 5542 δὲ
550 5486 722 5556 λέγει,
750 5489 850 5558 ούχ
879 5488 961 5541 ὅτι
1000 5487 1214 5559 διῆλθον
1261 5488 1359 5559 μέν
1393 5505 1558 5553 τινες,
1609 5488 1670 5541 οὐ

169 5673 180 5711 ί
210 5672 363 5728 Rorn.
404 5688 480 5731 ιιι,
517 5670 611 5724 54.
692 5668 718 5708 ¹ι
746 5667 916 5721 Exod.
943 5685 1017 5729 vr.
1044 5671 1098 5726 5.
1183 5667 1199 5707 ι
1232 5670 1396 5727 Exod.
1428 5685 1514 5737 ιιι,
1551 5670 1634 5729 M.

104 5738 179 5796 27.
268 5747 334 5799 PI
375 5747 507 5800 Cor.
553 5757 615 5805 ιι,
655 5741 737 5806 ll;
765 5744 932 5810 Apoc.
971 5756 1082 5809 six,
1119 5741 1201 5795 ιε.

1717 5680 1758 5712 ³
1789 5671 1981 5729 Matth.
2018 5689 2094 5740 ιι,
2123 5675 2214 5742 Η,
2261 5673 2347 5728 17.

1791 3075 1866 3129 vit
1898 3091 1962 3130 ea
1989 3092 2111 3146 qua:
2135 3087 2260 3132 sunt
2285 3079 2401 3147 Dei,
2439 3081 2542 3133 nisi
2592 3080 2829 3150 Spiritus
2864 3080 2957 3150 qni
2987 3096 3052 3134 ex
3081 3083 3192 3137 Deo
3215 3096 3297 3138 est
3320 3090 3369 3140 ³.

1851 3169 1879 3241 §
1910 3171 1970 3224 ll.
2004 3172 2078 3225 De
2105 3173 2206 3226 hac
2232 3173 2400 3242 igitur
2422 3178 2905 3246 supercssentiali;
2951 3196 3075 3233 nam
3131 3182 3367 3235 essentia

1782 3263 1984 3317 dicitur
2022 3262 2251 3330 abesse;
2294 3265 2467 3333 ipsum
2500 3276 2678 3321 autem
2710 3283 2855 3335 esse,
2899 3287 3021 3325 cum
3054 3273 3369 3340 productio-

1782 3354 1869 3408 nis
1917 3354 2146 3419 alicujus
2186 3371 2405 3412 sensum
2437 3360 2704 3425 insinuet,
2757 3379 2862 3417 non
2908 3365 3111 3419 dicitur
3151 3366 3374 3435 proprie

1780 3450 2043 3512 essentia,
2079 3449 2174 3504 sed
2209 3455 2714 3521 supercssentialis.
2754 3457 2829 3510 De
2853 3456 2956 3510 hac
2989 3457 3155 3528 igitur
3179 3474 3373 3528 super-

1782 3540 2055 3593 essentiali
2086 3555 2151 3595 ac
2177 3543 2455 3598 recondita
2489 3545 2775 3601 divinitate
2801 3563 2906 3601 non
2939 3550 3376 3619 pracsumcndum

1781 3635 1986 3700 dicere,
2024 3639 2119 3692 sed
2147 3655 2213 3693 ne
2244 3642 2488 3711 cogitare
2517 3644 2816 3714 quidquam
2839 3685 2855 3710 ,
2912 3655 3108 3715 praeter
3159 3629 3218 3700 ea
3251 3661 3371 3715 qua:
3411 3629 3442 3650 ‘r

1781 3729 1956 3783 sacris
2003 3739 2131 3785 sunt
2160 3732 2394 3802 eloquiis
2431 3738 2738 3793 enuntiata.
2773 3738 2907 3792 Nam
2941 3748 2997 3792 ut
3030 3739 3144 3807 ipsa
3196 3739 3262 3794 de
3311 3755 3371 3795 se

1783 3823 1838 3876 in
1879 3823 2192 3892 Evangeliis
2221 3827 2443 3880 tradidit
2462 3828 2704 3897 (quando
2725 3831 2981 3885 Dominus
3006 3825 3176 3885 dixit:
3201 3831 3372 3885 Nemo

1781 3914 1921 3967 novit
1953 3913 2175 3968 Patrem
2203 3917 2306 3970 nisi
2325 3916 2503 3971 Filius
2531 3926 2591 3983 °;
2623 3930 2675 3974 et
2700 3937 2713 3972 :
2753 3918 2922 3974 Nemo
2948 3922 3222 3990 novitque:
3251 3932 3371 3976 sunt

1781 4006 1902 4070 Dei,
1942 4008 2048 4061 nisi
2083 4009 2318 4089 Spiritus
2347 4011 2441 4080 qui
2468 4021 2544 4065 est
2578 4028 2644 4066 ex
2675 4011 2787 4065 Deo
2815 4023 2877 4077 ι’,
2934 4013 3167 4080 benigne
3223 4015 3370 4070 visus

1781 4098 2040 4154 cohibere
2064 4109 2304 4156 nostram
2353 4113 2743 4172 praeposteram
2797 4104 3219 4174 scrutationem)
3251 4106 3370 4175 ejus

1780 4191 2009 4247 scientia
2037 4203 2092 4246 et
2121 4193 2511 4263 contemplatio
2535 4194 2789 4248 omnibus
2810 4207 2894 4250 est
2925 4195 3207 4251 inaccessa
3235 4199 3369 4252 sub-

1780 4283 2022 4350 stantiis,
2085 4293 2275 4353 utpote
2320 4285 2504 4342 omnia
2551 4287 2847 4342 excedens.
2901 4287 3097 4344 Multos
3147 4306 3368 4360 quoque

1779 4374 2062 4444 theologos
2086 4375 2338 4431 invenias
2363 4377 2509 4430 illam
2565 4395 2672 4434 non
2702 4380 2864 4433 modo
2899 4380 3234 4436 invisibilem
3285 4383 3369 4437 in-

1710 4457 1755 4510 D
1783 4466 2442 4537 comprehensibilemque
2473 4469 2679 4525 dixisse
2731 4472 2872 4541 (haec
2909 4473 3053 4527 enim
3105 4473 3198 4527 Dei
3251 4472 3368 4527 laus

1783 4568 1888 4621 ost,
1915 4561 2134 4628 quando
2163 4561 2286 4628 quis
2337 4561 2596 4616 decenter
2627 4563 2694 4616 de
2746 4565 2855 4617 Deo
2901 4564 3172 4634 loquitur;
3225 4564 3367 4619 sicut

1783 4660 1814 4707 ε
1837 4650 2056 4706 diverso
2087 4651 2449 4721 blaSphetnia,
2491 4656 2708 4724 quando
2739 4658 2861 4724 quis
2893 4657 3241 4727 indecenter)
3274 4673 3368 4710 ve-

1782 4759 1902 4798 rum
1933 4744 2097 4799 etiam
2127 4746 2540 4800 inscrutabiletn
2574 4758 2630 4800 et
2661 4749 3192 4819 iniuvestigabilem:
3223 4764 3362 4818 quo-

1783 4837 1929 4891 niam
1955 4852 2216 4893 arcanum
2245 4841 2386 4907 ejus,
2420 4851 2504 4895 est
2525 4843 2640 4908 ejus
2671 4842 2932 4896 inﬁnitas.
2980 4842 3045 4896 Et
3080 4859 3183 4896 non
3237 4853 3363 4896 tan-

1783 4939 1896 4984 tum
1930 4945 2036 4985 non
2075 4934 2559 5001 comprehenditur
2589 4944 2812 5001 propter
2840 4935 3161 4988 inﬁnitatem
3195 4935 3362 5006 (quod

1784 5022 1929 5077 enim
1958 5025 2308 5078 terminatum
2342 5034 2446 5092 est,
2477 5027 2968 5095 comprehemlitur
3001 5026 3067 5081 ab
3099 5043 3165 5081 eo
3195 5045 3223 5081 a
3253 5043 3362 5098 quo

1781 5117 2113 5172 terminatur
2135 5135 2147 5173 :
2169 5119 2315 5172 Deus
2338 5129 2518 5172 autem
2549 5129 2629 5172 est
2659 5123 2810 5173 locus
2832 5121 3074 5173 omnium
3100 5137 3204 5174 non
3239 5137 3364 5176 cor-

1781 5208 2062 5275 poraliter,
2093 5210 2186 5264 sed
2234 5207 2512 5274 effective;
2549 5227 2673 5263 nam
2705 5209 2900 5265 coelum
2955 5221 3008 5265 et
3063 5220 3264 5266 terram
3307 5224 3362 5267 et

1778 5301 1962 5355 omnia
1994 5301 2110 5370 ipse
2139 5301 2368 5371 implet),
2400 5300 2644 5368 quiuimo
2697 5302 2902 5355 nullum
2955 5312 3139 5357 exstat
3189 5303 3360 5358 vesti-

1780 5395 1924 5462 gium
1950 5409 2140 5447 eorum
2170 5409 2290 5462 qua:
2313 5394 2382 5448 ad
2404 5393 2520 5461 ejus
2548 5396 2970 5449 secretissimum
3027 5395 3357 5450 infinitatem

1780 5487 2144 5556 penetrarint.
2177 5487 2288 5542 Hoc
2317 5495 2496 5540 autem
2531 5485 2685 5550 dicit,
2714 5500 2821 5540 non
2851 5487 3006 5557 quasi
3037 5487 3203 5559 aliqui
3231 5487 3358 5558 qui-

2427 5682 2452 5711 ο
2486 5671 2503 5727 Ι
2545 5671 2668 5728 Cor.
2705 5688 2782 5736 ιι,
2818 5673 2900 5727 tl.
2979 5679 3006 5707 ο
3044 5669 3234 5728 Μειιιι.
3279 5686 3357 5737 ει,
