3742 6298
371 235 481 300 διε

1542 236 1603 300 S.
1620 235 1629 243 ’
1648 242 1953 302 DIONYSII
1989 240 2457 301 AREOPAGI'I'IE

3551 253 3644 306 616

375 358 499 413 dem
524 369 589 410 eo
612 354 977 424 penetrarint,
996 366 1186 411 eorum
1202 369 1331 412 vero
1355 358 1580 428 vestigia
1603 375 1710 414 nun
1732 358 1957 413 videan-

2135 354 2345 411 ,ίνονται
2371 356 2429 410 δὲ
2454 354 2525 411 τά
2557 356 2677 428 ἴχνη
2706 356 2886 412 αὐτῶν
2908 375 2923 389 ι
2968 358 3084 413 ἀλλ’
3126 359 3205 413 ὅτι
3246 357 3382 413 οὔτε
3423 361 3645 432 statam,

370 460 504 515 .tur;
534 447 629 503 sed
649 448 792 518 quod
810 462 989 519 neque
1014 463 1082 504 eo
1116 453 1491 518 pervenerint.
1519 466 1694 522 neque
1729 448 1958 519 vestigia

378 541 683 610 aliquorum
713 549 1046 610 appareant;
1076 542 1351 611 quomodo
1377 543 1522 598 enim
1551 544 1720 598 videri
1747 541 1959 614 possint

380 634 607 699 vestigia
632 648 823 687 eorum
853 634 946 700 qui
977 648 1085 689 non
1115 634 1532 689 transiverunt?

446 723 609 794 302
626 721 739 777 Etsi
770 732 952 777 autem
974 725 1097 793 quis
1134 725 1324 778 audiat
1359 725 1500 779 hanc
1518 723 1961 793 esseincompre-

378 814 719 881 liensibilem,
746 830 855 870 non
888 823 1068 871 tamen
1107 815 1225 886 ejus
1272 817 1492 871 bonitas
1518 816 1609 870 ulli
1632 816 1855 871 omnino
1874 826 1961 871 est

379 922 607 976 prorsus
639 907 1198 973 incommunicabilis,
1238 914 1335 963 sed
1367 900 1612 963 divinum
1655 910 1866 962 radium
1906 908 1959 962 in

380 998 679 1067 semetipso
706 996 983 1053 stabiliter
1007 1000 1285 1055 ﬁrmatum
1312 999 1514 1070 (neque
1566 999 1710 1053 enim
1757 1014 1785 1052 a
1828 1014 1960 1068 pro-
1993 988 1997 998 ’

379 1093 616 1162 prietate
644 1107 741 1146 sua
777 1091 1076 1161 quidquam
1121 1093 1348 1162 recedit)
1385 1089 1810 1163 proportionatis
1840 1092 1960 1147 cui-

380 1185 511 1241 libet
533 1186 612 1240 rei
639 1185 1093 1242 illustrationibus
1125 1203 1221 1258 per
1252 1186 1548 1242 bonitatem
1583 1186 1817 1257 benigne
1844 1187 1960 1241 dis-

383 1278 666 1343 tributum,
716 1280 1019 1335 secundum
1054 1281 1272 1334 modum
1304 1288 1359 1334 et
1398 1279 1646 1334 ordinem
1698 1278 1965 1347 cujusque

380 1381 592 1425 natura:
612 1372 897 1442 expandit.
925 1372 1082 1440 Quod
1110 1372 1258 1428 enim
1287 1372 1557 1427 duntaxat
1583 1381 1687 1436 est,
1741 1372 1962 1441 proprie

378 1464 671 1534 participat
692 1466 987 1521 essentiam
1015 1466 1069 1520 in
1101 1475 1366 1536 quantum
1413 1474 1520 1528 est,
1579 1466 1721 1533 quod
1776 1475 1960 1519 autem

378 1558 533 1625 vivit,
561 1558 780 1627 proprie
806 1558 976 1613 vitam
1003 1559 1055 1613 in
1088 1569 1350 1628 quantum
1377 1558 1541 1624 vivit;
1569 1558 1715 1629 quod
1753 1557 1963 1613 ratione

380 1663 671 1721 menteque
707 1652 994 1722 praeditum
1020 1662 1123 1714 est,
1151 1652 1369 1721 proprie
1396 1649 1448 1705 id
1494 1651 1669 1721 ipsum
1702 1651 1753 1705 in
1787 1665 1953 1721 quan-

382 1753 493 1798 tnm
523 1745 736 1799 ratione
762 1754 1050 1814 menteque
1077 1743 1262 1812 pollet.
1321 1743 1463 1809 Quin
1495 1742 1658 1798 etlam
1686 1742 1755 1799 ad
1780 1759 1960 1812 quan-

379 1843 497 1888 tum
521 1834 603 1889 fas
630 1842 712 1889 est
734 1833 817 1888 sui
845 1834 1381 1904 contemplationem,
1414 1848 1482 1887 ex
1507 1848 1612 1904 qua
1646 1829 1955 1889 communio

377 1926 788 1996 similitudoque
807 1927 1098 1991 exsistunt,
1116 1936 1333 1981 sanctos
1347 1926 1570 1996 angelos
1591 1927 1817 1987 excitat,
1831 1927 1958 1981 dum

375 2017 447 2071 ad
481 2018 680 2070 bonum
710 2016 837 2070 illud
871 2030 969 2085 pro
1002 2015 1212 2069 viribus
1235 2018 1621 2081 connituntur,
1663 2015 1825 2069 modo
1853 2030 1959 2070 non

377 2108 689 2173 sublimius,
720 2124 883 2179 quam
916 2123 1017 2179 pro
1041 2123 1230 2163 eorum
1253 2118 1419 2177 captu
1464 2106 1652 2162 divina
1703 2107 1809 2161 fert
1838 2107 1962 2162 illu-

376 2202 592 2261 stratio,
628 2201 933 2255 insolenter
966 2199 1170 2267 aliquid
1205 2207 1539 2267 prazsumant
1568 2236 1585 2265 ,
1611 2213 1712 2253 nec
1738 2200 1790 2253 in
1821 2215 1961 2269 pne-

378 2308 505 2362 ceps
546 2304 808 2361 perversa
845 2292 1209 2362 propensione
1250 2290 1544 2355 labantur,
1581 2291 1720 2357 sed,
1783 2284 1960 2361 quoad

378 2392 631 2452 possunt,
689 2393 1015 2437 constanter
1068 2392 1124 2437 et
1175 2381 1448 2437 irreﬂexis
1498 2382 1672 2437 oculis
1715 2382 1959 2437 illucenti

378 2476 536 2528 radio
561 2476 916 2537 obtueantur,
950 2489 1051 2529 nec
1086 2490 1216 2541 non,
1244 2488 1432 2528 amore
1457 2474 1682 2530 indultis
1712 2474 1815 2529 sibi
1846 2475 1963 2531 col-

380 2565 798 2621 lustrationibus
829 2581 1141 2624 commenso
1166 2582 1288 2621 cum
1320 2581 1479 2621 sacra
1527 2568 1766 2635 quadam
1806 2583 1962 2623 reve-

380 2658 564 2714 rentia
620 2662 866 2714 modeste
896 2669 1203 2729 sancteque
1232 2674 1451 2713 sursum
1500 2659 1739 2715 evolent.
1795 2659 1963 2717 Recte

379 2751 531 2806 addit
574 2745 635 2804 τὸ
681 2750 985 2817 ἀδυνάτως,
1040 2753 1090 2807 id
1122 2762 1205 2808 est
1262 2752 1605 2822 impotenter;
1656 2753 1757 2808 etsi
1816 2754 1959 2806 enim

378 2842 652 2914 quispiam
680 2845 925 2909 tentarit,
967 2845 1193 2899 minime
1230 2844 1563 2911 assequitur,
1601 2844 1697 2899 sed
1752 2852 1959 2898 tantum

379 2936 687 2992 intellectus
726 2937 902 2992 oculis
931 2937 1260 3001 obscuratis,
1295 2938 1463 2992 etiam
1505 2952 1535 2990 a
1590 2951 1719 2992 vero
1754 2936 1961 2990 lumine

2059 444 2184 500 οὔτε
2222 446 2342 519 ῐχνη
2367 448 2531 501 τινῶν
2553 449 2834 517 φαίνονται
2858 466 2873 481 ο
2903 450 3020 515 πῶς
3044 450 3155 523 γὰρ
3173 451 3284 505 τῶν
3308 452 3388 523 μὴ
3431 452 3647 508 διελθόν-

2059 551 2168 591 των
2199 536 2320 609 ῐχνη
2353 540 2683 610 φανήσονται
2702 556 2718 605 ;

2134 721 2209 774 Οὐ
2242 720 2348 793 μὴν
2369 721 2427 773 δὲ
2454 722 2502 774 εί
2526 718 2712 775 ἀκούει
2738 740 2822 787 τις
2862 724 3235 796 ἀπερίληπτον
3271 724 3525 797 ταύτην,
3560 726 3646 795 ἠδη

2061 814 2155 868 καὶ
2180 812 2543 885 ἀκοινώνητόν
2570 815 2686 868 ἐστι
2713 814 2944 869 καθόλου
2966 818 3061 870 καὶ
3094 816 3381 881 παντελῶς
3418 818 3484 871 τὸ
3525 818 3635 885 ἀγει-

2063 905 2153 960 θὸν
2188 907 2359 977 αὐτῆς
2389 908 2498 961 τῶν
2524 908 2693 962 ὄντων
2714 910 2910 975 οὐδενὶ,
2933 910 3047 965 ἀλλ’
3070 912 3157 980 ἐφ’
3182 910 3385 965 ἑαυτοῦ
3417 913 3649 983 μονίμως

2064 999 2285 1073 ἱδρῦσαν
2313 1000 2411 1072 τὴν
2433 1000 2587 1055 Θείαν
2614 1002 2809 1057 ἀκτῖνα
2823 994 2884 1056 τὸ
2909 1004 3113 1073 ἀγαθὸν
3138 1004 3280 1075 (οὐδὲ
3299 1004 3419 1075 γὰρ
3455 1004 3643 1071 ἐξίστα-

2061 1109 2151 1146 ται
2193 1094 2336 1147 κατά
2360 1111 2413 1146 τι
2453 1094 2555 1164 τῆς
2594 1094 2857 1166 ἰδιότητος
2901 1094 3140 1167 αὐτοῦ’)
3188 1096 3564 1167 μετεχόμενον
3593 1098 3650 1149 δι’

2060 1182 2376 1255 ἀγαθότητα
2394 1182 2735 1253 ἐπιφαίνεται
2754 1183 3155 1256 ἀγαθοπρεπῶς
3168 1186 3281 1239 τῶν
3298 1187 3541 1241 ἑκάστου
3558 1188 3651 1239 τῷ»

2060 1274 2233 1329 ὀντων
2258 1276 2541 1347 ἀναλόγοις
2572 1276 2895 1349 ὲλλάμψεσι,
2924 1278 3066 1331 κατὰ
3088 1278 3149 1332 τὸ
3174 1278 3381 1350 μέτρον
3426 1282 3528 1333 καὶ
3567 1284 3649 1352 τὴν

2062 1366 2224 1433 τάξιν
2248 1367 2352 1438 τῆς
2380 1367 2609 1422 ἑκάστου
2636 1369 2872 1439 φύσεως.
2897 1370 2971 1423 Τὸ
2996 1370 3106 1443 γάρ
3132 1370 3311 1441 μόνως
3336 1372 3403 1425 ὂν
3449 1374 3648 1445 μετέχει

2062 1459 2157 1513 τοῦ
2188 1460 2393 1532 κυρίως
2420 1460 2571 1526 ὸντος
2601 1462 2736 1516 καθὸ
2759 1463 2818 1516 ὃν
2838 1479 2851 1493 ⁸
2889 1462 2952 1517 τὸ
2984 1463 3041 1517 δὲ
3078 1462 3217 1526 ζῶον
3236 1502 3251 1528 ,
3300 1463 3405 1517 τοῦ
3462 1468 3648 1536 κυρίως

2063 1550 2285 1619 ζῶντος,
2321 1553 2458 1608 καθὸ
2480 1552 2588 1618 ζῶν
2607 1572 2620 1585 ·
2646 1553 2707 1608 τὸ
2730 1551 2949 1624 λογικόν
2971 1571 3029 1609 τε
3067 1555 3162 1608 καὶ
3188 1555 3409 1628 νοερὸν,
3446 1557 3543 1609 τοῦ
3564 1577 3647 1611 κυ-

2066 1646 2196 1720 ρίως
2217 1643 2483 1711 τοιούτου,
2510 1645 2647 1700 καθὸ
2662 1646 2877 1715 λογικόν
2891 1664 2951 1701 τε
2973 1644 3067 1701 καὶ
3091 1647 3299 1719 νοερόν.
3330 1650 3467 1702 Ἔτι
3494 1650 3549 1702 δὲ
3571 1650 3651 1702 καὶ

2065 1740 2203 1812 πρὸς
2238 1742 2337 1813 τὴν
2360 1739 2587 1812 ἐφικτὴν
2612 1740 2776 1794 αὑτοῦ
2812 1739 3065 1813 θεωρίαν,
3099 1740 3157 1808 ἐξ
3182 1736 3249 1812 ἧς
3276 1743 3378 1795 καὶ
3402 1743 3443 1813 ἡ
3471 1761 3649 1797 κοινω-

2063 1830 2154 1886 νία
2178 1829 2315 1896 ἐστὶ,
2340 1832 2435 1884 καὶ
2476 1830 2538 1896 ἐξ
2578 1830 2751 1901 αὐτῆς
2794 1832 2830 1902 ὴ
2873 1830 3169 1903 ὁμοίωσις,
3215 1832 3505 1887 ἀνατείνει
3540 1836 3650 1898 τοὺς

2064 1925 2246 1997 ἱεροὺς
2265 1923 2529 1994 ἀγγέλους
2549 1922 2960 1987 ἐπιϐάλλοντας,
2978 1922 3053 1987 ὡς
3073 1923 3314 1995 θεμιτὸν,
3330 1924 3415 1995 τῷ
3437 1925 3653 1995 τοιούτῳ

2063 2016 2272 2089 ἀγαθῷ,
2302 2018 2397 2071 καὶ
2425 2018 2563 2089 μήτε
2591 2015 2728 2089 πρὸς
2755 2016 2818 2069 τὸ
2840 2016 3139 2089 ὑπέρτερον
3177 2016 3279 2086 τῆς
3318 2018 3653 2089 ἐναρμονίως

2061 2110 2157 2164 καὶ
2177 2110 2456 2174 εὐτάκτως
2479 2109 2824 2180 ἐνδιδομένης
2847 2109 3172 2179 θεοφανείας
3190 2149 3206 2172 ,
3250 2108 3409 2180 παρὰ
3458 2109 3560 2179 τὴν
3581 2110 3648 2162 δύ-

2062 2222 2225 2275 ναμιν
2249 2202 2431 2257 αὐτῶν
2453 2202 3047 2273 ἀπαυθαδιαζομένους,
3083 2204 3219 2273 μήτε
3261 2194 3407 2273 πρὸς
3459 2202 3526 2256 τὸ
3567 2204 3649 2256 x5—

2061 2314 2251 2362 ταντες
2276 2298 2341 2350 ὲκ
2354 2296 2453 2367 τῆς
2479 2297 2574 2350 ἐπὶ
2593 2296 2656 2350 τὸ
2675 2297 2854 2369 χεῖρον
2875 2293 3121 2365 ὑφέσεως
3145 2295 3651 2359 ἀπολισθαίνοντας,

2062 2388 2177 2441 ἀλλ’
2234 2388 2466 2460 έδραίως
2506 2387 2602 2442 καὶ
2652 2385 2886 2449 ἀκλινῶς
2927 2387 3377 2459 ἀνατεινομένους
3430 2388 3529 2441 ἐπὶ
3565 2388 3653 2459 τὴν

2060 2475 2406 2551 meoptqu
2435 2481 2648 2544 ἀκτῖνα,
2684 2476 2806 2533 καθ’
2853 2479 2977 2532 ὅσον
3027 2480 3209 2543 αὐτοῖς
3246 2481 3361 2532 ἐστι
3407 2479 3651 2535 δυνατὸν.

2061 2572 2157 2626 καὶ
2181 2569 2689 2642 ἀναπτερουμένους
2732 2570 3021 2642 σωφρόνως
3048 2587 3109 2623 τε
3152 2572 3246 2624 καὶ
3288 2570 3547 2634 εὐλαϐῶς
3585 2570 3655 2640 τῷ

2064 2662 2362 2734 συμμέτρῳ
2390 2662 2552 2734 ἔρωτι
2573 2662 2681 2715 τῶν
2710 2661 2940 2715 καθόσον
2969 2662 3047 2715 ἔνι
3068 2661 3273 2734 πρέπον
3303 2661 3398 2713 καὶ
3429 2661 3653 2714 δυνατὸν

2061 2756 2404 2826 ὲλλάμψεων.
2435 2755 2631 2818 Καλῶς
2653 2754 2710 2807 δὲ
2742 2753 2803 2807 τὸ
2841 2753 3186 2819 ἀδυνάτως·
3233 2753 3337 2806 κᾶν
3372 2753 3493 2824 γάρ
3540 2755 3652 2809 ir:-

2062 2848 2294 2921 χειρήσῃ
2320 2865 2426 2912 τις,
2451 2846 2552 2900 οὐκ
2580 2847 2882 2916 ἐφικνεῖται
2908 2845 3029 2918 μὲν,
3064 2845 3222 2916 μόνον
3243 2844 3299 2898 δὲ
3327 2844 3431 2908 τὰς
3461 2845 3653 2916 νοερᾶς

2061 2938 2211 3010 ὄψεις
2231 2940 2382 3011 ἀμαυ
2395 2938 2673 3012 ρούμενος,
2698 2938 2790 2993 καὶ
2818 2936 2913 2992 τοῦ
2938 2937 3106 3001 ὅντως
3148 2936 3406 2991 ἐκπίπτει
3454 2938 3651 3006 φωτὸς,

379 3029 603 3096 excidit,
629 3044 734 3083 non
768 3044 930 3084 secus
949 3043 1014 3084 ac
1037 3030 1129 3099 qui
1156 3029 1431 3101 integrum
1454 3029 1625 3084 solem
1649 3028 1807 3085 oculo
1834 3041 1960 3085 eor-

2135 3051 2254 3105 map
2282 3034 2311 3085 ό
2343 3032 2722 3104 φιλονεικήσας
2742 3031 2861 3084 ὅλον
2888 3030 3038 3102 ἥλιον
3064 3029 3145 3101 τῷ
3172 3029 3474 3101 σωματικῷ
3502 3029 3653 3095 δέξα-

376 3138 542 3193 poreu
575 3123 826 3192 excipere
857 3124 1164 3179 contendit.
1199 3122 1313 3177 lloc
1345 3138 1468 3179 cum
1492 3123 1693 3177 divina:
1730 3122 1962 3178 virtutes

382 3218 671 3271 insinuare
697 3214 921 3280 vellent,
947 3215 1228 3270 cherubim
1256 3226 1312 3270 et
1338 3214 1642 3284 serapltim,
1675 3213 1845 3268 facies
1882 3222 1964 3268 te-

381 3314 533 3375 gunl,
567 3305 928 3369 declarantes,
954 3320 1013 3360 se
1047 3321 1152 3361 non
1197 3306 1468 3360 inhaerere
1494 3303 1961 3373 contemplationi

383 3396 685 3451 snblimiori
723 3412 885 3466 quam
924 3396 1057 3466 ipsis
1097 3411 1361 3451 concessa
1387 3397 1480 3452 sit.
1508 3396 1687 3467 Atque
1726 3397 1830 3450 hoc
1846 3404 1959 3450 est:

383 3487 723 3542 Deumnemo
757 3489 887 3542 vidit
942 3503 1171 3557 unquam
1203 3499 1252 3541 (ι.
1304 3486 1455 3543 Unde
1501 3488 1593 3558 qui
1647 3486 1828 3541 divina
1867 3503 1960 3539 sa-

380 3580 560 3645 piunt,
588 3580 817 3649 gloriam
850 3579 966 3646 Dei,
995 3596 1101 3636 non
1150 3588 1331 3635 autem
1384 3578 1757 3650 ipsum,Deum
1783 3579 1961 3634 visqu

381 3683 663 3729 asserunt.

453 3760 599 3832 §|Il.
646 3762 903 3833 liasergo
933 3762 1147 3820 divinas
1195 3763 1380 3821 lances
1429 3763 1705 3819 imitantes
1735 3763 1825 3835 (id
1876 3772 1963 3820 est

383 3854 623 3909 divinam
656 3856 976 3926 aequitatem
1016 3856 1404 3925 seujustitiam
1450 3857 1777 3920 salutarem.
1826 3872 1961 3927 quo-

380 3946 525 4001 niam
555 3945 945 4003 illustrationes
970 3948 1272 4004 secundum
1300 3948 1518 4006 modum
1543 3948 1961 4003 convenientem

379 4034 571 4108 ﬁunt).
630 4053 726 4107 per
753 4054 892 4108 quas
943 4041 1200 4096 nimirum
1249 4040 1434 4096 lances
1486 4042 1747 4110 angelicae
1791 4041 1959 4095 etiam

377 4129 631 4195 virtutes,
646 4131 956 4186 secundum
983 4133 1372 4189 convenientes
1400 4132 1529 4203 ipsis
1562 4132 1960 4188 illustrationes

380 4222 791 4290 gubernantur;
821 4224 1091 4292 siquidem
1123 4224 1270 4295 quod
1298 4236 1532 4280 mentem
1557 4227 1961 4295 essentiamque

382 4322 607 4382 superat
637 4317 883 4368 omnium
909 4318 1001 4385 qui
1028 4317 1101 4370 dii
1128 4316 1485 4388 appellantur,
1521 4319 1837 4391 angelorum
1872 4322 1961 4376 iu-

381 4420 545 4475 qnam
577 4415 632 4457 et
652 4416 993 4474 sanctorum,
1028 4408 1392 4480 imperatricis
1412 4426 1477 4465 ac
1496 4413 1695 4483 reginae
1722 4411 1963 4468 Trinita-

387 4497 459 4552 tis
483 4512 745 4551 arcauum
784 4497 913 4552 illud
945 4500 1497 4565 iucomprebeusibile
1542 4518 1571 4558 a
1617 4508 1958 4563 scrutatione

381 4588 570 4645 vacuis
602 4588 804 4645 mentis
839 4593 1307 4659 venerationibus,
1354 4593 1646 4651 ineﬂ‘abilia
1672 4613 1799 4655 vero
1839 4615 1955 4655 mo-

378 4684 538 4739 desto
583 4685 818 4753 quodam
879 4684 1098 4739 silentio
1135 4696 1574 4756 prosequentes,
1631 4689 1957 4760 fulgoribus,

382 4776 475 4847 qui
501 4778 660 4831 nobis
691 4792 722 4831 e
758 4778 964 4832 sanctis
995 4776 1237 4847 Eloquiis
1266 4779 1549 4850 aﬂ‘ulgent,
1587 4784 1956 4850 attendamus,

380 4872 437 4919 et
464 4878 496 4917 a
520 4862 824 4935 Scripturis
856 4866 1132 4931 illnstrati,
1165 4870 1231 4922 ad
1260 4869 1472 4923 divinas
1497 4871 1700 4936 laudes,
1733 4875 1846 4929 sive
1875 4875 1959 4928 di-

384 4952 507 5007 vina
544 4957 762 5010 nomina
792 4956 1114 5027 dirigantur.
1148 4958 1345 5014 Verum
1407 4977 1512 5016 non
1546 4963 1618 5017 ita
1672 4964 1957 5034 dirigimur

382 5046 545 5116 303
575 5058 630 5102 et
652 5048 1023 5121 eﬂ‘ormamur,
1057 5062 1117 5107 ut
1140 5054 1593 5113 irrationabiliter
1628 5068 1684 5114 et
1707 5059 1961 5130 imperite

383 5156 700 5210 sequamur,
746 5156 803 5198 et
826 5144 1063 5199 obscure
1079 5149 1476 5214 quodammodo
1505 5165 1569 5204 ac
1594 5151 1711 5206 sine
1734 5151 1957 5219 lumine,

382 5234 479 5288 sed
508 5234 581 5288 ita
612 5244 671 5290 ut
701 5234 787 5290 illa
814 5238 1051 5294 videndo
1080 5253 1392 5297 commensa
1438 5258 1653 5314 quoque
1690 5244 1847 5300 nobis
1875 5246 1958 5300 lu-

386 5328 532 5382 mina
560 5333 933 5402 pmbeantur,
989 5335 1187 5405 quibus
1214 5335 1488 5399 inStructi,
1522 5338 1848 5407 principium
1901 5348 1959 5393 et

384 5436 607 5479 causam
634 5428 813 5483 omnis
838 5429 1216 5487 illustrationis
1243 5432 1631 5489 collaudemus.
1675 5435 1958 5501 Quomodo

384 5527 565 5571 autem
591 5518 662 5573 sit
691 5521 1017 5592 principium
1046 5532 1099 5580 et
1126 5538 1314 5594 causa,
1343 5525 1463 5598 ipse
1500 5527 1761 5586 Dominus
1786 5530 1840 5586 in
1870 5545 1961 5588 sa-

526 5734 553 5775 ιι
583 5723 739 5781 Joau.
774 5744 813 5794 ι,
848 5730 930 5784 l8.

2067 3127 2191 3181 σθαι
2219 3125 2502 3197 ὀφθαλμῷ.
2526 3125 2704 3195 Ὅπερ
2733 3123 2787 3177 αι
2819 3122 2959 3175 θεῖαι
2982 3122 3236 3193 δυνάμεις
3257 3122 3650 3193 αἱνιττόμεναι,

2063 3219 2328 3290 χερουὸὶμ
2353 3218 2448 3270 καὶ
2465 3206 2737 3288 ἶπεραφὶμ.
2778 3214 2847 3268 τὰ
2875 3214 3143 3286 πρόσωπα
3166 3213 3533 3277 καλύπτουσι,
3576 3216 3651 3285 δη-

2063 3310 2258 3363 λοῦντα
2293 3309 2367 3381 μὴ
2399 3307 2744 3381 προσερίζειν
2788 3311 2855 3379 τῇ
2887 3307 3030 3378 ὑπὲρ
3078 3306 3272 3370 αὐτοὺς
3316 3305 3526 3378 θεωρίᾳ
3588 3308 3652 3379 μὴ

2062 3399 2344 3472 δεδομένῃ.
2381 3402 2491 3453 Καὶ
2531 3398 2689 3453 τοῦτό
2723 3401 2839 3452 ἐστι
2870 3399 2931 3451 τὸ
2955 3437 2969 3461 ,
3004 3397 3152 3451 Θεὸν
3180 3396 3382 3462 οὐδεὶς
3430 3398 3651 3466 ἑώρακε

2063 3493 2317 3548 πώποτε.
2347 3494 2506 3547 Ὅθεν
2536 3495 2582 3547 oi
2613 3493 2859 3562 θεόσοφοι
2883 3491 3041 3559 δόξαν
3064 3489 3221 3555 Θεοῦ,
3255 3489 3372 3543 ἀλλ’
3400 3492 3467 3543 οὐ
3518 3492 3650 3545 Θεὸν

2063 3587 2370 3660 ἑωρακέναι
2406 3585 2559 3657 φασί.

2136 3774 2164 3847 §
2201 3776 2291 3829 III.
2326 3771 2549 3836 Τούτοις
2580 3768 2835 3841 ἑπόμενοι
2855 3768 2968 3834 τοῖς
3006 3766 3172 3833 θείοις
3213 3767 3424 3838 ζυγοῖς,
3452 3770 3649 3841 (ἦγον-ν

2061 3871 2129 3941 τῇ
2160 3868 2423 3939 θεαρχικῇ
2479 3862 2728 3930 ἐξισώσει
2774 3862 2869 3915 καὶ
2909 3864 3150 3932 σωστικῇ
3181 3860 3533 3935 δικαιοσύνῃ,
3578 3864 3649 3915 ὅτι

2063 3960 2203 4015 κατά
2223 3959 2284 4013 τὸ
2306 3958 2580 4029 προσῆκον
2606 3955 2802 4026 μέτρον
2825 3956 2879 4008 αἱ
2895 3954 3193 4025 ὲλλάμψεις
3208 3953 3456 4022 γίνονται
3472 3958 3515 4026 ·)
3537 3955 3648 4008 καθ’

2061 4052 2155 4117 οὒς
2177 4050 2376 4120 ζυγοὺς
2398 4045 2875 4118 διακυϐερνοῦνται
2920 4045 3016 4097 καὶ
3057 4045 3111 4096 αἱ
3154 4044 3449 4113 ἀγγελικαὶ
3494 4046 3648 4099 δυνά-

2064 4154 2186 4217 μεις
2213 4144 2293 4207 εις
2320 4140 2421 4204 τὰς
2447 4135 2828 4212 προσηκούσας
2870 4134 3162 4206 ὲλλάμψεις
3199 4135 3422 4199 αὐταῖς·
3467 4136 3531 4190 τὸ
3559 4136 3647 4208 μὲν

2062 4237 2205 4311 ὑπὲρ
2230 4235 2355 4291 νοῦν
2378 4233 2474 4289 καλ⁵
2511 4227 2700 4286 οὐσίαν
2720 4231 2819 4302 τῆς
2848 4229 3244 4302 παμϐασιλίδος
3272 4230 3526 4301 Τριάδος,
3563 4232 3645 4284 καὶ

2061 4333 2171 4387 τῶν
2202 4328 2511 4401 λεγομένων
2535 4324 2673 4379 θεῶν
2693 4364 2708 4389 ,
2738 4320 2880 4396 φημὶ
2908 4321 3156 4392 ἀγγέλων
3202 4339 3262 4374 τε
3320 4317 3418 4375 καὶ
3458 4324 3644 4393 ἁγίων,

1995 4413 2039 4471 D
2069 4424 2368 4498 ἀρχούσης,
2395 4422 2459 4476 τὸ
2486 4418 2715 4492 κρύφιον
2745 4415 2839 4469 καὶ
2865 4414 3247 4487 ἀκατάληπτον
3290 4413 3645 4488 ἀνεξερευνή-

2063 4535 2179 4581 τοις
2202 4515 2321 4578 νοὸς
2341 4509 2645 4575 εὐλαϐείαις
2663 4546 2678 4572 ,
2701 4505 2772 4559 τά
2798 4504 2854 4558 δὲ
2880 4504 3096 4577 ἄρρητα
3121 4502 3359 4577 σώφρονι
3385 4508 3645 4578 τιμῶντες

2067 4614 2214 4683 σιγῇ,
2237 4608 2331 4663 ἐπὶ
2349 4607 2449 4670 τὰς
2478 4598 2819 4673 ἐνδιδομένας
2842 4597 3019 4668 αὐγὰς
3058 4596 3209 4670 παρά
3243 4598 3355 4651 τῶν
3411 4600 3641 4672 Γραφῶν

2065 4698 2493 4772 ἀνατεινόμεθα,
2536 4690 2630 4750 καὶ
2675 4693 2825 4766 παρά
2858 4691 2969 4745 τῶν
3002 4690 3236 4763 Γραφῶν
3281 4691 3642 4760 φωταγωγού.

2070 4798 2231 4870 μεθα,
2261 4794 2355 4849 καὶ
2384 4792 2520 4864 πρὸς
2541 4789 2640 4853 τὰς
2670 4784 2995 4859 ύμνολογίας
3021 4783 3121 4847 τὰς
3152 4781 3321 4850 θείας,
3358 4783 3525 4837 οἱονεὶ
3552 4783 3640 4845 τάς

2064 4890 2214 4953 θείας
2241 4883 2535 4956 ὀνομασίας
2587 4876 3002 4949 κανονιζὸμεθα.
3050 4875 3123 4927 Οὐ
3160 4873 3557 4946 κανονιζόμεθα
3588 4874 3638 4927 δὲ

2062 4982 2157 5035 καὶ
2179 4974 2494 5047 τυπούμεθα
2515 4971 2707 5036 οὕτως,
2732 4970 2875 5024 ὥστε
2903 4966 3112 5036 ἀλόγως
3139 4967 3233 5019 καὶ
3260 4967 3493 5036 ἀμαθῶς
3519 4969 3637 5021 ξπε-

2065 5072 2209 5134 σθαι,
2236 5067 2333 5122 καὶ
2353 5062 2463 5119 οἷον
2492 5061 2780 5125 σκοτεινῶς
2805 5058 2897 5113 καὶ
2918 5056 3259 5128 ἀφωτίστως,
3292 5056 3433 5111 ἀλλὰ
3456 5061 3551 5113 σὺν
3568 5058 3637 5128 τῷ

2059 5164 2192 5236 ὁρᾷν
2215 5158 2399 5217 καὶτὰ
2452 5156 2779 5229 συμμέτρως
2824 5150 2891 5205 δι’
2920 5150 3097 5204 αύτῶν
3127 5151 3256 5220 ἡμῖν
3298 5151 3635 5223 παρεχόμενα

2063 5255 2238 5326 φῶτα,
2269 5252 2363 5307 καὶ
2389 5250 2487 5323 τὴν
2509 5248 2682 5321 ἀρχὴν
2701 5247 2794 5301 καὶ
2821 5244 2995 5298 αἰτίαν
3020 5242 3238 5313 ἀπάσης
3269 5242 3633 5313 φωτοφανείας

2060 5347 2269 5420 ὑμνεῖν.
2294 5344 2418 5408 Πῶς
2447 5343 2503 5396 δέ
2520 5344 2665 5394 ἐστιν
2690 5338 2831 5409 ἀρχὴ
2860 5338 2954 5391 καὶ
2978 5335 3126 5389 αἰτία
3146 5375 3160 5391 .
3188 5334 3355 5398 αὐτὸς
3391 5338 3422 5389 ό
3441 5336 3632 5407 Κύριος

2058 5440 2207 5511 λέγει
2241 5442 2300 5493 ὲν
2328 5439 2441 5502 τοῖς
2464 5436 2629 5507 ἱεροῖς
2670 5430 3021 5501 Εύαγγελίοις
3042 5445 3055 5459 ·
3106 5425 3245 5497 Ἐγώ
3282 5431 3403 5499 ειμι
3432 5430 3470 5497 ἠ
3507 5426 3630 5493 ζωὴ,

2062 5532 2161 5587 καὶ
2184 5532 2225 5601 ἡ
2249 5527 2607 5595 ἀνάστασις.
2633 5523 2755 5596 Ζωὴ
2803 5522 2911 5577 τῶν
2937 5519 3421 5593 ἀπολισθησάντων
3449 5520 3527 5583 εἰς
3540 5516 3631 5587 τὴν
