3742 6302
72 295 194 349 6n
661 288 751 343 ne
788 286 1045 344 DIVINIS
1079 282 1480 340 nommnus.
1514 279 1668 335 car.
1708 278 1749 334 ι.
1784 310 1853 319 --
1885 278 2235 334 PARAPHB.
2272 279 2742 335 PACHYMERE.
3232 286 3338 343 διε

65 411 179 465 τοῦ
201 408 468 471 θεοειδοῦς
492 406 874 478 παραφθοράψ
900 406 927 457 ὃ
953 404 1061 474 γὰρ
1090 401 1265 472 φθορά
1293 402 1406 463 τοῖς
1429 398 1664 468 σώμασι,

1855 396 2213 467 sEvangeliis
2246 399 2355 451 ait:
2414 396 2526 469 Ego
2548 416 2663 453 sum
2715 400 2821 454 vita
2868 410 2914 454 et
2948 406 3336 461 resurrectio-9.
3382 456 3383 459 η

68 499 244 553 τοῦτο
259 499 459 568 ψυχαῖς
483 498 516 565 ἡ
536 495 631 548 τοῦ
659 494 925 557 θεοειδοῦς
952 490 1281 565 παραφθορά
1302 507 1315 519 ·
1370 488 1665 549 ἀνάστασις

1848 499 1891 542 la
1924 504 2113 543 eorum
2166 492 2257 558 qui
2322 491 2563 545 divinam
2593 495 2885 563 imaginem
2920 496 2971 549 in
2998 512 3055 551 se
3088 500 3342 553 aboleve-

70 592 195 645 τῶν
224 591 662 645 άποπιπτόντων.
693 589 813 641 Ἔτι
839 589 895 640 δὲ
917 587 1027 639 τῶν
1056 586 1198 638 κατά
1228 600 1349 637 τινα
1377 581 1533 636 ἄλλον
1580 582 1669 633 λο-

72 685 286 755 γισμὸν
325 684 540 754 ἀνίερον
566 681 960 751 σαλευομένων,
993 674 1133 731 ὥστε
1162 674 1290 746 παρ’
1324 672 1501 742 ὀλίγον
1516 673 1670 742 ἐκχυ-

74 778 246 848 θῆναι
276 777 344 829 τά
377 775 517 829 κατὰ
538 773 670 828 Θεὸν
699 772 1031 843 διαδήματα,
1059 770 1265 841 ἵδρυσις
1292 766 1433 839 ίερά,
1466 766 1546 819 ὅτι
1574 765 1669 817 καὶ

73 872 103 922 6
134 870 302 933 σάλος
330 869 541 940 άνίερος
561 882 574 897 ·
600 865 667 920 τὰ
697 866 752 919 δὲ
785 864 1002 918 ἐναντία
1029 864 1136 917 τῶν
1160 862 1416 916 ἐναντίων
1443 859 1665 930 ἰάματα.

78 962 210 1013 Ἐτι
231 961 341 1013 τῶν
366 959 670 1031 ἑστηκότων
690 957 957 1027 ἀσφάλεια
977 972 990 986 ·
1023 956 1126 1009 Ἐν
1142 954 1223 1020 τῷ
1240 952 1360 1018 Θεῷ
1374 951 1482 1023 ⁸πὰρ
1501 948 1669 1015 ποιή-

74 1068 270 1122 σομαι
295 1051 571 1121 δύναμιν,
603 1050 767 1121 φησὶν
797 1051 824 1101 6
844 1048 1027 1101 Δαυίδ.
1052 1047 1163 1099 Kal
1188 1046 1296 1098 τῶν
1318 1043 1668 1115 ἀναγομένων

74 1145 173 1199 διὰ
206 1144 444 1216 θεωρίας
469 1146 558 1196 ἐπ’
598 1144 768 1214 αὑτὴν
800 1141 1169 1213 χειραγωγίαο
1215 1138 1295 1192 ἔτι
1343 1138 1454 1209 γὰρ
1490 1135 1668 1190 αὑτῶν

78 1239 422 1300 καλούντων,
457 1239 604 1309 ὲρεῖ’
665 1236 797 1289 Ἰδοὺ
828 1234 1075 1305 πάρειμι.
1108 1234 1216 1286 Καὶ
1246 1232 1381 1303 μετά
1403 1231 1502 1302 τὴν
1540 1231 1670 1283 ἀνα-

77 1330 276 1401 γωγὴν
297 1330 411 1382 τῶν
444 1326 827 1399 φωτιζομένων
854 1327 1137 1397 ἐλλαμψις.
1165 1326 1261 1379 καὶ
1279 1324 1552 1395 βαθμηδὸν
1580 1324 1625 1354 ⁸⁸
1653 1325 1668 1343 ⁶

75 1422 194 1475 τῶν
215 1421 579 1491 τελουμένων,
611 1419 870 1491 ἀρχὴτῆς
893 1418 1075 1473 αὑτῶν
1109 1418 1413 1490 προκοπῆς,
1438 1416 1533 1469 καὶ
1559 1414 1669 1467 τῶν

77 1512 398 1583 θεουμένων
425 1512 507 1564 ἔτι
536 1512 784 1583 θεαρχία.
821 1514 930 1566 Καὶ
960 1512 1039 1565 ἔτι
1068 1511 1176 1565 τῶν
1215 1511 1323 1564 ἀπὸ
1366 1510 1465 1581 τῆς
1509 1508 1671 1561 πολυ-

80 1604 347 1657 συνθέτου
379 1602 509 1674 ὑλης
531 1604 968 1675 ἀπογενομένων,
995 1604 1089 1657 καὶ
1126 1602 1478 1672 ἀπλουμένων
1507 1600 1671 1654 ἁπλό-

75 1712 203 1765 της,
234 1696 333 1749 καὶ
376 1695 484 1747 τῶν
511 1697 841 1768 ὲνιζομὲνων
876 1696 971 1749 καὶ
1008 1696 1069 1748 τὸ
1098 1694 1301 1765 κυρίως
1338 1693 1397 1747 ἓν
1427 1693 1667 1748 καταλα-

1770 590 1927 646 runt;
1956 582 2099 650 quod
2129 584 2277 636 enim
2307 582 2559 637 interitus
2588 596 2673 638 est
2700 586 3042 653 corporibus,
3093 588 3195 643 hoe
3228 592 3347 643 ani—

1772 672 1876 726 mis
1896 672 2093 727 divinae
2117 673 2372 744 imaginis
2395 675 2650 744 abolitio;
2685 682 3014 735 resurrectio
3035 698 3223 737 eorum
3253 687 3345 753 qui

1772 766 2119 820 exciderunt.
2149 766 2229 819 Ad
2263 768 2377 822 luce
2406 784 2538 823 vero
2572 771 2787 839 impuro
2820 783 2969 827 motu
3010 778 3347 841 nutantium,

1773 858 1847 912 ita
1885 868 1943 913 ut
1976 858 2125 912 aDei
2177 862 2423 929 vestigiis
2476 863 2798 933 semitisque
2855 866 2971 922 fere
3019 869 3347 939 exciderint,

1773 965 1989 1005 sacrum
2022 950 2453 1017 ﬁrmamentum,
2490 955 2750 1022 quoniam
2803 960 3018 1015 nutatio
3052 960 3154 1016 ista
3188 979 3348 1032 pror-

1772 1060 1865 1100 sus
1899 1044 2109 1107 impura
2138 1053 2257 1109 est;
2292 1048 2570 1100 contraria
2604 1057 2784 1101 autem
2828 1054 3118 1107 contrariis
3154 1070 3351 1110 curan-

1773 1145 1883 1191 tur.
1912 1137 1993 1191 Ad
2027 1138 2141 1191 haec
2171 1140 2433 1191 stantium
2468 1142 2771 1195 securitas:
2802 1142 2869 1195 In
2901 1143 3007 1198 Deo
3049 1147 3217 1212 enim,
3267 1149 3352 1203 iu-

1770 1228 1887 1297 quit
1913 1229 2102 1293 David,
2133 1228 2330 1297 faciam
2356 1232 2599 1285 virtutem
2634 1244 2680 1285 ι.
2712 1233 2777 1286 Et
2807 1236 2874 1289 ad
2894 1251 2953 1291 se
2984 1252 3079 1306 per
3102 1250 3350 1294 contem-

1770 1319 2069 1388 plationem
2097 1321 2435 1374 tendentium
2463 1324 2843 1393 manuductio;
2867 1346 2989 1383 nam
3016 1331 3145 1400 ipsis
3171 1335 3350 1389 adhuc

1770 1414 2143 1467 clamantibus
2173 1414 2341 1469 dicit:
2372 1416 2514 1470 Ecce
2552 1418 2762 1474 adsum.
2798 1420 2863 1474 Et
2914 1432 3035 1491 post
3068 1426 3351 1481 adductio-

1773 1521 1896 1559 nem
1936 1506 2370 1560 illuminatorum
2413 1507 2729 1573 illustratio,
2788 1521 2843 1566 et
2898 1513 3045 1567 basis
3079 1518 3351 1584 perfecto-

1772 1613 1893 1651 rum
1923 1611 1987 1651 ac
2012 1598 2337 1666 principium
2357 1600 2633 1669 profectus
2652 1617 2864 1667 eorum,
2890 1615 2947 1659 et
2973 1608 3347 1663 deiﬁcatorum

1772 1690 2101 1759 principium
2132 1692 2455 1746 divinitatis.
2496 1695 2675 1764 Atque
2728 1697 2953 1763 insuper
3008 1716 3041 1752 a
3081 1704 3348 1757 materiali

80 1760 293 1839 ϐδντων
322 1785 509 1855 ἑνότης
528 1803 542 1816 ’
570 1760 751 1859 πάσης
771 1787 945 1860 ἀρχῆς
964 1786 1127 1857 ἀρχὴ,
1156 1760 1250 1839 καὶ
1278 1784 1559 1857 μετάδοσις
1572 1784 1664 1838 τοῦ

1848 1782 2181 1852 tltiplicitate
2208 1786 2599 1849 recedentium,
2628 1802 2691 1841 ac
2713 1790 3185 1858 simpliﬁcatorum
3214 1797 3349 1849 sim-

79 1877 323 1946 κρυφίου
350 1877 416 1930 δι’
440 1877 769 1949 ἀγαοότητα,
797 1876 910 1949 ζωὴ
935 1878 1043 1930 τῶν
1081 1876 1299 1941 ζώντων
1317 1916 1332 1941 ,
1371 1877 1529 1930 οὐσία
1557 1876 1669 1930 τῶν

80 1968 282 2030 ὄντων,
312 1969 453 2039 ἀρχὴ
484 1970 579 2022 καὶ
602 1969 749 2022 αἰτία
779 1968 889 2022 τῶν
914 1968 1111 2021 οὑσιῶν
1136 2006 1150 2032 ,
1180 1967 1216 2021 ἃ
1255 1967 1319 2040 δὴ
1362 1969 1537 2022 πάντα
1576 1968 1672 2021 καὶ

80 2062 326 2131 παράγει
354 2063 447 2115 καὶ
487 2062 700 2133 συνέχει
737 2060 803 2116 δι’
834 2061 1163 2132 άγαθὸτητα.

1777 1874 2015 1942 plicitas,
2046 1883 2101 1927 et
2125 1875 2426 1939 unitorum,
2466 1891 2529 1929 ac
2554 1879 2772 1946 proprie
2790 1881 3052 1936 unitatem
3082 1886 3353 1954 recipien-

1779 1966 1911 2019 tium
1940 1965 2157 2030 unitas;
2211 1967 2394 2019 omnis
2450 1968 2700 2038 principii
2758 1972 3128 2044 principium,
3187 1990 3354 2045 atque

1780 2057 1949 2110 abditi
1984 2057 2130 2111 illius
2176 2072 2272 2125 per
2302 2058 2602 2113 bonitatem
2642 2066 3103 2132 communicatio;
3138 2070 3245 2122 vita
3274 2073 3354 2123 vi-

83 2156 355 2214 ventium.
386 2156 621 2210 essentia
653 2160 883 2222 entium,
930 2156 1258 2226 principium
1305 2164 1361 2212 et
1408 2169 1569 2210 causa
1615 2154 1847 2217 eutium,
1892 2164 2117 2224 propter
2166 2153 2472 2209 bonitatem
2525 2170 2629 2224 qua
2688 2166 2743 2211 et
2790 2160 3047 2226 producit
3112 2171 3167 2215 et
3221 2179 3354 2216 cou-

82 2258 274 2298 servat
306 2249 580 2303 universa.

153 2337 181 2410 §
226 2340 316 2393 IV.
359 2340 542 2395 Ταῦτα
569 2342 717 2415 παρᾶ
738 2344 845 2397 τῶν
863 2346 1024 2419 ἱερῶν
1047 2346 1278 2419 Γραφῶν
1319 2347 1669 2419 μεμυήμεθα.

86 2430 195 2483 Καὶ
224 2432 409 2486 πᾶσαν
434 2433 687 2506 εὑρήσεις
738 2436 1063 2507 ὑμνολογίαν
1110 2437 1221 2491 τῶν
1269 2438 1531 2507 θεολόγων
1572 2437 1673 2502 τὰς

85 2520 223 2574 Θεοῦ
249 2522 550 2593 ὀνομασίας
573 2525 1037 2590 διασκευάζουσαν
1076 2526 1214 2600 πρὸς
1258 2527 1358 2593 τὰς
1401 2528 1495 2581 τοῦ
1535 2528 1670 2581 Θεοῦ

86 2617 393 2687 ἐνεργείας,
421 2619 481 2671 οὑ
512 2620 648 2689 πρὸς
671 2620 768 2692 τὴν
793 2621 955 2691 φύσιν
994 2623 1159 2679 αὑτοῦ
1211 2624 1293 2687 είς
1342 2621 1529 2693 ὑμνον,
1578 2624 1673 2675 καὶ

86 2710 450 2782 ὲκφαντορίαν
476 2712 655 2777 ποσῶς
681 2715 843 2768 αὑτοῦ
863 2732 877 2745 ·
909 2718 1239 2789 ὲκφάντορες
1278 2717 1387 2789 γὰρ
1423 2716 1672 2786 λέγονται

85 2807 134 2858 οἱ
160 2805 276 2858 τῶν
305 2808 620 2879 μυστηρίων
642 2808 711 2862 τά
734 2809 948 2882 ἄρρητα
975 2811 1317 2882 συμϐολικῶς
1355 2810 1676 2881 ἀναφαίνον-

88 2913 195 2959 τες.
229 2898 395 2951 Ὅθεν
426 2900 520 2953 καὶ
562 2902 619 2953 ὲν
656 2902 895 2965 ἀπάσαις
936 2906 1055 2966 ταῖς
1096 2902 1265 2966 θείαις
1303 2903 1543 2973 Γραφατς
1584 2904 1675 2957 τὸν

91 2990 222 3043 Θεὸν
245 2991 466 3062 ὁρῶμεν
505 2993 665 3064 ίερῶς
709 2991 1044 3065 ὑμνούμενον
1082 2996 1157 3059 ὠς
1198 2995 1399 3066 μονάδα
1441 2996 1540 3066 μὲν
1579 2997 1675 3051 καὶ

1848 2345 1995 2419 διν.
2029 2346 2157 2403 Ηεεε
2197 2362 2261 2401 ex
2321 2347 2621 2419 Scripturis
2679 2345 2879 2401 divinis
2925 2348 3235 2406 didicimus.
3288 2351 3354 2406 Et

1778 2454 1997 2496 omnem
2031 2442 2270 2510 reperies
2303 2440 2678 2510 theologorum
2704 2441 2943 2506 laudem,
3002 2442 3094 2496 Dei
3128 2446 3350 2498 nomina

1778 2536 1845 2589 ad
1877 2534 2089 2588 divinas
2116 2532 2467 2603 operationes
2500 2533 2730 2599 referre,
2759 2548 2864 2587 nou
2896 2535 2963 2588 ad
2993 2535 3166 2605 ipsius
3196 2547 3357 2592 uatu-

1781 2642 1919 2689 ram,
1950 2624 2092 2693 quod
2126 2625 2178 2679 id
2212 2623 2358 2678 laudi
2385 2635 2445 2678 et
2487 2624 2937 2695 interpretationi
2988 2626 3105 2693 ejus
3150 2630 3358 2682 condu-

1781 2728 1900 2785 cat;
1941 2719 2264 2787 iuterpretcs
2309 2718 2453 2771 enim
2485 2717 2760 2782 dicuntur,
2794 2719 2883 2789 qui
2920 2718 3215 2774 ineffabilia
3242 2737 3356 2793 my-

1778 2809 1943 2865 steria
1968 2808 2266 2877 symbolice
2297 2817 2598 2875 exponunt.
2635 2807 2771 2861 llinc
2795 2809 2847 2861 in
2876 2810 3130 2864 omnibus
3182 2811 3353 2868 ferme

1777 2900 1979 2956 divinis
2012 2899 2311 2969 Scripturis
2345 2884 2509 2953 Deitm
2543 2910 2730 2953 sancte
2766 2900 3131 2956 collaudatum
3167 2906 3354 2959 cerni-

1781 3008 1922 3057 mus,
1960 3000 2019 3047 ut
2047 2993 2333 3047 monadem
2383 2993 2602 3059 quidem
2636 3002 2690 3046 et
2742 2994 3007 3047 unitatem
3035 3034 3051 3057 ,
3091 2996 3351 3064 quoniam

89 3080 270 3145 ὲνάδα,
302 3084 423 3137 ἐπεὶ
447 3086 479 3154 ἡ
508 3085 674 3156 μονὰς
702 3084 991 3150 ἀσὺνθετός
1023 3089 1137 3140 ἐστι
1162 3086 1255 3140 καὶ
1280 3088 1493 3158 ἀμερής
1515 3104 1529 3118 ⁸
1556 3091 1589 3161 ἠ
1617 3088 1669 3141 δὲ

1848 3102 1968 3141 mas
1996 3085 2350 3154 incomposita
2383 3095 2466 3140 est
2489 3096 2543 3139 et
2567 3086 2870 3151 individua,
2930 3089 3115 3143 unitas
3169 3100 3350 3145 autem

88 3178 212 3241 ὲνὰς
236 3176 417 3230 ἑνιαία
441 3194 524 3240 τις
549 3179 643 3231 καὶ
665 3179 914 3251 ἡνωμένη
941 3182 1034 3233 καὶ
1056 3180 1422 3253 ὲνοποιητικὴ,
1454 3183 1541 3234 ἵνα
1570 3198 1673 3233 πα·
1710 3218 1720 3228 .

90 3275 259 3343 ραστῇ
292 3269 440 3341 ἡτοῦ
466 3270 599 3324 Θεοῦ
627 3272 880 3342 ἀμὲρεια.
905 3272 978 3326 Τὸ
1011 3272 1119 3345 γὰρ
1146 3274 1329 3341 ὄγκοις
1374 3274 1469 3327 καὶ
1507 3275 1669 3347 πηλι-

90 3368 281 3439 κότησι
305 3365 705 3437 διειλημμένον,
732 3367 889 3419 τοῦτο
915 3367 989 3431 ὡς
1016 3368 1110 3422 ac:
1133 3369 1227 3421 καὶ
1258 3368 1415 3439 σῶμα
1457 3368 1673 3441 μερίζε-

86 3475 173 3510 ται
191 3474 205 3487 ο
234 3456 302 3511 τὸ
320 3457 377 3511 δὲ
406 3458 629 3530 ἀμερὲς,
654 3460 747 3512 καὶ
767 3459 1093 3530 ἀνέμφατον,
1122 3460 1257 3514 ἀλλά
1281 3461 1375 3514 καὶ
1402 3460 1543 3531 ὑπὲρ
1570 3462 1673 3514 πᾶ-

93 3552 183 3603 σάν
212 3551 366 3604 ἐστ-μθ
394 3552 733 3621 ἀσωματίαν.
768 3552 977 3617 ’Ἄλλως
998 3569 1059 3605 τε
1089 3551 1276 3624 ἐπειδὴ
1316 3550 1619 3623 διανοηθεὶς
1644 3553 1673 3604 6

90 3642 218 3708 Θεὸς
244 3642 605 3714 βουλητικῶς,
637 3644 813 3698 πάντα
839 3644 1168 3715 ὑπέστησεν,
1195 3644 1293 3714 οὑχ
1313 3638 1402 3697 οἷά
1439 3661 1524 3707 τις
1549 3642 1673 3706 νοῦς

90 3734 165 3797 εἰς
190 3735 410 3805 νοήσεις
437 3733 711 3804 μερισθεὶς
750 3733 1225 3805 ὲπολυπλασιάσθη
1251 3774 1265 3799 ,
1307 3733 1443 3787 ἀλλά
1486 3734 1674 3806 μείνας

92 3826 177 3877 καὶ
196 3825 376 3895 μένων
403 3826 459 3877 ὲν
481 3827 546 3896 τῇ
583 3825 726 3879 ὲνάδι
749 3825 970 3897 άμερῶς
996 3826 1090 3878 καὶ
1112 3825 1473 3889 ἀσκεδάστως,
1497 3826 1675 3879 πάντα

89 3916 154 3969 τὰ
179 3918 236 3969 ὲν
259 3919 331 3987 τῇ
353 3916 525 3969 κτίσει
552 3917 645 3971 καὶ
678 3917 951 3989 ὑπέστησε
976 3918 1069 3971 καὶ
1096 3916 1384 3989 ὑφίστησιν
1402 3934 1414 3947 ⁸
1446 3918 1550 3980 ἓως
1567 3916 1674 3987 γὰρ

90 4006 214 4073 ἄρτι
237 4006 560 4077 ἐργάζεται.
603 4008 1021 4080 ’Υπερήτιλωται
1048 4004 1160 4072 οὑν,
1192 4010 1371 4063 πᾶσαν
1396 4007 1674 4077 ἁπλότητα

92 4096 315 4169 ἀμερῶς
339 4098 653 4169 ὑπεραίρων
677 4116 689 4129 ο
722 4099 930 4152 ἐκεῖθεν
958 4099 1013 4153 δὲ
1039 4100 1131 4153 καὶ
1153 4101 1287 4171 ἡμῖν
1314 4101 1346 4170 ἡ
1378 4098 1569 4162 ἓνωσις
1592 4098 1675 4168 γί-

94 4203 256 4242 νεται.
292 4188 417 4251 Πῶς
441 4189 496 4242 δὲ
525 4190 936 4260 ὲνοποιοὺμεθα,
962 4188 1070 4243 τῶν
1115 4189 1385 4262 μεριστῶν
1423 4191 1676 4262 ὲτεροτή-

92 4294 212 4344 των,
239 4280 367 4334 καθ’
392 4280 455 4344 ἃς
479 4281 709 4345 ἕκαστος
734 4282 978 4353 διατρέρει
1016 4282 1269 4346 ἑκάστου,
1324 4298 1672 4353 συμπτυσσο-

97 4372 265 4442 μένων
295 4390 310 4437 ;
339 4375 460 4427 Μία
486 4374 593 4444 γὰρ
618 4376 842 4440 πίστις,
871 4374 967 4428 καὶ
1011 4372 1082 4428 ἐν
1113 4375 1431 4443 βάπτισμα
1449 4414 1463 4437 ,
1502 4376 1598 4428 καὶ
1645 4377 1675 4429 6

1774 3180 1979 3235 unitiva
2008 3188 2109 3243 est,
2140 3187 2195 3232 et
2220 3178 2392 3241 unita,
2428 3188 2482 3232 et
2513 3178 2741 3244 uuilica,
2774 3190 2833 3232 ut
2864 3192 3217 3250 reprmsentet
3254 3183 3349 3239 Dei

1776 3272 2234 3328 individuitatem.
2270 3270 2421 3336 Quod
2466 3273 2612 3324 enim
2661 3273 2801 3325 mole
2852 3284 2905 3327 et
2953 3277 3356 3343 quantitatilms

1775 3366 2101 3419 distinetum
2135 3373 2239 3429 est,
2273 3365 2373 3419 hoc
2406 3366 2581 3418 instar
2612 3366 2860 3434 corporis
2899 3368 2950 3420 iu
2996 3378 3178 3437 partes
3209 3371 3353 3423 divi-

1774 3457 1959 3523 ditur;
1996 3456 2141 3526 quod
2166 3466 2347 3510 autem
2380 3469 2535 3525 parte
2558 3466 2726 3521 caret,
2765 3456 2815 3509 id
2849 3458 3011 3511 etiam
3039 3473 3143 3512 non
3180 3474 3354 3530 apru-

1777 3558 1881 3614 ret,
1906 3549 2149 3617 quinimo
2170 3558 2254 3603 est
2284 3564 2445 3617 supra
2469 3564 2685 3603 onmem
2707 3549 3208 3617 incorpOreitatem.
3238 3553 3355 3607 Ca:-

1777 3649 1954 3695 terum
1989 3656 2113 3695 cum
2165 3642 2331 3695 etiam
2380 3642 2670 3710 cogitando
2730 3641 2875 3697 Deus
2919 3644 3196 3700 voluntate
3252 3661 3351 3699 sua

1777 3734 1905 3789 fecit
1929 3743 2122 3787 cuncta
2150 3734 2469 3796 subsistere,
2524 3751 2631 3787 nou
2667 3743 2923 3802 tanquam
2963 3752 3117 3791 meus
3172 3736 3351 3806 aliqua

1777 3826 1829 3880 in
1861 3825 2218 3894 cogitationes
2249 3825 2420 3879 divisa
2462 3825 2854 3892 multiplicatus
2904 3826 3044 3890 fuit,
3074 3826 3166 3881 sed
3200 3838 3354 3896 post-

1775 3931 1938 3985 quam
1976 3916 2029 3969 in
2066 3932 2124 3971 se
2153 3917 2355 3969 mansit
2378 3931 2441 3970 ac
2471 3926 2649 3970 manet
2671 3917 2721 3969 in
2754 3917 2966 3971 unitate
2996 3918 3201 3988 absque
3228 3934 3353 3985 par-

1777 4009 1967 4064 titione
1994 4019 2161 4079 atque
2188 4008 2479 4074 divisione,
2525 4020 2809 4063 creaturas
2850 4024 3041 4064 omnes
3074 4021 3129 4064 et
3188 4009 3354 4083 304

1779 4102 2081 4155 subsistere
2139 4099 2266 4155 fecit
2295 4140 2308 4161 ,
2348 4109 2404 4153 et
2454 4109 2755 4164 sustentat;
2818 4117 2942 4154 nam
2987 4118 3149 4171 usque
3197 4107 3353 4157 modo

1776 4203 2023 4263 operatur
2049 4191 2096 4246 ί.
2128 4191 2402 4262 Singulari
2449 4206 2579 4262 ergo
2614 4194 2774 4246 modo
2804 4191 3209 4265 ‘siutplilicatus
3245 4206 3352 4259 est,

1776 4287 1870 4357 qui
1895 4300 2112 4340 omnem
2138 4284 2545 4354 simplicitatem
2595 4283 2874 4339 ittdivisim
2931 4286 3174 4353 excedit,
3226 4286 3353 4341 inde

1778 4380 1923 4434 enim
1956 4377 2112 4433 nobis
2140 4378 2267 4433 uuio
2299 4376 2551 4448 obtingit.
2584 4376 2868 4443 Quomodo
2894 4388 3075 4433 autem
3110 4379 3350 4445 unimur,

95 4466 323 4538 Χριστὸς
345 4467 405 4520 οὑ
432 4469 758 4540 μεμέρισται
798 4468 939 4522 κατὰ
978 4468 1068 4521 τὸν
1111 4469 1284 4541 μέγαν
1323 4468 1666 4522 Ἀπόστολον.

1850 4486 1898 4524 ιη
1932 4470 2253 4541 partialibus
2280 4480 2597 4524 constemus
2646 4470 3060 4526 diversitatibus
3082 4512 3096 4535 ,
3146 4486 3347 4526 secun-

96 4557 441 4630 Συναγόμεθα
463 4560 592 4627 γοῦν
619 4562 698 4625 εἰς
726 4559 933 4630 θεοειδῆ
962 4559 1164 4631 μονάδα
1182 4600 1197 4624 ,
1228 4559 1388 4613 ἀπιοῖ
1411 4560 1503 4612 καὶ
1536 4560 1672 4630 ἀμε-

98 4654 200 4719 ρεῖς
226 4653 325 4706 καὶ
352 4653 533 4723 ἡμεῖς,
568 4652 643 4717 ὡς
669 4654 695 4705 6
719 4652 872 4717 Θεὸς,
901 4651 1042 4705 κατά
1067 4652 1127 4704 τὸ
1155 4648 1437 4723 προσῆκον
1451 4652 1671 4723 γινόμε-

96 4756 186 4801 νοι,
208 4744 307 4796 καὶ
333 4746 413 4807 είς
438 4744 764 4816 θεομίμητον
786 4743 999 4809 ἕνωσιν,
1015 4744 1260 4797 τουτέστι
1277 4745 1368 4797 καὶ
1391 4744 1670 4798 ἑνοποιοὺ-

100 4834 226 4901 μεθα
254 4838 350 4890 καὶ
378 4839 617 4892 ἐνοποιοῦ
626 4857 724 4910 μεν
742 4856 756 4869 ·
781 4838 940 4892 τοῦτο
958 4841 1066 4911 γάρ
1086 4841 1202 4893 ἐστι
1227 4839 1289 4892 τὸ
1316 4839 1666 4911 θεομίμητον,

98 4925 207 4978 καθ’
232 4927 261 4979 ὃ
287 4929 382 4981 καὶ
416 4932 521 4983 υίοὶ
545 4931 679 4985 Θεοῦ
715 4929 1003 4985 καλοῦνται
1030 4933 1078 4985 oi
1106 4932 1457 5003 εἰρηνοποιοί,
1483 4932 1564 4984 ὅτι
1590 4949 1673 5001 μι·

101 5016 479 5085 μοῦνταιθεόν.
512 5023 584 5077 Ἢ
610 5022 739 5091 γοῦν
761 5022 934 5087 οὑτως
949 5025 998 5076 οἱ
1027 5023 1211 5076 πολλοὶ
1227 5025 1292 5094 τῇ
1312 5023 1503 5094 εἰρήνῃ
1520 5022 1671 5075 ὲνοὺ-

101 5109 247 5177 μεθα,
275 5112 309 5184 ἢ
338 5115 433 5167 καὶ
454 5116 484 5167 6
506 5110 586 5178 εἷς
615 5115 735 5168 καθ’
760 5116 951 5168 ἑαυτὸν
978 5114 1192 5168 ἑνοῦται
1216 5115 1664 5186 τοιουτοτρόπως.

1774 4563 1900 4616 dum
1920 4576 2059 4631 quas
2088 4560 2318 4629 quilibet
2340 4559 2406 4614 ab
2436 4559 2610 4615 altero
2634 4561 2848 4616 diﬂ‘ert?
2875 4561 2981 4616 Sed
3006 4579 3107 4614 una
3127 4564 3281 4631 ﬁdes,
3304 4573 3352 4617 et

1773 4672 1937 4708 unum
1960 4654 2217 4723 baptisma
2249 4665 2311 4717 ιι,
2341 4664 2395 4707 et
2427 4652 2678 4707 Christus
2708 4671 2812 4708 non
2862 4654 3149 4720 dividitur,
3188 4655 3345 4720 juxta

1773 4760 2025 4813 maguum
2054 4744 2395 4814 Apostolum.
2411 4742 2803 4814 Conjungimur
2821 4744 3000 4813 itaque
3025 4744 3076 4796 in
3101 4742 3348 4797 dcil'ormi

1776 4836 2011 4900 unitate,
2044 4835 2143 4906 ipsi
2177 4850 2418 4905 quoque,
2482 4842 2641 4902 prout
2687 4837 2843 4887 decet
2876 4834 3051 4887 instar
3087 4835 3176 4888 Dei
3213 4835 3352 4889 sim-

1775 4927 1945 4997 plices
1999 4938 2055 4983 et
2096 4928 2335 4996 partium
2388 4936 2643 4996 expertes
2670 4923 2869 4988 eli'ecti,
2902 4934 2957 4979 et
2987 4925 3054 4978 ad
3091 4925 3347 4980 unionem

1777 5018 1943 5071 Deum
1968 5018 2272 5072 imitantem
2308 5016 2566 5078 revocati,
2607 5016 2657 5068 id
2681 5023 2763 5069 est
2788 5013 3114 5068 uniticamur
3142 5023 3193 5068 et
3225 5014 3350 5067 uni-

1775 5108 2033 5174 iicamus;
2063 5109 2166 5163 hoc
2189 5110 2334 5163 enim
2366 5116 2452 5163 est
2490 5107 2656 5160 Deum
2710 5105 2948 5170 imitari,
2992 5104 3147 5173 juxta
3201 5106 3344 5174 quod

110 5199 187 5263 Ὧς
210 5204 319 5277 γὰρ
346 5206 437 5258 ἐπὶ
462 5205 571 5259 τῶν
598 5206 1003 5279 ὑπερκοσμίων,
1052 5208 1144 5259 κει)⁹
1169 5205 1327 5259 τοῦδε
1349 5205 1443 5259 τοῦ
1469 5206 1667 5278 ὁρατοῦ

1852 5219 1936 5256 au.
1962 5202 2177 5272 paciﬁci
2198 5202 2294 5256 ﬁlii
2322 5200 2413 5255 Dei
2437 5199 2777 5270 appellantur
2799 5207 2859 5266 ν,
2893 5197 3150 5268 quoniam
3174 5197 3341 5252 Deum

99 5290 158 5341 ri
180 5295 466 5367 κατώτερα
492 5295 791 5368 ἔστραπται
814 5298 906 5349 ἐπὶ
928 5296 995 5349 τά
1022 5296 1393 5368 ὑπερκείμενα
1419 5336 1433 5361 ,
1474 5297 1569 5351 καὶ
1605 5297 1667 5350 τὸ

172 5460 191 5489 τ
220 5450 381 5509 ιοειι.
411 5470 492 5519 ιι,
524 5454 621 5511 εδ.

292 5558 345 5577 *μ

1774 5295 2080 5349 imitantur.
2107 5294 2291 5364 Itaque
2322 5293 2403 5347 vel
2444 5292 2598 5346 multi
2629 5292 2704 5346 ita
2732 5307 2827 5362 per
2869 5307 3058 5363 pacem
3100 5291 3344 5355 unimur,

700 5464 722 5493 '
758 5453 908 5509 [δεδι.
942 5470 1055 5519 nx,
1084 5457 1169 5513 l5.
1254 5459 1271 5494 ι
1300 5452 1458 5510 Joau.
1490 5469 1547 5519 v,
1580 5455 1667 5509 i7.
1746 5463 1771 5492 η
1798 5454 1996 5526 Ephes.
2035 5469 2108 5520 tv,
2144 5454 2198 5508 5.
2277 5461 2304 5491 τ
2328 5450 2517 5507 Matth.
2561 5466 2613 5513 v,
2640 5450 2695 5503 9.

1368 5608 1600 5665 VARle
1638 5607 2044 5667 LECTIONES.

167 5747 228 5780 τι·
244 5720 471 5823 saepe.

612 5848 880 5910 Ρηιιοι.
926 5850 1042 5910 Gn.
1092 5846 1196 5912 Ill.

2777 5843 2858 5903 20
