3752 6318
441 257 547 316 619

1599 260 1656 315 S.
1693 260 1995 317 DIONYSII
2031 262 2493 319 AREOPAGITE

3577 272 3676 328 σεο

440 376 529 429 vel
558 374 655 445 qui
688 373 741 429 in
773 387 833 429 se
872 387 1013 429 unus
1040 382 1121 429 est
1148 374 1317 431 hocce
1343 375 1503 431 modo
1548 378 1757 433 unitur.
1802 379 1922 447 ‘Que

2190 383 2422 454 pauva
2456 384 2717 456 ἧδρασται
2748 386 2807 439 ἐν
2842 385 2922 457 τῷ
2951 386 3134 453 ζῶντι,
3156 385 3248 457 (ἐν
3278 386 3393 460 γὰρ
3437 387 3512 457 τῇ
3538 393 3672 460 χειρὶ

400 474 403 477 ’
440 467 729 522 admodum
754 466 895 520 enim
927 466 981 519 in
1007 465 1563 536 supramundialibus,
1594 477 1651 524 et
1676 470 1778 524 hoc
1805 473 2008 526 mundo

438 564 528 633 qui
559 562 769 617 videtur
826 559 1091 617 inferiora
1140 576 1402 617 conversa
1456 571 1582 617 sunt
1602 564 1669 617 ad
1701 564 2005 632 superiora,

437 664 492 709 et
524 668 613 708 res
653 666 916 720 corporea
962 654 1065 707 sita
1113 663 1199 707 est
1252 654 1303 707 in
1332 653 1548 709 vivente
1592 654 1896 725 (siquidem
1950 656 2007 708 in

436 761 598 798 manu
621 744 736 814 ejus
758 760 934 798 omnes
954 744 1086 813 ﬁnes
1111 755 1265 799 terra:
1293 753 1350 810 ι,
1385 746 1495 801 imo
1526 747 1693 803 etiam
1739 747 1866 802 caeli
1891 787 1907 811 ,
1951 747 2006 799 iu

435 853 536 906 quo
574 838 742 902 enim,
783 836 988 906 inquit,
1017 846 1143 891 sunt
1172 839 1348 892 omnia
1368 838 1409 909 ),
1443 840 1522 894 sic
1567 839 1731 894 etiam
1786 840 1840 893 in
1885 854 2007 909 pro-

436 929 617 998 posito
647 942 834 985 nostro
870 931 1158 998 usuvenit;
1189 948 1313 987 nam
1356 934 1539 987 anima
1572 934 1916 989 convertitur
1938 934 2005 988 ad

434 1022 712 1088 spiritum,
744 1023 799 1077 in
829 1038 937 1093 quo
967 1038 1159 1078 sensus
1183 1040 1248 1079 ac
1273 1025 1725 1081 ratiocinationes
1752 1025 2007 1081 l‘undan-

435 1124 544 1179 tur,
587 1115 784 1185 quibus
836 1115 888 1169 in
947 1115 1316 1184 speculatione
1368 1116 1610 1172 rationes
1651 1117 2002 1187 ludagamus;

433 1208 561 1277 quia
595 1209 823 1277 spiritus
850 1208 1005 1261 novit
1044 1222 1165 1277 quae
1222 1208 1333 1263 sint
1386 1210 1438 1263 in
1488 1210 1706 1264 homine
1730 1220 1781 1264 γ.
1812 1210 2002 1263 Anima

433 1299 601 1369 igitur
614 1300 681 1355 ad
700 1300 843 1353 hunc
865 1299 1117 1369 spiritum
1138 1314 1423 1364 conversa,
1444 1301 1520 1354 uti
1546 1309 1597 1354 et
1616 1301 1683 1355 ad
1700 1316 1894 1355 sensus
1914 1300 2003 1369 qui

435 1393 489 1446 in
522 1392 639 1462 ipso
667 1400 815 1455 sunt,
845 1400 901 1446 et
923 1407 1019 1460 per
1041 1406 1136 1447 eos
1163 1393 1231 1447 ad
1263 1406 1481 1462 corpus,
1510 1393 1855 1449 intellectiles
1877 1409 2007 1464 ope-

436 1486 678 1539 rationes
708 1484 913 1538 divisas
945 1483 1106 1538 habet
1129 1485 1181 1538 in
1206 1484 1473 1548 diversas,
1503 1494 1558 1539 et
1583 1484 2001 1540 discriminatim

432 1578 767 1645 prodeuntes
799 1592 829 1631 a
885 1575 1076 1646 primis
1110 1576 1533 1644 cogitationibus
1581 1577 1648 1630 ad
1689 1587 2002 1648 sequentes,

434 1670 549 1724 sive
576 1671 766 1731 bonas,
798 1668 914 1723 sive
939 1668 1128 1722 malas.
1158 1668 1301 1723 Dicit
1324 1683 1476 1738 ergo,
1502 1683 1601 1724 nos
1630 1670 1683 1723 in
1716 1669 1881 1724 Deum
1918 1670 2001 1723 in-

2110 476 2297 530 αὐτοῦ
2320 476 2516 531 πάντα
2546 478 2618 531 τὰ
2637 477 2862 546 πέρατα
2886 477 2997 547 τῆς
3020 476 3153 549 γῆς,
3181 479 3319 533 ἀλλὰ
3344 482 3441 533 καὶ
3460 484 3508 534 οί
3534 485 3675 555 οὐρα-

2109 566 2291 620 νοίοέν
2313 565 2359 632 ᾧ
2382 568 2508 639 γὰρ,
2523 568 2674 639 φησὶ,
2692 569 2765 622 τὰ
2782 567 3023 642 πάντα),
3048 571 3190 624 οὕτω
3213 572 3311 624 καὶ
3338 574 3435 625 ἐπὶ
3458 572 3552 626 τοῦ
3568 576 3673 628 καθ’

2108 659 2253 728 ἡμᾶς
2279 658 2391 729 ἔχει
2412 676 2426 689 ·
2457 661 2490 731 ή
2518 660 2624 732 γὰρ
2648 660 2793 732 ψυχὴ
2828 660 3131 733 ἔστραπται
3168 664 3305 735 πρὸς
3345 663 3410 717 τὸ
3450 664 3671 734 πνεῦμα,

2108 749 2167 802 ὲν
2255 751 2389 804 εἰσιν
2412 752 2880 825 ἀπεστηριγμέναι
2904 754 2959 807 αἱ
2986 753 3265 825 αἰσθήσεις
3290 756 3388 808 καὶ
3430 758 3480 808 οἱ
3507 756 3671 823 λογισ-

2110 842 2221 910 μοὶ,
2244 842 2312 895 δι’
2339 837 2415 899 ὧν
2435 843 2496 897 τὸ
2510 845 2569 896 ὲν
2594 844 2783 914 σκέψει
2808 844 3154 915 λογιζόμεθα,
3181 846 3321 917 ὅπερ
3344 845 3566 916 πνεῦμα
3580 842 3672 900 οἶδε

2105 933 2176 986 τὰ
2216 935 2273 987 ὲν
2312 932 2390 1004 τῷ
2432 934 2722 1007 ἀνθρώπῳ.
2788 936 3241 1007 Ἐπεστραμμένη
3299 932 3396 991 οῦν
3446 937 3582 1008 πρὸς
3624 938 3674 989 τὸ

2106 1025 2322 1098 πνεῦμα
2346 1028 2379 1098 ἡ
2405 1026 2569 1098 ψυχὴ,
2598 1028 2690 1081 καὶ
2716 1027 2852 1099 πρὸς
2873 1028 2971 1091 τάς
3004 1030 3061 1081 ὲν
3089 1027 3237 1098 αὐτῷ
3262 1028 3572 1100 αἰσθήσεις,
3596 1031 3674 1081 καὶ

2104 1116 2171 1169 δι’
2197 1117 2375 1171 αὐτῶν
2400 1118 2535 1188 πρὸς
2558 1118 2619 1171 τὸ
2655 1118 2845 1189 σῶμα,
2885 1119 2985 1184 τὰς
3024 1118 3216 1191 νοεράς
3254 1121 3543 1191 ὲνεργείας
3577 1120 3673 1189 ἔχει

2110 1207 2468 1281 μεριζομένας
2492 1211 2571 1273 είς
2600 1210 2943 1282 ἑτερότητας,
2977 1210 3071 1263 καὶ
3109 1210 3428 1274 σκεδαστῶς
3469 1212 3672 1281 προϊού-

2107 1317 2204 1363 σας
2220 1300 2329 1353 ἀπὸ
2353 1299 2573 1372 πρώτης
2598 1303 2837 1371 νοήσεως
2862 1303 2942 1365 είς
2975 1302 3232 1375 δευτέρας
3252 1342 3267 1366 ,
3296 1303 3331 1374 ἢ
3371 1303 3673 1372 κρείττονας

2104 1392 2395 1463 ἢφαύλας.
2430 1393 2597 1464 Φησὶν
2619 1388 2731 1455 οὖν,
2785 1394 2866 1446 ὃτι
2916 1394 3319 1464 ἀνατεινόμενοι
3377 1395 3521 1467 πρὸς
3558 1394 3672 1447 Θεὸν

2102 1484 2366 1555 γινόμεθα.
2392 1484 2495 1537 ὑπὸ
2520 1484 2621 1554 τῆς
2647 1484 2829 1547 ὲνάδος
2856 1484 3068 1555 ἐκείνης
3095 1483 3152 1536 ἓν
3175 1484 3408 1555 ἀμερὲς,
3434 1484 3547 1537 τῶν
3590 1502 3673 1538 πο-

2104 1574 2356 1647 λυμερῶν
2384 1574 2540 1646 ἡμῶν
2570 1576 2903 1646 ἐτεροτήτων
2926 1576 2990 1627 ὲκ
3004 1572 3097 1627 τοῦ
3122 1574 3437 1646 σκεδασμοῦ
3455 1576 3540 1639 είς
3564 1575 3675 1643 σύμ-

2104 1668 2295 1733 πτυξιν
2353 1666 2751 1738 ἀθροιζομένων
2778 1707 2792 1733 ,
2824 1668 2919 1721 καὶ
2944 1667 3375 1738 ἐνοποιουμένων
3416 1668 3674 1737 ὑπερκοσ-

434 1762 706 1818 tendendo
745 1762 813 1817 ab
842 1762 1049 1817 unitate
1100 1762 1186 1815 illa
1210 1762 1337 1831 quid
1399 1776 1562 1816 unum
1624 1762 1916 1817 indistinct:

2190 1777 2268 1823 υς,
2296 1760 2572 1813 τουτέστιν
2622 1761 2722 1813 οὐκ
2749 1757 3041 1830 αἰσθητῶς,
3071 1757 3208 1812 ἀλλά
3230 1758 3463 1832 νοερῶς,
3493 1761 3591 1813 οὐκ
3606 1760 3672 1813 ἔτι

432 1856 575 1922 ﬁeri,
607 1854 1013 1911 discriminibus
1062 1856 1292 1922 nostris,
1349 1869 1469 1925 quze
1522 1853 1709 1908 multis
1756 1854 2003 1925 partibus

430 1947 779 2011 constabant,
814 1960 883 2000 ex
908 1945 1174 2000 divisione
1218 1945 1271 2000 in
1317 1944 1748 2016 complexionem
1775 1946 1999 2013 coactis,

426 2052 483 2096 et
509 2038 1029 2110 supermundialiter
1051 2038 1417 2103 uniﬁcatis,id
1448 2048 1534 2093 est
1565 2054 1668 2093 non
1698 2039 1880 2094 sensili
1908 2038 2001 2094 sed

427 2132 787 2189 iutellectuali
849 2133 1034 2198 modo,
1076 2147 1199 2186 cum
1236 2133 1306 2187 ab
1366 2146 1558 2187 eorum
1613 2130 2001 2200 conjunctione

426 2226 650 2279 minime
693 2225 1107 2288 abhorreamus,
1140 2224 1235 2279 sed
1275 2223 1623 2278 uniformiter
1660 2222 1792 2294 quid
1832 2238 1998 2277 unum

424 2314 606 2373 ell‘ecti
643 2316 838 2381 simus,
870 2314 1015 2369 sicut
1049 2322 1105 2367 et
1134 2313 1250 2383 ipse
1289 2330 1455 2369 unum
1500 2323 1610 2379 est,
1648 2314 1999 2384 quemadmo-

427 2408 553 2462 dum
588 2408 643 2461 in
666 2407 841 2461 sacris
866 2406 1177 2476 Evangeliis
1199 2414 1429 2461 testatur
1468 2415 1514 2457 ι.
1572 2404 1785 2460 Rursus
1817 2404 2001 2459 Trini-

426 2508 618 2563 tatem,
648 2506 836 2569 utpote
880 2499 933 2552 in
964 2497 1138 2551 tribus
1184 2498 1432 2565 personis
1486 2497 1900 2563 subsistentem,
1944 2506 2001 2551 et

425 2604 645 2663 propter
668 2590 1265 2661 incomprehensibilem
1284 2600 1567 2662 paternam
1590 2594 1994 2661 processionem
2014 2584 2029 2599 ⁶

424 2685 693 2755 principio
742 2691 1046 2748 carentem,
1076 2682 1144 2736 ad
1176 2683 1595 2752 productionem
1628 2682 1751 2737 Filii
1789 2692 1844 2739 et
1875 2683 1998 2755 Spi-

426 2779 562 2832 ritus
590 2776 790 2840 sancti,
822 2791 889 2828 ex
911 2790 1016 2842 qua
1039 2774 1207 2827 omnis
1231 2774 1524 2841 paternitas
1554 2775 1608 2827 in
1649 2774 1798 2839 calo,
1831 2775 1882 2829 id
1913 2784 1999 2830 est

420 2868 643 2923 ordines
674 2867 951 2930 caelestes,
980 2876 1027 2920 et
1076 2866 1131 2919 in
1164 2875 1306 2920 terra
1338 2878 1365 2908 ι
1386 2906 1401 2931 ,
1456 2865 1667 2921 scilicet
1721 2866 1997 2935 spiritales

422 2956 784 3026 cogitationes
813 2964 870 3011 et
919 2954 1365 3024 complexiones,
1408 2954 1623 3026 Moyses
1676 2957 1822 3010 enim
1885 2974 1994 3011 πα-

421 3049 581 3121 τριάς
616 3057 772 3103 vocat
801 3048 1155 3118 cognationes
1178 3062 1271 3101 seu
1308 3044 1621 3111 aﬂiuitates,
1648 3057 1722 3102 est
1752 3058 1797 3102 et
1826 3050 1997 3103 nomi-

2103 1851 2434 1922 ἀσυμϐάτων
2455 1851 2624 1905 ὄντων
2650 1850 2805 1922 ήμῶν
2832 1851 2967 1923 πρὸς
2993 1852 3239 1917 ἑαυτοὺς,
3285 1850 3428 1906 ἀλλά
3467 1852 3675 1923 γινομέ-

2103 1962 2211 1998 νων
2234 1944 2292 1998 ἓν
2312 1943 2579 2008 ὲνοειδῶς,
2608 1944 2684 2007 ὡς
2708 1944 2802 1996 καὶ
2827 1942 2988 2007 αὐτὸς
3014 1943 3074 1997 ἓν
3098 1944 3245 1997 ἐστιν
3264 1983 3279 2008 ,
3316 1944 3397 2007 ὦς
3439 1961 3603 2016 φησιν
3625 1944 3675 1996 ὲν

2099 2038 2215 2100 τοῖς
2243 2037 2408 2107 ἱεροῖς
2446 2035 2815 2104 Εὐαγγελίοις.
2844 2035 3011 2090 Πάλιν
3035 2036 3241 2108 Τριάδα
3265 2077 3281 2102 ,
3309 2036 3390 2101 ὼς
3429 2037 3677 2108 τρισυπό-

2101 2143 2315 2192 στατον,
2344 2128 2439 2181 καὶ
2463 2127 2551 2180 διὰ
2584 2126 2683 2198 τὴν
2722 2128 2993 2199 πατρικὴν
3033 2128 3172 2200 ὑπὲρ
3196 2128 3409 2183 ἔννοιαν
3454 2129 3676 2200 ἄναρχον

2100 2221 2344 2292 πρόοδον,
2369 2222 2449 2285 είς
2465 2220 2720 2290 ἓκφανσιν
2742 2221 2837 2275 τοῦ
2855 2221 2983 2275 Υίοῦ
3004 2222 3209 2276 καὶτοῦ
3236 2222 3400 2292 ἀγίου
3426 2223 3674 2295 Πνεῦμα-

2097 2331 2209 2377 τος,
2232 2312 2301 2377 ἐξ
2324 2311 2399 2380 ἧς
2421 2313 2588 2367 πᾶσα
2618 2313 2830 2382 πατριὰ
2852 2314 2923 2367 ἐν
2945 2313 3176 2382 οὐρανῷ
3194 2313 3212 2385 (
3232 2314 3483 2386 δηλονότι
3509 2317 3579 2370 τὰ
3600 2318 3679 2370 οὐ-

2102 2404 2261 2476 ράνια
2284 2404 2579 2475 τάγματα),
2606 2406 2701 2459 καὶ
2721 2405 2819 2458 ἐπὶ
2844 2405 2956 2475 γῆς
2978 2404 3258 2477 (δηλονότι
3288 2407 3343 2459 αἱ
3392 2424 3678 2478 πνευματι-

2098 2495 2194 2547 καὶ
2220 2495 2531 2563 συγγένειαι
2575 2496 2669 2548 καὶ
2715 2494 3095 2566 ἀλληλουχίαι,
3149 2496 3391 2567 πατριὰς
3428 2498 3543 2569 γὰρ
3586 2498 3675 2562 τὰς

2100 2587 2416 2656 συγγενείας
2435 2588 2596 2654 φησὶν
2611 2590 2640 2641 ὁ
2661 2588 2920 2659 Μωῦσῆς)
2936 2590 3066 2643 ἐστι
3096 2606 3160 2643 τε
3184 2589 3284 2642 καὶ
3316 2589 3675 2660 ὀνομάζεται.

2110 2679 2197 2743 Ὠς
2222 2679 2396 2733 αίτίαν
2422 2690 2479 2734 σε
2500 2696 2610 2733 των
2634 2679 2821 2745 ὄντων,
2838 2680 2917 2733 ὅτι
2943 2681 3038 2734 καὶ
3063 2682 3239 2735 πάντα
3263 2684 3331 2735 ὲκ
3364 2684 3583 2755 Πατρδς
3599 2681 3680 2734 διὰ

2097 2768 2192 2822 τοῦ
2221 2768 2349 2823 Υίοῦ
2376 2772 2434 2824 ὲν
2458 2770 2598 2841 ἁγίῳ
2620 2772 2967 2840 ἐγεγόνεισαν
3011 2772 3291 2843 Πνεύματι
3311 2813 3328 2837 ,
3370 2775 3678 2843 οὐσιοποιη-

2098 2860 2277 2927 θέντα,
2308 2863 2368 2915 οὐ
2407 2862 2495 2916 διὰ
2520 2862 2729 2934 χρείαν,
2768 2863 2881 2916 ἀλλ’
2910 2864 3236 2933 ἀγαθότητα.
3280 2865 3464 2937 Σοφὴν
3490 2866 3547 2919 δὲ
3591 2866 3680 2919 καὶ

2097 2953 2287 3026 καλὴν,
2312 2955 2397 3007 ὅτι
2419 2955 2599 3009 πάντα
2620 2954 2688 3007 τὰ
2718 2954 2813 3008 τοῦ
2850 2954 2986 3008 Θεοῦ
3030 2955 3496 3030 δημιουργήματα
3544 2958 3675 3012 καλὰ

2094 3046 2214 3100 λίαν
2239 3046 2492 3115 γεγόνασι
2518 3047 2612 3101 καὶ
2627 3047 2783 3101 εἰσίν.
2804 3048 2865 3100 El
2886 3047 2959 3118 μὴ
2975 3043 3043 3118 ἦν
3063 3043 3155 3101 οὖν
3181 3049 3346 3118 σοφὸς
3364 3052 3395 3103 ό
3416 3051 3674 3123 δημιουρ-

420 3150 601 3196 natur.
630 3138 699 3194 Ut
736 3154 918 3193 rerum
954 3153 1198 3205 causam,
1225 3138 1485 3206 quoniam
1515 3140 1683 3193 etiam
1711 3141 1894 3195 omnia

2198 3178 2212 3201 ,
2242 3138 2358 3202 πῶς
2387 3137 2527 3191 αὐτὰ
2551 3138 2838 3207 γεγόνασι;
2890 3138 2985 3191 καὶ
3012 3138 3059 3190 εί
3111 3138 3186 3209 μὴ
3220 3134 3294 3210 ἦν
3334 3120 3527 3208 καλός,
3566 3120 3674 3205 πῶς

420 3232 583 3286 Patre
613 3246 710 3301 per
736 3230 933 3285 Filium
969 3229 1022 3283 in
1073 3229 1275 3298 Spiritu
1309 3239 1502 3285 sancto
1538 3229 1680 3284 facta
1731 3241 1879 3298 sunt,
1939 3241 1995 3287 et

419 3323 714 3376 essentiam
746 3320 908 3391 305
947 3330 1295 3390 acceperunt,
1336 3337 1445 3375 non
1498 3332 1723 3391 propter
1753 3324 1994 3379 necessi-

421 3425 613 3476 tatem,
641 3414 733 3468 sed
754 3422 974 3483 propter
1003 3413 1327 3467 bonitatem.
1360 3411 1427 3467 Ut
1449 3414 1749 3482 sapientem
1774 3430 1991 3485 quoque

420 3520 489 3559 ac
516 3504 827 3574 pulchram,
854 3503 1110 3572 quoniam
1145 3519 1340 3559 omnes
1381 3514 1647 3559 creaturae
1694 3504 1785 3560 Dei
1840 3508 1993 3562 bona:

418 3594 579 3648 valde
605 3592 764 3648 facta:
791 3602 942 3657 sunt,
971 3602 1027 3648 et
1079 3603 1225 3648 sunt.
1252 3592 1364 3649 Nisi
1398 3594 1578 3664 itaque
1618 3595 1846 3651 Creator
1877 3608 1993 3653 erat

416 3685 661 3756 sapiens,
684 3684 955 3755 quomodo
986 3682 1145 3740 factae
1171 3686 1336 3739 sunt?
1366 3696 1421 3740 et
1452 3685 1554 3741 nisi
1588 3696 1707 3742 erat
1739 3688 1991 3757 pulcher,

416 3775 687 3845 quomodo
738 3775 868 3847 ipsa;
912 3776 1153 3846 pulchra:
1220 3776 1391 3831 sunt?
1426 3777 1480 3831 in
1541 3783 1749 3833 tantum
1806 3789 1989 3836 autem

414 3868 656 3938 pulchra:
682 3876 832 3932 sunt,
875 3867 927 3921 in
962 3877 1228 3938 quantum
1280 3879 1506 3924 manent
1553 3870 1607 3924 in
1637 3872 1873 3927 naturali
1898 3889 1986 3929 or-

414 3959 613 4015 «linein
644 3975 755 4029 quo
781 3960 1057 4029 producta:
1089 3969 1237 4017 sunt.
1296 3960 1584 4017 Perversio
1628 3971 1833 4027 autem,
1869 3980 1989 4034 quae

415 4060 606 4105 contra
632 4062 882 4105 naturam
904 4061 1007 4115 est,
1033 4051 1150 4106 sive
1194 4051 1245 4106 iu
1273 4052 1503 4122 angelis,
1533 4054 1649 4109 sive
1682 4055 1734 4109 in
1768 4055 1986 4121 animis,

415 4142 529 4195 sive
557 4142 610 4195 in
635 4142 1045 4213 quibuscunque
1065 4143 1389 4212 corporibus
1407 4145 1661 4209 exsistat,
1683 4145 1984 4215 pulchritu-

415 4234 595 4286 dinem
629 4232 882 4297 destruit,
910 4245 967 4287 et
990 4233 1060 4287 ab
1103 4233 1206 4288 hac
1260 4234 1559 4291 deﬁciendo
1597 4237 1986 4306 turpitudinem

413 4333 692 4392 operatur.
717 4323 990 4395 Singulari
1039 4340 1170 4380 vero
1225 4341 1409 4381 amore
1459 4327 1755 4382 humanum
1813 4344 1985 4399 genus

415 4414 890 4485 complectentem,
920 4417 1177 4484 quoniam
1211 4417 1265 4470 in
1297 4419 1528 4473 veritate
1565 4435 1670 4473 una
1703 4419 1984 4475 Trinitatis

412 4521 647 4576 persona
679 4508 961 4560 incarnata
995 4514 1101 4570 est,
1140 4516 1196 4561 et
1238 4507 1538 4576 perfectum
1583 4510 1858 4566 hominem
1900 4526 1984 4566 as-

411 4596 647 4665 sumpsit
678 4595 816 4665 (hoc
868 4597 1013 4650 enim
1047 4597 1271 4651 denotat
1320 4613 1422 4652 vox
1458 4599 1689 4670 integre)
1718 4601 1981 4671 nobisque

411 4707 470 4745 se
501 4690 948 4753 communicavit,
987 4704 1250 4745 revocans
1278 4692 1344 4745 ad
1382 4708 1442 4746 se
1500 4694 1715 4763 sibique
1746 4694 1981 4765 jungens

412 4784 707 4837 humanam
738 4781 1196 4847 exinanitinuem,
1224 4798 1290 4836 ex
1321 4799 1423 4852 qua
1456 4784 1692 4838 humana
1732 4785 1982 4840 exinani-

412 4877 557 4929 tione
592 4876 877 4930 divinitate
906 4876 1136 4944 simplex
1188 4874 1345 4930 Jesus
1393 4887 1475 4931 est
1515 4877 1871 4946 compositus,
1923 4885 1981 4933 et

410 4978 605 5020 natura
636 4966 832 5035 duplex
871 4968 1121 5032 exstitit;
1157 4983 1221 5022 ac
1251 4968 1341 5035 qui
1369 4976 1605 5023 aeternus
1638 4978 1720 5023 est
1769 4978 1979 5039 tempo-

410 5058 581 5111 ralem
606 5058 840 5126 sumpsit
867 5058 1263 5121 accessionem,
1292 5057 1502 5113 scilicet
1541 5059 1595 5112 in
1649 5075 1817 5113 carne
1846 5075 1979 5115 con-

407 5150 805 5214 versationem;
833 5165 935 5205 nec
974 5165 1081 5205 non
1128 5150 1180 5203 in
1212 5164 1403 5203 natura
1432 5158 1614 5203 nostra
1650 5149 1861 5202 exstitit
1891 5164 1977 5205 se-

412 5240 653 5295 cundum
678 5241 996 5312 hypostasin
1032 5241 1135 5310 ipsi
1170 5242 1373 5305 unitus,
1415 5239 1507 5308 qui
1539 5240 1851 5294 universum
1881 5256 1977 5294 na-

414 5342 548 5385 tura:
569 5333 815 5388 ordinem
839 5334 1131 5387 divinitate
1162 5332 1523 5395 transcendit,
1560 5331 1976 5385 immutabiliter

407 5421 1135 5478 etinconfuseincarnatus.
1183 5423 1251 5477 Et
1290 5437 1647 5494 quascunque
1701 5421 1835 5478 alias
1875 5424 1974 5477 do-

399 5512 620 5594 ctrinas
651 5512 948 5583 Scripturis
980 5527 1224 5568 consone
1244 5552 1260 5580 ,
1311 5522 1708 5583 praeceptorum
1766 5523 1973 5569 nostro-

484 5656 515 5685 ι
544 5642 684 5701 Psal.
718 5662 862 5712 χειν,
893 5649 943 5701 4.
1019 5656 1048 5697 γ
1076 5648 1093 5703 ι
1122 5649 1250 5709 Cor.
1273 5664 1331 5714 ιι,
1360 5648 1443 5703 ll.
1525 5659 1545 5687 κ
1571 5648 1728 5705 Joan.
1762 5667 1895 5717 xm,
1927 5652 2016 5707 ﬁl.

2095 3227 2236 3282 αὑτά
2260 3228 2432 3293 καλά;
2460 3228 2609 3292 Τέως
2631 3227 2687 3281 δὲ
2706 3226 2864 3292 καλὰ,
2895 3227 2980 3297 ἐφ’
3022 3228 3144 3281 ὅσον
3165 3230 3224 3281 ὲν
3247 3232 3317 3300 τῇ
3345 3232 3497 3284 κατά
3523 3232 3675 3301 φύσιν

2094 3319 2170 3383 ὡς
2198 3318 2450 3387 γεγόνασι
2487 3318 2705 3390 μένουσι
2733 3318 2903 3383 τάξει.
2969 3319 3033 3372 Ἦ
3076 3319 3132 3372 δὲ
3178 3320 3275 3373 τοῦ
3324 3322 3475 3376 κατά
3522 3325 3675 3393 φύσιν

2094 3409 2441 3481 παρατροπὴ,
2471 3409 2581 3462 εἴτε
2606 3411 2662 3463 ἐν
2690 3409 2960 3477 ἀγγέλοις,
2987 3409 3095 3462 εἴτε
3122 3412 3182 3463 ἐν
3216 3410 3446 3482 ψυχαῖς,
3489 3414 3597 3467 εἴτε
3622 3416 3674 3466 ὲν

2092 3499 2395 3554 ὁποιοισοῦν
2426 3498 2639 3570 σώμασι
2666 3500 2946 3571 γινομένη,
2974 3499 3034 3551 τὸ
3060 3498 3255 3563 κάλλος
3278 3500 3569 3565 ἀπόλλυσι,
3587 3503 3674 3555 καὶ

2092 3595 2159 3664 τῇ
2187 3591 2377 3645 τούτου
2405 3592 2493 3645 δια
2500 3608 2637 3663 μαρτ
2648 3590 2702 3662 ίᾳ
2716 3591 2776 3643 τὸ
2795 3586 2981 3661 αἶσχος
2996 3590 3059 3662 δη
3069 3608 3188 3661 μιου
3197 3592 3341 3662 ργεῖ.
3379 3592 3677 3664 Φιλάνθρω-

2093 3700 2193 3736 πον
2218 3682 2274 3735 δὲ
2306 3683 2398 3735 xal.
2426 3680 2622 3753 μᾶλλον
2650 3681 2826 3746 τοῦτο,
2856 3682 2937 3735 ὅτι
2969 3681 3254 3753 ὲσαρκώθη
3295 3683 3355 3736 ὲν
3397 3682 3620 3755 ἀληθεία
3649 3684 3675 3733 ὁ

2090 3776 2192 3846 τῆς
2217 3775 2446 3846 Τριάδος
2469 3771 2569 3839 εἷς,
2596 3775 2691 3827 καὶ
2728 3773 2933 3826 τέλειον
2975 3772 3262 3844 ἄνθρωπον
3308 3774 3673 3846 προσελάϐετο

2092 3866 2288 3938 (τοῦτο
2332 3867 2443 3939 γάρ
2501 3867 2619 3919 ἐστι
2657 3865 2718 3919 τὸ
2758 3865 3009 3936 ὀλικῶς)
3057 3867 3152 3919 καὶ
3198 3869 3313 3930 τοῖς
3362 3867 3491 3920 καθ’
3532 3868 3673 3938 ἡμᾶς

2089 3958 2443 4031 ἐκοινώνησεν
2463 3958 2858 4030 ἀνακληθείσης
2879 3958 2977 4028 τῆς
3002 3958 3353 4030 ἀνθρωπίνης
3379 3960 3671 4023 οὐθενείας,

2089 4048 2148 4114 ἐξ
2174 4043 2242 4119 ἦς
2272 4048 2372 4119 τῆς
2394 4048 2741 4119 ἀνθρωπίνης
2776 4049 3030 4118 ἐσχατιᾶς
3060 4050 3088 4101 ό
3112 4047 3322 4113 ἁπλοῦς
3358 4054 3430 4122 τῇ
3463 4050 3671 4121 θεότητι

2103 4141 2307 4213 Ἰησοῦς
2336 4141 2615 4213 συνετέθη,
2648 4141 2743 4194 καὶ
2774 4139 2996 4204 διπλοῦς
3023 4143 3091 4212 τῇ
3129 4140 3291 4210 φύσει
3333 4143 3547 4211 γέγονε,
3580 4145 3672 4196 καὶ

2086 4233 2116 4284 ό
2141 4232 2309 4293 ἀΐδιος
2337 4231 2639 4303 παράτασιν
2677 4228 2866 4300 εἴληφε
2895 4230 3169 4301 χρονικὴν,
3188 4230 3449 4302 ’δηλονότι
3481 4236 3579 4305 τὴν
3617 4238 3673 4287 ἐν

2088 4323 2252 4394 σαρκὶ
2276 4321 2570 4393 διαγωγήν·
2598 4322 2691 4375 καὶ
2717 4322 2848 4374 εἴσω
2868 4321 2968 4392 τῆς
2993 4321 3115 4376 καθ’
3139 4324 3289 4394 ἡμᾶς
3318 4325 3535 4393 φύσεως
3558 4328 3671 4395 ὲγε-

2086 4416 2233 4484 γόνει
2256 4414 2376 4468 καθ’
2405 4414 2702 4470 ὑπόστασιν
2728 4415 2864 4485 αὐτῇ
2899 4415 3118 4479 ὲνωθεὶς
3135 4455 3150 4479 ,
3179 4417 3208 4468 ὁ
3235 4417 3422 4489 πάσης
3447 4417 3671 4489 ἐκϐεϐη-

2015 4478 2059 4533 D
2088 4478 2198 4571 κὼς
2238 4506 2472 4576 φυσικῆς
2511 4506 2716 4573 τάξεως
2751 4509 2816 4579 τῇ
2839 4478 3110 4579 ..θεότητι,
3138 4478 3535 4581 ἀμεταϐλήτως
3580 4478 3670 4562 καὶ

2089 4594 2407 4665 ἀσυγχύτως
2431 4594 2869 4665 ὲνανθρωπήσας.
2897 4596 3006 4649 Καὶ
3031 4596 3162 4659 ὅσας
3205 4596 3377 4662 ἄλλας
3421 4600 3669 4653 διδασκαο

2087 4685 2206 4750 λίας
2228 4687 2347 4749 ταῖς
2364 4686 2607 4756 Γραφαῖς
2632 4686 2937 4752 ἀκολούθως
2963 4688 2996 4758 ἡ
3021 4686 3131 4741 τῶν
3148 4688 3490 4744 διδασκάλων
3514 4690 3669 4761 ἡμῶν

2088 4777 2293 4849 κρυφία
2335 4778 2627 4850 παράδοσις
2673 4781 2731 4831 ὲν
2781 4780 3061 4852 μυστηρίῳ
3088 4778 3269 4852 (τοῦτο
3313 4783 3427 4855 γάρ
3476 4785 3671 4837 ἔστιτὸ

2087 4869 2562 4942 ἐκφαντορικῶς)
2646 4875 2777 4944 ἡμῖν
2830 4874 3158 4946 ἐδωρήσατο,
3187 4874 3317 4945 (καὶ
3343 4878 3667 4948 σημείωσαι,

2083 4965 2166 5018 ὅτι
2194 4963 2362 5019 πολλά
2386 4967 2497 5028 τοῖς
2529 4964 2756 5027 τελείοις
2783 4964 2868 5018 διὰ
2892 4966 3049 5035 λόγου
3073 4967 3439 5038 παρεδίδοσαν
3464 4971 3510 5022 οἱ
3534 4969 3673 5022 ἀπό-

2086 5055 2260 5109 στολοι
2291 5054 2679 5128 μυστηριωδῶς
2716 5056 3209 5122 ἀποκαλύπτοντες·
3237 5058 3322 5112 διὸ
3348 5062 3447 5113 καὶ
3470 5061 3671 5114 ὁἉπό-

2086 5150 2289 5213 στολος,
2314 5150 2539 5220 γράφων
2565 5148 3033 5214 Θεσσαλονικεῦσι,
3064 5152 3217 5221 φησι,
3245 5153 3447 5225 χρῆναι
3473 5154 3665 5217 φυλάτ-

2081 5258 2196 5295 τειν
2222 5242 2417 5305 αὐτοὺς
2444 5240 2479 5295 ἃ
2505 5241 2743 5311 ἤκουσαν
2767 5241 2889 5295 εἶτε
2923 5241 3021 5296 διὰ
3055 5244 3257 5312 λόγων
3283 5246 3409 5298 εἴτε
3438 5244 3510 5298 δι’
3535 5244 3667 5296 ἑπι-

2083 5334 2332 5402 στολῆςο
2382 5334 2476 5387 καὶ
2517 5331 2764 5403 Τιμοθέῳ
2812 5332 3136 5405 παραθήκην
3174 5334 3354 5403 λέγων
3378 5336 3669 5391 δεδωκέναι

2079 5428 2139 5480 ἐν
2166 5426 2502 5499 μυστηρίῳ),
2539 5423 2710 5477 ταῦτα
2738 5425 2833 5479 καὶ
2857 5428 3019 5498 ἡμεῖς
3058 5427 3417 5499 μεμυήμεθα·
3448 5429 3538 5484 νῦν
3563 5429 3669 5501 μὲν

2080 5520 2173 5574 καὶ
2198 5519 2338 5574 κατὰ
2362 5518 2458 5573 τοῦ
2487 5517 2604 5589 βίου
2641 5516 2853 5588 καιρὸν,
2895 5516 3173 5590 ἀναλόγως
3199 5523 3269 5593 τῇ
3307 5522 3538 5595 δυνάμει
3561 5522 3667 5595 τῆς

2093 5668 2118 5696 ι
2151 5655 2348 5725 Ephes.
2387 5671 2469 5720 ιιι,
2498 5654 2581 5707 l5.
