3742 6320
15 276 158 331 621

979 275 1019 329 S
1054 273 1450 341 NOMlNlBUS,
1485 275 1641 332 CAP.
1677 275 1722 331 Ι.
1756 308 1823 317 --
1858 274 2209 333 PARAPHR.
2248 276 2723 336 PACHYMEBIE.

3236 288 3346 343 82?.

24 386 351 459 ἡμετέρας
376 385 637 458 νοήσεως,
674 384 764 440 διά
805 402 866 441 τε
908 387 1205 459 Γραφικῶν
1229 405 1502 461 παραπετι

1868 404 1894 441 n
1941 404 2144 444 arcana
2205 391 2430 447 traditio
2476 394 2533 448 in
2583 393 3011 467 mysterioﬂioc
3058 399 3207 455 enim
3258 415 3346 460 est

12 497 190 541 των,
238 480 373 533 ὅταν
420 477 649 549 λέγηται
699 480 798 531 ἐπὶ
839 478 938 549 μὲν
966 480 1125 544 Θεοῦ,
1166 481 1244 545 ὡς
1284 479 1418 553 πῦρ,
1458 481 1552 534 καὶ
1589 480 1665 543 ὡς

15 568 271 641 γέρων,
302 570 394 623 καὶ
416 570 492 633 ὡς
520 569 769 623 παλαίων
803 568 883 640 τῷ
919 570 1133 635 Ἰακὼϐ,
1163 573 1259 625 καὶ
1282 572 1383 626 ὅσα
1416 571 1660 627 τοιαῦτα·

13 664 146 716 ἐπὶ
184 664 246 717 δὲ
272 663 538 732 ἀγγέλων,
565 663 641 728 ὡς
664 663 732 717 τὰ
761 664 1129 739 θηριόμορφα,
1167 667 1263 720 καὶ
1295 668 1344 719 οἱ
1372 666 1663 730 νεανίσκοι,

18 758 150 810 καὶ
190 760 249 810 αἰ
289 757 473 811 λοιπαὶ
512 759 741 824 εἰκόνες.
789 759 975 813 Ταῦτα
1015 762 1123 831 γάρ
1171 762 1278 813 εἱσι
1301 759 1371 813 τὰ
1410 778 1663 832 παραπε-

16 851 352 923 τάσματα,
406 851 480 922 μὴ
525 852 759 923 ἐχόντων
806 852 965 924 ἡμῶν
1024 853 1247 924 ἀμέσως
1304 852 1665 925 προσϐάλλειν

18 945 181 1007 τοῖς
216 944 534 1015 πράγμασι,
576 944 674 997 καὶ
697 943 786 998 διὰ
826 944 986 998 τοῦτο
1025 945 1298 1016 δεομένων
1325 945 1668 1017 περικαλυμ-

24 1033 264 1102 μάτων
315 1033 518 1099 τινῶν,
561 1035 706 1109 ἅπερ
753 1036 860 1089 εἰσὶ
902 1036 971 1089 τά
1019 1038 1415 1109 προειρημένα.
1462 1038 1561 1091 Διά
1606 1055 1667 1091 τε

21 1122 202 1191 γοῦν
242 1124 348 1194 τῆς
388 1123 594 1179 τούτων
620 1126 1051 1198 φιλανθρωπίας,
1082 1129 1177 1182 καὶ
1212 1127 1315 1181 εἴτι
1341 1128 1450 1180 τῶν
1479 1130 1665 1200 ἱεραρ-

23 1217 241 1286 χικῶν
270 1218 642 1289 παραδόσεων,
670 1220 772 1290 τὴν
815 1219 1016 1293 μύησιν
1040 1221 1256 1293 ἔχομεν.
1290 1223 1401 1275 Καὶ
1428 1222 1669 1294 σημείω-

27 1326 179 1371 σαι,
212 1310 300 1362 ὃτι
323 1312 416 1365 καὶ
440 1312 608 1365 πολλὰ
636 1313 1125 1383 ὲμυσταγωγοῦντο
1146 1314 1409 1386 ἀγράφως
1431 1316 1479 1367 οἱ
1498 1315 1664 1383 ἆγιοι.

25 1401 111 1453 Τί
172 1401 238 1455 δέ
289 1404 402 1455 ἐστι
456 1404 516 1457 τὺ
567 1403 947 1475 φιλάνθρωπον
1012 1404 1117 1458 τῶν
1174 1405 1336 1477 ἱερῶν
1394 1404 1665 1476 Γραφῶνς

28 1493 194 1546 Ὀτι
223 1493 370 1546 κατά
394 1494 674 1565 ἀγάπησιν
698 1494 871 1558 θείαν,
901 1496 988 1549 ἵνα
1014 1496 1236 1568 χωρηθῇ
1264 1496 1327 1549 τὸ
1353 1496 1543 1568 νοητὸν
1572 1497 1668 1551 καὶ

26 1582 361 1655 ἀχώρητον
402 1586 461 1638 ἐν
507 1586 671 1656 ἡμῖν,
721 1585 997 1658 αἰσθητοῖς
1042 1587 1332 1658 συμϐόλοις
1374 1588 1666 1660 ἐχρήσατο,

24 1675 234 1728 οἱονεί
254 1692 367 1728 τισι
389 1674 862 1747 περικαλύμμασι,
880 1677 974 1731 καὶ
998 1677 1067 1731 τά
1089 1678 1472 1749 ἀσχημάτιοτα
1495 1679 1669 1731 εἰκον-

1766 478 2197 552 ὲκφαντορικῶς)
2248 483 2403 539 nobis
2439 485 2666 541 indulsit
2703 487 2829 557 (ubi
2883 501 3033 559 nota,
3068 496 3347 563 apostolos

1767 570 2025 638 perfectis
2061 587 2160 640 per
2194 587 2506 629 sermonem
2532 577 2701 631 multa
2754 584 3010 651 mysteria
3052 586 3349 647 revelando

1770 663 2091 731 tradidisse;
2127 680 2298 733 quare
2323 676 2380 721 et
2412 668 2705 736 Apostolus
2736 675 2801 727 ad
2829 674 3349 737 Thessalonicenses

1768 752 2016 808 scribens
2052 755 2149 820 ait,
2174 768 2430 825 oportere
2459 759 2606 829 ipsos
2638 777 2861 819 servare
2883 782 3003 835 qua;
3028 771 3350 827 audiverant

1766 843 1875 895 sive
1901 860 1993 911 per
2020 862 2335 914 sermonem,
2370 851 2476 904 sive
2514 868 2607 919 per
2649 855 2929 921 epistolam
2968 858 2996 899 ιδ
3031 870 3128 915 :et
3160 860 3347 917 Timo-

1770 934 1896 989 theo
1936 936 2102 1002 dicit,
2133 953 2193 993 se
2222 940 2531 1010 depositum
2580 945 2796 1000 dedisse
2834 949 2888 1003 in
2921 954 3206 1025 mysterio)
3248 957 3348 1012 has

1768 1033 1822 1077 et
1862 1040 1960 1079 nos
2005 1043 2223 1098 quoque
2257 1030 2574 1100 hausimus;
2618 1052 2761 1091 nunc
2796 1040 3012 1108 quidem
3045 1045 3210 1100 etiam
3246 1047 3349 1103 hu—

1762 1112 1852 1184 jus
1881 1114 2006 1170 vitze
2046 1127 2314 1187 tempore,
2365 1124 2734 1195 intelligentia:
2774 1139 2974 1186 nostra:
3012 1135 3217 1193 viribus
3255 1156 3350 1195 ae-

1769 1207 2132 1276 commodate,
2185 1227 2282 1280 per
2324 1215 2589 1271 velamina
2643 1218 3048 1292 Scripturarum
3110 1241 3168 1283 ut
3220 1247 3345 1289 cum

1770 1299 1989 1367 dicitur,
2040 1302 2181 1357 Deus
2217 1306 2435 1374 quidem
2461 1347 2478 1371 ,
2510 1310 2659 1364 velut
2687 1312 2849 1381 ignis,
2876 1327 2935 1371 et
2973 1328 3231 1390 tanquam
3261 1340 3349 1380 se-

1770 1409 1897 1459 nex,
1937 1408 1991 1451 et
2028 1399 2169 1453 sicut
2201 1400 2415 1458 luctans
2444 1420 2566 1459 cum
2614 1406 2783 1464 Jacob
2814 1420 2869 1466 et
2898 1413 3136 1480 similia;
3165 1421 3346 1489 angeli

1772 1502 1921 1552 vero,
1968 1490 2114 1544 velut
2160 1490 2351 1548 formae
2374 1493 2647 1563 ferarum,
2680 1500 3014 1573 iuvenesque
3048 1519 3104 1561 et
3135 1521 3350 1566 aeterm

1772 1577 2134 1669 figuraezllzec
2164 1586 2308 1639 enim
2354 1598 2481 1641 sunt
2511 1589 2799 1655 velamina,
2839 1597 2980 1663 quod
3024 1612 3128 1652 non
3173 1604 3350 1669 possi-

1773 1686 1894 1727 mus
1940 1674 2254 1730 immediate
2294 1679 2460 1733 rebus
2510 1680 2641 1750 ipsis
2670 1682 2951 1756 conjungi,
2984 1690 3234 1760 adeoque
3258 1708 3351 1747 ve-

27 1767 317 1838 ούργησε
336 1807 351 1831 ,
391 1768 486 1821 καὶ
520 1767 589 1822 τὰ
614 1767 761 1822 ἁπλᾶ
786 1769 843 1821 ὲν
870 1771 935 1840 τῇ
982 1768 1225 1841 ποικιλίᾳ
1255 1769 1365 1823 τῶν
1397 1788 1500 1842 μερ

1874 1765 2068 1821 ιίιιίιηιε
2118 1768 2444 1837 quibusdam
2491 1787 2627 1842 opus
2674 1751 3004 1847 habeamus,
3056 1751 3178 1851 qua;
3224 1794 3352 1839 sunt

33 1857 380 1929 συμϐόλων·
433 1859 521 1911 ὅτε
575 1859 818 1929 δηλονότι
861 1858 1270 1931 ἀνθρωπολογεῖ
1317 1863 1350 1932 ἡ
1391 1861 1582 1932 Γραφὴ
1608 1859 1669 1913 τὸ

30 1952 252 2016 Θεῖον,
285 1951 454 2016 πόδας
480 1954 574 2017 καὶ
600 1955 790 2024 χεῖρας
832 1953 929 2006 καὶ
956 1953 1245 2025 πρόσωπον
1285 1952 1436 2024 αὐτῷ
1457 1970 1668 2024 περιτι-

35 2042 249 2101 θεῖσα,
284 2040 551 2112 ἐπλήθυνε
593 2043 690 2096 καὶ
723 2042 981 2095 διέπλασε
1022 2042 1084 2095 τὸ
1123 2042 1181 2095 ἒν
1212 2045 1278 2113 τῇ
1312 2042 1471 2111 φύσει
1499 2042 1669 2096 πολλά

32 2136 179 2196 τοῖς
215 2132 509 2203 συμϐόλοις
538 2132 765 2188 ποιοῦσα
788 2134 883 2188 καὶ
922 2133 1281 2199 εἰκονίζουσα.
1313 2135 1423 2188 Καὶ
1444 2134 1540 2188 νῦν
1570 2133 1669 2205 μὲν

35 2226 266 2291 οὕτως·
315 2226 372 2279 ἐν
402 2244 461 2279 τε
498 2230 565 2298 τῇ
594 2227 911 2295 ἀναστάσει,
946 2229 1036 2282 ὅτε
1070 2227 1452 2298 Χριστοειδοῦς
1485 2227 1669 2295 τευξό-

40 2318 217 2390 μεθα
268 2318 659 2382 καταστάσεως
706 2318 899 2389 (τοῦτο
939 2321 1046 2389 γάρ
1092 2322 1210 2373 ἐστι
1281 2319 1344 2373 τὸ
1387 2318 1664 2392 λήξεως),

38 2406 337 2461 πάντοτε
363 2406 487 2460 σὺν
508 2409 704 2475 Κυρίῳ
726 2408 1005 2478 ἐσόμεθα,
1029 2408 1171 2463 κατά
1199 2409 1291 2462 τὸν
1325 2408 1666 2474 Ἀπόοτολον,

39 2498 559 2571 ἀποπληρούμενοι
609 2502 705 2571 μὲν
751 2502 975 2571 καὶτῆς
1016 2502 1219 2574 ὁρατῆς
1262 2502 1427 2557 αὐτοῦ
1469 2502 1667 2574 θεοφα-

38 2592 259 2655 νείας,
316 2592 397 2645 ὅτι
450 2592 537 2645 ἀεί
596 2593 746 2646 ἐστιν
809 2592 1115 2666 ἀδιαίρετος
1163 2597 1231 2666 τῇ
1297 2596 1668 2669 ὲμψυχωμένῃ

41 2687 243 2758 σαρκὶ
275 2687 344 2757 ἦν
371 2686 753 2759 προσελάϐετο,
783 2687 1261 2760 περιαυγαζούσης
1279 2691 1339 2743 ὲν
1376 2707 1669 2761 μαρμαρυ-

38 2786 201 2853 γαῖς
235 2784 371 2854 ἡμῖν
390 2784 737 2852 φανοτάταις,
757 2782 941 2847 καθὼς
967 2783 1062 2835 καὶ
1080 2783 1139 2835 ὲν
1150 2784 1217 2853 τῇ
1244 2781 1668 2854 μεταμορφώσει

40 2879 274 2948 ἐφάνη·
301 2877 618 2948 μετέχοντες
637 2876 691 2930 δὲ
709 2877 922 2947 καὶτῆς
942 2874 1139 2945 νοητῆς
1168 2875 1520 2944 φωτοδοσίας,
1545 2876 1668 2945 ἥτις

39 2970 190 3024 ἐστὶ
228 2969 329 3023 καὶ
358 2968 499 3042 ὑπὲρ
526 2969 650 3025 νοῦν
678 2971 772 3024 καὶ
809 2970 951 3025 κατά
979 2970 1104 3024 νοῦν
1126 2971 1320 3034 ἓνωσις
1345 2968 1506 3041 (κατὰ
1540 2968 1667 3023 νοῦν

39 3061 177 3132 γὰρ
211 3058 369 3113 ἔσται
403 3061 533 3131 ἡμῖν
553 3060 835 3132 μεθεκτή),
857 3061 978 3114 τότε
994 3060 1355 3132 τελεωτέρως,
1377 3061 1527 3123 ὅταν,
1544 3061 1667 3112 ὲπι-
1695 3093 1736 3151 C

44 3151 414 3223 στραφέντες
435 3151 573 3223 πρὸς
602 3152 752 3217 Θεὸν,
776 3152 985 3206 ἐκεῖθεν
1008 3152 1228 3215 τελείως
1248 3151 1665 3224 ἐλλαμπόμενοι,

36 3243 328 3307 ἓνοειδῶς
372 3244 658 3315 γενώμεθα
706 3244 797 3309 ἓν,
850 3244 1302 3317 ἐλευθερωθέντες
1357 3243 1469 3298 τῶν
1528 3243 1668 3298 κατά

44 3336 332 3391 σύνθεσιν
379 3338 510 3407 ἡμῖν
559 3339 912 3411 ὲτεροτήτων,
963 3338 1204 3409 δηλονότι
1248 3338 1358 3390 τῶν
1385 3337 1668 3409 κοσμικῶν

47 3425 391 3497 ἐπιθυμιῶν
416 3428 511 3481 καὶ
536 3427 863 3499 αἰσθήσεων·
886 3427 1046 3481 τοῦτο
1072 3428 1182 3500 γάρ
1209 3430 1359 3482 ὲστιν
1388 3431 1417 3481 ὁ
1448 3428 1666 3500 ἀπαθὴς

43 3522 161 3574 καὶ
216 3519 384 3582 ἀῡλος
429 3518 575 3584 νοῦς.
622 3520 748 3584 Πῶς
796 3520 854 3573 δὲ
901 3518 1234 3591 μεθέξομενς
1281 3523 1338 3574 ὲν
1386 3521 1666 3585 ἐπιϐολαῖς

45 3612 382 3683 ἀγνώστοις
409 3612 519 3667 τῶν
548 3614 804 3667 ἀκτίνων.
838 3613 1002 3666 Ὅσον
1043 3613 1154 3686 γὰρ
1193 3615 1507 3685 ὲγγίσομεν,
1544 3632 1668 3667 τοσ-

41 3705 228 3758 οῦτον
280 3702 343 3755 τὸ
388 3703 664 3771 ἄγνωστον
691 3706 821 3775 ἡμῖν
850 3706 1156 3775 γενήσεται·
1195 3706 1288 3758 καὶ
1323 3705 1445 3758 ὅσον
1474 3706 1667 3759 ἐπιϐα-

44 3795 157 3847 λοῦ
168 3810 279 3865 μεν
320 3796 387 3864 τῇ
421 3793 642 3865 θεωρίᾳ,
674 3793 930 3849 τοσοῦτον
958 3795 1019 3848 τὸ
1053 3794 1147 3849 τοῦ
1176 3795 1403 3866 ἀπείρου
1432 3796 1666 3865 πέλαγος

47 3883 538 3955 πλατυνθήσεται,
583 3888 643 3939 ὲν
690 3886 939 3958 θειοτέρα
990 3888 1219 3958 μιμήσει
1257 3888 1366 3941 τῶν
1397 3888 1663 3956 ἀγγέλων,

43 3976 321 4033 δηλονότι
366 3976 755 4049 ἀκριϐεστέρα·
800 3978 1084 4049 ,σημαίνων
1130 3978 1398 4043 ἐντεῦθεν,
1447 3980 1524 4043 ὡς
1570 3979 1665 4032 καὶ

46 4070 160 4124 νῦν
186 4068 617 4141 ἀγγελοπρεπὴς
646 4071 673 4121 ὁ
712 4068 821 4122 τῶν
856 4068 1027 4137 ἁγίων
1055 4069 1171 4139 βίος
1213 4072 1271 4123 ἐν
1299 4074 1365 4142 τῇ
1400 4070 1494 4123 τοῦ
1528 4069 1664 4124 Θεοῦ

46 4162 311 4225 αἰνέσει,
346 4163 439 4215 καὶ
463 4161 733 4233 ὑπεροψία
761 4160 871 4215 τῶν
908 4162 1209 4236 σαρκικῶν,
1240 4162 1343 4216 κᾶν
1365 4163 1424 4215 ού
1465 4182 1665 4218 παντε-

46 4257 165 4310 λεῖ·
218 4254 305 4307 διὸ
345 4255 439 4307 καὶ
474 4253 543 4307 τὰ
584 4254 685 4324 τῆς
731 4255 1014 4325 μιμήσεως
1056 4251 1429 4325 μετριώτερα,
1458 4254 1577 4307 τότε
1606 4255 1664 4308 δὲ

48 4349 328 4419 Θειοτέρα
358 4350 390 4419 ἡ
422 4348 651 4419 μίμησις
687 4348 994 4418 γενήσεται·
1021 4347 1346 4416 Ἰσάγγελοι
1372 4346 1663 4418 γάρ,κατά

1770 1854 2051 1921 praedicta.
2078 1855 2178 1911 His
2209 1857 2391 1929 itaque
2438 1860 2677 1918 humano
2705 1880 2857 1921 more
2906 1870 3061 1923 uobis
3100 1872 3349 1939 indultis,

1771 1953 1936 2014 atque
1988 1948 2209 2019 insuper
2254 1952 2634 2011 traditionibus
2680 1959 2977 2016 erudimur.
3028 1962 3128 2017 Ubi
3180 1977 3349 2036 nuta,

1769 2046 2235 2112 sanctosquoque
2265 2045 2433 2099 multa
2482 2062 2586 2102 non
2637 2050 2843 2120 scripto
2871 2054 3150 2115 didicisse.
3182 2060 3347 2126 Qua:-

1771 2145 1898 2183 nam
1954 2143 2137 2187 autem
2189 2144 2276 2188 est
2325 2137 2643 2196 humanitas
2693 2141 3147 2212 Scripturarum?
3192 2150 3347 2217 Quod

1769 2221 2027 2277 nimirum
2076 2227 2374 2281 secundum
2427 2229 2665 2284 divinam
2713 2232 3095 2305 dilectionem,
3149 2249 3209 2295 ut
3257 2256 3348 2297 res

1768 2313 2038 2384 spiritalis
2078 2326 2134 2370 et
2164 2317 2755 2389 incomprehensibilis,
2785 2339 2814 2377 a
2845 2325 3003 2383 nobis
3034 2341 3345 2400 caperetur,

1768 2403 1934 2475 306
1956 2406 2251 2462 sensilibus
2279 2408 2450 2479 signis
2478 2425 2574 2464 usa
2601 2412 2688 2476 sit,
2722 2422 2979 2483 tanquam
3024 2419 3347 2487 quibusdam

1770 2497 2126 2563 velamentis,
2154 2509 2213 2554 et
2252 2516 2343 2556 res
2372 2502 2694 2573 lniiguratas
2742 2505 3011 2577 figurarit,
3042 2511 3350 2582 simplices-

1768 2604 1875 2658 que
1903 2590 2249 2647 dividuorum
2298 2594 2576 2662 signorum
2606 2595 2870 2652 varietate
2902 2598 3215 2668 depinxerit
3244 2612 3351 2680 aut

1769 2683 1987 2751 quando
2013 2684 2270 2738 nimirum
2313 2683 2597 2755 Scriptura
2640 2686 2808 2742 Deum
2832 2687 3074 2746 humana
3103 2708 3234 2749 voce
3263 2694 3348 2749 lo—

1769 2784 2051 2844 quentem,
2080 2776 2248 2846 pedes
2275 2786 2333 2831 et
2368 2792 2561 2833 manus
2588 2780 2891 2850 faciemque
2930 2783 3007 2837 illi
3046 2785 3350 2857 circumpo-

1768 2883 1926 2934 nens,
1981 2870 2308 2939 multiplicat
2356 2882 2409 2925 et
2461 2870 2665 2940 elliugit
2716 2873 2768 2927 id
2812 2876 2953 2943 quod
3006 2887 3196 2932 natura
3247 2895 3347 2934 sua

1770 2975 1937 3014 unum
1967 2972 2073 3026 est,
2105 2976 2205 3031 per
2239 2962 2484 3033 symbola
2530 2965 2815 3034 variegans
2862 2977 2917 3021 et
2941 2967 3251 3025 etformans.
3284 2971 3349 3025 Et

1772 3066 1915 3107 nunc
1943 3052 2162 3122 quidem
2189 3054 2295 3119 sic;
2334 3064 2389 3109 at
2417 3054 2469 3108 in
2500 3058 2923 3120 resurrectione,
2954 3062 3172 3127 quando
3199 3061 3352 3117 Chri-

1772 3144 2078 3201 stil‘ormem
2108 3156 2312 3201 statum
2355 3162 2754 3216 consequemur
2780 3151 2906 3219 (huc
2940 3153 3085 3209 enim
3129 3155 3351 3211 denotat

1770 3250 1874 3289 vox
1915 3236 2145 3308 λήξεως)
2186 3254 2387 3305 semper
2426 3254 2544 3292 cum
2592 3238 2820 3293 Domino
2863 3243 3062 3297 erimus
3094 3254 3143 3307 ε,
3175 3251 3233 3297 ut
3273 3244 3353 3299 ait

1768 3328 2083 3396 Apostolus,
2105 3330 2306 3385 visibili
2336 3331 2551 3401 quidem
2579 3333 2863 3400 ipsiusmet
2892 3336 2981 3390 Dei
3013 3337 3352 3405 apparitione

1771 3423 1938 3491 pleni,
1967 3423 2225 3493 quoniam
2262 3424 2432 3491 ipsius
2460 3426 2715 3482 animata:
2737 3428 2909 3492 carni,
2941 3443 3105 3498 quam
3136 3444 3352 3486 assum-

1769 3514 1895 3580 psit,
1933 3512 2205 3567 indivulsa
2246 3514 2336 3569 lux
2384 3516 2543 3579 inest,
2571 3532 2693 3586 qua:
2720 3517 3069 3574 lucidissimis
3094 3535 3353 3577 corusca-

1770 3604 2009 3659 tionibus
2035 3606 2189 3660 nobis
2211 3607 2601 3675 resplendebit,
2624 3610 3081 3676 quemadmodum
3102 3616 3354 3682 apparuit

1768 3695 1823 3749 in
1885 3698 2409 3766 transfiguratione;
2456 3697 2814 3769 intelligibilis
2858 3714 2987 3753 veru
3038 3701 3185 3757 illius
3228 3703 3353 3758 illu-

1768 3788 2051 3841 strationis
2078 3787 2407 3857 participes,
2436 3805 2557 3857 qua:
2586 3800 2669 3844 est
2711 3792 2873 3845 etiam
2904 3806 3070 3862 supra
3111 3807 3350 3849 utentem

1767 3888 1823 3932 et
1846 3880 2140 3933 secundum
2174 3892 2408 3935 mentem
2438 3880 2565 3934 uuio
2590 3882 2911 3947 (secundum
2939 3894 3173 3941 mentem
3200 3888 3348 3942 enim

1769 3971 1913 4025 illam
1963 3971 2430 4039 participabimus)
2486 3981 2598 4025 tum
2647 3973 2978 4041 perfectius,
3009 3977 3227 4039 quando
3278 3983 3347 4033 ad

1772 4063 1939 4117 Deum
1969 4063 2262 4126 conversi,
2310 4061 2437 4117 inde
2484 4063 2725 4133 perfecte
2772 4065 3188 4134 illustrabituur,
3218 4071 3347 4124 uni-

1768 4154 2015 4210 formiter
2058 4156 2189 4225 quid
2237 4170 2404 4209 unum
2451 4155 2689 4221 erimus,
2724 4173 2755 4211 a
2805 4158 3214 4217 diversitatihus
3244 4178 3346 4216 no-

1768 4249 1899 4303 stris
1923 4264 2043 4318 qua:
2071 4263 2139 4302 ex
2169 4246 2568 4317 compositimae
2609 4250 2883 4315 oriuntur,
2918 4252 2969 4305 id
2998 4261 3081 4307 est
3124 4269 3152 4307 a
3183 4271 3346 4310 mun-

1770 4340 1928 4394 danis
1961 4340 2349 4409 cupiditatibus
2383 4340 2744 4410 seusibusque
2770 4342 3023 4413 liberati;
3060 4346 3164 4400 hoc
3202 4349 3349 4404 enim

45 4443 124 4495 τά
158 4440 295 4512 ἱερὰ
324 4440 650 4508 Εὑαγγέλια,
680 4440 780 4493 καὶ
814 4440 933 4495 vlol
959 4439 1127 4503 Θεοῦ,
1163 4438 1237 4502 ὼς
1271 4439 1379 4491 υἱοὶ
1410 4439 1509 4508 τῆς

1908 4448 2063 4486 mens
2108 4433 2473 4503 ,impassibilis
2518 4442 2573 4485 et
2616 4435 3004 4493 immateriata.
3065 4439 3348 4507 Quomodo

50 4536 345 4595 στάσεως,
382 4533 847 4602 χρηματίσομεν.
883 4536 946 4587 Ol
978 4532 1089 4602 γὰρ
1118 4532 1419 4601 σύμφυτοι
1447 4530 1527 4596 τῷ
1555 4531 1661 4584 τοῦ

49 4624 385 4681 Δεσπότου
434 4623 667 4688 θανάτῳ
708 4626 1014 4693 γενόμενοι
1072 4622 1344 4677 κοινωνοὶ
1401 4622 1500 4676 καὶ
1551 4621 1661 4689 τῆς

50 4720 259 4784 δόξης
312 4717 585 4779 ἔσονται,
631 4715 814 4781 καθὼς
849 4717 944 4770 καὶ
985 4718 1013 4769 ὁ
1061 4714 1284 4786 Κύριος·
1331 4715 1662 4782 Πορεύομαι

49 4809 221 4873 πρὸς
252 4804 365 4858 τὸν
405 4805 637 4874 Πατέρα
674 4825 816 4875 μου,
863 4806 960 4861 καὶ
1003 4806 1235 4873 Πατέρα
1266 4805 1452 4873 ὑμῶν.
1499 4802 1660 4857 Ἀλλά

50 4901 248 4955 ταῦτα
284 4900 383 4970 μὲν
408 4900 544 4970 μετά
568 4900 667 4971 τὴν
704 4901 1017 4953 ἀνάστασιν·
1049 4898 1144 4952 νῦν
1169 4898 1226 4950 δὲ
1260 4896 1481 4959 οἰκείοις
1520 4912 1660 4965 συμ-

52 4992 247 5053 ϐίῦλοις
271 4989 553 5061 χρώμεθα,
590 4992 683 5044 ἐπὶ
712 4992 847 5045 Θεοῦ
883 4992 1157 5063 δηλονότι,
1194 4991 1287 5044 καὶ
1331 4989 1543 5053 τύποις,
1574 4990 1667 5042 καὶ

48 5081 414 5150 ὀνομασίαις.
446 5081 591 5152 Πλὴν
632 5083 733 5136 οὐκ
760 5085 817 5136 ἐν
848 5083 1057 5146 τούτοις
1084 5081 1522 5152 ὲναπομένομεν,
1551 5079 1668 5132 ἀλλ’

54 5171 488 5240 ἀνατεινόμεθα,
516 5172 635 5225 καθ’
659 5175 781 5226 ὅσον
800 5173 900 5236 ἔνι,
928 5176 1020 5227 ἐπὶ
1048 5174 1147 5245 τὴν
1181 5172 1360 5241 ἁπλῆν
1398 5171 1491 5223 καὶ
1522 5171 1667 5240 ἠνω-

57 5265 242 5333 μὲνην
283 5261 558 5332 ἀλήθειαν.
614 5264 817 5334 Ἀπλῆν
864 5266 996 5335 μὲν,
1035 5266 1116 5318 ὅτι
1148 5266 1361 5335 ἀμερής
1408 5265 1524 5315 ἐστι
1574 5264 1671 5316 καὶ

58 5355 373 5426 μονοειδής·
406 5356 690 5427 ἡνωμένην
714 5356 792 5418 δὲ,
817 5357 898 5409 ὅτι
921 5357 1097 5410 ένιαία
1120 5358 1255 5409 ἐστί.
1284 5355 1393 5407 Καὶ
1418 5356 1466 5407 εί
1494 5373 1666 5408 ποικι-

52 5449 353 5519 λοτρόπως
378 5452 491 5513 τοῖς
533 5450 817 5521 συμϐόλοις
857 5450 1219 5521 πληθύνεται,
1257 5450 1352 5503 καὶ
1388 5447 1526 5519 μετά
1553 5452 1659 5503 πᾶ-

57 5560 163 5596 σαν
206 5544 395 5613 νόησιν
437 5542 545 5596 τῶν
581 5544 828 5598 θεοειδῶν
856 5544 1102 5614 ἀγγέλων
1125 5542 1531 5607 ἀποπαύοντες,
1566 5546 1660 5598 καὶ

134 5725 164 5763 δ
198 5720 237 5775 11
272 5719 469 5788 Thess.
503 5736 564 5785 Ii,
597 5720 675 5773 l-l.

1767 4534 1949 4578 autem
1976 4526 2418 4595 participabimus
2434 4527 2457 4581 ?
2473 4526 2706 4593 iactibus
2730 4529 3023 4599 incognitis
3050 4533 3345 4588 radiorum.

1768 4615 2043 4681 Quantum
2074 4616 2218 4670 enim
2251 4619 2600 4682 accedemus,
2644 4619 2698 4672 in
2752 4630 2960 4674 tantum
3007 4622 3164 4676 nobis
3193 4622 3348 4677 inco-

1766 4709 1979 4778 gnitum
2010 4710 2152 4774 erit;
2180 4718 2236 4762 et
2263 4720 2525 4779 quantum
2560 4727 2656 4765 nos
2704 4713 3149 4779 contemplationi
3182 4730 3345 4769 vaca-

1768 4803 1969 4869 bimus,
2001 4812 2206 4855 tantum
2238 4803 2401 4857 etiam
2435 4802 2721 4858 inﬁnitatis
2749 4804 2869 4870 ejus
2894 4805 3114 4873 pelagus
3148 4806 3346 4861 dilata-

1767 4896 1938 4959 bitur,
1972 4896 2038 4949 ad
2065 4895 2388 4949 diviniorem
2416 4896 2731 4966 angelorum
2767 4896 3147 4963 imitationem,
3184 4899 3235 4952 id
3264 4910 3350 4953 est

1770 4988 2196 5051 accuratiorem;
2232 4988 2548 5058 significans
2577 5004 2673 5057 per
2704 4988 2828 5053 hoc,
2855 4992 3127 5056 quomodo
3147 4992 3345 5045 etiam-

1773 5095 1900 5134 num
1931 5080 2136 5148 angelis
2175 5080 2334 5149 digna
2387 5080 2672 5133 beatorum
2707 5080 2810 5132 vita
2860 5081 2914 5134 in
2956 5079 3050 5134 Dei
3082 5079 3261 5144 laude,
3293 5091 3349 5137 et

1769 5173 2069 5227 carnalium
2101 5180 2415 5240 contemptu
2440 5210 2455 5234 ,
2488 5171 2593 5224 etsi
2630 5186 2735 5224 non
2781 5172 3093 5225 oumimodo
3115 5216 3128 5237 ,
3162 5189 3348 5229 verse-

1774 5275 1898 5329 tur;
1953 5264 2178 5334 ideoque
2233 5265 2399 5317 etiam
2434 5264 2551 5317 haec
2599 5263 2834 5317 imitatio
2884 5265 3219 5320 moderatior
3260 5277 3347 5319 est

1772 5370 1884 5413 tum
1932 5369 2118 5412 autem
2166 5358 2398 5411 imitatio
2441 5356 2677 5410 divinior
2725 5356 2972 5410 exsistet.
3007 5355 3341 5422 Natu,juxta

1769 5466 1927 5505 sacra
1960 5451 2251 5519 Evangelia
2284 5467 2298 5504 :
2332 5447 2591 5518 quuales
2631 5449 2835 5517 angelis
2884 5449 3103 5512 erimus,
3151 5459 3200 5502 et
3239 5448 3344 5517 ﬁlii

1770 5542 1871 5597 Dei
1900 5542 1949 5610 δ,
1977 5543 2175 5613 quippe
2201 5541 2293 5595 lilii
2328 5538 2749 5594 resurrectionis
2785 5537 3207 5609 appellabimur.
3239 5542 3343 5607 Qui

756 5731 776 5755 θ
819 5718 1053 5775 l'l‘liess.
1098 5735 1170 5784 tv,
1210 5720 1293 5774 l6.
1368 5718 1394 5758 ά
1426 5718 1560 5780 Luc.
1597 5735 1686 5786 sx,
1721 5718 1807 5774 55.
