3752 6328
438 280 546 335 025

1623 280 1678 336 S.
1718 276 2022 336 DIONYSII
2058 278 2521 335 AREOPAGITAE

3600 285 3688 339 σει

438 396 580 451 enim
613 395 768 449 morti
800 395 1013 449 Domini
1039 396 1381 465 comp/amnti
1412 410 1531 452 sunt
1551 440 1564 463 ,
1596 411 1865 455 consortes
1888 420 1918 472 (ι

2206 403 2379 466 ,ὧντες
2407 402 2506 465 τὰς
2538 400 2729 472 νοερᾶς
2768 401 3070 472 ἐνεργείας,
3094 404 3161 474 τῇ
3195 402 3321 473 θείᾳ
3362 404 3539 458 ἀκτῖνι
3571 409 3688 462 κατὰ

439 506 541 557 que
570 490 752 558 gloria:
787 499 939 541 erunt
974 500 1020 552 ε,
1045 492 1501 556 quemadmodum
1549 495 1712 546 etiam
1756 494 2019 548 Dominus

439 582 517 634 ait
546 596 560 631 :
602 579 746 633 Vada
776 580 845 632 ad
880 579 1096 634 Patrem
1137 582 1157 620 ί
1191 596 1391 649 meum,
1423 594 1475 640 et
1508 583 1722 639 Patrem
1750 594 2014 641 vestrum.

449 672 641 726 Verum
689 672 804 727 lure
845 685 967 741 post
998 677 1450 731 resurrectionem
1492 692 1505 728 :
1554 692 1696 731 nunc.
1727 694 1857 733 vero
1894 694 2018 749 pro-

440 766 573 833 priis
621 765 891 835 symbolis
930 776 1147 820 utamur
1185 768 1261 836 (in
1310 769 1417 823 Deo
1444 769 1675 841 scilicet)
1716 780 1769 824 et
1802 772 2016 841 ﬁguris.

440 865 495 907 et
554 855 883 910 nominibus.
950 854 1335 913 Verumtamen
1397 861 1451 914 in
1518 860 1627 917 illis
1675 879 2017 934 nequaquam

438 949 834 1013 immoremur,
878 949 971 1002 sed
1016 952 1445 1013 contendamus.
1496 956 1675 1022 quoad
1707 970 2015 1023 possumus,

441 1039 507 1091 ad
547 1039 853 1107 simplicem
885 1050 938 1095 et
970 1042 1174 1095 unitam
1206 1042 1511 1097 veritatem.
1554 1044 1866 1114 Simplicem
1900 1046 2019 1114 qui-

439 1132 598 1194 dem,
644 1133 899 1199 quoniam
940 1132 1167 1187 indivisa
1214 1141 1318 1197 est,
1354 1144 1409 1188 et
1452 1135 1767 1199 uniformis;
1805 1137 2014 1189 unitam

440 1238 607 1286 vero,
641 1222 767 1292 quia
807 1222 1103 1293 singularis
1156 1238 1251 1277 seu
1302 1224 1458 1278 unica
1505 1236 1607 1280 est.
1639 1227 1753 1281 Etsi
1788 1228 2023 1287 diversi-3

440 1314 599 1370 mode
628 1312 890 1384 symbolis
920 1313 1329 1381 multiplicetur,
1363 1326 1484 1384 post
1510 1317 1820 1372 divinorum
1848 1317 2013 1373 etiam

438 1407 687 1461 notitiam
717 1405 1057 1476 angelorum,
1087 1407 1247 1476 307
1277 1408 1695 1476 tranquillantcs
1726 1425 1789 1464 ac
1816 1411 2018 1464 simcu-

439 1511 520 1553 tes
562 1498 913 1553 intellectiles
959 1509 1174 1553 nostras
1218 1501 1563 1568 operationes
1607 1501 1789 1556 divino
1842 1504 2013 1568 radio,

435 1600 702 1660 quantum
744 1590 825 1645 fas
848 1600 955 1656 est,
986 1593 1341 1646 attendimus.
1372 1590 1801 1673 Tranquillante‘s
1834 1604 2013 1647 autem

436 1700 533 1737 seu
562 1683 823 1738 sistentes
859 1682 1022 1747 dixit,
1062 1683 1357 1737 secundum
1401 1684 1535 1737 duas
1586 1684 1891 1753 explicandi
1928 1702 2015 1738 ra—

438 1778 647 1839 tiones;
684 1774 766 1828 vel
802 1776 943 1843 quod
970 1790 1140 1843 usque
1162 1777 1227 1828 ad
1260 1776 1503 1845 angelica
1528 1778 1838 1846 spectaCula
1872 1781 2015 1833 sisli-
2046 1757 2087 1811 Β

438 1886 557 1922 llttls
584 1867 1022 1937 intelligentiam,
1050 1868 1206 1937 quasi
1237 1869 1290 1921 in
1336 1870 1447 1923 Deo
1490 1872 1668 1925 omnis
1698 1873 1849 1925 notio
1882 1873 2017 1926 deli-

436 1958 654 2022 ciat,ut
695 1958 783 2026 qui
843 1957 975 2010 nihil
1021 1959 1092 2011 sit
1122 1973 1309 2012 eorum
1358 1959 1501 2027 quod
1554 1961 1752 2014 mentis
1798 1962 2016 2017 notione

434 2049 748 2118 percipitur,
781 2058 991 2102 tantum
1031 2057 1213 2103 autem
1263 2065 1425 2119 supra
1471 2051 1746 2108 notionem
1803 2052 2017 2107 divinus

434 2142 620 2195 radius
652 2143 813 2195 nobis
863 2157 960 2211 per
994 2142 1295 2196 bonitatem
1328 2142 1582 2212 all'ulget;
1631 2143 1715 2198 vel
1749 2144 2015 2211 tranquil-

431 2235 623 2297 (antes,
672 2234 827 2302 quasi
874 2234 943 2286 ad
990 2233 1230 2302 aliquam
1261 2248 1381 2302 quae
1422 2234 1473 2287 iu
1503 2234 1755 2289 confesso
1780 2244 1886 2297 est,
1918 2251 2011 2288 seu

437 2325 786 2393 perspicuam
812 2323 1339 2391 comprobationem,
1372 2323 1781 2391 intelligentiam
1812 2323 2014 2377 εἰειυιι-

436 2429 541 2480 tes,
572 2416 784 2471 scilicet
824 2416 970 2469 circa
1000 2414 1095 2468 Dei
1127 2414 1865 2483 incomprehensibilitatem,
1893 2429 2013 2482 qua:

433 2508 746 2564 intellectus
792 2507 1101 2561 cessatione
1148 2507 1483 2574 percipitur;
1522 2507 1574 2559 in
1618 2522 1726 2574 quo
1754 2506 2010 2560 nimirum

430 2602 616 2655 divino
673 2599 825 2653 radio
865 2613 1057 2654 onmes
1106 2599 1240 2652 lines
1280 2607 1404 2651 sunt
1458 2597 1702 2652 omnium
1750 2597 2013 2667 cegnitio-

432 2709 600 2757 num;
633 2707 739 2745 non
770 2693 915 2745 enim
945 2706 1013 2744 ex
1059 2700 1237 2759 parte,
1275 2691 1366 2745 sed
1405 2689 1691 2744 confertim
1713 2730 1727 2754 ,
1766 2698 1821 2744 et
1849 2690 2007 2743 simul

430 2784 775 2855 praeexstitit.
800 2783 865 2837 Et
890 2784 1016 2837 binc
1054 2783 1394 2852 intelligitur,
1414 2780 1687 2850 quomodo
1734 2784 2010 2852 apostolus

428 2879 535 2942 ait,
576 2880 628 2931 in
662 2876 773 2931 Deo
811 2890 908 2929 nos
942 2889 1067 2929 esse
1116 2885 1239 2928 ante
1288 2874 1473 2927 mundi
1505 2874 1929 2926 constitutionem
1958 2874 2007 2928 ⁸.

437 2970 730 3026 Sciendum
762 2969 948 3037 itaque
969 2967 1379 3036 productionem
1411 2966 1786 3019 universorum
1816 2979 2011 3021 secun-

2120 494 2181 547 τὸ
2245 492 2463 563 θεμιτὸν
2522 490 2903 561 ἐπιϐάλλομεν.
2957 491 3405 558 Ἀποπαύοντες
3440 493 3546 566 γὰρ
3588 491 3687 549 sim

2121 585 2262 638 κατά
2298 584 2393 637 δύο
2430 583 2667 655 τρόπους
2700 580 2799 651 τῆς
2836 581 3169 653 ἐξηγήσεως⁸
3209 582 3241 653 ἢ
3288 583 3372 635 ὅτι
3419 583 3577 655 μέχρι
3600 586 3689 639 τῶν

2120 675 2426 745 ἀγγελικῶν
2455 674 2742 743 Θεαμάτων
2780 672 3016 743 ἱστῶμεν
3046 675 3146 745 τὴν
3177 675 3387 746 νόησιν,
3414 677 3491 740 ὼς
3517 677 3689 748 ἀργού-

2122 782 2222 835 σης
2257 765 2439 833 πάσης
2480 760 2735 831 γνώσεως
2763 762 2858 814 ἐπὶ
2889 762 3046 825 Θεοῦ,
3076 765 3170 817 καὶ
3203 764 3422 828 οὐδενὸς
3447 765 3556 818 τῶν
3585 767 3689 819 τούς

2116 874 2211 910 του
2242 859 2312 927 τῇ
2337 854 2547 925 κινήσει
2576 852 2669 905 τοῦ
2708 852 2800 905 νοῦ
2837 852 3418 925 καταλαμϐανομένου,
3462 856 3613 926 μόνον
3644 857 3687 909 δὲ

2120 950 2263 1021 ὑπὲρ
2290 948 2533 1018 νόησινὴ
2564 945 2681 998 Θεία
2715 946 2873 1009 ἀκτὶς
2907 947 3040 1017 ἡμῖν
3080 946 3382 1018 ἐπιλάμπει
3418 948 3485 1001 δι’
3511 949 3686 1017 ἀγαθό-

2119 1057 2275 1112 τηταο
2306 1040 2339 1111 ἦ
2367 1038 2785 1102 ἀποπαύοντες
2810 1034 2922 1090 οἷον
2953 1038 3088 1107 πρός
3112 1055 3235 1091 τινα
3269 1039 3687 1110 ὁμολογουμένην

2120 1133 2215 1186 καὶ
2241 1130 2445 1203 τρανὴν
2470 1127 2840 1198 πληροφορίαν
2868 1128 3119 1194 ἰστῶντες
3154 1131 3253 1201 τὴν
3292 1132 3504 1202 νόησιν,
3530 1132 3689 1202 δηλον-

2118 1226 2200 1278 ότι
2253 1224 2382 1295 περὶ
2420 1220 2553 1275 αὐτὸ
2594 1220 2655 1273 τὸ
2697 1219 3080 1290 ἀκατάληπτον
3116 1222 3211 1275 τοῦ
3250 1224 3412 1290 Θεοῦ,
3466 1226 3600 1296 ὅπερ
3634 1230 3684 1297 τῇ

2116 1318 2211 1371 τοῦ
2236 1317 2353 1380 νοὸς
2390 1312 2747 1385 ἀνενεργησίᾳ
2782 1311 3283 1382 καταλαμϐάνεται·
3321 1318 3382 1369 ὲν
3421 1310 3562 1389 ᾗτινι
3588 1316 3686 1386 θείᾳ

2119 1412 2296 1465 ἀκτῖνι
2324 1411 2500 1463 πάντα
2532 1414 2600 1466 τὰ
2622 1414 2730 1466 τῶν
2755 1413 2947 1467 πασῶν
2966 1410 3220 1482 γνώσεων
3251 1409 3490 1480 πέρατα·
3515 1409 3573 1461 οὐ
3596 1408 3686 1481 γάρ

2118 1502 2183 1553 ὲκ
2208 1501 2428 1572 μέρους,
2456 1503 2570 1556 ἀλλ’
2610 1504 2823 1575 ἀθρόως
2865 1503 2958 1555 καὶ
2995 1503 3110 1573 ἅμα
3144 1499 3555 1569 προϋφέστηκε.
3596 1500 3686 1551 Καὶ

2116 1598 2181 1649 ὲκ
2222 1595 2412 1649 τούτου
2442 1597 2785 1667 νοηΟήσεται,
2824 1595 2943 1661 πῶς
2991 1611 3155 1666 φησιν
3194 1595 3222 1647 ὁ
3292 1592 3610 1657 ἀπόστολος,
3639 1595 3685 1647 ἐν

2116 1688 2195 1759 τῷ
2217 1688 2337 1759 θεῷ
2360 1684 2496 1741 εἶναι
2520 1690 2552 1759 ἡ
2562 1690 2667 1759 μᾶς
2691 1689 2803 1755 πρὸ
2831 1683 3170 1752 καταϐολῆς
3208 1685 3466 1752 κόσμου.
3516 1683 3685 1736 Ἰστὲον

2116 1777 2229 1844 οὖν,
2255 1782 2337 1834 ὃτι
2377 1781 2451 1844 ὡς
2481 1781 2581 1851 τῆς
2612 1781 2865 1833 ἀπάντων
2896 1775 3234 1850 παραγωγῆς
3264 1776 3411 1830 κατά
3439 1775 3502 1830 τὸ
3532 1777 3685 1829 αἴτιον

2117 1872 2211 1924 καὶ
2247 1871 2347 1941 τὴν
2388 1870 2563 1942 ἀρχὴν
2599 1862 2992 1940 ἀπηρτημένης
3031 1866 3219 1930 αὐτοῦ,
3258 1866 3451 1937 ἐπειδὴ
3485 1866 3556 1919 τὰ
3580 1866 3688 1917 ταντα

2117 1964 2296 2015 πάντα
2344 1960 2401 2026 ἐξ
2452 1959 2618 2012 αὐτοῦ
2664 1961 2825 2020 εἰσιν,
2879 1956 3103 2019 εἰκότως
3149 1956 3245 2009 ἆτε
3289 1957 3387 2008 καὶ
3446 1956 3685 2026 μέλλοντα

2118 2052 2362 2115 ἔσεσθαι,
2396 2052 2453 2103 ὲν
2492 2049 2640 2119 αὐτῴ
2673 2050 2766 2101 καί
2802 2049 3260 2120 προύφειστήκειν
3289 2046 3371 2116 τῷ
3410 2047 3592 2107 εἰδότι,
3618 2047 3686 2097 ὅτι

2117 2145 2210 2197 καὶ
2249 2142 2501 2215 παράξει,
2543 2142 2637 2194 καὶ
2669 2140 2799 2193 πότε
2828 2139 3079 2210 παράξει,
3103 2139 3178 2202 ὡς
3208 2141 3450 2209 ε’ρηται,
3494 2140 3523 2190 ὁ
3551 2136 3687 2198 εἰδὼς

2117 2236 2293 2289 πάντα
2337 2236 2464 2306 πρὶν
2511 2234 2776 2302 γενέσεων
2820 2232 3017 2285 αὐτῶν.
3057 2233 3158 2285 Ἦν
3208 2232 3273 2303 δὴ
3326 2232 3527 2284 ἀκτῖνα
3581 2230 3687 2283 οὐτε

2116 2325 2367 2397 ἐννοῆσαι
2428 2325 2652 2379 δυνατὸν
2677 2363 2691 2384 ,
2736 2322 2860 2376 οὔτε
2915 2324 3122 2387 εἰπεῖν,
3176 2322 3301 2375 οὐτε
3354 2322 3534 2386 ἄλλως
3586 2340 3691 2383 πως

2117 2417 2425 2489 θεωρῆσαι,
2467 2417 2555 2470 διὰ
2602 2418 2662 2469 τὸ
2707 2413 2843 2469 εἶναι
2903 2415 3121 2469 πάντων
3180 2416 3565 2488 ὲξῃρημένην,
3609 2416 3689 2468 καὶ

2117 2509 2557 2581 προσλαμϐάνειν
2604 2509 2701 2579 μὲν
2744 2510 2922 2562 πᾶσαν
2959 2509 3383 2579 ἀποπεράτωσιν
3427 2507 3687 2577 γνώσεως,

2115 2601 2210 2653 καὶ
2228 2600 2435 2663 οὐσίας,
2471 2600 2566 2654 καὶ
2602 2599 2904 2669 δυνάμεως·
2944 2600 3161 2652 πάντων
3184 2598 3242 2650 δὲ
3279 2600 3511 2653 καὶτῶν
3538 2601 3688 2671 οὐρα-

2114 2695 2243 2747 νίων
2265 2694 2401 2746 νοῶν
2426 2691 2867 2764 ὐπεριδρύεσθαι.
2895 2692 3006 2745 Καὶ
3025 2691 3126 2763 ὅρα
3155 2691 3274 2754 πῶς
3300 2691 3687 2754 κατασκευάζει

2113 2785 2289 2840 τοῦτο.
2332 2787 2453 2839 Ὅτι
2493 2787 2547 2838 αἰ
2578 2784 2810 2853 γνώσεις
2850 2784 3012 2837 τινῶν
3052 2785 3159 2837 εἰσι
3205 2782 3443 2852 γνώσεις
3466 2824 3481 2848 ,
3538 2786 3687 2855 ἧγουν

2113 2878 2301 2933 ὄντων·
2351 2880 2447 2932 καὶ
2491 2877 2545 2931 εἴ
2591 2895 2716 2931 τινα
2758 2876 3223 2947 ἀποπερατοῦνται
3266 2877 3512 2945 γνωστὰ,
3558 2877 3687 2944 ἀπερ

2114 2971 2221 3024 εἰσὶ
2257 2971 2353 3023 καὶ
2381 2970 2519 3023 αὐτὰ
2556 2971 2702 3024 ὂντα.
2741 2971 2813 3023 Ἣ
2836 2969 3016 3039 πάσης
3038 2967 3167 3037 γοῦν
3193 2967 3407 3032 οὐσίας,
3444 2969 3537 3021 καὶ
3572 2969 3687 3021 πάν-

427 3065 553 3116 dum
596 3076 819 3117 causam
852 3069 907 3114 et
954 3060 1278 3128 principiqu
1322 3059 1389 3111 ab
1433 3071 1500 3112 eo
1549 3057 1807 3125 pendere,
1842 3074 1909 3127 qu

2204 3076 2219 3109 ι
2242 3056 2351 3109 τῶν
2382 3056 2549 3111 ὄντων
2571 3056 2846 3119 ἐπέκεινα,
2872 3056 3088 3119 πάντως
3112 3054 3208 3109 καὶ
3238 3054 3499 3124 γνώσεως
3522 3058 3686 3125 πάσης

428 3155 717 3219 doquidem
755 3168 841 3207 res
884 3163 1075 3205 omnes
1106 3165 1203 3220 per
1227 3151 1401 3218 ipsum
1440 3150 1730 3218 exsistant,
1755 3150 2007 3219 probabi-

426 3244 553 3297 liter
598 3242 763 3296 etiam
807 3256 907 3307 ea,
951 3256 1071 3295 cum
1114 3241 1294 3293 futura
1339 3246 1531 3303 erant,
1564 3239 1616 3291 in
1653 3239 1768 3307 ipso
1793 3254 2006 3309 quoque

427 3343 555 3386 ante
582 3332 918 3395 constitisse,
963 3339 1150 3400 utpote
1181 3330 1420 3392 sciente,
1448 3337 1503 3381 et
1529 3330 1674 3397 quod
1708 3332 2007 3398 producet,

2111 3149 2424 3223 ἐξῃρημένη
2468 3150 2636 3203 ἐστίν.
2691 3150 2885 3203 Ἰστέον
2922 3148 2978 3202 δὲ
3023 3149 3105 3201 ὅτι
3151 3147 3341 3218 ἕτερον
3387 3149 3562 3211 οὐσία,
3603 3150 3688 3202 καὶ

2110 3239 2295 3310 ἓτερον
2319 3239 2565 3309 δύναμιςο
2586 3241 2618 3311 ἡ
2647 3239 2745 3311 μὲν
2771 3240 2879 3313 γὰρ
2899 3240 3006 3294 τῶν
3022 3240 3144 3293 καθ’
3172 3240 3315 3293 αὐτὰ
3348 3238 3685 3308 ὑφεστώτων,

2111 3333 2144 3403 ἡ
2173 3331 2231 3384 δὲ
2258 3330 2367 3384 τῶν
2390 3332 2447 3384 ὲν
2475 3332 2646 3404 ἑτέρῳ
2670 3332 2730 3385 τὸ
2753 3330 2890 3387 εἶναι
2911 3333 3141 3403 ἐχόντων
3166 3333 3336 3387 ἐστίν.

424 3432 483 3480 et
515 3424 731 3492 quando
777 3422 1075 3491 producet,
1120 3421 1197 3474 uti
1244 3422 1450 3475 dictum
1496 3431 1581 3476 est
1620 3435 1786 3474 :cum
1818 3423 1998 3475 omnia
2036 3433 2333 3491 cognoscat
2386 3436 2512 3478 ante
2560 3425 2771 3478 illorum
2819 3427 3252 3498 generationem.
3309 3425 3470 3481 llunc
3508 3428 3683 3497 utique

427 3520 638 3572 radium
673 3529 849 3584 neque
874 3524 1055 3568 mente
1079 3512 1365 3581 concipere
1395 3526 1495 3568 nec
1529 3515 1777 3569 oratione
1833 3514 2078 3583 proloqui
2130 3514 2394 3579 valemus,
2448 3529 2623 3583 neque
2678 3515 2786 3571 alio
2841 3532 3164 3586 quocunque
3209 3517 3374 3570 modo
3423 3520 3681 3584 contueri,

428 3610 574 3677 quod
603 3607 677 3661 sit
703 3606 959 3660 omnibus
1007 3615 1315 3673 exemptus,
1369 3616 1425 3659 et
1463 3621 1679 3661 omnem
1721 3605 1935 3674 quidem
1995 3607 2234 3660 notionis
2292 3614 2348 3660 et
2392 3607 2644 3661 essentia:
2686 3618 2742 3662 et
2797 3608 3013 3663 virtutis
3060 3609 3507 3663 terminationem
3553 3612 3682 3663 anti-

425 3704 590 3771 cipet,
618 3714 779 3768 supra
803 3712 995 3752 omnes
1048 3712 1177 3753 vero
1207 3703 1458 3758 caelestes
1503 3702 1885 3772 intelligentias
1943 3703 2265 3758 collocetur.
2320 3701 2388 3756 Et
2440 3703 2561 3757 vide
2606 3705 2879 3772 quomodo
2926 3705 2978 3759 id
3020 3704 3235 3774 probet.
3289 3705 3557 3771 Quoniam
3600 3721 3682 3759 co—

424 3795 698 3864 gnitiones
725 3792 1033 3861 aliquorum
1070 3798 1581 3868 suntcoguitiones,
1619 3796 1773 3851 verbi
1798 3797 1995 3867 gratia,
2028 3812 2240 3861 rermn;
2266 3806 2323 3849 et
2363 3794 2409 3848 si
2456 3796 2638 3867 aliqua
2703 3796 3039 3851 deﬁniuntur
3094 3807 3247 3859 nota,
3309 3812 3434 3866 qua:
3479 3806 3536 3851 et
3574 3796 3681 3865 ipsa

427 3905 514 3942 res
546 3898 692 3941 sunt.
727 3884 881 3952 Quod
930 3885 1097 3955 igitur
1140 3886 1286 3939 omni
1325 3884 1563 3941 essentia
1602 3886 1870 3953 rebusque
1912 3887 2162 3940 onmibus
2194 3883 2524 3938 eminentius
2576 3895 2679 3951 est,
2742 3887 2929 3956 utique
2990 3885 3058 3939 ab
3112 3886 3260 3940 onmi
3315 3901 3538 3955 quoque
3594 3901 3681 3939 co-

423 3984 669 4052 gnitione
693 3979 973 4035 eximitur.
1004 3977 1299 4033 Sciendum
1342 3992 1535 4047 porro,
1591 3977 1738 4031 aliud
1786 3991 1910 4033 esse
1968 3977 2291 4042 essentiam,
2345 3986 2401 4033 et
2458 3978 2604 4033 aliud
2652 3979 2949 4045 virtutem;
3016 3977 3107 4032 illa
3160 3980 3309 4033 enim
3363 3990 3451 4034 est
3499 3994 3679 4033 eorum

422 4091 543 4144 quae
576 4088 673 4144 per
713 4088 772 4126 se
812 4070 1148 4137 subsistunt,
1192 4073 1308 4124 lucc
1337 4085 1471 4125 vero
1497 4085 1687 4126 eorum
1717 4083 1844 4141 qua;
1886 4069 2009 4125 aliis
2048 4071 2250 4126 insunt.

496 4166 526 4238 ς
558 4167 624 4219 ν.
650 4164 786 4220 Cum
828 4164 1055 4218 dixisset
1083 4163 1423 4217 divinitatem
1448 4178 1664 4219 omnem
1698 4161 1978 4221 essentian‘

2196 4168 2204 4237 ᾗ
2246 4165 2307 4221 ν.
2338 4164 2522 4221 Εἰπὼν
2565 4165 2664 4237 τὴν
2690 4162 2947 4235 Θεαρχίαν
2978 4160 3159 4233 πάσης
3190 4160 3382 4226 οὐσίας
3420 4158 3678 4235 ἐξῃρημέ-

418 4270 477 4314 et
506 4244 871 4330 cognitionem
910 4273 1193 4328 superare,
1227 4260 1361 4328 petit
1388 4261 1662 4329 quomodo
1690 4261 1855 4331 igitur
1896 4278 1900 4314 ι

2247 4259 2343 4312 καί
2386 4257 2660 4328 γνώσεως,
2703 4257 2899 4327 ἀπορεῖ
2940 4254 3059 4319 πῶς
3103 4248 3196 4307 οὖν
3252 4236 3692 4325 ὀνομασθήσεταί

426 4354 623 4406 minari
675 4354 847 4422 possit
899 4353 1148 4423 (nomina
1200 4352 1345 4405 enim
1397 4368 1577 4408 rerum
1626 4354 1908 4423 subjectae

2228 4353 2340 4425 γὰρ
2364 4353 2604 4423 ὀνόματα
2644 4347 2919 4422 δηλωτικά
2943 4351 3048 4413 εἰσι
3083 4346 3430 4419 πραγμάτων
3469 4348 3678 4401 ὑποκει-

424 4453 552 4499 sunt
580 4444 931 4512 declarativa)
961 4450 1015 4496 et
1041 4444 1313 4511 quomodo
1341 4444 1408 4499 de
1455 4445 1657 4500 divinis
1688 4446 1999 4502 nominibus

423 4556 451 4590 a
486 4538 640 4592 nobis
664 4553 845 4593 sermo
873 4539 1315 4604 concinnabitur,
1341 4540 1417 4607 si,
1459 4542 1534 4595 uti
1578 4540 1777 4595 dictum
1808 4549 1914 4606 est,
1945 4549 1999 4594 et

414 4645 639 4685 omnem
684 4645 992 4685 sermonem
1045 4639 1100 4684 et
1141 4646 1355 4686 omnem
1404 4631 1682 4686 notionem
1730 4630 1998 4686 excedat?

421 4723 548 4778 etsi
574 4723 646 4777 sit
673 4737 839 4791 supra
869 4730 1104 4778 mentem
1133 4733 1189 4777 et
1215 4724 1820 4794 essentiam,quomodo
1844 4737 1996 4777 mens

420 4832 537 4871 cam
568 4816 818 4886 attinget,
861 4827 951 4870 aut
983 4816 1398 4886 apprehendet?
1421 4815 1549 4871 llaec
1578 4816 1723 4869 enim
1758 4826 1815 4869 ut
1843 4830 1999 4871 crea-

418 4910 525 4963 trix
559 4908 742 4963 omnia
788 4908 1212 4978 complectitur,
1263 4909 1390 4976 quia
1439 4908 1636 4963 cmlum
1691 4916 1746 4960 et
1792 4918 1993 4961 terram

413 5000 635 5070 implet;
676 5009 731 5053 et
758 5001 1201 5069 comprehendit,
1247 4999 1299 5052 in
1328 5008 1587 5069 quantum
1620 4998 1787 5070 308
1812 4999 1993 5068 provi-

417 5092 525 5153 det,
560 5090 613 5143 ia
643 5093 757 5159 ipsa
808 5092 954 5145 enim
1004 5091 1185 5145 omnia
1236 5090 1585 5155 consistunt,
1624 5088 1985 5156 etanticipat,

415 5181 541 5248 quia
594 5181 835 5235 rationes
885 5182 1167 5244 omnium,
1216 5181 1301 5235 vel
1350 5182 1527 5250 potius
1580 5178 1715 5233 lines
1745 5179 1986 5232 omnium

415 5274 717 5339 notionunt,
743 5273 793 5327 in
820 5274 937 5344 ipsa
976 5274 1376 5343 praeexsistnnt.
1409 5271 1505 5326 Est
1529 5281 1710 5326 autem
1738 5271 1991 5326 omnibus

415 5379 523 5417 non
556 5364 875 5432 simpliciter
903 5365 1126 5419 omnino
1154 5374 1210 5419 et
1253 5365 1493 5434 pr0prie,
1525 5364 1619 5417 sed
1664 5377 1759 5431 per
1787 5377 1845 5417 se
1872 5378 1988 5417 om-

417 5456 564 5515 nino,
594 5464 649 5507 et
689 5468 789 5521 per
826 5470 883 5509 se
926 5456 1171 5525 proprie,
1197 5465 1252 5508 et
1295 5471 1391 5525 per
1431 5469 1489 5508 se.
1524 5456 1739 5524 penitus
1780 5455 1988 5511 inconn-

417 5545 818 5612 prcbensibilis.
845 5546 978 5601 Nam
1002 5547 1143 5616 quod
1171 5561 1268 5616 per
1290 5563 1349 5601 se
1382 5545 1650 5600 infinitum
1677 5556 1781 5611 est,
1814 5548 1977 5602 etiam

492 5732 517 5757 υ
550 5719 701 5769 tum.
733 5738 807 5773 γι.
840 5721 892 5775 5.
975 5719 993 5757 ί
1023 5719 1182 5776 Joan.
1228 5738 1336 5776 xvr.
1416 5721 1481 5773 ει
1512 5720 1655 5775 Pctr.
1687 5737 1723 5785 ι,
1757 5721 1846 5774 20.

2100 4445 2308 4518 μένων)
2344 4444 2439 4497 καὶ
2496 4442 2613 4507 πῶς
2663 4439 3217 4512 πραγματευθήσεται
3266 4441 3296 4492 ό
3338 4441 3470 4511 περὶ
3525 4440 3679 4493 θείων

2095 4537 2374 4607 ὀνομάτων
2408 4535 2566 4603 λόγος
2591 4537 2744 4605 ἡμῖν,
2780 4536 2830 4587 εἰ
2859 4533 3125 4605 κρείττων
3160 4532 3333 4599 ἐστὶν,
3352 4532 3432 4597 ὡς
3464 4532 3676 4605 ἐρρέθη,

2095 4630 2190 4682 καὶ
2219 4626 2419 4691 παντὸς
2441 4627 2600 4695 λόγου
2624 4627 2718 4679 καί
2744 4626 2923 4697 πάσης
2946 4623 3221 4694 γνώσεως,
3258 4626 3356 4678 καὶ
3396 4627 3445 4678 εἰ
3470 4623 3558 4677 νοῦ
3591 4624 3679 4677 καὶ

2093 4719 2280 4783 οὐσίας
2302 4718 2580 4783 ἐπέκεινα,
2619 4717 2739 4780 πῶς
2774 4717 2804 4768 ὁ
2842 4716 2964 4781 νοῦς
3009 4716 3375 4781 ἐπιϐαλεῖται,
3406 4716 3503 4770 καὶ
3537 4733 3678 4786 περι-

2098 4812 2385 4885 δράξεταις
2417 4811 2566 4883 Αὐτη
2591 4812 2699 4883 γάρ
2725 4812 2873 4865 ἐστιν
2900 4811 3153 4865 ἁπάντων
3190 4806 3583 4881 περιληπτικὴ,
3605 4807 3678 4869 ὡς

2097 4904 2447 4976 δημιουργὸς,
2487 4904 2570 4956 ὃτι
2613 4903 2704 4955 τὸν
2748 4903 2975 4975 οὐρανὸν
3017 4904 3110 4955 καὶ
3152 4904 3253 4973 τὴν
3306 4901 3415 4971 γῆν
3462 4900 3672 4968 πληροῦ

2096 4999 2190 5051 καὶ
2228 4996 2588 5069 συλληπτικὴ,
2642 4996 2717 5060 ὠς
2766 4997 3119 5069 προνοητική·
3160 4996 3221 5047 ὲν
3267 4994 3410 5065 αὐτῇ
3452 4991 3556 5063 γὰρ
3613 4990 3676 5043 τὰ

2094 5091 2273 5144 πάντα
2313 5091 2633 5161 συνέστηκε·
2669 5089 2762 5142 καὶ
2796 5087 3160 5160 προληπτικὴ,
3190 5086 3273 5139 ὅτι
3312 5086 3411 5139 καὶ
3445 5085 3495 5137 οἰ
3531 5082 3675 5149 λόγοι

2092 5182 2331 5247 πάντων,
2362 5181 2561 5254 μᾶλλον
2597 5180 2655 5234 δὲ
2681 5179 2750 5233 τὰ
2786 5180 2998 5253 πέρατα
3023 5179 3132 5232 τῶν
3170 5176 3431 5247 γνὼσεων
3454 5172 3675 5230 ἀπασῶν

2099 5277 2156 5330 ὲν
2200 5278 2337 5349 αὐτῇ
2382 5275 2815 5349 προύφέστηκεν.
2844 5278 3000 5329 Ἐστι
3037 5274 3092 5327 δὲ
3138 5275 3307 5326 πᾶσιν
3354 5272 3457 5342 οὐχ
3494 5266 3675 5329 ἁπλῶς

2092 5368 2322 5423 καθόλου
2362 5371 2457 5423 καὶ
2487 5367 2688 5439 κυρίως
2721 5367 2980 5438 ἄληπτος,
3010 5366 3145 5420 ἀλλὰ
3170 5363 3553 5424 αὐτοκαθόλου,
3583 5377 3675 5411 και

2094 5459 2451 5531 αὐτοκυρίως,
2478 5458 2572 5511 καὶ
2594 5457 3026 5520 αὐτοπαντελῶς.
3053 5455 3126 5507 Τὸ
3151 5454 3262 5525 γὰρ
3293 5453 3671 5519 αὐτοάπειρον,

2088 5551 2181 5603 κειιί⁸
2219 5547 2578 5603 αὐτοκαθόλου
2618 5547 2875 5617 ἄληπτον·
2930 5547 3025 5601 καὶ
3048 5540 3158 5599 οἷον
3198 5545 3260 5599 τὸ
3294 5542 3672 5613 ὑποκείμενον.
