3742 6310
46 397 214 457 εδδ

671 400 760 455 DE
794 399 1050 457 DlVlNlS
1080 400 1485 467 NOMINIBUS,
1518 399 1672 469 CAP.
1709 399 1749 454 1.
1786 430 1853 441 --
1886 398 2237 457 PARAPHB.
2275 398 2750 455 PACIIYMEIUE.

3264 395 3369 451 626

51 516 349 570 τοιοῦτον
388 518 480 570 xui.
513 516 574 569 τὸ
615 517 763 569 ῐδιον.
796 518 906 571 Καὶ
941 516 1065 570 οὔτε
1098 516 1345 588 αἰσθήσει
1376 516 1524 569 ὑποπ

1891 532 1899 546 ³
1926 531 1985 570 se
2006 518 2229 571 omnino
2255 514 2810 586 incompreliensibile
2840 516 3057 571 exsistit
3083 532 3100 570 :
3126 523 3182 570 et
3212 514 3369 583 quale

53 610 223 662 ςδύδὲ
250 608 362 681 γὰρ
384 609 658 681 αἰσθητόν
694 607 817 662 οὔτε
856 611 1124 682 φαντασίᾳ
1160 610 1285 674 τινὶ,
1329 602 1571 663 τυπώσει
1600 608 1694 679 δη·-

52 700 235 772 λαδὶί
277 701 641 773 ἀναγγελτικῇ
682 701 939 771 αἰσθητοῦ
974 702 1127 765 νοὸς,
1156 703 1367 771 γίνεται
1410 702 1520 774 γάρ
1558 719 1693 771 φαν-

51 793 266 846 τασία
302 795 367 845 ὲκ
418 793 686 864 μενόντων
719 792 881 845 τινῶν
921 793 1477 864 ὲγκαταλειμμάτων,
1521 795 1578 859 ἐξ
1608 793 1693 845 αἰ-

58 885 202 957 σοη
211 886 400 957 μάτων
422 886 497 957 μὴ
520 884 716 957 ἔχουσα
736 887 1129 958 ὲρηρεισμένας
1152 886 1242 939 ἐπί
1262 903 1315 939 τι
1335 886 1433 950 τὰς
1455 886 1687 949 εἰκόνας.

58 978 227 1042 Πῶς
272 973 369 1031 οῦν
418 977 854 1048 φαντασθήσεται
905 978 965 1031 τὸ
1017 977 1284 1045 ἀθέατον;
1344 977 1481 1032 Οῦτε
1537 977 1686 1052 δόξῃ,

53 1070 269 1122 οἱονεὶ
293 1069 471 1141 τοιᾷδέ
492 1086 598 1123 τινι
623 1068 885 1141 ὑπολήψει
908 1068 1047 1123 κατὰ
1068 1069 1128 1121 τὸ
1154 1069 1344 1123 δοκοῦν
1370 1069 1685 1142 φαινομένῃ’

56 1162 130 1213 εἰ
167 1161 289 1233 γὰρ
321 1162 413 1216 καὶ
441 1162 639 1234 μᾶλλον
664 1162 764 1233 τῆς
794 1162 1096 1233 φαντασίας
1118 1164 1151 1235 ἡ
1175 1164 1299 1230 δόξα
1326 1164 1686 1235 πεπέρασται,

58 1253 192 1306 καὶ
214 1255 338 1306 ἐστι
361 1253 495 1325 πρὸς
534 1254 612 1325 τῷ
637 1255 719 1307 ἑνὶ
744 1254 1007 1325 σύνεγγυς
1028 1255 1121 1308 τοῦ
1157 1255 1294 1320 νοός·
1321 1256 1402 1309 ὅτι
1427 1257 1520 1310 xui.
1548 1255 1687 1327 αῦτη

58 1344 385 1398 ἐπιϐάλλει
404 1345 819 1414 ἀσυλλογίστως
840 1349 952 1411 τοῖς
971 1346 1081 1400 τῶν
1115 1348 1452 1419 πραγμάτων
1481 1365 1690 1419 συμπε-

62 1438 400 1508 ράσμασιν,
442 1437 634 1510 ὥσπερ
671 1441 700 1492 ό
738 1437 862 1502 νοῦς
909 1439 1030 1492 καθ’
1067 1440 1245 1511 ἁπλῆν
1283 1442 1560 1511 ἐπιϐολὴν,
1587 1442 1688 1512 τῆς

62 1530 405 1597 φαντασίας
428 1529 629 1599 πλῆθος
655 1529 880 1600 ἄπειρον
903 1532 997 1582 xui.
1024 1531 1273 1604 ἀόριστον
1298 1533 1548 1604 ἐχούσης,
1570 1532 1686 1586 ἀλλ’

54 1620 191 1688 οὐχ
215 1620 309 1673 οἶα
347 1619 409 1672 τέ
445 1619 590 1673 ἐστιν
624 1621 657 1691 ἡ
686 1618 811 1683 δόξα
846 1617 1157 1675 ἐπιϐάλλειν
1191 1627 1303 1687 τοῖς
1338 1624 1480 1696 ὑπὲρ
1518 1625 1687 1680 κατά-

60 1712 279 1782 ληψιν.
316 1711 451 1766 Οῦτε
493 1712 720 1783 ὀνόματι
757 1713 1072 1766 ὑποπίπτειο
1120 1715 1237 1780 πῶς
1265 1717 1373 1789 γὰρ
1401 1718 1462 1770 τὸ
1505 1718 1686 1791 πάσης

58 1801 355 1871 γνώσεως
395 1802 652 1857 ἐπέκεινα
693 1803 1156 1877 ὀνομασθήσεται;
1195 1806 1317 1860 οὔτε
1361 1807 1523 1881 λόγῳ·
1566 1810 1683 1876 πῶς

1793 616 1879 661 est
1926 598 2249 674 subjectu'm,
2305 608 2427 662 talis
2476 610 2642 662 etiam
2690 620 2776 663 est
2814 610 3141 679 proprietas.
3186 606 3370 676 Neque

1792 699 1960 753 etiam
1989 701 2089 754 sub
2130 715 2351 754 sensum
2379 701 2548 761 cadit,
2582 701 2845 770 quoniam
2876 717 2983 756 non
3024 712 3108 756 est
3133 702 3366 764 sensile;

1792 808 1971 863 neque
2001 791 2117 860 ejus
2143 803 2226 848 est
2252 793 2591 864 imaginatio,
2616 808 2739 863 quae
2770 793 3023 847 videlicet
3051 793 3126 848 sit
3152 792 3371 848 sensilis

1791 882 2019 950 alicujus
2055 886 2394 939 enuntiativa
2438 885 2715 956 liguratio,
2762 886 2815 939 lit
2858 885 3003 939 enim
3050 885 3369 954 imaginatio

1789 988 1855 1028 ex
1890 976 2140 1045 reliquiis
2171 977 2502 1047 quibusdam
2535 993 2605 1032 ex
2648 977 3057 1033 sensationibus
3086 991 3370 1031 remanen-

1793 1064 1959 1132 tibus,
1999 1081 2104 1119 non
2137 1066 2350 1122 habens
2381 1066 2585 1123 solidas
2613 1068 2665 1122 in
2694 1068 2880 1137 aliquo
2909 1068 3195 1137 imagines.
3228 1066 3368 1134 Quo.

1789 1158 1952 1211 modo
2020 1158 2185 1228 igitur
2246 1157 2639 1230 imaginatione
2706 1158 2938 1229 exprimi
2995 1158 3164 1228 possit
3222 1157 3365 1228 quod

1787 1252 1939 1306 cerni
1992 1252 2222 1320 nequit?
2268 1250 2455 1323 Neque
2504 1253 2671 1307 etiam
2719 1252 2837 1316 ejus
2884 1260 2966 1308 est
3018 1250 3222 1322 opinio,
3248 1266 3364 1320 qua:

1786 1345 1941 1414 quasi
1968 1357 2032 1397 ex
2070 1344 2387 1414 conjectura
2412 1344 2593 1414 aliqua
2623 1346 2922 1400 secundum
2950 1345 3364 1402 aestimationem

1786 1436 2059 1505 probabili
2111 1438 2339 1492 formari
2373 1439 2587 1507 possit:
2621 1439 2888 1509 siquidem
2919 1438 3105 1507 opinio
3140 1447 3225 1491 est
3252 1452 3367 1490 ma-

1783 1528 1868 1596 gis
1915 1529 2147 1584 limitata
2194 1544 2359 1599 quam
2413 1532 2770 1603 imaginatio,
2820 1540 3009 1600 estque
3061 1531 3255 1584 mentis
3298 1531 3364 1583 ad

1785 1636 1952 1675 unum
1995 1621 2125 1690 quid
2174 1622 2510 1692 applicatio;
2555 1624 2814 1693 quoniam
2863 1623 2978 1677 [uec
3034 1622 3199 1676 etiam
3247 1621 3366 1676 sine

1786 1711 2211 1767 ratiocinatione
2256 1727 2440 1766 rerum
2490 1713 2755 1767 terminos
2801 1708 3191 1782 apprehendit,
3223 1708 3367 1763 sicut

1788 1798 2097 1853 intellectus
2144 1814 2241 1869 per
2296 1800 2607 1870 simplicem
2663 1800 3192 1871 appreliensionem,
3241 1813 3362 1853 cum

62 1893 201 1965 γὰρ
232 1892 429 1965 ῥηθείη
454 1894 515 1946 τὸ
540 1892 811 1965 ἄῤῥητον;
849 1894 975 1949 οὕτε
995 1899 1202 1969 ἐπαφῇ,
1235 1901 1397 1970 νοερᾷ
1423 1900 1540 1972 δηλι

1888 1893 2117 1964 iginatio
2166 1893 2437 1948 infinitam
2502 1904 2558 1950 et
2621 1894 3101 1949 indeterminatam
3168 1892 3366 1947 habeat

61 1986 100 2037 ὃ
152 1985 285 2038 ἐστι
312 1984 409 2055 νῷ,
439 1986 533 2038 καὶ
567 1986 675 2057 γὰρ
713 1987 761 2038 oi
802 1990 915 2051 τοῖς
953 1992 1163 2061 νοητοῖς
1202 1990 1580 2057 ἐπιϐάλλοντες
1606 1993 1683 2066 τῷ

61 2073 166 2127 νοῒ
198 2074 451 2128 δοκοῦσιν
479 2074 668 2147 ὥσπερ
693 2077 989 2147 ἁπτόμενοι
1018 2078 1217 2143 αὐτῶν,
1251 2084 1390 2135 νοεῖν
1419 2083 1446 2136 ὅ
1470 2102 1522 2137 τι
1553 2085 1684 2139 ποτέ

62 2167 253 2228 εἰσιν,
281 2164 358 2229 ὠς
384 2167 476 2219 καὶ
498 2166 588 2220 διὰ
613 2168 713 2238 τῆς
740 2168 886 2239 ἁφῆς
912 2169 1020 2223 τῶν
1047 2171 1318 2244 αἰσθητῶν
1336 2174 1405 2227 τὰ
1427 2177 1680 2248 αίσθητά,

64 2257 182 2309 ἐπὶ
209 2255 272 2309 δὲ
303 2254 436 2308 Θεοῦ
480 2257 689 2321 οὐδενὸς
716 2258 917 2330 νοερῶς
958 2259 1312 2332 ἐπαφώμεθα.
1346 2264 1528 2320 Εἰπὼν
1567 2268 1681 2321 τοί-

65 2364 182 2399 νυν
220 2347 328 2411 τὰς
371 2348 644 2420 τέσσαρας
691 2351 996 2419 γνωστικὰς
1040 2352 1295 2425 δυνάμεις
1341 2356 1441 2428 τῆς
1480 2357 1683 2430 ψυχῆς,

64 2440 185 2512 τὴν
216 2438 499 2511 αἴσθησιν,
546 2440 644 2511 τὴν
694 2444 1015 2509 φαντασίαν,
1064 2448 1162 2518 τὴν
1199 2447 1386 2516 δόξαν,
1414 2450 1506 2503 τὸν
1532 2451 1677 2518 νοῦν,

66 2533 273 2603 τίθησι
305 2534 399 2586 καὶ
428 2535 526 2606 τὴν
570 2533 761 2605 λοιπὴν
796 2536 1125 2610 ἐπιστήμην,
1159 2541 1398 2613 δηλονότι
1438 2546 1537 2617 τὴν
1566 2546 1683 2599 διά-

64 2642 259 2678 νοιαν·
313 2628 347 2697 ή
394 2626 502 2697 γὰρ
543 2627 818 2700 ἐπιστήμη
865 2630 954 2684 διά
1002 2649 1162 2687 τινων
1213 2638 1680 2708 προῦπαρχουσῶν

68 2718 346 2786 γνὼσεων
373 2719 599 2787 γίνεται.
620 2721 755 2773 Ποία
781 2721 837 2774 δὲ
868 2723 933 2776 ἂν
961 2725 1045 2797 εἴη
1080 2726 1279 2793 γνῶσις
1308 2727 1443 2781 Θεοῦ
1472 2732 1681 2800 προῦπ-

64 2811 368 2882 ἁρχουσα;
411 2810 532 2865 ὅθεν
573 2812 694 2865 οὐδὲ
737 2815 1014 2889 ἐπιστήμῃ
1056 2817 1375 2873 ὑποπίπτει.
1423 2821 1547 2884 Πῶς
1584 2817 1679 2877 οῦν

65 2901 522 2972 ὀνομασθήσεται
541 2904 573 2974 ὴ
595 2903 827 2975 ἄκλητος
856 2908 950 2960 καὶ
972 2908 1044 2980 μὴ
1075 2911 1379 2983 καλουμένη
1411 2914 1516 2966 τινὶ
1542 2931 1681 2983 γνω-

69 2993 340 3063 ρίσματι,
366 2994 458 3046 καὶ
481 2994 555 3065 μὴ
590 2994 748 3065 μόνον
776 2997 1027 3068 ἄκλητος,
1050 2999 1185 3053 ἀλλά
1212 3002 1306 3055 xui.
1329 3003 1467 3075 ὑπὲρ
1498 3006 1677 3059 πᾶσαν

68 3084 391 3155 ὀνομασίαν
423 3081 592 3151 οὔσας
630 3087 805 3159 Ὅπερ
834 3089 941 3161 γὰρ
970 3089 1199 3163 ἕφ·;,μεν,
1232 3096 1391 3165 ἡνίκα
1436 3096 1534 3160 τὰς
1563 3098 1679 3151 θεο-

68 3177 315 3245 λογικὰς
342 3178 718 3244 ὑπο-τυπώσεις
744 3182 1115 3253 ὲξετιθέμεθα,
1144 3187 1242 3257 τὴν
1270 3189 1549 3263 τριαδικὴν
1582 3194 1676 3247 xui

69 3270 398 3340 ὁμοάγαθον
422 3274 515 3326 καὶ
549 3273 771 3344 ὁμόθεον
802 3275 982 3342 ἐνάδα,
1013 3279 1149 3352 ὅπερ
1179 3281 1294 3334 ἐστὶ
1323 3285 1463 3337 κατά
1490 3286 1672 3353 φύσιν,

66 3359 203 3413 οὔτε
233 3361 430 3425 εἰπεῖν,
462 3362 585 3415 οὔτε
617 3364 863 3435 ἐννοῆσαι
891 3366 1130 3423 δυνατόν.
1162 3372 1270 3424 Καὶ
1301 3373 1353 3425 τί
1381 3392 1523 3445 φημι
1551 3378 1683 3449 περὶ,

69 3450 243 3513 θεοῦ,
272 3452 356 3504 ὅτι
383 3453 697 3524 ἀνεννόητος
722 3456 851 3525 ἡμῖν
882 3457 976 3510 xui.
1006 3458 1309 3529 ἄφθεγκτός
1337 3463 1516 3530 ὲστιν;
1543 3466 1678 3521 ἀλλὰ

74 3545 175 3596 καὶ
209 3544 377 3597 αὐταὶ
406 3548 461 3598 αἱ
508 3548 612 3601 τῶν
641 3549 909 3621 οὐρανίων
937 3551 1217 3623 δυνάμεων
1245 3554 1677 3628 ἀγγελοπρεπείς

74 3636 334 3699 ὲνὼσεις,
385 3638 507 3691 καθ’
559 3640 626 3703 ἀς
676 3641 919 3696 ὲνοῦνται
972 3643 1089 3714 Θεῷ
1130 3645 1251 3698 καθ’
1299 3648 1422 3699 ὅσον
1476 3650 1676 3721 πρέπει

73 3727 340 3781 ὲνοῦσθαι
370 3729 633 3797 ἀγγέλους
653 3732 791 3804 Θεῷ.
822 3728 988 3788 Αῦται
1018 3731 1110 3788 οῦν
1148 3738 1202 3789 αἱ
1233 3737 1453 3803 ένώσεις
1480 3741 1546 3805 ἃς
1566 3742 1673 3794 εἴτε

74 3819 348 3883 ἐπιϐολὰς
373 3820 481 3873 εἴτε
512 3824 821 3894 παραδοχάς
860 3824 967 3896 χρὴ
1012 3826 1177 3894 φάναι
1212 3830 1310 3900 τῆς
1344 3831 1674 3904 ἀγαθότητος

73 3913 173 3966 τοῦ
208 3912 375 3976 Θεοῦ,
407 3914 633 3986 ἄρρητοι
677 3918 771 3970 καὶ
798 3916 1065 3987 άγνωστοί
1106 3922 1261 3976 εἰσιν.
1303 3922 1588 3995 Ἐπιϐολὴν
1616 3925 1672 3978 δὲ

74 4006 310 4077 νικητέον
330 4007 428 4077 τὴν
459 4009 539 4071 είς
570 4008 632 4062 τὸ
660 4009 779 4063 καθ’
808 4010 867 4064 ἓν
893 4012 1000 4063 τῶν
1031 4016 1430 4085 παραγομένων
1458 4018 1674 4089 μεριζο-

77 4099 256 4170 μένην
288 4098 510 4171 ἀμερῶς
537 4100 753 4173 θέλησιν
780 4103 824 4135 ⁸³
856 4104 948 4157 τοῦ
979 4105 1138 4171 Θεοῦ,
1160 4107 1434 4161 τουτέστιν
1469 4112 1549 4172 είς
1576 4112 1674 4183 τὴν

75 4193 319 4245 ἑκάστου
360 4196 717 4265 παραγωγήν.
780 4195 916 4249 Ἀλλ’
959 4197 1080 4250 ἐπεὶ
1134 4200 1195 4252 ού
1254 4201 1673 4271 συμϐιϐάζονται

76 4286 172 4337 xui.
201 4286 262 4336 αἱ
298 4285 595 4356 παραδοχαὶ
624 4288 764 4341 κατά
792 4290 888 4360 τὴν
910 4290 1163 4363 τοιαύτην
1195 4292 1400 4346 ἔννοιαν
1423 4296 1520 4365 τῆς
1549 4297 1671 4350 ἐπι-

78 4377 273 4446 ϐολῆς,
306 4376 480 4441 ἄλλως
528 4380 744 4450 νοητέον
777 4382 837 4434 τὸ
872 4383 1032 4454 ῥητὸν
1077 4384 1169 4436 ἐπὶ
1200 4384 1306 4437 τῶν
1336 4386 1581 4454 ἀγγέλων
1602 4427 1616 4447 .
1646 4386 1674 4440 ὃ

80 4471 174 4523 καὶ
208 4468 435 4540 μᾶλλον,
464 4472 546 4523 ὅτι
581 4473 674 4525 καὶ
700 4473 948 4528 ἐπιϐολαὶ
976 4477 1071 4529 xui.
1111 4477 1411 4549 παραδοχαὶ
1439 4480 1547 4533 τῶν
1575 4481 1673 4548 ἀγ-

1786 1985 2218 2049 multitudinem,
2250 1985 2345 2039 sed
2391 2002 2569 2056 neque
2615 1987 2780 2041 etiam
2831 1995 3017 2056 potest
3065 1984 3252 2051 opinio
3300 2000 3361 2038 ea

1783 2094 1905 2149 qua:
1933 2093 2095 2147 supra
2128 2089 2346 2149 captum
2378 2090 2504 2135 sunt
2530 2081 2956 2149 apprehendere.
2983 2076 3170 2147 Neque
3196 2078 3360 2133 etiam

1782 2168 1885 2223 sub
1914 2183 2111 2223 nomen
2136 2169 2316 2236 cadit;
2345 2172 2618 2235 quomodo
2644 2170 2787 2224 enim
2815 2171 3186 2225 nominabitur
3218 2171 3360 2239 quod

1782 2270 2008 2329 superat
2038 2275 2202 2317 omne
2249 2262 2485 2317 nomen?
2510 2262 2697 2331 Neque
2723 2262 2823 2316 sub
2857 2278 3198 2328 sermonem;
3230 2277 3361 2331 quo-

1784 2351 1944 2405 modo
1985 2351 2132 2405 enim
2183 2352 2330 2420 quod
2382 2351 2655 2420 ineliabile
2701 2362 2787 2407 est
2827 2354 3101 2407 enuntiari
3157 2354 3363 2423 possit?

1780 2436 1966 2505 Neque
2007 2438 2107 2492 sub
2150 2448 2390 2506 tactum,
2446 2441 2819 2497 intellectilem
2871 2442 3146 2506 videlicet,
3197 2444 3251 2496 id
3280 2460 3364 2497 est

1782 2532 1981 2585 mentis
2011 2548 2026 2583 ε
2056 2532 2147 2600 qui
2177 2533 2324 2587 enim
2358 2532 2794 2603 intelligibilibus
2823 2545 2879 2589 et
2908 2516 3363 2589 itntnaterialibus

1785 2624 1945 2677 rebus
1977 2637 2155 2678 mente
2181 2624 2787 2687 incumbunt,videntur
2813 2626 3216 2694 quodammodo
3244 2625 3361 2693 ipsa

1784 2724 2007 2783 tangere
2037 2714 2391 2787 intelligendo
2436 2716 2615 2785 qualia
2660 2718 2787 2779 sint,
2820 2733 2924 2771 non
2964 2733 3123 2772 secus
3149 2734 3212 2769 ac
3237 2734 3354 2773 sen-

1780 2806 1903 2860 silia
1936 2821 2033 2875 per
2072 2816 2277 2861 tactum
2311 2808 2601 2873 sensilem,
2636 2808 2804 2861 Deum
2839 2818 3019 2862 tamen
3050 2824 3117 2861 ne
3141 2809 3357 2878 quidem

1782 2907 1964 2954 mente
2012 2899 2401 2969 contingimus.
2452 2900 2589 2954 Cum
2650 2900 2834 2970 itaque
2884 2908 3118 2968 quatuor
3164 2900 3359 2952 aninue

1780 2990 2033 3052 virtutes,
2068 3005 2189 3060 qua:
2231 2991 2599 3061 cognoscendi
2648 2990 2697 3043 vi
2745 2989 2966 3060 pollent,
3000 2990 3357 3050 recensuerit,

1781 3081 1991 3137 scilicet
2034 3096 2278 3146 sensum,
2325 3082 2805 3151 imaginationem,
2844 3082 3180 3152 Opinionem,
3211 3097 3362 3135 nien-

1785 3184 1915 3239 tem,
1955 3176 2107 3230 addit
2149 3185 2203 3229 et
2243 3176 2508 3244 reliquant
2557 3175 2867 3240 scientiam,
2894 3176 3107 3230 scilicet
3133 3186 3359 3229 semen-

1783 3267 1948 3333 tiam;
1984 3270 2215 3324 scientia
2259 3270 2405 3324 enim
2451 3269 2511 3323 lit
2537 3284 2632 3339 per
2669 3270 2878 3338 aliquas
2914 3269 3358 3339 pra-exsistentes

1780 3359 2047 3414 notiones.
2064 3360 2252 3427 Qualis
2281 3370 2463 3415 autem
2493 3362 2583 3415 Dei
2611 3361 2760 3415 notio
2784 3361 3164 3429 praeexsistat?
3184 3375 3384 3429 quare-

1780 3465 1954 3519 neque
1981 3453 2080 3505 sub
2119 3452 2405 3507 scientiam
2446 3452 2619 3507 cadit.
2664 3451 2947 3519 Quomodo
2992 3451 3157 3521 igitur
3181 3451 3356 3504 nomi-

1780 3544 1895 3598 nari
1926 3543 2133 3610 possit,
2160 3553 2213 3597 et
2257 3559 2381 3599 cum
2429 3543 2833 3598 innominabilis
2883 3544 2986 3608 sit,
3034 3558 3210 3612 neque
3253 3543 3355 3595 ulla

1781 3638 2003 3691 notione
2051 3636 2373 3706 compellari
2427 3637 2635 3701 valeat;
2689 3654 2862 3707 neque
2894 3648 3102 3692 tantum
3131 3636 3359 3689 innomi~

1780 3730 2002 3793 nabilis,
2036 3729 2129 3783 sed
2156 3738 2211 3783 et
2240 3745 2405 3798 supra
2448 3744 2612 3785 omne
2662 3747 2856 3786 nomen
2890 3732 2997 3785 sit?
3028 3730 3180 3795 Quod
3210 3730 3353 3783 enim

1777 3821 2117 3885 dicebamus,
2144 3822 2362 3887 quando
2392 3820 2723 3890 tlteologicas
2748 3819 3162 3875 inlbrmationes
3188 3833 3355 3886 expc--

1779 3910 2067 3975 nebamus,
2098 3912 2297 3963 trinam
2351 3908 2499 3983 illam
2550 3910 2814 3964 unitatem
2858 3919 2911 3965 et
2939 3910 3099 3964 simul
3131 3910 3351 3971 bonum,

1776 4013 1830 4057 et
1874 4002 2037 4057 simul
2088 4003 2280 4068 Deum,
2324 4002 2453 4069 quid
2486 4014 2680 4056 natura
2709 4018 2803 4057 sua
2833 4004 2927 4068 sit,
2965 4017 3143 4070 neque
3175 4002 3354 4055 verbis

1775 4095 2028 4164 exprimi,
2054 4110 2231 4163 neque
2258 4096 2554 4164 cogitando
2579 4095 2696 4163 capi
2729 4109 2905 4164 posse.
2942 4094 3007 4146 Et
3033 4093 3203 4163 309
3226 4093 3351 4162 quid

1776 4187 1902 4241 dico
1936 4186 2104 4240 Deum
2136 4186 2612 4255 inexcogitabilem
2642 4186 2798 4240 nobis
2826 4196 2881 4240 et
2912 4185 3350 4254 inexplicabilem

1776 4278 2041 4332 exsistere
2063 4278 2243 4347 ?~quin
2275 4287 2330 4332 et
2379 4278 2684 4333 cmicstium
2731 4292 2947 4347 quoque
2991 4276 3250 4331 virtutum
3281 4278 3356 4332 di-

1776 4386 1897 4441 gnze
1925 4369 2134 4440 angelis
2179 4371 2434 4436 uniones,
2469 4369 2772 4424 secundum
2818 4384 2956 4438 quas
2986 4369 3094 4423 Deo
3131 4368 3357 4436 conjun-

1776 4471 1979 4531 guntur
2015 4470 2279 4528 quantum
2318 4460 2541 4531 angelos
2583 4461 2724 4513 uniri
2789 4460 2899 4514 Deo
2943 4460 3217 4514 convenit.
3262 4458 3353 4512 Ilte

77 4559 257 4625 γέλων
302 4559 438 4630 πρὸς
480 4561 540 4613 τὸ
588 4561 740 4615 Θεῖον
782 4564 1055 4634 λέγονται.
1100 4568 1351 4640 Ἐπιϐολὴ
1399 4571 1555 4641 μὲν,;

1873 4569 1891 4608 3
1920 4555 2286 4609 immissiones
2313 4555 2430 4608 sive
2461 4554 2838 4621 susceptiones
2866 4554 3062 4606 divina:
3096 4554 3351 4607 bonitatis

78 4652 143 4721 ἦν
177 4650 532 4705 ἐπιϐάλλουσι
562 4651 701 4706 κατά
729 4654 828 4726 τὴν
861 4656 1066 4711 οἰκείαν
1097 4656 1253 4722 ἀξίαν
1280 4662 1346 4730 τῇ
1376 4660 1669 4731 ἀγαθὸτητι

77 4739 169 4792 τοῦ
218 4740 381 4793 Θεοῦ·
424 4742 700 4815 παραδοχὴ
740 4744 797 4796 δὲ
829 4746 861 4817 ἡ
892 4746 993 4816 τῆς
1026 4746 1120 4800 τοῦ
1157 4748 1291 4801 Θεοῦ
1338 4748 1671 4821 ἀγαθότητος

79 4833 269 4895 αὐτοῖς
298 4831 658 4904 ἀποκάλυψις.
690 4829 856 4890 Αῦται
900 4835 1033 4905 γοῦν
1065 4838 1141 4909 μὴ
1190 4838 1349 4909 μόνον
1378 4842 1511 4910 ἡμῖν
1540 4844 1667 4907 εἱσι,

80 4924 271 4987 καθώς
302 4927 460 4986 εἰσιν,
513 4926 811 4995 ἄγνωστοι,
855 4928 992 4982 ἀλλὰ
1043 4931 1137 4984 xui.
1183 4934 1295 4995 τοῖς
1342 4935 1670 5006 κατωτέροις

78 5013 356 5084 ἀγγέλοις,
391 5016 571 5086 μόνοις
599 5017 654 5071 δὲ
687 5021 799 5084 τοῖς
836 5020 1132 5085 ἀνωτάτοις
1160 5022 1537 5092 γινώσκονται,
1573 5028 1668 5081 ἅτε

82 5106 407 5179 ἠξιωμένοις
444 5110 554 5163 τῶν
602 5111 923 5181 κρειττόνων
963 5113 1228 5168 ἑνώσεων.
1271 5115 1507 5181 Ταύταις
1549 5122 1666 5184 ταῖς

83 5198 253 5264 θείαις
301 5199 556 5254 ένὼσεσιν
591 5205 639 5255 οἱ
686 5203 936 5271 θεοειδεῖς
974 5208 1093 5271 νόες
1129 5208 1236 5263 τῶν
1270 5208 1532 5278 θεολόγων
1573 5213 1668 5266 καὶ

83 5289 378 5362 προφητῶν
406 5291 858 5366 ἀγγελομιμήτως
879 5297 1175 5369 ἐνούμενοι,
1198 5300 1383 5370 ἐπειδὴ
1407 5302 1501 5353 καὶ
1526 5302 1669 5356 οὓτω

82 5381 289 5446 γίνεται
317 5381 525 5445 τούτοις
550 5384 582 5453 ἡ
611 5384 832 5458 τοιαύτη
853 5385 1063 5452 ἒνωσις,
1095 5389 1439 5443 ἀποπαύουσι
1468 5390 1664 5463 δηλαδὴ

84 5472 220 5527 κατὰ
266 5473 451 5547 πάσης
492 5478 682 5548 νοερᾶς
718 5478 1016 5550 ἐνεργείας·
1058 5480 1178 5535 οὐδὲ
1208 5481 1316 5555 γὰρ
1358 5484 1415 5536 έν
1452 5485 1665 5556 κινήσει

84 5564 233 5630 θεὸς,
266 5565 404 5620 ἀλλά
451 5567 649 5637 μᾶλλον
693 5571 751 5624 ἐν
791 5571 997 5643 ἠρεμίᾳ.
1026 5574 1119 5627 καὶ
1146 5575 1455 5637 ἀποπαύσει
1483 5578 1515 5646 ἡ
1544 5576 1664 5630 θεία

1774 4645 2105 4716 appellanda:
2130 4646 2258 4708 sint,
2287 4645 2584 4701 inell'abiles
2613 4655 2666 4700 et
2696 4646 2892 4715 ignota:
2922 4645 3219 4699 exsistunt.
3248 4642 3351 4695 l’er

1772 4740 2168 4796 immissiouetn
2218 4750 2395 4793 autem
2436 4740 2783 4810 intelligenda
2823 4748 2906 4792 est
2944 4724 3035 4791 Dei
3075 4737 3351 4791 volitiow

1774 4832 2049 4888 indivisim
2078 4834 2249 4886 divisa
2290 4833 2343 4887 in
2394 4848 2577 4888 rerum
2626 4834 3015 4901 productarutn
3062 4830 3350 4894 unitatem,

1773 4924 1828 4979 id
1860 4936 1944 4978 est
1967 4925 2020 4978 in
2045 4926 2335 4993 cujuslibet
2379 4924 2815 4994 productionem.
2848 4922 3049 4976 Verum
3079 4936 3203 4974 cum
3232 4936 3347 4975 sus-

1771 5016 2046 5086 ceptioucs
2076 5033 2181 5071 non
2220 5017 2411 5072 eodem
2458 5031 2619 5071 sensu
2645 5015 2982 5082 accipiantur
3004 5027 3113 5081 quo
3150 5012 3353 5066 immis-

1773 5111 1981 5177 siones,
2010 5112 2171 5164 aliter
2218 5107 2628 5179 intelligendum
2665 5116 2752 5162 est
2779 5109 2882 5161 boc
2922 5106 3125 5160 dictttm
3159 5106 3223 5158 de
3254 5122 3346 5157 an-

1775 5201 1933 5270 gelis,
1968 5203 2273 5271 przesertim
2304 5216 2429 5256 cum
2480 5199 2845 5254 immissiones
2882 5210 2937 5257 et
2976 5197 3352 5265 su3ceptiones

1774 5294 2095 5365 angelorum
2129 5300 2195 5348 ad
2246 5292 2414 5347 Deum
2462 5293 2791 5347 referantur.
2829 5290 3100 5344 lnnnissio
3128 5291 3346 5358 quidem

1774 5398 1877 5452 est,
1907 5389 2203 5443 secundum
2249 5401 2412 5454 quam
2463 5384 2783 5439 incumbunt
2830 5400 2927 5454 pro
2959 5399 3053 5436 sua
3088 5382 3349 5450 dignitate

1775 5483 1999 5537 bonitati
2028 5481 2150 5545 Dei;
2181 5482 2449 5549 susceptio
2472 5494 2598 5534 vero
2625 5487 2707 5531 est
2732 5478 2845 5547 ipsa
2877 5475 3132 5529 revelatio
3154 5472 3353 5526 divina'

1771 5577 2058 5639 bonitatis,
2086 5592 2205 5645 quin
2239 5575 2369 5644 ipsis
2414 5574 2725 5629 exhibemr.
2766 5570 2859 5626 Ha:
2901 5569 3084 5638 itaque
3118 5583 3221 5621 non
3255 5581 3349 5619 so-

1368 5735 1598 5791 VARIAE
1639 5733 1931 5829 ωξςτιοκ
1938 5731 2041 5788 ES.

162 5849 205 5885 δν
236 5850 468 5925 κίνησιν.
550 5855 613 5888 ⁵³⁸
644 5857 833 5914 motio.
