3742 6300
394 387 499 441 627

1571 377 1628 433 S.
1666 375 1965 432 DIONYSII
2000 375 2467 433 AREOPAGITIE

3559 380 3650 435 623

394 497 504 553 lum
541 497 693 551 nobis
730 504 852 548 sunt
882 491 1099 562 ignota,
1131 491 1207 547 nti
1245 504 1432 546 revera
1466 500 1627 555 sunt,
1656 492 1747 545 sed
1794 491 1866 544 eti

2177 505 2261 552 σις
2291 489 2609 545 ίνδάλλεται.
2638 491 2748 545 Καὶ
2790 490 3163 561 ἐνθεουμένοις
3198 492 3291 547 διά
3337 494 3650 566 καθάρσεως

400 587 604 658 angelis
653 584 1035 647 inferioribus;
1085 599 1113 636 a
1168 582 1300 637 solis
1336 590 1515 636 autem
1563 574 1829 649 supremis
1873 598 1968 638 co-

2068 578 2296 649 ὑμνοῢσι
2343 579 2405 633 τὸ
2446 580 2600 634 Θεῖον
2636 580 2949 653 κυριώτατα
2997 582 3054 649 ἐξ
3097 584 3477 655 ἀφαιρέσεως,
3511 591 3572 657 ἦν
3596 589 3647 658 δὴ

397 689 752 750 gnosruntur,
785 686 969 744 utpote
1000 675 1176 744 dignis
1214 673 1679 743 prtestantioribus
1709 675 1875 729 unitic

2190 672 2551 744 ἀφαιρετικὴν
2580 673 2858 742 θεολογίαν
2906 676 3089 742 φασὶν,
3131 677 3213 728 ὅτι
3255 678 3318 730 οὑ
3357 678 3544 747 σῶμα,
3567 682 3650 749 οὺχ

394 775 513 826 bus.
548 770 703 824 llisce
727 767 924 823 divinis
952 765 1238 819 unionibns
1270 766 1335 819 ad
1367 766 1677 836 angelorum
1706 766 1966 821 imitatio-

396 881 519 920 nem
552 864 715 918 unita:
748 873 872 917 sunt
906 868 1116 915 mentes
1142 859 1243 913 illa:
1269 858 1560 913 deiformes
1592 858 1962 927 theologorum

396 973 460 1011 ac
504 956 916 1027 proiihetarum,
962 967 1199 1022 cumque
1246 952 1366 1006 talis
1407 952 1489 1006 eis
1532 952 1661 1005 unio
1690 951 1966 1021 obtigerit,

394 1049 580 1118 utique
626 1054 844 1102 cessant
909 1049 1204 1101 secundum
1267 1058 1483 1100 omnem
1548 1043 1964 1098 intellectualem

392 1138 796 1206 operationem;
830 1152 933 1190 non
969 1136 1111 1190 enim
1137 1136 1190 1189 in
1220 1134 1457 1189 motione
1488 1132 1649 1197 Deus,
1674 1134 1767 1187 sed
1797 1132 1968 1202 magis

394 1231 450 1285 in
488 1230 707 1285 silentio
735 1237 789 1284 et
816 1228 998 1299 quiete
1038 1226 1215 1280 divina
1267 1224 1506 1292 cognitio
1552 1222 1862 1277 instillatur.
1902 1222 1970 1276 Et

396 1326 491 1393 qui
543 1322 782 1377 deiﬁcati
822 1331 951 1376 sunt
988 1329 1210 1389 propter
1252 1319 1547 1388 puritatem
1597 1316 1971 1387 propriissitne

396 1414 566 1468 Deum
610 1413 833 1468 laudant
880 1428 948 1467 ex
1010 1411 1314 1473 ablatione,
1366 1425 1531 1478 quam
1577 1419 1633 1463 et
1682 1417 1965 1479 negantem

395 1504 724 1573 theologiam
754 1513 981 1568 vocant;
1013 1502 1139 1571 quia
1190 1515 1295 1555 non
1334 1515 1556 1569 corpus,
1592 1516 1696 1555 non
1730 1499 1964 1566 habitus,

2066 764 2199 830 ἕξις,
2231 768 2292 818 οὑ
2336 764 2583 836 δύναμις,
2627 766 2720 827 καὶ
2758 765 2829 819 τὰ
2872 766 3065 835 λογικά
3103 769 3316 833 πάντα,
3353 770 3547 835 καθὼς
3571 776 3651 824 zz".

2065 856 2155 909 διὰ
2180 856 2289 910 τῶν
2309 857 2434 927 ἑξῆς
2458 857 2734 928 σημαίνει,
2754 856 2914 910 τοῦτο
2934 858 3335 930 ὲλλαμφθέντες
3367 863 3478 914 ὑπε
3486 866 3653 933 931M113;

2069 948 2134 1010 ὲκ
2156 947 2259 1017 τῆς
2284 948 2537 1019 τοιαύτης
2578 949 2819 1020 ἀρρήτου
2860 948 3125 1013 ὲνὼσεως,
3166 951 3249 1003 ὅτι
3294 952 3531 1006 πάντων
3571 957 3652 1006 μὲν

2070 1038 2186 1091 ἔστι
2233 1039 2342 1093 τῶν
2388 1040 2556 1093 ὄντων
2601 1039 2794 1102 αἴτιον,
2851 1042 2982 1094 αὑτὸ
3036 1042 3091 1094 δὲ
3129 1044 3284 1096 οὐδὲν
3326 1045 3449 1097 τῶν
3471 1046 3647 1097 ὄντων

2071 1132 2209 1204 πλὴν
2231 1132 2329 1202 οὑχ
2368 1132 2443 1195 ὡς
2486 1132 2708 1203 μηδαμῆ
2757 1131 3019 1203 μηδαμῶς
3064 1133 3145 1196 ὃν,
3177 1135 3293 1188 ἀλλ’
3335 1136 3421 1198 ὡς
3452 1136 3651 1187 πάντων

2072 1227 2412 1298 ὑπερουσίως
2465 1225 2823 1299 ἐξῃρημένον.
2864 1228 3223 1298 κυριωτάτην
3276 1228 3336 1280 δὲ
3379 1228 3533 1296 λέγει
3564 1229 3645 1297 rip

2073 1319 2133 1386 ἐξ
2189 1319 2530 1389 ἀφαιρέσεως
2570 1319 2707 1389 πρὸς
2746 1319 3151 1390 ἀντιδιαστολὴν
3201 1320 3305 1391 τῆς
3364 1339 3645 1390 καταφατι-

2078 1411 2201 1479 κῆς·
2242 1411 2294 1463 τί
2332 1410 2442 1481 γὰρ
2493 1410 2597 1463 οὑκ
2645 1409 2827 1475 ἐστιν,
2867 1410 3109 1482 οἴδαμεν·
3150 1413 3201 1465 τί
3252 1413 3312 1465 δέ
3356 1414 3534 1477 ἐστιν,
3570 1413 3655 1465 οὐκ

2078 1501 2319 1571 οἴδαμεν.

395 1613 503 1653 non
556 1600 753 1661 virtus,
787 1606 1089 1665 caateraque
1137 1594 1443 1657 rationalia,
1474 1596 1731 1663 exsistit,
1783 1596 1924 1650 sicut
1978 1596 2031 1650 in
2065 1596 2423 1665 sequentibus
2477 1596 2739 1663 declarat,
2796 1597 2898 1652 hoc
2948 1610 3014 1649 ex
3055 1593 3370 1649 istiusmodi
3408 1589 3655 1648 ined‘abili

398 1696 601 1751 unione
652 1696 1141 1765 supernaturaliter
1208 1690 1502 1755 illustrati,
1553 1690 1727 1760 ipsum
1784 1692 2001 1761 quidem
2036 1707 2218 1745 rerum
2276 1692 2522 1746 omnium
2588 1707 2705 1746 esse
2748 1707 3002 1755 causam,
3053 1691 3186 1746 nihil
3233 1700 3433 1744 autem
3486 1705 3655 1743 earum

396 1789 699 1853 exsistere,
738 1804 844 1843 non
899 1795 1075 1841 tamen
1136 1788 1288 1858 quasi
1341 1788 1474 1841 nihil
1525 1789 1746 1842 omnino
1801 1790 2015 1858 penitus
2063 1790 2333 1850 exsistat,
2376 1792 2469 1845 sed
2519 1790 2660 1859 quod
2711 1793 2778 1843 ab
2832 1790 3082 1844 omnibus
3129 1787 3658 1856 superessentialiter

393 1892 681 1950 exemptus
722 1882 813 1937 sit.
860 1881 1299 1952 Prupriissimam
1340 1898 1502 1952 porro
1547 1884 1681 1938 dicit
1725 1884 1863 1940 hanc
1895 1899 1961 1938 ex
2024 1884 2300 1941 ablatione
2347 1886 2413 1940 ad
2470 1884 2839 1940 dill‘erentiam
2887 1879 3045 1939 istius
3120 1880 3510 1935 alIirmantis:
3547 1880 3659 1947 quid

392 1974 539 2029 enim
576 1990 680 2029 non
718 1976 823 2041 sit,
866 1976 1066 2032 scimus
1091 2018 1106 2044 ,
1154 1979 1249 2034 sed
1294 1981 1423 2049 quid
1468 1981 1736 2048 exsistat,
1777 1982 2111 2053 ignoramus.

464 2067 609 2121 Illam
642 2069 809 2139 igitur
829 2086 991 2140 supra
1006 2088 1166 2141 quant
1185 2074 1507 2141 essentiam,
1536 2084 1589 2128 et
1608 2090 1770 2144 supra
1794 2092 1942 2144 quan

2184 2075 2249 2147 ὴν
2293 2076 2391 2149 μὲν
2429 2072 2526 2131 οὖν
2552 2076 2979 2148 ὑπεροοσιότητα
3022 2074 3115 2127 καὶ
3153 2070 3548 2143 ὑπερύπαρξιν
3576 2070 3662 2138 τῆς

392 2158 766 2214 exsistentiam
788 2175 951 2230 supra
973 2176 1135 2231 quam
1158 2163 1439 2229 bonitatis,
1457 2165 1711 2232 quoniam
1735 2176 1789 2217 et
1811 2180 1972 2234 supra

390 2251 711 2317 bonitatem,
744 2260 802 2307 et
834 2267 999 2321 supra
1025 2268 1167 2319 esse,
1195 2264 1249 2309 et
1283 2272 1447 2326 supra
1490 2256 1663 2325 ipsam
1699 2258 1975 2313 exsisten—

392 2343 527 2397 tiam
556 2344 792 2399 exsistit.
820 2344 944 2401 Haac
970 2348 1112 2401 enim
1140 2350 1319 2401 omnia
1352 2350 1728 2418 productionis
1761 2350 1974 2419 signiﬁ-

394 2436 665 2491 cationem
716 2437 945 2503 habent,
998 2439 1140 2494 Deus
1187 2450 1370 2494 autem
1404 2451 1489 2496 est
1540 2457 1701 2511 supra
1752 2458 1969 2495 omnem

393 2528 830 2596 productionem.
867 2532 1008 2587 Deus
1051 2533 1231 2602 itaque
1257 2535 1383 2602 quid
1412 2535 1483 2589 sit
1510 2536 1718 2589 nemini
1755 2536 1972 2589 illorum

395 2621 486 2689 qui
517 2637 658 2677 vera:
683 2624 931 2679 veritatis
956 2617 1230 2680 amatores
1253 2627 1544 2691 exsistunt,
1574 2628 1870 2697 praedicare
1894 2627 1975 2682 fas

394 2724 483 2767 est
513 2729 524 2763 :
569 2730 745 2785 neque
769 2726 827 2771 ut
860 2718 1153 2783 rationein,
1183 2733 1357 2788 neque
1385 2728 1443 2772 ut
1468 2719 1751 2781 virtutem,
1797 2734 1972 2788 neque

397 2808 613 2873 utalia,
643 2823 765 2876 qua:
814 2820 941 2863 sunt
986 2811 1287 2876 recensita;
1320 2810 1487 2881 310
1534 2810 1629 2865 sed
1676 2821 1762 2866 est
1806 2825 1973 2880 super

396 2902 514 2955 haec
539 2902 755 2966 omnia,
809 2912 864 2957 et
912 2919 1009 2974 per
1057 2902 1437 2959 excellentiam
1470 2913 1776 2972 exemptus,
1813 2916 1867 2958 et
1904 2906 1972 2960 ab

394 2993 545 3048 omni
571 2994 777 3058 habitu,
809 3004 863 3049 et
885 2998 953 3050 ab
986 2996 1135 3049 omni
1170 3004 1344 3061 motu,
1377 3003 1432 3048 et
1473 2997 1541 3051 ab
1571 2997 1822 3050 omnibus
1853 3011 1974 3066 quae

395 3084 540 3138 circa
567 3083 680 3140 haec
703 3095 1013 3139 versantur.
1048 3085 1326 3154 Siquidem
1364 3085 1587 3140 habitus
1613 3096 1695 3140 est
1740 3087 1973 3154 qualitas

398 3174 726 3240 innnanens,
777 3184 956 3229 motus
1008 3184 1191 3229 autem
1248 3183 1331 3228 est
1391 3174 1444 3228 id
1482 3176 1626 3244 quod
1680 3176 1972 3244 opponitur

396 3264 607 3333 quieti;
648 3281 773 3334 qua:
798 3267 1067 3334 Oppositio
1098 3268 1151 3322 in
1191 3267 1437 3336 pluribus
1465 3266 1720 3320 consiStit
1746 3281 1761 3319 :
1794 3278 1974 3323 motus

396 3358 542 3410 enim
572 3356 741 3423 elicit,
769 3358 876 3410 vita
908 3372 1037 3412 vero
1087 3357 1199 3412 hzec
1232 3358 1470 3413 ostendit
1517 3357 1790 3423 eilicacia;
1831 3359 1969 3411 ima-

2077 2170 2575 2242 ὑπεραγαθότητος,
2608 2171 2702 2222 καὶ
2730 2169 2872 2240 ὑπὲρ
2912 2169 2971 2221 τὸ
3002 2166 3207 2236 ἀγαθὸν
3250 2166 3367 2237 γὰρ
3399 2168 3501 2218 καὶ
3539 2166 3663 2235 ὑπὲρ

2074 2261 2134 2314 τὸ
2160 2257 2317 2326 εἶναι,
2347 2264 2440 2315 καὶ
2468 2262 2606 2331 ὑπὲρ
2626 2261 2794 2332 αὑτὴν
2818 2260 2915 2331 τὴν
2940 2258 3171 2330 ὑπαρξίν
3192 2260 3329 2310 ἐστι.
3354 2257 3555 2311 Ταῦτα
3569 2258 3666 2326 γὰρ

2076 2354 2254 2408 πάντα
2280 2354 2615 2425 παραγωγῆς
2643 2353 2915 2424 σημασίαν
2942 2352 3153 2423 ἔχουσιν
3172 2368 3185 2382 ’
3234 2352 3385 2422 ὑπὲρ
3409 2352 3471 2404 δὲ
3501 2354 3667 2405 πᾶσαν

2074 2448 2413 2520 παραγωγὴν
2440 2446 2500 2499 τὸ
2529 2446 2681 2499 Θεῖόν
2727 2448 2878 2498 ὲστι·
2904 2445 2963 2498 τὸ
3003 2444 3134 2513 γοῦν
3180 2443 3333 2496 Θεῖον
3380 2445 3412 2496 ὅ
3454 2460 3509 2495 τι

2076 2539 2244 2602 ἐστιν,
2271 2538 2446 2590 οὐδενί
2469 2537 2686 2607 θεμιτὸν
2711 2537 2949 2606 ὑμνῆσαι
2991 2534 3099 2587 τῶν
3126 2535 3239 2587 ὅσοι
3267 2535 3415 2587 εἰσὶν
3446 2534 3667 2603 ἐρασταὶ

2073 2629 2175 2699 τῆς
2199 2630 2367 2693 ὅντως
2394 2628 2669 2699 ἀληθείας,
2698 2628 2821 2681 οὑτε
2845 2627 2919 2691 ὡς
2943 2626 3132 2696 λόγον,
3160 2625 3283 2679 οὑτε
3309 2626 3389 2689 ὠς
3416 2626 3667 2698 δύναμιν,

2074 2720 2198 2773 οὔτε
2234 2720 2308 2785 ὡς
2336 2721 2504 2776 τᾶλλα
2528 2722 2674 2790 τάπη
2684 2719 2767 2789 ριθ
2776 2738 2848 2791 μη
2858 2719 2992 2791 μένα
3012 2736 3026 2749 ·
3061 2718 3201 2788 ὑπὲρ
3218 2716 3398 2769 ταῦτα
3416 2716 3477 2769 δὲ
3498 2717 3669 2769 πάντα

2076 2812 2214 2878 ἐστὶ,
2254 2813 2348 2867 καὶ
2392 2812 2734 2885 ὑπεροχικῶς
2761 2810 3116 2884 ἀφῃρημένον
3162 2809 3301 2872 ἐστὶ,
3345 2809 3451 2861 καὶ
3493 2809 3669 2876 πάσης

2080 2904 2265 2971 ἕξεως,
2296 2904 2391 2958 καὶ
2418 2904 2599 2973 πάσης
2632 2904 2920 2974 κινήσεως,
2950 2902 3042 2955 καὶ
3086 2902 3302 2955 πάντων
3331 2900 3439 2951 ὅσα
3464 2899 3667 2961 τούτοις

2078 2995 2592 3060 συνείλεκται.Ἔξις
2623 2996 2719 3065 μὲν
2739 2990 2830 3048 οὖν
2850 2996 2965 3046 ἐστι
2982 2993 3217 3056 διάθεσις
3236 2992 3505 3062 ἔμμονοςο
3532 2992 3669 3058 κίνη-

2078 3106 2161 3153 σις
2187 3090 2263 3153 δὲ,
2280 3089 2343 3141 τὸ
2368 3092 2433 3160 τῇ
2462 3088 2667 3161 ἠρεμίᾳ
2696 3084 3254 3156 ἀντιδιαστελλόμενον
3281 3084 3430 3137 κατὰ
3461 3083 3665 3136 πολλῶν

2074 3182 2375 3253 τιθέμενονο
2407 3181 2611 3253 ὲξαχῶς
2630 3180 2685 3252 (ι.
2709 3179 2913 3250 ἐξάγει)
2942 3178 3049 3250 γὰρ
3078 3180 3111 3248 ἡ
3134 3177 3367 3248 κίνησις,
3399 3176 3520 3247 ζωὴ
3547 3176 3600 3227 δὲ
3618 3175 3668 3225 τὸ

2072 3271 2246 3327 ταῦτα
2268 3271 2510 3324 δεικνύον
2534 3271 2758 3340 ἐνεργά·
2793 3269 3057 3338 φαντασία
3083 3268 3140 3320 δὲ
3166 3266 3227 3319 τὸ
3251 3267 3311 3318 ὲν
3362 3268 3435 3335 τῇ
3466 3264 3666 3333 διανοεῖ.

2077 3364 2488 3418 ἀνατυπωτικύν
2508 3381 2520 3393 ·
2548 3363 2673 3429 δόξα
2699 3362 2755 3414 δὲ
2798 3356 3331 3430 πεπληροφορημένη
3360 3355 3662 3427 ὑπόληψιςε

398 3448 602 3516 ginatio
635 3456 718 3501 est
766 3448 817 3501 id
848 3448 988 3517 quod
1021 3448 1075 3501 in
1126 3448 1401 3503 intellectu
1447 3450 1657 3519 species
1698 3449 1876 3505 eil'orir

2186 3473 2287 3510 ιοια.
2311 3459 2343 3527 ἡ
2374 3453 2771 3526 ἐπιστημονικὴ
2797 3451 2912 3519 ἕξις
2936 3453 3034 3523 τῆς
3050 3450 3228 3521 ψυχῆς
3251 3466 3263 3479 ·
3293 3448 3490 3517 νόησις
3518 3450 3557 3520 ἡ
3585 3446 3664 3499 τοῦ

398 3539 582 3606 opinio
608 3547 787 3594 autem
818 3550 902 3593 est
927 3555 1187 3610 persuasa
1216 3541 1553 3610 conjectura,
1585 3542 1859 3596 sententia
1891 3551 1975 3595 est

401 3631 739 3686 seientiiicus
783 3634 952 3687 animi
1005 3632 1243 3697 habitus,
1296 3633 1592 3688 intellectio
1648 3644 1731 3689 est
1778 3636 1975 3689 mentis

399 3724 667 3792 operatio,
695 3726 857 3780 statio
890 3735 974 3780 est
1008 3727 1225 3795 quidem
1258 3728 1424 3781 etiam
1447 3727 1604 3797 quies
1648 3743 1769 3797 quae
1802 3727 2015 3782 motui».

399 3818 709 3885 opponitur,
744 3826 1116 3873 verumtamen
1148 3833 1368 3889 quoque
1415 3818 1557 3873 idem
1587 3828 1669 3873 est
1694 3819 1837 3888 quod
1871 3828 1978 3873 sta-

400 3907 609 3974 bilitas,
642 3926 740 3980 pro
766 3925 872 3979 qua
919 3923 987 3964 ex
1040 3909 1354 3966 Graecorum
1404 3925 1502 3965 usu
1553 3910 1837 3979 accipitur.
1897 3909 1975 3963 Illi

400 4000 543 4055 enim
581 4002 915 4067 statuebant,
938 4009 995 4056 et
1015 4002 1336 4071 quibusdam
1364 4004 1555 4057 ritibus
1578 4005 1978 4061 conﬁrmabant

401 4109 495 4148 eos
538 4095 626 4163 qui
654 4093 782 4148 olim
828 4095 967 4163 apud
996 4109 1091 4148 eos
1118 4095 1189 4148 dii
1220 4093 1583 4148 habebantur.
1620 4094 1853 4158 Ἐνωσις
1879 4110 1972 4150 seu

403 4182 532 4237 unio
563 4193 645 4237 est
679 4186 879 4239 mentis
903 4194 1163 4250 attactus,
1207 4194 1263 4239 et
1296 4185 1454 4254 quasi
1484 4186 1750 4256 cognitio;
1783 4188 1975 4242 tenni-

404 4292 533 4339 nus,
565 4278 711 4344 quod
742 4293 846 4331 non
883 4287 940 4331 ut
969 4293 1094 4345 pars
1142 4285 1225 4332 est
1280 4278 1333 4331 in
1365 4278 1679 4343 terminato,
1708 4288 1765 4333 ut
1795 4283 1979 4335 terrui-

408 4381 513 4418 nus
542 4365 698 4419 linea:
728 4377 811 4420 est
840 4376 1125 4436 punctum,
1178 4375 1236 4421 et
1285 4367 1550 4421 terminus
1602 4370 1859 4439 temporis
1896 4380 1981 4425 est

407 4471 571 4524 nmic,
601 4471 695 4511 seu
724 4458 962 4520 instans;
994 4458 1205 4512 instans
1237 4468 1415 4513 autem
1440 4459 1595 4513 estin
1629 4471 1890 4530 tempore,
1926 4474 1981 4516 et

410 4568 515 4607 non
570 4560 826 4622 tanquam
878 4565 1003 4618 pars
1038 4552 1327 4619 temporis;
1374 4568 1497 4605 nam
1540 4568 1665 4621 pars
1720 4554 1979 4624 temporis

408 4658 622 4717 tempus
643 4646 880 4700 exsistit.
902 4643 1145 4699 lnlinilas
1171 4652 1254 4699 est
1273 4644 1467 4699 inﬁniti
1499 4650 1831 4703 coextensio.
1854 4648 1981 4704 Haec

408 4740 588 4801 omnia
628 4754 734 4793 non
770 4746 897 4792 sunt
944 4737 1206 4804 essentia,
1241 4736 1336 4791 sed
1384 4738 1529 4792 circa
1558 4742 1855 4796 essentiam
1892 4741 1977 4795 vi-

2078 3548 2195 3611 νοὸς
2222 3548 2500 3619 ἐνέργεια·
2533 3548 2720 3609 στάσις
2770 3544 2887 3597 ἐστὶ
2939 3544 3038 3615 μὲν
3074 3543 3169 3595 καὶ
3215 3543 3248 3612 η
3296 3540 3513 3611 ⁴ἤρεμία
3546 3539 3666 3607 πρὸς

2076 3642 2174 3713 τὴν
2213 3640 2427 3711 κίνησιν
2455 3637 2997 3707 ἀντιδιαστελλομένη
3017 3675 3033 3697 ,
3088 3634 3203 3686 ἐστι
3242 3632 3297 3684 δὲ
3330 3633 3428 3683 καὶ
3456 3631 3522 3684 τὸ
3548 3630 3666 3683 αὑτὸ

2076 3736 2142 3804 τῇ
2174 3731 2400 3802 ἱδρύσει,
2435 3731 2557 3800 ἥτις
2607 3728 2979 3799 παρείληπται
3007 3727 3069 3776 ὲκ
3118 3724 3217 3792 τῆς
3250 3720 3360 3775 τῶν
3400 3720 3665 3791 Ἐλλήνων

2081 3817 2386 3887 συνηθείας.
2428 3817 2654 3869 Ἐκεῖνοι
2700 3814 2809 3889 γάρ
2854 3815 3017 3867 ἴστων
3055 3813 3148 3864 καὶ
3175 3811 3356 3881 ἵδρυον
3390 3808 3490 3863 διά
3516 3827 3665 3861 τινων

2079 3909 2314 3964 τελετῶν
2360 3908 2488 3972 τοὺς
2534 3894 2995 3979 δοκιμαζομένους
3042 3903 3305 3974 πρότερον
3337 3902 3503 3965 θεοὺς
3546 3902 3663 3970 παρ’

2080 4006 2282 4069 αὑτοῖς.
2321 4005 2553 4065 Ἔνωσις
2580 4004 2613 4073 ἡ
2636 4000 2728 4053 τοῦ
2756 4000 2874 4063 νοὸς
2901 3997 3083 4068 ἐπαφὴ
3110 3997 3204 4048 καὶ
3229 3994 3390 4048 οἱονεί
3420 4011 3509 4057 τις
3534 3993 3665 4062 γνὼ-

2082 4115 2164 4162 σις
2183 4114 2196 4127 ⁸
2228 4096 2421 4169 πέρας,
2450 4096 2511 4148 τὸ
2537 4094 2636 4165 οὑχ
2660 4093 2735 4157 ὡς
2766 4092 2936 4163 μέρος
2964 4093 3020 4143 έν
3042 4088 3120 4159 τῷ
3152 4088 3551 4159 περατουμένῳ
3590 4088 3661 4143 ἰν,

2080 4192 2156 4254 ὡς
2182 4190 2356 4262 πέρας
2379 4187 2643 4259 γραμμῆς
2687 4186 2720 4255 ἡ
2748 4186 2950 4256 στιγμή
2971 4201 2984 4214 °
3018 4183 3110 4235 καὶ
3137 4182 3310 4252 πέρας
3337 4181 3434 4234 τοῦ
3480 4183 3660 4253 χρόνον

2080 4285 2141 4337 τὸ
2164 4284 2258 4339 νῦν
2278 4302 2291 4315 ·
2320 4287 2380 4338 τὸ
2411 4286 2468 4339 δὲ
2500 4286 2592 4339 νῦν
2618 4287 2676 4337 ἐν
2700 4284 2777 4355 τῷ
2804 4284 2999 4355 χρόνῳ,
3028 4285 3119 4336 καὶ
3142 4284 3240 4350 οὑχ
3262 4281 3336 4343 ὡς
3386 4280 3555 4350 μέρος
3578 4276 3661 4328 τοῦ

2083 4377 2275 4449 χρόνον
2297 4394 2310 4406 ⁸
2339 4376 2399 4429 τὸ
2424 4376 2532 4449 γὰρ
2560 4376 2723 4447 μέρος
2747 4375 2841 4427 τοῦ
2868 4374 3056 4447 χρόνου
3101 4374 3308 4445 χρόνος.
3353 4371 3607 4442 Ἀπειρία
3634 4370 3662 4436 ἡ

2081 4469 2176 4523 τοῦ
2250 4471 2482 4547 ἀπείρου.
2529 4469 2995 4540 συμπαρέκτασις.
3049 4468 3115 4519 Ἃ
3156 4466 3328 4520 ταῦτα
3370 4465 3475 4516 οὑκ
3518 4465 3663 4516 ausis

2082 4563 2240 4624 εἰσὶν,
2267 4561 2402 4615 ἀλλὰ
2426 4563 2554 4633 περὶ
2579 4562 2766 4615 οὑσίαν
2792 4561 3005 4631 ὁρᾶται.
3036 4559 3252 4629 Ταύτης
3278 4558 3333 4610 δὲ
3373 4556 3539 4610 πάλιν
3574 4556 3662 4622 τῆς

2081 4654 2270 4717 οὐσίας
2291 4653 2351 4706 τὸ
2376 4654 2529 4706 Θεῖον
2557 4653 2898 4724 ὑπέρκειται,
2929 4652 3023 4704 καὶ
3060 4649 3384 4721 ὑπερούσιόν
3429 4650 3549 4701 ἐστι
3578 4648 3662 4699 καὶ

2084 4745 2366 4818 ὑπέρθεον.
2398 4744 2613 4816 Ἐπειδὴ
2640 4745 2697 4797 δὲ
2719 4745 2849 4797 αὑτὸ
2872 4744 2966 4815 μὲν
2980 4743 3126 4796 ἔστιν
3145 4741 3485 4812 ἀγαθότητος
3504 4740 3664 4808 ὑπαρ-

410 4833 625 4886 dentur.
657 4829 831 4899 Super
859 4830 1000 4884 banc
1020 4837 1199 4883 autem
1232 4827 1401 4896 ipsam
1436 4828 1727 4883 essentiam
1757 4846 1881 4884 rurs

2191 4837 2284 4889 καὶ
2305 4836 2405 4906 οὑχ
2428 4835 2616 4899 ἁπλῶς
2644 4834 2935 4904 ἀγαθότης,
2964 4833 3033 4886 τά
3054 4834 3112 4886 δὲ
3161 4833 3443 4903 κτίσματι
3492 4833 3658 4885 πάντα

408 4924 550 4978 Deus
564 4924 787 4989 eminet,
817 4932 871 4978 et
890 4937 1052 4992 supra
1077 4921 1373 4975 essentiam
1394 4928 1568 4984 est,et
1598 4936 1762 4989 supra
1787 4923 1974 4976 Deum.

408 5017 673 5083 Quoniam
704 5017 820 5083 ipse
851 5016 1068 5083 quidem
1106 5019 1190 5068 est
1210 5014 1450 5069 essentia
1479 5013 1758 5075 bonitatis,
1790 5025 1844 5069 et
1874 5030 1980 5069 non

410 5109 641 5178 simplici
690 5109 905 5163 ratione
948 5106 1196 5173 bonitas;
1244 5117 1429 5161 creata
1472 5121 1603 5160 vero
1631 5108 1815 5160 omnia
1860 5123 1982 5177 quae

414 5210 563 5265 sunt,
596 5199 759 5255 etiam
794 5200 960 5268 ipsius
993 5198 1077 5252 sui
1124 5213 1248 5253 esse
1284 5212 1505 5253 causam
1569 5196 1775 5251 habent
1812 5198 1981 5251 Deum

412 5296 467 5349 in
497 5297 598 5349 hoc
626 5295 744 5363 ipso
770 5308 911 5355 esse.
943 5291 1085 5360 quod
1139 5290 1378 5345 divinum
1432 5304 1629 5343 numen
1672 5290 1981 5343 eminenter

414 5388 580 5442 habet
606 5396 862 5455 tanquam
890 5383 1131 5437 essentia
1160 5383 1439 5445 bonitatis,
1473 5398 1571 5452 per
1596 5397 1759 5451 quam
1793 5385 1984 5451 utique

416 5481 714 5533 bonitatem
769 5481 933 5532 etiam
980 5490 1138 5530 omne
1185 5476 1329 5545 quod
1367 5484 1453 5530 est
1494 5476 1769 5545 produxit.
1806 5474 1984 5544 Atque

415 5571 542 5626 hinc
579 5570 861 5625 solvuntur
889 5568 1048 5623 fatua:
1063 5570 1349 5638 opiniones
1372 5582 1560 5623 eorum
1588 5567 1677 5636 qui
1715 5566 1835 5623 ausi
1858 5577 1985 5623 sunt

416 5661 638 5725 dicere,
698 5659 919 5714 insitam
994 5676 1117 5715 esse
1178 5662 1286 5716 Deo
1335 5668 1530 5715 natura
1580 5660 1818 5729 quadam
1874 5660 1984 5713 vim

415 5755 665 5819 creandi,
699 5754 841 5808 sicut
866 5753 1089 5808 insitum
1121 5760 1207 5807 est
1229 5751 1503 5806 araneolis
1536 5762 1742 5819 texere,
1776 5766 1872 5821 per
1897 5766 1985 5805 so-

418 5850 526 5903 lazn
559 5848 704 5903 enim
746 5846 1041 5902 bonitatem
1076 5843 1330 5901 incll'al-ili
1366 5842 1641 5902 voluntate
1672 5844 1812 5900 Deus
1856 5859 1985 5915 pro-

2082 4926 2229 4991 δντα,
2258 4927 2350 4979 καὶ
2374 4925 2518 4979 κατά
2540 4926 2601 4979 τὸ
2626 4924 2764 4978 εἶναι
2788 4925 2964 4978 αἰτίαν
2989 4924 3170 4994 ἔχουσι
3197 4924 3289 4975 τὸν
3302 4923 3456 4985 Θεὸν,
3472 4925 3528 4975 ἐν
3549 4921 3662 4973 τού-

2083 5035 2160 5088 τῳ
2177 5017 2323 5089 αὑτῷ
2335 5017 2412 5088 τῷ
2446 5014 2607 5083 εἶναι,
2637 5018 2775 5089 ὅπερ
2797 5018 2909 5088 ἔχει
2936 5016 3286 5089 έξηρημένως
3306 5016 3368 5066 τὸ
3392 5014 3567 5077 Θείον,
3592 5012 3660 5073 ὡς

2088 5109 2678 5180 ὔπαρξις,ἀγαθότητος
2703 5108 2769 5161 δι’
2791 5110 2859 5179 ἣν
2883 5109 2947 5179 δὴ
2972 5108 3281 5177 ἀγαθότητα
3325 5108 3419 5160 καὶ
3458 5106 3518 5158 τὸ
3561 5108 3658 5157 πᾶν

2090 5201 2415 5270 παρήγαγε’
2448 5200 2541 5253 καὶ
2567 5202 2631 5252 ὲκ
2655 5199 2858 5251 τούτων
2898 5198 2951 5250 αἱ
2997 5196 3212 5267 ἀνόητοι
3251 5194 3403 5261 δόξαι
3449 5194 3659 5246 ἐκλύον-

2089 5309 2177 5345 ται
2223 5292 2331 5344 τῶν
2377 5291 2762 5363 τολμησάντων
2808 5289 3006 5358 λέγειν,
3057 5286 3215 5356 φύσει
3240 5286 3346 5339 τιν)⁵
3374 5287 3567 5337 ἐνεῖναι
3606 5282 3658 5332 τὸ

2089 5381 2479 5453 δημιουργικὸν
2500 5381 2577 5451 τῷ
2601 5380 2739 5451 Θεῷ,
2768 5380 2842 5443 ὡς
2869 5380 2962 5432 καὶ
2985 5381 3097 5441 τοῖς
3123 5378 3406 5448 ἀραχνίοις
3427 5375 3486 5428 τὸ
3513 5373 3660 5442 5915-

2092 5493 2201 5529 νειν
2220 5492 2233 5505 ο
2263 5475 2354 5529 διὰ
2376 5475 2484 5546 γάρ
2512 5474 2677 5546 μόνην
2705 5473 3015 5542 ἀγαθὸτητα
3052 5472 3121 5523 τά
3170 5471 3442 5541 κτίσματα
3490 5468 3659 5535 παρή-

2089 5586 2258 5637 γαγεν
2281 5570 2309 5621 ὁ
2334 5567 2465 5631 Θεὸς
2492 5569 2714 5639 ἀρρήτῳ
2737 5566 2952 5636 θελήσει
2972 5582 2985 5593 ο
3016 5564 3137 5616 ἐπεὶ
3158 5558 3251 5617 οὗν
3273 5561 3463 5623 ταῦτα,
3490 5559 3583 5612 καὶ
3608 5557 3657 5607 ἐν

2091 5658 2240 5730 αὑτῷ
2264 5657 2343 5729 τῷ
2368 5654 2507 5711 εἶναι
2530 5658 2677 5711 αἰτία
2698 5657 2806 5710 τῶν
2830 5656 2995 5709 ὄντων
3020 5655 3167 5707 ἐστὶν
3189 5656 3217 5707 ὁ
3244 5652 3397 5717 Θεὸς,
3424 5652 3521 5722 τὴν
3546 5648 3660 5702 τού⁴

2090 5769 2182 5805 του
2218 5751 2494 5822 πρόνοιαν,
2541 5750 2661 5803 ἐπεὶ
2686 5748 2890 5819 ταύτης
2912 5748 3009 5818 τῆς
3047 5748 3227 5811 αίτίας
3254 5745 3495 5814 ἀνωτέρα
3519 5741 3657 5795 αἰτία

2090 5846 2188 5899 οὑκ
2214 5845 2380 5911 ἐστιν,
2410 5842 2468 5910 ἐξ
2494 5835 2561 5915 ἧς
2585 5841 2975 5917 ὑμνηθήσεται,
3003 5840 3066 5891 ἐκ
3091 5838 3198 5892 τῶν
3218 5836 3465 5894 αίτιατῶν
3488 5834 3649 5906 ὑμνηο
