3752 6292
121 377 217 434 629
702 369 788 425 DE
826 366 1078 422 DIVINIS
1117 361 1516 457 NDMINIBUS,
1551 360 1706 417 CAP.
1744 360 1783 413 1.
1822 391 1889 399 -
1932 353 2280 412 PARAPHR.
2322 347 2792 406 PACHYMERAS.
3280 342 3381 397 650

119 492 254 547 τέον.
304 489 409 544 Διά
457 489 553 556 τί;
597 489 677 541 ότι
719 468 818 539 xui
858 484 986 554 περὶ
1031 481 1200 551 αὐτὴν
1242 479 1421 533 πάντα
1463 476 1540 538 ῶς
1580 471 1738 543 περι

1922 472 1960 525 it
1981 476 2283 526 creaturas.
2314 466 2449 521 Cum
2477 464 2589 518 hinc
2610 461 2972 531 itaque,quod
3000 460 3164 515 etiam
3194 460 3246 513 in
3267 460 3384 529 ipso

121 583 310 646 αἴτιον,
338 583 437 636 xui
468 551 822 652 δημιουργὸν,
862 551 958 631 xui
1000 574 1193 645 ἀρχὴν,
1221 572 1296 635 ὼς
1323 570 1451 641 περὶ
1488 568 1551 622 τὸ
1588 566 1711 619 κέν-

1917 606 1918 614 χ
1952 578 2047 632 per
2067 574 2227 615 suum
2254 571 2394 618 esse,
2418 570 2585 610 causa
2613 568 2792 607 rerum
2823 553 2894 607 sit
2917 553 3081 618 Deus,
3114 551 3235 620 ejus
3261 568 3385 617 pro-

121 694 243 748 τρον
267 642 307 746 ἡ,
328 642 686 745 περιφέρεια,
712 642 787 732 ῶς
810 669 875 723 ἄν
907 684 991 730 τις
1016 642 1160 719 εἴποι
1182 662 1270 717 διά
1294 663 1391 733 τὴν
1416 660 1525 713 τῶν
1552 660 1710 727 λεγο-

1917 653 2076 716 entia,
2102 663 2225 704 eum
2258 646 2403 700 nulla
2440 645 2514 699 sit
2550 658 2713 697 causa
2747 642 3034 696 sublimior
3064 656 3092 694 a
3129 656 3233 709 qua
3262 642 3383 695 lauo

126 771 296 841 μένων
323 768 648 839 σαφήνειανο
667 764 760 817 xui
785 761 953 830 αὐτῆς
975 759 1160 821 ἕνεκα,
1174 757 1249 821 ὡς
1264 756 1450 819 τέλους
1470 754 1707 807 πάντων⁸

1917 745 1929 797 i
1965 742 2155 812 possit,
2186 755 2249 794 ex
2285 736 2496 792 ellectis
2522 734 2792 788 laudanda
2831 743 2933 787 est.
2957 733 3131 800 Quam
3162 733 3231 787 ob
3255 748 3383 787 cau-

124 864 215 914 xui
236 859 376 931 αὑτὴ
400 858 513 929 πρὸ
535 857 754 910 πάντων
782 853 950 906 ἐστίν.
992 851 1160 921 Ἀρχὴ
1188 848 1299 919 γὰρ
1316 849 1410 901 xui
1425 846 1577 908 τέλος
1602 843 1712 897 τῶν

123 952 379 1005 ἁπάντων
406 947 566 1011 Θεὸς,
596 944 733 1015 πλὴν
761 937 1254 1012 ὑπερεξῃρημὲνως
1278 935 1371 987 xui
1389 934 1710 1003 δημιουργιε-

125 1042 235 1106 κῶς
254 1057 269 1072 ο
318 1040 416 1094 xui
464 1038 577 1110 γὰρ
616 1038 676 1089 οὺ
706 1036 802 1088 σὺν
831 1032 999 1103 αὐτῷ,
1030 1029 1142 1084 ἀλλ’
1167 1032 1225 1082 ἐν
1268 1026 1416 1096 αὐτῷ
1438 1025 1507 1078 τὰ
1534 1023 1714 1076 πάντα

128 1137 428 1206 συνέστηκε
451 1150 467 1165 ο
499 1132 595 1186 xui
620 1132 677 1182 ἐν
702 1127 778 1199 τῷ
803 1124 941 1180 εἶναι
965 1125 1027 1176 τὸ
1051 1123 1205 1176 Θεῖον
1222 1122 1257 1191 ἡ
1285 1118 1591 1189 παραγωγὴ
1618 1115 1714 1168 xui

128 1204 427 1289 ὑπόστασις
470 1224 727 1277 ἀπάντων
752 1218 889 1271 ἐστί.
921 1213 1123 1268 Τούτου
1167 1213 1343 1266 πάντα
1368 1209 1615 1278 ἐφίεται·
1645 1204 1714 1259 τὰ

132 1318 229 1389 μὲν
255 1316 443 1387 νοερὰ,
489 1314 659 1386 ἤγουν
697 1312 746 1363 οἰ
789 1308 1031 1377 ἄγγελοι,
1073 1305 1168 1359 xui
1208 1302 1279 1356 τὰ
1302 1299 1516 1369 λογικά,
1547 1298 1715 1368 ἤγουν

129 1412 176 1463 οἰ
192 1408 289 1463 ἀνθ
300 1424 497 1481 ρωποι,
514 1401 829 1476 γνωστικῶς
846 1396 1204 1453 ἐπιϐάλλοντα
1218 1398 1285 1466 τῇ
1305 1391 1398 1446 τοῦ
1418 1389 1553 1444 Θεοῦ
1583 1405 1716 1461 προ-

130 1505 247 1575 νοίᾳ
277 1544 293 1568 ,
326 1501 610 1570 ἀναλόγως
650 1498 893 1568 ἐφίενται
933 1492 1027 1546 τοῦ
1052 1489 1208 1544 Θεοῦ.
1240 1487 1322 1541 Τά
1448 1483 1716 1575 υφειμένα

130 1566 357 1657 τούτων,
388 1566 555 1662 ἤγουν
598 1586 667 1640 τά
695 1566 900 1652 ήάλογα,
946 1575 1020 1634 ὧν
1047 1577 1253 1646 ἀλόγων
1276 1576 1310 1645 ἡ
1334 1572 1478 1644 ψυχὴ
1518 1571 1583 1622 ἐκ
1606 1566 1716 1662 τῶν

1817 836 1976 890 sam?
2004 834 2129 903 quia
2162 840 2217 886 et
2248 830 2458 885 circum
2491 828 2663 897 ipsam
2717 835 2844 880 sunt
2880 825 3084 887 omnia,
3130 835 3385 893 tanquam

1815 928 2024 983 circum
2072 936 2318 986 causam,
2349 930 2403 974 et
2445 918 2827 980 conditricem,
2864 926 2921 971 et
2949 916 3297 987 principium,
3326 932 3389 971 ac

1814 1021 1859 1075 si
1888 1018 2008 1087 quis
2040 1012 2422 1086 explicationis
2456 1010 2631 1081 gratia
2683 1010 2853 1075 dicat,
2904 1009 3046 1063 sicut
3089 1008 3388 1063 circumfe-

1817 1110 1988 1164 rentia
2019 1110 2226 1163 circum
2261 1113 2531 1167 centrum,
2567 1110 2621 1156 et
2650 1110 2873 1172 propter
2904 1102 3068 1165 hanc,
3121 1110 3384 1172 tanquam

1817 1201 1977 1254 linem
1997 1208 2120 1252 ante
2139 1197 2399 1258 omnium,
2424 1203 2478 1248 et
2501 1192 2617 1261 ipsa
2643 1201 2727 1246 est
2756 1200 2882 1245 ante
2926 1192 3201 1247 universa.
3229 1192 3393 1246 Prin-

1815 1296 2013 1365 cipium
2040 1292 2181 1347 enim
2209 1300 2265 1344 et
2293 1288 2416 1343 linis
2441 1286 2681 1341 omnium
2712 1295 2795 1339 est
2823 1286 2985 1351 Deus,
3021 1294 3392 1339 verumtamen

1814 1379 2278 1451 supereminenter
2292 1385 2346 1431 et
2363 1374 2644 1438 elfective;
2675 1373 2944 1443 siquidem
2963 1390 3069 1428 non
3090 1390 3211 1429 cum
3251 1374 3392 1444 ipso,

1817 1471 1911 1527 sed
1955 1472 2008 1524 in
2040 1472 2154 1541 ipso
2176 1477 2366 1523 cuncta
2400 1466 2732 1531 consistunt;
2762 1474 2817 1519 et
2839 1480 2904 1520 eo
2929 1467 3071 1532 quod
3112 1466 3254 1519 Deus
3290 1473 3394 1527 est,

1817 1562 2055 1618 omnium
2082 1574 2293 1629 quoque
2308 1558 2466 1629 31']
2487 1556 2767 1627 productio
2792 1563 2845 1608 et
2876 1554 3218 1610 subsistentia
3246 1554 3397 1608 exsi-

135 1684 416 1755 στοιχείων
450 1681 547 1736 xui
569 1677 662 1732 τοῦ
689 1676 871 1730 ἐνύλου
900 1672 1069 1743 πυρὸς
1098 1666 1431 1729 συνεστῶσα,
1472 1664 1530 1715 ἐν
1556 1658 1721 1713 πνεύ-

1917 1652 2091 1711 .Huuc
2106 1651 2285 1706 omnia
2311 1656 2591 1719 appetunt;
2613 1647 2876 1718 spiritalia
2892 1647 3108 1716 quidem
3117 1649 3187 1718 {ut
3202 1646 3398 1714 angeli,

138 1739 467 1847 μτῖένύλῳ
491 1772 603 1844 ἔχει
635 1770 695 1824 τὸ
719 1764 884 1833 εἶναι’
912 1739 1084 1818 ταῦτα
1112 1760 1291 1832 μόνον,
1319 1759 1383 1810 ἐκ
1528 1753 1718 1847 αἰσθή-

1917 1742 2218 1808 rationalia,
2260 1750 2318 1795 ut
2362 1740 2639 1805 homines,
2668 1755 2766 1810 per
2807 1740 3177 1811 cognitionem
3204 1739 3403 1793 divina:

138 1826 273 1929 σεως
319 1826 756 1930 συνέλαῦνόμενα
784 1826 867 1918 εἰς
892 1854 952 1906 τὸ
977 1826 1170 1921 πεινῇν
1200 1848 1296 1901 xui.
1337 1849 1418 1910 εἰς
1445 1844 1507 1898 τὸ
1537 1842 1719 1914 διψῇν,

1917 1839 2180 1896 ινὶᾱοιιιίεε
2214 1853 2316 1909 pro
2349 1844 2516 1905 captu
2575 1849 2675 1889 suo
2723 1835 2895 1889 Deum
2950 1842 3232 1904 appetunt.
3267 1832 3399 1899 Qua:

136 1958 381 2029 ἐφίενται
427 1952 653 2014 εἰκότως
694 1944 965 2017 αἰσθητῶς
990 1941 1083 1996 τοῦ
1122 1936 1499 2012 χορηγοῦντος,
1527 1934 1602 1998 ὡς
1625 1931 1685 1985 τό
1705 1947 1723 1963 ·

138 2024 343 2101 Πάντα
359 2044 510 2113 πρὸς
530 2040 605 2095 σὲ
620 2035 1001 2108 προσδοκῶσι
1020 2033 1228 2087 δοῦναι
1244 2029 1358 2097 τὴν
1371 2024 1602 2096 τροφὴν
1618 2025 1726 2077 αὐτ

138 2138 253 2193 τῶν
271 2139 361 2203 εἰς
376 2128 864 2202 εὔκαιρον.Τᾶλλα
882 2127 1061 2199 μέντοι
1077 2126 1178 2177 ὅσα
1189 2121 1287 2194 τὴν
1304 2119 1538 2189 ζωτικὴν
1560 2116 1727 2187 μόνην

138 2224 481 2296 ἀναισθήτως
508 2221 620 2292 ἔχει
645 2218 877 2290 κίνησιν,
902 2214 977 2279 ὼς
1013 2212 1082 2266 τὰ
1106 2210 1248 2282 φυτά
1286 2209 1380 2263 xui
1405 2209 1459 2261 αἱ
1489 2204 1726 2277 βοτάναι,

141 2319 174 2372 ἃ
196 2333 323 2373 τινα
352 2315 449 2368 xui
480 2313 711 2378 ζωτικὸν
760 2306 978 2378 πνεῦμα
1025 2304 1183 2376 μόνον
1234 2298 1497 2355 συνιστῶν
1523 2296 1726 2367 ἔχουσι,

139 2410 232 2481 τὴν
260 2407 471 2463 ἐαυτῶν
497 2405 682 2459 ουσίαν
708 2402 838 2456 ἄνευ
879 2398 1184 2470 αἰσθήσεως
1208 2413 1220 2425 ο
1251 2393 1287 2448 ἃ.
1319 2393 1383 2463 δὴ
1408 2391 1503 2444 xui
1529 2387 1728 2443 πολλά-

142 2522 246 2568 κις,
269 2519 361 2556 στε
371 2500 463 2571 ρού
473 2515 608 2570 μενα
621 2495 715 2549 τοῦ
744 2490 971 2564 φυσικοῦ
987 2489 1316 2560 πνεύματος,
1345 2483 1517 2554 ἀποξη
1527 2481 1732 2553 ραίνον-

141 2614 251 2661 ται,
304 2591 460 2647 δι’οὖ
495 2588 772 2643 κινοῦνται
824 2585 959 2657 πρὸς
1006 2582 1233 2652 αὔξησιν
1281 2578 1376 2632 xui
1421 2574 1728 2629 εὐθάλειαν.

156 2659 430 2756 Ἐςρίενται
453 2682 551 2735 xui
577 2677 748 2732 ταῦτα
771 2677 869 2748 τῆς
895 2673 1043 2736 θείας
1063 2669 1347 2742 Προνοίας,
1397 2666 1482 2736 ἐφ’
1510 2659 1554 2733 ᾧ
1580 2680 1734 2716 συνε-

147 2781 341 2834 στάναι
368 2777 464 2831 xui
501 2772 683 2828 ἀνθεῖν
703 2789 715 2802 ·
743 2769 865 2824 ὃθεν
891 2769 985 2821 xui
1007 2764 1182 2819 ταῦτα
1206 2760 1732 2833 παραλαμϐάνονται

145 2874 203 2925 ἐν
248 2868 329 2940 τῷ
376 2872 506 2939 ρμη¹
535 2860 752 2934 Ψαλμῷ
776 2900 789 2924 ,
819 2862 987 2913 αἰνεῖν
1013 2858 1104 2911 τὸν
1125 2856 1256 2909 Θεὸν
1282 2853 1370 2907 διά
1407 2852 1505 2922 τῆς
1552 2847 1733 2903 αὐτῶν

148 2937 483 3022 συστάσεωςξ
525 2954 607 3008 Τά
632 2954 688 3007 δὲ
715 2952 915 3023 ἀψυχα,
959 2952 1015 3002 ὲν
1055 2948 1133 3020 τῷ
1170 2948 1314 3017 ἔχειν
1356 2946 1413 2997 ἐν
1439 2944 1648 3004 ἑαυτοῖς
1673 2937 1736 2991 τὸ

146 3056 282 3117 ὅλως
306 3048 470 3114 εἶναι,
500 3048 535 3119 ἢ
578 3048 635 3100 ἐν
680 3044 756 3116 τῷ
781 3042 1003 3097 τοιὼσδε
1047 3042 1080 3113 ἢ
1124 3038 1349 3093 τοιώσδε
1376 3033 1515 3090 εἶναι
1536 3052 1548 3064 ·
1578 3032 1735 3087 τοῦτο

147 3146 255 3217 γὰρ
281 3138 438 3198 εἶπεν
462 3137 699 3208 οὐσιὼδη
728 3137 822 3190 xui
849 3133 1075 3206 ἐκτικὴν
1099 3130 1532 3202 ἐπιτηδειότητα,
1547 3128 1622 3191 ὡς
1639 3125 1733 3179 τοῦ

1826 1947 1956 1988 vero
1983 1932 2067 1985 bis
2092 1928 2343 1983 inferiora
2367 1937 2515 1991 sunt,
2542 1926 2749 1981 scilicet
2777 1925 3135 1993 irrationalia,
3162 1940 3397 1993 quorum

1830 2023 2226 2081 irrationalium
2255 2021 2437 2075 anima
2469 2034 2536 2075 ex
2565 2018 2856 2075 elementis
2886 2027 2940 2072 et
2973 2017 3240 2071 materiali
3284 2018 3406 2088 igne

1828 2122 2060 2177 constat,
2094 2113 2149 2167 in
2182 2111 2379 2181 spiritu
2412 2108 2680 2165 materiali
2733 2109 2937 2164 habent
2966 2121 3118 2172 esse;
3154 2107 3269 2161 haec
3313 2122 3406 2162 so-

1830 2206 1939 2261 lum
1958 2220 2024 2260 ex
2052 2218 2211 2259 sensu
2241 2200 2520 2271 compulsa
2551 2199 2618 2253 ad
2648 2198 2997 2254 esuriendum
3027 2205 3081 2251 et
3107 2194 3405 2249 sitiendmn

1830 2298 2028 2355 merito
2078 2294 2398 2349 desiderant
2442 2291 2630 2347 sensili
2666 2289 2827 2345 modo
2850 2304 2973 2344 eum
3003 2288 3097 2358 qui
3141 2289 3405 2358 praebeat,

1827 2389 1977 2459 juxta
2012 2387 2139 2443 illud
2168 2408 2180 2442 :
2205 2385 2445 2441 Omniaa
2469 2392 2517 2439 te
2544 2392 2867 2452 exspectant,
2899 2392 2952 2434 ut
2974 2381 3063 2435 des
3095 2380 3208 2434 illis
3230 2396 3405 2434 escam

1831 2483 2066 2553 ipsorum
2110 2480 2164 2533 in
2200 2488 2426 2545 tempore
2467 2483 2768 2544 opportuno
2790 2474 2842 2526 ιι.
2889 2472 3061 2527 Porro
3108 2473 3235 2536 alia,
3286 2487 3408 2541 quae

1833 2575 2008 2630 solum
2028 2572 2246 2627 vitalem
2272 2570 2391 2624 sine
2404 2582 2565 2624 sensu
2583 2575 2785 2622 motum
2812 2566 3036 2632 habent,
3053 2566 3193 2621 sicut
3217 2566 3412 2636 planta)

1833 2680 1887 2724 et
1913 2668 2116 2731 herbae,
2140 2678 2261 2733 quae
2292 2660 2514 2715 vitalem
2544 2659 2795 2728 spiritum
2818 2658 2993 2714 solum
3019 2658 3409 2713 consistentem

1833 2759 2057 2821 habent,
2089 2764 2144 2811 et
2171 2769 2324 2810 suam
2348 2751 2645 2808 essentiam
2676 2750 2794 2805 sine
2837 2765 3019 2815 sensu,
3057 2764 3180 2819 qua:
3227 2750 3413 2819 utique

1836 2852 2150 2919 frequenter
2174 2852 2452 2907 arescunt,
2483 2841 2715 2897 naturali
2738 2840 2930 2911 spiritu
2958 2840 3192 2909 privata,
3217 2855 3323 2909 quo
3346 2840 3413 2895 ad

1838 2940 2207 2996 accretionem
2235 2944 2291 2991 et
2327 2932 2779 3005 germinationem
2816 2926 3188 3001 impelluntur.
3235 2932 3416 3001 Appe-

1837 3038 1957 3086 tunt
1980 3029 2143 3084 etiam
2177 3028 2291 3082 haec
2312 3024 2555 3079 divinam
2575 3022 2973 3079 Providentiam
2999 3029 3057 3075 ut
3084 3022 3411 3086 consistant,

1840 3132 1896 3177 et
1929 3121 2188 3183 ﬂoreant,
2238 3118 2382 3173 unde
2410 3116 2578 3172 etiam
2613 3116 2729 3171 haec
2771 3123 3126 3169 assumuntur
3170 3115 3222 3169 in
3267 3114 3410 3169 Psal.

736 3224 998 3297 φέρεσθαι
1017 3190 1044 3253 ·’
1059 3223 1154 3276 xui
1178 3190 1272 3274 τοῦ
1299 3190 1490 3291 πυρός,
1513 3190 1574 3272 τὸ

1917 3228 2068 3277 Lvnt,
2096 3211 2163 3265 ad
2193 3209 2522 3265 laudandum
2555 3208 2723 3262 Deum
2753 3216 2978 3277 propter
3004 3208 3245 3276 ipsorum
3282 3221 3415 3261 con-

150 3325 243 3379 xui
268 3322 365 3376 τοῦ
395 3320 616 3382 ὓδατος,
642 3316 703 3369 τὸ
728 3317 786 3370 ἐν
811 3315 971 3369 παντὶ
1000 3310 1451 3385 σχηματίζεσθαι.

1842 3303 2169 3361 sistentiam.
2194 3301 2435 3357 Inanima
2475 3312 2605 3353 vero
2634 3312 2700 3354 eo
2723 3296 2863 3367 quod
2887 3298 3110 3352 omnino
3133 3297 3183 3350 in
3214 3312 3273 3352 se
3296 3311 3419 3352 esse

151 3415 410 3477 habeant,
448 3410 536 3466 vel
572 3408 675 3464 tale
705 3417 799 3463 aut
830 3406 936 3462 tale
958 3420 1107 3473 esse;
1142 3406 1245 3461 hoc
1293 3406 1439 3461 enim
1495 3400 1789 3475 appellavit
1845 3397 2259 3455 snbstantialem
2315 3410 2380 3449 ac
2424 3391 2754 3448 habitualem
2802 3391 3201 3461 aptitudinem;
3242 3390 3420 3462 qualis

152 3519 232 3565 est
258 3506 459 3577 lapidis
484 3511 664 3558 motus
695 3503 973 3565 deorsum,
1006 3510 1060 3556 et
1093 3501 1233 3572 ignis
1261 3515 1505 3568 sursum,
1530 3507 1586 3555 et
1612 3513 1764 3567 aqua:
1798 3510 2013 3553 omnem
2042 3493 2332 3549 admittere
2361 3491 2610 3560 ﬁguram.

220 3600 248 3673 ς
275 3598 364 3655 Vl.
393 3596 572 3651 Τοῦτο
609 3594 809 3657 εἰδότες
850 3595 899 3647 οἱ
943 3593 1211 3662 θεολόγοιο
1242 3592 1399 3646 τοῦτο
1424 3594 1613 3656 ποῖον;
1656 3591 1738 3643 ὅτι

154 3692 415 3749 ἀδύνατόν
442 3693 592 3745 ἐστιν
617 3688 681 3740 ἐκ
707 3686 975 3757 προτέρας
996 3687 1140 3751 τινὸς
1163 3686 1342 3749 αἰτίας
1368 3687 1462 3739 xui
1486 3683 1741 3754 γνώσεως

155 3788 216 3841 τὸ
260 3787 417 3842 Θεῖον
466 3784 775 3856 ὑμνεῖσθαι,
823 3785 871 3836 εἰ
901 3782 975 3853 μὴ
1002 3782 1067 3833 ἐκ
1089 3779 1198 3832 τῶν
1239 3778 1521 3841 αἰτιατῶν,
1548 3776 1643 3830 xui
1666 3775 1742 3838 ὡς

160 3877 437 3950 ἀνώνυμον
463 3874 743 3948 ὑμνοῦσιν,
773 3875 853 3927 ὅτι
878 3871 1210 3946 ἐξῃρημένον
1230 3871 1445 3924 πάντων
1471 3868 1619 3921 ἐστί·
1648 3865 1744 3919 xui

162 3972 319 4025 πάλιν
346 3972 413 4023 ἐκ
438 3969 637 4031 παντὸς
663 3966 944 4037 ὀνόματος,
972 3965 1054 4017 ὅτι
1081 3964 1176 4017 xui.
1202 3961 1418 4015 αἰτιατά
1442 3961 1511 4014 τὰ
1561 3959 1741 4013 πάντα

163 4059 225 4111 ἐκ
247 4056 440 4110 τούτου
464 4055 659 4109 αἰτίου.
695 4052 894 4108 Ἀνώνυ
904 4068 1000 4123 μον
1026 4052 1145 4123 μὲν,
1174 4050 1249 4114 ὡς
1278 4051 1335 4103 ἐν
1355 4052 1421 4120 τῇ
1451 4047 1617 4120 βίϐλῳ
1635 4045 1746 4100 τῶν

165 4144 380 4217 Κριτῶν
406 4143 658 4214 εὓρηται,
676 4143 851 4211 λέγων
874 4141 1011 4212 πρὸς
1035 4140 1126 4193 τὸν
1163 4138 1453 4211 ἐρωτῶντα
1476 4155 1490 4168 ο
1518 4138 1630 4191 Καὶ
1648 4138 1749 4191 ἵνα

166 4238 221 4289 τί
249 4233 475 4305 ἐρωτᾷς
494 4234 560 4287 τὸ
583 4234 767 4303 ὄνομά
779 4251 921 4303 μου,
935 4232 1033 4286 καί
1060 4231 1205 4286 αὐτό
1225 4232 1357 4285 ἐστι
1379 4229 1749 4299 θαυμαστῶς

168 4332 289 4396 Πῶς
322 4329 662 4401 θαυμαστὸν,
703 4325 1065 4399 ἐξηγούμενος
1105 4324 1276 4394 λέγει,
1321 4325 1402 4377 ὅτι
1454 4322 1604 4391 ὑπὲρ
1628 4319 1752 4376 πᾶν

1917 3587 1945 3659 §
1974 3586 2061 3642 Vl.
2093 3585 2209 3641 Hoc
2240 3584 2480 3639 scientes
2506 3580 2762 3653 theologi.
2801 3580 2961 3651 quale
2991 3579 3156 3637 illud?
3184 3582 3324 3653 quod
3342 3582 3427 3637 ni-

1843 3680 2042 3735 mirum
2075 3674 2413 3747 impossibile
2435 3675 2529 3737 sit.
2566 3689 2633 3730 ex
2680 3675 2850 3744 priori
2892 3674 3073 3744 aliqua
3105 3690 3269 3729 causa
3317 3688 3416 3728 no-

1849 3773 2062 3828 tioneve
2089 3769 2259 3824 Deum
2290 3767 2625 3834 collaudare,
2656 3768 2749 3823 sed
2782 3777 2987 3822 tantum
3013 3783 3077 3822 ex
3117 3767 3346 3833 etl‘ectis,
3372 3776 3429 3821 et

1847 3874 2108 3933 tanquam
2144 3861 2370 3915 nomine
2393 3871 2674 3915 carentem
2704 3860 2950 3926 laudant,
2980 3860 3125 3929 quod
3153 3860 3219 3915 ab
3251 3859 3428 3913 omni-

1845 3954 1947 4010 bus
1977 3960 2260 4020 exemptus
2284 3951 2384 4017 sit;
2406 3960 2460 4005 et
2478 3965 2725 4018 rursum,
2755 3966 2821 4005 ex
2848 3951 2993 4007 omni
3021 3951 3258 4018 nomine,
3286 3953 3429 4020 quod

1847 4045 2010 4101 etiam
2039 4059 2231 4099 omnes
2264 4042 2492 4098 effectus
2516 4058 2582 4097 ex
2615 4044 2715 4098 hac
2744 4059 2912 4098 causa
2951 4045 3084 4102 sint.
3114 4042 3433 4097 lnnomina-

1848 4136 2010 4192 bilem
2040 4134 2283 4205 quidem,
2313 4135 2440 4189 utin
2472 4135 2614 4189 libro
2635 4133 2886 4190 Judicum
2919 4135 3186 4205 reperitur
3212 4135 3429 4189 cuidam

1854 4224 2213 4295 interroganti
2247 4224 2430 4279 dicere
2456 4241 2470 4277 :
2493 4225 2987 4295 Quareinterrogns
3013 4241 3200 4279 nomen
3232 4240 3427 4289 meum,

1853 4328 1902 4372 et
1936 4317 2033 4370 hoc
2074 4325 2149 4370 est
2180 4315 2420 4369 mirabile
2458 4328 2475 4356 ι
2504 4316 2529 4370 ?
2562 4315 2844 4382 Quomodo
2876 4291 3127 4371 mirabile
3150 4316 3219 4370 sit
3257 4315 3432 4383 expli-

170 4423 372 4493 ὄνομα,
399 4422 497 4475 xui.
521 4419 914 4490 ὑπερκείμενον
932 4415 1155 4481 παντὸς
1171 4412 1605 4483 ὀνομαζομένου
1620 4411 1730 4466 ὀνό

1926 4423 2011 4476 ns,
2045 4406 2149 4461 ait:
2182 4406 2453 4473 Quoniam
2484 4424 2641 4478 super
2670 4424 2824 4462 omne
2884 4424 3074 4462 nomen
3101 4408 3151 4471 κ,
3181 4418 3237 4461 et
3274 4424 3434 4478 supe-

165 4536 350 4590 ματος
373 4515 486 4570 εἴτε
506 4511 579 4565 ἐν
598 4507 685 4577 τῷ
704 4510 869 4567 αἰῶνι
886 4508 1091 4573 τούτῳ,
1131 4508 1245 4562 είτε
1265 4506 1335 4561 ἐν
1350 4504 1748 4575 τῷμέλλοντι.

172 4610 526 4680 πολυώνυμον
558 4606 636 4671 δὲ,
662 4605 737 4669 ὡς
764 4605 890 4658 ὅταν
918 4603 1011 4656 xui
1034 4601 1195 4655 αὐτὸν
1220 4601 1479 4669 εἰσάγωσι
1504 4597 1751 4667 λέγοντα,

174 4703 245 4767 ὡς
271 4704 329 4755 ἐν
351 4700 432 4772 τῷ
459 4700 622 4769 Σινᾷ,
678 4695 824 4765 Ἐγώ
860 4697 975 4764 εἰμι
1000 4696 1033 4747 ὀ
1070 4692 1154 4745 ὢν
1174 4708 1191 4722 ι
1214 4692 1309 4745 xui
1358 4692 1418 4743 ἐν
1463 4689 1689 4761 ἑτέροις,
1718 4689 1753 4759 ή

174 4792 305 4863 ζωὴ,
333 4792 396 4847 τὸ
423 4788 561 4860 φῶς,
590 4790 628 4840 ὁ.
643 4786 794 4849 Θεὸς,
821 4786 861 4854 ἡκ
882 4783 1125 4854 ἀλήθεια,
1154 4780 1229 4845 ὡς
1269 4783 1326 4834 ἐν
1370 4780 1753 4848 Εὑαγγελίοιςσ

185 4884 325 4955 Ἐγώ
351 4885 473 4952 εἰμι
500 4882 539 4949 ή
574 4879 688 4947 ζωὴ
726 4877 824 4931 καὶ
852 4877 891 4946 ή
924 4874 1206 4941 ἀλήθειαο
1240 4873 1335 4927 xui
1374 4872 1566 4927 πάλιν·
1619 4870 1760 4941 Ἐγώ

174 4982 285 5049 εἰμι
304 4976 369 5031 τὸ
390 4971 520 5045 φῶς
550 4970 660 5024 τοῦ
683 4971 912 5038 κόσμου
931 4985 944 4998 ·
978 4968 1071 5020 xui.
1095 4967 1153 5020 ἐν
1177 4965 1254 5037 τῷ
1280 4965 1416 5037 πρὸς
1440 4964 1530 5018 τὸν
1566 4963 1756 5017 Ἰακὼϐ

175 5062 583 5144 χρηματισμῷ⁶
634 5061 772 5134 Ἐγώ
800 5064 916 5131 εἰμι
952 5064 984 5115 ό
1030 5060 1173 5127 Θεὸς
1207 5060 1314 5113 τοῦ
1363 5060 1584 5127 πατρός
1616 5074 1756 5112 σου.

177 5164 284 5217 Kui
310 5159 480 5214 πάλιν
506 5156 659 5208 αὐτοὶ
694 5156 749 5207 οἰ
767 5152 1005 5221 θεολόγοι
1042 5152 1169 5223 περί
1200 5149 1364 5204 αὑτοῦ
1399 5149 1649 5217 λέγουσιν
1693 5150 1759 5202 ἐκ

175 5248 283 5302 τῶν
305 5242 573 5301 αἰτιατῶν
597 5241 764 5296 τάλλα
787 5257 848 5293 τε
878 5240 972 5293 xui
1010 5239 1072 5293 τὸ
1103 5238 1342 5293 αἰώνιον·
1380 5242 1473 5292 τὸν
1514 5237 1623 5309 γὰρ
1647 5237 1758 5292 τῶν

176 5338 387 5395 αἰώνων
427 5332 660 5405 ποιητὴν
698 5330 913 5389 αἰώνιόν
961 5348 1123 5401 φασιν
1142 5348 1156 5362 ⁸
1199 5329 1413 5385 αἰώνιον
1452 5329 1510 5383 δέ
1552 5330 1669 5381 ἐστι
1698 5328 1762 5383 τὸ

177 5434 372 5496 αἰῶνος
411 5427 659 5502 μετέχον.
689 5426 799 5480 Καὶ
823 5422 953 5493 γοῦν
976 5440 1141 5497 φησιν
1168 5426 1198 5478 ὁ
1246 5424 1471 5487 Ἡσαΐας
1490 5438 1505 5452 ·
1547 5421 1599 5473 '0
1618 5420 1763 5486 Θεὸς

181 5529 213 5581 ὀ
239 5522 505 5587 αἰώνιος,
546 5522 579 5574 ό
619 5514 1077 5582 κατασκευάσας
1110 5516 1181 5570 τὰ
1208 5516 1360 5584 ἄκρα
1399 5513 1508 5582 τῆς
1534 5505 1665 5581 γῆς.
1704 5513 1761 5567 ὐ

251 5713 280 5754 ι
304 5707 454 5766 Psal.
481 5721 661 5767 σίων,
694 5704 782 5760 I5.
880 5706 895 5744 ί
926 5701 1046 5758 Jud.
1080 5717 1200 5767 xm,
1227 5700 1311 5757 18.

1410 5695 1757 5765 krPhilip.iu,
1797 5695 1850 5751 9.

1860 4506 1944 4554 rat
1972 4514 2122 4553 omne
2151 4515 2339 4553 nomen
2361 4500 2501 4568 quod
2533 4502 2841 4553 nominatur
2873 4503 2989 4555 sive
3011 4501 3066 4554 in
3092 4504 3190 4553 hoc
3218 4499 3432 4565 seculo,

1861 4592 1974 4647 sive
2002 4591 2056 4645 in
2084 4590 2262 4660 futuro
2282 4589 2324 4645 ι.
2347 4591 2739 4646 Multinomium
2759 4607 2907 4659 vero,
2935 4601 2991 4646 ut
3027 4592 3239 4660 quando
3269 4592 3433 4645 etiam

1862 4683 2039 4754 ipsum
2080 4681 2657 4749 inducuntdieentem,
2688 4692 2748 4736 ut
2774 4683 2827 4736 in
2864 4683 3028 4736 Sina:
3061 4682 3173 4751 Ego
3206 4699 3321 4735 sum
3342 4682 3434 4752 qui

1864 4794 1982 4831 sunt
2006 4789 2082 4843 llI;
2114 4787 2168 4831 et
2213 4775 2365 4842 alibi,
2404 4775 2548 4842 Vita,
2582 4775 2791 4840 lumen,
2826 4776 2988 4837 Deus,
3022 4775 3244 4837 veritas,
3295 4774 3438 4830 sicut

1868 4870 1921 4925 in
1952 4867 2290 4936 Evangeliis:
2321 4864 2431 4936 Ego
2450 4882 2564 4920 sum
2582 4867 2691 4919 vita
2720 4876 2766 4918 et
2794 4866 2983 4918 veritas
3009 4874 3076 4930 ·;
3102 4874 3157 4918 et
3191 4879 3433 4918 rursum:

1867 4960 1981 5031 Ego
2017 4976 2132 5015 sum
2160 4958 2253 5012 lux
2274 4957 2459 5011 mundi
2496 4963 2522 4991 ο
2548 4974 2561 5021 ;
2585 4964 2639 5010 et
2675 4956 2727 5010 iu
2760 4956 2984 5010 oraculo
3016 4957 3081 5011 ad
3104 4955 3302 5010 Jacob:
3325 4954 3438 5026 Ego

1866 5071 1986 5109 sum
2029 5053 2169 5107 Deus
2214 5051 2381 5121 patris
2411 5049 2488 5102 tui
2518 5057 2567 5101 P.
2601 5048 2665 5103 Et
2695 5064 2910 5103 rursum
2944 5049 3162 5118 ipsimet
3201 5048 3439 5119 theologi

1865 5146 2163 5216 praadicant
2183 5158 2248 5198 ex
2293 5139 2499 5196 eﬂ‘ectis
2527 5137 2844 5193 saecularem
2881 5154 3046 5193 :-uam
3073 5140 3432 5195 Conditorem

1866 5236 2188 5293 surculorum
2223 5233 2538 5289 szecularem
2569 5240 2800 5297 vocant;
2834 5231 3099 5286 sseculare
3130 5240 3312 5285 autem
3355 5243 3439 5287 est

1868 5328 1921 5383 id
1973 5328 2119 5398 quod
2171 5327 2350 5381 saeculi
2391 5325 2665 5396 particeps
2699 5332 2807 5378 est.
2863 5322 3042 5391 Atque
3093 5321 3261 5377 Isaias
3311 5323 3433 5378 ait:

1869 5419 2011 5473 Deus
2036 5419 2372 5488 sempiternus
2396 5418 2510 5488 (seu
2539 5414 2836 5477 Saecularis)
2855 5416 2945 5485 qui
2966 5414 3160 5468 creavit
3186 5416 3435 5469 terminos

1871 5523 2086 5568 terms.
2114 5513 2277 5583 312
2303 5515 2440 5567 Deus
2466 5519 2642 5565 autem
2669 5524 2772 5563 non
2802 5518 2885 5562 est
2913 5507 3185 5575 posterior
3214 5509 3433 5573 saaculo,

2519 5702 2555 5725 ³·
2587 5688 2754 5746 Exod.
2799 5702 2882 5752 ιιι,
2922 5685 3004 5739 Η.
3091 5695 3116 5723 ιι
3146 5682 3305 5740 Joan.
3331 5698 3441 5748 xw,

1967 5696 1980 5733 ι
2051 5697 2246 5767 Eplics.
2282 5710 2317 5763 ι,
2350 5695 2438 5750 ‘11.

206 5783 261 5839 6.
305 5764 324 5766 ”
353 5787 383 5818 ἰ
409 5778 570 5835 ιοιιιι.
602 5764 723 5841 vm,
769 5774 855 5830 12.
934 5785 960 5825 ι»
1011 5771 1149 5831 Gen.
1188 5764 1397 5838 ’nvm,
1454 5768 1539 5826 15.
1564 5836 1578 5842 Α
1607 5764 1738 5823 διιειι

1936 5768 2027 5823 28.
