3742 6296
391 250 595 349 ω’

1567 306 1625 363 S.
1662 306 1958 364 DIONYSII
1992 309 2455 368 ΑΒΕΟΡΑϐΙΤίΕ

3542 323 3639 377 653

392 418 454 460 ut
472 408 589 479 ejus
621 412 783 467 etiam
802 415 1073 487 particeps
1098 418 1190 483 sit,
1218 420 1313 475 sed
1336 422 1587 478 conditor
1609 425 1943 483 saeculorum.

2141 428 2272 493 Θεὸς
2297 431 2356 483 οὐ
2382 429 2633 501 δεύτερός
2662 433 2807 486 ἐστιν
2833 435 3048 499 αἰῶνος,
3077 435 3163 489 ἵνα
3188 437 3284 491 καί
3312 437 3529 509 μετέχῃ
3554 442 3638 493 αὑ-

395 500 544 555 Seuii
590 516 869 572 expertem
918 508 1069 576 dicit,
1123 514 1419 568 secundum
1468 513 1648 568 illud:
1684 515 1957 572 Tuautem

389 594 530 647 idem
558 596 666 660 ipse
694 612 770 660 es,
815 607 865 652 et
906 602 1032 654 anni
1063 603 1141 656 tui
1171 621 1272 658 non
1294 606 1534 674 deﬁcient
1571 615 1594 644 π
1618 625 1631 673 ;
1656 617 1711 661 et
1737 608 1955 678 iterum,

366 692 450 741 tut
473 686 841 753 magnitudine
861 692 1043 745 omnia
1082 706 1466 763 superantem;
1491 697 1689 751 ctelum
1731 700 1875 754 enim
1900 713 1955 757 et

390 780 594 828 terram
632 777 859 847 implet:
894 790 950 835 et
985 785 1121 837 utin
1157 800 1286 839 aura
1322 788 1493 852 tenui,
1517 788 1672 857 juxta
1697 792 1841 859 quod
1874 792 1955 846 di-

385 866 531 921 citur
557 868 607 920 in
644 869 798 924 libris
848 871 1093 942 Regum:
1134 876 1242 931 Sed
1270 878 1457 933 sibilus
1495 898 1642 935 aura:
1675 884 1869 949 tenuis,
1905 893 1957 938 et

386 959 461 1011 ibi
487 958 747 1015 Dominus
775 974 821 1017 ο.
847 965 1013 1034 Atqui
1041 975 1095 1021 et
1144 968 1197 1022 in
1228 970 1503 1027 mentibus
1551 987 1675 1027 eum
1723 988 1846 1031 esse
1874 974 1957 1029 di-

384 1054 536 1105 cunt.
578 1056 633 1102 et
661 1048 712 1102 in
741 1051 964 1117 animis,
1012 1062 1067 1109 et
1092 1053 1145 1108 in
1176 1057 1520 1126 corporibus,
1570 1058 1725 1129 juxta
1776 1060 1906 1115 illud
1937 1079 1950 1115 :

386 1136 455 1191 Et
482 1139 793 1195 inhabitabo
842 1143 898 1196 in
935 1144 1063 1212 illis,
1095 1157 1145 1201 et
1188 1148 1526 1208 inambulabo
1560 1152 1609 1220 ‘,
1645 1161 1700 1209 et
1731 1153 1782 1207 in
1825 1153 1951 1207 uui—

385 1245 574 1299 verso;
608 1240 665 1286 et
710 1235 962 1291 eumdem
997 1235 1157 1291 simul
1186 1239 1237 1294 in
1274 1241 1496 1306 mundo,
1541 1249 1601 1297 ut
1648 1242 1866 1312 quando
1897 1242 1950 1297 in

384 1322 588 1377 mundo
609 1337 730 1378 esse
761 1324 963 1380 dicitur
992 1338 1040 1394 ιι,
1064 1338 1121 1382 et
1145 1328 1291 1383 circa
1324 1332 1604 1392 mundum,
1637 1342 1697 1386 ut
1738 1333 1953 1403 quando

384 1414 438 1466 in
464 1412 634 1473 omni,
667 1423 721 1468 et
752 1430 917 1484 supra
953 1416 1237 1481 mundum,
1274 1429 1332 1473 ut
1361 1421 1576 1488 quando
1601 1420 1666 1477 ab
1698 1422 1952 1477 universo

382 1508 768 1577 comprehendi
838 1526 997 1580 posse
1050 1524 1310 1583 negatur;
1362 1525 1419 1571 et
1459 1516 1905 1586 supracoelestem
1935 1556 1950 1582 ,

383 1600 985 1669 suprasubslantialem,
1012 1601 1167 1671 juxta
1192 1605 1359 1662 illud:
1394 1607 1570 1676 Supra
1603 1608 1803 1661 caelum
1835 1608 1951 1678 gloo

385 1690 466 1745 ria
510 1692 723 1747 Domini
750 1711 764 1761 ;
794 1704 850 1748 et
872 1696 1068 1750 iterum
1098 1698 1266 1754 solem
1290 1699 1539 1769 justitiae,
1563 1708 1617 1755 et
1642 1700 1867 1768 similia,
1897 1709 1951 1755 et

382 1783 613 1853 lapidem
635 1799 700 1840 ex
727 1797 908 1842 monte
933 1789 1254 1858 abscissum,
1282 1800 1337 1849 et
1362 1801 1567 1859 petram
1599 1791 1871 1858 scaudali;
1895 1801 1951 1845 et
1982 1816 2023 1871 Β

384 1890 451 1929 ex
479 1875 711 1946 effectis,
742 1880 925 1934 omnia
957 1895 1079 1951 quae
1121 1893 1267 1952 sunt,
1320 1892 1375 1939 et
1427 1884 1561 1939 nibit
1610 1898 1800 1939 eorum
1833 1897 1952 1952 qua:

378 1976 524 2020 sunt.

456 2056 485 2128 ᾗ
520 2056 625 2113 Vll.
654 2057 744 2114 Sic
774 2060 937 2130 igitur
957 2062 1005 2116 ei
1036 2062 1130 2132 qui
1164 2064 1408 2119 omnium
1434 2080 1617 2121 rerum
1643 2081 1807 2121 causa
1840 2074 1943 2133 est,

378 2162 434 2203 et
465 2164 625 2218 super
648 2152 853 2218 omnia,
876 2156 1127 2224 congruit
1155 2169 1348 2211 carere
1376 2156 1617 2221 llOlllllle,
1668 2158 1719 2211 in
1769 2173 1946 2225 quan-

382 2253 494 2296 tum
525 2257 691 2312 super
721 2246 902 2299 omnia
930 2256 1033 2311 est,
1072 2256 1128 2301 et
1154 2248 1289 2302 nihil
1324 2246 1537 2305 borum.
1582 2250 1650 2303 Et
1681 2265 1872 2305 rursus
1895 2250 1944 2305 ei

378 2344 688 2403 congruunt
733 2337 918 2393 omnia
973 2353 1155 2392 rerum
1201 2339 1442 2403 nomina,
1476 2340 1529 2393 in
1567 2349 1833 2408 quantum
1864 2349 1948 2394 est

376 2438 539 2475 causa
565 2438 829 2491 omnium,
857 2427 1151 2497 omniaque
1182 2430 1356 2498 ipsum
1384 2446 1482 2500 pro
1507 2438 1668 2501 captu
1701 2446 1798 2486 suo
1821 2447 1947 2499 par-

380 2515 628 2584 ticipant,
659 2527 716 2571 ut
751 2520 819 2573 sit
858 2519 1106 2589 perfecte
1155 2536 1377 2592 regnum
1412 2522 1815 2587 universorum,
1865 2522 1947 2576 di-

375 2604 584 2671 gnitate
625 2608 845 2676 quidem
887 2611 1145 2665 (minibus
1172 2611 1521 2678 antecellens,
1552 2622 1606 2666 et
1645 2628 1675 2666 a
1725 2614 1943 2668 nemine

376 2712 575 2752 nomen
613 2700 889 2770 accipiens
915 2741 932 2769 ,
988 2701 1335 2773 providentia
1361 2718 1493 2758 vero
1543 2704 1942 2775 complexuque

374 2805 475 2844 suo
507 2792 561 2845 in
597 2792 704 2846 illis
730 2794 1024 2863 exsisteus,
1057 2806 1112 2850 et
1140 2796 1207 2849 ab
1234 2796 1341 2850 illis
1367 2798 1727 2852 nominatum.
1746 2796 1938 2854 Omnia

374 2884 519 2937 enim
549 2885 617 2938 ab
651 2886 767 2956 ipso
789 2888 1058 2956 pendent,
1097 2899 1350 2965 tanquam
1379 2907 1407 2943 a
1435 2906 1601 2945 causa
1633 2891 1852 2961 quidem
1885 2903 1938 2946 et

374 2976 667 3047 principio,
717 2981 970 3034 omnibus
1023 2984 1317 3036 essentiam
1354 2985 1766 3053 suppeditante,
1819 2992 1941 3036 tan-

373 3083 538 3135 quam
570 3085 599 3122 a
636 3071 739 3125 line
783 3086 934 3139 vero,
964 3084 1022 3127 ut
1060 3074 1152 3143 qui
1197 3075 1412 3130 illorum
1439 3090 1556 3129 esse
1578 3075 1839 3129 continet.
1875 3075 1942 3128 Et

375 3161 493 3229 ipse
515 3172 618 3224 est,
654 3171 711 3216 ut
750 3164 825 3218 ait
871 3165 1181 3235 Scriptura,
1211 3168 1386 3220 omnia
1413 3170 1467 3221 in
1498 3168 1737 3221 omnibus
1767 3176 1816 3231 ν,
1845 3168 1937 3237 qui
1966 3186 2007 3242 ο
2039 3211 2167 3257 των,

375 3265 572 3312 cuncta
607 3257 738 3312 facit
768 3259 1089 3324 subsistere,
1128 3270 1385 3330 tanquam
1432 3262 1755 3333 principium
1787 3274 1840 3317 et
1872 3263 1937 3315 li-

373 3350 491 3413 nis;
524 3365 627 3403 non
656 3351 811 3419 quasi
841 3352 977 3406 alius
998 3353 1215 3422 quidem
1246 3353 1492 3423 incipiat,
1520 3355 1634 3425 ipse
1658 3370 1785 3409 vero
1818 3370 1941 3424 pcr-

373 3440 523 3494 ticiat
554 3443 639 3495 vel
670 3445 822 3511 quasi
864 3444 978 3513 ipse
1022 3445 1113 3498 det
1146 3446 1383 3508 initium,
1439 3458 1493 3499 et
1541 3448 1608 3501 ad
1639 3446 1806 3501 alium
1857 3462 1941 3502 re-

374 3534 576 3599 mittat,
610 3536 699 3603 qui
737 3536 1003 3603 perticiat.
1054 3536 1286 3605 lpsemet
1339 3547 1417 3591 est
1453 3538 1542 3606 qui
1588 3539 1834 3593 continet
1884 3551 1940 3596 et

373 3625 803 3695 custodit,quasi
849 3627 1181 3681 domicilium
1215 3628 1483 3682 exsisteus
1512 3637 1568 3682 et
1592 3642 1810 3688 sacrum
1844 3630 1941 3684 ha-

372 3717 691 3773 bitaculutu.
743 3718 839 3773 Est
869 3719 983 3773 haec
1030 3720 1245 3790 phrasis
1288 3719 1617 3790 graecanica;
1671 3723 1940 3776 convertit

371 3810 514 3864 enim
547 3810 614 3865 ad
648 3826 707 3865 se
734 3820 1064 3875 creaturam,
1109 3813 1297 3867 dicens
1326 3827 1340 3864 :
1381 3811 1593 3868 Mauele
1614 3814 1670 3867 in
1693 3831 1772 3869 me
1795 3823 1857 3881 1‘;
1885 3824 1941 3870 et

290 3964 295 3969 ,
369 3905 567 3959 iterum
602 3905 742 3971 :Qui
770 3907 1233 3959 manducatmeam
1266 3923 1494 3970 carnem,
1533 3918 1580 3961 et
1614 3909 1741 3962 bibit
1767 3926 1937 3964 meum

372 3999 701 4067 sanguinem,
756 4000 812 4052 in
862 4016 941 4053 me
991 4009 1165 4052 manet
1197 4008 1247 4052 γ.
1297 4000 1761 4066 Quemadmodum
1791 4003 1936 4056 enim

370 4106 558 4144 sumus
578 4090 725 4144 velut
751 4092 1010 4159 templum
1043 4092 1184 4160 ejus,
1217 4091 1371 4161 juxta
1406 4093 1533 4147 illud
1570 4110 1583 4145 :
1620 4093 1937 4147 Inhabitabo

365 4185 422 4235 in
451 4182 596 4247 illis,
622 4194 668 4234 et
697 4183 1038 4235 inambulabo
1077 4193 1099 4218 ι
1129 4199 1143 4235 :
1173 4184 1244 4237 ita
1276 4186 1440 4238 etiam
1472 4185 1585 4251 ipse
1619 4186 1811 4240 domus
1840 4201 1940 4240 no-

368 4286 479 4329 s:ra
516 4283 620 4328 est.
658 4274 822 4327 Recte
847 4283 1027 4327 autem
1058 4275 1243 4328 statim
1279 4275 1562 4343 subjuuxit
1607 4277 1773 4330 unite.
1798 4277 1934 4332 Cum

368 4367 515 4419 enim
547 4365 774 4418 dixisset
797 4367 967 4434 ipsum
991 4382 1110 4420 esse
1130 4371 1307 4421 omnia
1336 4377 1390 4421 et
1410 4369 1463 4421 iu
1490 4368 1606 4439 ipso
1628 4371 1836 4437 omnia,
1867 4387 1935 4425 ne

368 4457 492 4524 quis
522 4454 861 4510 existimaret
895 4458 1076 4510 omnia
1118 4458 1171 4511 in
1230 4459 1338 4513 Deo
1368 4462 1661 4515 acervatim
1703 4464 1937 4517 circum-

367 4548 521 4611 ferri,
550 4557 713 4618 atque
745 4548 867 4603 inde
899 4548 1247 4618 incorporeas
1270 4551 1531 4620 quasdam
1553 4552 1713 4622 313
1732 4554 1935 4608 divisas

365 4651 419 4693 ct
476 4640 809 4711 compositas
857 4641 1143 4709 epinioues
1198 4642 1502 4709 incideret,
1561 4648 1928 4716 suspicionem

367 4740 509 4792 hanc
537 4738 819 4807 corrigens
848 4737 925 4789 ait
949 4735 1116 4800 unite,
1148 4736 1305 4804 quasi
1340 4754 1443 4791 non
1482 4740 1747 4808 partitim,
1792 4754 1842 4796 et
1878 4746 1927 4797 in

366 4832 583 4901 propria
604 4831 837 4895 unitate,
869 4831 997 4899 quin
1026 4831 1204 4899 potius
1242 4845 1400 4901 supra
1433 4834 1692 4889 unitatem
1720 4851 1929 4905 perma-

363 4940 500 4978 nens
530 4936 614 4979 est
633 4925 872 4979 omnium
896 4924 1255 4988 domicilium;
1284 4925 1413 4993 quin
1438 4927 1599 4981 etiam
1639 4930 1928 4997 incompre-

361 5021 544 5078 hense,
572 5018 624 5070 id
662 5028 747 5073 est
774 5034 803 5071 a
848 5021 1068 5072 nemine
1093 5017 1527 5087 comprehensus
1561 5030 1656 5074 aut
1687 5024 1928 5078 circum-

358 5111 626 5179 scriptus;
657 5111 739 5165 vel
785 5111 968 5180 potius
1015 5113 1226 5173 eximie,
1264 5126 1389 5165 nam
1424 5122 1507 5166 est
1537 5123 1689 5167 extra
1721 5116 1927 5171 omnia.

360 5204 640 5271 Siquidem
671 5220 777 5257 non
800 5212 1005 5257 tantum
1038 5219 1198 5259 causa
1221 5215 1304 5261 est
1323 5205 1714 5275 complexionis
1744 5223 1929 5263 eorum

359 5310 478 5362 qua:
510 5294 832 5364 simpliciter
862 5306 1011 5359 sunt,
1055 5298 1134 5351 vel
1162 5300 1283 5353 vitae
1317 5300 1638 5363 viventium,
1690 5299 1769 5354 vel
1801 5316 1929 5363 per—

358 5386 613 5441 fectionis
667 5388 994 5456 spiritalium
1049 5403 1115 5443 ac
1162 5390 1507 5444 rationalium
1539 5391 1921 5455 csseutiarum,

362 5478 519 5545 quasi
540 5490 693 5532 extra
727 5480 824 5533 has
852 5490 1091 5548 maneat,
1123 5492 1182 5538 ut
1224 5483 1290 5538 ab
1319 5483 1402 5538 bis
1430 5483 1561 5538 solis
1594 5483 1923 5551 nominetur,

434 5672 457 5697 “
490 5664 627 5718 l’sal.
661 5682 730 5725 cr.
766 5667 851 5721 '28.

938 5680 955 5703 ς
995 5666 1054 5719 lll
1083 5667 1217 5735 Reg.
1265 5684 1377 5728 xix.
1408 5669 1491 5725 19..

365 5740 383 5779 1
416 5732 566 5789 Joau.
602 5752 672 5799 γι,
708 5738 794 5791 b7.

877 5749 895 5775 ι
935 5737 972 5790 ιε
1001 5741 1126 5793 Cur.
1167 5754 1238 5803 \t,
1284 5740 1345 5792 lli

2058 519 2175 583 τοῦ,
2203 521 2317 573 ἀλλ’
2343 521 2554 575 αἰώνων
2578 527 2824 597 ποιητής.
2866 526 3081 599 Ἀγήρω
3105 529 3159 581 δὲ
3184 529 3332 598 λέγει
3376 532 3527 584 κατὰ
3551 536 3607 585 τό
3626 552 3637 564 ·

2057 612 2141 664 Σὺ
2157 611 2223 665 δὲ
2257 617 2290 666 ὀ
2313 615 2492 682 αὐτὸς
2509 617 2583 680 εἷ,
2616 616 2711 669 καὶ
2734 619 2805 671 τὰ
2830 620 2934 689 ἐτη
2964 637 3081 674 σου
3114 623 3223 674 οὐκ
3241 622 3635 691 ἐκλείψουσι-

2057 706 2150 761 καὶ
2194 706 2376 771 πάλιν,
2406 707 2481 772 ὡς
2522 710 2580 761 ὲν
2607 710 2827 780 μεγέθει
2871 712 3087 765 πάντων
3132 714 3480 785 ὑπερέχοντα
3506 732 3519 744 ο
3560 715 3639 767 τοι

2054 799 2279 871 οὐρανὸν
2316 800 2423 872 γὰρ
2457 802 2551 856 καὶ
2587 804 2687 874 τὴν
2728 805 2831 875 γῆν
2873 806 3104 878 πληροί-
3152 809 3245 860 καὶ
3292 808 3373 872 ὡς
3418 810 3479 859 ἐν
3507 809 3639 879 αὖρα

2054 891 2222 964 λεπτῇ
2238 899 2377 947 κατά
2389 893 2449 947 τὸ
2473 895 2757 966 εἰρημένον
2783 897 2843 950 ἐν
2865 901 2984 963 ταῖς
3001 900 3330 964 Βασιλείαις·
3352 900 3537 954 Ἀλλὰ
3552 905 3635 969 καὶ

2053 985 2222 1055 φωνὴ
2243 986 2430 1054 αὔρας
2455 989 2706 1065 λεπτῆς,
2740 991 2961 1047 κὰκεῖό
2980 994 3211 1062 Κύριος.
3237 994 3351 1048 Καί
3378 1012 3447 1063 γε
3473 996 3567 1048 καὶ
3587 999 3635 1048 ἐν

2053 1076 2195 1142 νόοις
2220 1077 2403 1132 αὐτῶν
2447 1097 2602 1149 φασι,
2632 1082 2726 1135 καὶ
2751 1083 2810 1137 ὲν
2834 1082 3050 1155 ψυχαῖς,
3078 1086 3171 1139 καὶ
3214 1087 3274 1138 ὲν
3301 1085 3546 1157 σώμασι,
3569 1088 3632 1151 ὡς

2052 1171 2114 1224 τό
2132 1187 2146 1201 ·
2189 1171 2511 1241 Ἐνοικήσω
2539 1173 2609 1226 ἐν
2635 1176 2858 1242 αὐτοῖς,
2888 1178 2985 1232 καὶ
3015 1179 3487 1249 ἐμπεριπατήσω
3508 1198 3522 1210 ·
3551 1181 3629 1233 καὶ

2053 1268 2111 1320 ἐν
2133 1265 2212 1338 τῷ
2236 1268 2417 1334 παντὶ,
2442 1270 2537 1322 καὶ
2552 1269 2667 1340 ἅμα
2688 1270 2780 1324 τὸν
2800 1270 2959 1325 αὑτὸν
2980 1272 3295 1344 ὲγκόσμιον,
3313 1273 3407 1325 ὅτε
3425 1271 3628 1340 λέγεται

2051 1356 2111 1411 ἐν
2135 1357 2212 1428 τῷ
2237 1358 2429 1430 κόσμῳ
2446 1354 2583 1413 εἶναι
2606 1378 2619 1392 ο
2649 1362 2999 1435 περικόσμιον
3021 1362 3096 1427 δὲ,
3122 1364 3210 1417 ὅτε
3246 1364 3309 1416 ὲν
3334 1362 3418 1433 τῷ
3443 1365 3626 1417 παντί·

2052 1449 2146 1503 καὶ
2166 1450 2552 1523 ὑπερκόσμιον,
2571 1455 2658 1508 ὅτε
2685 1454 2965 1527 ἀχώρητος
2986 1455 3063 1526 τῷ
3096 1456 3259 1509 παντὶ
3283 1456 3533 1525 λέγεται·
3550 1458 3629 1509 καὶ

2052 1544 2458 1616 ὐπερουράνιον,
2480 1551 2574 1603 καὶ
2594 1550 2933 1620 ὑπερούσιον,
2961 1550 3035 1614 ὡς
3056 1551 3136 1603 τό*
3166 1551 3341 1623 ’Υπὲρ
3365 1551 3464 1604 τον
3483 1553 3629 1623 οὐρα-

2051 1635 2195 1710 νδνή
2225 1638 2352 1705 δόξα
2381 1641 2585 1712 Κυρίου
2605 1659 2618 1672 ·
2647 1645 2739 1695 καὶ
2773 1642 2932 1697 πάλιν
2957 1643 3110 1715 ἥλιον
3134 1644 3519 1715 δικαιοσύνης
3550 1646 3629 1699 καὶ

2050 1729 2118 1783 τὰ
2141 1730 2364 1785 τοιαῦτα
2382 1747 2395 1762 ο
2416 1734 2509 1785 καὶ
2527 1732 2673 1787 λίθον
2696 1735 2970 1805 τμηθέντα
2994 1736 3051 1803 ἐξ
3078 1736 3237 1808 ὅρους
3262 1754 3277 1767 °
3307 1739 3408 1791 καὶ
3437 1738 3629 1809 πέτραν

2054 1821 2370 1886 σκανδάλου,
2415 1824 2508 1878 καὶ
2548 1826 2727 1879 πάντα
2757 1825 2827 1879 τά
2851 1827 2979 1881 ὄντα
3006 1829 3069 1881 ὲκ
3095 1829 3202 1882 τῶν
3228 1830 3523 1896 αἰτιατῶν,
3551 1832 3628 1882 καὶ

2052 1912 2204 1967 οὐδὲν
2230 1914 2337 1969 τῶν
2357 1914 2546 1969 ὄντων.

2119 2087 2146 2159 §
2178 2086 2281 2143 VII.
2310 2088 2497 2155 Οὕτως
2526 2086 2618 2146 οὖν
2642 2094 2707 2165 τῇ
2740 2094 2959 2150 πάντων
2992 2097 3140 2169 αἰτίᾳ.
3166 2102 3260 2154 καὶ
3290 2101 3441 2174 ὑπὲρ
3468 2106 3628 2159 πάντα

2047 2177 2179 2253 οὔσῃ
2208 2183 2301 2237 καὶ
2321 2182 2382 2237 τὸ
2406 2182 2689 2257 ἀνώνυμον
2712 2187 3035 2257 ἐφαρμόσει,
3084 2190 3205 2244 καθ’
3230 2192 3257 2245 ὃ
3284 2193 3436 2264 ὑπὲρ
3465 2198 3628 2249 πάντα

2047 2270 2183 2337 ἐστὶ,
2216 2274 2308 2327 καὶ
2343 2273 2495 2327 οὐδὲν
2518 2274 2740 2330 τούτων.
2790 2278 2898 2331 Καὶ
2929 2278 3088 2333 πάλιν
3125 2280 3303 2334 πάντα
3335 2284 3627 2354 ἐφαρμόσει

2046 2363 2114 2417 τὰ
2138 2364 2247 2419 τῶν
2276 2365 2445 2421 ὄντων
2468 2367 2727 2439 ὀνόματα,
2759 2370 2882 2423 καθ’
2898 2371 2925 2424 ὅ
2952 2372 3102 2426 αίτία
3132 2374 3354 2427 πάντων
3379 2378 3522 2437 ἐστὶ,
3544 2381 3628 2430 καὶ

2046 2457 2367 2527 μετέχουσιν
2389 2460 2559 2530 αὐτῆς
2576 2460 2851 2539 ἀναλόγως
2876 2464 2945 2517 τά
2972 2466 3169 2530 πάντα,
3198 2467 3455 2539 ἀκριϐῶς
3476 2470 3628 2541 οὔσης

2044 2548 2298 2603 ἁπάντων
2324 2550 2618 2621 βασιλείας,
2645 2554 2721 2619 ὡς
2745 2554 2823 2625 τῷ
2852 2556 2949 2626 μὲν
2979 2557 3250 2629 ἀξιώματι
3280 2562 3629 2635 ὑπεξῃρημέο

2046 2657 2162 2711 νης,
2194 2644 2286 2696 καὶ
2332 2645 2406 2716 μὴ
2446 2645 2552 2698 ἀπό
2579 2664 2723 2711 τινος
2751 2650 3177 2723 ὀνομαζομένης,
3204 2657 3270 2725 τῇ
3317 2655 3379 2708 δὲ
3408 2659 3629 2729 προνοίᾳ

2045 2733 2138 2786 καὶ
2165 2736 2232 2805 τῇ
2260 2739 2456 2807 συνοχῇ
2485 2736 2637 2802 ἐντὸς
2676 2738 2861 2811 οὔσης,
2907 2744 3001 2795 καὶ
3032 2744 3129 2796 ἀπ’
3157 2745 3342 2800 αὐτῶν
3375 2748 3628 2819 ὀνομαζο-

2047 2823 2235 2897 μένης.
2284 2827 2469 2881 Πάντα
2496 2828 2606 2900 γὰρ
2642 2832 2812 2903 αὐτῆς
2857 2833 3149 2906 ἐξήρτηται
3181 2835 3259 2900 ὡς
3288 2838 3512 2903 αἰτίας·
3544 2842 3627 2893 καὶ

2043 2917 2220 2988 ἀρχῆς
2250 2919 2369 2989 μὲν»
2395 2918 2472 2984 ὡς
2508 2922 2569 2975 τὸ
2597 2918 2736 2976 εἶναι
2768 2928 3194 2999 παρασχομένης
3216 2945 3231 2958 ο
3262 2929 3506 3000 πέρατος
3557 2933 3623 2991 δὲ,

2043 3008 2119 3071 ὼς
2163 3007 2225 3062 τὸ
2271 3005 2411 3063 εἶναι
2465 3013 2812 3084 συνεχούσης.
2858 3015 2967 3068 Καὶ
3003 3017 3140 3089 αὐτή
3167 3019 3307 3083 ἐστι,
3354 3020 3507 3074 κατά
3544 3022 3624 3074 τὸν

2044 3099 2187 3153 θεῖον
2212 3102 2527 3171 ἀπόστολον,
2553 3104 2621 3159 τὰ
2646 3106 2823 3159 πάντα
2849 3108 2907 3160 ἐν
2937 3109 3120 3174 πᾶσιν,
3163 3108 3473 3178 ὑποστάτις
3500 3114 3623 3167 πάν-

2199 3198 2292 3250 καὶ
2317 3196 2539 3271 ἀρχικὴ,
2569 3200 2663 3252 καὶ
2686 3200 3001 3273 τελειωτική
3029 3219 3044 3229 ·
3084 3203 3185 3256 οὐκ
3206 3203 3372 3257 ἄλλου
3400 3207 3504 3277 μὲν
3529 3208 3620 3278 ἀρ-

2045 3287 2271 3357 χομένου
2300 3289 2436 3359 αὐτὴ
2477 3290 2775 3357 τελειοῦσα,
2819 3292 2928 3345 οὐδ’
2954 3294 3091 3364 αὑτὴ
3116 3296 3398 3369 ἀρχομένη
3430 3301 3528 3353 καὶ
3546 3302 3620 3364 εἰς

2042 3375 2199 3429 ἄλλον
2226 3379 2672 3451 παραπέμπουσα
2696 3380 2787 3434 τὸν
2810 3382 3189 3438 τελειώσαντα.
3215 3386 3365 3457 Λὺτή
3400 3389 3618 3443 ἐστικαὶ

2041 3472 2074 3543 ή
2103 3472 2418 3543 συνέχουσα,
2442 3475 2534 3528 καὶ
2559 3477 2592 3546 ἡ
2618 3475 2949 3548 φρουροῦσα,
3001 3478 3096 3532 καὶ
3121 3480 3276 3534 ἑστία
3299 3476 3618 3549 οὗσα,οίονεὶ

2042 3564 2163 3634 ἱερά
2209 3581 2294 3627 τις
2323 3563 2547 3635 οἴκησις.
2594 3565 2884 3639 Ἑλληνικὴ
2919 3568 2977 3622 δὲ
3017 3572 3050 3641 ἡ
3084 3569 3230 3636 λέξις
3251 3595 3268 3611 ο
3296 3573 3616 3645 ἐπιστρέφει

2040 3652 2149 3724 γὰρ
2174 3653 2311 3724 πρὸς
2347 3654 2546 3726 ἑαυτὴν
2580 3655 2680 3727 τὴν
2717 3655 2912 3724 κτίσιν,
2949 3657 3210 3727 λέγουσιν
3251 3663 3516 3717 Μείνατε
3555 3667 3617 3718 ὲν

2036 3744 2170 3813 ἐμοί
2190 3762 2204 3775 ·
2249 3746 2343 3798 καὶ
2377 3746 2540 3800 πάλιν
2564 3763 2579 3777 θ
2613 3747 2667 3799 '0
2699 3746 2932 3817 τρώγων
2952 3766 3072 3816 μου
3113 3750 3228 3820 τὴν
3268 3752 3494 3822 σάρκα,
3525 3756 3615 3807 καὶ

2039 3837 2232 3892 πίνων
2246 3856 2367 3907 μου
2390 3838 2453 3892 τὸ
2478 3839 2642 3908 αἷμα,
2660 3838 2730 3893 ἐν
2755 3839 2884 3908 ἐμοὶ
2906 3840 3094 3909 μένει.
3123 3844 3334 3917 Ὠσπερ
3358 3847 3470 3919 γὰρ
3496 3850 3613 3910 ναὸς

2038 3929 2204 3985 αὑτοῦ
2248 3931 2437 4002 ἐσμεν,
2484 3932 2624 3992 κατά
2664 3933 2755 3987 τόο
2798 3936 3119 4003 Ἐνοικήσω
3160 3939 3230 3991 ἐν
3258 3940 3489 4006 αὐτοῖς,
3522 3942 3612 3994 καὶ

2038 4021 2525 4090 ἐμπεριπατήσω·
2553 4023 2697 4086 οὕτω
2743 4024 2837 4083 καὶ
2878 4027 3041 4092 αὐτὸς
3088 4027 3236 4095 οἶκος
3282 4034 3314 4102 η
3325 4033 3446 4103 μῶν
3479 4036 3607 4086 ἐστι.

2039 4113 2234 4178 Καλῶς
2259 4114 2315 4167 δὲ
2338 4114 2500 4181 εὐθὺς
2526 4117 2775 4189 ἐπήγαγε
2799 4122 2860 4175 τὸ
2887 4124 3221 4193 ήνωμένως.
3259 4125 3485 4197 Ἐπειδὴ
3510 4127 3611 4197 γὰρ

2038 4200 2209 4271 εἶπεν,
2237 4207 2397 4262 αὑτὸν
2422 4204 2559 4263 εἶναι
2589 4211 2786 4279 πάντα,
2819 4215 2913 4267 καὶ
2940 4216 2999 4270 ὲν
3025 4215 3173 4286 αὖτῷ
3207 4216 3276 4270 τὰ
3302 4219 3504 4281 πάντα,
3532 4220 3608 4271 ἵνα

2042 4297 2115 4368 μὴ
2137 4300 2303 4371 νοήσῃ
2318 4318 2401 4365 τις
2417 4303 2631 4367 ἅπαντα
2657 4306 2894 4377 σωρηδὸν
2909 4309 2969 4361 έν
2988 4308 3063 4379 τῷ
3077 4307 3194 4379 Θεῷ
3217 4310 3606 4381 συμφέρεσθαι,

2038 4387 2285 4442 ἐντεῦθεν
2310 4390 2366 4443 δὲ
2391 4392 2470 4455 εἰς
2502 4394 2818 4463 σωματικὰς
2862 4396 3115 4460 ὑπονοίας
3153 4396 3391 4469 ἐμπέσῃ,
3426 4414 3607 4468 μερισο

2047 4481 2180 4551 μούς
2203 4498 2352 4546 τινας
2392 4485 2487 4537 καὶ
2534 4484 2830 4549 συνθέσεις,
2863 4486 3178 4559 θεραπεύων
3206 4489 3307 4559 τὴν
3335 4490 3605 4549 ὑπόνοιαν,

2042 4575 2207 4645 φησὶν
2238 4576 2573 4645 ἠνωμένως,
2620 4580 2783 4633 οἱονεὶ
2821 4581 3067 4653 ἀμερῶς,
3095 4584 3185 4636 καὶ
3217 4584 3276 4635 ἐν
3319 4586 3388 4655 τῇ
3437 4584 3604 4653 οἰκείᾳ

2040 4664 2207 4729 ὲνάδι,
2239 4666 2435 4735 μᾶλλον
2466 4668 2542 4733 δὲ,
2567 4669 2661 4721 καὶ
2689 4669 2830 4740 ὑπὲρ
2856 4671 2954 4741 τὴν
2982 4671 3163 4737 ένάδα,
3196 4673 3433 4742 μένουσα
3462 4674 3603 4726 ἑστία

2036 4755 2146 4808 τῶν
2168 4756 2384 4809 πάντων
2418 4758 2585 4821 ἐστὶν,
2610 4758 2751 4813 ἀλλά
2774 4763 2867 4815 καὶ
2886 4762 3183 4830 ἀσχέτως,
3227 4764 3349 4817 ἀντὶ
3394 4764 3490 4817 τοῦ
3516 4765 3599 4817 ὑπ’

2036 4846 2247 4911 οὐδενὸς
2285 4850 2618 4921 κατεχομένη
2647 4850 2682 4921 ἢ
2725 4852 3167 4924 περιγραφομένη
3192 4869 3206 4883 ο
3258 4854 3599 4925 ὲξῃρημένως

2036 4942 2092 4994 δὲ
2113 4941 2331 5012 μᾶλλον,
2359 4941 2463 5007 ἔξω
2488 4944 2595 5013 γάρ
2620 4945 2735 4997 ἐστι
2758 4945 2866 4998 τῶν
2891 4946 3162 5000 ἁπάντων.
3211 4947 3286 4999 Οὐ
3312 4948 3424 5019 γὰρ
3451 4950 3597 5019 μόνον

2032 5034 2181 5087 αἰτία
2233 5034 2350 5088 ἐστι
2381 5035 2609 5105 συνοχῆς
2650 5035 2759 5090 τῶν
2803 5037 2991 5102 ἁπλῶς
3018 5038 3209 5102 ὄντων,
3238 5039 3275 5110 ἦ
3312 5039 3463 5110 ζωῆς
3496 5039 3595 5092 τῶν

2031 5125 2267 5191 ζώντων,
2307 5126 2696 5197 ἢτελειώσεως
2736 5128 2851 5182 τῶν
2863 5128 3065 5201 νοερῶν
3106 5131 3202 5184 καὶ
3243 5130 3479 5200 λογικῶν
3510 5132 3592 5183 οὐ·

2031 5216 2161 5269 σιῶν
2183 5234 2197 5247 ο
2232 5217 2381 5287 μένει
2415 5219 2473 5272 δὲ
2506 5219 2611 5286 ἔξω
2646 5220 2871 5285 τούτων,
2913 5222 3002 5274 ἵνα
3044 5221 3153 5275 ἀπὸ
3199 5222 3406 5277 τούτων
3443 5224 3590 5294 μόνον

2027 5307 2366 5379 ὀνομάζοιτο,
2409 5312 2664 5383 συνοχεὺς
2701 5313 2883 5385 τυχὸν,
2925 5311 3060 5385 ζωὴ,
3088 5315 3187 5371 καὶ
3223 5314 3587 5381 τελείωσις’ἦ

2031 5401 2122 5454 καὶ
2161 5400 2251 5470 ἀφ’
2278 5402 2467 5472 ἑτέρας
2496 5404 2767 5474 προνοίας,
2805 5404 3131 5476 δημιουργὸς
3176 5405 3337 5470 ἴσως,
3367 5422 3587 5471 παντεπ-

2035 5492 2226 5562 όπτης,
2257 5491 2653 5564 φιλάνθρωπος,
2681 5494 3090 5566 παντοκράτωρ,
3119 5498 3212 5553 καὶ
3242 5497 3315 5554 τὰ
3351 5497 3581 5555 τοιαῦτα,

1573 5674 1587 5708 ι
1617 5670 1656 5725 ll
1684 5672 1806 5729 Cor.
1842 5688 1913 5739 vr,

2117 5686 2137 5714 ιι
2168 5672 2325 5729 Joan.
2351 5691 2388 5739 ι,
2422 5674 2504 5745 lQ.
2586 5686 2609 5713 τ
2638 5678 2655 5733 l
2682 5677 2807 5735 Cor.
2844 5693 2931 5742 xv,
2973 5677 3060 5749 εδ,
3144 5692 3163 5719 ι
3202 5675 3359 5734 Juan.
3408 5695 3489 5744 xv,
3532 5677 3575 5733 ι.
