  <div class='ocr_page' id='page_1' title='image "/cluster/home/n/w/nwhite01/storage/ocr_20150623/3/hvd.32044014713192/324.png"; bbox 0 0 3752 6292; ppageno 0'>
   <div class='ocr_carea' id='block_1_1' title="bbox 151 360 250 415">
    <p class='ocr_par' dir='ltr' id='par_1_1' title="bbox 151 360 250 415">
     <span class='ocr_line' id='line_1_1' title="bbox 151 360 250 415; baseline 0.01 -1"><span class='ocrx_word' id='word_1_1' title='bbox 151 360 250 415; x_wconf 59' lang='grc' dir='ltr'>σεδ</span> 
     </span>
    </p>
   </div>
   <div class='ocr_carea' id='block_1_2' title="bbox 714 365 2789 444">
    <p class='ocr_par' dir='ltr' id='par_1_2' title="bbox 714 365 2789 444">
     <span class='ocr_line' id='line_1_2' title="bbox 714 365 2789 444; baseline 0.012 -25"><span class='ocrx_word' id='word_1_2' title='bbox 714 365 802 420; x_wconf 83' lang='lat' dir='ltr'><strong>DE</strong></span> <span class='ocrx_word' id='word_1_3' title='bbox 833 366 1089 429; x_wconf 74' lang='lat' dir='ltr'><strong>DIVINIS</strong></span> <span class='ocrx_word' id='word_1_4' title='bbox 1120 369 1520 439; x_wconf 77' lang='lat' dir='ltr'><strong>NOMINIBUS,</strong></span> <span class='ocrx_word' id='word_1_5' title='bbox 1559 374 1714 432; x_wconf 72' lang='lat' dir='ltr'><strong>CAP.</strong></span> <span class='ocrx_word' id='word_1_6' title='bbox 1754 375 1793 433; x_wconf 90' lang='lat' dir='ltr'><strong>I.</strong></span> <span class='ocrx_word' id='word_1_7' title='bbox 1831 408 1899 418; x_wconf 92' lang='lat'><strong>-</strong></span> <span class='ocrx_word' id='word_1_8' title='bbox 1932 379 2278 438; x_wconf 67' lang='lat' dir='ltr'><strong>PARAPIIR.</strong></span> <span class='ocrx_word' id='word_1_9' title='bbox 2316 382 2789 444; x_wconf 60' lang='lat' dir='ltr'><strong>PACIIYMERzE.</strong></span> 
     </span>
    </p>
   </div>
   <div class='ocr_carea' id='block_1_3' title="bbox 3318 396 3417 452">
    <p class='ocr_par' dir='ltr' id='par_1_3' title="bbox 3318 396 3417 452">
     <span class='ocr_line' id='line_1_3' title="bbox 3318 396 3417 452; baseline 0.03 -3"><span class='ocrx_word' id='word_1_10' title='bbox 3318 396 3417 452; x_wconf 70' lang='grc'><strong>651</strong></span> 
     </span>
    </p>
   </div>
   <div class='ocr_carea' id='block_1_4' title="bbox 150 473 1677 581">
    <p class='ocr_par' dir='ltr' id='par_1_4' title="bbox 150 473 1677 556">
     <span class='ocr_line' id='line_1_4' title="bbox 150 473 1677 556; baseline 0.009 -29"><span class='ocrx_word' id='word_1_11' title='bbox 150 473 181 527; x_wconf 67' lang='grc' dir='ltr'><strong>ἃ</strong></span> <span class='ocrx_word' id='word_1_12' title='bbox 204 473 268 545; x_wconf 79' lang='grc' dir='ltr'>δὴ</span> <span class='ocrx_word' id='word_1_13' title='bbox 294 473 359 527; x_wconf 80' lang='grc' dir='ltr'>ὲκ</span> <span class='ocrx_word' id='word_1_14' title='bbox 388 474 495 546; x_wconf 85' lang='grc' dir='ltr'>τῆς</span> <span class='ocrx_word' id='word_1_15' title='bbox 517 476 696 540; x_wconf 80' lang='grc' dir='ltr'><strong>αἰτίας</strong></span> <span class='ocrx_word' id='word_1_16' title='bbox 725 480 818 532; x_wconf 60' lang='grc' dir='ltr'><strong>κα)⁵</strong></span> <span class='ocrx_word' id='word_1_17' title='bbox 843 480 943 550; x_wconf 83' lang='grc' dir='ltr'><strong>τῆς</strong></span> <span class='ocrx_word' id='word_1_18' title='bbox 971 481 1227 552; x_wconf 82' lang='grc' dir='ltr'>προνοίας</span> <span class='ocrx_word' id='word_1_19' title='bbox 1249 484 1677 556; x_wconf 74' lang='grc' dir='ltr'>όνομασθήσοντο</span> 
     </span>
    </p>
   </div>
   <div class='ocr_carea' id='block_1_5' title="bbox 1896 473 3422 581">
    <p class='ocr_par' dir='ltr' id='par_1_5' title="bbox 1896 493 3422 581">
     <span class='ocr_line' id='line_1_5' title="bbox 1896 493 3422 581; baseline 0.016 -37"><span class='ocrx_word' id='word_1_20' title='bbox 1896 493 2134 547; x_wconf 75' lang='lat' dir='ltr'><strong>tntinens</strong></span> <span class='ocrx_word' id='word_1_21' title='bbox 2162 509 2212 546; x_wconf 87' lang='lat' dir='ltr'><strong>v.</strong></span> <span class='ocrx_word' id='word_1_22' title='bbox 2237 510 2291 563; x_wconf 70' lang='grc' dir='ltr'><strong>ε.</strong></span> <span class='ocrx_word' id='word_1_23' title='bbox 2326 497 2431 549; x_wconf 87' lang='lat' dir='ltr'><strong>vita</strong></span> <span class='ocrx_word' id='word_1_24' title='bbox 2456 507 2510 553; x_wconf 89' lang='lat' dir='ltr'><strong>et</strong></span> <span class='ocrx_word' id='word_1_25' title='bbox 2537 502 2829 570; x_wconf 80' lang='lat' dir='ltr'><strong>perfectio,</strong></span> <span class='ocrx_word' id='word_1_26' title='bbox 2865 506 2947 561; x_wconf 91' lang='lat' dir='ltr'><strong>vel</strong></span> <span class='ocrx_word' id='word_1_27' title='bbox 2979 508 3048 563; x_wconf 89' lang='lat' dir='ltr'><strong>ab</strong></span> <span class='ocrx_word' id='word_1_28' title='bbox 3077 508 3184 564; x_wconf 86' lang='lat' dir='ltr'><strong>alia</strong></span> <span class='ocrx_word' id='word_1_29' title='bbox 3234 514 3422 581; x_wconf 52' lang='lat' dir='ltr'><strong>provie</strong></span> 
     </span>
    </p>
   </div>
   <div class='ocr_carea' id='block_1_6' title="bbox 148 566 1731 644">
    <p class='ocr_par' dir='ltr' id='par_1_6' title="bbox 148 566 1731 644">
     <span class='ocr_line' id='line_1_6' title="bbox 148 566 1731 644; baseline 0.011 -28"><span class='ocrx_word' id='word_1_30' title='bbox 148 566 253 618; x_wconf 85' lang='grc' dir='ltr'>ἀλλ’</span> <span class='ocrx_word' id='word_1_31' title='bbox 281 567 407 620; x_wconf 78' lang='grc' dir='ltr'>ἐπεὶ</span> <span class='ocrx_word' id='word_1_32' title='bbox 443 571 540 623; x_wconf 80' lang='grc' dir='ltr'>καὶ</span> <span class='ocrx_word' id='word_1_33' title='bbox 579 571 755 625; x_wconf 82' lang='grc' dir='ltr'>πάντα</span> <span class='ocrx_word' id='word_1_34' title='bbox 777 572 906 626; x_wconf 70' lang='grc' dir='ltr'>ὄντα</span> <span class='ocrx_word' id='word_1_35' title='bbox 929 574 1117 638; x_wconf 84' lang='grc' dir='ltr'>ἁπλῶς</span> <span class='ocrx_word' id='word_1_36' title='bbox 1142 577 1237 629; x_wconf 73' lang='grc' dir='ltr'>καὶ</span> <span class='ocrx_word' id='word_1_37' title='bbox 1265 578 1602 644; x_wconf 87' lang='grc' dir='ltr'>ἀσυνθέτως,</span> <span class='ocrx_word' id='word_1_38' title='bbox 1634 580 1731 633; x_wconf 78' lang='grc' dir='ltr'><strong>καὶ</strong></span> 
     </span>
    </p>
   </div>
   <div class='ocr_carea' id='block_1_7' title="bbox 147 657 1729 741">
    <p class='ocr_par' dir='ltr' id='par_1_7' title="bbox 147 657 1729 741">
     <span class='ocr_line' id='line_1_7' title="bbox 147 657 1729 741; baseline 0.011 -33"><span class='ocrx_word' id='word_1_39' title='bbox 147 657 561 729; x_wconf 81' lang='grc' dir='ltr'>άπεριορίστως,</span> <span class='ocrx_word' id='word_1_40' title='bbox 590 663 684 715; x_wconf 79' lang='grc' dir='ltr'><strong>καὶ</strong></span> <span class='ocrx_word' id='word_1_41' title='bbox 706 664 1028 736; x_wconf 81' lang='grc' dir='ltr'>ἀκρατήτως</span> <span class='ocrx_word' id='word_1_42' title='bbox 1061 667 1119 720; x_wconf 77' lang='grc' dir='ltr'>ἐν</span> <span class='ocrx_word' id='word_1_43' title='bbox 1147 668 1286 739; x_wconf 78' lang='grc' dir='ltr'>αὐτῇ</span> <span class='ocrx_word' id='word_1_44' title='bbox 1314 669 1391 741; x_wconf 78' lang='grc' dir='ltr'>μὴ</span> <span class='ocrx_word' id='word_1_45' title='bbox 1416 669 1576 741; x_wconf 86' lang='grc' dir='ltr'>μόνον</span> <span class='ocrx_word' id='word_1_46' title='bbox 1601 689 1729 725; x_wconf 87' lang='grc' dir='ltr'>συν-</span> 
     </span>
    </p>
   </div>
   <div class='ocr_carea' id='block_1_8' title="bbox 146 747 1730 834">
    <p class='ocr_par' dir='ltr' id='par_1_8' title="bbox 146 747 1730 834">
     <span class='ocr_line' id='line_1_8' title="bbox 146 747 1730 834; baseline 0.01 -33"><span class='ocrx_word' id='word_1_47' title='bbox 146 747 273 817; x_wconf 85' lang='grc' dir='ltr'>έχει,</span> <span class='ocrx_word' id='word_1_48' title='bbox 309 751 452 804; x_wconf 77' lang='grc' dir='ltr'>ἀλλὰ</span> <span class='ocrx_word' id='word_1_49' title='bbox 494 752 592 806; x_wconf 61' lang='grc' dir='ltr'><strong>καλ⁸</strong></span> <span class='ocrx_word' id='word_1_50' title='bbox 627 755 922 827; x_wconf 77' lang='grc' dir='ltr'>προείληφε</span> <span class='ocrx_word' id='word_1_51' title='bbox 967 761 1088 822; x_wconf 88' lang='grc' dir='ltr'>ταῖς</span> <span class='ocrx_word' id='word_1_52' title='bbox 1130 760 1427 831; x_wconf 84' lang='grc' dir='ltr'>ἀγαθότησι</span> <span class='ocrx_word' id='word_1_53' title='bbox 1469 762 1568 834; x_wconf 83' lang='grc' dir='ltr'>τῆς</span> <span class='ocrx_word' id='word_1_54' title='bbox 1595 781 1730 816; x_wconf 85' lang='grc' dir='ltr'>παν-</span> 
     </span>
    </p>
   </div>
   <div class='ocr_carea' id='block_1_9' title="bbox 145 842 1727 922">
    <p class='ocr_par' dir='ltr' id='par_1_9' title="bbox 145 842 1727 922">
     <span class='ocr_line' id='line_1_9' title="bbox 145 842 1727 922; baseline 0.012 -29"><span class='ocrx_word' id='word_1_55' title='bbox 145 842 308 894; x_wconf 83' lang='grc' dir='ltr'>αιτίου</span> <span class='ocrx_word' id='word_1_56' title='bbox 364 845 652 913; x_wconf 80' lang='grc' dir='ltr'>προνοίας’</span> <span class='ocrx_word' id='word_1_57' title='bbox 695 847 831 919; x_wconf 81' lang='grc' dir='ltr'>αὐτὴ</span> <span class='ocrx_word' id='word_1_58' title='bbox 887 851 996 921; x_wconf 90' lang='grc' dir='ltr'><strong>γάρ</strong></span> <span class='ocrx_word' id='word_1_59' title='bbox 1038 853 1269 922; x_wconf 74' lang='grc' dir='ltr'>ὲστιν,ἠ</span> <span class='ocrx_word' id='word_1_60' title='bbox 1335 855 1612 909; x_wconf 76' lang='grc' dir='ltr'><strong>καλοῦσα</strong></span> <span class='ocrx_word' id='word_1_61' title='bbox 1654 858 1727 913; x_wconf 87' lang='grc' dir='ltr'>τὰ</span> 
     </span>
    </p>
   </div>
   <div class='ocr_carea' id='block_1_10' title="bbox 139 932 1722 1019">
    <p class='ocr_par' dir='ltr' id='par_1_10' title="bbox 139 932 1722 1019">
     <span class='ocr_line' id='line_1_10' title="bbox 139 932 1722 1019; baseline 0.01 -34"><span class='ocrx_word' id='word_1_62' title='bbox 139 932 217 1003; x_wconf 76' lang='grc' dir='ltr'>μὴ</span> <span class='ocrx_word' id='word_1_63' title='bbox 249 933 395 987; x_wconf 83' lang='grc' dir='ltr'>ὄντα</span> <span class='ocrx_word' id='word_1_64' title='bbox 421 937 507 1003; x_wconf 86' lang='grc' dir='ltr'>ὡς</span> <span class='ocrx_word' id='word_1_65' title='bbox 532 938 696 993; x_wconf 78' lang='grc' dir='ltr'>ὄντα.</span> <span class='ocrx_word' id='word_1_66' title='bbox 738 939 1104 1013; x_wconf 85' lang='grc' dir='ltr'>Ἑναρμονίως</span> <span class='ocrx_word' id='word_1_67' title='bbox 1133 944 1242 1017; x_wconf 77' lang='grc' dir='ltr'>ἄρα</span> <span class='ocrx_word' id='word_1_68' title='bbox 1257 947 1348 1000; x_wconf 73' lang='grc' dir='ltr'>καὶ</span> <span class='ocrx_word' id='word_1_69' title='bbox 1368 947 1722 1019; x_wconf 76' lang='grc' dir='ltr'>καταλλήλως</span> 
     </span>
    </p>
   </div>
   <div class='ocr_carea' id='block_1_11' title="bbox 143 1026 1718 1109">
    <p class='ocr_par' dir='ltr' id='par_1_11' title="bbox 143 1026 1718 1109">
     <span class='ocr_line' id='line_1_11' title="bbox 143 1026 1718 1109; baseline 0.009 -31"><span class='ocrx_word' id='word_1_70' title='bbox 143 1026 201 1079; x_wconf 85' lang='grc' dir='ltr'>ὲκ</span> <span class='ocrx_word' id='word_1_71' title='bbox 218 1026 439 1082; x_wconf 80' lang='grc' dir='ltr'>πάντων</span> <span class='ocrx_word' id='word_1_72' title='bbox 471 1030 583 1085; x_wconf 88' lang='grc' dir='ltr'><strong>τῶν</strong></span> <span class='ocrx_word' id='word_1_73' title='bbox 620 1031 789 1085; x_wconf 76' lang='grc' dir='ltr'>ὄντων</span> <span class='ocrx_word' id='word_1_74' title='bbox 818 1033 1068 1104; x_wconf 81' lang='grc' dir='ltr'><strong>ὑμνεῖται</strong></span> <span class='ocrx_word' id='word_1_75' title='bbox 1094 1038 1187 1093; x_wconf 72' lang='grc' dir='ltr'>καὶ</span> <span class='ocrx_word' id='word_1_76' title='bbox 1225 1037 1551 1108; x_wconf 76' lang='grc' dir='ltr'>ὀνομάζεται</span> <span class='ocrx_word' id='word_1_77' title='bbox 1582 1038 1718 1109; x_wconf 86' lang='grc' dir='ltr'>φῶς,</span> 
     </span>
    </p>
   </div>
   <div class='ocr_carea' id='block_1_12' title="bbox 143 1116 1442 1198">
    <p class='ocr_par' dir='ltr' id='par_1_12' title="bbox 143 1116 1442 1198">
     <span class='ocr_line' id='line_1_12' title="bbox 143 1116 1442 1198; baseline 0.011 -26"><span class='ocrx_word' id='word_1_78' title='bbox 143 1116 296 1189; x_wconf 79' lang='grc' dir='ltr'>ὕδωρ,</span> <span class='ocrx_word' id='word_1_79' title='bbox 325 1120 462 1193; x_wconf 80' lang='grc' dir='ltr'>πῦρ,</span> <span class='ocrx_word' id='word_1_80' title='bbox 495 1123 705 1196; x_wconf 84' lang='grc' dir='ltr'><strong>δρόσος,</strong></span> <span class='ocrx_word' id='word_1_81' title='bbox 732 1126 953 1198; x_wconf 81' lang='grc' dir='ltr'><strong>νεφέλη,</strong></span> <span class='ocrx_word' id='word_1_82' title='bbox 980 1130 1075 1185; x_wconf 80' lang='grc' dir='ltr'>καὶ</span> <span class='ocrx_word' id='word_1_83' title='bbox 1100 1129 1171 1187; x_wconf 73' lang='grc' dir='ltr'><strong>τὰ</strong></span> <span class='ocrx_word' id='word_1_84' title='bbox 1196 1132 1442 1186; x_wconf 69' lang='grc' dir='ltr'>τοιαῦτα.</span> 
     </span>
    </p>
   </div>
   <div class='ocr_carea' id='block_1_13' title="bbox 1832 583 3424 664">
    <p class='ocr_par' dir='ltr' id='par_1_13' title="bbox 1832 583 3424 664">
     <span class='ocr_line' id='line_1_13' title="bbox 1832 583 3424 664; baseline 0.013 -27"><span class='ocrx_word' id='word_1_85' title='bbox 1832 583 2015 637; x_wconf 87' lang='lat' dir='ltr'><strong>deutia</strong></span> <span class='ocrx_word' id='word_1_86' title='bbox 2044 598 2099 636; x_wconf 79' lang='grc' dir='ltr'>ν.</span> <span class='ocrx_word' id='word_1_87' title='bbox 2125 599 2179 651; x_wconf 77' lang='lat' dir='ltr'><strong>g.</strong></span> <span class='ocrx_word' id='word_1_88' title='bbox 2204 596 2423 640; x_wconf 75' lang='lat' dir='ltr'><strong>creator</strong></span> <span class='ocrx_word' id='word_1_89' title='bbox 2443 602 2637 645; x_wconf 89' lang='lat' dir='ltr'><strong>cuncta</strong></span> <span class='ocrx_word' id='word_1_90' title='bbox 2671 610 2930 664; x_wconf 77' lang='lat' dir='ltr'><strong>cernens,</strong></span> <span class='ocrx_word' id='word_1_91' title='bbox 2961 598 3245 654; x_wconf 81' lang='lat' dir='ltr'><strong>hominum</strong></span> <span class='ocrx_word' id='word_1_92' title='bbox 3269 618 3424 657; x_wconf 83' lang='lat' dir='ltr'><strong>ama-</strong></span> 
     </span>
    </p>
   </div>
   <div class='ocr_carea' id='block_1_14' title="bbox 1833 676 3420 759">
    <p class='ocr_par' dir='ltr' id='par_1_14' title="bbox 1833 676 3420 759">
     <span class='ocr_line' id='line_1_14' title="bbox 1833 676 3420 759; baseline 0.014 -33"><span class='ocrx_word' id='word_1_93' title='bbox 1833 683 1941 739; x_wconf 91' lang='lat' dir='ltr'><strong>tor,</strong></span> <span class='ocrx_word' id='word_1_94' title='bbox 1970 676 2342 744; x_wconf 88' lang='lat' dir='ltr'><strong>omnipotens,</strong></span> <span class='ocrx_word' id='word_1_95' title='bbox 2371 687 2505 747; x_wconf 86' lang='lat' dir='ltr'><strong>etc.;</strong></span> <span class='ocrx_word' id='word_1_96' title='bbox 2533 698 2652 752; x_wconf 80' lang='lat' dir='ltr'><strong>qua:</strong></span> <span class='ocrx_word' id='word_1_97' title='bbox 2678 689 2899 742; x_wconf 86' lang='lat' dir='ltr'><strong>nomina</strong></span> <span class='ocrx_word' id='word_1_98' title='bbox 2933 690 3135 759; x_wconf 90' lang='lat' dir='ltr'><strong>partim</strong></span> <span class='ocrx_word' id='word_1_99' title='bbox 3163 706 3193 744; x_wconf 86' lang='lat' dir='ltr'><strong>a</strong></span> <span class='ocrx_word' id='word_1_100' title='bbox 3229 708 3420 759; x_wconf 77' lang='lat' dir='ltr'><strong>causa,</strong></span> 
     </span>
    </p>
   </div>
   <div class='ocr_carea' id='block_1_15' title="bbox 1830 766 3422 851">
    <p class='ocr_par' dir='ltr' id='par_1_15' title="bbox 1830 766 3422 851">
     <span class='ocr_line' id='line_1_15' title="bbox 1830 766 3422 851; baseline 0.013 -34"><span class='ocrx_word' id='word_1_101' title='bbox 1830 766 2026 834; x_wconf 79' lang='lat' dir='ltr'><strong>partim</strong></span> <span class='ocrx_word' id='word_1_102' title='bbox 2057 782 2085 818; x_wconf 69' lang='grc' dir='ltr'>ξι</span> <span class='ocrx_word' id='word_1_103' title='bbox 2113 769 2451 835; x_wconf 78' lang='lat' dir='ltr'><strong>providentia</strong></span> <span class='ocrx_word' id='word_1_104' title='bbox 2481 771 2872 845; x_wconf 86' lang='lat' dir='ltr'><strong>desumuutur;</strong></span> <span class='ocrx_word' id='word_1_105' title='bbox 2903 780 2999 834; x_wconf 89' lang='lat' dir='ltr'><strong>sed</strong></span> <span class='ocrx_word' id='word_1_106' title='bbox 3022 782 3165 851; x_wconf 85' lang='lat' dir='ltr'><strong>quod</strong></span> <span class='ocrx_word' id='word_1_107' title='bbox 3198 785 3422 838; x_wconf 74' lang='lat' dir='ltr'><strong>univer-</strong></span> 
     </span>
    </p>
   </div>
   <div class='ocr_carea' id='block_1_16' title="bbox 1829 857 3417 941">
    <p class='ocr_par' dir='ltr' id='par_1_16' title="bbox 1829 857 3417 941">
     <span class='ocr_line' id='line_1_16' title="bbox 1829 857 3417 941; baseline 0.014 -30"><span class='ocrx_word' id='word_1_108' title='bbox 1829 872 1888 911; x_wconf 88' lang='lat' dir='ltr'><strong>sa</strong></span> <span class='ocrx_word' id='word_1_109' title='bbox 1923 857 2269 929; x_wconf 84' lang='lat' dir='ltr'><strong>simpliciter,</strong></span> <span class='ocrx_word' id='word_1_110' title='bbox 2297 873 2353 917; x_wconf 91' lang='lat' dir='ltr'><strong>et</strong></span> <span class='ocrx_word' id='word_1_111' title='bbox 2377 862 2848 937; x_wconf 84' lang='lat' dir='ltr'><strong>incomposite,et</strong></span> <span class='ocrx_word' id='word_1_112' title='bbox 2900 872 3220 941; x_wconf 90' lang='lat' dir='ltr'><strong>indetinite,</strong></span> <span class='ocrx_word' id='word_1_113' title='bbox 3252 876 3382 932; x_wconf 86' lang='lat' dir='ltr'><strong>etin</strong></span> <span class='ocrx_word' id='word_1_114' title='bbox 3403 907 3417 919; x_wconf 87' lang='lat'><strong><em>-</em></strong></span> 
     </span>
    </p>
   </div>
   <div class='ocr_carea' id='block_1_17' title="bbox 1829 951 3416 1031">
    <p class='ocr_par' dir='ltr' id='par_1_17' title="bbox 1829 951 3416 1031">
     <span class='ocr_line' id='line_1_17' title="bbox 1829 951 3416 1031; baseline 0.014 -26"><span class='ocrx_word' id='word_1_115' title='bbox 1829 951 1972 1005; x_wconf 79' lang='lat' dir='ltr'><strong>victe</strong></span> <span class='ocrx_word' id='word_1_116' title='bbox 1990 951 2042 1004; x_wconf 92' lang='lat' dir='ltr'><strong>in</strong></span> <span class='ocrx_word' id='word_1_117' title='bbox 2066 954 2358 1024; x_wconf 87' lang='lat' dir='ltr'><strong>semetipso</strong></span> <span class='ocrx_word' id='word_1_118' title='bbox 2374 972 2478 1011; x_wconf 93' lang='lat' dir='ltr'><strong>non</strong></span> <span class='ocrx_word' id='word_1_119' title='bbox 2502 958 2676 1014; x_wconf 89' lang='lat' dir='ltr'><strong>solum</strong></span> <span class='ocrx_word' id='word_1_120' title='bbox 2701 964 3001 1031; x_wconf 90' lang='lat' dir='ltr'><strong>contineat,</strong></span> <span class='ocrx_word' id='word_1_121' title='bbox 3033 984 3220 1029; x_wconf 82' lang='lat' dir='ltr'><strong>verum</strong></span> <span class='ocrx_word' id='word_1_122' title='bbox 3248 972 3416 1027; x_wconf 88' lang='lat' dir='ltr'><strong>etiam</strong></span> 
     </span>
    </p>
   </div>
   <div class='ocr_carea' id='block_1_18' title="bbox 1828 1044 3411 1126">
    <p class='ocr_par' dir='ltr' id='par_1_18' title="bbox 1828 1044 3411 1126">
     <span class='ocr_line' id='line_1_18' title="bbox 1828 1044 3411 1126; baseline 0.015 -28"><span class='ocrx_word' id='word_1_123' title='bbox 1828 1044 2173 1114; x_wconf 79' lang='lat' dir='ltr'><strong>autieiparit,</strong></span> <span class='ocrx_word' id='word_1_124' title='bbox 2205 1047 2543 1126; x_wconf 89' lang='lat' dir='ltr'><strong>bonitatibus</strong></span> <span class='ocrx_word' id='word_1_125' title='bbox 2589 1052 2758 1123; x_wconf 91' lang='lat' dir='ltr'><strong>ipsius</strong></span> <span class='ocrx_word' id='word_1_126' title='bbox 2803 1058 3084 1116; x_wconf 84' lang='lat' dir='ltr'><strong>hominum</strong></span> <span class='ocrx_word' id='word_1_127' title='bbox 3114 1062 3411 1122; x_wconf 72' lang='lat' dir='ltr'><strong>eﬂecuicis</strong></span> 
     </span>
    </p>
   </div>
   <div class='ocr_carea' id='block_1_19' title="bbox 1832 1131 3415 1225">
    <p class='ocr_par' dir='ltr' id='par_1_19' title="bbox 1832 1131 3415 1225">
     <span class='ocr_line' id='line_1_19' title="bbox 1832 1131 3415 1225; baseline 0.018 -39"><span class='ocrx_word' id='word_1_128' title='bbox 1832 1131 2208 1204; x_wconf 71' lang='lat' dir='ltr'><strong>providentiae.</strong></span> <span class='ocrx_word' id='word_1_129' title='bbox 2247 1137 2375 1195; x_wconf 78' lang='lat' dir='ltr'><strong>llaec</strong></span> <span class='ocrx_word' id='word_1_130' title='bbox 2404 1141 2551 1197; x_wconf 89' lang='lat' dir='ltr'><strong>enim</strong></span> <span class='ocrx_word' id='word_1_131' title='bbox 2583 1156 2669 1198; x_wconf 75' lang='grc' dir='ltr'><strong>εει</strong></span> <span class='ocrx_word' id='word_1_132' title='bbox 2712 1163 2835 1217; x_wconf 64' lang='lat' dir='ltr'><strong>qua:</strong></span> <span class='ocrx_word' id='word_1_133' title='bbox 2878 1164 3028 1206; x_wconf 79' lang='lat' dir='ltr'><strong>vocat</strong></span> <span class='ocrx_word' id='word_1_134' title='bbox 3061 1170 3125 1208; x_wconf 80' lang='lat' dir='ltr'><strong>ea</strong></span> <span class='ocrx_word' id='word_1_135' title='bbox 3146 1172 3270 1225; x_wconf 59' lang='lat' dir='ltr'><strong>quia</strong></span> <span class='ocrx_word' id='word_1_136' title='bbox 3305 1174 3415 1213; x_wconf 86' lang='grc' dir='ltr'>ιιοιι</span> 
     </span>
    </p>
   </div>
   <div class='ocr_carea' id='block_1_20' title="bbox 140 1224 3410 1313">
    <p class='ocr_par' dir='ltr' id='par_1_20' title="bbox 140 1224 3410 1313">
     <span class='ocr_line' id='line_1_20' title="bbox 140 1224 3410 1313; baseline 0.012 -47"><span class='ocrx_word' id='word_1_137' title='bbox 140 1224 281 1277; x_wconf 78' lang='lat' dir='ltr'><strong>sunt,</strong></span> <span class='ocrx_word' id='word_1_138' title='bbox 321 1226 583 1283; x_wconf 76' lang='lat' dir='ltr'><strong>tanquam</strong></span> <span class='ocrx_word' id='word_1_139' title='bbox 618 1235 679 1273; x_wconf 81' lang='lat' dir='ltr'><strong>ea</strong></span> <span class='ocrx_word' id='word_1_140' title='bbox 703 1236 821 1289; x_wconf 68' lang='lat' dir='ltr'><strong>quia</strong></span> <span class='ocrx_word' id='word_1_141' title='bbox 847 1235 970 1277; x_wconf 82' lang='lat' dir='ltr'><strong>sunt</strong></span> <span class='ocrx_word' id='word_1_142' title='bbox 1013 1237 1063 1282; x_wconf 80' lang='grc' dir='ltr'>ι.</span> <span class='ocrx_word' id='word_1_143' title='bbox 1094 1224 1351 1298; x_wconf 75' lang='lat' dir='ltr'><strong>Congrue</strong></span> <span class='ocrx_word' id='word_1_144' title='bbox 1387 1228 1554 1299; x_wconf 72' lang='lat' dir='ltr'><strong>igitur</strong></span> <span class='ocrx_word' id='word_1_145' title='bbox 1602 1228 1847 1286; x_wconf 81' lang='lat' dir='ltr'><strong>vicissim</strong></span> <span class='ocrx_word' id='word_1_146' title='bbox 1871 1246 2093 1303; x_wconf 88' lang='lat' dir='ltr'><strong>quoque</strong></span> <span class='ocrx_word' id='word_1_147' title='bbox 2118 1247 2186 1290; x_wconf 88' lang='lat' dir='ltr'><strong>ex</strong></span> <span class='ocrx_word' id='word_1_148' title='bbox 2204 1236 2378 1313; x_wconf 78' lang='lat' dir='ltr'><strong>rebus</strong></span> <span class='ocrx_word' id='word_1_149' title='bbox 2434 1240 2693 1296; x_wconf 84' lang='lat' dir='ltr'><strong>omnibus</strong></span> <span class='ocrx_word' id='word_1_150' title='bbox 2736 1240 2990 1299; x_wconf 90' lang='lat' dir='ltr'><strong>laudatur</strong></span> <span class='ocrx_word' id='word_1_151' title='bbox 3050 1262 3117 1303; x_wconf 88' lang='lat' dir='ltr'><strong>ac</strong></span> <span class='ocrx_word' id='word_1_152' title='bbox 3159 1224 3410 1305; x_wconf 75' lang='lat' dir='ltr'><strong>nomina-</strong></span> 
     </span>
    </p>
   </div>
   <div class='ocr_carea' id='block_1_21' title="bbox 145 1305 1290 1384">
    <p class='ocr_par' dir='ltr' id='par_1_21' title="bbox 145 1305 1290 1384">
     <span class='ocr_line' id='line_1_21' title="bbox 145 1305 1290 1384; baseline 0.015 -26"><span class='ocrx_word' id='word_1_153' title='bbox 145 1314 223 1359; x_wconf 91' lang='lat' dir='ltr'><strong>tur</strong></span> <span class='ocrx_word' id='word_1_154' title='bbox 260 1305 378 1373; x_wconf 82' lang='lat' dir='ltr'><strong>qu,</strong></span> <span class='ocrx_word' id='word_1_155' title='bbox 403 1324 578 1380; x_wconf 86' lang='lat' dir='ltr'><strong>aqua,</strong></span> <span class='ocrx_word' id='word_1_156' title='bbox 619 1312 782 1383; x_wconf 79' lang='lat' dir='ltr'><strong>ignis,</strong></span> <span class='ocrx_word' id='word_1_157' title='bbox 815 1332 924 1384; x_wconf 91' lang='lat' dir='ltr'><strong>ros,</strong></span> <span class='ocrx_word' id='word_1_158' title='bbox 954 1319 1148 1382; x_wconf 84' lang='lat' dir='ltr'><strong>nubes,</strong></span> <span class='ocrx_word' id='word_1_159' title='bbox 1176 1328 1290 1375; x_wconf 84' lang='lat' dir='ltr'><strong>etc.</strong></span> 
     </span>
    </p>
   </div>
   <div class='ocr_carea' id='block_1_22' title="bbox 202 1399 1718 1488">
    <p class='ocr_par' dir='ltr' id='par_1_22' title="bbox 202 1399 1718 1488">
     <span class='ocr_line' id='line_1_22' title="bbox 202 1399 1718 1488; baseline 0.011 -35"><span class='ocrx_word' id='word_1_160' title='bbox 202 1399 230 1471; x_wconf 73' lang='grc' dir='ltr'><strong>ς</strong></span> <span class='ocrx_word' id='word_1_161' title='bbox 265 1399 400 1459; x_wconf 82' lang='lat' dir='ltr'><strong>VIII.</strong></span> <span class='ocrx_word' id='word_1_162' title='bbox 443 1406 556 1460; x_wconf 78' lang='lat' dir='ltr'><strong>Kal.</strong></span> <span class='ocrx_word' id='word_1_163' title='bbox 584 1407 650 1480; x_wconf 78' lang='grc' dir='ltr'>δὴ</span> <span class='ocrx_word' id='word_1_164' title='bbox 686 1408 760 1482; x_wconf 82' lang='grc' dir='ltr'>μὴ</span> <span class='ocrx_word' id='word_1_165' title='bbox 792 1411 951 1483; x_wconf 87' lang='grc' dir='ltr'>μόνον</span> <span class='ocrx_word' id='word_1_166' title='bbox 975 1413 1179 1477; x_wconf 82' lang='grc' dir='ltr'>ταύτας</span> <span class='ocrx_word' id='word_1_167' title='bbox 1205 1412 1306 1478; x_wconf 71' lang='grc' dir='ltr'><strong>τὰς</strong></span> <span class='ocrx_word' id='word_1_168' title='bbox 1334 1413 1639 1488; x_wconf 83' lang='grc' dir='ltr'>θεωνυμίας</span> <span class='ocrx_word' id='word_1_169' title='bbox 1666 1416 1718 1471; x_wconf 81' lang='grc' dir='ltr'>οἱ</span> 
     </span>
    </p>
   </div>
   <div class='ocr_carea' id='block_1_23' title="bbox 141 1490 1730 1585">
    <p class='ocr_par' dir='ltr' id='par_1_23' title="bbox 141 1490 1730 1585">
     <span class='ocr_line' id='line_1_23' title="bbox 141 1490 1730 1585; baseline 0.014 -40"><span class='ocrx_word' id='word_1_170' title='bbox 141 1490 363 1564; x_wconf 79' lang='grc' dir='ltr'><strong>θεολόγοι</strong></span> <span class='ocrx_word' id='word_1_171' title='bbox 379 1497 666 1565; x_wconf 78' lang='grc' dir='ltr'><strong>δοξάζουσι</strong></span> <span class='ocrx_word' id='word_1_172' title='bbox 677 1502 775 1568; x_wconf 90' lang='grc' dir='ltr'><strong>τάς</strong></span> <span class='ocrx_word' id='word_1_173' title='bbox 789 1505 900 1559; x_wconf 88' lang='grc' dir='ltr'><strong>τῶν</strong></span> <span class='ocrx_word' id='word_1_174' title='bbox 916 1507 1192 1562; x_wconf 88' lang='grc' dir='ltr'>παντελῶν</span> <span class='ocrx_word' id='word_1_175' title='bbox 1206 1510 1466 1581; x_wconf 87' lang='grc' dir='ltr'>προνοιῶν</span> <span class='ocrx_word' id='word_1_176' title='bbox 1478 1512 1586 1566; x_wconf 90' lang='grc' dir='ltr'><strong>τῶν</strong></span> <span class='ocrx_word' id='word_1_177' title='bbox 1602 1530 1730 1585; x_wconf 91' lang='grc' dir='ltr'>προ-</span> 
     </span>
    </p>
   </div>
   <div class='ocr_carea' id='block_1_24' title="bbox 139 1587 1727 1678">
    <p class='ocr_par' dir='ltr' id='par_1_24' title="bbox 139 1587 1727 1678">
     <span class='ocr_line' id='line_1_24' title="bbox 139 1587 1727 1678; baseline 0.013 -38"><span class='ocrx_word' id='word_1_178' title='bbox 139 1589 456 1660; x_wconf 81' lang='grc' dir='ltr'>νοουμένων,</span> <span class='ocrx_word' id='word_1_179' title='bbox 486 1587 601 1647; x_wconf 74' lang='grc' dir='ltr'>οἴον</span> <span class='ocrx_word' id='word_1_180' title='bbox 618 1594 680 1648; x_wconf 83' lang='grc' dir='ltr'>τὸ</span> <span class='ocrx_word' id='word_1_181' title='bbox 695 1595 977 1663; x_wconf 84' lang='grc' dir='ltr'>Βασιλεὺς,</span> <span class='ocrx_word' id='word_1_182' title='bbox 990 1601 1051 1652; x_wconf 74' lang='grc' dir='ltr'><strong>τὸ</strong></span> <span class='ocrx_word' id='word_1_183' title='bbox 1068 1602 1322 1674; x_wconf 80' lang='grc' dir='ltr'>Ποιητὴς,</span> <span class='ocrx_word' id='word_1_184' title='bbox 1339 1604 1401 1657; x_wconf 81' lang='grc' dir='ltr'>τὸ</span> <span class='ocrx_word' id='word_1_185' title='bbox 1415 1604 1727 1678; x_wconf 90' lang='grc' dir='ltr'>Παντοκρά-</span> 
     </span>
    </p>
   </div>
   <div class='ocr_carea' id='block_1_25' title="bbox 137 1680 1723 1763">
    <p class='ocr_par' dir='ltr' id='par_1_25' title="bbox 137 1680 1723 1763">
     <span class='ocr_line' id='line_1_25' title="bbox 137 1680 1723 1763; baseline 0.015 -34"><span class='ocrx_word' id='word_1_186' title='bbox 137 1694 240 1748; x_wconf 89' lang='grc' dir='ltr'><strong>τωρ</strong></span> <span class='ocrx_word' id='word_1_187' title='bbox 258 1694 273 1710; x_wconf 83' lang='grc'><em>’</em></span> <span class='ocrx_word' id='word_1_188' title='bbox 298 1680 476 1735; x_wconf 83' lang='grc' dir='ltr'>ταῦτα</span> <span class='ocrx_word' id='word_1_189' title='bbox 501 1682 614 1754; x_wconf 79' lang='grc' dir='ltr'><strong>γὰρ</strong></span> <span class='ocrx_word' id='word_1_190' title='bbox 636 1684 747 1739; x_wconf 90' lang='grc' dir='ltr'><strong>τῶν</strong></span> <span class='ocrx_word' id='word_1_191' title='bbox 776 1688 971 1745; x_wconf 81' lang='grc' dir='ltr'>κοινῶν</span> <span class='ocrx_word' id='word_1_192' title='bbox 1001 1693 1288 1763; x_wconf 74' lang='grc' dir='ltr'><strong>τιρονοιῶν⁹</strong></span> <span class='ocrx_word' id='word_1_193' title='bbox 1310 1697 1403 1749; x_wconf 79' lang='grc' dir='ltr'><strong>καὶ</strong></span> <span class='ocrx_word' id='word_1_194' title='bbox 1434 1697 1598 1751; x_wconf 87' lang='grc' dir='ltr'>πάλιν</span> <span class='ocrx_word' id='word_1_195' title='bbox 1621 1697 1723 1763; x_wconf 87' lang='grc' dir='ltr'><strong>τάς</strong></span> 
     </span>
    </p>
   </div>
   <div class='ocr_carea' id='block_1_26' title="bbox 1896 1414 3409 1493">
    <p class='ocr_par' dir='ltr' id='par_1_26' title="bbox 1896 1414 3409 1493">
     <span class='ocr_line' id='line_1_26' title="bbox 1896 1414 3409 1493; baseline 0.013 -24"><span class='ocrx_word' id='word_1_196' title='bbox 1896 1416 1926 1490; x_wconf 82' lang='lat'><strong>§</strong></span> <span class='ocrx_word' id='word_1_197' title='bbox 1968 1414 2098 1471; x_wconf 73' lang='lat' dir='ltr'><strong>VIII.</strong></span> <span class='ocrx_word' id='word_1_198' title='bbox 2140 1418 2303 1489; x_wconf 87' lang='lat' dir='ltr'><strong>Atqui</strong></span> <span class='ocrx_word' id='word_1_199' title='bbox 2338 1419 2568 1493; x_wconf 66' lang='lat' dir='ltr'><strong>theologi</strong></span> <span class='ocrx_word' id='word_1_200' title='bbox 2600 1437 2707 1479; x_wconf 92' lang='lat' dir='ltr'><strong>non</strong></span> <span class='ocrx_word' id='word_1_201' title='bbox 2741 1422 2857 1481; x_wconf 68' lang='lat' dir='ltr'><strong>haec</strong></span> <span class='ocrx_word' id='word_1_202' title='bbox 2884 1428 3058 1485; x_wconf 88' lang='lat' dir='ltr'><strong>solum</strong></span> <span class='ocrx_word' id='word_1_203' title='bbox 3087 1431 3275 1488; x_wconf 77' lang='lat' dir='ltr'><strong>divina</strong></span> <span class='ocrx_word' id='word_1_204' title='bbox 3306 1449 3409 1487; x_wconf 88' lang='lat' dir='ltr'><strong>no-</strong></span> 
     </span>
    </p>
   </div>
   <div class='ocr_carea' id='block_1_27' title="bbox 1826 1510 3406 1595">
    <p class='ocr_par' dir='ltr' id='par_1_27' title="bbox 1826 1510 3406 1595">
     <span class='ocr_line' id='line_1_27' title="bbox 1826 1510 3406 1595; baseline 0.012 -32"><span class='ocrx_word' id='word_1_205' title='bbox 1826 1511 1972 1564; x_wconf 80' lang='lat' dir='ltr'><strong>mina</strong></span> <span class='ocrx_word' id='word_1_206' title='bbox 2003 1510 2305 1580; x_wconf 75' lang='lat' dir='ltr'><strong>celebrant,</strong></span> <span class='ocrx_word' id='word_1_207' title='bbox 2355 1528 2478 1582; x_wconf 66' lang='lat' dir='ltr'><strong>qua:</strong></span> <span class='ocrx_word' id='word_1_208' title='bbox 2520 1518 2590 1572; x_wconf 88' lang='lat' dir='ltr'><strong>ab</strong></span> <span class='ocrx_word' id='word_1_209' title='bbox 2618 1520 3023 1575; x_wconf 85' lang='lat' dir='ltr'><strong>universalihus</strong></span> <span class='ocrx_word' id='word_1_210' title='bbox 3057 1539 3240 1578; x_wconf 87' lang='lat' dir='ltr'><strong>rerum</strong></span> <span class='ocrx_word' id='word_1_211' title='bbox 3272 1541 3406 1595; x_wconf 81' lang='lat' dir='ltr'><strong>pro-</strong></span> 
     </span>
    </p>
   </div>
   <div class='ocr_carea' id='block_1_28' title="bbox 1825 1600 3405 1684">
    <p class='ocr_par' dir='ltr' id='par_1_28' title="bbox 1825 1600 3405 1684">
     <span class='ocr_line' id='line_1_28' title="bbox 1825 1600 3405 1684; baseline 0.013 -31"><span class='ocrx_word' id='word_1_212' title='bbox 1825 1600 2063 1656; x_wconf 87' lang='lat' dir='ltr'><strong>visarum</strong></span> <span class='ocrx_word' id='word_1_213' title='bbox 2109 1604 2468 1672; x_wconf 82' lang='lat' dir='ltr'><strong>providentiis</strong></span> <span class='ocrx_word' id='word_1_214' title='bbox 2512 1608 2810 1674; x_wconf 87' lang='lat' dir='ltr'><strong>ducuntur,</strong></span> <span class='ocrx_word' id='word_1_215' title='bbox 2862 1621 2917 1663; x_wconf 92' lang='lat' dir='ltr'><strong>ut</strong></span> <span class='ocrx_word' id='word_1_216' title='bbox 2973 1610 3111 1679; x_wconf 89' lang='lat' dir='ltr'><strong>Rex,</strong></span> <span class='ocrx_word' id='word_1_217' title='bbox 3150 1614 3405 1684; x_wconf 85' lang='lat' dir='ltr'><strong>Creator,</strong></span> 
     </span>
    </p>
   </div>
   <div class='ocr_carea' id='block_1_29' title="bbox 1822 1691 3407 1764">
    <p class='ocr_par' dir='ltr' id='par_1_29' title="bbox 1822 1691 3407 1764">
     <span class='ocr_line' id='line_1_29' title="bbox 1822 1691 3407 1764; baseline 0.009 -17"><span class='ocrx_word' id='word_1_218' title='bbox 1822 1691 2218 1763; x_wconf 86' lang='lat' dir='ltr'><strong>Omnipotens;</strong></span> <span class='ocrx_word' id='word_1_219' title='bbox 2252 1696 2367 1751; x_wconf 67' lang='lat' dir='ltr'><strong>hazc</strong></span> <span class='ocrx_word' id='word_1_220' title='bbox 2397 1697 2542 1751; x_wconf 86' lang='lat' dir='ltr'><strong>enim</strong></span> <span class='ocrx_word' id='word_1_221' title='bbox 2586 1701 2806 1755; x_wconf 89' lang='lat' dir='ltr'><strong>nomina</strong></span> <span class='ocrx_word' id='word_1_222' title='bbox 2841 1713 2966 1758; x_wconf 88' lang='lat' dir='ltr'><strong>sunt</strong></span> <span class='ocrx_word' id='word_1_223' title='bbox 2998 1704 3193 1759; x_wconf 80' lang='lat' dir='ltr'><strong>divina:</strong></span> <span class='ocrx_word' id='word_1_224' title='bbox 3219 1705 3407 1764; x_wconf 83' lang='lat' dir='ltr'><strong>Provi-</strong></span> 
     </span>
    </p>
   </div>
   <div class='ocr_carea' id='block_1_30' title="bbox 136 1769 1677 1863">
    <p class='ocr_par' dir='ltr' id='par_1_30' title="bbox 136 1769 1677 1856">
     <span class='ocr_line' id='line_1_30' title="bbox 136 1769 1677 1856; baseline 0.016 -35"><span class='ocrx_word' id='word_1_225' title='bbox 136 1769 233 1823; x_wconf 80' lang='grc' dir='ltr'>ἀπὸ</span> <span class='ocrx_word' id='word_1_226' title='bbox 260 1770 370 1825; x_wconf 88' lang='grc' dir='ltr'><strong>τῶν</strong></span> <span class='ocrx_word' id='word_1_227' title='bbox 397 1776 647 1845; x_wconf 81' lang='grc' dir='ltr'><strong>μερικῶν</strong></span> <span class='ocrx_word' id='word_1_228' title='bbox 677 1781 963 1851; x_wconf 88' lang='grc' dir='ltr'>προνοιῶν,</span> <span class='ocrx_word' id='word_1_229' title='bbox 981 1783 1056 1848; x_wconf 85' lang='grc' dir='ltr'>ὡς</span> <span class='ocrx_word' id='word_1_230' title='bbox 1071 1786 1151 1852; x_wconf 78' lang='grc' dir='ltr'>τὸ,</span> <span class='ocrx_word' id='word_1_231' title='bbox 1167 1787 1299 1852; x_wconf 81' lang='grc' dir='ltr'>Θεὸς</span> <span class='ocrx_word' id='word_1_232' title='bbox 1313 1788 1421 1842; x_wconf 86' lang='grc' dir='ltr'><strong>τῶν</strong></span> <span class='ocrx_word' id='word_1_233' title='bbox 1437 1789 1595 1856; x_wconf 85' lang='grc' dir='ltr'>θεῶν,</span> <span class='ocrx_word' id='word_1_234' title='bbox 1615 1809 1677 1846; x_wconf 86' lang='grc' dir='ltr'><strong>κο</strong></span> 
     </span>
    </p>
   </div>
   <div class='ocr_carea' id='block_1_31' title="bbox 1896 1769 3404 1863">
    <p class='ocr_par' dir='ltr' id='par_1_31' title="bbox 1896 1784 3404 1863">
     <span class='ocr_line' id='line_1_31' title="bbox 1896 1784 3404 1863; baseline 0.013 -27"><span class='ocrx_word' id='word_1_235' title='bbox 1896 1785 2009 1837; x_wconf 67' lang='lat' dir='ltr'><strong>alia:</strong></span> <span class='ocrx_word' id='word_1_236' title='bbox 2041 1784 2094 1838; x_wconf 88' lang='lat' dir='ltr'><strong>itt</strong></span> <span class='ocrx_word' id='word_1_237' title='bbox 2128 1798 2347 1855; x_wconf 78' lang='lat' dir='ltr'><strong>genere.</strong></span> <span class='ocrx_word' id='word_1_238' title='bbox 2377 1785 2442 1841; x_wconf 87' lang='lat' dir='ltr'><strong>Et</strong></span> <span class='ocrx_word' id='word_1_239' title='bbox 2492 1803 2709 1843; x_wconf 79' lang='lat' dir='ltr'><strong>rursum</strong></span> <span class='ocrx_word' id='word_1_240' title='bbox 2739 1806 2861 1860; x_wconf 68' lang='lat' dir='ltr'><strong>qua:</strong></span> <span class='ocrx_word' id='word_1_241' title='bbox 2910 1810 2939 1846; x_wconf 89' lang='lat' dir='ltr'><strong>a</strong></span> <span class='ocrx_word' id='word_1_242' title='bbox 2980 1796 3404 1863; x_wconf 87' lang='lat' dir='ltr'><strong>particularibus</strong></span> 
     </span>
    </p>
   </div>
   <div class='ocr_carea' id='block_1_32' title="bbox 137 1863 1705 1952">
    <p class='ocr_par' dir='ltr' id='par_1_32' title="bbox 137 1863 1705 1952">
     <span class='ocr_line' id='line_1_32' title="bbox 137 1863 1705 1952; baseline 0.015 -36"><span class='ocrx_word' id='word_1_243' title='bbox 137 1863 323 1937; x_wconf 79' lang='grc' dir='ltr'>Κύριος</span> <span class='ocrx_word' id='word_1_244' title='bbox 346 1866 458 1921; x_wconf 88' lang='grc' dir='ltr'><strong>τῶν</strong></span> <span class='ocrx_word' id='word_1_245' title='bbox 481 1866 708 1940; x_wconf 71' lang='grc' dir='ltr'>κυρίων,</span> <span class='ocrx_word' id='word_1_246' title='bbox 737 1875 831 1927; x_wconf 82' lang='grc' dir='ltr'>καὶ</span> <span class='ocrx_word' id='word_1_247' title='bbox 859 1875 1120 1943; x_wconf 80' lang='grc' dir='ltr'>Βασιλεὺς</span> <span class='ocrx_word' id='word_1_248' title='bbox 1147 1879 1257 1935; x_wconf 91' lang='grc' dir='ltr'><strong>τῶν</strong></span> <span class='ocrx_word' id='word_1_249' title='bbox 1280 1880 1671 1952; x_wconf 84' lang='grc' dir='ltr'><strong>βασιλευόντων</strong></span> <span class='ocrx_word' id='word_1_250' title='bbox 1690 1902 1705 1918; x_wconf 78' lang='grc'><strong><em>⁸</em></strong></span> 
     </span>
    </p>
   </div>
   <div class='ocr_carea' id='block_1_33' title="bbox 133 1955 1705 2040">
    <p class='ocr_par' dir='ltr' id='par_1_33' title="bbox 133 1955 1705 2040">
     <span class='ocr_line' id='line_1_33' title="bbox 133 1955 1705 2040; baseline 0.016 -33"><span class='ocrx_word' id='word_1_251' title='bbox 133 1955 289 2010; x_wconf 79' lang='grc' dir='ltr'>ταῦτα</span> <span class='ocrx_word' id='word_1_252' title='bbox 314 1958 425 2031; x_wconf 88' lang='grc' dir='ltr'><strong>γάρ</strong></span> <span class='ocrx_word' id='word_1_253' title='bbox 453 1960 568 2014; x_wconf 90' lang='grc' dir='ltr'><strong>τῶν</strong></span> <span class='ocrx_word' id='word_1_254' title='bbox 595 1965 837 2034; x_wconf 84' lang='grc' dir='ltr'>μερικῶν</span> <span class='ocrx_word' id='word_1_255' title='bbox 862 1968 969 2021; x_wconf 77' lang='grc' dir='ltr'>εισι</span> <span class='ocrx_word' id='word_1_256' title='bbox 995 1971 1282 2040; x_wconf 89' lang='grc' dir='ltr'>προνοιῶν,</span> <span class='ocrx_word' id='word_1_257' title='bbox 1324 1975 1418 2028; x_wconf 76' lang='grc' dir='ltr'>καὶ</span> <span class='ocrx_word' id='word_1_258' title='bbox 1443 1976 1536 2030; x_wconf 77' lang='grc' dir='ltr'>ἐπί</span> <span class='ocrx_word' id='word_1_259' title='bbox 1561 1994 1670 2031; x_wconf 89' lang='grc' dir='ltr'>τισι</span> <span class='ocrx_word' id='word_1_260' title='bbox 1690 1994 1705 2009; x_wconf 84' lang='grc'><em>’</em></span> 
     </span>
    </p>
   </div>
   <div class='ocr_carea' id='block_1_34' title="bbox 136 2048 1705 2137">
    <p class='ocr_par' dir='ltr' id='par_1_34' title="bbox 136 2048 1705 2137">
     <span class='ocr_line' id='line_1_34' title="bbox 136 2048 1705 2137; baseline 0.015 -36"><span class='ocrx_word' id='word_1_261' title='bbox 136 2048 201 2119; x_wconf 76' lang='grc' dir='ltr'>μὴ</span> <span class='ocrx_word' id='word_1_262' title='bbox 230 2050 385 2119; x_wconf 83' lang='grc' dir='ltr'>μόνον</span> <span class='ocrx_word' id='word_1_263' title='bbox 408 2048 508 2107; x_wconf 78' lang='grc' dir='ltr'>οὖν</span> <span class='ocrx_word' id='word_1_264' title='bbox 536 2054 637 2119; x_wconf 83' lang='grc' dir='ltr'><strong>τάς</strong></span> <span class='ocrx_word' id='word_1_265' title='bbox 661 2056 769 2111; x_wconf 84' lang='grc' dir='ltr'>ἀπὸ</span> <span class='ocrx_word' id='word_1_266' title='bbox 798 2059 1001 2115; x_wconf 87' lang='grc' dir='ltr'>τούτων</span> <span class='ocrx_word' id='word_1_267' title='bbox 1041 2061 1347 2136; x_wconf 88' lang='grc' dir='ltr'>θεωνυμίας</span> <span class='ocrx_word' id='word_1_268' title='bbox 1373 2067 1705 2137; x_wconf 75' lang='grc' dir='ltr'>δοξάζουσιν,</span> 
     </span>
    </p>
   </div>
   <div class='ocr_carea' id='block_1_35' title="bbox 132 2142 1708 2229">
    <p class='ocr_par' dir='ltr' id='par_1_35' title="bbox 132 2142 1708 2229">
     <span class='ocr_line' id='line_1_35' title="bbox 132 2142 1708 2229; baseline 0.013 -34"><span class='ocrx_word' id='word_1_269' title='bbox 132 2142 254 2195; x_wconf 83' lang='grc' dir='ltr'><strong>ἀλλά</strong></span> <span class='ocrx_word' id='word_1_270' title='bbox 277 2146 368 2198; x_wconf 78' lang='grc' dir='ltr'>καὶ</span> <span class='ocrx_word' id='word_1_271' title='bbox 392 2147 508 2200; x_wconf 88' lang='grc' dir='ltr'><strong>ἀπό</strong></span> <span class='ocrx_word' id='word_1_272' title='bbox 531 2165 693 2202; x_wconf 89' lang='grc' dir='ltr'>τινων</span> <span class='ocrx_word' id='word_1_273' title='bbox 720 2149 868 2203; x_wconf 83' lang='grc' dir='ltr'>ἔστιν</span> <span class='ocrx_word' id='word_1_274' title='bbox 891 2153 982 2206; x_wconf 82' lang='grc' dir='ltr'>ὅτε</span> <span class='ocrx_word' id='word_1_275' title='bbox 1008 2153 1167 2211; x_wconf 88' lang='grc' dir='ltr'>θείων</span> <span class='ocrx_word' id='word_1_276' title='bbox 1198 2160 1518 2229; x_wconf 79' lang='grc' dir='ltr'><strong>φασμάτων·</strong></span> <span class='ocrx_word' id='word_1_277' title='bbox 1543 2161 1708 2215; x_wconf 77' lang='grc' dir='ltr'>οἱονεὶ</span> 
     </span>
    </p>
   </div>
   <div class='ocr_carea' id='block_1_36' title="bbox 131 2232 1706 2318">
    <p class='ocr_par' dir='ltr' id='par_1_36' title="bbox 131 2232 1706 2318">
     <span class='ocr_line' id='line_1_36' title="bbox 131 2232 1706 2318; baseline 0.011 -34"><span class='ocrx_word' id='word_1_278' title='bbox 131 2232 226 2286; x_wconf 83' lang='grc' dir='ltr'><strong>τῶν</strong></span> <span class='ocrx_word' id='word_1_279' title='bbox 266 2235 323 2287; x_wconf 83' lang='grc' dir='ltr'>ἐν</span> <span class='ocrx_word' id='word_1_280' title='bbox 364 2237 663 2307; x_wconf 79' lang='grc' dir='ltr'>συμϐόλοις</span> <span class='ocrx_word' id='word_1_281' title='bbox 703 2239 1098 2312; x_wconf 76' lang='grc' dir='ltr'>ἀποκαλύψεων</span> <span class='ocrx_word' id='word_1_282' title='bbox 1132 2244 1241 2298; x_wconf 89' lang='grc' dir='ltr'><strong>τῶν</strong></span> <span class='ocrx_word' id='word_1_283' title='bbox 1279 2246 1338 2298; x_wconf 83' lang='grc' dir='ltr'>ὲν</span> <span class='ocrx_word' id='word_1_284' title='bbox 1391 2250 1504 2311; x_wconf 90' lang='grc' dir='ltr'>τοῖς</span> <span class='ocrx_word' id='word_1_285' title='bbox 1542 2248 1706 2318; x_wconf 76' lang='grc' dir='ltr'>ἱεροῖς</span> 
     </span>
    </p>
   </div>
   <div class='ocr_carea' id='block_1_37' title="bbox 132 2321 1707 2409">
    <p class='ocr_par' dir='ltr' id='par_1_37' title="bbox 132 2321 1707 2409">
     <span class='ocr_line' id='line_1_37' title="bbox 132 2321 1707 2409; baseline 0.014 -35"><span class='ocrx_word' id='word_1_286' title='bbox 132 2321 455 2397; x_wconf 81' lang='grc' dir='ltr'>ἀνακτόροις,</span> <span class='ocrx_word' id='word_1_287' title='bbox 478 2328 650 2399; x_wconf 73' lang='grc' dir='ltr'>ἤγουν</span> <span class='ocrx_word' id='word_1_288' title='bbox 666 2334 833 2397; x_wconf 85' lang='grc' dir='ltr'>ναοῖς,</span> <span class='ocrx_word' id='word_1_289' title='bbox 846 2334 1276 2405; x_wconf 81' lang='grc' dir='ltr'>ἐμφαινομένων·</span> <span class='ocrx_word' id='word_1_290' title='bbox 1296 2337 1569 2409; x_wconf 82' lang='grc' dir='ltr'>ἀνάκτορα</span> <span class='ocrx_word' id='word_1_291' title='bbox 1596 2339 1707 2409; x_wconf 79' lang='grc' dir='ltr'>γὰρ</span> 
     </span>
    </p>
   </div>
   <div class='ocr_carea' id='block_1_38' title="bbox 132 2414 1701 2499">
    <p class='ocr_par' dir='ltr' id='par_1_38' title="bbox 132 2414 1701 2499">
     <span class='ocr_line' id='line_1_38' title="bbox 132 2414 1701 2499; baseline 0.011 -35"><span class='ocrx_word' id='word_1_292' title='bbox 132 2414 342 2470; x_wconf 72' lang='grc' dir='ltr'>ἐκάλουν</span> <span class='ocrx_word' id='word_1_293' title='bbox 363 2419 414 2471; x_wconf 80' lang='grc' dir='ltr'>οἱ</span> <span class='ocrx_word' id='word_1_294' title='bbox 443 2418 711 2492; x_wconf 85' lang='grc' dir='ltr'>Ἕλληνες</span> <span class='ocrx_word' id='word_1_295' title='bbox 732 2422 840 2476; x_wconf 89' lang='grc' dir='ltr'><strong>τῶν</strong></span> <span class='ocrx_word' id='word_1_296' title='bbox 866 2427 995 2496; x_wconf 76' lang='grc' dir='ltr'>παρ’</span> <span class='ocrx_word' id='word_1_297' title='bbox 1019 2426 1201 2490; x_wconf 77' lang='grc' dir='ltr'>αὐτοῖς</span> <span class='ocrx_word' id='word_1_298' title='bbox 1232 2425 1368 2480; x_wconf 86' lang='grc' dir='ltr'>θεῶν</span> <span class='ocrx_word' id='word_1_299' title='bbox 1390 2427 1460 2481; x_wconf 78' lang='grc' dir='ltr'>τὰ</span> <span class='ocrx_word' id='word_1_300' title='bbox 1481 2427 1701 2499; x_wconf 82' lang='grc' dir='ltr'>τεμένη.</span> 
     </span>
    </p>
   </div>
   <div class='ocr_carea' id='block_1_39' title="bbox 142 2505 1704 2588">
    <p class='ocr_par' dir='ltr' id='par_1_39' title="bbox 142 2505 1704 2588">
     <span class='ocr_line' id='line_1_39' title="bbox 142 2505 1704 2588; baseline 0.01 -29"><span class='ocrx_word' id='word_1_301' title='bbox 142 2505 483 2578; x_wconf 73' lang='grc' dir='ltr'>Ὁνομάζουσι</span> <span class='ocrx_word' id='word_1_302' title='bbox 500 2511 633 2579; x_wconf 82' lang='grc' dir='ltr'>γοῦν</span> <span class='ocrx_word' id='word_1_303' title='bbox 645 2512 741 2583; x_wconf 80' lang='grc' dir='ltr'>τὴν</span> <span class='ocrx_word' id='word_1_304' title='bbox 758 2514 1011 2587; x_wconf 84' lang='grc' dir='ltr'>ὑπερφαῆ</span> <span class='ocrx_word' id='word_1_305' title='bbox 1030 2516 1359 2588; x_wconf 78' lang='grc' dir='ltr'>ἀγαθότητα,</span> <span class='ocrx_word' id='word_1_306' title='bbox 1385 2519 1478 2572; x_wconf 76' lang='grc' dir='ltr'>καὶ</span> <span class='ocrx_word' id='word_1_307' title='bbox 1500 2519 1704 2584; x_wconf 75' lang='grc' dir='ltr'>τύπους</span> 
     </span>
    </p>
   </div>
   <div class='ocr_carea' id='block_1_40' title="bbox 128 2597 1699 2678">
    <p class='ocr_par' dir='ltr' id='par_1_40' title="bbox 128 2597 1699 2678">
     <span class='ocr_line' id='line_1_40' title="bbox 128 2597 1699 2678; baseline 0.009 -29"><span class='ocrx_word' id='word_1_308' title='bbox 128 2597 507 2669; x_wconf 87' lang='grc' dir='ltr'>ἀνθρωπίνους,</span> <span class='ocrx_word' id='word_1_309' title='bbox 534 2602 915 2677; x_wconf 79' lang='grc' dir='ltr'>ἢπυρίνους,ἢ</span> <span class='ocrx_word' id='word_1_310' title='bbox 938 2607 1285 2678; x_wconf 79' lang='grc' dir='ltr'>ὴλεκτρίνους</span> <span class='ocrx_word' id='word_1_311' title='bbox 1314 2609 1699 2677; x_wconf 85' lang='grc' dir='ltr'>περιτιθέασιν,</span> 
     </span>
    </p>
   </div>
   <div class='ocr_carea' id='block_1_41' title="bbox 128 2690 1702 2774">
    <p class='ocr_par' dir='ltr' id='par_1_41' title="bbox 128 2690 1702 2774">
     <span class='ocr_line' id='line_1_41' title="bbox 128 2690 1702 2774; baseline 0.01 -31"><span class='ocrx_word' id='word_1_312' title='bbox 128 2690 195 2753; x_wconf 84' lang='grc' dir='ltr'>ὡς</span> <span class='ocrx_word' id='word_1_313' title='bbox 215 2693 268 2745; x_wconf 81' lang='grc' dir='ltr'><strong>έν</strong></span> <span class='ocrx_word' id='word_1_314' title='bbox 288 2694 367 2765; x_wconf 83' lang='grc' dir='ltr'><strong>τῷ</strong></span> <span class='ocrx_word' id='word_1_315' title='bbox 406 2695 675 2770; x_wconf 75' lang='grc' dir='ltr'>Ἰεζεκιὴλ</span> <span class='ocrx_word' id='word_1_316' title='bbox 702 2697 944 2770; x_wconf 79' lang='grc' dir='ltr'>εὕρηται.</span> <span class='ocrx_word' id='word_1_317' title='bbox 983 2699 1094 2754; x_wconf 75' lang='grc' dir='ltr'>Καὶ</span> <span class='ocrx_word' id='word_1_318' title='bbox 1119 2699 1279 2756; x_wconf 85' lang='grc' dir='ltr'>πάλιν</span> <span class='ocrx_word' id='word_1_319' title='bbox 1324 2700 1458 2772; x_wconf 83' lang='grc' dir='ltr'>μέλη</span> <span class='ocrx_word' id='word_1_320' title='bbox 1493 2702 1702 2774; x_wconf 83' lang='grc' dir='ltr'>ἀνθρώ-</span> 
     </span>
    </p>
   </div>
   <div class='ocr_carea' id='block_1_42' title="bbox 128 2784 1699 2866">
    <p class='ocr_par' dir='ltr' id='par_1_42' title="bbox 128 2784 1699 2866">
     <span class='ocr_line' id='line_1_42' title="bbox 128 2784 1699 2866; baseline 0.007 -30"><span class='ocrx_word' id='word_1_321' title='bbox 128 2800 244 2838; x_wconf 86' lang='grc' dir='ltr'>πινα</span> <span class='ocrx_word' id='word_1_322' title='bbox 276 2784 533 2855; x_wconf 84' lang='grc' dir='ltr'>λέγουσιν</span> <span class='ocrx_word' id='word_1_323' title='bbox 552 2829 568 2853; x_wconf 95' lang='grc'><strong>,</strong></span> <span class='ocrx_word' id='word_1_324' title='bbox 612 2789 688 2853; x_wconf 84' lang='grc' dir='ltr'><strong>ὡς</strong></span> <span class='ocrx_word' id='word_1_325' title='bbox 729 2791 787 2843; x_wconf 82' lang='grc' dir='ltr'>ὲν</span> <span class='ocrx_word' id='word_1_326' title='bbox 824 2794 935 2856; x_wconf 90' lang='grc' dir='ltr'>τοῖς</span> <span class='ocrx_word' id='word_1_327' title='bbox 968 2793 1214 2863; x_wconf 81' lang='grc' dir='ltr'>Ψαλμοῖς</span> <span class='ocrx_word' id='word_1_328' title='bbox 1269 2796 1362 2849; x_wconf 71' lang='grc' dir='ltr'><strong>καὶ</strong></span> <span class='ocrx_word' id='word_1_329' title='bbox 1391 2796 1450 2849; x_wconf 83' lang='grc' dir='ltr'>ὲν</span> <span class='ocrx_word' id='word_1_330' title='bbox 1483 2795 1699 2866; x_wconf 79' lang='grc' dir='ltr'>ἑτέραις</span> 
     </span>
    </p>
   </div>
   <div class='ocr_carea' id='block_1_43' title="bbox 128 2873 1699 2955">
    <p class='ocr_par' dir='ltr' id='par_1_43' title="bbox 128 2873 1699 2955">
     <span class='ocr_line' id='line_1_43' title="bbox 128 2873 1699 2955; baseline 0.01 -29"><span class='ocrx_word' id='word_1_331' title='bbox 128 2873 368 2946; x_wconf 85' lang='grc' dir='ltr'>Γραφαῖς,</span> <span class='ocrx_word' id='word_1_332' title='bbox 397 2879 480 2944; x_wconf 82' lang='grc' dir='ltr'><strong>ὡς</strong></span> <span class='ocrx_word' id='word_1_333' title='bbox 506 2880 569 2934; x_wconf 92' lang='grc' dir='ltr'><strong>τό</strong></span> <span class='ocrx_word' id='word_1_334' title='bbox 587 2898 600 2911; x_wconf 91' lang='grc'><strong>·</strong></span> <span class='ocrx_word' id='word_1_335' title='bbox 637 2885 700 2935; x_wconf 83' lang='lat' dir='ltr'><strong>Ol</strong></span> <span class='ocrx_word' id='word_1_336' title='bbox 722 2882 1013 2953; x_wconf 72' lang='grc' dir='ltr'>ὀφθαλμοὶ</span> <span class='ocrx_word' id='word_1_337' title='bbox 1050 2884 1237 2939; x_wconf 81' lang='grc' dir='ltr'>αὑτοῦ</span> <span class='ocrx_word' id='word_1_338' title='bbox 1259 2887 1349 2952; x_wconf 82' lang='grc' dir='ltr'>εὶς</span> <span class='ocrx_word' id='word_1_339' title='bbox 1370 2885 1475 2939; x_wconf 81' lang='grc' dir='ltr'>τὸν</span> <span class='ocrx_word' id='word_1_340' title='bbox 1516 2886 1699 2955; x_wconf 78' lang='grc' dir='ltr'>πένη-</span> 
     </span>
    </p>
   </div>
   <div class='ocr_carea' id='block_1_44' title="bbox 126 2970 1693 3046">
    <p class='ocr_par' dir='ltr' id='par_1_44' title="bbox 126 2970 1693 3046">
     <span class='ocr_line' id='line_1_44' title="bbox 126 2970 1693 3046; baseline 0.01 -27"><span class='ocrx_word' id='word_1_341' title='bbox 126 2984 189 3023; x_wconf 83' lang='grc' dir='ltr'><strong>τα</strong></span> <span class='ocrx_word' id='word_1_342' title='bbox 210 2970 611 3025; x_wconf 71' lang='grc' dir='ltr'>ἐπιϐλέπουσι</span> <span class='ocrx_word' id='word_1_343' title='bbox 630 2988 644 3002; x_wconf 89' lang='grc'>·</span> <span class='ocrx_word' id='word_1_344' title='bbox 671 2974 767 3026; x_wconf 74' lang='grc' dir='ltr'><strong>καὶ</strong></span> <span class='ocrx_word' id='word_1_345' title='bbox 794 2973 855 3026; x_wconf 89' lang='grc' dir='ltr'><strong>τό</strong></span> <span class='ocrx_word' id='word_1_346' title='bbox 870 2991 884 3004; x_wconf 92' lang='grc'><strong>·</strong></span> <span class='ocrx_word' id='word_1_347' title='bbox 914 2977 1018 3041; x_wconf 79' lang='grc' dir='ltr'><strong>Εἰς</strong></span> <span class='ocrx_word' id='word_1_348' title='bbox 1040 2976 1161 3028; x_wconf 82' lang='grc' dir='ltr'>ὦτα</span> <span class='ocrx_word' id='word_1_349' title='bbox 1184 2978 1405 3046; x_wconf 80' lang='grc' dir='ltr'>Κυρίου</span> <span class='ocrx_word' id='word_1_350' title='bbox 1420 2978 1660 3033; x_wconf 77' lang='grc' dir='ltr'>Σαϐαὼθ</span> <span class='ocrx_word' id='word_1_351' title='bbox 1678 2994 1693 3009; x_wconf 83' lang='grc'><strong>⁸</strong></span> 
     </span>
    </p>
   </div>
   <div class='ocr_carea' id='block_1_45' title="bbox 127 3060 1697 3139">
    <p class='ocr_par' dir='ltr' id='par_1_45' title="bbox 127 3060 1697 3139">
     <span class='ocr_line' id='line_1_45' title="bbox 127 3060 1697 3139; baseline 0.008 -28"><span class='ocrx_word' id='word_1_352' title='bbox 127 3060 206 3113; x_wconf 78' lang='grc' dir='ltr'>καὶ</span> <span class='ocrx_word' id='word_1_353' title='bbox 230 3060 286 3114; x_wconf 88' lang='grc' dir='ltr'><strong>τό</strong></span> <span class='ocrx_word' id='word_1_354' title='bbox 306 3080 318 3093; x_wconf 91' lang='grc'><strong>·</strong></span> <span class='ocrx_word' id='word_1_355' title='bbox 359 3063 427 3118; x_wconf 84' lang='grc' dir='ltr'><em>Ἢ</em></span> <span class='ocrx_word' id='word_1_356' title='bbox 474 3062 612 3131; x_wconf 74' lang='grc' dir='ltr'>θρὶξ</span> <span class='ocrx_word' id='word_1_357' title='bbox 636 3064 819 3120; x_wconf 83' lang='grc' dir='ltr'>αὐτοῦ</span> <span class='ocrx_word' id='word_1_358' title='bbox 850 3066 989 3119; x_wconf 74' lang='grc' dir='ltr'>ὡσεὶ</span> <span class='ocrx_word' id='word_1_359' title='bbox 1014 3067 1194 3135; x_wconf 80' lang='grc' dir='ltr'>ἔριον·</span> <span class='ocrx_word' id='word_1_360' title='bbox 1232 3069 1327 3121; x_wconf 81' lang='grc' dir='ltr'><strong>καὶ</strong></span> <span class='ocrx_word' id='word_1_361' title='bbox 1347 3069 1426 3125; x_wconf 72' lang='grc' dir='ltr'>τόο</span> <span class='ocrx_word' id='word_1_362' title='bbox 1459 3070 1697 3139; x_wconf 82' lang='grc' dir='ltr'>Πρόσω-</span> 
     </span>
    </p>
   </div>
   <div class='ocr_carea' id='block_1_46' title="bbox 1814 1876 3402 1947">
    <p class='ocr_par' dir='ltr' id='par_1_46' title="bbox 1814 1876 3402 1947">
     <span class='ocr_line' id='line_1_46' title="bbox 1814 1876 3402 1947; baseline 0.012 -20"><span class='ocrx_word' id='word_1_363' title='bbox 1814 1876 2169 1945; x_wconf 87' lang='lat' dir='ltr'><strong>providentiis</strong></span> <span class='ocrx_word' id='word_1_364' title='bbox 2199 1888 2514 1945; x_wconf 90' lang='lat' dir='ltr'><strong>smnuntur,</strong></span> <span class='ocrx_word' id='word_1_365' title='bbox 2544 1890 2603 1935; x_wconf 94' lang='lat' dir='ltr'><strong>ut</strong></span> <span class='ocrx_word' id='word_1_366' title='bbox 2653 1884 2792 1937; x_wconf 88' lang='lat' dir='ltr'><strong>Deus</strong></span> <span class='ocrx_word' id='word_1_367' title='bbox 2835 1884 3089 1947; x_wconf 85' lang='lat' dir='ltr'><strong>deorum.</strong></span> <span class='ocrx_word' id='word_1_368' title='bbox 3123 1897 3180 1943; x_wconf 90' lang='lat' dir='ltr'><strong>et</strong></span> <span class='ocrx_word' id='word_1_369' title='bbox 3214 1890 3402 1946; x_wconf 84' lang='lat' dir='ltr'><strong>Domi-</strong></span> 
     </span>
    </p>
   </div>
   <div class='ocr_carea' id='block_1_47' title="bbox 1814 1968 3401 2044">
    <p class='ocr_par' dir='ltr' id='par_1_47' title="bbox 1814 1968 3401 2044">
     <span class='ocr_line' id='line_1_47' title="bbox 1814 1968 3401 2044; baseline 0.011 -23"><span class='ocrx_word' id='word_1_370' title='bbox 1814 1983 1916 2022; x_wconf 90' lang='lat' dir='ltr'><strong>nus</strong></span> <span class='ocrx_word' id='word_1_371' title='bbox 1949 1968 2314 2032; x_wconf 88' lang='lat' dir='ltr'><strong>dominorum,</strong></span> <span class='ocrx_word' id='word_1_372' title='bbox 2339 1982 2394 2023; x_wconf 86' lang='lat' dir='ltr'><strong>et</strong></span> <span class='ocrx_word' id='word_1_373' title='bbox 2421 1970 2537 2025; x_wconf 89' lang='lat' dir='ltr'><strong>Rex</strong></span> <span class='ocrx_word' id='word_1_374' title='bbox 2567 1988 2753 2044; x_wconf 77' lang='lat' dir='ltr'><strong>regum</strong></span> <span class='ocrx_word' id='word_1_375' title='bbox 2789 1992 2803 2028; x_wconf 90' lang='lat'><strong>:</strong></span> <span class='ocrx_word' id='word_1_376' title='bbox 2838 1975 2952 2030; x_wconf 64' lang='lat' dir='ltr'><strong>haec</strong></span> <span class='ocrx_word' id='word_1_377' title='bbox 2981 1979 3126 2033; x_wconf 90' lang='lat' dir='ltr'><strong>enim</strong></span> <span class='ocrx_word' id='word_1_378' title='bbox 3178 1984 3401 2039; x_wconf 84' lang='lat' dir='ltr'><strong>nomina</strong></span> 
     </span>
    </p>
   </div>
   <div class='ocr_carea' id='block_1_48' title="bbox 1811 2059 3395 2138">
    <p class='ocr_par' dir='ltr' id='par_1_48' title="bbox 1811 2059 3395 2138">
     <span class='ocr_line' id='line_1_48' title="bbox 1811 2059 3395 2138; baseline 0.013 -27"><span class='ocrx_word' id='word_1_379' title='bbox 1811 2059 2225 2127; x_wconf 87' lang='lat' dir='ltr'><strong>particularium</strong></span> <span class='ocrx_word' id='word_1_380' title='bbox 2254 2073 2380 2117; x_wconf 87' lang='lat' dir='ltr'><strong>sunt</strong></span> <span class='ocrx_word' id='word_1_381' title='bbox 2405 2066 2898 2135; x_wconf 89' lang='lat' dir='ltr'><strong>providentiarnm,</strong></span> <span class='ocrx_word' id='word_1_382' title='bbox 2927 2080 2982 2124; x_wconf 90' lang='lat' dir='ltr'><strong>et</strong></span> <span class='ocrx_word' id='word_1_383' title='bbox 3011 2076 3395 2138; x_wconf 85' lang='lat' dir='ltr'><strong>quorumdam.</strong></span> 
     </span>
    </p>
   </div>
   <div class='ocr_carea' id='block_1_49' title="bbox 1813 2149 3396 2231">
    <p class='ocr_par' dir='ltr' id='par_1_49' title="bbox 1813 2149 3396 2231">
     <span class='ocr_line' id='line_1_49' title="bbox 1813 2149 3396 2231; baseline 0.013 -30"><span class='ocrx_word' id='word_1_384' title='bbox 1813 2149 1926 2203; x_wconf 72' lang='lat' dir='ltr'><strong>Non</strong></span> <span class='ocrx_word' id='word_1_385' title='bbox 1954 2151 2115 2221; x_wconf 77' lang='lat' dir='ltr'><strong>igitur</strong></span> <span class='ocrx_word' id='word_1_386' title='bbox 2142 2153 2208 2208; x_wconf 88' lang='lat' dir='ltr'><strong>ab</strong></span> <span class='ocrx_word' id='word_1_387' title='bbox 2238 2153 2323 2209; x_wconf 90' lang='lat' dir='ltr'><strong>his</strong></span> <span class='ocrx_word' id='word_1_388' title='bbox 2352 2155 2618 2210; x_wconf 80' lang='lat' dir='ltr'><strong>duntaxat</strong></span> <span class='ocrx_word' id='word_1_389' title='bbox 2661 2159 2844 2214; x_wconf 88' lang='lat' dir='ltr'><strong>divina</strong></span> <span class='ocrx_word' id='word_1_390' title='bbox 2886 2163 3107 2216; x_wconf 89' lang='lat' dir='ltr'><strong>nomina</strong></span> <span class='ocrx_word' id='word_1_391' title='bbox 3150 2165 3396 2231; x_wconf 85' lang='lat' dir='ltr'><strong>laudant,</strong></span> 
     </span>
    </p>
   </div>
   <div class='ocr_carea' id='block_1_50' title="bbox 1810 2241 3394 2323">
    <p class='ocr_par' dir='ltr' id='par_1_50' title="bbox 1810 2241 3394 2323">
     <span class='ocr_line' id='line_1_50' title="bbox 1810 2241 3394 2323; baseline 0.009 -28"><span class='ocrx_word' id='word_1_392' title='bbox 1810 2241 1904 2295; x_wconf 83' lang='lat' dir='ltr'><strong>sed</strong></span> <span class='ocrx_word' id='word_1_393' title='bbox 1935 2241 2101 2295; x_wconf 90' lang='lat' dir='ltr'><strong>etiam</strong></span> <span class='ocrx_word' id='word_1_394' title='bbox 2158 2258 2188 2297; x_wconf 91' lang='lat' dir='ltr'><strong>a</strong></span> <span class='ocrx_word' id='word_1_395' title='bbox 2232 2246 2561 2314; x_wconf 84' lang='lat' dir='ltr'><strong>quibusdam</strong></span> <span class='ocrx_word' id='word_1_396' title='bbox 2614 2249 2815 2305; x_wconf 85' lang='lat' dir='ltr'><strong>divinis</strong></span> <span class='ocrx_word' id='word_1_397' title='bbox 2863 2252 3019 2317; x_wconf 82' lang='lat' dir='ltr'><strong>visis,</strong></span> <span class='ocrx_word' id='word_1_398' title='bbox 3063 2270 3184 2323; x_wconf 79' lang='lat' dir='ltr'><strong>qua:</strong></span> <span class='ocrx_word' id='word_1_399' title='bbox 3241 2256 3394 2310; x_wconf 85' lang='lat' dir='ltr'><strong>verbi</strong></span> 
     </span>
    </p>
   </div>
   <div class='ocr_carea' id='block_1_51' title="bbox 1808 2333 3393 2415">
    <p class='ocr_par' dir='ltr' id='par_1_51' title="bbox 1808 2333 3393 2415">
     <span class='ocr_line' id='line_1_51' title="bbox 1808 2333 3393 2415; baseline 0.011 -30"><span class='ocrx_word' id='word_1_400' title='bbox 1808 2334 2004 2403; x_wconf 65' lang='lat' dir='ltr'><strong>gratia,</strong></span> <span class='ocrx_word' id='word_1_401' title='bbox 2026 2333 2318 2404; x_wconf 81' lang='lat' dir='ltr'><strong>aliquando</strong></span> <span class='ocrx_word' id='word_1_402' title='bbox 2349 2337 2402 2392; x_wconf 93' lang='lat' dir='ltr'><strong>in</strong></span> <span class='ocrx_word' id='word_1_403' title='bbox 2434 2339 2607 2394; x_wconf 84' lang='lat' dir='ltr'><strong>sacris</strong></span> <span class='ocrx_word' id='word_1_404' title='bbox 2635 2342 2849 2411; x_wconf 83' lang='lat' dir='ltr'><strong>templis</strong></span> <span class='ocrx_word' id='word_1_405' title='bbox 2889 2346 3190 2415; x_wconf 79' lang='lat' dir='ltr'><strong>symbolice</strong></span> <span class='ocrx_word' id='word_1_406' title='bbox 3238 2362 3393 2401; x_wconf 88' lang='lat' dir='ltr'><strong>reve-</strong></span> 
     </span>
    </p>
   </div>
   <div class='ocr_carea' id='block_1_52' title="bbox 1808 2429 3395 2512">
    <p class='ocr_par' dir='ltr' id='par_1_52' title="bbox 1808 2429 3395 2512">
     <span class='ocr_line' id='line_1_52' title="bbox 1808 2429 3395 2512; baseline 0.008 -31"><span class='ocrx_word' id='word_1_407' title='bbox 1808 2429 1914 2481; x_wconf 86' lang='lat' dir='ltr'><strong>lata</strong></span> <span class='ocrx_word' id='word_1_408' title='bbox 1941 2438 2091 2494; x_wconf 79' lang='lat' dir='ltr'><strong>sunt,</strong></span> <span class='ocrx_word' id='word_1_409' title='bbox 2124 2430 2175 2485; x_wconf 90' lang='lat' dir='ltr'><strong>id</strong></span> <span class='ocrx_word' id='word_1_410' title='bbox 2224 2438 2309 2485; x_wconf 88' lang='lat' dir='ltr'><strong>est</strong></span> <span class='ocrx_word' id='word_1_411' title='bbox 2337 2431 2390 2484; x_wconf 90' lang='lat' dir='ltr'><strong>in</strong></span> <span class='ocrx_word' id='word_1_412' title='bbox 2421 2435 2635 2504; x_wconf 81' lang='lat' dir='ltr'><strong>templis</strong></span> <span class='ocrx_word' id='word_1_413' title='bbox 2681 2449 3089 2507; x_wconf 88' lang='lat' dir='ltr'><strong>apparuerunt;</strong></span> <span class='ocrx_word' id='word_1_414' title='bbox 3118 2440 3395 2512; x_wconf 84' lang='grc' dir='ltr'>ἀνάκτορα</span> 
     </span>
    </p>
   </div>
   <div class='ocr_carea' id='block_1_53' title="bbox 1807 2521 3391 2592">
    <p class='ocr_par' dir='ltr' id='par_1_53' title="bbox 1807 2521 3391 2592">
     <span class='ocr_line' id='line_1_53' title="bbox 1807 2521 3391 2592; baseline 0.009 -19"><span class='ocrx_word' id='word_1_415' title='bbox 1807 2521 1952 2576; x_wconf 87' lang='lat' dir='ltr'><strong>enim</strong></span> <span class='ocrx_word' id='word_1_416' title='bbox 2002 2521 2236 2592; x_wconf 74' lang='lat' dir='ltr'><strong>gentiles</strong></span> <span class='ocrx_word' id='word_1_417' title='bbox 2282 2525 2555 2580; x_wconf 86' lang='lat' dir='ltr'><strong>vocabant</strong></span> <span class='ocrx_word' id='word_1_418' title='bbox 2599 2530 2825 2583; x_wconf 89' lang='lat' dir='ltr'><strong>deorum</strong></span> <span class='ocrx_word' id='word_1_419' title='bbox 2871 2547 3094 2585; x_wconf 86' lang='lat' dir='ltr'><strong>suorum</strong></span> <span class='ocrx_word' id='word_1_420' title='bbox 3142 2534 3391 2588; x_wconf 87' lang='lat' dir='ltr'><strong>delubra.</strong></span> 
     </span>
    </p>
   </div>
   <div class='ocr_carea' id='block_1_54' title="bbox 1806 2608 3397 2685">
    <p class='ocr_par' dir='ltr' id='par_1_54' title="bbox 1806 2608 3397 2685">
     <span class='ocr_line' id='line_1_54' title="bbox 1806 2608 3397 2685; baseline 0.011 -23"><span class='ocrx_word' id='word_1_421' title='bbox 1806 2608 2099 2665; x_wconf 82' lang='lat' dir='ltr'><strong>Nomiuaut</strong></span> <span class='ocrx_word' id='word_1_422' title='bbox 2127 2612 2311 2682; x_wconf 84' lang='lat' dir='ltr'><strong>itaque</strong></span> <span class='ocrx_word' id='word_1_423' title='bbox 2337 2630 2666 2685; x_wconf 78' lang='lat' dir='ltr'><strong>supraquam</strong></span> <span class='ocrx_word' id='word_1_424' title='bbox 2713 2620 2949 2676; x_wconf 79' lang='lat' dir='ltr'><strong>lucidam</strong></span> <span class='ocrx_word' id='word_1_425' title='bbox 3006 2624 3309 2679; x_wconf 88' lang='lat' dir='ltr'><strong>bonitatem</strong></span> <span class='ocrx_word' id='word_1_426' title='bbox 3339 2637 3397 2680; x_wconf 90' lang='lat' dir='ltr'><strong>et</strong></span> 
     </span>
    </p>
   </div>
   <div class='ocr_carea' id='block_1_55' title="bbox 1807 2703 3396 2777">
    <p class='ocr_par' dir='ltr' id='par_1_55' title="bbox 1807 2703 3396 2777">
     <span class='ocr_line' id='line_1_55' title="bbox 1807 2703 3396 2777; baseline 0.009 -22"><span class='ocrx_word' id='word_1_427' title='bbox 1807 2706 2074 2757; x_wconf 85' lang='lat' dir='ltr'><strong>humanas</strong></span> <span class='ocrx_word' id='word_1_428' title='bbox 2102 2703 2326 2774; x_wconf 78' lang='lat' dir='ltr'><strong>ﬁguras,</strong></span> <span class='ocrx_word' id='word_1_429' title='bbox 2359 2706 2473 2762; x_wconf 87' lang='lat' dir='ltr'><strong>sive</strong></span> <span class='ocrx_word' id='word_1_430' title='bbox 2505 2707 2719 2777; x_wconf 73' lang='lat' dir='ltr'><strong>igneas,</strong></span> <span class='ocrx_word' id='word_1_431' title='bbox 2744 2712 2861 2765; x_wconf 86' lang='lat' dir='ltr'><strong>sive</strong></span> <span class='ocrx_word' id='word_1_432' title='bbox 2885 2713 3180 2769; x_wconf 89' lang='lat' dir='ltr'><strong>electrinas</strong></span> <span class='ocrx_word' id='word_1_433' title='bbox 3206 2717 3256 2770; x_wconf 87' lang='lat' dir='ltr'><strong>ei</strong></span> <span class='ocrx_word' id='word_1_434' title='bbox 3281 2718 3396 2770; x_wconf 67' lang='lat' dir='ltr'><strong>ciro</strong></span> 
     </span>
    </p>
   </div>
   <div class='ocr_carea' id='block_1_56' title="bbox 1805 2796 3393 2872">
    <p class='ocr_par' dir='ltr' id='par_1_56' title="bbox 1805 2796 3393 2872">
     <span class='ocr_line' id='line_1_56' title="bbox 1805 2796 3393 2872; baseline 0.011 -26"><span class='ocrx_word' id='word_1_435' title='bbox 1805 2804 2161 2863; x_wconf 70' lang='lat' dir='ltr'><strong>«unponunt,</strong></span> <span class='ocrx_word' id='word_1_436' title='bbox 2188 2796 2331 2851; x_wconf 88' lang='lat' dir='ltr'><strong>sicut</strong></span> <span class='ocrx_word' id='word_1_437' title='bbox 2358 2799 2411 2852; x_wconf 92' lang='lat' dir='ltr'><strong>in</strong></span> <span class='ocrx_word' id='word_1_438' title='bbox 2444 2798 2729 2857; x_wconf 81' lang='lat' dir='ltr'><strong>Ezechiele</strong></span> <span class='ocrx_word' id='word_1_439' title='bbox 2781 2806 3072 2872; x_wconf 85' lang='lat' dir='ltr'><strong>reperitur.</strong></span> <span class='ocrx_word' id='word_1_440' title='bbox 3101 2806 3168 2860; x_wconf 86' lang='lat' dir='ltr'><strong>Et</strong></span> <span class='ocrx_word' id='word_1_441' title='bbox 3200 2823 3393 2863; x_wconf 80' lang='lat' dir='ltr'><strong>rursus</strong></span> 
     </span>
    </p>
   </div>
   <div class='ocr_carea' id='block_1_57' title="bbox 1803 2883 3391 2967">
    <p class='ocr_par' dir='ltr' id='par_1_57' title="bbox 1803 2883 3391 2967">
     <span class='ocr_line' id='line_1_57' title="bbox 1803 2883 3391 2967; baseline 0.009 -30"><span class='ocrx_word' id='word_1_442' title='bbox 1803 2883 2037 2942; x_wconf 84' lang='lat' dir='ltr'><strong>humana</strong></span> <span class='ocrx_word' id='word_1_443' title='bbox 2074 2886 2316 2939; x_wconf 89' lang='lat' dir='ltr'><strong>membra</strong></span> <span class='ocrx_word' id='word_1_444' title='bbox 2366 2887 2641 2952; x_wconf 79' lang='lat' dir='ltr'><strong>referunt,</strong></span> <span class='ocrx_word' id='word_1_445' title='bbox 2674 2900 2730 2945; x_wconf 94' lang='lat' dir='ltr'><strong>ut</strong></span> <span class='ocrx_word' id='word_1_446' title='bbox 2781 2892 2834 2946; x_wconf 93' lang='lat' dir='ltr'><strong>in</strong></span> <span class='ocrx_word' id='word_1_447' title='bbox 2877 2892 3111 2949; x_wconf 88' lang='lat' dir='ltr'><strong>Psalmis</strong></span> <span class='ocrx_word' id='word_1_448' title='bbox 3157 2896 3391 2967; x_wconf 84' lang='lat' dir='ltr'><strong>aliisque</strong></span> 
     </span>
    </p>
   </div>
   <div class='ocr_carea' id='block_1_58' title="bbox 1803 2971 3388 3057">
    <p class='ocr_par' dir='ltr' id='par_1_58' title="bbox 1803 2971 3388 3057">
     <span class='ocr_line' id='line_1_58' title="bbox 1803 2971 3388 3057; baseline 0.011 -33"><span class='ocrx_word' id='word_1_449' title='bbox 1803 2971 2123 3041; x_wconf 79' lang='lat' dir='ltr'><strong>Scripturis,</strong></span> <span class='ocrx_word' id='word_1_450' title='bbox 2148 2974 2303 3044; x_wconf 80' lang='lat' dir='ltr'><strong>juxta</strong></span> <span class='ocrx_word' id='word_1_451' title='bbox 2336 2975 2467 3033; x_wconf 90' lang='lat' dir='ltr'><strong>illud</strong></span> <span class='ocrx_word' id='word_1_452' title='bbox 2499 2999 2511 3033; x_wconf 87' lang='lat'>:</span> <span class='ocrx_word' id='word_1_453' title='bbox 2548 2978 2703 3032; x_wconf 84' lang='lat' dir='ltr'><strong>Oculi</strong></span> <span class='ocrx_word' id='word_1_454' title='bbox 2744 2982 2860 3051; x_wconf 84' lang='lat' dir='ltr'><strong>ejus</strong></span> <span class='ocrx_word' id='word_1_455' title='bbox 2899 3001 3058 3054; x_wconf 76' lang='lat' dir='ltr'><strong>super</strong></span> <span class='ocrx_word' id='word_1_456' title='bbox 3101 3003 3388 3057; x_wconf 83' lang='lat' dir='ltr'><strong>pauperem</strong></span> 
     </span>
    </p>
   </div>
   <div class='ocr_carea' id='block_1_59' title="bbox 1802 3066 3387 3148">
    <p class='ocr_par' dir='ltr' id='par_1_59' title="bbox 1802 3066 3387 3148">
     <span class='ocr_line' id='line_1_59' title="bbox 1802 3066 3387 3148; baseline 0.011 -31"><span class='ocrx_word' id='word_1_457' title='bbox 1802 3066 2084 3134; x_wconf 82' lang='lat' dir='ltr'><strong>respiciunt</strong></span> <span class='ocrx_word' id='word_1_458' title='bbox 2114 3067 2173 3131; x_wconf 65' lang='grc' dir='ltr'>δ,</span> <span class='ocrx_word' id='word_1_459' title='bbox 2198 3079 2253 3124; x_wconf 93' lang='lat' dir='ltr'><strong>et</strong></span> <span class='ocrx_word' id='word_1_460' title='bbox 2299 3069 2429 3125; x_wconf 89' lang='lat' dir='ltr'><strong>illud</strong></span> <span class='ocrx_word' id='word_1_461' title='bbox 2463 3094 2474 3128; x_wconf 91' lang='lat'><strong>:</strong></span> <span class='ocrx_word' id='word_1_462' title='bbox 2505 3071 2571 3127; x_wconf 86' lang='grc' dir='ltr'>Ιιι</span> <span class='ocrx_word' id='word_1_463' title='bbox 2615 3091 2773 3129; x_wconf 85' lang='lat' dir='ltr'><strong>aures</strong></span> <span class='ocrx_word' id='word_1_464' title='bbox 2818 3076 3027 3130; x_wconf 83' lang='lat' dir='ltr'><strong>Domini</strong></span> <span class='ocrx_word' id='word_1_465' title='bbox 3062 3080 3294 3134; x_wconf 76' lang='lat' dir='ltr'><strong>Sabaoth</strong></span> <span class='ocrx_word' id='word_1_466' title='bbox 3324 3093 3387 3148; x_wconf 69' lang='grc' dir='ltr'>ος</span> 
     </span>
    </p>
   </div>
   <div class='ocr_carea' id='block_1_60' title="bbox 125 3153 1677 3234">
    <p class='ocr_par' dir='ltr' id='par_1_60' title="bbox 125 3153 1669 3225">
     <span class='ocr_line' id='line_1_60' title="bbox 125 3153 1669 3225; baseline 0.009 -20"><span class='ocrx_word' id='word_1_467' title='bbox 125 3167 227 3205; x_wconf 81' lang='grc' dir='ltr'><strong>πον</strong></span> <span class='ocrx_word' id='word_1_468' title='bbox 248 3153 314 3208; x_wconf 77' lang='grc' dir='ltr'>δὲ</span> <span class='ocrx_word' id='word_1_469' title='bbox 350 3156 581 3224; x_wconf 83' lang='grc' dir='ltr'>Κυρίου</span> <span class='ocrx_word' id='word_1_470' title='bbox 628 3156 727 3210; x_wconf 76' lang='grc' dir='ltr'><strong>ἐπὶ</strong></span> <span class='ocrx_word' id='word_1_471' title='bbox 760 3158 1082 3225; x_wconf 66' lang='grc' dir='ltr'>ποιοῦντας</span> <span class='ocrx_word' id='word_1_472' title='bbox 1120 3158 1306 3217; x_wconf 80' lang='grc' dir='ltr'>κακά·</span> <span class='ocrx_word' id='word_1_473' title='bbox 1348 3164 1441 3217; x_wconf 79' lang='grc' dir='ltr'>καὶ</span> <span class='ocrx_word' id='word_1_474' title='bbox 1484 3163 1544 3217; x_wconf 89' lang='grc' dir='ltr'><strong>τό</strong></span> <span class='ocrx_word' id='word_1_475' title='bbox 1568 3181 1581 3195; x_wconf 73' lang='grc'><strong><em>⁸</em></strong></span> <span class='ocrx_word' id='word_1_476' title='bbox 1624 3172 1669 3219; x_wconf 85' lang='grc' dir='ltr'><em>Α</em></span> 
     </span>
    </p>
   </div>
   <div class='ocr_carea' id='block_1_61' title="bbox 1896 3153 3380 3234">
    <p class='ocr_par' dir='ltr' id='par_1_61' title="bbox 1896 3154 3380 3234">
     <span class='ocr_line' id='line_1_61' title="bbox 1896 3154 3380 3234; baseline 0.011 -25"><span class='ocrx_word' id='word_1_477' title='bbox 1896 3154 2012 3211; x_wconf 26' lang='lat' dir='ltr'><strong>illud</strong></span> <span class='ocrx_word' id='word_1_478' title='bbox 2039 3175 2055 3212; x_wconf 89' lang='lat'><strong>:</strong></span> <span class='ocrx_word' id='word_1_479' title='bbox 2092 3158 2287 3228; x_wconf 79' lang='lat' dir='ltr'><strong>Capilli</strong></span> <span class='ocrx_word' id='word_1_480' title='bbox 2316 3161 2429 3231; x_wconf 86' lang='lat' dir='ltr'><strong>ejus</strong></span> <span class='ocrx_word' id='word_1_481' title='bbox 2457 3166 2609 3234; x_wconf 86' lang='lat' dir='ltr'><strong>quasi</strong></span> <span class='ocrx_word' id='word_1_482' title='bbox 2640 3167 2766 3219; x_wconf 82' lang='lat' dir='ltr'><strong>luna</strong></span> <span class='ocrx_word' id='word_1_483' title='bbox 2797 3165 2863 3234; x_wconf 81' lang='lat' dir='ltr'><strong>d;</strong></span> <span class='ocrx_word' id='word_1_484' title='bbox 2897 3177 2953 3223; x_wconf 87' lang='lat' dir='ltr'><strong>et</strong></span> <span class='ocrx_word' id='word_1_485' title='bbox 2984 3169 3112 3224; x_wconf 88' lang='lat' dir='ltr'><strong>illud</strong></span> <span class='ocrx_word' id='word_1_486' title='bbox 3140 3188 3153 3225; x_wconf 93' lang='lat'><strong>:</strong></span> <span class='ocrx_word' id='word_1_487' title='bbox 3188 3169 3380 3227; x_wconf 70' lang='lat' dir='ltr'><strong>Facies</strong></span> 
     </span>
    </p>
   </div>
   <div class='ocr_carea' id='block_1_62' title="bbox 124 3245 1696 3326">
    <p class='ocr_par' dir='ltr' id='par_1_62' title="bbox 124 3245 1696 3326">
     <span class='ocr_line' id='line_1_62' title="bbox 124 3245 1696 3326; baseline 0.01 -29"><span class='ocrx_word' id='word_1_488' title='bbox 124 3245 299 3313; x_wconf 77' lang='grc' dir='ltr'>χεῖρές</span> <span class='ocrx_word' id='word_1_489' title='bbox 330 3263 449 3302; x_wconf 91' lang='grc' dir='ltr'><strong>σου</strong></span> <span class='ocrx_word' id='word_1_490' title='bbox 493 3248 797 3315; x_wconf 75' lang='grc' dir='ltr'>ἐποίησάν</span> <span class='ocrx_word' id='word_1_491' title='bbox 815 3268 893 3319; x_wconf 78' lang='grc' dir='ltr'><strong>με</strong></span> <span class='ocrx_word' id='word_1_492' title='bbox 913 3268 926 3282; x_wconf 79' lang='lat'>&#39;</span> <span class='ocrx_word' id='word_1_493' title='bbox 971 3249 1064 3305; x_wconf 71' lang='grc' dir='ltr'>καὶ</span> <span class='ocrx_word' id='word_1_494' title='bbox 1088 3253 1180 3307; x_wconf 75' lang='grc' dir='ltr'><strong>τόο</strong></span> <span class='ocrx_word' id='word_1_495' title='bbox 1241 3254 1342 3309; x_wconf 86' lang='grc' dir='ltr'>Ἐν</span> <span class='ocrx_word' id='word_1_496' title='bbox 1361 3256 1486 3322; x_wconf 80' lang='grc' dir='ltr'>τοῖς</span> <span class='ocrx_word' id='word_1_497' title='bbox 1516 3275 1696 3326; x_wconf 85' lang='grc' dir='ltr'>μετα-</span> 
     </span>
    </p>
   </div>
   <div class='ocr_carea' id='block_1_63' title="bbox 121 3336 1693 3419">
    <p class='ocr_par' dir='ltr' id='par_1_63' title="bbox 121 3336 1693 3419">
     <span class='ocr_line' id='line_1_63' title="bbox 121 3336 1693 3419; baseline 0.008 -28"><span class='ocrx_word' id='word_1_498' title='bbox 121 3336 341 3407; x_wconf 67' lang='grc' dir='ltr'>φρένοις</span> <span class='ocrx_word' id='word_1_499' title='bbox 366 3340 562 3396; x_wconf 82' lang='grc' dir='ltr'>αὑτοῦ</span> <span class='ocrx_word' id='word_1_500' title='bbox 589 3341 928 3396; x_wconf 75' lang='grc' dir='ltr'>ἐπισκιάσει</span> <span class='ocrx_word' id='word_1_501' title='bbox 945 3358 1073 3397; x_wconf 85' lang='grc' dir='ltr'>σοι’</span> <span class='ocrx_word' id='word_1_502' title='bbox 1100 3345 1195 3399; x_wconf 77' lang='grc' dir='ltr'><strong>καί</strong></span> <span class='ocrx_word' id='word_1_503' title='bbox 1216 3362 1230 3377; x_wconf 92' lang='grc'><strong>·</strong></span> <span class='ocrx_word' id='word_1_504' title='bbox 1269 3347 1372 3401; x_wconf 83' lang='grc' dir='ltr'>Ἐν</span> <span class='ocrx_word' id='word_1_505' title='bbox 1401 3347 1477 3417; x_wconf 77' lang='grc' dir='ltr'>τῇ</span> <span class='ocrx_word' id='word_1_506' title='bbox 1496 3349 1693 3419; x_wconf 77' lang='grc' dir='ltr'>σκέπῃ</span> 
     </span>
    </p>
   </div>
   <div class='ocr_carea' id='block_1_64' title="bbox 122 3428 1694 3511">
    <p class='ocr_par' dir='ltr' id='par_1_64' title="bbox 122 3428 1694 3511">
     <span class='ocr_line' id='line_1_64' title="bbox 122 3428 1694 3511; baseline 0.009 -29"><span class='ocrx_word' id='word_1_507' title='bbox 122 3428 224 3485; x_wconf 82' lang='grc' dir='ltr'><strong>τῶν</strong></span> <span class='ocrx_word' id='word_1_508' title='bbox 248 3436 560 3503; x_wconf 76' lang='grc' dir='ltr'>πτερύγων</span> <span class='ocrx_word' id='word_1_509' title='bbox 586 3450 703 3488; x_wconf 91' lang='grc' dir='ltr'><strong>σου</strong></span> <span class='ocrx_word' id='word_1_510' title='bbox 730 3435 1059 3504; x_wconf 78' lang='grc' dir='ltr'>σκεπάσεις</span> <span class='ocrx_word' id='word_1_511' title='bbox 1086 3455 1164 3507; x_wconf 78' lang='grc' dir='ltr'>με</span> <span class='ocrx_word' id='word_1_512' title='bbox 1182 3455 1195 3469; x_wconf 74' lang='grc' dir='ltr'><strong><em>ο</em></strong></span> <span class='ocrx_word' id='word_1_513' title='bbox 1223 3441 1318 3494; x_wconf 71' lang='grc' dir='ltr'>καὶ</span> <span class='ocrx_word' id='word_1_514' title='bbox 1336 3440 1397 3493; x_wconf 89' lang='grc' dir='ltr'><strong>τό</strong></span> <span class='ocrx_word' id='word_1_515' title='bbox 1415 3458 1428 3471; x_wconf 70' lang='grc'><strong>⁸</strong></span> <span class='ocrx_word' id='word_1_516' title='bbox 1468 3442 1529 3495; x_wconf 88' lang='lat'><strong>&#39;0</strong></span> <span class='ocrx_word' id='word_1_517' title='bbox 1544 3443 1694 3511; x_wconf 83' lang='grc' dir='ltr'>βρα-</span> 
     </span>
    </p>
   </div>
   <div class='ocr_carea' id='block_1_65' title="bbox 123 3522 1690 3605">
    <p class='ocr_par' dir='ltr' id='par_1_65' title="bbox 123 3522 1690 3605">
     <span class='ocr_line' id='line_1_65' title="bbox 123 3522 1690 3605; baseline 0.01 -33"><span class='ocrx_word' id='word_1_518' title='bbox 123 3522 253 3587; x_wconf 80' lang='grc' dir='ltr'>χίων</span> <span class='ocrx_word' id='word_1_519' title='bbox 275 3539 389 3579; x_wconf 90' lang='grc' dir='ltr'><strong>σου</strong></span> <span class='ocrx_word' id='word_1_520' title='bbox 414 3527 658 3580; x_wconf 79' lang='grc' dir='ltr'>ἔσωσεν</span> <span class='ocrx_word' id='word_1_521' title='bbox 686 3527 928 3594; x_wconf 84' lang='grc' dir='ltr'>αὐτοὺς,</span> <span class='ocrx_word' id='word_1_522' title='bbox 974 3530 1067 3583; x_wconf 79' lang='grc' dir='ltr'>καὶ</span> <span class='ocrx_word' id='word_1_523' title='bbox 1103 3528 1172 3582; x_wconf 88' lang='grc' dir='ltr'><strong>τά</strong></span> <span class='ocrx_word' id='word_1_524' title='bbox 1209 3529 1428 3589; x_wconf 79' lang='grc' dir='ltr'>ὀπίσθια</span> <span class='ocrx_word' id='word_1_525' title='bbox 1464 3534 1690 3605; x_wconf 83' lang='grc' dir='ltr'>Κυρίου,</span> 
     </span>
    </p>
   </div>
   <div class='ocr_carea' id='block_1_66' title="bbox 120 3605 1693 3695">
    <p class='ocr_par' dir='ltr' id='par_1_66' title="bbox 120 3605 1693 3695">
     <span class='ocr_line' id='line_1_66' title="bbox 120 3605 1693 3695; baseline 0.01 -31"><span class='ocrx_word' id='word_1_526' title='bbox 120 3605 182 3665; x_wconf 81' lang='grc' dir='ltr'>ὧν</span> <span class='ocrx_word' id='word_1_527' title='bbox 206 3615 406 3688; x_wconf 59' lang='grc' dir='ltr'><strong>1ἠξιώθη</strong></span> <span class='ocrx_word' id='word_1_528' title='bbox 434 3617 683 3688; x_wconf 80' lang='grc' dir='ltr'>Μωῦσῆς</span> <span class='ocrx_word' id='word_1_529' title='bbox 701 3634 715 3648; x_wconf 81' lang='grc'><strong><em>“</em></strong></span> <span class='ocrx_word' id='word_1_530' title='bbox 754 3619 848 3672; x_wconf 75' lang='grc' dir='ltr'>καὶ</span> <span class='ocrx_word' id='word_1_531' title='bbox 880 3620 942 3673; x_wconf 89' lang='grc' dir='ltr'><strong>τό</strong></span> <span class='ocrx_word' id='word_1_532' title='bbox 961 3638 975 3653; x_wconf 75' lang='grc' dir='ltr'><strong>ο</strong></span> <span class='ocrx_word' id='word_1_533' title='bbox 1010 3622 1323 3676; x_wconf 79' lang='grc' dir='ltr'>Ἤκουσαν</span> <span class='ocrx_word' id='word_1_534' title='bbox 1348 3622 1458 3693; x_wconf 76' lang='grc' dir='ltr'>τῆς</span> <span class='ocrx_word' id='word_1_535' title='bbox 1485 3627 1693 3695; x_wconf 68' lang='grc' dir='ltr'>φωνῆς</span> 
     </span>
    </p>
   </div>
   <div class='ocr_carea' id='block_1_67' title="bbox 122 3706 1690 3781">
    <p class='ocr_par' dir='ltr' id='par_1_67' title="bbox 122 3706 1690 3781">
     <span class='ocr_line' id='line_1_67' title="bbox 122 3706 1690 3781; baseline 0.011 -25"><span class='ocrx_word' id='word_1_536' title='bbox 122 3706 321 3773; x_wconf 77' lang='grc' dir='ltr'>Κυρίου</span> <span class='ocrx_word' id='word_1_537' title='bbox 359 3708 838 3778; x_wconf 80' lang='grc' dir='ltr'>περιπατοῦντος</span> <span class='ocrx_word' id='word_1_538' title='bbox 872 3711 945 3765; x_wconf 81' lang='grc' dir='ltr'>ἐν</span> <span class='ocrx_word' id='word_1_539' title='bbox 990 3710 1071 3779; x_wconf 79' lang='grc' dir='ltr'>τῷ</span> <span class='ocrx_word' id='word_1_540' title='bbox 1110 3714 1470 3781; x_wconf 73' lang='grc' dir='ltr'>παραδείσῳ.</span> <span class='ocrx_word' id='word_1_541' title='bbox 1522 3718 1690 3774; x_wconf 87' lang='grc' dir='ltr'>Πάλιν</span> 
     </span>
    </p>
   </div>
   <div class='ocr_carea' id='block_1_68' title="bbox 123 3796 1691 3874">
    <p class='ocr_par' dir='ltr' id='par_1_68' title="bbox 123 3796 1691 3874">
     <span class='ocr_line' id='line_1_68' title="bbox 123 3796 1691 3874; baseline 0.008 -28"><span class='ocrx_word' id='word_1_542' title='bbox 123 3796 396 3864; x_wconf 78' lang='grc' dir='ltr'>στεφάνους</span> <span class='ocrx_word' id='word_1_543' title='bbox 456 3797 867 3868; x_wconf 84' lang='grc' dir='ltr'>περιτιθέασιν,</span> <span class='ocrx_word' id='word_1_544' title='bbox 922 3799 997 3864; x_wconf 80' lang='grc' dir='ltr'>ὼς</span> <span class='ocrx_word' id='word_1_545' title='bbox 1038 3800 1130 3853; x_wconf 87' lang='grc' dir='ltr'>τό·</span> <span class='ocrx_word' id='word_1_546' title='bbox 1178 3804 1538 3874; x_wconf 80' lang='grc' dir='ltr'>Εὺλόγησον</span> <span class='ocrx_word' id='word_1_547' title='bbox 1582 3805 1691 3859; x_wconf 80' lang='grc' dir='ltr'>τὸν</span> 
     </span>
    </p>
   </div>
   <div class='ocr_carea' id='block_1_69' title="bbox 119 3886 1689 3967">
    <p class='ocr_par' dir='ltr' id='par_1_69' title="bbox 119 3886 1689 3967">
     <span class='ocr_line' id='line_1_69' title="bbox 119 3886 1689 3967; baseline 0.006 -27"><span class='ocrx_word' id='word_1_548' title='bbox 119 3886 401 3958; x_wconf 58' lang='grc' dir='ltr'>στέφανον</span> <span class='ocrx_word' id='word_1_549' title='bbox 424 3888 537 3958; x_wconf 80' lang='grc' dir='ltr'>τῆς</span> <span class='ocrx_word' id='word_1_550' title='bbox 579 3891 986 3959; x_wconf 76' lang='grc' dir='ltr'>χρηστότητος</span> <span class='ocrx_word' id='word_1_551' title='bbox 1015 3908 1132 3947; x_wconf 86' lang='grc' dir='ltr'><strong>σου</strong></span> <span class='ocrx_word' id='word_1_552' title='bbox 1155 3910 1169 3923; x_wconf 89' lang='grc'><strong>·</strong></span> <span class='ocrx_word' id='word_1_553' title='bbox 1212 3895 1306 3950; x_wconf 69' lang='grc' dir='ltr'>καὶ</span> <span class='ocrx_word' id='word_1_554' title='bbox 1343 3894 1586 3967; x_wconf 89' lang='grc' dir='ltr'>θρόνους,</span> <span class='ocrx_word' id='word_1_555' title='bbox 1612 3896 1689 3961; x_wconf 86' lang='grc' dir='ltr'><strong>ὡς</strong></span> 
     </span>
    </p>
   </div>
   <div class='ocr_carea' id='block_1_70' title="bbox 118 3978 1689 4050">
    <p class='ocr_par' dir='ltr' id='par_1_70' title="bbox 118 3978 1689 4050">
     <span class='ocr_line' id='line_1_70' title="bbox 118 3978 1689 4050; baseline 0.008 -21"><span class='ocrx_word' id='word_1_556' title='bbox 118 3978 197 4029; x_wconf 85' lang='grc' dir='ltr'>τό·</span> <span class='ocrx_word' id='word_1_557' title='bbox 238 3980 296 4033; x_wconf 85' lang='lat'><strong>&#39;0</strong></span> <span class='ocrx_word' id='word_1_558' title='bbox 320 3982 537 4050; x_wconf 81' lang='grc' dir='ltr'>θρόνος</span> <span class='ocrx_word' id='word_1_559' title='bbox 564 3997 702 4047; x_wconf 82' lang='grc' dir='ltr'>σου,</span> <span class='ocrx_word' id='word_1_560' title='bbox 740 3984 778 4036; x_wconf 80' lang='grc' dir='ltr'><strong>ό</strong></span> <span class='ocrx_word' id='word_1_561' title='bbox 809 3981 971 4048; x_wconf 82' lang='grc' dir='ltr'>Θεὸς,</span> <span class='ocrx_word' id='word_1_562' title='bbox 988 3985 1076 4049; x_wconf 83' lang='grc' dir='ltr'><strong>είς</strong></span> <span class='ocrx_word' id='word_1_563' title='bbox 1102 3983 1210 4037; x_wconf 79' lang='grc' dir='ltr'><strong>τόν</strong></span> <span class='ocrx_word' id='word_1_564' title='bbox 1234 3984 1417 4039; x_wconf 68' lang='grc' dir='ltr'>αἰῶνα</span> <span class='ocrx_word' id='word_1_565' title='bbox 1435 4004 1448 4018; x_wconf 91' lang='grc'>·</span> <span class='ocrx_word' id='word_1_566' title='bbox 1480 3988 1573 4041; x_wconf 72' lang='grc' dir='ltr'>καὶ</span> <span class='ocrx_word' id='word_1_567' title='bbox 1590 4005 1689 4042; x_wconf 88' lang='grc' dir='ltr'>πο-</span> 
     </span>
    </p>
   </div>
   <div class='ocr_carea' id='block_1_71' title="bbox 118 4072 1687 4152">
    <p class='ocr_par' dir='ltr' id='par_1_71' title="bbox 118 4072 1687 4152">
     <span class='ocr_line' id='line_1_71' title="bbox 118 4072 1687 4152; baseline 0.008 -32"><span class='ocrx_word' id='word_1_568' title='bbox 118 4072 283 4142; x_wconf 75' lang='grc' dir='ltr'>τήρια,</span> <span class='ocrx_word' id='word_1_569' title='bbox 315 4073 390 4138; x_wconf 88' lang='grc' dir='ltr'>ὠς</span> <span class='ocrx_word' id='word_1_570' title='bbox 414 4074 480 4127; x_wconf 85' lang='grc' dir='ltr'><strong>τό</strong></span> <span class='ocrx_word' id='word_1_571' title='bbox 502 4091 517 4104; x_wconf 90' lang='grc'><strong>·</strong></span> <span class='ocrx_word' id='word_1_572' title='bbox 544 4072 839 4140; x_wconf 53' lang='lat' dir='ltr'><strong>[Ioni-pter</strong></span> <span class='ocrx_word' id='word_1_573' title='bbox 873 4074 944 4128; x_wconf 81' lang='grc' dir='ltr'>ἐν</span> <span class='ocrx_word' id='word_1_574' title='bbox 970 4078 1119 4144; x_wconf 81' lang='grc' dir='ltr'>χειρὶ</span> <span class='ocrx_word' id='word_1_575' title='bbox 1152 4078 1375 4145; x_wconf 88' lang='grc' dir='ltr'>Κυρίου</span> <span class='ocrx_word' id='word_1_576' title='bbox 1393 4095 1408 4111; x_wconf 79' lang='grc' dir='ltr'><strong><em>ο</em></strong></span> <span class='ocrx_word' id='word_1_577' title='bbox 1436 4080 1528 4133; x_wconf 76' lang='grc' dir='ltr'>καὶ</span> <span class='ocrx_word' id='word_1_578' title='bbox 1552 4097 1687 4152; x_wconf 90' lang='grc' dir='ltr'>κρα-</span> 
     </span>
    </p>
   </div>
   <div class='ocr_carea' id='block_1_72' title="bbox 116 4160 1686 4245">
    <p class='ocr_par' dir='ltr' id='par_1_72' title="bbox 116 4160 1686 4245">
     <span class='ocr_line' id='line_1_72' title="bbox 116 4160 1686 4245; baseline 0.011 -35"><span class='ocrx_word' id='word_1_579' title='bbox 116 4160 285 4233; x_wconf 82' lang='grc' dir='ltr'>τῆρας,</span> <span class='ocrx_word' id='word_1_580' title='bbox 297 4163 370 4228; x_wconf 85' lang='grc' dir='ltr'><strong>ὡς</strong></span> <span class='ocrx_word' id='word_1_581' title='bbox 392 4164 474 4217; x_wconf 82' lang='grc' dir='ltr'>τό·</span> <span class='ocrx_word' id='word_1_582' title='bbox 507 4162 794 4231; x_wconf 85' lang='grc' dir='ltr'>Ἑκέρασε</span> <span class='ocrx_word' id='word_1_583' title='bbox 810 4166 916 4219; x_wconf 79' lang='grc' dir='ltr'>τὸν</span> <span class='ocrx_word' id='word_1_584' title='bbox 933 4166 1153 4235; x_wconf 82' lang='grc' dir='ltr'>ἑαυτῆς</span> <span class='ocrx_word' id='word_1_585' title='bbox 1168 4169 1449 4238; x_wconf 79' lang='grc' dir='ltr'>κρατῆρα·</span> <span class='ocrx_word' id='word_1_586' title='bbox 1470 4173 1597 4245; x_wconf 76' lang='grc' dir='ltr'>περὶ</span> <span class='ocrx_word' id='word_1_587' title='bbox 1611 4166 1686 4227; x_wconf 82' lang='grc' dir='ltr'>ὧν</span> 
     </span>
    </p>
   </div>
   <div class='ocr_carea' id='block_1_73' title="bbox 117 4246 1684 4333">
    <p class='ocr_par' dir='ltr' id='par_1_73' title="bbox 117 4246 1684 4333">
     <span class='ocr_line' id='line_1_73' title="bbox 117 4246 1684 4333; baseline 0.011 -32"><span class='ocrx_word' id='word_1_588' title='bbox 117 4246 244 4306; x_wconf 73' lang='grc' dir='ltr'>ἐστιν</span> <span class='ocrx_word' id='word_1_589' title='bbox 263 4256 435 4309; x_wconf 75' lang='grc' dir='ltr'>εἰπεῖν</span> <span class='ocrx_word' id='word_1_590' title='bbox 453 4257 513 4308; x_wconf 81' lang='grc' dir='ltr'>ὲν</span> <span class='ocrx_word' id='word_1_591' title='bbox 529 4258 596 4327; x_wconf 81' lang='grc' dir='ltr'><strong>τῇ</strong></span> <span class='ocrx_word' id='word_1_592' title='bbox 617 4273 680 4309; x_wconf 87' lang='grc' dir='ltr'><strong>συ</strong></span> <span class='ocrx_word' id='word_1_593' title='bbox 687 4255 915 4329; x_wconf 80' lang='grc' dir='ltr'>μϐολικῇ</span> <span class='ocrx_word' id='word_1_594' title='bbox 940 4258 1202 4333; x_wconf 76' lang='grc' dir='ltr'>θεολογίᾳ.</span> <span class='ocrx_word' id='word_1_595' title='bbox 1223 4262 1335 4317; x_wconf 81' lang='grc' dir='ltr'><strong>Νῦν</strong></span> <span class='ocrx_word' id='word_1_596' title='bbox 1349 4263 1427 4329; x_wconf 82' lang='grc' dir='ltr'>δὲ,</span> <span class='ocrx_word' id='word_1_597' title='bbox 1457 4266 1556 4322; x_wconf 84' lang='grc' dir='ltr'>ὅσα</span> <span class='ocrx_word' id='word_1_598' title='bbox 1577 4267 1684 4319; x_wconf 71' lang='grc' dir='ltr'>εἰσὶ</span> 
     </span>
    </p>
   </div>
   <div class='ocr_carea' id='block_1_74' title="bbox 116 4343 1683 4423">
    <p class='ocr_par' dir='ltr' id='par_1_74' title="bbox 116 4343 1683 4423">
     <span class='ocr_line' id='line_1_74' title="bbox 116 4343 1683 4423; baseline 0.01 -26"><span class='ocrx_word' id='word_1_599' title='bbox 116 4343 201 4413; x_wconf 84' lang='grc' dir='ltr'>τῆς</span> <span class='ocrx_word' id='word_1_600' title='bbox 232 4349 513 4419; x_wconf 79' lang='grc' dir='ltr'>παρούσης</span> <span class='ocrx_word' id='word_1_601' title='bbox 533 4349 920 4419; x_wconf 81' lang='grc' dir='ltr'>πραγματείας</span> <span class='ocrx_word' id='word_1_602' title='bbox 952 4352 1371 4423; x_wconf 84' lang='grc' dir='ltr'>συναγαγόντες,</span> <span class='ocrx_word' id='word_1_603' title='bbox 1401 4359 1496 4412; x_wconf 74' lang='grc' dir='ltr'>καὶ</span> <span class='ocrx_word' id='word_1_604' title='bbox 1521 4359 1683 4413; x_wconf 81' lang='grc' dir='ltr'>οἱονεὶ</span> 
     </span>
    </p>
   </div>
   <div class='ocr_carea' id='block_1_75' title="bbox 118 4438 1682 4513">
    <p class='ocr_par' dir='ltr' id='par_1_75' title="bbox 118 4438 1682 4513">
     <span class='ocr_line' id='line_1_75' title="bbox 118 4438 1682 4513; baseline 0.012 -28"><span class='ocrx_word' id='word_1_605' title='bbox 118 4438 294 4493; x_wconf 79' lang='grc' dir='ltr'>κανόνα</span> <span class='ocrx_word' id='word_1_606' title='bbox 307 4440 375 4494; x_wconf 76' lang='grc' dir='ltr'><strong>τὰ</strong></span> <span class='ocrx_word' id='word_1_607' title='bbox 388 4459 413 4493; x_wconf 90' lang='grc' dir='ltr'><strong>ε</strong></span> <span class='ocrx_word' id='word_1_608' title='bbox 424 4443 514 4513; x_wconf 79' lang='grc' dir='ltr'>ἰρη</span> <span class='ocrx_word' id='word_1_609' title='bbox 524 4440 663 4511; x_wconf 87' lang='grc' dir='ltr'>μένα</span> <span class='ocrx_word' id='word_1_610' title='bbox 680 4439 1075 4512; x_wconf 85' lang='grc' dir='ltr'>προθέντες,ὄτι</span> <span class='ocrx_word' id='word_1_611' title='bbox 1092 4444 1155 4497; x_wconf 78' lang='grc' dir='ltr'>ἐκ</span> <span class='ocrx_word' id='word_1_612' title='bbox 1170 4446 1277 4499; x_wconf 91' lang='grc' dir='ltr'><strong>τῶν</strong></span> <span class='ocrx_word' id='word_1_613' title='bbox 1296 4445 1465 4507; x_wconf 76' lang='grc' dir='ltr'>ὄντων</span> <span class='ocrx_word' id='word_1_614' title='bbox 1481 4450 1575 4502; x_wconf 82' lang='grc' dir='ltr'>καὶ</span> <span class='ocrx_word' id='word_1_615' title='bbox 1594 4466 1682 4505; x_wconf 82' lang='grc' dir='ltr'>κα-</span> 
     </span>
    </p>
   </div>
   <div class='ocr_carea' id='block_1_76' title="bbox 1802 3248 3429 3325">
    <p class='ocr_par' dir='ltr' id='par_1_76' title="bbox 1802 3248 3429 3325">
     <span class='ocr_line' id='line_1_76' title="bbox 1802 3248 3429 3325; baseline 0.009 -24"><span class='ocrx_word' id='word_1_616' title='bbox 1802 3248 2010 3303; x_wconf 81' lang='lat' dir='ltr'><strong>Domini</strong></span> <span class='ocrx_word' id='word_1_617' title='bbox 2038 3268 2193 3319; x_wconf 86' lang='lat' dir='ltr'><strong>super</strong></span> <span class='ocrx_word' id='word_1_618' title='bbox 2227 3254 2480 3322; x_wconf 79' lang='lat' dir='ltr'><strong>facientes</strong></span> <span class='ocrx_word' id='word_1_619' title='bbox 2508 3258 2649 3313; x_wconf 80' lang='lat' dir='ltr'><strong>mala</strong></span> <span class='ocrx_word' id='word_1_620' title='bbox 2686 3271 2740 3325; x_wconf 79' lang='grc' dir='ltr'><strong>ο;</strong></span> <span class='ocrx_word' id='word_1_621' title='bbox 2764 3271 2820 3315; x_wconf 86' lang='lat' dir='ltr'><strong>et</strong></span> <span class='ocrx_word' id='word_1_622' title='bbox 2852 3260 2982 3314; x_wconf 86' lang='lat' dir='ltr'><strong>illud</strong></span> <span class='ocrx_word' id='word_1_623' title='bbox 3010 3278 3026 3316; x_wconf 85' lang='lat'><strong>;</strong></span> <span class='ocrx_word' id='word_1_624' title='bbox 3059 3261 3254 3318; x_wconf 81' lang='lat' dir='ltr'><strong>Manus</strong></span> <span class='ocrx_word' id='word_1_625' title='bbox 3276 3274 3382 3317; x_wconf 67' lang='lat' dir='ltr'><strong>tua-</strong></span> <span class='ocrx_word' id='word_1_626' title='bbox 3420 3254 3429 3273; x_wconf 80' lang='grc'><em>’</em></span> 
     </span>
    </p>
   </div>
   <div class='ocr_carea' id='block_1_77' title="bbox 1796 3340 3382 3435">
    <p class='ocr_par' dir='ltr' id='par_1_77' title="bbox 1796 3340 3382 3435">
     <span class='ocr_line' id='line_1_77' title="bbox 1796 3340 3382 3435; baseline 0.008 -43"><span class='ocrx_word' id='word_1_627' title='bbox 1796 3340 2033 3408; x_wconf 77' lang='lat' dir='ltr'><strong>fecerunt</strong></span> <span class='ocrx_word' id='word_1_628' title='bbox 2085 3359 2165 3396; x_wconf 83' lang='lat' dir='ltr'><strong>me</strong></span> <span class='ocrx_word' id='word_1_629' title='bbox 2201 3342 2251 3410; x_wconf 65' lang='lat'><strong>‘;</strong></span> <span class='ocrx_word' id='word_1_630' title='bbox 2278 3355 2332 3399; x_wconf 92' lang='lat' dir='ltr'><strong>et</strong></span> <span class='ocrx_word' id='word_1_631' title='bbox 2378 3345 2508 3401; x_wconf 91' lang='lat' dir='ltr'><strong>illttd</strong></span> <span class='ocrx_word' id='word_1_632' title='bbox 2545 3364 2563 3402; x_wconf 72' lang='grc' dir='ltr'><strong>ι</strong></span> <span class='ocrx_word' id='word_1_633' title='bbox 2607 3345 2853 3417; x_wconf 81' lang='lat' dir='ltr'><strong>Scapulis</strong></span> <span class='ocrx_word' id='word_1_634' title='bbox 2895 3350 3007 3403; x_wconf 82' lang='lat' dir='ltr'><strong>suis</strong></span> <span class='ocrx_word' id='word_1_635' title='bbox 3050 3352 3382 3435; x_wconf 63' lang='lat' dir='ltr'><strong>obunbral‘it</strong></span> 
     </span>
    </p>
   </div>
   <div class='ocr_carea' id='block_1_78' title="bbox 1795 3432 3378 3511">
    <p class='ocr_par' dir='ltr' id='par_1_78' title="bbox 1795 3432 3378 3511">
     <span class='ocr_line' id='line_1_78' title="bbox 1795 3432 3378 3511; baseline 0.009 -27"><span class='ocrx_word' id='word_1_636' title='bbox 1795 3432 1890 3485; x_wconf 84' lang='lat' dir='ltr'><strong>tibi</strong></span> <span class='ocrx_word' id='word_1_637' title='bbox 1921 3434 1977 3500; x_wconf 71' lang='grc' dir='ltr'>ες</span> <span class='ocrx_word' id='word_1_638' title='bbox 2012 3443 2066 3489; x_wconf 93' lang='lat' dir='ltr'><strong>et</strong></span> <span class='ocrx_word' id='word_1_639' title='bbox 2094 3455 2106 3490; x_wconf 88' lang='lat'><strong>:</strong></span> <span class='ocrx_word' id='word_1_640' title='bbox 2132 3435 2243 3490; x_wconf 88' lang='lat' dir='ltr'><strong>Sub</strong></span> <span class='ocrx_word' id='word_1_641' title='bbox 2273 3438 2462 3492; x_wconf 87' lang='lat' dir='ltr'><strong>untbra</strong></span> <span class='ocrx_word' id='word_1_642' title='bbox 2484 3439 2695 3493; x_wconf 85' lang='lat' dir='ltr'><strong>alarum</strong></span> <span class='ocrx_word' id='word_1_643' title='bbox 2718 3452 2929 3495; x_wconf 87' lang='lat' dir='ltr'><strong>tuarum</strong></span> <span class='ocrx_word' id='word_1_644' title='bbox 2972 3451 3181 3511; x_wconf 73' lang='lat' dir='ltr'><strong>protege</strong></span> <span class='ocrx_word' id='word_1_645' title='bbox 3215 3432 3378 3509; x_wconf 62' lang='lat' dir='ltr'><strong>nteit;</strong></span> 
     </span>
    </p>
   </div>
   <div class='ocr_carea' id='block_1_79' title="bbox 1792 3525 3384 3606">
    <p class='ocr_par' dir='ltr' id='par_1_79' title="bbox 1792 3525 3384 3606">
     <span class='ocr_line' id='line_1_79' title="bbox 1792 3525 3384 3606; baseline 0.009 -31"><span class='ocrx_word' id='word_1_646' title='bbox 1792 3533 1848 3577; x_wconf 86' lang='lat' dir='ltr'><strong>et</strong></span> <span class='ocrx_word' id='word_1_647' title='bbox 1884 3525 2051 3581; x_wconf 84' lang='lat' dir='ltr'><strong>illud:</strong></span> <span class='ocrx_word' id='word_1_648' title='bbox 2082 3526 2372 3583; x_wconf 80' lang='lat' dir='ltr'><strong>Brucltium</strong></span> <span class='ocrx_word' id='word_1_649' title='bbox 2406 3541 2555 3584; x_wconf 88' lang='lat' dir='ltr'><strong>tuum</strong></span> <span class='ocrx_word' id='word_1_650' title='bbox 2602 3534 2827 3587; x_wconf 76' lang='lat' dir='ltr'><strong>servavit</strong></span> <span class='ocrx_word' id='word_1_651' title='bbox 2876 3550 2963 3589; x_wconf 82' lang='lat' dir='ltr'><strong>eos</strong></span> <span class='ocrx_word' id='word_1_652' title='bbox 2992 3536 3044 3599; x_wconf 69' lang='grc' dir='ltr'>ῖς</span> <span class='ocrx_word' id='word_1_653' title='bbox 3096 3547 3152 3591; x_wconf 86' lang='lat' dir='ltr'><strong>et</strong></span> <span class='ocrx_word' id='word_1_654' title='bbox 3196 3546 3384 3606; x_wconf 79' lang='lat' dir='ltr'><strong>poste-</strong></span> 
     </span>
    </p>
   </div>
   <div class='ocr_carea' id='block_1_80' title="bbox 1794 3618 3379 3701">
    <p class='ocr_par' dir='ltr' id='par_1_80' title="bbox 1794 3618 3379 3701">
     <span class='ocr_line' id='line_1_80' title="bbox 1794 3618 3379 3701; baseline 0.008 -29"><span class='ocrx_word' id='word_1_655' title='bbox 1794 3618 1937 3673; x_wconf 90' lang='lat' dir='ltr'><strong>riora</strong></span> <span class='ocrx_word' id='word_1_656' title='bbox 1974 3619 2212 3691; x_wconf 90' lang='lat' dir='ltr'><strong>Domini,</strong></span> <span class='ocrx_word' id='word_1_657' title='bbox 2244 3626 2443 3694; x_wconf 89' lang='lat' dir='ltr'><strong>quibus</strong></span> <span class='ocrx_word' id='word_1_658' title='bbox 2484 3626 2697 3696; x_wconf 83' lang='lat' dir='ltr'><strong>Moyses</strong></span> <span class='ocrx_word' id='word_1_659' title='bbox 2732 3628 2928 3698; x_wconf 77' lang='lat' dir='ltr'><strong>dignus</strong></span> <span class='ocrx_word' id='word_1_660' title='bbox 2958 3627 3125 3701; x_wconf 68' lang='grc'><strong>314</strong></span> <span class='ocrx_word' id='word_1_661' title='bbox 3153 3639 3237 3684; x_wconf 90' lang='lat' dir='ltr'><strong>est</strong></span> <span class='ocrx_word' id='word_1_662' title='bbox 3276 3631 3379 3685; x_wconf 86' lang='lat' dir='ltr'><strong>ha-</strong></span> 
     </span>
    </p>
   </div>
   <div class='ocr_carea' id='block_1_81' title="bbox 1791 3710 3378 3780">
    <p class='ocr_par' dir='ltr' id='par_1_81' title="bbox 1791 3710 3378 3780">
     <span class='ocr_line' id='line_1_81' title="bbox 1791 3710 3378 3780; baseline 0.006 -16"><span class='ocrx_word' id='word_1_663' title='bbox 1791 3710 1934 3767; x_wconf 90' lang='lat' dir='ltr'><strong>bitus</strong></span> <span class='ocrx_word' id='word_1_664' title='bbox 1961 3713 2024 3779; x_wconf 62' lang='lat'><strong>1‘;</strong></span> <span class='ocrx_word' id='word_1_665' title='bbox 2070 3725 2123 3771; x_wconf 88' lang='lat' dir='ltr'><strong>et</strong></span> <span class='ocrx_word' id='word_1_666' title='bbox 2161 3731 2177 3770; x_wconf 88' lang='lat'><strong>:</strong></span> <span class='ocrx_word' id='word_1_667' title='bbox 2212 3716 2509 3771; x_wconf 73' lang='lat' dir='ltr'><strong>Audierant</strong></span> <span class='ocrx_word' id='word_1_668' title='bbox 2542 3736 2714 3773; x_wconf 71' lang='lat' dir='ltr'><strong>vocent</strong></span> <span class='ocrx_word' id='word_1_669' title='bbox 2753 3719 2969 3773; x_wconf 87' lang='lat' dir='ltr'><strong>Domini</strong></span> <span class='ocrx_word' id='word_1_670' title='bbox 3024 3721 3378 3780; x_wconf 81' lang='lat' dir='ltr'><strong>deambulan-</strong></span> 
     </span>
    </p>
   </div>
   <div class='ocr_carea' id='block_1_82' title="bbox 1789 3801 3374 3884">
    <p class='ocr_par' dir='ltr' id='par_1_82' title="bbox 1789 3801 3374 3884">
     <span class='ocr_line' id='line_1_82' title="bbox 1789 3801 3374 3884; baseline 0.006 -30"><span class='ocrx_word' id='word_1_671' title='bbox 1789 3801 1855 3855; x_wconf 84' lang='lat' dir='ltr'><strong>tis</strong></span> <span class='ocrx_word' id='word_1_672' title='bbox 1908 3803 1962 3857; x_wconf 85' lang='lat' dir='ltr'><strong>in</strong></span> <span class='ocrx_word' id='word_1_673' title='bbox 2011 3808 2263 3873; x_wconf 86' lang='lat' dir='ltr'><strong>paradiso</strong></span> <span class='ocrx_word' id='word_1_674' title='bbox 2295 3806 2338 3863; x_wconf 77' lang='grc' dir='ltr'><strong>ι.</strong></span> <span class='ocrx_word' id='word_1_675' title='bbox 2391 3808 2602 3865; x_wconf 83' lang='lat' dir='ltr'><strong>Rursus</strong></span> <span class='ocrx_word' id='word_1_676' title='bbox 2651 3826 2887 3866; x_wconf 87' lang='lat' dir='ltr'><strong>coronas</strong></span> <span class='ocrx_word' id='word_1_677' title='bbox 2931 3811 3374 3884; x_wconf 89' lang='lat' dir='ltr'><strong>circumponum,</strong></span> 
     </span>
    </p>
   </div>
   <div class='ocr_carea' id='block_1_83' title="bbox 1781 3890 3375 3972">
    <p class='ocr_par' dir='ltr' id='par_1_83' title="bbox 1781 3890 3375 3972">
     <span class='ocr_line' id='line_1_83' title="bbox 1781 3890 3375 3972; baseline 0.008 -26"><span class='ocrx_word' id='word_1_678' title='bbox 1781 3890 1934 3959; x_wconf 85' lang='lat' dir='ltr'><strong>juxta</strong></span> <span class='ocrx_word' id='word_1_679' title='bbox 1963 3895 2090 3949; x_wconf 90' lang='lat' dir='ltr'><strong>illud</strong></span> <span class='ocrx_word' id='word_1_680' title='bbox 2124 3914 2139 3951; x_wconf 88' lang='lat'><strong>:</strong></span> <span class='ocrx_word' id='word_1_681' title='bbox 2173 3897 2403 3953; x_wconf 82' lang='lat' dir='ltr'><strong>Benedic</strong></span> <span class='ocrx_word' id='word_1_682' title='bbox 2434 3916 2645 3955; x_wconf 78' lang='lat' dir='ltr'><strong>coronte</strong></span> <span class='ocrx_word' id='word_1_683' title='bbox 2677 3903 3016 3972; x_wconf 83' lang='lat' dir='ltr'><strong>benignitatis</strong></span> <span class='ocrx_word' id='word_1_684' title='bbox 3065 3912 3173 3957; x_wconf 77' lang='lat' dir='ltr'><strong>tua:</strong></span> <span class='ocrx_word' id='word_1_685' title='bbox 3202 3912 3274 3969; x_wconf 68' lang='lat' dir='ltr'><strong>In;</strong></span> <span class='ocrx_word' id='word_1_686' title='bbox 3320 3918 3375 3959; x_wconf 82' lang='lat' dir='ltr'><strong>et</strong></span> 
     </span>
    </p>
   </div>
   <div class='ocr_carea' id='block_1_84' title="bbox 1784 3987 3371 4061">
    <p class='ocr_par' dir='ltr' id='par_1_84' title="bbox 1784 3987 3371 4061">
     <span class='ocr_line' id='line_1_84' title="bbox 1784 3987 3371 4061; baseline 0.006 -21"><span class='ocrx_word' id='word_1_687' title='bbox 1784 3987 1963 4051; x_wconf 84' lang='lat' dir='ltr'><strong>sedes,</strong></span> <span class='ocrx_word' id='word_1_688' title='bbox 1992 3987 2145 4057; x_wconf 81' lang='lat' dir='ltr'><strong>juxta</strong></span> <span class='ocrx_word' id='word_1_689' title='bbox 2184 3991 2361 4059; x_wconf 77' lang='lat' dir='ltr'><strong>illud:</strong></span> <span class='ocrx_word' id='word_1_690' title='bbox 2389 3991 2630 4047; x_wconf 88' lang='lat' dir='ltr'><strong>Tltronus</strong></span> <span class='ocrx_word' id='word_1_691' title='bbox 2661 3994 2992 4061; x_wconf 88' lang='lat' dir='ltr'><strong>tuus,Deus,</strong></span> <span class='ocrx_word' id='word_1_692' title='bbox 3020 3995 3077 4051; x_wconf 81' lang='lat' dir='ltr'><strong>in</strong></span> <span class='ocrx_word' id='word_1_693' title='bbox 3113 3997 3371 4050; x_wconf 68' lang='lat' dir='ltr'><strong>saxulum</strong></span> 
     </span>
    </p>
   </div>
   <div class='ocr_carea' id='block_1_85' title="bbox 1783 4080 3370 4155">
    <p class='ocr_par' dir='ltr' id='par_1_85' title="bbox 1783 4080 3370 4155">
     <span class='ocr_line' id='line_1_85' title="bbox 1783 4080 3370 4155; baseline 0.008 -26"><span class='ocrx_word' id='word_1_694' title='bbox 1783 4080 1965 4131; x_wconf 73' lang='lat' dir='ltr'><strong>swculi</strong></span> <span class='ocrx_word' id='word_1_695' title='bbox 1997 4089 2045 4147; x_wconf 77' lang='grc' dir='ltr'>η,</span> <span class='ocrx_word' id='word_1_696' title='bbox 2078 4090 2133 4134; x_wconf 90' lang='lat' dir='ltr'><strong>et</strong></span> <span class='ocrx_word' id='word_1_697' title='bbox 2180 4084 2401 4151; x_wconf 88' lang='lat' dir='ltr'><strong>calices,</strong></span> <span class='ocrx_word' id='word_1_698' title='bbox 2429 4084 2582 4155; x_wconf 83' lang='lat' dir='ltr'><strong>juxta</strong></span> <span class='ocrx_word' id='word_1_699' title='bbox 2641 4087 2811 4142; x_wconf 87' lang='lat' dir='ltr'><strong>illud:</strong></span> <span class='ocrx_word' id='word_1_700' title='bbox 2845 4087 3002 4142; x_wconf 75' lang='lat' dir='ltr'><strong>Catia:</strong></span> <span class='ocrx_word' id='word_1_701' title='bbox 3052 4087 3269 4141; x_wconf 89' lang='lat' dir='ltr'><strong>Domini</strong></span> <span class='ocrx_word' id='word_1_702' title='bbox 3315 4107 3370 4142; x_wconf 83' lang='lat' dir='ltr'><strong>nt</strong></span> 
     </span>
    </p>
   </div>
   <div class='ocr_carea' id='block_1_86' title="bbox 1784 4171 3369 4248">
    <p class='ocr_par' dir='ltr' id='par_1_86' title="bbox 1784 4171 3369 4248">
     <span class='ocr_line' id='line_1_86' title="bbox 1784 4171 3369 4248; baseline 0.008 -27"><span class='ocrx_word' id='word_1_703' title='bbox 1784 4186 1943 4223; x_wconf 87' lang='lat' dir='ltr'><strong>manu</strong></span> <span class='ocrx_word' id='word_1_704' title='bbox 1972 4171 2086 4241; x_wconf 85' lang='lat' dir='ltr'><strong>ejus</strong></span> <span class='ocrx_word' id='word_1_705' title='bbox 2117 4182 2176 4239; x_wconf 85' lang='lat'><strong>°;</strong></span> <span class='ocrx_word' id='word_1_706' title='bbox 2210 4184 2266 4229; x_wconf 89' lang='lat' dir='ltr'><strong>et</strong></span> <span class='ocrx_word' id='word_1_707' title='bbox 2294 4185 2561 4242; x_wconf 84' lang='lat' dir='ltr'><strong>crateras,</strong></span> <span class='ocrx_word' id='word_1_708' title='bbox 2590 4177 2746 4248; x_wconf 84' lang='lat' dir='ltr'><strong>juxta</strong></span> <span class='ocrx_word' id='word_1_709' title='bbox 2792 4179 2922 4233; x_wconf 89' lang='lat' dir='ltr'><strong>illud</strong></span> <span class='ocrx_word' id='word_1_710' title='bbox 2955 4198 2969 4232; x_wconf 87' lang='lat'><strong>:</strong></span> <span class='ocrx_word' id='word_1_711' title='bbox 3005 4177 3217 4233; x_wconf 76' lang='lat' dir='ltr'><strong>Miscuit</strong></span> <span class='ocrx_word' id='word_1_712' title='bbox 3249 4196 3369 4233; x_wconf 80' lang='lat' dir='ltr'><strong>cra-</strong></span> 
     </span>
    </p>
   </div>
   <div class='ocr_carea' id='block_1_87' title="bbox 1782 4266 3366 4340">
    <p class='ocr_par' dir='ltr' id='par_1_87' title="bbox 1782 4266 3366 4340">
     <span class='ocr_line' id='line_1_87' title="bbox 1782 4266 3366 4340; baseline 0.001 -19"><span class='ocrx_word' id='word_1_713' title='bbox 1782 4270 1942 4322; x_wconf 69' lang='lat' dir='ltr'><strong>teram</strong></span> <span class='ocrx_word' id='word_1_714' title='bbox 1990 4279 2144 4316; x_wconf 64' lang='lat' dir='ltr'><strong>suum</strong></span> <span class='ocrx_word' id='word_1_715' title='bbox 2172 4274 2229 4331; x_wconf 85' lang='lat' dir='ltr'><strong>P;</strong></span> <span class='ocrx_word' id='word_1_716' title='bbox 2279 4266 2347 4321; x_wconf 89' lang='lat' dir='ltr'><strong>de</strong></span> <span class='ocrx_word' id='word_1_717' title='bbox 2379 4267 2579 4335; x_wconf 85' lang='lat' dir='ltr'><strong>quibus</strong></span> <span class='ocrx_word' id='word_1_718' title='bbox 2629 4269 2921 4324; x_wconf 86' lang='lat' dir='ltr'><strong>dicendum</strong></span> <span class='ocrx_word' id='word_1_719' title='bbox 2963 4269 3016 4323; x_wconf 94' lang='lat' dir='ltr'><strong>iu</strong></span> <span class='ocrx_word' id='word_1_720' title='bbox 3068 4268 3366 4340; x_wconf 84' lang='lat' dir='ltr'><strong>symholica</strong></span> 
     </span>
    </p>
   </div>
   <div class='ocr_carea' id='block_1_88' title="bbox 1784 4353 3368 4432">
    <p class='ocr_par' dir='ltr' id='par_1_88' title="bbox 1784 4353 3368 4432">
     <span class='ocr_line' id='line_1_88' title="bbox 1784 4353 3368 4432; baseline 0.006 -25"><span class='ocrx_word' id='word_1_721' title='bbox 1784 4353 2076 4421; x_wconf 79' lang='lat' dir='ltr'><strong>theologia.</strong></span> <span class='ocrx_word' id='word_1_722' title='bbox 2106 4355 2265 4412; x_wconf 84' lang='lat' dir='ltr'><strong>Nunc</strong></span> <span class='ocrx_word' id='word_1_723' title='bbox 2292 4373 2478 4414; x_wconf 89' lang='lat' dir='ltr'><strong>autem</strong></span> <span class='ocrx_word' id='word_1_724' title='bbox 2507 4376 2630 4430; x_wconf 65' lang='lat' dir='ltr'><strong>quae</strong></span> <span class='ocrx_word' id='word_1_725' title='bbox 2657 4362 2943 4432; x_wconf 66' lang='lat' dir='ltr'><strong>praesentis</strong></span> <span class='ocrx_word' id='word_1_726' title='bbox 2974 4363 3207 4417; x_wconf 87' lang='lat' dir='ltr'><strong>instituti</strong></span> <span class='ocrx_word' id='word_1_727' title='bbox 3238 4373 3368 4417; x_wconf 83' lang='lat' dir='ltr'><strong>sunt</strong></span> 
     </span>
    </p>
   </div>
   <div class='ocr_carea' id='block_1_89' title="bbox 1780 4444 3363 4525">
    <p class='ocr_par' dir='ltr' id='par_1_89' title="bbox 1780 4444 3363 4525">
     <span class='ocr_line' id='line_1_89' title="bbox 1780 4444 3363 4525; baseline 0.008 -26"><span class='ocrx_word' id='word_1_728' title='bbox 1780 4444 2114 4515; x_wconf 76' lang='lat' dir='ltr'><strong>colligentes,</strong></span> <span class='ocrx_word' id='word_1_729' title='bbox 2130 4459 2183 4502; x_wconf 89' lang='lat' dir='ltr'><strong>et</strong></span> <span class='ocrx_word' id='word_1_730' title='bbox 2197 4465 2260 4503; x_wconf 88' lang='lat' dir='ltr'><strong>ea</strong></span> <span class='ocrx_word' id='word_1_731' title='bbox 2277 4466 2397 4520; x_wconf 79' lang='lat' dir='ltr'><strong>quae</strong></span> <span class='ocrx_word' id='word_1_732' title='bbox 2417 4453 2561 4508; x_wconf 89' lang='lat' dir='ltr'><strong>dicta</strong></span> <span class='ocrx_word' id='word_1_733' title='bbox 2580 4464 2708 4509; x_wconf 92' lang='lat' dir='ltr'><strong>sunt</strong></span> <span class='ocrx_word' id='word_1_734' title='bbox 2727 4457 2883 4525; x_wconf 87' lang='lat' dir='ltr'><strong>quasi</strong></span> <span class='ocrx_word' id='word_1_735' title='bbox 2903 4455 3145 4524; x_wconf 83' lang='lat' dir='ltr'><strong>regulam</strong></span> <span class='ocrx_word' id='word_1_736' title='bbox 3162 4470 3363 4524; x_wconf 81' lang='lat' dir='ltr'><strong>propo—</strong></span> 
     </span>
    </p>
   </div>
   <div class='ocr_carea' id='block_1_90' title="bbox 116 4527 1677 4616">
    <p class='ocr_par' dir='ltr' id='par_1_90' title="bbox 116 4528 1677 4609">
     <span class='ocr_line' id='line_1_90' title="bbox 116 4528 1677 4609; baseline 0.01 -32"><span class='ocrx_word' id='word_1_737' title='bbox 116 4531 402 4597; x_wconf 83' lang='grc' dir='ltr'>ταφατικῶς</span> <span class='ocrx_word' id='word_1_738' title='bbox 417 4533 517 4587; x_wconf 86' lang='grc' dir='ltr'><strong>καί</strong></span> <span class='ocrx_word' id='word_1_739' title='bbox 538 4532 888 4602; x_wconf 83' lang='grc' dir='ltr'>ἀποφατικῶς</span> <span class='ocrx_word' id='word_1_740' title='bbox 905 4535 966 4589; x_wconf 83' lang='grc' dir='ltr'><strong>τὺ</strong></span> <span class='ocrx_word' id='word_1_741' title='bbox 980 4528 1133 4588; x_wconf 83' lang='grc' dir='ltr'>Θεῖον</span> <span class='ocrx_word' id='word_1_742' title='bbox 1156 4536 1495 4609; x_wconf 79' lang='grc' dir='ltr'>ὀνομάζεται’</span> <span class='ocrx_word' id='word_1_743' title='bbox 1514 4556 1677 4594; x_wconf 89' lang='grc' dir='ltr'>κατα-</span> 
     </span>
    </p>
   </div>
   <div class='ocr_carea' id='block_1_91' title="bbox 1896 4527 3363 4616">
    <p class='ocr_par' dir='ltr' id='par_1_91' title="bbox 1896 4539 3363 4616">
     <span class='ocr_line' id='line_1_91' title="bbox 1896 4539 3363 4616; baseline 0.007 -25"><span class='ocrx_word' id='word_1_744' title='bbox 1896 4548 1994 4602; x_wconf 81' lang='lat' dir='ltr'><strong>tes,</strong></span> <span class='ocrx_word' id='word_1_745' title='bbox 2014 4539 2180 4593; x_wconf 88' lang='lat' dir='ltr'><strong>Deutn</strong></span> <span class='ocrx_word' id='word_1_746' title='bbox 2199 4556 2263 4595; x_wconf 87' lang='lat' dir='ltr'><strong>ex</strong></span> <span class='ocrx_word' id='word_1_747' title='bbox 2289 4542 2356 4597; x_wconf 91' lang='lat' dir='ltr'><strong>iis</strong></span> <span class='ocrx_word' id='word_1_748' title='bbox 2376 4559 2500 4612; x_wconf 69' lang='lat' dir='ltr'><strong>qua:</strong></span> <span class='ocrx_word' id='word_1_749' title='bbox 2529 4556 2677 4609; x_wconf 90' lang='lat' dir='ltr'><strong>sunt,</strong></span> <span class='ocrx_word' id='word_1_750' title='bbox 2700 4558 2755 4602; x_wconf 92' lang='lat' dir='ltr'><strong>et</strong></span> <span class='ocrx_word' id='word_1_751' title='bbox 2780 4547 3103 4602; x_wconf 84' lang='lat' dir='ltr'><strong>allirmative</strong></span> <span class='ocrx_word' id='word_1_752' title='bbox 3120 4558 3176 4603; x_wconf 93' lang='lat' dir='ltr'><strong>et</strong></span> <span class='ocrx_word' id='word_1_753' title='bbox 3198 4562 3363 4616; x_wconf 81' lang='lat' dir='ltr'><strong>nega-</strong></span> 
     </span>
    </p>
   </div>
   <div class='ocr_carea' id='block_1_92' title="bbox 114 4623 1676 4700">
    <p class='ocr_par' dir='ltr' id='par_1_92' title="bbox 114 4623 1676 4700">
     <span class='ocr_line' id='line_1_92' title="bbox 114 4623 1676 4700; baseline 0.007 -28"><span class='ocrx_word' id='word_1_754' title='bbox 114 4623 332 4688; x_wconf 84' lang='grc' dir='ltr'>φατικῶς</span> <span class='ocrx_word' id='word_1_755' title='bbox 357 4624 460 4696; x_wconf 82' lang='grc' dir='ltr'>μὲν</span> <span class='ocrx_word' id='word_1_756' title='bbox 484 4625 561 4687; x_wconf 83' lang='grc' dir='ltr'>ὡς</span> <span class='ocrx_word' id='word_1_757' title='bbox 584 4624 754 4679; x_wconf 76' lang='grc' dir='ltr'>αἴτιον</span> <span class='ocrx_word' id='word_1_758' title='bbox 780 4628 842 4679; x_wconf 79' lang='grc' dir='ltr'>ἐκ</span> <span class='ocrx_word' id='word_1_759' title='bbox 863 4625 972 4678; x_wconf 89' lang='grc' dir='ltr'><strong>τῶν</strong></span> <span class='ocrx_word' id='word_1_760' title='bbox 996 4628 1255 4681; x_wconf 80' lang='grc' dir='ltr'>αἰτιατῶν</span> <span class='ocrx_word' id='word_1_761' title='bbox 1278 4668 1297 4694; x_wconf 84' lang='grc'><strong>,</strong></span> <span class='ocrx_word' id='word_1_762' title='bbox 1320 4629 1676 4700; x_wconf 82' lang='grc' dir='ltr'>ἀποφατικῶς</span> 
     </span>
    </p>
   </div>
   <div class='ocr_carea' id='block_1_93' title="bbox 112 4712 1674 4796">
    <p class='ocr_par' dir='ltr' id='par_1_93' title="bbox 112 4712 1674 4796">
     <span class='ocr_line' id='line_1_93' title="bbox 112 4712 1674 4796; baseline 0.008 -31"><span class='ocrx_word' id='word_1_763' title='bbox 112 4712 249 4780; x_wconf 80' lang='grc' dir='ltr'>δὲ,ὠς</span> <span class='ocrx_word' id='word_1_764' title='bbox 268 4718 418 4772; x_wconf 78' lang='grc' dir='ltr'>οὐδὲν</span> <span class='ocrx_word' id='word_1_765' title='bbox 440 4718 647 4773; x_wconf 82' lang='grc' dir='ltr'>τούτων</span> <span class='ocrx_word' id='word_1_766' title='bbox 663 4719 738 4773; x_wconf 79' lang='grc' dir='ltr'>δν.</span> <span class='ocrx_word' id='word_1_767' title='bbox 792 4720 881 4773; x_wconf 71' lang='grc' dir='ltr'><strong>ἐπὶ</strong></span> <span class='ocrx_word' id='word_1_768' title='bbox 896 4720 994 4792; x_wconf 79' lang='grc' dir='ltr'>τὴν</span> <span class='ocrx_word' id='word_1_769' title='bbox 1010 4721 1331 4794; x_wconf 85' lang='grc' dir='ltr'>διασάφησιν</span> <span class='ocrx_word' id='word_1_770' title='bbox 1346 4724 1455 4778; x_wconf 91' lang='grc' dir='ltr'><strong>τῶν</strong></span> <span class='ocrx_word' id='word_1_771' title='bbox 1470 4724 1674 4796; x_wconf 85' lang='grc' dir='ltr'>νοητῶν</span> 
     </span>
    </p>
   </div>
   <div class='ocr_carea' id='block_1_94' title="bbox 113 4802 1671 4891">
    <p class='ocr_par' dir='ltr' id='par_1_94' title="bbox 113 4802 1671 4891">
     <span class='ocr_line' id='line_1_94' title="bbox 113 4802 1671 4891; baseline 0.008 -33"><span class='ocrx_word' id='word_1_772' title='bbox 113 4802 404 4878; x_wconf 84' lang='grc' dir='ltr'>θεωνυμιῶν</span> <span class='ocrx_word' id='word_1_773' title='bbox 433 4810 733 4881; x_wconf 76' lang='grc' dir='ltr'>προΐωμεν.</span> <span class='ocrx_word' id='word_1_774' title='bbox 767 4813 878 4865; x_wconf 76' lang='grc' dir='ltr'>Καὶ</span> <span class='ocrx_word' id='word_1_775' title='bbox 905 4812 1042 4885; x_wconf 82' lang='grc' dir='ltr'>ὅπερ</span> <span class='ocrx_word' id='word_1_776' title='bbox 1068 4816 1199 4885; x_wconf 76' lang='grc' dir='ltr'>ἡμῖν</span> <span class='ocrx_word' id='word_1_777' title='bbox 1235 4815 1328 4868; x_wconf 77' lang='grc' dir='ltr'>ἐπὶ</span> <span class='ocrx_word' id='word_1_778' title='bbox 1364 4816 1514 4891; x_wconf 81' lang='grc' dir='ltr'>πάσῃ</span> <span class='ocrx_word' id='word_1_779' title='bbox 1551 4816 1671 4870; x_wconf 89' lang='grc' dir='ltr'>θεο-</span> 
     </span>
    </p>
   </div>
   <div class='ocr_carea' id='block_1_95' title="bbox 110 4893 1670 4979">
    <p class='ocr_par' dir='ltr' id='par_1_95' title="bbox 110 4893 1670 4979">
     <span class='ocr_line' id='line_1_95' title="bbox 110 4893 1670 4979; baseline 0.01 -31"><span class='ocrx_word' id='word_1_780' title='bbox 110 4893 289 4972; x_wconf 74' lang='grc' dir='ltr'>λογίᾳό</span> <span class='ocrx_word' id='word_1_781' title='bbox 319 4903 463 4975; x_wconf 78' lang='grc' dir='ltr'>ἱερὸς</span> <span class='ocrx_word' id='word_1_782' title='bbox 491 4902 652 4973; x_wconf 81' lang='grc' dir='ltr'>νόμος</span> <span class='ocrx_word' id='word_1_783' title='bbox 697 4903 1004 4975; x_wconf 83' lang='grc' dir='ltr'>ὑφηγεῖται,</span> <span class='ocrx_word' id='word_1_784' title='bbox 1035 4908 1199 4972; x_wconf 84' lang='grc' dir='ltr'>ὁσίως</span> <span class='ocrx_word' id='word_1_785' title='bbox 1238 4907 1476 4979; x_wconf 83' lang='grc' dir='ltr'>βλέπειν,</span> <span class='ocrx_word' id='word_1_786' title='bbox 1509 4910 1670 4976; x_wconf 88' lang='grc' dir='ltr'>όσίως</span> 
     </span>
    </p>
   </div>
   <div class='ocr_carea' id='block_1_96' title="bbox 110 4982 1670 5073">
    <p class='ocr_par' dir='ltr' id='par_1_96' title="bbox 110 4982 1670 5073">
     <span class='ocr_line' id='line_1_96' title="bbox 110 4982 1670 5073; baseline 0.008 -32"><span class='ocrx_word' id='word_1_787' title='bbox 110 4982 283 5055; x_wconf 77' lang='grc' dir='ltr'>λέγειν,</span> <span class='ocrx_word' id='word_1_788' title='bbox 310 4994 403 5046; x_wconf 81' lang='grc' dir='ltr'>καὶ</span> <span class='ocrx_word' id='word_1_789' title='bbox 422 4993 590 5056; x_wconf 79' lang='grc' dir='ltr'>ὁσίως</span> <span class='ocrx_word' id='word_1_790' title='bbox 613 4993 830 5048; x_wconf 82' lang='grc' dir='ltr'>ἀκούειν</span> <span class='ocrx_word' id='word_1_791' title='bbox 854 4995 923 5049; x_wconf 89' lang='grc' dir='ltr'><strong>τά</strong></span> <span class='ocrx_word' id='word_1_792' title='bbox 955 4997 1075 5060; x_wconf 77' lang='grc' dir='ltr'>ἱερά</span> <span class='ocrx_word' id='word_1_793' title='bbox 1092 5015 1105 5028; x_wconf 89' lang='grc'><strong>·</strong></span> <span class='ocrx_word' id='word_1_794' title='bbox 1134 4999 1305 5063; x_wconf 76' lang='grc' dir='ltr'>οὕτως</span> <span class='ocrx_word' id='word_1_795' title='bbox 1329 5000 1386 5051; x_wconf 80' lang='grc' dir='ltr'>ἐν</span> <span class='ocrx_word' id='word_1_796' title='bbox 1411 4999 1670 5073; x_wconf 78' lang='grc' dir='ltr'>θεοπτικῇ</span> 
     </span>
    </p>
   </div>
   <div class='ocr_carea' id='block_1_97' title="bbox 110 5072 1673 5159">
    <p class='ocr_par' dir='ltr' id='par_1_97' title="bbox 110 5072 1673 5159">
     <span class='ocr_line' id='line_1_97' title="bbox 110 5072 1673 5159; baseline 0.012 -34"><span class='ocrx_word' id='word_1_797' title='bbox 110 5072 295 5151; x_wconf 66' lang='grc' dir='ltr'>διανοίᾳ</span> <span class='ocrx_word' id='word_1_798' title='bbox 314 5080 420 5145; x_wconf 83' lang='grc' dir='ltr'>τάς-</span> <span class='ocrx_word' id='word_1_799' title='bbox 441 5081 695 5148; x_wconf 86' lang='grc' dir='ltr'>θεοειδεῖς</span> <span class='ocrx_word' id='word_1_800' title='bbox 718 5085 1143 5157; x_wconf 81' lang='grc' dir='ltr'>ἐποπτεύσωμεν</span> <span class='ocrx_word' id='word_1_801' title='bbox 1167 5087 1417 5159; x_wconf 77' lang='grc' dir='ltr'><strong>θεωρίας⁸</strong></span> <span class='ocrx_word' id='word_1_802' title='bbox 1445 5091 1540 5144; x_wconf 78' lang='grc' dir='ltr'><strong>καὶ</strong></span> <span class='ocrx_word' id='word_1_803' title='bbox 1562 5072 1673 5144; x_wconf 80' lang='grc' dir='ltr'>ὦτα</span> 
     </span>
    </p>
   </div>
   <div class='ocr_carea' id='block_1_98' title="bbox 112 5165 1671 5255">
    <p class='ocr_par' dir='ltr' id='par_1_98' title="bbox 112 5165 1671 5255">
     <span class='ocr_line' id='line_1_98' title="bbox 112 5165 1671 5255; baseline 0.012 -36"><span class='ocrx_word' id='word_1_804' title='bbox 112 5165 215 5237; x_wconf 86' lang='grc' dir='ltr'>ἱερά</span> <span class='ocrx_word' id='word_1_805' title='bbox 234 5176 348 5237; x_wconf 89' lang='grc' dir='ltr'>ταῖς</span> <span class='ocrx_word' id='word_1_806' title='bbox 367 5174 704 5240; x_wconf 79' lang='grc' dir='ltr'>ἀναπτύξεσι</span> <span class='ocrx_word' id='word_1_807' title='bbox 720 5175 828 5231; x_wconf 85' lang='grc' dir='ltr'><strong>τῶν</strong></span> <span class='ocrx_word' id='word_1_808' title='bbox 846 5177 1007 5233; x_wconf 86' lang='grc' dir='ltr'>θείων</span> <span class='ocrx_word' id='word_1_809' title='bbox 1030 5181 1310 5252; x_wconf 85' lang='grc' dir='ltr'>ὀνομάτων</span> <span class='ocrx_word' id='word_1_810' title='bbox 1333 5182 1671 5255; x_wconf 88' lang='grc' dir='ltr'>παραθώμε-</span> 
     </span>
    </p>
   </div>
   <div class='ocr_carea' id='block_1_99' title="bbox 109 5255 1677 5346">
    <p class='ocr_par' dir='ltr' id='par_1_99' title="bbox 109 5255 1677 5346">
     <span class='ocr_line' id='line_1_99' title="bbox 109 5255 1677 5346; baseline 0.015 -36"><span class='ocrx_word' id='word_1_811' title='bbox 109 5255 182 5324; x_wconf 86' lang='grc' dir='ltr'><strong>θα,</strong></span> <span class='ocrx_word' id='word_1_812' title='bbox 199 5264 529 5337; x_wconf 82' lang='grc' dir='ltr'>ὲνιδρύοντες</span> <span class='ocrx_word' id='word_1_813' title='bbox 550 5268 619 5322; x_wconf 74' lang='grc' dir='ltr'>τὰ</span> <span class='ocrx_word' id='word_1_814' title='bbox 640 5270 770 5338; x_wconf 79' lang='grc' dir='ltr'>ἅγια</span> <span class='ocrx_word' id='word_1_815' title='bbox 786 5270 942 5342; x_wconf 86' lang='grc' dir='ltr'>λογία</span> <span class='ocrx_word' id='word_1_816' title='bbox 958 5276 1069 5338; x_wconf 91' lang='grc' dir='ltr'>τοῖς</span> <span class='ocrx_word' id='word_1_817' title='bbox 1090 5274 1264 5343; x_wconf 86' lang='grc' dir='ltr'>ἀγίοις</span> <span class='ocrx_word' id='word_1_818' title='bbox 1285 5275 1406 5342; x_wconf 75' lang='grc' dir='ltr'>ὠσὶ,</span> <span class='ocrx_word' id='word_1_819' title='bbox 1424 5278 1520 5332; x_wconf 81' lang='grc' dir='ltr'>καὶ</span> <span class='ocrx_word' id='word_1_820' title='bbox 1537 5279 1677 5346; x_wconf 71' lang='grc' dir='ltr'>ἐξαι-</span> 
     </span>
    </p>
   </div>
   <div class='ocr_carea' id='block_1_100' title="bbox 111 5352 1666 5441">
    <p class='ocr_par' dir='ltr' id='par_1_100' title="bbox 111 5352 1666 5441">
     <span class='ocr_line' id='line_1_100' title="bbox 111 5352 1666 5441; baseline 0.014 -36"><span class='ocrx_word' id='word_1_821' title='bbox 111 5352 335 5441; x_wconf 58' lang='grc' dir='ltr'>ρούμενοι</span> <span class='ocrx_word' id='word_1_822' title='bbox 362 5360 474 5413; x_wconf 88' lang='grc' dir='ltr'><strong>τῶν</strong></span> <span class='ocrx_word' id='word_1_823' title='bbox 509 5362 739 5434; x_wconf 87' lang='grc' dir='ltr'>ἀνιέρων</span> <span class='ocrx_word' id='word_1_824' title='bbox 764 5364 1015 5433; x_wconf 85' lang='grc' dir='ltr'>γελώτων</span> <span class='ocrx_word' id='word_1_825' title='bbox 1050 5369 1145 5422; x_wconf 76' lang='grc' dir='ltr'>καὶ</span> <span class='ocrx_word' id='word_1_826' title='bbox 1195 5369 1544 5441; x_wconf 82' lang='grc' dir='ltr'>ἐμπαιγμῶν,</span> <span class='ocrx_word' id='word_1_827' title='bbox 1571 5372 1666 5438; x_wconf 81' lang='grc' dir='ltr'>οὓς</span> 
     </span>
    </p>
   </div>
   <div class='ocr_carea' id='block_1_101' title="bbox 107 5437 1664 5530">
    <p class='ocr_par' dir='ltr' id='par_1_101' title="bbox 107 5437 1664 5530">
     <span class='ocr_line' id='line_1_101' title="bbox 107 5437 1664 5530; baseline 0.012 -33"><span class='ocrx_word' id='word_1_828' title='bbox 107 5437 285 5508; x_wconf 63' lang='grc' dir='ltr'>ἐγέλων</span> <span class='ocrx_word' id='word_1_829' title='bbox 306 5450 355 5502; x_wconf 79' lang='lat' dir='ltr'><strong>oi</strong></span> <span class='ocrx_word' id='word_1_830' title='bbox 383 5450 646 5521; x_wconf 84' lang='grc' dir='ltr'>Ἕλληνες</span> <span class='ocrx_word' id='word_1_831' title='bbox 662 5457 856 5523; x_wconf 86' lang='grc' dir='ltr'>παχεῖς</span> <span class='ocrx_word' id='word_1_832' title='bbox 877 5457 972 5510; x_wconf 76' lang='grc' dir='ltr'>καὶ</span> <span class='ocrx_word' id='word_1_833' title='bbox 990 5437 1420 5530; x_wconf 71' lang='grc' dir='ltr'>σάρκινοιόντες,</span> <span class='ocrx_word' id='word_1_834' title='bbox 1435 5437 1664 5516; x_wconf 54' lang='grc' dir='ltr'>ἀκούονέ</span> 
     </span>
    </p>
   </div>
   <div class='ocr_carea' id='block_1_102' title="bbox 107 5539 1663 5625">
    <p class='ocr_par' dir='ltr' id='par_1_102' title="bbox 107 5539 1663 5625">
     <span class='ocr_line' id='line_1_102' title="bbox 107 5539 1663 5625; baseline 0.013 -36"><span class='ocrx_word' id='word_1_835' title='bbox 107 5547 213 5599; x_wconf 77' lang='grc' dir='ltr'>τες·</span> <span class='ocrx_word' id='word_1_836' title='bbox 255 5539 453 5610; x_wconf 78' lang='grc' dir='ltr'>μᾶλλον</span> <span class='ocrx_word' id='word_1_837' title='bbox 512 5542 604 5608; x_wconf 85' lang='grc' dir='ltr'>δὲ,</span> <span class='ocrx_word' id='word_1_838' title='bbox 642 5543 765 5598; x_wconf 73' lang='grc' dir='ltr'>ἐπεὶ</span> <span class='ocrx_word' id='word_1_839' title='bbox 815 5544 1083 5619; x_wconf 89' lang='grc' dir='ltr'>θεομαχία</span> <span class='ocrx_word' id='word_1_840' title='bbox 1143 5551 1387 5622; x_wconf 87' lang='grc' dir='ltr'>κρίνεται</span> <span class='ocrx_word' id='word_1_841' title='bbox 1427 5554 1486 5607; x_wconf 90' lang='grc' dir='ltr'>τὸ</span> <span class='ocrx_word' id='word_1_842' title='bbox 1524 5557 1663 5625; x_wconf 87' lang='grc' dir='ltr'><strong>μετά</strong></span> 
     </span>
    </p>
   </div>
   <div class='ocr_carea' id='block_1_103' title="bbox 166 5676 1073 5750">
    <p class='ocr_par' dir='ltr' id='par_1_103' title="bbox 166 5676 1073 5750">
     <span class='ocr_line' id='line_1_103' title="bbox 166 5676 1073 5750; baseline 0.007 -19"><span class='ocrx_word' id='word_1_843' title='bbox 166 5687 189 5715; x_wconf 79' lang='grc' dir='ltr'>ι</span> <span class='ocrx_word' id='word_1_844' title='bbox 214 5676 367 5737; x_wconf 87' lang='lat' dir='ltr'><strong>Rom.</strong></span> <span class='ocrx_word' id='word_1_845' title='bbox 398 5698 474 5750; x_wconf 79' lang='lat' dir='ltr'><strong>tv,</strong></span> <span class='ocrx_word' id='word_1_846' title='bbox 508 5684 595 5738; x_wconf 82' lang='lat' dir='ltr'><strong>l7.</strong></span> <span class='ocrx_word' id='word_1_847' title='bbox 696 5686 725 5727; x_wconf 72' lang='grc' dir='ltr'>ιι</span> <span class='ocrx_word' id='word_1_848' title='bbox 761 5683 904 5742; x_wconf 85' lang='lat' dir='ltr'><strong>Psal.</strong></span> <span class='ocrx_word' id='word_1_849' title='bbox 937 5699 992 5748; x_wconf 86' lang='lat' dir='ltr'><strong>x,</strong></span> <span class='ocrx_word' id='word_1_850' title='bbox 1021 5683 1073 5737; x_wconf 89' lang='lat'><strong>5.</strong></span> 
     </span>
    </p>
   </div>
   <div class='ocr_carea' id='block_1_104' title="bbox 1154 5683 1962 5761">
    <p class='ocr_par' dir='ltr' id='par_1_104' title="bbox 1154 5683 1962 5761">
     <span class='ocr_line' id='line_1_104' title="bbox 1154 5683 1962 5761; baseline 0.014 -21"><span class='ocrx_word' id='word_1_851' title='bbox 1154 5696 1175 5723; x_wconf 74' lang='grc' dir='ltr'><strong><em>ο</em></strong></span> <span class='ocrx_word' id='word_1_852' title='bbox 1201 5683 1315 5741; x_wconf 83' lang='lat' dir='ltr'><strong>Jac.</strong></span> <span class='ocrx_word' id='word_1_853' title='bbox 1348 5703 1402 5755; x_wconf 75' lang='grc' dir='ltr'><strong>ν,</strong></span> <span class='ocrx_word' id='word_1_854' title='bbox 1437 5691 1487 5742; x_wconf 63' lang='grc'><strong>4.</strong></span> <span class='ocrx_word' id='word_1_855' title='bbox 1565 5687 1592 5727; x_wconf 78' lang='grc' dir='ltr'>ἀ</span> <span class='ocrx_word' id='word_1_856' title='bbox 1625 5690 1758 5746; x_wconf 87' lang='lat' dir='ltr'><strong>Dan.</strong></span> <span class='ocrx_word' id='word_1_857' title='bbox 1792 5713 1886 5761; x_wconf 85' lang='lat' dir='ltr'><strong>vn,</strong></span> <span class='ocrx_word' id='word_1_858' title='bbox 1910 5701 1962 5753; x_wconf 87' lang='lat'><strong>9.</strong></span> 
     </span>
    </p>
   </div>
   <div class='ocr_carea' id='block_1_105' title="bbox 1781 4630 3360 4710">
    <p class='ocr_par' dir='ltr' id='par_1_105' title="bbox 1781 4630 3360 4710">
     <span class='ocr_line' id='line_1_105' title="bbox 1781 4630 3360 4710; baseline 0.005 -27"><span class='ocrx_word' id='word_1_859' title='bbox 1781 4630 1887 4685; x_wconf 90' lang='lat' dir='ltr'><strong>tive</strong></span> <span class='ocrx_word' id='word_1_860' title='bbox 1910 4632 2274 4699; x_wconf 80' lang='lat' dir='ltr'><strong>nominamus.</strong></span> <span class='ocrx_word' id='word_1_861' title='bbox 2300 4635 2633 4696; x_wconf 80' lang='lat' dir='ltr'><strong>Allirmative</strong></span> <span class='ocrx_word' id='word_1_862' title='bbox 2654 4642 2906 4709; x_wconf 84' lang='lat' dir='ltr'><strong>quidem,</strong></span> <span class='ocrx_word' id='word_1_863' title='bbox 2938 4651 3191 4710; x_wconf 89' lang='lat' dir='ltr'><strong>tanquam</strong></span> <span class='ocrx_word' id='word_1_864' title='bbox 3224 4655 3360 4694; x_wconf 88' lang='lat' dir='ltr'><strong>cau-</strong></span> 
     </span>
    </p>
   </div>
   <div class='ocr_carea' id='block_1_106' title="bbox 1776 4721 3361 4802">
    <p class='ocr_par' dir='ltr' id='par_1_106' title="bbox 1776 4721 3361 4802">
     <span class='ocr_line' id='line_1_106' title="bbox 1776 4721 3361 4802; baseline 0.007 -26"><span class='ocrx_word' id='word_1_865' title='bbox 1776 4735 1891 4776; x_wconf 85' lang='lat' dir='ltr'><strong>sam</strong></span> <span class='ocrx_word' id='word_1_866' title='bbox 1922 4737 1989 4776; x_wconf 86' lang='lat' dir='ltr'><strong>ex</strong></span> <span class='ocrx_word' id='word_1_867' title='bbox 2003 4721 2248 4789; x_wconf 72' lang='lat' dir='ltr'><strong>eITectis;</strong></span> <span class='ocrx_word' id='word_1_868' title='bbox 2271 4729 2519 4795; x_wconf 75' lang='lat' dir='ltr'><strong>negative</strong></span> <span class='ocrx_word' id='word_1_869' title='bbox 2545 4748 2697 4797; x_wconf 84' lang='lat' dir='ltr'><strong>vero,</strong></span> <span class='ocrx_word' id='word_1_870' title='bbox 2716 4744 2777 4786; x_wconf 90' lang='grc' dir='ltr'><strong>ιιι</strong></span> <span class='ocrx_word' id='word_1_871' title='bbox 2803 4734 2893 4802; x_wconf 82' lang='grc' dir='ltr'>ιιιιί</span> <span class='ocrx_word' id='word_1_872' title='bbox 2921 4733 3055 4787; x_wconf 91' lang='lat' dir='ltr'><strong>nihil</strong></span> <span class='ocrx_word' id='word_1_873' title='bbox 3080 4734 3152 4787; x_wconf 90' lang='lat' dir='ltr'><strong>sit</strong></span> <span class='ocrx_word' id='word_1_874' title='bbox 3168 4748 3361 4788; x_wconf 88' lang='lat' dir='ltr'><strong>eorum</strong></span> 
     </span>
    </p>
   </div>
   <div class='ocr_carea' id='block_1_107' title="bbox 1774 4817 3359 4894">
    <p class='ocr_par' dir='ltr' id='par_1_107' title="bbox 1774 4817 3359 4894">
     <span class='ocr_line' id='line_1_107' title="bbox 1774 4817 3359 4894; baseline 0.008 -26"><span class='ocrx_word' id='word_1_875' title='bbox 1774 4830 1897 4885; x_wconf 71' lang='lat' dir='ltr'><strong>quae</strong></span> <span class='ocrx_word' id='word_1_876' title='bbox 1908 4826 2055 4871; x_wconf 86' lang='lat' dir='ltr'><strong>sunt.</strong></span> <span class='ocrx_word' id='word_1_877' title='bbox 2069 4817 2151 4871; x_wconf 87' lang='lat' dir='ltr'><strong>Ad</strong></span> <span class='ocrx_word' id='word_1_878' title='bbox 2175 4818 2597 4878; x_wconf 74' lang='lat' dir='ltr'><strong>declarationem</strong></span> <span class='ocrx_word' id='word_1_879' title='bbox 2615 4818 2942 4894; x_wconf 85' lang='lat' dir='ltr'><strong>spiritalium</strong></span> <span class='ocrx_word' id='word_1_880' title='bbox 2962 4825 3055 4881; x_wconf 85' lang='lat' dir='ltr'><strong>Dei</strong></span> <span class='ocrx_word' id='word_1_881' title='bbox 3073 4826 3359 4880; x_wconf 89' lang='lat' dir='ltr'><strong>nominum</strong></span> 
     </span>
    </p>
   </div>
   <div class='ocr_carea' id='block_1_108' title="bbox 1775 4911 3354 4987">
    <p class='ocr_par' dir='ltr' id='par_1_108' title="bbox 1775 4911 3354 4987">
     <span class='ocr_line' id='line_1_108' title="bbox 1775 4911 3354 4987; baseline 0.008 -28"><span class='ocrx_word' id='word_1_882' title='bbox 1775 4911 2077 4965; x_wconf 89' lang='lat' dir='ltr'><strong>veniamus.</strong></span> <span class='ocrx_word' id='word_1_883' title='bbox 2110 4911 2176 4966; x_wconf 82' lang='lat' dir='ltr'><strong>Et</strong></span> <span class='ocrx_word' id='word_1_884' title='bbox 2204 4929 2326 4967; x_wconf 83' lang='lat' dir='ltr'><strong>cum</strong></span> <span class='ocrx_word' id='word_1_885' title='bbox 2352 4915 2405 4967; x_wconf 93' lang='lat' dir='ltr'><strong>in</strong></span> <span class='ocrx_word' id='word_1_886' title='bbox 2430 4916 2577 4970; x_wconf 91' lang='lat' dir='ltr'><strong>omni</strong></span> <span class='ocrx_word' id='word_1_887' title='bbox 2600 4916 2867 4987; x_wconf 64' lang='lat' dir='ltr'><strong>theol03ia</strong></span> <span class='ocrx_word' id='word_1_888' title='bbox 2896 4918 3053 4972; x_wconf 89' lang='lat' dir='ltr'><strong>nobis</strong></span> <span class='ocrx_word' id='word_1_889' title='bbox 3087 4917 3173 4973; x_wconf 69' lang='lat' dir='ltr'><strong>lex</strong></span> <span class='ocrx_word' id='word_1_890' title='bbox 3199 4932 3354 4971; x_wconf 82' lang='lat' dir='ltr'><strong>sacra</strong></span> 
     </span>
    </p>
   </div>
   <div class='ocr_carea' id='block_1_109' title="bbox 1777 5001 3355 5079">
    <p class='ocr_par' dir='ltr' id='par_1_109' title="bbox 1777 5001 3355 5079">
     <span class='ocr_line' id='line_1_109' title="bbox 1777 5001 3355 5079; baseline 0.007 -25"><span class='ocrx_word' id='word_1_891' title='bbox 1777 5001 2074 5072; x_wconf 68' lang='lat' dir='ltr'><strong>prmcipiat,</strong></span> <span class='ocrx_word' id='word_1_892' title='bbox 2111 5015 2297 5060; x_wconf 84' lang='lat' dir='ltr'><strong>sancte</strong></span> <span class='ocrx_word' id='word_1_893' title='bbox 2319 5006 2569 5072; x_wconf 90' lang='lat' dir='ltr'><strong>videnda,</strong></span> <span class='ocrx_word' id='word_1_894' title='bbox 2591 5019 2780 5065; x_wconf 88' lang='lat' dir='ltr'><strong>sancte</strong></span> <span class='ocrx_word' id='word_1_895' title='bbox 2796 5010 3148 5079; x_wconf 82' lang='lat' dir='ltr'><strong>proferenda,</strong></span> <span class='ocrx_word' id='word_1_896' title='bbox 3166 5020 3355 5065; x_wconf 88' lang='lat' dir='ltr'><strong>sancte</strong></span> 
     </span>
    </p>
   </div>
   <div class='ocr_carea' id='block_1_110' title="bbox 1776 5092 3352 5170">
    <p class='ocr_par' dir='ltr' id='par_1_110' title="bbox 1776 5092 3352 5170">
     <span class='ocr_line' id='line_1_110' title="bbox 1776 5092 3352 5170; baseline 0.006 -24"><span class='ocrx_word' id='word_1_897' title='bbox 1776 5092 2041 5149; x_wconf 88' lang='lat' dir='ltr'><strong>audienda</strong></span> <span class='ocrx_word' id='word_1_898' title='bbox 2073 5109 2197 5152; x_wconf 84' lang='lat' dir='ltr'><strong>esse</strong></span> <span class='ocrx_word' id='word_1_899' title='bbox 2221 5113 2407 5166; x_wconf 87' lang='lat' dir='ltr'><strong>sacra;</strong></span> <span class='ocrx_word' id='word_1_900' title='bbox 2437 5102 2518 5155; x_wconf 89' lang='lat' dir='ltr'><strong>sic</strong></span> <span class='ocrx_word' id='word_1_901' title='bbox 2540 5101 2835 5157; x_wconf 89' lang='lat' dir='ltr'><strong>deil&#39;ormes</strong></span> <span class='ocrx_word' id='word_1_902' title='bbox 2863 5101 3352 5170; x_wconf 89' lang='lat' dir='ltr'><strong>contemplationes</strong></span> 
     </span>
    </p>
   </div>
   <div class='ocr_carea' id='block_1_111' title="bbox 1777 5185 3354 5259">
    <p class='ocr_par' dir='ltr' id='par_1_111' title="bbox 1777 5185 3354 5259">
     <span class='ocr_line' id='line_1_111' title="bbox 1777 5185 3354 5259; baseline 0.006 -22"><span class='ocrx_word' id='word_1_903' title='bbox 1777 5185 1961 5241; x_wconf 86' lang='lat' dir='ltr'><strong>divina</strong></span> <span class='ocrx_word' id='word_1_904' title='bbox 1992 5200 2171 5247; x_wconf 88' lang='lat' dir='ltr'><strong>mente</strong></span> <span class='ocrx_word' id='word_1_905' title='bbox 2200 5193 2531 5259; x_wconf 87' lang='lat' dir='ltr'><strong>intueamur,</strong></span> <span class='ocrx_word' id='word_1_906' title='bbox 2559 5204 2616 5250; x_wconf 92' lang='lat' dir='ltr'><strong>et</strong></span> <span class='ocrx_word' id='word_1_907' title='bbox 2646 5209 2835 5250; x_wconf 83' lang='lat' dir='ltr'><strong>sacras</strong></span> <span class='ocrx_word' id='word_1_908' title='bbox 2861 5209 3023 5249; x_wconf 87' lang='lat' dir='ltr'><strong>aures</strong></span> <span class='ocrx_word' id='word_1_909' title='bbox 3069 5195 3244 5250; x_wconf 86' lang='lat' dir='ltr'><strong>sacris</strong></span> <span class='ocrx_word' id='word_1_910' title='bbox 3267 5194 3354 5247; x_wconf 63' lang='lat' dir='ltr'><strong>di»</strong></span> 
     </span>
    </p>
   </div>
   <div class='ocr_carea' id='block_1_112' title="bbox 1772 5278 3355 5357">
    <p class='ocr_par' dir='ltr' id='par_1_112' title="bbox 1772 5278 3355 5357">
     <span class='ocr_line' id='line_1_112' title="bbox 1772 5278 3355 5357; baseline 0.006 -28"><span class='ocrx_word' id='word_1_911' title='bbox 1772 5278 2023 5334; x_wconf 75' lang='lat' dir='ltr'><strong>vitiorum</strong></span> <span class='ocrx_word' id='word_1_912' title='bbox 2056 5284 2335 5338; x_wconf 90' lang='lat' dir='ltr'><strong>nominum</strong></span> <span class='ocrx_word' id='word_1_913' title='bbox 2390 5286 2933 5357; x_wconf 89' lang='lat' dir='ltr'><strong>interpretationibus</strong></span> <span class='ocrx_word' id='word_1_914' title='bbox 2964 5286 3355 5348; x_wconf 84' lang='lat' dir='ltr'><strong>adhibeamus,</strong></span> 
     </span>
    </p>
   </div>
   <div class='ocr_carea' id='block_1_113' title="bbox 1774 5372 3350 5447">
    <p class='ocr_par' dir='ltr' id='par_1_113' title="bbox 1774 5372 3350 5447">
     <span class='ocr_line' id='line_1_113' title="bbox 1774 5372 3350 5447; baseline 0.006 -22"><span class='ocrx_word' id='word_1_915' title='bbox 1774 5372 1988 5441; x_wconf 79' lang='lat' dir='ltr'><strong>eloquia</strong></span> <span class='ocrx_word' id='word_1_916' title='bbox 2017 5386 2206 5431; x_wconf 87' lang='lat' dir='ltr'><strong>sancta</strong></span> <span class='ocrx_word' id='word_1_917' title='bbox 2242 5380 2449 5434; x_wconf 86' lang='lat' dir='ltr'><strong>sanctis</strong></span> <span class='ocrx_word' id='word_1_918' title='bbox 2479 5382 2704 5437; x_wconf 87' lang='lat' dir='ltr'><strong>auribus</strong></span> <span class='ocrx_word' id='word_1_919' title='bbox 2731 5380 3060 5436; x_wconf 87' lang='lat' dir='ltr'><strong>instillantes</strong></span> <span class='ocrx_word' id='word_1_920' title='bbox 3084 5390 3141 5433; x_wconf 92' lang='lat' dir='ltr'><strong>et</strong></span> <span class='ocrx_word' id='word_1_921' title='bbox 3161 5396 3190 5432; x_wconf 79' lang='grc' dir='ltr'><strong>ιι</strong></span> <span class='ocrx_word' id='word_1_922' title='bbox 3221 5394 3350 5447; x_wconf 78' lang='lat' dir='ltr'><strong>pro~</strong></span> 
     </span>
    </p>
   </div>
   <div class='ocr_carea' id='block_1_114' title="bbox 1774 5464 3349 5536">
    <p class='ocr_par' dir='ltr' id='par_1_114' title="bbox 1774 5464 3349 5536">
     <span class='ocr_line' id='line_1_114' title="bbox 1774 5464 3349 5536; baseline 0.007 -22"><span class='ocrx_word' id='word_1_923' title='bbox 1774 5464 1917 5520; x_wconf 87' lang='lat' dir='ltr'><strong>I&#39;auis</strong></span> <span class='ocrx_word' id='word_1_924' title='bbox 1966 5465 2311 5525; x_wconf 88' lang='lat' dir='ltr'><strong>irrisionibus</strong></span> <span class='ocrx_word' id='word_1_925' title='bbox 2348 5481 2404 5528; x_wconf 93' lang='lat' dir='ltr'><strong>et</strong></span> <span class='ocrx_word' id='word_1_926' title='bbox 2446 5473 2786 5530; x_wconf 90' lang='lat' dir='ltr'><strong>illusiouibus</strong></span> <span class='ocrx_word' id='word_1_927' title='bbox 2833 5471 3200 5533; x_wconf 84' lang='lat' dir='ltr'><strong>vindicantes,</strong></span> <span class='ocrx_word' id='word_1_928' title='bbox 3229 5484 3349 5536; x_wconf 85' lang='lat' dir='ltr'><strong>eos,</strong></span> 
     </span>
    </p>
   </div>
   <div class='ocr_carea' id='block_1_115' title="bbox 1770 5561 3346 5631">
    <p class='ocr_par' dir='ltr' id='par_1_115' title="bbox 1770 5561 3346 5631">
     <span class='ocr_line' id='line_1_115' title="bbox 1770 5561 3346 5631; baseline 0.001 -18"><span class='ocrx_word' id='word_1_929' title='bbox 1770 5571 1908 5626; x_wconf 85' lang='lat' dir='ltr'><strong>quos</strong></span> <span class='ocrx_word' id='word_1_930' title='bbox 1940 5561 2171 5629; x_wconf 72' lang='lat' dir='ltr'><strong>gentiles</strong></span> <span class='ocrx_word' id='word_1_931' title='bbox 2206 5562 2282 5616; x_wconf 90' lang='lat' dir='ltr'><strong>illi</strong></span> <span class='ocrx_word' id='word_1_932' title='bbox 2311 5566 2483 5620; x_wconf 85' lang='lat' dir='ltr'><strong>crassi</strong></span> <span class='ocrx_word' id='word_1_933' title='bbox 2514 5575 2570 5621; x_wconf 88' lang='lat' dir='ltr'><strong>et</strong></span> <span class='ocrx_word' id='word_1_934' title='bbox 2607 5565 2878 5631; x_wconf 85' lang='lat' dir='ltr'><strong>carnales,</strong></span> <span class='ocrx_word' id='word_1_935' title='bbox 2909 5564 3037 5619; x_wconf 85' lang='lat' dir='ltr'><strong>dum</strong></span> <span class='ocrx_word' id='word_1_936' title='bbox 3067 5561 3346 5627; x_wconf 83' lang='lat' dir='ltr'><strong>audirent,</strong></span> 
     </span>
    </p>
   </div>
   <div class='ocr_carea' id='block_1_116' title="bbox 2065 5699 3342 5769">
    <p class='ocr_par' dir='ltr' id='par_1_116' title="bbox 2065 5699 3342 5769">
     <span class='ocr_line' id='line_1_116' title="bbox 2065 5699 3342 5769; baseline 0.002 -16"><span class='ocrx_word' id='word_1_937' title='bbox 2065 5713 2086 5739; x_wconf 75' lang='grc' dir='ltr'>ο</span> <span class='ocrx_word' id='word_1_938' title='bbox 2114 5699 2256 5755; x_wconf 84' lang='lat' dir='ltr'><strong>Psal.</strong></span> <span class='ocrx_word' id='word_1_939' title='bbox 2289 5719 2490 5769; x_wconf 58' lang='grc' dir='ltr'>χχχιιι,</span> <span class='ocrx_word' id='word_1_940' title='bbox 2532 5706 2619 5761; x_wconf 86' lang='lat' dir='ltr'><strong>l7.</strong></span> <span class='ocrx_word' id='word_1_941' title='bbox 2726 5704 2874 5761; x_wconf 75' lang='lat' dir='ltr'><strong>f.lob</strong></span> <span class='ocrx_word' id='word_1_942' title='bbox 2906 5723 2961 5766; x_wconf 67' lang='grc' dir='ltr'>τ.</span> <span class='ocrx_word' id='word_1_943' title='bbox 2985 5706 3038 5761; x_wconf 88' lang='grc'><strong>8.</strong></span> <span class='ocrx_word' id='word_1_944' title='bbox 3146 5707 3169 5743; x_wconf 64' lang='grc' dir='ltr'><strong>Β</strong></span> <span class='ocrx_word' id='word_1_945' title='bbox 3196 5704 3342 5759; x_wconf 82' lang='lat' dir='ltr'><strong>Psal.</strong></span> 
     </span>
    </p>
   </div>
   <div class='ocr_carea' id='block_1_117' title="bbox 110 5751 1677 5847">
    <p class='ocr_par' dir='ltr' id='par_1_117' title="bbox 110 5751 1677 5847">
     <span class='ocr_line' id='line_1_117' title="bbox 110 5751 1677 5847; baseline 0.006 -45"><span class='ocrx_word' id='word_1_946' title='bbox 110 5751 247 5847; x_wconf 36' lang='lat'><strong>“2&amp;4.</strong></span> <span class='ocrx_word' id='word_1_947' title='bbox 324 5751 350 5788; x_wconf 79' lang='grc'>¹⁶</span> <span class='ocrx_word' id='word_1_948' title='bbox 378 5752 525 5807; x_wconf 88' lang='lat' dir='ltr'><strong>Psal.</strong></span> <span class='ocrx_word' id='word_1_949' title='bbox 563 5771 673 5818; x_wconf 86' lang='lat' dir='ltr'><strong>xvt,</strong></span> <span class='ocrx_word' id='word_1_950' title='bbox 708 5759 762 5815; x_wconf 87' lang='lat'><strong>9.</strong></span> <span class='ocrx_word' id='word_1_951' title='bbox 842 5758 858 5797; x_wconf 79' lang='grc' dir='ltr'><strong>ί</strong></span> <span class='ocrx_word' id='word_1_952' title='bbox 898 5755 1043 5847; x_wconf 52' lang='lat' dir='ltr'><strong>Bsal.</strong></span> <span class='ocrx_word' id='word_1_953' title='bbox 1075 5772 1336 5812; x_wconf 72' lang='lat' dir='ltr'><strong>vaxt&#39;ttt.</strong></span> <span class='ocrx_word' id='word_1_954' title='bbox 1389 5751 1441 5802; x_wconf 21' lang='lat' dir='ltr'><strong>7k</strong></span> <span class='ocrx_word' id='word_1_955' title='bbox 1472 5761 1677 5818; x_wconf 63' lang='lat' dir='ltr'><strong>Exotl.;</strong></span> 
     </span>
     <span class='ocr_line' id='line_1_118' title="bbox 112 5822 1131 5847; baseline 0 0"><span class='ocrx_word' id='word_1_956' title='bbox 112 5827 121 5847; x_wconf 91' lang='lat' dir='ltr'><strong>I</strong></span> <span class='ocrx_word' id='word_1_957' title='bbox 284 5832 307 5847; x_wconf 63' lang='grc' dir='ltr'><strong>Ι.</strong></span> <span class='ocrx_word' id='word_1_958' title='bbox 329 5822 389 5847; x_wconf 69' lang='grc' dir='ltr'><strong>Ιὶη</strong></span> <span class='ocrx_word' id='word_1_959' title='bbox 403 5825 448 5847; x_wconf 64' lang='grc' dir='ltr'><strong>.-Ι</strong></span> <span class='ocrx_word' id='word_1_960' title='bbox 501 5843 511 5847; x_wconf 87' lang='grc'><strong><em>-</em></strong></span> <span class='ocrx_word' id='word_1_961' title='bbox 537 5842 563 5847; x_wconf 84' lang='grc'><strong><em>--</em></strong></span> <span class='ocrx_word' id='word_1_962' title='bbox 577 5841 661 5847; x_wconf 70' lang='grc'><strong>-.---</strong></span> <span class='ocrx_word' id='word_1_963' title='bbox 716 5833 746 5847; x_wconf 75' lang='grc' dir='ltr'><strong>ιι</strong></span> <span class='ocrx_word' id='word_1_964' title='bbox 847 5837 871 5847; x_wconf 76' lang='grc' dir='ltr'>-ι</span> <span class='ocrx_word' id='word_1_965' title='bbox 942 5842 1035 5847; x_wconf 70' lang='grc' dir='ltr'><strong>μη--</strong></span> <span class='ocrx_word' id='word_1_966' title='bbox 1086 5843 1131 5847; x_wconf 34' lang='grc' dir='ltr'><strong>--γ</strong></span> 
     </span>
    </p>
   </div>
   <div class='ocr_carea' id='block_1_118' title="bbox 1896 5751 3342 5847">
    <p class='ocr_par' dir='ltr' id='par_1_118' title="bbox 1896 5751 3342 5847">
     <span class='ocr_line' id='line_1_119' title="bbox 1896 5751 3342 5847; baseline 0.003 -24"><span class='ocrx_word' id='word_1_967' title='bbox 1896 5751 1984 5826; x_wconf 64' lang='lat'><strong>~25.</strong></span> <span class='ocrx_word' id='word_1_968' title='bbox 2072 5751 2724 5843; x_wconf 53' lang='lat' dir='ltr'><strong>ncz‘.;;;;r,&quot;31&quot;nlii.a.</strong></span> <span class='ocrx_word' id='word_1_969' title='bbox 2757 5751 2906 5847; x_wconf 63' lang='grc' dir='ltr'>ιῖξιν,</span> <span class='ocrx_word' id='word_1_970' title='bbox 2944 5751 3028 5833; x_wconf 68' lang='grc' dir='ltr'><strong>ἐξ.</strong></span> <span class='ocrx_word' id='word_1_971' title='bbox 3108 5786 3132 5814; x_wconf 85' lang='grc' dir='ltr'><strong>ιι</strong></span> <span class='ocrx_word' id='word_1_972' title='bbox 3167 5780 3342 5832; x_wconf 80' lang='lat' dir='ltr'><strong>Itcbr.</strong></span> 
     </span>
    </p>
   </div>
   <div class='ocr_carea' id='block_1_119' title="bbox 112 5818 1153 5895">
    <p class='ocr_par' dir='ltr' id='par_1_119' title="bbox 112 5818 1153 5895">
     <span class='ocr_line' id='line_1_120' title="bbox 112 5818 1153 5895; baseline 0.011 -24"><span class='ocrx_word' id='word_1_973' title='bbox 112 5827 140 5871; x_wconf 87' lang='lat' dir='ltr'><strong>I.</strong></span> <span class='ocrx_word' id='word_1_974' title='bbox 164 5818 208 5873; x_wconf 88' lang='grc'><strong>8.</strong></span> <span class='ocrx_word' id='word_1_975' title='bbox 284 5822 470 5880; x_wconf 67' lang='grc' dir='ltr'><strong>υιδειιΙ.</strong></span> <span class='ocrx_word' id='word_1_976' title='bbox 498 5841 686 5895; x_wconf 64' lang='lat' dir='ltr'><strong>ustv,</strong></span> <span class='ocrx_word' id='word_1_977' title='bbox 715 5833 766 5887; x_wconf 87' lang='lat'><strong>8.</strong></span> <span class='ocrx_word' id='word_1_978' title='bbox 844 5837 872 5879; x_wconf 74' lang='grc' dir='ltr'>ι)</span> <span class='ocrx_word' id='word_1_979' title='bbox 894 5824 1056 5883; x_wconf 82' lang='lat' dir='ltr'><strong>Prov.</strong></span> <span class='ocrx_word' id='word_1_980' title='bbox 1083 5843 1153 5883; x_wconf 69' lang='grc' dir='ltr'>ιι.</span> 
     </span>
    </p>
   </div>
  </div>
