3742 6342
362 385 473 444 635

1528 383 1587 445 S.
1632 384 1933 443 DIONYSII
1973 382 2434 439 AREOPAGlT/E

3520 386 3616 441 ὥδ

368 503 686 560 irridebant.
732 490 1005 569 Quinimo,
1028 518 1151 557 cum
1176 501 1447 572 quoddam
1481 503 1742 558 adversus
1773 503 1845 557 De

2135 504 2374 575 ταιγμὼν
2416 504 2509 558 καὶ
2534 504 2985 576 καταφρονήσεων
3040 500 3254 555 ἀκούειν
3298 498 3409 554 τῶν
3444 499 3613 563 θείων,

366 596 570 652 bellum
594 606 914 658 'censeatur,
944 596 986 649 si
1019 611 1105 649 res
1134 596 1330 649 divina:
1361 612 1480 649 cum
1527 595 1868 650 illusionibus
1894 603 1949 649 et

366 688 710 756 despectibus
734 686 1048 755 audiantur,
1077 688 1120 742 si
1166 686 1282 741 fieri
1320 688 1515 757 possit,
1547 702 1643 741 eos
1686 688 1778 755 qui
1820 696 1949 740 sunt

369 781 533 842 tales,
559 780 627 834 ab
656 781 758 835 b'oc
786 796 910 834 cum
938 779 1046 835 Deo
1069 780 1214 835 bello
1241 794 1577 835 revocemus.
1609 779 1732 834 Haec
1765 780 1948 846 itaque

370 874 464 927 libi
497 873 766 927 servanda
816 882 963 938 sunt,
987 874 1191 941 optime
1219 873 1506 927 Timothee
1539 887 1555 926 :
1597 872 1768 927 babes
1802 871 1946 926 enim

364 964 684 1035 Apostolqu
732 966 1130 1020 admonitorem
1159 1007 1174 1030 ,
1219 966 1654 1035 quomodonou
1701 972 1949 1034 oporteat

367 1057 722 1129 incapacibus
749 1058 816 1113 de
849 1059 1011 1113 rebus
1038 1058 1344 1112 istiusmodi
1378 1058 1430 1112 in
1460 1057 1692 1111 veritate
1722 1058 1946 1110 verbum

364 1149 536 1221 loqui.
557 1150 687 1204 Mihi
714 1161 893 1205 autem
930 1152 1019 1206 det
1052 1152 1214 1214 Deus,
1250 1130 1665 1206 innominabilis.
1685 1150 1948 1205 divinita-

368 1245 436 1299 tis
467 1244 686 1297 nomina
717 1244 925 1309 divina,
964 1260 1087 1315 quae
1124 1260 1188 1298 ex
1219 1245 1377 1300 bonis
1402 1244 1519 1312 ejus
1564 1244 1822 1315 operibus
1857 1258 1951 1299 su-

366 1338 625 1402 muntur,‘
639 1337 751 1393 Deo
783 1338 945 1408 digne
972 1339 1153 1408 eloqui
1178 1354 1244 1393 ac
1293 1352 1598 1393 recensere.
1627 1336 1822 1392 Omnia
1850 1352 1948 1391 au-

368 1440 473 1484 tem
498 1444 665 1499 opera
697 1430 788 1484 Dei
817 1431 953 1484 bona
984 1418 1189 1485 suntet
1218 1440 1442 1500 propter
1464 1431 1759 1486 bonitatem
1789 1430 1945 1494 ﬁunt,

364 1522 466 1577 etsi
494 1521 673 1591 aliqua
705 1522 862 1577 nobis
910 1537 1017 1576 non
1050 1524 1161 1577 sint
1201 1522 1573 1589 delcctabilia;
1603 1521 1862 1591 quoniam
1891 1522 1946 1575 in

365 1612 436 1667 iis
462 1614 661 1682 quibus
708 1629 1000 1683 peccamus
1033 1616 1179 1686 juste
1215 1617 1514 1686 punimur;
1560 1615 1725 1685 quod'
1760 1616 1948 1684 utique

364 1712 450 1758 est
479 1720 703 1759 summa:
732 1705 828 1761 Dei
864 1706 1150 1771 bonitatis,
1175 1723 1298 1762 cum
1329 1708 1445 1778 ipsa
1471 1722 1632 1777 poena
1664 1706 1739 1761 sit
1798 1706 1948 1760 beni-

356 1798 907 1869 gnitatis.secundum
936 1801 1121 1855 divum
1162 1800 1486 1871 Gregorium
1517 1814 1534 1854 :
1561 1810 1616 1856 et
1655 1814 1763 1853 non
1794 1797 1947 1852 aule-

367 1897 455 1940 rat
491 1887 752 1943 Dominus
801 1904 1109 1946 sermonem
1152 1892 1402 1947 veritatis
1443 1892 1512 1947 ab
1554 1906 1650 1946 ore
1699 1905 1840 1957 meo,
1865 1890 1944 1945 uti

367 1977 537 2032 David
564 1995 657 2033 rex
683 1990 736 2035 et
764 1982 1027 2053 propheta
1061 1985 1230 2039 canit.

369 2146 504 2160 —I——

741 2279 903 2355 315
974 2272 1355 2365 CAPUT
1432 2276 1571 2363 II.

367 2408 446 2463 De
477 2410 728 2478 capuluta
750 2392 1106 2481 distinctaque
1133 2412 1416 2479 theologia,
1445 2420 1493 2465 et
1518 2427 1636 2481 qute
1662 2415 1729 2465 sit
1769 2413 1950 2468 divina

898 2480 1021 2533 unio
1052 2490 1100 2534 et
1130 2481 1417 2534 distinctio.

2047 595 2529 667 ἀπολυτρούμενοι,
2571 596 2729 668 εἴπερ
2750 590 2860 649 οἷόν
2901 612 2997 660 τε,
3038 596 3165 658 τοὺς
3210 592 3489 657 τοιούτους
3528 595 3618 663 τῆς

2050 688 2363 761 θεομαχίας.
2396 691 2484 743 Σοὶ
2506 690 2684 743 τοίνυν
2715 690 2912 761 πρέπει
2940 689 3170 759 φυλάξαι
3189 689 3387 753 ταῦτα,
3414 684 3461 742 ὦ
3496 691 3619 743 καλὲ

2050 781 2281 852 Τιμόθεε
2305 799 2317 812 ·
2348 782 2492 854 ἔχεις
2516 784 2624 854 γὰρ
2649 782 3015 856 παραινοῦντα
3038 784 3239 837 καὶτὸν
3280 784 3618 846 Ἀπόστειλον,

2049 875 2130 928 ὅτι
2156 875 2215 926 ού
2244 874 2325 927 δεῖ
2357 878 2468 939 τοῖς
2510 874 2589 947 μὴ
2626 874 2935 946 δεχομένοις
2973 875 3064 929 τὸν
3104 875 3260 944 λόγον
3303 877 3360 929 ὲν
3403 876 3619 948 ἀληθείᾳ

2047 967 2230 1021 λαλεῖν
2273 966 2401 1038 περὶ
2446 966 2554 1019 τῶν
2608 966 2881 1020 τοιούτων.
2940 967 3091 1037 Ἐμοὶ
3140 967 3197 1020 δὲ
3238 966 3349 1039 δῴη
3398 970 3431 1021 ὁ
3475 968 3616 1031 θεὸς,

2050 1060 2368 1132 πρεπόντως
2411 1063 2524 1124 τοῖς
2570 1060 2733 1125 θείοις
2777 1061 3006 1132 λαλῆσαι
3051 1062 3146 1116 καὶ
3189 1062 3365 1116 εἰπεῖν
3406 1062 3507 1126 τὰς
3532 1064 3619 1131 τῆς

2048 1151 2484 1222 ἀκατονομάστου
2512 1150 2760 1221 θεότητος
2796 1151 3116 1223 θεωνυμίας,
3144 1152 3239 1217 τὰς
3270 1156 3337 1206 ὲκ
3359 1152 3474 1206 τῶν
3496 1134 3643 1221 ἀγα(

2050 1240 2160 1295 θῶν
2188 1242 2363 1313 ἔργων
2402 1241 2565 1295 αὑτοῦ
2588 1242 3121 1313 παρωνυμουμέναςί
3147 1243 3333 1296 Πάντα
3358 1243 3423 1296 δὲ
3447 1242 3515 1295 τὰ
3545 1244 3623 1313 ἕρ»

2048 1352 2120 1404 γα
2144 1334 2237 1389 τοῦ
2271 1333 2405 1388 Θεοῦ
2440 1333 2638 1403 ἀγαθὰ,
2680 1335 2774 1388 καὶ
2809 1333 2876 1387 δι’
2908 1333 3216 1405 ἁγαθότητα
3244 1334 3549 1398 τελοῦνται,
3579 1338 3621 1388 εἰ

2048 1430 2142 1484 καὶ
2173 1432 2304 1501 ἡμῖν
2328 1429 2583 1493 πολλάκις
2611 1428 2731 1483 τινὰ
2762 1428 2863 1482 οὐκ
2891 1428 2998 1481 eici.
3021 1428 3141 1482 καθ’
3161 1430 3381 1503 ἡδονὴν,
3413 1431 3621 1493 discutiqu

2047 1523 2475 1595 τιμωρουμένοις
2512 1516 2679 1591 ὲφόἷς
2713 1521 3127 1593 ἁμαρτάνομεν·
3152 1522 3181 1575 ὃ
3217 1521 3282 1593 δὴ
3319 1524 3422 1594 τῆς
3462 1524 3623 1594 ἄκρας

2048 1615 2193 1669 ἐστὶν
2219 1613 2552 1685 ἀγαθότητος
2586 1612 2680 1666 τοῦ
2714 1613 2870 1677 Θεοῦ,
2899 1614 3189 1685 γινομένης
3219 1614 3323 1685 τῆς
3360 1616 3623 1686 τιμωρίας

2049 1707 2493 1781 φιλανθρωπίας,
2535 1705 2677 1761 κατὰ
2725 1706 2818 1759 τὸν
2865 1706 3005 1759 θεῖον
3036 1707 3369 1779 Γρηγόριονο
3418 1710 3515 1763 καὶ
3562 1710 3627 1779 μὴ

2050 1802 2341 1874 περιέλοιό
2380 1803 2583 1871 Κύριος
2618 1798 2775 1868 λόγον
2820 1798 3076 1870 ἀληθείας
3114 1800 3180 1853 ὲκ
3224 1800 3320 1853 τοῦ
3366 1801 3626 1873 στόματὸς

2055 1912 2177 1965 μου,
2210 1894 2285 1957 ὡς
2313 1891 2504 1963 ψάλλει
2527 1888 2690 1944 Δαυῒδ
2715 1891 2744 1942 ὁ
2776 1890 3065 1961 προφήτης
3093 1891 3188 1945 καὶ
3212 1890 3492 1963 βασιλεύς.

2452 2255 3097 2344 ΚΕΦΑΛΑΙΟΝ
3122 2250 3243 2338 Β’.

2057 2419 2195 2488 Περὶ
2226 2417 2535 2487 ἡνωμένης
2572 2416 2669 2470 καὶ
2681 2412 3149 2488 ῃδιακεκριμέηης
3173 2411 3513 2480 θεολογίας,
3545 2410 3633 2465 καὶ

2322 2480 2415 2555 τίς
2443 2480 2642 2556 ﬁdem
2672 2480 3013 2551 ἓνωσιςήκὰὶ
3050 2480 3366 2551 διάκρισις.

1661 2601 2001 2659 SYNOPSIS
2029 2604 2324 2661 CAPITIS.

363 2709 405 2765 1.
441 2714 620 2777 Docet,
660 2731 846 2768 nomen
891 2714 1031 2776 boni,
1066 2712 1292 2779 pulchri,
1325 2713 1457 2775 veri,
1497 2713 1785 2779 sapientis,
1818 2724 1865 2768 et
1898 2715 2125 2780 similia,
2165 2717 2230 2770 de
2273 2725 2382 2771 tota
2413 2714 2671 2769 Trinitate
2713 2712 2990 2783 tequaliter
3031 2709 3338 2783 medicari,
3369 2709 3500 2783 quia
3541 2726 3633 2783 ra-

441 2790 582 2837 tione
605 2795 836 2847 naturte,
858 2801 975 2853 qua:
999 2787 1055 2838 in
1076 2784 1244 2837 tribus
1265 2784 1501 2851 personis
1524 2783 1703 2853 eadem
1728 2794 1825 2844 est,
1851 2783 1959 2837 Deo
1984 2779 2330 2849 conveniunt;
2352 2797 2397 2839 et
2423 2803 2524 2839 non
2546 2786 2713 2839 solum
2737 2779 2991 2836 attributa
3013 2779 3338 2853 essentialia,
3364 2779 3459 2832 sed
3482 2781 3635 2853 etiam

436 2855 797 2909 emanationes
824 2850 892 2908 ad
915 2867 1075 2916 eastral
1114 2855 1191 2907 sic
1219 2850 1523 2920 praedicari.
1572 2853 1633 2907 ll.
1670 2852 1777 2907 Illa
1816 2870 1934 2921 qua?
1963 2858 2016 2907 in
2044 2853 2337 2923 Scripturis
2379 2858 2441 2909 de
2470 2854 2576 2908 Deo
2609 2854 2912 2921 copulatim,
2946 2853 3001 2905 id
3031 2861 3105 2905 est
3138 2850 3633 2923 rationeAesssatia',

436 2925 818 2995 prwdicantur,
846 2942 949 2979 non
985 2941 1095 2978 esse
1131 2919 1545 2995 distinguenda;
1588 2935 1635 2978 et
1672 2939 1790 2995 qua:
1828 2919 2074 2979 distincte
2099 2919 2207 2981 sine
2236 2925 2585 2995 personaliter
2620 2919 2908 2986 dicuntur,
2939 2939 3041 2995 non
3077 2936 3197 2995 esse
3232 2919 3631 2995 confundenda.

434 2993 521 3049 Ill.
573 2994 805 3063 Exponit
834 3010 1078 3063 quamam
1119 2995 1223 3047 sint
1254 2987 1351 3046 illa
1394 2987 1840 3062 qnw’copu'latim
1870 3006 1916 3048 et
1948 3012 2064 3061 qua!
2100 2987 2506 3049 item'distincte
2536 2996 2910 3063 pr'wdicentur.
2936 2990 3027 3063 νιν.
3052 2991 3163 3063 Ait,
3194 2990 3419 3043 uniones
3448 2990 3505 3063 in
3540 2987 3636 3041 Deo

436 3071 613 3118 vocari
646 3060 900 3130 attributa
932 3063 1256 3125 essentialia,
1286 3060 1649 3118 distinctiones
1675 3080 1795 3118 vero
1824 3065 1930 3117 dici
1960 3060 2353 3129 emanationes;
2385 3076 2430 3118 et
2462 3060 2699 3129 eaénzplo
2730 3063 2793 3116 ob
2821 3062 3002 3116 oculos
3030 3062 3198 3130 ponit,
3228 3060 3500 3126 quomodo
3534 3069 3628 3130 tres

437 3129 889 3188 divinwl’ersonae
918 3152 971 3188 se
1003 3137 1126 3187 totis
1154 3134 1265 3187 sine
1292 3135 1599 3201 confusione
1624 3135 1783 3187 unita:
1814 3136 1937 3187 sint.
1976 3133 2039 3187 ν.
2079 3135 2233 3188 Docet
2280 3135 2543 3188 Personas
2582 3134 2790 3187 divinas
2818 3133 2932 3185 sola
2965 3129 3216 3184 relatione
3242 3130 3388 3201 inter
3436 3146 3495 3201 se
3536 3129 3637 3180 dis-

437 3202 608 3272 tingui
632 3246 647 3265 ,
669 3217 715 3258 et
747 3204 913 3257 Deum
939 3216 1104 3258 totum
1129 3197 1553 3271 participabilem
1576 3220 1686 3257 esse
1709 3215 1797 3274 ,_et
1824 3215 1990 3257 totum
2026 3221 2127 3257 non
2151 3205 2569 3274 participabilem
2591 3244 2605 3266 ,
2632 3204 2857 3273 explicat
2887 3219 2993 3256 rem
3022 3200 3279 3274 exemplo.
3305 3197 3408 3274 Ὑί.
3445 3197 3638 3274 φοιτητ-

438 3267 842 3343 ῆίοίήεειὲοηὶ,
879 3286 925 3328 et
945 3267 1172 3328 ostendit
1215 3267 1450 3341 exemplo
1487 3274 1675 3341 sigilli,
1710 3272 1878 3327 Deum
1918 3290 1982 3328 ex
2019 3267 2167 3339 parte
2200 3292 2298 3328 sua
2342 3267 2445 3327 non
2485 3267 2818 3343 ianualitel'
2850 3267 3182 3343 participari,
3222 3269 3314 3343 sed
3342 3285 3412 3343 ea}
3434 3267 3636 3334 defectu

443 3338 881 3411 participantium
913 3346 968 3396 id
991 3347 1215 3398 evenire.
1252 3343 1317 3396 Et
1356 3338 1514 3397 simul
1538 3338 1717 3406 'docet,
1753 3360 1910 3411 apera
1940 3338 2137 3398 Christi
2167 3362 2268 3398 non
2301 3361 2412 3398 esse
2443 3338 2741 3397 communia
2774 3338 3050 3404 Trinitati,
3076 3341 3199 3409 quia
3231 3342 3349 3411 ejus
3376 3338 3636 3390 [acarna-

440 3409 513 3465 tio
556 3409 660 3466 non
701 3424 776 3466 est
804 3414 1101 3467 communis
1139 3415 1236 3466 toti
1279 3412 1557 3476 Trinitati,
1595 3416 1686 3467 sed
1731 3409 2020 3482 singularis
2054 3430 2289 3483 persona:
2325 3414 2500 3468 Verbi.
2540 3414 2648 3483 Vll.
2689 3411 2875 3464 Tradit
2913 3428 3004 3483 nos
3045 3426 3123 3463 res
3154 3409 3364 3483 divinas
3409 3411 3582 3483 solum
3610 3424 3637 3455 α

440 3484 723 3551 posteriori
747 3500 812 3537 ex
860 3484 1359 3551 participationibus
1396 3499 1726 3552 cognoscere.
1779 3478 1911 3539 VIII.
1951 3478 2130 3548 Docet,
2159 3486 2421 3554 quomodo
2464 3500 2529 3537 ex
2569 3482 2773 3554 Deo__sit
2802 3482 2974 3554 opinis
3010 3481 3300 3554 paternitas
3333 3488 3382 3531 et
3420 3478 3636 3554 ﬁliatio;

440 3546 489 3605 et
522 3554 785 3621 quomodo
812 3546 1028 3625 effectus
1056 3546 1171 3606 'sint
1209 3554 1387 3625 causis
1425 3546 1545 3625 suis
1572 3554 1792 3625 similes,
1824 3571 1926 3608 non
1956 3546 2139 3609 contra
2170 3546 2345 3609 causae
2380 3554 2601 3623 effectis.
2649 3550 2741 3605 IX.
2763 3546 3059 3625 Quomodo
3092 3551 3235 3625 ratio
3274 3549 3527 3625 mysterii.
3552 3546 3637 3625 ln-

440 3619 767 3677 carnationis
801 3619 1044 3677 omnibus
1075 3624 1255 3692 ignota
1282 3623 1461 3692 fuerit.
1506 3623 1572 3678 Χ.
1612 3622 1697 3676 Ea:
1726 3637 1905 3677 sancto
1941 3625 1986 3677 Η
1997 3625 2225 3679 ierotheo
2255 3619 2505 3690 ostendit,
2544 3622 2805 3693 quomodo
2839 3619 2970 3673 Jesu
3000 3620 3253 3693 divinitas
3273 3620 3564 3693 sit_qmnja
3591 3619 3638 3665 in

442 3693 704 3751 omnibus.
732 3706 779 3747 et
807 3709 967 3761 supra
998 3687 1174 3746 omnia
1194 3710 1213 3758 ;
1244 3687 1295 3746 et
1321 3696 1583 3761 quomodo
1627 3693 1869 3748 Christus
1895 3705 2141 3748 naturam
2176 3706 2409 3749 nostram
2458 3687 2621 3752 supra
2661 3700 2910 3744 naturam
2948 3690 3297 3759 participarit.
3338 3687 3433 3743 XI.
3482 3687 3638 3742 Deum

438 3761 543 3816 dici
572 3764 914 3832 multiplicari
940 3764 1067 3817 dum
1099 3779 1180 3817 res
1209 3765 1445 3819 diversas
1476 3765 1745 3833 producit,
1772 3781 1893 3821 eum
1922 3776 2097 3819 tamen
2130 3767 2185 3820 in
2218 3770 2369 3820 rebus
2391 3763 2634 3818 omnibus
2669 3776 2832 3815 unum
2858 3775 2991 3816 esse.

1941 3917 2054 3991 ει.

440 4064 670 4135 lpsamet
698 4066 912 4121 bonitas
955 4080 986 4119 a
1027 4064 1199 4122 sacris
1245 4063 1447 4121 litteris
1498 4065 1824 4129 celebratur,
1860 4076 1915 4122 to

2158 4064 2228 4137 ’ὴν
2255 4062 2545 4135 θεαρχικὴν
2577 4059 2704 4131 ὅλην
2722 4054 2954 4129 ὓπαρξιν
2985 4055 3013 4111 ὃ
3032 4072 3084 4109 τι
3107 4052 3239 4108 ποτέ
3261 4052 3413 4107 ἐστιν
3434 4053 3470 4124 ή
3494 4048 3636 4104 αὑτο-

369 4165 480 4211 tant
522 4158 812 4212 essentiam
863 4158 1128 4226 divinam,
1157 4159 1415 4229 quidquid
1459 4161 1673 4215 tandem
1704 4161 1800 4227 sit,
1829 4178 1847 4215 ί

2157 4155 2324 4225 ιθότης
2349 4152 2679 4224 ἀφορίζουσα
2694 4150 2790 4204 καὶ
2810 4147 3139 4218 ἐκφαίνουσα
3158 4144 3295 4216 πρὸς
3316 4142 3430 4197 τῶν
3450 4141 3635 4213 λογίων

370 4244 572 4299 nivisse
600 4256 767 4316 atque
795 4246 1141 4318 explanasse.
1186 4248 1325 4316 Quid
1367 4250 1513 4303 enim
1542 4250 1687 4305 aliud
1725 4265 1791 4306 ex
1836 4269 1848 4305 ι

2155 4263 2289 4316 νηται
2310 4246 2375 4297 ⁸ο.
2398 4244 2506 4297 Καὶ
2531 4242 2583 4296 τί
2604 4242 2711 4313 γὰρ
2739 4240 2867 4294 ἄλλο
2895 4238 3085 4310 μαθεῖν
3110 4237 3259 4289 ἐστιν
3280 4236 3349 4289 ὲκ
3368 4235 3470 4305 τῆς
3494 4234 3633 4303 ἱερᾶς

369 4336 515 4407 quiis
565 4339 736 4392 sacris
792 4341 1171 4408 cognoscimus
1223 4356 1344 4409 cum
1420 4340 1706 4409 ipsummet
1780 4343 1948 4398 Deum

372 4429 591 4481 tradunt
618 4443 678 4483 se
705 4429 1040 4500 designando
1068 4431 1275 4486 dixisse
1304 4448 1319 4486 :
1353 4430 1497 4497 Quid
1544 4449 1624 4487 me
1656 4433 1952 4504 interrogas

369 4519 434 4572 de
479 4520 654 4573 bona?
696 4536 844 4574 nemo
879 4521 1064 4587 bonus,
1096 4523 1197 4577 nisi
1228 4521 1372 4578 solus
1420 4522 1562 4579 Deus
1594 4534 1645 4579 ι.
1678 4525 1791 4582 Hoc
1828 4528 1952 4583 aliis

370 4610 534 4664 etiam
586 4611 719 4668 locis
762 4629 793 4667 a
840 4613 998 4668 nobis
1042 4628 1340 4684 expensum
1388 4615 1815 4672 demonstratum
1868 4626 1954 4673 est

370 4705 553 4760 omnia
582 4706 801 4761 nomina
833 4706 1017 4762 divina
1048 4707 1232 4775 ,Deum
1262 4709 1509 4765 decentia
1552 4726 1659 4766 non
1689 4711 1743 4765 in
1773 4720 1951 4781 parte,

371 4798 466 4853 sed
500 4798 555 4852 iu
590 4808 699 4853 tota
732 4808 785 4855 et
817 4799 1084 4869 perfecta,
1111 4810 1167 4856 et
1211 4801 1422 4872 integra
1476 4813 1531 4858 et
1560 4803 1719 4873 plena
1750 4804 1949 4860 divini-

374 4897 483 4945 tate
511 4905 541 4943 a
570 4888 871 4962 Scripturis
896 4895 1104 4950 sanctis
1150 4893 1385 4960 laudari,
1419 4904 1470 4950 et
1498 4894 1611 4966 ipsa
1638 4898 1821 4951 omnia
1851 4898 1951 4953 im-

372 4983 709 5054 participate,
735 4985 1008 5051 absolute,
1034 4986 1153 5042 sine
1182 4988 1756 5051 observationetullius
1787 4987 1947 5046 dilic-

373 5078 588 5143 rentiae,
613 5078 886 5146 universe,
916 5080 984 5134 ad
1014 5095 1229 5135 omnem
1273 5082 1686 5138 universitatem
1721 5097 1787 5139 ex
1835 5092 1952 5139 toto

374 5167 646 5237 perfectae,
678 5178 734 5225 et
761 5172 928 5227 totius
962 5171 1261 5228 divinitatis
1311 5173 1526 5230 referri.
1557 5174 1861 5245 Siquidem,
1896 5184 1955 5230 ut

372 5258 426 5315 in
477 5258 796 5332 theologicis
857 5263 1332 5325 informatiouibus
1401 5268 1785 5329 meminimus,
1846 5267 1952 5322 nisi

446 5455 475 5495 «ι
499 5444 692 5502 Matth.
717 5462 829 5515 xix,
852 5448 937 5503 l7.

2054 4336 2351 4404 θεολογίας,
2367 4336 2567 4389 ὁπόταν
2595 4333 2728 4404 φησὶ
2745 4332 2842 4403 τὴν
2860 4330 3117 4403 θεαρχίαν
3138 4328 3309 4400 αὐτὴν
3326 4326 3637 4400 ὑφηγουμέ-

2055 4448 2150 4503 νην
2177 4431 2371 4483 είπεῖν·
2399 4430 2458 4483 Τί
2468 4446 2543 4498 με
2560 4424 2780 4497 ἐρωτᾷς
2796 4427 2861 4457 ⁶⁰⁵
2885 4426 3017 4493 περὶ
3034 4422 3139 4477 τοῦ
3156 4422 3408 4493 ἀγαθοή
3443 4420 3635 4483 οὐδεὶς

2056 4522 2297 4594 ἀγαθὸς,
2322 4523 2375 4575 εὶ
2385 4520 2469 4591 μὴ
2482 4522 2717 4591 μόνοςό
2737 4517 3075 4584 Θεός.Τοῦτο
3099 4517 3195 4587 μὲν
3215 4510 3331 4579 οὖν,
3353 4515 3448 4568 καὶ
3472 4515 3527 4565 ὲν
3546 4511 3635 4565 ά)-

2054 4614 2167 4679 λοις
2196 4613 2500 4682 ὲξετασθὲν,
2527 4615 2658 4685 ἡμῖν
2685 4610 3061 4665 ἀποδέδεικται
3083 4649 3098 4674 ,
3126 4609 3187 4662 τὸ
3217 4608 3399 4671 πάσας
3425 4607 3507 4660 ἀεὶ
3540 4604 3634 4664 τὰς

2056 4708 2379 4780 θεοπρεπεῖς
2403 4706 2573 4760 θεωνυ
2583 4706 2709 4777 μίας
2725 4706 2766 4736 ⁶¹
2784 4704 2843 4757 οὐ
2866 4702 3127 4775 μερικῶς,
3148 4690 3264 4755 ἀλλ’
3282 4701 3379 4754 ἐπὶ
3393 4701 3487 4769 τῆς
3504 4698 3634 4765 ὅλης

2054 4803 2148 4858 καὶ
2172 4799 2469 4864 παντελοῦς
2490 4840 2505 4865 ,
2532 4802 2625 4853 καὶ
2644 4798 2936 4871 ὁλοκλήρου
2974 4797 3068 4851 καὶ
3109 4795 3351 4868 πλήρους
3388 4794 3635 4862 θεότητος

2055 4895 2161 4949 ὑπὸ
2184 4893 2291 4948 τῶν
2308 4893 2503 4962 λογίων
2520 4890 2821 4963 ὑμνεῖσθαι,
2847 4891 2941 4944 καὶ
2970 4890 3147 4952 πάσας
3180 4887 3375 4952 αὑτὰς,
3395 4883 3634 4957 ἁμερῶςν

2058 4987 2362 5053 ἀπολύτως,
2389 4986 2847 5057 ἀπαρατηρήτως,
2879 4982 3097 5047 ὑλικῶς,
3122 4981 3311 5052 ἁπάσῃ
3341 4983 3411 5051 τῇ
3426 4977 3635 5046 ὁλότητι

2050 5084 2150 5154 τῆς
2194 5078 2491 5142 ὁλατελοῦς,
2537 5077 2629 5130 καὶ
2676 5075 2856 5145 πάσης
2895 5074 3149 5146 θεότητος
3191 5069 3535 5126 ἀνατίθεσθαι
3567 5070 3629 5120 ε’.

2054 5173 2164 5227 Καὶ
2187 5170 2339 5241 γοῦν,
2374 5170 2449 5234 ὼς
2481 5171 2537 5223 ὲν
2557 5171 2678 5233 ταῖς
2704 5167 3037 5237 θεολογικαῖς
3065 5163 3469 5219 ύποτυπὼσεσιν
3498 5160 3634 5215 ὑπε-

2061 5267 2363 5339 μνήσαμεν,
2408 5265 2458 5317 εί
2507 5262 2581 5334 μὴ
2632 5263 2760 5335 περὶ
2811 5260 2908 5332 τῆς
2935 5259 3063 5331 ὅλης
3110 5258 3364 5329 θεότητος
3388 5253 3517 5325 φαίη
3552 5270 3634 5316 τις

1659 5627 1898 5686 VARIIE
1934 5625 2337 5682 LECTIONES.

450 5785 498 5820 "'
524 5785 791 5859 ὑμνεῖται,
826 5788 883 5845 S.
915 5790 1006 5847 Sc.
1038 5789 1161 5846 Sar.
1219 5791 1281 5824 ⁴⁰⁴
1305 5791 1601 5863 ὲπερωτᾷς,
1634 5788 1689 5846 S.
1720 5788 1780 5849 P.
1815 5788 1914 5846 Cll.

2019 5786 2057 5821 "
2090 5786 2422 5857 ἐπωνυμίας,
2452 5784 2517 5859 5,
2541 5783 2629 5839 Sc.

2728 5782 2775 5814 δ’
2804 5774 3196 5842 ἀνατείνεσθαι,
3227 5771 3286 5828 S.
3318 5770 3374 5827 Ρ.
