  <div class='ocr_page' id='page_1' title='image "/cluster/home/n/w/nwhite01/storage/ocr_20150623/3/hvd.32044014713192/326.png"; bbox 0 0 3742 6334; ppageno 0'>
   <div class='ocr_carea' id='block_1_1' title="bbox 188 439 299 496">
    <p class='ocr_par' dir='ltr' id='par_1_1' title="bbox 188 439 299 496">
     <span class='ocr_line' id='line_1_1' title="bbox 188 439 299 496; baseline -0.018 0"><span class='ocrx_word' id='word_1_1' title='bbox 188 439 299 496; x_wconf 66' lang='grc'><strong>637</strong></span> 
     </span>
    </p>
   </div>
   <div class='ocr_carea' id='block_1_2' title="bbox 1285 435 2356 505">
    <p class='ocr_par' dir='ltr' id='par_1_2' title="bbox 1285 435 2356 505">
     <span class='ocr_line' id='line_1_2' title="bbox 1285 435 2356 505; baseline 0.002 -13"><span class='ocrx_word' id='word_1_2' title='bbox 1285 436 1376 492; x_wconf 82' lang='lat' dir='ltr'><strong>DE</strong></span> <span class='ocrx_word' id='word_1_3' title='bbox 1405 435 1657 493; x_wconf 81' lang='lat' dir='ltr'><strong>DIVINIS</strong></span> <span class='ocrx_word' id='word_1_4' title='bbox 1677 437 2074 505; x_wconf 70' lang='lat' dir='ltr'><strong>NOMINIBUS&#39;,</strong></span> <span class='ocrx_word' id='word_1_5' title='bbox 2100 438 2255 498; x_wconf 70' lang='lat' dir='ltr'><strong>CAP.</strong></span> <span class='ocrx_word' id='word_1_6' title='bbox 2294 440 2356 495; x_wconf 85' lang='lat' dir='ltr'><strong>Il.</strong></span> 
     </span>
    </p>
   </div>
   <div class='ocr_carea' id='block_1_3' title="bbox 3349 446 3453 500">
    <p class='ocr_par' dir='ltr' id='par_1_3' title="bbox 3349 446 3453 500">
     <span class='ocr_line' id='line_1_3' title="bbox 3349 446 3453 500; baseline 0.019 -2"><span class='ocrx_word' id='word_1_7' title='bbox 3349 446 3453 500; x_wconf 76' lang='lat'><strong>638</strong></span> 
     </span>
    </p>
   </div>
   <div class='ocr_carea' id='block_1_4' title="bbox 186 549 1752 631">
    <p class='ocr_par' dir='ltr' id='par_1_4' title="bbox 186 553 1752 631">
     <span class='ocr_line' id='line_1_4' title="bbox 186 553 1752 631; baseline 0.001 -22"><span class='ocrx_word' id='word_1_8' title='bbox 186 554 350 609; x_wconf 75' lang='grc' dir='ltr'>τοῦτο</span> <span class='ocrx_word' id='word_1_9' title='bbox 368 553 637 626; x_wconf 75' lang='grc' dir='ltr'>εἰρῆσθαι,</span> <span class='ocrx_word' id='word_1_10' title='bbox 655 553 964 626; x_wconf 73' lang='grc' dir='ltr'><strong>βλασφημεῖ</strong></span> <span class='ocrx_word' id='word_1_11' title='bbox 978 555 1044 621; x_wconf 80' lang='grc'>⁸³,</span> <span class='ocrx_word' id='word_1_12' title='bbox 1067 557 1160 611; x_wconf 70' lang='grc' dir='ltr'>καὶ</span> <span class='ocrx_word' id='word_1_13' title='bbox 1185 556 1500 628; x_wconf 79' lang='grc' dir='ltr'>ἁποσχίζειν</span> <span class='ocrx_word' id='word_1_14' title='bbox 1521 558 1752 631; x_wconf 73' lang='grc' dir='ltr'>ἀθέσμως</span> 
     </span>
    </p>
   </div>
   <div class='ocr_carea' id='block_1_5' title="bbox 2033 549 3458 631">
    <p class='ocr_par' dir='ltr' id='par_1_5' title="bbox 2033 549 3458 628">
     <span class='ocr_line' id='line_1_5' title="bbox 2033 549 3458 628; baseline 0.003 -15"><span class='ocrx_word' id='word_1_15' title='bbox 2033 562 2092 616; x_wconf 83' lang='lat' dir='ltr'><strong>de</strong></span> <span class='ocrx_word' id='word_1_16' title='bbox 2126 572 2235 615; x_wconf 89' lang='lat' dir='ltr'><strong>tota</strong></span> <span class='ocrx_word' id='word_1_17' title='bbox 2269 560 2563 616; x_wconf 88' lang='lat' dir='ltr'><strong>Divinitate</strong></span> <span class='ocrx_word' id='word_1_18' title='bbox 2613 549 2758 617; x_wconf 84' lang='lat' dir='ltr'><strong>dicat</strong></span> <span class='ocrx_word' id='word_1_19' title='bbox 2802 564 2904 617; x_wconf 88' lang='lat' dir='ltr'><strong>hoc</strong></span> <span class='ocrx_word' id='word_1_20' title='bbox 2957 563 3161 618; x_wconf 86' lang='lat' dir='ltr'><strong>dictum</strong></span> <span class='ocrx_word' id='word_1_21' title='bbox 3189 577 3329 628; x_wconf 81' lang='lat' dir='ltr'><strong>esse.</strong></span> <span class='ocrx_word' id='word_1_22' title='bbox 3375 578 3458 617; x_wconf 80' lang='lat' dir='ltr'><strong>nae</strong></span> 
     </span>
    </p>
   </div>
   <div class='ocr_carea' id='block_1_6' title="bbox 189 645 1772 720">
    <p class='ocr_par' dir='ltr' id='par_1_6' title="bbox 189 645 1772 720">
     <span class='ocr_line' id='line_1_6' title="bbox 189 645 1772 720; baseline 0.003 -22"><span class='ocrx_word' id='word_1_23' title='bbox 189 647 367 717; x_wconf 78' lang='grc' dir='ltr'>τολμᾷ</span> <span class='ocrx_word' id='word_1_24' title='bbox 391 645 487 717; x_wconf 86' lang='grc' dir='ltr'>τὴν</span> <span class='ocrx_word' id='word_1_25' title='bbox 518 646 950 718; x_wconf 79' lang='grc' dir='ltr'>ὑπερηνωμένην</span> <span class='ocrx_word' id='word_1_26' title='bbox 978 647 1161 701; x_wconf 78' lang='grc' dir='ltr'>ὲνάδα.</span> <span class='ocrx_word' id='word_1_27' title='bbox 1202 649 1423 720; x_wconf 80' lang='grc' dir='ltr'>Ῥητέον</span> <span class='ocrx_word' id='word_1_28' title='bbox 1444 645 1555 715; x_wconf 75' lang='grc' dir='ltr'>οὖν,</span> <span class='ocrx_word' id='word_1_29' title='bbox 1581 650 1656 713; x_wconf 86' lang='grc' dir='ltr'>ὼς</span> <span class='ocrx_word' id='word_1_30' title='bbox 1679 652 1772 703; x_wconf 73' lang='grc' dir='ltr'>ἐπὶ</span> 
     </span>
    </p>
   </div>
   <div class='ocr_carea' id='block_1_7' title="bbox 188 736 1773 813">
    <p class='ocr_par' dir='ltr' id='par_1_7' title="bbox 188 736 1773 813">
     <span class='ocr_line' id='line_1_7' title="bbox 188 736 1773 813; baseline 0.003 -22"><span class='ocrx_word' id='word_1_31' title='bbox 188 739 373 809; x_wconf 78' lang='grc' dir='ltr'>πάσης</span> <span class='ocrx_word' id='word_1_32' title='bbox 401 737 447 768; x_wconf 67' lang='grc'><strong>⁸⁵</strong></span> <span class='ocrx_word' id='word_1_33' title='bbox 472 736 724 809; x_wconf 82' lang='grc' dir='ltr'><strong>θεότητος</strong></span> <span class='ocrx_word' id='word_1_34' title='bbox 752 739 884 791; x_wconf 77' lang='grc' dir='ltr'>αὑτὸ</span> <span class='ocrx_word' id='word_1_35' title='bbox 916 739 1215 811; x_wconf 76' lang='grc' dir='ltr'>ὲκληπτέον</span> <span class='ocrx_word' id='word_1_36' title='bbox 1233 757 1247 770; x_wconf 93' lang='grc'><strong>·</strong></span> <span class='ocrx_word' id='word_1_37' title='bbox 1277 743 1371 794; x_wconf 80' lang='grc' dir='ltr'><strong>καὶ</strong></span> <span class='ocrx_word' id='word_1_38' title='bbox 1407 741 1514 813; x_wconf 68' lang='grc' dir='ltr'>γὰρ</span> <span class='ocrx_word' id='word_1_39' title='bbox 1543 741 1705 805; x_wconf 76' lang='grc' dir='ltr'>αὑτός</span> <span class='ocrx_word' id='word_1_40' title='bbox 1728 742 1773 773; x_wconf 81' lang='grc'><strong>⁸⁸</strong></span> 
     </span>
    </p>
   </div>
   <div class='ocr_carea' id='block_1_8' title="bbox 185 828 1775 903">
    <p class='ocr_par' dir='ltr' id='par_1_8' title="bbox 185 828 1775 903">
     <span class='ocr_line' id='line_1_8' title="bbox 185 828 1775 903; baseline 0.003 -21"><span class='ocrx_word' id='word_1_41' title='bbox 185 847 247 883; x_wconf 88' lang='grc' dir='ltr'><strong>τε</strong></span> <span class='ocrx_word' id='word_1_42' title='bbox 290 830 319 882; x_wconf 86' lang='grc' dir='ltr'><strong>ὁ</strong></span> <span class='ocrx_word' id='word_1_43' title='bbox 344 828 659 901; x_wconf 80' lang='grc' dir='ltr'>ἀγαθοφυὴς</span> <span class='ocrx_word' id='word_1_44' title='bbox 696 830 798 901; x_wconf 73' lang='grc' dir='ltr'><strong>ἔφη</strong></span> <span class='ocrx_word' id='word_1_45' title='bbox 842 831 1014 900; x_wconf 83' lang='grc' dir='ltr'>Λόγος</span> <span class='ocrx_word' id='word_1_46' title='bbox 1034 848 1048 861; x_wconf 69' lang='grc'><strong>⁸</strong></span> <span class='ocrx_word' id='word_1_47' title='bbox 1089 830 1237 897; x_wconf 76' lang='grc' dir='ltr'><strong>Ἐγὼ</strong></span> <span class='ocrx_word' id='word_1_48' title='bbox 1260 834 1478 902; x_wconf 80' lang='grc' dir='ltr'>ἀγαθός</span> <span class='ocrx_word' id='word_1_49' title='bbox 1500 836 1615 903; x_wconf 76' lang='grc' dir='ltr'>εἰμι</span> <span class='ocrx_word' id='word_1_50' title='bbox 1641 851 1655 864; x_wconf 83' lang='grc'><em>’</em></span> <span class='ocrx_word' id='word_1_51' title='bbox 1682 835 1775 888; x_wconf 86' lang='grc' dir='ltr'><strong>καί</strong></span> 
     </span>
    </p>
   </div>
   <div class='ocr_carea' id='block_1_9' title="bbox 184 918 1775 995">
    <p class='ocr_par' dir='ltr' id='par_1_9' title="bbox 184 918 1775 995">
     <span class='ocr_line' id='line_1_9' title="bbox 184 918 1775 995; baseline 0.004 -23"><span class='ocrx_word' id='word_1_52' title='bbox 184 934 273 982; x_wconf 86' lang='grc' dir='ltr'><strong>τις</strong></span> <span class='ocrx_word' id='word_1_53' title='bbox 302 920 409 971; x_wconf 88' lang='grc' dir='ltr'><strong>τῶν</strong></span> <span class='ocrx_word' id='word_1_54' title='bbox 444 918 755 992; x_wconf 83' lang='grc' dir='ltr'>θεολήπτων</span> <span class='ocrx_word' id='word_1_55' title='bbox 806 922 1098 993; x_wconf 74' lang='grc' dir='ltr'>προφητῶν</span> <span class='ocrx_word' id='word_1_56' title='bbox 1147 924 1305 994; x_wconf 87' lang='grc' dir='ltr'><strong>ὑμνεί</strong></span> <span class='ocrx_word' id='word_1_57' title='bbox 1345 925 1407 978; x_wconf 87' lang='grc' dir='ltr'><strong>τὸ</strong></span> <span class='ocrx_word' id='word_1_58' title='bbox 1445 924 1672 995; x_wconf 79' lang='grc' dir='ltr'>Πνεῦμα</span> <span class='ocrx_word' id='word_1_59' title='bbox 1712 925 1775 979; x_wconf 84' lang='grc' dir='ltr'>τὸ</span> 
     </span>
    </p>
   </div>
   <div class='ocr_carea' id='block_1_10' title="bbox 186 1008 1773 1090">
    <p class='ocr_par' dir='ltr' id='par_1_10' title="bbox 186 1008 1773 1090">
     <span class='ocr_line' id='line_1_10' title="bbox 186 1008 1773 1090; baseline 0.007 -28"><span class='ocrx_word' id='word_1_60' title='bbox 186 1010 411 1078; x_wconf 85' lang='grc' dir='ltr'>ἀγαθόν.</span> <span class='ocrx_word' id='word_1_61' title='bbox 443 1013 553 1065; x_wconf 81' lang='lat' dir='ltr'><strong>Kal.</strong></span> <span class='ocrx_word' id='word_1_62' title='bbox 588 1008 741 1076; x_wconf 80' lang='grc' dir='ltr'>αὖθις</span> <span class='ocrx_word' id='word_1_63' title='bbox 775 1014 868 1066; x_wconf 84' lang='grc' dir='ltr'><strong>τό·</strong></span> <span class='ocrx_word' id='word_1_64' title='bbox 910 1014 1057 1084; x_wconf 71' lang='grc' dir='ltr'><strong>Ἐγώ</strong></span> <span class='ocrx_word' id='word_1_65' title='bbox 1090 1018 1205 1085; x_wconf 78' lang='grc' dir='ltr'>ειμι</span> <span class='ocrx_word' id='word_1_66' title='bbox 1232 1020 1265 1071; x_wconf 81' lang='grc' dir='ltr'><em>ὁ</em></span> <span class='ocrx_word' id='word_1_67' title='bbox 1302 1018 1409 1083; x_wconf 80' lang='grc' dir='ltr'>ὧν,</span> <span class='ocrx_word' id='word_1_68' title='bbox 1453 1020 1501 1071; x_wconf 89' lang='grc' dir='ltr'><strong>εί</strong></span> <span class='ocrx_word' id='word_1_69' title='bbox 1547 1018 1621 1090; x_wconf 85' lang='grc' dir='ltr'>μὴ</span> <span class='ocrx_word' id='word_1_70' title='bbox 1650 1018 1773 1072; x_wconf 85' lang='grc' dir='ltr'>καθ’</span> 
     </span>
    </p>
   </div>
   <div class='ocr_carea' id='block_1_11' title="bbox 184 1102 1776 1181">
    <p class='ocr_par' dir='ltr' id='par_1_11' title="bbox 184 1102 1776 1181">
     <span class='ocr_line' id='line_1_11' title="bbox 184 1102 1776 1181; baseline 0.006 -27"><span class='ocrx_word' id='word_1_71' title='bbox 184 1102 320 1174; x_wconf 89' lang='grc' dir='ltr'>ὅλης</span> <span class='ocrx_word' id='word_1_72' title='bbox 344 1104 573 1173; x_wconf 78' lang='grc' dir='ltr'>φήσουσι</span> <span class='ocrx_word' id='word_1_73' title='bbox 594 1105 695 1174; x_wconf 81' lang='grc' dir='ltr'>τῆς</span> <span class='ocrx_word' id='word_1_74' title='bbox 717 1105 966 1178; x_wconf 80' lang='grc' dir='ltr'>θεότητος</span> <span class='ocrx_word' id='word_1_75' title='bbox 992 1108 1274 1177; x_wconf 81' lang='grc' dir='ltr'>ὑμνεῖσθαι</span> <span class='ocrx_word' id='word_1_76' title='bbox 1300 1110 1365 1173; x_wconf 78' lang='grc'><strong>⁸⁸,</strong></span> <span class='ocrx_word' id='word_1_77' title='bbox 1384 1109 1505 1164; x_wconf 86' lang='grc' dir='ltr'>καθ’</span> <span class='ocrx_word' id='word_1_78' title='bbox 1529 1112 1586 1165; x_wconf 85' lang='grc' dir='ltr'>ἓν</span> <span class='ocrx_word' id='word_1_79' title='bbox 1598 1112 1655 1166; x_wconf 77' lang='grc' dir='ltr'>δὲ</span> <span class='ocrx_word' id='word_1_80' title='bbox 1682 1111 1776 1181; x_wconf 85' lang='grc' dir='ltr'><strong>μέ-</strong></span> 
     </span>
    </p>
   </div>
   <div class='ocr_carea' id='block_1_12' title="bbox 190 1198 1776 1272">
    <p class='ocr_par' dir='ltr' id='par_1_12' title="bbox 190 1198 1776 1272">
     <span class='ocr_line' id='line_1_12' title="bbox 190 1198 1776 1272; baseline 0.006 -23"><span class='ocrx_word' id='word_1_81' title='bbox 190 1213 288 1267; x_wconf 86' lang='grc' dir='ltr'>ρος</span> <span class='ocrx_word' id='word_1_82' title='bbox 324 1198 455 1250; x_wconf 78' lang='grc' dir='ltr'>αὑτὺ</span> <span class='ocrx_word' id='word_1_83' title='bbox 488 1198 824 1271; x_wconf 78' lang='grc' dir='ltr'>περιγράψαι</span> <span class='ocrx_word' id='word_1_84' title='bbox 868 1200 1147 1272; x_wconf 75' lang='grc' dir='ltr'>βιάσαιντο</span> <span class='ocrx_word' id='word_1_85' title='bbox 1198 1204 1264 1267; x_wconf 79' lang='grc'><strong>⁸⁷,</strong></span> <span class='ocrx_word' id='word_1_86' title='bbox 1307 1204 1429 1269; x_wconf 85' lang='grc' dir='ltr'><strong>πῶς</strong></span> <span class='ocrx_word' id='word_1_87' title='bbox 1455 1204 1776 1259; x_wconf 80' lang='grc' dir='ltr'>ἀκούσονται</span> 
     </span>
    </p>
   </div>
   <div class='ocr_carea' id='block_1_13' title="bbox 183 1290 1777 1366">
    <p class='ocr_par' dir='ltr' id='par_1_13' title="bbox 183 1290 1777 1366">
     <span class='ocr_line' id='line_1_13' title="bbox 183 1290 1777 1366; baseline 0.004 -22"><span class='ocrx_word' id='word_1_88' title='bbox 183 1290 320 1344; x_wconf 74' lang='grc' dir='ltr'>τοῦ·</span> <span class='ocrx_word' id='word_1_89' title='bbox 352 1290 554 1345; x_wconf 78' lang='grc' dir='ltr'><strong>Τάδε⁶⁸</strong></span> <span class='ocrx_word' id='word_1_90' title='bbox 599 1294 761 1363; x_wconf 76' lang='grc' dir='ltr'>λέγει</span> <span class='ocrx_word' id='word_1_91' title='bbox 794 1296 826 1347; x_wconf 83' lang='grc' dir='ltr'><em>ὀ</em></span> <span class='ocrx_word' id='word_1_92' title='bbox 861 1292 967 1357; x_wconf 83' lang='grc' dir='ltr'>ὢν,</span> <span class='ocrx_word' id='word_1_93' title='bbox 1004 1294 1072 1361; x_wconf 78' lang='grc' dir='ltr'>ὃς</span> <span class='ocrx_word' id='word_1_94' title='bbox 1094 1294 1175 1364; x_wconf 83' lang='grc' dir='ltr'>ἦν</span> <span class='ocrx_word' id='word_1_95' title='bbox 1191 1296 1261 1360; x_wconf 71' lang='grc' dir='ltr'>θ’,</span> <span class='ocrx_word' id='word_1_96' title='bbox 1292 1298 1325 1349; x_wconf 83' lang='grc' dir='ltr'><strong><em>ό</em></strong></span> <span class='ocrx_word' id='word_1_97' title='bbox 1360 1297 1702 1366; x_wconf 79' lang='grc' dir='ltr'><strong>ἐρχόμενος,</strong></span> <span class='ocrx_word' id='word_1_98' title='bbox 1742 1299 1777 1351; x_wconf 84' lang='grc' dir='ltr'><em>ό</em></span> 
     </span>
    </p>
   </div>
   <div class='ocr_carea' id='block_1_14' title="bbox 186 1384 1780 1456">
    <p class='ocr_par' dir='ltr' id='par_1_14' title="bbox 186 1384 1780 1456">
     <span class='ocr_line' id='line_1_14' title="bbox 186 1384 1780 1456; baseline 0.007 -20"><span class='ocrx_word' id='word_1_99' title='bbox 186 1384 612 1455; x_wconf 71' lang='grc' dir='ltr'>παντοκράτωρ</span> <span class='ocrx_word' id='word_1_100' title='bbox 631 1403 646 1417; x_wconf 73' lang='grc' dir='ltr'><strong>ο</strong></span> <span class='ocrx_word' id='word_1_101' title='bbox 669 1386 782 1440; x_wconf 69' lang='grc' dir='ltr'>καί*</span> <span class='ocrx_word' id='word_1_102' title='bbox 807 1388 892 1441; x_wconf 89' lang='grc' dir='ltr'><strong>Σὺ</strong></span> <span class='ocrx_word' id='word_1_103' title='bbox 922 1387 991 1441; x_wconf 83' lang='grc' dir='ltr'>δὲ</span> <span class='ocrx_word' id='word_1_104' title='bbox 1010 1391 1044 1442; x_wconf 83' lang='grc' dir='ltr'><em>ό</em></span> <span class='ocrx_word' id='word_1_105' title='bbox 1065 1389 1248 1456; x_wconf 83' lang='grc' dir='ltr'>αὐτὸς</span> <span class='ocrx_word' id='word_1_106' title='bbox 1270 1390 1341 1443; x_wconf 80' lang='grc' dir='ltr'><strong>εἷ’</strong></span> <span class='ocrx_word' id='word_1_107' title='bbox 1365 1392 1460 1445; x_wconf 61' lang='grc' dir='ltr'><strong>καὶ⁸</strong></span> <span class='ocrx_word' id='word_1_108' title='bbox 1484 1392 1561 1444; x_wconf 84' lang='grc' dir='ltr'><strong>τό·</strong></span> <span class='ocrx_word' id='word_1_109' title='bbox 1582 1394 1780 1447; x_wconf 82' lang='grc' dir='ltr'>Πνεῦ-</span> 
     </span>
    </p>
   </div>
   <div class='ocr_carea' id='block_1_15' title="bbox 182 1473 1779 1548">
    <p class='ocr_par' dir='ltr' id='par_1_15' title="bbox 182 1473 1779 1548">
     <span class='ocr_line' id='line_1_15' title="bbox 182 1473 1779 1548; baseline 0.004 -18"><span class='ocrx_word' id='word_1_110' title='bbox 182 1494 275 1546; x_wconf 81' lang='grc' dir='ltr'><strong>μα</strong></span> <span class='ocrx_word' id='word_1_111' title='bbox 308 1475 417 1544; x_wconf 83' lang='grc' dir='ltr'>τῆς</span> <span class='ocrx_word' id='word_1_112' title='bbox 447 1477 734 1545; x_wconf 79' lang='grc' dir='ltr'><strong>ἀληθείας</strong></span> <span class='ocrx_word' id='word_1_113' title='bbox 761 1476 827 1530; x_wconf 86' lang='grc' dir='ltr'>τὸ</span> <span class='ocrx_word' id='word_1_114' title='bbox 854 1476 950 1541; x_wconf 82' lang='grc' dir='ltr'>ὃν,</span> <span class='ocrx_word' id='word_1_115' title='bbox 970 1477 1001 1531; x_wconf 88' lang='grc' dir='ltr'>ὃ</span> <span class='ocrx_word' id='word_1_116' title='bbox 1029 1477 1188 1546; x_wconf 80' lang='grc' dir='ltr'>παρὰ</span> <span class='ocrx_word' id='word_1_117' title='bbox 1209 1477 1317 1533; x_wconf 86' lang='grc' dir='ltr'>τοῦ</span> <span class='ocrx_word' id='word_1_118' title='bbox 1345 1473 1578 1548; x_wconf 76' lang='grc' dir='ltr'>Πατρός</span> <span class='ocrx_word' id='word_1_119' title='bbox 1609 1481 1779 1535; x_wconf 77' lang='grc' dir='ltr'>ἐκπο-</span> 
     </span>
    </p>
   </div>
   <div class='ocr_carea' id='block_1_16' title="bbox 178 1565 1776 1645">
    <p class='ocr_par' dir='ltr' id='par_1_16' title="bbox 178 1565 1776 1645">
     <span class='ocr_line' id='line_1_16' title="bbox 178 1565 1776 1645; baseline 0.004 -25"><span class='ocrx_word' id='word_1_120' title='bbox 178 1568 449 1637; x_wconf 80' lang='grc' dir='ltr'>ρεύεται;</span> <span class='ocrx_word' id='word_1_121' title='bbox 468 1570 578 1623; x_wconf 72' lang='grc' dir='ltr'>Καὶ</span> <span class='ocrx_word' id='word_1_122' title='bbox 596 1570 645 1621; x_wconf 85' lang='grc' dir='ltr'><strong>εί</strong></span> <span class='ocrx_word' id='word_1_123' title='bbox 672 1569 745 1641; x_wconf 85' lang='grc' dir='ltr'>μὴ</span> <span class='ocrx_word' id='word_1_124' title='bbox 771 1569 898 1640; x_wconf 82' lang='grc' dir='ltr'>ὅλην</span> <span class='ocrx_word' id='word_1_125' title='bbox 926 1565 1063 1623; x_wconf 75' lang='grc' dir='ltr'>εἶναί</span> <span class='ocrx_word' id='word_1_126' title='bbox 1091 1587 1221 1640; x_wconf 85' lang='grc' dir='ltr'>φασι</span> <span class='ocrx_word' id='word_1_127' title='bbox 1254 1570 1353 1643; x_wconf 78' lang='grc' dir='ltr'>τὴν</span> <span class='ocrx_word' id='word_1_128' title='bbox 1389 1570 1686 1645; x_wconf 79' lang='grc' dir='ltr'>θεαρχικὴν</span> <span class='ocrx_word' id='word_1_129' title='bbox 1731 1574 1776 1606; x_wconf 79' lang='grc'><strong>⁷⁶</strong></span> 
     </span>
    </p>
   </div>
   <div class='ocr_carea' id='block_1_17' title="bbox 188 1658 1778 1733">
    <p class='ocr_par' dir='ltr' id='par_1_17' title="bbox 188 1658 1778 1733">
     <span class='ocr_line' id='line_1_17' title="bbox 188 1658 1778 1733; baseline 0.004 -21"><span class='ocrx_word' id='word_1_130' title='bbox 188 1659 359 1731; x_wconf 77' lang='grc' dir='ltr'>ζωὴν,</span> <span class='ocrx_word' id='word_1_131' title='bbox 388 1658 504 1723; x_wconf 87' lang='grc' dir='ltr'><strong>πῶς</strong></span> <span class='ocrx_word' id='word_1_132' title='bbox 528 1659 732 1732; x_wconf 77' lang='grc' dir='ltr'>ἀληθὴς</span> <span class='ocrx_word' id='word_1_133' title='bbox 755 1662 784 1714; x_wconf 84' lang='grc' dir='ltr'><strong>ὁ</strong></span> <span class='ocrx_word' id='word_1_134' title='bbox 803 1662 982 1731; x_wconf 82' lang='grc' dir='ltr'>φήσας</span> <span class='ocrx_word' id='word_1_135' title='bbox 1010 1661 1150 1733; x_wconf 77' lang='grc' dir='ltr'>ἱερὸς</span> <span class='ocrx_word' id='word_1_136' title='bbox 1174 1660 1349 1731; x_wconf 82' lang='grc' dir='ltr'><strong>λόγος·</strong></span> <span class='ocrx_word' id='word_1_137' title='bbox 1373 1663 1600 1733; x_wconf 81' lang='grc' dir='ltr'><strong>Ὥσπερ</strong></span> <span class='ocrx_word' id='word_1_138' title='bbox 1615 1667 1778 1719; x_wconf 83' lang='grc' dir='ltr'><strong>ὁΠα-</strong></span> 
     </span>
    </p>
   </div>
   <div class='ocr_carea' id='block_1_18' title="bbox 190 1752 1775 1822">
    <p class='ocr_par' dir='ltr' id='par_1_18' title="bbox 190 1752 1775 1822">
     <span class='ocr_line' id='line_1_18' title="bbox 190 1752 1775 1822; baseline 0.006 -18"><span class='ocrx_word' id='word_1_139' title='bbox 190 1752 306 1821; x_wconf 79' lang='grc' dir='ltr'>τὴρ</span> <span class='ocrx_word' id='word_1_140' title='bbox 331 1752 543 1822; x_wconf 81' lang='grc' dir='ltr'><strong>ἐγείρει</strong></span> <span class='ocrx_word' id='word_1_141' title='bbox 584 1753 724 1819; x_wconf 88' lang='grc' dir='ltr'>τοὺς</span> <span class='ocrx_word' id='word_1_142' title='bbox 748 1754 1019 1822; x_wconf 76' lang='grc' dir='ltr'>νεκροὺς,</span> <span class='ocrx_word' id='word_1_143' title='bbox 1061 1755 1161 1808; x_wconf 78' lang='grc' dir='ltr'>καὶ</span> <span class='ocrx_word' id='word_1_144' title='bbox 1197 1755 1473 1820; x_wconf 81' lang='grc' dir='ltr'><strong>ζωοποιεῖ,</strong></span> <span class='ocrx_word' id='word_1_145' title='bbox 1493 1757 1647 1812; x_wconf 84' lang='grc' dir='ltr'>οὕτω</span> <span class='ocrx_word' id='word_1_146' title='bbox 1678 1758 1775 1812; x_wconf 78' lang='grc' dir='ltr'>καὶ</span> 
     </span>
    </p>
   </div>
   <div class='ocr_carea' id='block_1_19' title="bbox 189 1844 1776 1920">
    <p class='ocr_par' dir='ltr' id='par_1_19' title="bbox 189 1844 1776 1920">
     <span class='ocr_line' id='line_1_19' title="bbox 189 1844 1776 1920; baseline 0.004 -23"><span class='ocrx_word' id='word_1_147' title='bbox 189 1848 225 1898; x_wconf 84' lang='lat' dir='ltr'><strong>d</strong></span> <span class='ocrx_word' id='word_1_148' title='bbox 255 1844 389 1910; x_wconf 76' lang='grc' dir='ltr'><strong>Υἱὸς</strong></span> <span class='ocrx_word' id='word_1_149' title='bbox 409 1845 515 1911; x_wconf 87' lang='grc' dir='ltr'>οὒς</span> <span class='ocrx_word' id='word_1_150' title='bbox 535 1844 693 1899; x_wconf 72' lang='grc' dir='ltr'>θέλει</span> <span class='ocrx_word' id='word_1_151' title='bbox 714 1846 993 1907; x_wconf 77' lang='grc' dir='ltr'>ζωοποιεῖ·</span> <span class='ocrx_word' id='word_1_152' title='bbox 1014 1848 1108 1901; x_wconf 89' lang='grc' dir='ltr'><strong>καί</strong></span> <span class='ocrx_word' id='word_1_153' title='bbox 1116 1864 1129 1877; x_wconf 89' lang='grc'><strong>·</strong></span> <span class='ocrx_word' id='word_1_154' title='bbox 1152 1849 1282 1901; x_wconf 81' lang='grc' dir='ltr'>Ὀτι</span> <span class='ocrx_word' id='word_1_155' title='bbox 1295 1848 1362 1903; x_wconf 86' lang='grc' dir='ltr'>τὸ</span> <span class='ocrx_word' id='word_1_156' title='bbox 1384 1850 1629 1920; x_wconf 83' lang='grc' dir='ltr'>Πνεῦμὰ</span> <span class='ocrx_word' id='word_1_157' title='bbox 1646 1851 1776 1907; x_wconf 87' lang='grc' dir='ltr'>ἐστι</span> 
     </span>
    </p>
   </div>
   <div class='ocr_carea' id='block_1_20' title="bbox 1876 653 3455 723">
    <p class='ocr_par' dir='ltr' id='par_1_20' title="bbox 1876 653 3455 723">
     <span class='ocr_line' id='line_1_20' title="bbox 1876 653 3455 723; baseline -0.001 -17"><span class='ocrx_word' id='word_1_158' title='bbox 1876 656 2037 708; x_wconf 89' lang='lat' dir='ltr'><strong>audet</strong></span> <span class='ocrx_word' id='word_1_159' title='bbox 2066 653 2152 707; x_wconf 89' lang='lat' dir='ltr'><strong>ille</strong></span> <span class='ocrx_word' id='word_1_160' title='bbox 2179 664 2381 707; x_wconf 89' lang='lat' dir='ltr'><strong>temere</strong></span> <span class='ocrx_word' id='word_1_161' title='bbox 2415 654 2702 718; x_wconf 90' lang='lat' dir='ltr'><strong>unitatem,</strong></span> <span class='ocrx_word' id='word_1_162' title='bbox 2728 669 2847 723; x_wconf 66' lang='lat' dir='ltr'><strong>quae</strong></span> <span class='ocrx_word' id='word_1_163' title='bbox 2888 670 3217 723; x_wconf 88' lang='lat' dir='ltr'><strong>supraquatu</strong></span> <span class='ocrx_word' id='word_1_164' title='bbox 3266 670 3367 707; x_wconf 90' lang='lat' dir='ltr'><strong>uua</strong></span> <span class='ocrx_word' id='word_1_165' title='bbox 3400 664 3455 705; x_wconf 86' lang='lat' dir='ltr'><strong>et</strong></span> 
     </span>
    </p>
   </div>
   <div class='ocr_carea' id='block_1_21' title="bbox 1876 744 3456 813">
    <p class='ocr_par' dir='ltr' id='par_1_21' title="bbox 1876 744 3456 813">
     <span class='ocr_line' id='line_1_21' title="bbox 1876 744 3456 813; baseline 0 -14"><span class='ocrx_word' id='word_1_166' title='bbox 1876 744 2103 813; x_wconf 77' lang='lat' dir='ltr'><strong>simplex</strong></span> <span class='ocrx_word' id='word_1_167' title='bbox 2132 754 2237 810; x_wconf 88' lang='lat' dir='ltr'><strong>est,</strong></span> <span class='ocrx_word' id='word_1_168' title='bbox 2265 745 2570 800; x_wconf 85' lang='lat' dir='ltr'><strong>distrahere</strong></span> <span class='ocrx_word' id='word_1_169' title='bbox 2598 756 2651 799; x_wconf 92' lang='lat' dir='ltr'><strong>et</strong></span> <span class='ocrx_word' id='word_1_170' title='bbox 2682 746 3007 813; x_wconf 75' lang='lat' dir='ltr'><strong>vituperare.</strong></span> <span class='ocrx_word' id='word_1_171' title='bbox 3043 746 3338 800; x_wconf 85' lang='lat' dir='ltr'><strong>Dicendum</strong></span> <span class='ocrx_word' id='word_1_172' title='bbox 3370 756 3456 799; x_wconf 86' lang='lat' dir='ltr'><strong>est</strong></span> 
     </span>
    </p>
   </div>
   <div class='ocr_carea' id='block_1_22' title="bbox 1878 836 3453 907">
    <p class='ocr_par' dir='ltr' id='par_1_22' title="bbox 1878 836 3453 907">
     <span class='ocr_line' id='line_1_22' title="bbox 1878 836 3453 907; baseline 0.001 -18"><span class='ocrx_word' id='word_1_173' title='bbox 1878 836 2065 907; x_wconf 78' lang='lat' dir='ltr'><strong>igitur,</strong></span> <span class='ocrx_word' id='word_1_174' title='bbox 2098 838 2166 891; x_wconf 90' lang='lat' dir='ltr'><strong>de</strong></span> <span class='ocrx_word' id='word_1_175' title='bbox 2193 847 2301 892; x_wconf 89' lang='lat' dir='ltr'><strong>tota</strong></span> <span class='ocrx_word' id='word_1_176' title='bbox 2333 836 2547 892; x_wconf 90' lang='lat' dir='ltr'><strong>Deitate</strong></span> <span class='ocrx_word' id='word_1_177' title='bbox 2574 837 2677 891; x_wconf 89' lang='lat' dir='ltr'><strong>hoc</strong></span> <span class='ocrx_word' id='word_1_178' title='bbox 2714 839 2886 907; x_wconf 83' lang='lat' dir='ltr'><strong>aeeipi</strong></span> <span class='ocrx_word' id='word_1_179' title='bbox 2924 850 3178 907; x_wconf 73' lang='lat' dir='ltr'><strong>oportere</strong></span> <span class='ocrx_word' id='word_1_180' title='bbox 3206 856 3221 892; x_wconf 91' lang='lat'><strong>:</strong></span> <span class='ocrx_word' id='word_1_181' title='bbox 3253 838 3453 892; x_wconf 88' lang='lat' dir='ltr'><strong>etenim</strong></span> 
     </span>
    </p>
   </div>
   <div class='ocr_carea' id='block_1_23' title="bbox 1876 928 3452 999">
    <p class='ocr_par' dir='ltr' id='par_1_23' title="bbox 1876 928 3452 999">
     <span class='ocr_line' id='line_1_23' title="bbox 1876 928 3452 999; baseline 0.002 -17"><span class='ocrx_word' id='word_1_182' title='bbox 1876 938 1931 982; x_wconf 90' lang='lat' dir='ltr'><strong>et</strong></span> <span class='ocrx_word' id='word_1_183' title='bbox 1974 928 2208 983; x_wconf 82' lang='lat' dir='ltr'><strong>Verbum</strong></span> <span class='ocrx_word' id='word_1_184' title='bbox 2263 929 2462 999; x_wconf 88' lang='lat' dir='ltr'><strong>ipsum,</strong></span> <span class='ocrx_word' id='word_1_185' title='bbox 2511 930 2653 999; x_wconf 91' lang='lat' dir='ltr'><strong>quod</strong></span> <span class='ocrx_word' id='word_1_186' title='bbox 2701 939 2894 983; x_wconf 88' lang='lat' dir='ltr'><strong>natura</strong></span> <span class='ocrx_word' id='word_1_187' title='bbox 2942 929 3141 983; x_wconf 90' lang='lat' dir='ltr'><strong>bonum</strong></span> <span class='ocrx_word' id='word_1_188' title='bbox 3187 936 3291 994; x_wconf 73' lang='grc' dir='ltr'>εει,</span> <span class='ocrx_word' id='word_1_189' title='bbox 3329 929 3452 985; x_wconf 79' lang='lat' dir='ltr'><strong>ait;</strong></span> 
     </span>
    </p>
   </div>
   <div class='ocr_carea' id='block_1_24' title="bbox 1877 1020 3455 1093">
    <p class='ocr_par' dir='ltr' id='par_1_24' title="bbox 1877 1020 3455 1093">
     <span class='ocr_line' id='line_1_24' title="bbox 1877 1020 3455 1093; baseline -0.001 -18"><span class='ocrx_word' id='word_1_190' title='bbox 1877 1020 1990 1092; x_wconf 80' lang='lat' dir='ltr'><strong>Ego</strong></span> <span class='ocrx_word' id='word_1_191' title='bbox 2021 1022 2187 1076; x_wconf 76' lang='lat' dir='ltr'><strong>bonus</strong></span> <span class='ocrx_word' id='word_1_192' title='bbox 2231 1040 2347 1077; x_wconf 75' lang='lat' dir='ltr'><strong>sum</strong></span> <span class='ocrx_word' id='word_1_193' title='bbox 2380 1032 2427 1086; x_wconf 72' lang='grc' dir='ltr'>τ,</span> <span class='ocrx_word' id='word_1_194' title='bbox 2460 1032 2517 1077; x_wconf 91' lang='lat' dir='ltr'><strong>et</strong></span> <span class='ocrx_word' id='word_1_195' title='bbox 2548 1024 2766 1091; x_wconf 83' lang='lat' dir='ltr'><strong>quidam</strong></span> <span class='ocrx_word' id='word_1_196' title='bbox 2819 1024 3079 1093; x_wconf 87' lang='lat' dir='ltr'><strong>propheta</strong></span> <span class='ocrx_word' id='word_1_197' title='bbox 3120 1024 3303 1078; x_wconf 87' lang='lat' dir='ltr'><strong>divino</strong></span> <span class='ocrx_word' id='word_1_198' title='bbox 3344 1021 3455 1074; x_wconf 82' lang='lat' dir='ltr'><strong>Nu-</strong></span> 
     </span>
    </p>
   </div>
   <div class='ocr_carea' id='block_1_25' title="bbox 1878 1113 3451 1186">
    <p class='ocr_par' dir='ltr' id='par_1_25' title="bbox 1878 1113 3451 1186">
     <span class='ocr_line' id='line_1_25' title="bbox 1878 1113 3451 1186; baseline -0.001 -18"><span class='ocrx_word' id='word_1_199' title='bbox 1878 1116 2023 1169; x_wconf 83' lang='lat' dir='ltr'><strong>mine</strong></span> <span class='ocrx_word' id='word_1_200' title='bbox 2061 1113 2269 1168; x_wconf 82' lang='lat' dir='ltr'><strong>alllatus</strong></span> <span class='ocrx_word' id='word_1_201' title='bbox 2300 1114 2466 1186; x_wconf 74' lang='lat'><strong>316</strong></span> <span class='ocrx_word' id='word_1_202' title='bbox 2510 1115 2692 1169; x_wconf 88' lang='lat' dir='ltr'><strong>lattdat</strong></span> <span class='ocrx_word' id='word_1_203' title='bbox 2737 1116 2997 1184; x_wconf 81' lang='lat' dir='ltr'><strong>Spiritum</strong></span> <span class='ocrx_word' id='word_1_204' title='bbox 3045 1115 3243 1169; x_wconf 88' lang='lat' dir='ltr'><strong>bonum</strong></span> <span class='ocrx_word' id='word_1_205' title='bbox 3294 1122 3341 1167; x_wconf 85' lang='grc'>³.</span> <span class='ocrx_word' id='word_1_206' title='bbox 3382 1113 3451 1167; x_wconf 85' lang='lat' dir='ltr'><strong>Et</strong></span> 
     </span>
    </p>
   </div>
   <div class='ocr_carea' id='block_1_26' title="bbox 1879 1206 3455 1277">
    <p class='ocr_par' dir='ltr' id='par_1_26' title="bbox 1879 1206 3455 1277">
     <span class='ocr_line' id='line_1_26' title="bbox 1879 1206 3455 1277; baseline 0 -16"><span class='ocrx_word' id='word_1_207' title='bbox 1879 1222 2094 1261; x_wconf 86' lang='lat' dir='ltr'><strong>rursum</strong></span> <span class='ocrx_word' id='word_1_208' title='bbox 2119 1208 2245 1261; x_wconf 90' lang='lat' dir='ltr'><strong>illud</strong></span> <span class='ocrx_word' id='word_1_209' title='bbox 2276 1224 2291 1261; x_wconf 91' lang='lat'><strong>:</strong></span> <span class='ocrx_word' id='word_1_210' title='bbox 2321 1206 2430 1277; x_wconf 80' lang='lat' dir='ltr'><strong>Ego</strong></span> <span class='ocrx_word' id='word_1_211' title='bbox 2471 1224 2586 1261; x_wconf 78' lang='lat' dir='ltr'><strong>sum</strong></span> <span class='ocrx_word' id='word_1_212' title='bbox 2612 1209 2703 1275; x_wconf 88' lang='lat' dir='ltr'><strong>qui</strong></span> <span class='ocrx_word' id='word_1_213' title='bbox 2735 1224 2851 1260; x_wconf 73' lang='lat' dir='ltr'><strong>sum</strong></span> <span class='ocrx_word' id='word_1_214' title='bbox 2887 1210 2926 1270; x_wconf 75' lang='grc' dir='ltr'><strong>ι,</strong></span> <span class='ocrx_word' id='word_1_215' title='bbox 2959 1207 3062 1261; x_wconf 88' lang='lat' dir='ltr'><strong>nisi</strong></span> <span class='ocrx_word' id='word_1_216' title='bbox 3092 1208 3159 1262; x_wconf 90' lang='lat' dir='ltr'><strong>de</strong></span> <span class='ocrx_word' id='word_1_217' title='bbox 3189 1216 3297 1260; x_wconf 90' lang='lat' dir='ltr'><strong>tota</strong></span> <span class='ocrx_word' id='word_1_218' title='bbox 3324 1222 3455 1261; x_wconf 86' lang='lat' dir='ltr'><strong>eon-</strong></span> 
     </span>
    </p>
   </div>
   <div class='ocr_carea' id='block_1_27' title="bbox 1877 1298 3453 1369">
    <p class='ocr_par' dir='ltr' id='par_1_27' title="bbox 1877 1298 3453 1369">
     <span class='ocr_line' id='line_1_27' title="bbox 1877 1298 3453 1369; baseline -0.002 -15"><span class='ocrx_word' id='word_1_219' title='bbox 1877 1298 2069 1354; x_wconf 75' lang='lat' dir='ltr'><strong>eedant</strong></span> <span class='ocrx_word' id='word_1_220' title='bbox 2107 1299 2393 1354; x_wconf 82' lang='lat' dir='ltr'><strong>divinitate</strong></span> <span class='ocrx_word' id='word_1_221' title='bbox 2510 1302 2958 1369; x_wconf 87' lang='lat' dir='ltr'><strong>pronuntiatum,</strong></span> <span class='ocrx_word' id='word_1_222' title='bbox 3009 1299 3103 1354; x_wconf 76' lang='lat' dir='ltr'><strong>sed</strong></span> <span class='ocrx_word' id='word_1_223' title='bbox 3157 1301 3453 1354; x_wconf 87' lang='lat' dir='ltr'><strong>secundum</strong></span> 
     </span>
    </p>
   </div>
   <div class='ocr_carea' id='block_1_28' title="bbox 1880 1390 3451 1460">
    <p class='ocr_par' dir='ltr' id='par_1_28' title="bbox 1880 1390 3451 1460">
     <span class='ocr_line' id='line_1_28' title="bbox 1880 1390 3451 1460; baseline 0.001 -17"><span class='ocrx_word' id='word_1_224' title='bbox 1880 1406 2044 1443; x_wconf 85' lang='lat' dir='ltr'><strong>uuam</strong></span> <span class='ocrx_word' id='word_1_225' title='bbox 2092 1390 2361 1445; x_wconf 82' lang='lat' dir='ltr'><strong>duntaxat</strong></span> <span class='ocrx_word' id='word_1_226' title='bbox 2413 1403 2620 1460; x_wconf 90' lang='lat' dir='ltr'><strong>partem</strong></span> <span class='ocrx_word' id='word_1_227' title='bbox 2666 1393 2995 1459; x_wconf 83' lang='lat' dir='ltr'><strong>descriptum</strong></span> <span class='ocrx_word' id='word_1_228' title='bbox 3042 1392 3451 1457; x_wconf 83' lang='lat' dir='ltr'><strong>contenderim,</strong></span> 
     </span>
    </p>
   </div>
   <div class='ocr_carea' id='block_1_29' title="bbox 1880 1480 3450 1554">
    <p class='ocr_par' dir='ltr' id='par_1_29' title="bbox 1880 1480 3450 1554">
     <span class='ocr_line' id='line_1_29' title="bbox 1880 1480 3450 1554; baseline 0 -20"><span class='ocrx_word' id='word_1_229' title='bbox 1880 1482 2151 1551; x_wconf 89' lang='lat' dir='ltr'><strong>quomodo</strong></span> <span class='ocrx_word' id='word_1_230' title='bbox 2181 1482 2309 1536; x_wconf 77' lang='lat' dir='ltr'><strong>illud</strong></span> <span class='ocrx_word' id='word_1_231' title='bbox 2355 1483 2703 1554; x_wconf 84' lang='lat' dir='ltr'><strong>intelligent:</strong></span> <span class='ocrx_word' id='word_1_232' title='bbox 2736 1482 2860 1537; x_wconf 74' lang='grc' dir='ltr'>Ηιεο</span> <span class='ocrx_word' id='word_1_233' title='bbox 2908 1484 3034 1536; x_wconf 82' lang='lat' dir='ltr'><strong>dicit</strong></span> <span class='ocrx_word' id='word_1_234' title='bbox 3069 1485 3157 1554; x_wconf 85' lang='lat' dir='ltr'><strong>qui</strong></span> <span class='ocrx_word' id='word_1_235' title='bbox 3206 1480 3318 1547; x_wconf 78' lang='lat' dir='ltr'><strong>est,</strong></span> <span class='ocrx_word' id='word_1_236' title='bbox 3362 1485 3450 1552; x_wconf 89' lang='lat' dir='ltr'><strong>qui</strong></span> 
     </span>
    </p>
   </div>
   <div class='ocr_carea' id='block_1_30' title="bbox 1878 1575 3455 1645">
    <p class='ocr_par' dir='ltr' id='par_1_30' title="bbox 1878 1575 3455 1645">
     <span class='ocr_line' id='line_1_30' title="bbox 1878 1575 3455 1645; baseline -0.001 -16"><span class='ocrx_word' id='word_1_237' title='bbox 1878 1587 2011 1641; x_wconf 85' lang='lat' dir='ltr'><strong>erat,</strong></span> <span class='ocrx_word' id='word_1_238' title='bbox 2061 1575 2151 1645; x_wconf 91' lang='lat' dir='ltr'><strong>qui</strong></span> <span class='ocrx_word' id='word_1_239' title='bbox 2198 1586 2441 1629; x_wconf 71' lang='lat' dir='ltr'><strong>venturus</strong></span> <span class='ocrx_word' id='word_1_240' title='bbox 2481 1585 2579 1638; x_wconf 77' lang='lat' dir='ltr'><strong>est,</strong></span> <span class='ocrx_word' id='word_1_241' title='bbox 2611 1577 2938 1641; x_wconf 73' lang='lat' dir='ltr'><strong>omnipotens</strong></span> <span class='ocrx_word' id='word_1_242' title='bbox 2965 1588 3023 1643; x_wconf 85' lang='lat' dir='ltr'><strong>u;</strong></span> <span class='ocrx_word' id='word_1_243' title='bbox 3069 1587 3123 1630; x_wconf 88' lang='lat' dir='ltr'><strong>et</strong></span> <span class='ocrx_word' id='word_1_244' title='bbox 3166 1576 3294 1630; x_wconf 88' lang='lat' dir='ltr'><strong>illud</strong></span> <span class='ocrx_word' id='word_1_245' title='bbox 3326 1595 3337 1628; x_wconf 93' lang='lat'><strong>:</strong></span> <span class='ocrx_word' id='word_1_246' title='bbox 3375 1575 3455 1629; x_wconf 84' lang='lat' dir='ltr'><strong>Tu</strong></span> 
     </span>
    </p>
   </div>
   <div class='ocr_carea' id='block_1_31' title="bbox 1879 1667 3454 1736">
    <p class='ocr_par' dir='ltr' id='par_1_31' title="bbox 1879 1667 3454 1736">
     <span class='ocr_line' id='line_1_31' title="bbox 1879 1667 3454 1736; baseline 0 -17"><span class='ocrx_word' id='word_1_247' title='bbox 1879 1677 2054 1720; x_wconf 81' lang='lat' dir='ltr'><strong>autem</strong></span> <span class='ocrx_word' id='word_1_248' title='bbox 2088 1667 2224 1720; x_wconf 80' lang='lat' dir='ltr'><strong>idem</strong></span> <span class='ocrx_word' id='word_1_249' title='bbox 2261 1668 2369 1735; x_wconf 79' lang='lat' dir='ltr'><strong>ipse</strong></span> <span class='ocrx_word' id='word_1_250' title='bbox 2412 1683 2467 1720; x_wconf 76' lang='lat' dir='ltr'><strong>es</strong></span> <span class='ocrx_word' id='word_1_251' title='bbox 2496 1675 2553 1730; x_wconf 71' lang='grc' dir='ltr'>νς</span> <span class='ocrx_word' id='word_1_252' title='bbox 2600 1675 2655 1721; x_wconf 89' lang='lat' dir='ltr'><strong>et</strong></span> <span class='ocrx_word' id='word_1_253' title='bbox 2718 1667 2889 1721; x_wconf 88' lang='lat' dir='ltr'><strong>illud:</strong></span> <span class='ocrx_word' id='word_1_254' title='bbox 2945 1667 3177 1736; x_wconf 75' lang='lat' dir='ltr'><strong>Spiritus</strong></span> <span class='ocrx_word' id='word_1_255' title='bbox 3222 1669 3454 1721; x_wconf 75' lang='lat' dir='ltr'><strong>veritatis</strong></span> 
     </span>
    </p>
   </div>
   <div class='ocr_carea' id='block_1_32' title="bbox 1876 1757 3453 1827">
    <p class='ocr_par' dir='ltr' id='par_1_32' title="bbox 1876 1757 3453 1827">
     <span class='ocr_line' id='line_1_32' title="bbox 1876 1757 3453 1827; baseline -0.002 -16"><span class='ocrx_word' id='word_1_256' title='bbox 1876 1758 2180 1827; x_wconf 78' lang='lat' dir='ltr'><strong>quiest,qui</strong></span> <span class='ocrx_word' id='word_1_257' title='bbox 2198 1775 2229 1810; x_wconf 87' lang='lat' dir='ltr'><strong>a</strong></span> <span class='ocrx_word' id='word_1_258' title='bbox 2250 1757 2409 1811; x_wconf 84' lang='lat' dir='ltr'><strong>Putre</strong></span> <span class='ocrx_word' id='word_1_259' title='bbox 2432 1758 2663 1826; x_wconf 80' lang='lat' dir='ltr'><strong>procedit</strong></span> <span class='ocrx_word' id='word_1_260' title='bbox 2688 1758 2756 1811; x_wconf 70' lang='lat' dir='ltr'><strong>JK?</strong></span> <span class='ocrx_word' id='word_1_261' title='bbox 2786 1758 2853 1812; x_wconf 77' lang='lat' dir='ltr'><strong>Et</strong></span> <span class='ocrx_word' id='word_1_262' title='bbox 2878 1759 2981 1812; x_wconf 86' lang='lat' dir='ltr'><strong>nisi</strong></span> <span class='ocrx_word' id='word_1_263' title='bbox 3009 1759 3347 1812; x_wconf 85' lang='lat' dir='ltr'><strong>divinitatem</strong></span> <span class='ocrx_word' id='word_1_264' title='bbox 3372 1767 3453 1809; x_wconf 88' lang='lat' dir='ltr'><strong>to-</strong></span> 
     </span>
    </p>
   </div>
   <div class='ocr_carea' id='block_1_33' title="bbox 1886 1847 3454 1918">
    <p class='ocr_par' dir='ltr' id='par_1_33' title="bbox 1886 1847 3454 1918">
     <span class='ocr_line' id='line_1_33' title="bbox 1886 1847 3454 1918; baseline -0.001 -18"><span class='ocrx_word' id='word_1_265' title='bbox 1886 1857 1991 1900; x_wconf 84' lang='lat' dir='ltr'><strong>tam</strong></span> <span class='ocrx_word' id='word_1_266' title='bbox 2023 1847 2209 1901; x_wconf 85' lang='lat' dir='ltr'><strong>dicant</strong></span> <span class='ocrx_word' id='word_1_267' title='bbox 2239 1862 2362 1901; x_wconf 86' lang='lat' dir='ltr'><strong>esse</strong></span> <span class='ocrx_word' id='word_1_268' title='bbox 2394 1848 2576 1910; x_wconf 80' lang='lat' dir='ltr'><strong>vitam.</strong></span> <span class='ocrx_word' id='word_1_269' title='bbox 2596 1849 2868 1918; x_wconf 85' lang='lat' dir='ltr'><strong>quomodo</strong></span> <span class='ocrx_word' id='word_1_270' title='bbox 2899 1864 3086 1902; x_wconf 90' lang='lat' dir='ltr'><strong>verum</strong></span> <span class='ocrx_word' id='word_1_271' title='bbox 3116 1858 3198 1902; x_wconf 88' lang='lat' dir='ltr'><strong>est</strong></span> <span class='ocrx_word' id='word_1_272' title='bbox 3239 1862 3454 1902; x_wconf 89' lang='lat' dir='ltr'><strong>sacrum</strong></span> 
     </span>
    </p>
   </div>
   <div class='ocr_carea' id='block_1_34' title="bbox 183 1920 1752 2010">
    <p class='ocr_par' dir='ltr' id='par_1_34' title="bbox 183 1933 1752 2010">
     <span class='ocr_line' id='line_1_34' title="bbox 183 1933 1752 2010; baseline 0.003 -22"><span class='ocrx_word' id='word_1_273' title='bbox 183 1934 256 1988; x_wconf 85' lang='grc' dir='ltr'>τὸ</span> <span class='ocrx_word' id='word_1_274' title='bbox 290 1933 609 1996; x_wconf 80' lang='grc' dir='ltr'>ζωοποιοῦν</span> <span class='ocrx_word' id='word_1_275' title='bbox 628 1952 649 2001; x_wconf 85' lang='grc'><em>;</em></span> <span class='ocrx_word' id='word_1_276' title='bbox 676 1938 796 1991; x_wconf 84' lang='grc' dir='ltr'>Ὅτι</span> <span class='ocrx_word' id='word_1_277' title='bbox 819 1937 875 1991; x_wconf 82' lang='grc' dir='ltr'><strong>δὲ</strong></span> <span class='ocrx_word' id='word_1_278' title='bbox 897 1939 992 1991; x_wconf 73' lang='grc' dir='ltr'><strong>καὶ</strong></span> <span class='ocrx_word' id='word_1_279' title='bbox 1011 1938 1111 2008; x_wconf 82' lang='grc' dir='ltr'>τὴν</span> <span class='ocrx_word' id='word_1_280' title='bbox 1134 1938 1355 2009; x_wconf 76' lang='grc' dir='ltr'>κυρείαν</span> <span class='ocrx_word' id='word_1_281' title='bbox 1377 1939 1489 2010; x_wconf 76' lang='grc' dir='ltr'>ἔχει</span> <span class='ocrx_word' id='word_1_282' title='bbox 1512 1940 1620 1993; x_wconf 88' lang='grc' dir='ltr'><strong>τῶν</strong></span> <span class='ocrx_word' id='word_1_283' title='bbox 1645 1940 1752 1993; x_wconf 81' lang='grc' dir='ltr'><strong>ὅλω</strong></span> 
     </span>
    </p>
   </div>
   <div class='ocr_carea' id='block_1_35' title="bbox 2033 1920 3454 2010">
    <p class='ocr_par' dir='ltr' id='par_1_35' title="bbox 2033 1938 3454 2009">
     <span class='ocr_line' id='line_1_35' title="bbox 2033 1938 3454 2009; baseline -0.001 -17"><span class='ocrx_word' id='word_1_284' title='bbox 2033 1955 2119 1993; x_wconf 86' lang='grc' dir='ltr'>ιιιιι</span> <span class='ocrx_word' id='word_1_285' title='bbox 2150 1939 2292 2009; x_wconf 91' lang='lat' dir='ltr'><strong>quod</strong></span> <span class='ocrx_word' id='word_1_286' title='bbox 2322 1940 2400 1992; x_wconf 87' lang='lat' dir='ltr'><strong>ait</strong></span> <span class='ocrx_word' id='word_1_287' title='bbox 2428 1953 2443 1991; x_wconf 87' lang='lat'><strong>:</strong></span> <span class='ocrx_word' id='word_1_288' title='bbox 2478 1938 2629 1993; x_wconf 83' lang='lat' dir='ltr'><strong>Sicut</strong></span> <span class='ocrx_word' id='word_1_289' title='bbox 2661 1938 2825 1993; x_wconf 83' lang='lat' dir='ltr'><strong>Pater</strong></span> <span class='ocrx_word' id='word_1_290' title='bbox 2866 1942 3088 1992; x_wconf 69' lang='lat' dir='ltr'><strong>suscitat</strong></span> <span class='ocrx_word' id='word_1_291' title='bbox 3127 1952 3383 2001; x_wconf 77' lang='lat' dir='ltr'><strong>mortuos,</strong></span> <span class='ocrx_word' id='word_1_292' title='bbox 3406 1948 3454 1992; x_wconf 87' lang='lat' dir='ltr'><strong>et</strong></span> 
     </span>
    </p>
   </div>
   <div class='ocr_carea' id='block_1_36' title="bbox 183 2027 1779 2104">
    <p class='ocr_par' dir='ltr' id='par_1_36' title="bbox 183 2027 1779 2104">
     <span class='ocr_line' id='line_1_36' title="bbox 183 2027 1779 2104; baseline 0.004 -24"><span class='ocrx_word' id='word_1_293' title='bbox 183 2030 220 2099; x_wconf 77' lang='grc' dir='ltr'><strong>ἡ</strong></span> <span class='ocrx_word' id='word_1_294' title='bbox 255 2028 354 2099; x_wconf 82' lang='grc' dir='ltr'><strong>ὅλη</strong></span> <span class='ocrx_word' id='word_1_295' title='bbox 382 2027 592 2099; x_wconf 84' lang='grc' dir='ltr'>θεότης,</span> <span class='ocrx_word' id='word_1_296' title='bbox 622 2032 750 2102; x_wconf 80' lang='grc' dir='ltr'>περὶ</span> <span class='ocrx_word' id='word_1_297' title='bbox 784 2030 883 2099; x_wconf 80' lang='grc' dir='ltr'><strong>μὲν</strong></span> <span class='ocrx_word' id='word_1_298' title='bbox 908 2031 1008 2101; x_wconf 84' lang='grc' dir='ltr'><strong>τῆς</strong></span> <span class='ocrx_word' id='word_1_299' title='bbox 1041 2030 1289 2099; x_wconf 84' lang='grc' dir='ltr'>θεογόνου</span> <span class='ocrx_word' id='word_1_300' title='bbox 1318 2030 1589 2104; x_wconf 80' lang='grc' dir='ltr'>θεότητος,</span> <span class='ocrx_word' id='word_1_301' title='bbox 1621 2032 1779 2104; x_wconf 82' lang='grc' dir='ltr'><strong>ἢτῆς</strong></span> 
     </span>
    </p>
   </div>
   <div class='ocr_carea' id='block_1_37' title="bbox 185 2120 1781 2195">
    <p class='ocr_par' dir='ltr' id='par_1_37' title="bbox 185 2120 1781 2195">
     <span class='ocr_line' id='line_1_37' title="bbox 185 2120 1781 2195; baseline -0.001 -18"><span class='ocrx_word' id='word_1_302' title='bbox 185 2124 374 2195; x_wconf 82' lang='grc' dir='ltr'>υίικῆς</span> <span class='ocrx_word' id='word_1_303' title='bbox 397 2124 521 2177; x_wconf 79' lang='grc' dir='ltr'>οὑδὲ</span> <span class='ocrx_word' id='word_1_304' title='bbox 546 2125 720 2178; x_wconf 80' lang='grc' dir='ltr'>εἰπεῖν</span> <span class='ocrx_word' id='word_1_305' title='bbox 744 2124 912 2189; x_wconf 78' lang='grc' dir='ltr'>ἔστιν,</span> <span class='ocrx_word' id='word_1_306' title='bbox 939 2124 1014 2189; x_wconf 86' lang='grc' dir='ltr'>ὡς</span> <span class='ocrx_word' id='word_1_307' title='bbox 1037 2120 1207 2195; x_wconf 80' lang='grc' dir='ltr'>οἶμαι,</span> <span class='ocrx_word' id='word_1_308' title='bbox 1234 2124 1447 2194; x_wconf 84' lang='grc' dir='ltr'>ποσαχῆ</span> <span class='ocrx_word' id='word_1_309' title='bbox 1464 2126 1507 2157; x_wconf 70' lang='grc'><strong>⁷⁸</strong></span> <span class='ocrx_word' id='word_1_310' title='bbox 1530 2124 1627 2193; x_wconf 78' lang='grc' dir='ltr'>τῆς</span> <span class='ocrx_word' id='word_1_311' title='bbox 1660 2123 1781 2177; x_wconf 85' lang='grc' dir='ltr'>θεο-</span> 
     </span>
    </p>
   </div>
   <div class='ocr_carea' id='block_1_38' title="bbox 184 2213 1775 2287">
    <p class='ocr_par' dir='ltr' id='par_1_38' title="bbox 184 2213 1775 2287">
     <span class='ocr_line' id='line_1_38' title="bbox 184 2213 1775 2287; baseline 0 -21"><span class='ocrx_word' id='word_1_312' title='bbox 184 2213 380 2282; x_wconf 78' lang='grc' dir='ltr'>λογίας</span> <span class='ocrx_word' id='word_1_313' title='bbox 409 2216 501 2269; x_wconf 75' lang='grc' dir='ltr'><strong>ὲπὶ</strong></span> <span class='ocrx_word' id='word_1_314' title='bbox 524 2215 740 2287; x_wconf 86' lang='grc' dir='ltr'>Πατρὸς</span> <span class='ocrx_word' id='word_1_315' title='bbox 763 2215 857 2269; x_wconf 74' lang='grc' dir='ltr'><strong>καὶ</strong></span> <span class='ocrx_word' id='word_1_316' title='bbox 880 2215 1011 2268; x_wconf 86' lang='grc' dir='ltr'><strong>Υἱοῦ</strong></span> <span class='ocrx_word' id='word_1_317' title='bbox 1042 2214 1434 2286; x_wconf 86' lang='grc' dir='ltr'>διαθρυλλεῖται</span> <span class='ocrx_word' id='word_1_318' title='bbox 1454 2215 1515 2267; x_wconf 79' lang='grc' dir='ltr'><strong>τὸ</strong></span> <span class='ocrx_word' id='word_1_319' title='bbox 1543 2213 1775 2285; x_wconf 75' lang='grc' dir='ltr'>Κύριοςο</span> 
     </span>
    </p>
   </div>
   <div class='ocr_carea' id='block_1_39' title="bbox 182 2305 1781 2379">
    <p class='ocr_par' dir='ltr' id='par_1_39' title="bbox 182 2305 1781 2379">
     <span class='ocr_line' id='line_1_39' title="bbox 182 2305 1781 2379; baseline 0 -19"><span class='ocrx_word' id='word_1_320' title='bbox 182 2305 326 2360; x_wconf 80' lang='grc' dir='ltr'>ἀλλὰ</span> <span class='ocrx_word' id='word_1_321' title='bbox 350 2307 443 2359; x_wconf 75' lang='grc' dir='ltr'>καὶ</span> <span class='ocrx_word' id='word_1_322' title='bbox 478 2307 683 2379; x_wconf 81' lang='grc' dir='ltr'>Κύριος</span> <span class='ocrx_word' id='word_1_323' title='bbox 714 2307 772 2361; x_wconf 85' lang='grc' dir='ltr'><strong>τὸ</strong></span> <span class='ocrx_word' id='word_1_324' title='bbox 795 2307 1020 2378; x_wconf 75' lang='grc' dir='ltr'>Πνεῦμα</span> <span class='ocrx_word' id='word_1_325' title='bbox 1043 2307 1178 2360; x_wconf 78' lang='grc' dir='ltr'>ἐστι.</span> <span class='ocrx_word' id='word_1_326' title='bbox 1205 2306 1315 2360; x_wconf 83' lang='lat' dir='ltr'><strong>Kal.</strong></span> <span class='ocrx_word' id='word_1_327' title='bbox 1341 2306 1402 2360; x_wconf 80' lang='grc' dir='ltr'><strong>τὸ</strong></span> <span class='ocrx_word' id='word_1_328' title='bbox 1423 2305 1584 2359; x_wconf 85' lang='grc' dir='ltr'>καλὸν</span> <span class='ocrx_word' id='word_1_329' title='bbox 1607 2306 1664 2358; x_wconf 82' lang='grc' dir='ltr'>δὲ</span> <span class='ocrx_word' id='word_1_330' title='bbox 1686 2307 1781 2360; x_wconf 75' lang='grc' dir='ltr'>καὶ</span> 
     </span>
    </p>
   </div>
   <div class='ocr_carea' id='block_1_40' title="bbox 182 2396 1774 2471">
    <p class='ocr_par' dir='ltr' id='par_1_40' title="bbox 182 2396 1774 2471">
     <span class='ocr_line' id='line_1_40' title="bbox 182 2396 1774 2471; baseline -0.001 -20"><span class='ocrx_word' id='word_1_331' title='bbox 182 2398 248 2451; x_wconf 80' lang='grc' dir='ltr'>τὺ</span> <span class='ocrx_word' id='word_1_332' title='bbox 288 2398 450 2469; x_wconf 81' lang='grc' dir='ltr'>σοφὸν</span> <span class='ocrx_word' id='word_1_333' title='bbox 476 2400 568 2461; x_wconf 72' lang='grc' dir='ltr'>ἐπὶ</span> <span class='ocrx_word' id='word_1_334' title='bbox 594 2400 692 2471; x_wconf 77' lang='grc' dir='ltr'><strong>τῆς</strong></span> <span class='ocrx_word' id='word_1_335' title='bbox 715 2398 843 2470; x_wconf 86' lang='grc' dir='ltr'>ὅλης</span> <span class='ocrx_word' id='word_1_336' title='bbox 867 2398 1119 2469; x_wconf 76' lang='grc' dir='ltr'>θεότητος</span> <span class='ocrx_word' id='word_1_337' title='bbox 1148 2398 1417 2470; x_wconf 79' lang='grc' dir='ltr'>ὑμνεῖται,</span> <span class='ocrx_word' id='word_1_338' title='bbox 1441 2399 1533 2451; x_wconf 74' lang='grc' dir='ltr'><strong>καὶ</strong></span> <span class='ocrx_word' id='word_1_339' title='bbox 1552 2398 1614 2451; x_wconf 83' lang='grc' dir='ltr'>τὸ</span> <span class='ocrx_word' id='word_1_340' title='bbox 1638 2396 1774 2465; x_wconf 90' lang='grc' dir='ltr'>φῶς,</span> 
     </span>
    </p>
   </div>
   <div class='ocr_carea' id='block_1_41' title="bbox 184 2489 1779 2561">
    <p class='ocr_par' dir='ltr' id='par_1_41' title="bbox 184 2489 1779 2561">
     <span class='ocr_line' id='line_1_41' title="bbox 184 2489 1779 2561; baseline -0.003 -15"><span class='ocrx_word' id='word_1_341' title='bbox 184 2494 286 2546; x_wconf 75' lang='grc' dir='ltr'>καὶ</span> <span class='ocrx_word' id='word_1_342' title='bbox 318 2493 381 2545; x_wconf 85' lang='grc' dir='ltr'><strong>τὸ</strong></span> <span class='ocrx_word' id='word_1_343' title='bbox 405 2492 780 2557; x_wconf 74' lang='grc' dir='ltr'>θεοτιοιὺν,καὶ</span> <span class='ocrx_word' id='word_1_344' title='bbox 792 2492 853 2545; x_wconf 84' lang='grc' dir='ltr'><strong>τὸ</strong></span> <span class='ocrx_word' id='word_1_345' title='bbox 868 2491 1058 2555; x_wconf 75' lang='grc' dir='ltr'>αἴτιον,</span> <span class='ocrx_word' id='word_1_346' title='bbox 1077 2491 1172 2545; x_wconf 76' lang='grc' dir='ltr'>καὶ</span> <span class='ocrx_word' id='word_1_347' title='bbox 1199 2491 1375 2545; x_wconf 83' lang='grc' dir='ltr'>πάντα</span> <span class='ocrx_word' id='word_1_348' title='bbox 1399 2490 1500 2544; x_wconf 83' lang='grc' dir='ltr'><strong>ὅσα</strong></span> <span class='ocrx_word' id='word_1_349' title='bbox 1523 2490 1621 2561; x_wconf 82' lang='grc' dir='ltr'>τῆς</span> <span class='ocrx_word' id='word_1_350' title='bbox 1652 2489 1779 2559; x_wconf 85' lang='grc' dir='ltr'>ὅλης</span> 
     </span>
    </p>
   </div>
   <div class='ocr_carea' id='block_1_42' title="bbox 186 2579 1777 2651">
    <p class='ocr_par' dir='ltr' id='par_1_42' title="bbox 186 2579 1777 2651">
     <span class='ocr_line' id='line_1_42' title="bbox 186 2579 1777 2651; baseline -0.001 -18"><span class='ocrx_word' id='word_1_351' title='bbox 186 2579 450 2651; x_wconf 84' lang='grc' dir='ltr'>θεαρχίας</span> <span class='ocrx_word' id='word_1_352' title='bbox 478 2582 645 2646; x_wconf 76' lang='grc' dir='ltr'>ἐστὶν,</span> <span class='ocrx_word' id='word_1_353' title='bbox 668 2583 748 2645; x_wconf 88' lang='grc' dir='ltr'><strong>είς</strong></span> <span class='ocrx_word' id='word_1_354' title='bbox 772 2582 949 2635; x_wconf 79' lang='grc' dir='ltr'>πᾶσαν</span> <span class='ocrx_word' id='word_1_355' title='bbox 976 2580 1166 2649; x_wconf 80' lang='grc' dir='ltr'>ἀνάγει</span> <span class='ocrx_word' id='word_1_356' title='bbox 1188 2579 1259 2633; x_wconf 78' lang='grc' dir='ltr'>τὰ</span> <span class='ocrx_word' id='word_1_357' title='bbox 1295 2579 1452 2648; x_wconf 86' lang='grc' dir='ltr'>λόγια</span> <span class='ocrx_word' id='word_1_358' title='bbox 1492 2580 1589 2651; x_wconf 85' lang='grc' dir='ltr'><strong>τὴν</strong></span> <span class='ocrx_word' id='word_1_359' title='bbox 1615 2580 1777 2650; x_wconf 80' lang='grc' dir='ltr'>θεαρ-</span> 
     </span>
    </p>
   </div>
   <div class='ocr_carea' id='block_1_43' title="bbox 182 2670 1778 2744">
    <p class='ocr_par' dir='ltr' id='par_1_43' title="bbox 182 2670 1778 2744">
     <span class='ocr_line' id='line_1_43' title="bbox 182 2670 1778 2744; baseline 0 -19"><span class='ocrx_word' id='word_1_360' title='bbox 182 2672 351 2744; x_wconf 82' lang='grc' dir='ltr'>χικὴν</span> <span class='ocrx_word' id='word_1_361' title='bbox 377 2672 669 2743; x_wconf 80' lang='grc' dir='ltr'>ὑμνῳδίαν·</span> <span class='ocrx_word' id='word_1_362' title='bbox 688 2670 1095 2744; x_wconf 87' lang='grc' dir='ltr'>περιληπτικῶς</span> <span class='ocrx_word' id='word_1_363' title='bbox 1130 2671 1247 2742; x_wconf 84' lang='grc' dir='ltr'>μὲν,</span> <span class='ocrx_word' id='word_1_364' title='bbox 1270 2670 1346 2735; x_wconf 86' lang='grc' dir='ltr'>ὡς</span> <span class='ocrx_word' id='word_1_365' title='bbox 1372 2671 1499 2724; x_wconf 83' lang='grc' dir='ltr'>ὅταν</span> <span class='ocrx_word' id='word_1_366' title='bbox 1515 2670 1671 2744; x_wconf 77' lang='grc' dir='ltr'>λέγῃ·</span> <span class='ocrx_word' id='word_1_367' title='bbox 1699 2671 1778 2725; x_wconf 81' lang='grc' dir='ltr'><strong>Τὰ</strong></span> 
     </span>
    </p>
   </div>
   <div class='ocr_carea' id='block_1_44' title="bbox 184 2767 1827 2841">
    <p class='ocr_par' dir='ltr' id='par_1_44' title="bbox 184 2767 1827 2841">
     <span class='ocr_line' id='line_1_44' title="bbox 184 2767 1827 2841; baseline 0.002 -20"><span class='ocrx_word' id='word_1_368' title='bbox 184 2768 390 2822; x_wconf 79' lang='grc' dir='ltr'>πάντα</span> <span class='ocrx_word' id='word_1_369' title='bbox 402 2770 469 2823; x_wconf 83' lang='grc' dir='ltr'>ἐκ</span> <span class='ocrx_word' id='word_1_370' title='bbox 482 2770 588 2823; x_wconf 86' lang='grc' dir='ltr'>τοῦ</span> <span class='ocrx_word' id='word_1_371' title='bbox 604 2770 771 2824; x_wconf 67' lang='grc' dir='ltr'>Θεοῦ*</span> <span class='ocrx_word' id='word_1_372' title='bbox 789 2767 1096 2836; x_wconf 80' lang='grc' dir='ltr'>διεξοδικῶς</span> <span class='ocrx_word' id='word_1_373' title='bbox 1110 2768 1187 2834; x_wconf 86' lang='grc' dir='ltr'><strong>δὲ,</strong></span> <span class='ocrx_word' id='word_1_374' title='bbox 1208 2769 1282 2833; x_wconf 86' lang='grc' dir='ltr'>ὡς</span> <span class='ocrx_word' id='word_1_375' title='bbox 1298 2770 1423 2823; x_wconf 87' lang='grc' dir='ltr'>ὅταν</span> <span class='ocrx_word' id='word_1_376' title='bbox 1446 2769 1579 2841; x_wconf 91' lang='grc' dir='ltr'>φαίη</span> <span class='ocrx_word' id='word_1_377' title='bbox 1594 2771 1659 2803; x_wconf 69' lang='grc'><strong>⁷⁸⁸</strong></span> <span class='ocrx_word' id='word_1_378' title='bbox 1693 2771 1769 2825; x_wconf 82' lang='grc' dir='ltr'><em>Τὰ</em></span> <span class='ocrx_word' id='word_1_379' title='bbox 1814 2786 1827 2793; x_wconf 87' lang='grc'><strong>·</strong></span> 
     </span>
    </p>
   </div>
   <div class='ocr_carea' id='block_1_45' title="bbox 184 2861 1779 2929">
    <p class='ocr_par' dir='ltr' id='par_1_45' title="bbox 184 2861 1779 2929">
     <span class='ocr_line' id='line_1_45' title="bbox 184 2861 1779 2929; baseline 0.003 -14"><span class='ocrx_word' id='word_1_380' title='bbox 184 2861 392 2915; x_wconf 76' lang='grc' dir='ltr'>πάντα</span> <span class='ocrx_word' id='word_1_381' title='bbox 430 2861 505 2915; x_wconf 80' lang='grc' dir='ltr'>δι’</span> <span class='ocrx_word' id='word_1_382' title='bbox 545 2863 732 2917; x_wconf 85' lang='grc' dir='ltr'>αὐτοῦ</span> <span class='ocrx_word' id='word_1_383' title='bbox 762 2863 859 2917; x_wconf 76' lang='grc' dir='ltr'><strong>καί</strong></span> <span class='ocrx_word' id='word_1_384' title='bbox 881 2865 967 2929; x_wconf 84' lang='grc' dir='ltr'>εὶς</span> <span class='ocrx_word' id='word_1_385' title='bbox 1004 2862 1193 2921; x_wconf 81' lang='grc' dir='ltr'>αὑτὸν</span> <span class='ocrx_word' id='word_1_386' title='bbox 1226 2864 1515 2927; x_wconf 72' lang='grc' dir='ltr'>ἔκτισται,</span> <span class='ocrx_word' id='word_1_387' title='bbox 1546 2864 1662 2917; x_wconf 76' lang='grc' dir='ltr'>καίο</span> <span class='ocrx_word' id='word_1_388' title='bbox 1702 2863 1779 2919; x_wconf 82' lang='grc' dir='ltr'><strong>Τὰ</strong></span> 
     </span>
    </p>
   </div>
   <div class='ocr_carea' id='block_1_46' title="bbox 183 2952 1777 3022">
    <p class='ocr_par' dir='ltr' id='par_1_46' title="bbox 183 2952 1777 3022">
     <span class='ocr_line' id='line_1_46' title="bbox 183 2952 1777 3022; baseline 0 -14"><span class='ocrx_word' id='word_1_389' title='bbox 183 2952 391 3008; x_wconf 64' lang='grc' dir='ltr'>πάντα</span> <span class='ocrx_word' id='word_1_390' title='bbox 430 2954 500 3007; x_wconf 79' lang='grc' dir='ltr'>ἐν</span> <span class='ocrx_word' id='word_1_391' title='bbox 525 2952 686 3019; x_wconf 84' lang='grc' dir='ltr'>αὐτῷ</span> <span class='ocrx_word' id='word_1_392' title='bbox 726 2952 1103 3022; x_wconf 79' lang='grc' dir='ltr'><strong>συνέστηκε·</strong></span> <span class='ocrx_word' id='word_1_393' title='bbox 1142 2953 1266 3007; x_wconf 84' lang='grc' dir='ltr'>καί·</span> <span class='ocrx_word' id='word_1_394' title='bbox 1317 2953 1777 3022; x_wconf 77' lang='grc' dir='ltr'>Ἐξαποστελεῒς</span> 
     </span>
    </p>
   </div>
   <div class='ocr_carea' id='block_1_47' title="bbox 183 3047 1777 3120">
    <p class='ocr_par' dir='ltr' id='par_1_47' title="bbox 183 3047 1777 3120">
     <span class='ocr_line' id='line_1_47' title="bbox 183 3047 1777 3120; baseline -0.001 -17"><span class='ocrx_word' id='word_1_395' title='bbox 183 3049 257 3103; x_wconf 85' lang='grc' dir='ltr'>τὸ</span> <span class='ocrx_word' id='word_1_396' title='bbox 289 3047 523 3118; x_wconf 79' lang='grc' dir='ltr'>πνεῦμά</span> <span class='ocrx_word' id='word_1_397' title='bbox 549 3064 687 3113; x_wconf 88' lang='grc' dir='ltr'>σου,</span> <span class='ocrx_word' id='word_1_398' title='bbox 718 3049 815 3101; x_wconf 80' lang='grc' dir='ltr'><strong>καί</strong></span> <span class='ocrx_word' id='word_1_399' title='bbox 850 3047 1300 3116; x_wconf 83' lang='grc' dir='ltr'>κτισθήσονται.</span> <span class='ocrx_word' id='word_1_400' title='bbox 1334 3049 1444 3104; x_wconf 76' lang='grc' dir='ltr'><strong>Καὶ</strong></span> <span class='ocrx_word' id='word_1_401' title='bbox 1466 3048 1553 3101; x_wconf 77' lang='grc' dir='ltr'>ἵνα</span> <span class='ocrx_word' id='word_1_402' title='bbox 1584 3047 1777 3120; x_wconf 77' lang='grc' dir='ltr'>συλλή-</span> 
     </span>
    </p>
   </div>
   <div class='ocr_carea' id='block_1_48' title="bbox 185 3140 1777 3214">
    <p class='ocr_par' dir='ltr' id='par_1_48' title="bbox 185 3140 1777 3214">
     <span class='ocr_line' id='line_1_48' title="bbox 185 3140 1777 3214; baseline -0.001 -18"><span class='ocrx_word' id='word_1_403' title='bbox 185 3143 327 3214; x_wconf 77' lang='grc' dir='ltr'>σδην</span> <span class='ocrx_word' id='word_1_404' title='bbox 364 3142 493 3214; x_wconf 87' lang='grc' dir='ltr'>φαίη</span> <span class='ocrx_word' id='word_1_405' title='bbox 531 3160 636 3207; x_wconf 86' lang='grc' dir='ltr'>τις,</span> <span class='ocrx_word' id='word_1_406' title='bbox 678 3142 890 3206; x_wconf 86' lang='grc' dir='ltr'>αὑτὸςό</span> <span class='ocrx_word' id='word_1_407' title='bbox 929 3141 1218 3213; x_wconf 73' lang='grc' dir='ltr'>θεαρχικὸς</span> <span class='ocrx_word' id='word_1_408' title='bbox 1247 3140 1350 3213; x_wconf 77' lang='grc' dir='ltr'>ἐφη</span> <span class='ocrx_word' id='word_1_409' title='bbox 1388 3140 1588 3210; x_wconf 73' lang='grc' dir='ltr'>Λόγοςο</span> <span class='ocrx_word' id='word_1_410' title='bbox 1628 3140 1777 3211; x_wconf 72' lang='grc' dir='ltr'>Ἐγὼ</span> 
     </span>
    </p>
   </div>
   <div class='ocr_carea' id='block_1_49' title="bbox 184 3233 1844 3320">
    <p class='ocr_par' dir='ltr' id='par_1_49' title="bbox 184 3233 1844 3320">
     <span class='ocr_line' id='line_1_49' title="bbox 184 3233 1844 3320; baseline -0.001 -29"><span class='ocrx_word' id='word_1_411' title='bbox 184 3237 291 3291; x_wconf 71' lang='grc' dir='ltr'>καὶ</span> <span class='ocrx_word' id='word_1_412' title='bbox 317 3239 352 3291; x_wconf 84' lang='grc' dir='ltr'><strong><em>ό</em></strong></span> <span class='ocrx_word' id='word_1_413' title='bbox 372 3236 574 3303; x_wconf 74' lang='grc' dir='ltr'>Πατὴρ</span> <span class='ocrx_word' id='word_1_414' title='bbox 598 3235 669 3289; x_wconf 73' lang='grc' dir='ltr'>ἐν</span> <span class='ocrx_word' id='word_1_415' title='bbox 694 3236 899 3305; x_wconf 85' lang='grc' dir='ltr'>ἐσμεν,</span> <span class='ocrx_word' id='word_1_416' title='bbox 923 3236 1038 3298; x_wconf 74' lang='grc' dir='ltr'>καὶ,</span> <span class='ocrx_word' id='word_1_417' title='bbox 1060 3233 1260 3287; x_wconf 83' lang='grc' dir='ltr'>Πάντα</span> <span class='ocrx_word' id='word_1_418' title='bbox 1284 3233 1403 3287; x_wconf 82' lang='grc' dir='ltr'><strong>ὅσα</strong></span> <span class='ocrx_word' id='word_1_419' title='bbox 1440 3233 1565 3301; x_wconf 76' lang='grc' dir='ltr'>ἔχει</span> <span class='ocrx_word' id='word_1_420' title='bbox 1603 3238 1636 3288; x_wconf 86' lang='grc' dir='ltr'><em>ό</em></span> <span class='ocrx_word' id='word_1_421' title='bbox 1659 3237 1779 3290; x_wconf 60' lang='grc' dir='ltr'><strong>Παρἶ</strong></span> <span class='ocrx_word' id='word_1_422' title='bbox 1802 3258 1844 3320; x_wconf 76' lang='lat' dir='ltr'><strong>C</strong></span> 
     </span>
    </p>
   </div>
   <div class='ocr_carea' id='block_1_50' title="bbox 186 3324 1775 3398">
    <p class='ocr_par' dir='ltr' id='par_1_50' title="bbox 186 3324 1775 3398">
     <span class='ocr_line' id='line_1_50' title="bbox 186 3324 1775 3398; baseline -0.004 -15"><span class='ocrx_word' id='word_1_423' title='bbox 186 3330 324 3398; x_wconf 81' lang='grc' dir='ltr'>τὴρ,</span> <span class='ocrx_word' id='word_1_424' title='bbox 352 3328 465 3398; x_wconf 79' lang='grc' dir='ltr'><strong>ἐμά</strong></span> <span class='ocrx_word' id='word_1_425' title='bbox 504 3329 659 3391; x_wconf 83' lang='grc' dir='ltr'>ἐστι,</span> <span class='ocrx_word' id='word_1_426' title='bbox 686 3328 803 3391; x_wconf 80' lang='grc' dir='ltr'>καὶ,</span> <span class='ocrx_word' id='word_1_427' title='bbox 840 3326 1043 3380; x_wconf 83' lang='grc' dir='ltr'>Πάντα</span> <span class='ocrx_word' id='word_1_428' title='bbox 1082 3325 1154 3379; x_wconf 83' lang='grc' dir='ltr'>τὰ</span> <span class='ocrx_word' id='word_1_429' title='bbox 1190 3325 1323 3395; x_wconf 81' lang='grc' dir='ltr'>ἐμὰ,</span> <span class='ocrx_word' id='word_1_430' title='bbox 1361 3324 1444 3378; x_wconf 79' lang='grc' dir='ltr'>σά</span> <span class='ocrx_word' id='word_1_431' title='bbox 1484 3326 1649 3387; x_wconf 77' lang='grc' dir='ltr'>ἐστι,</span> <span class='ocrx_word' id='word_1_432' title='bbox 1677 3324 1775 3378; x_wconf 76' lang='grc' dir='ltr'>καὶ</span> 
     </span>
    </p>
   </div>
   <div class='ocr_carea' id='block_1_51' title="bbox 183 3414 1776 3489">
    <p class='ocr_par' dir='ltr' id='par_1_51' title="bbox 183 3414 1776 3489">
     <span class='ocr_line' id='line_1_51' title="bbox 183 3414 1776 3489; baseline -0.006 -12"><span class='ocrx_word' id='word_1_433' title='bbox 183 3425 264 3478; x_wconf 82' lang='grc' dir='ltr'>τὰ</span> <span class='ocrx_word' id='word_1_434' title='bbox 307 3421 410 3483; x_wconf 86' lang='grc' dir='ltr'>σὰ,</span> <span class='ocrx_word' id='word_1_435' title='bbox 453 3418 584 3489; x_wconf 80' lang='grc' dir='ltr'><strong>ἐμά.</strong></span> <span class='ocrx_word' id='word_1_436' title='bbox 624 3420 732 3471; x_wconf 66' lang='grc' dir='ltr'><strong>Καὶ</strong></span> <span class='ocrx_word' id='word_1_437' title='bbox 762 3414 938 3482; x_wconf 82' lang='grc' dir='ltr'>αὖθις,</span> <span class='ocrx_word' id='word_1_438' title='bbox 980 3419 1081 3471; x_wconf 79' lang='grc' dir='ltr'><strong>ὅσα</strong></span> <span class='ocrx_word' id='word_1_439' title='bbox 1123 3417 1239 3469; x_wconf 75' lang='grc' dir='ltr'>ἐστὶ</span> <span class='ocrx_word' id='word_1_440' title='bbox 1286 3415 1385 3469; x_wconf 76' lang='grc' dir='ltr'><strong>τοῦ</strong></span> <span class='ocrx_word' id='word_1_441' title='bbox 1431 3416 1643 3487; x_wconf 84' lang='grc' dir='ltr'>Πατρὸς</span> <span class='ocrx_word' id='word_1_442' title='bbox 1682 3418 1776 3469; x_wconf 73' lang='grc' dir='ltr'>καὶ</span> 
     </span>
    </p>
   </div>
   <div class='ocr_carea' id='block_1_52' title="bbox 187 3510 1781 3586">
    <p class='ocr_par' dir='ltr' id='par_1_52' title="bbox 187 3510 1781 3586">
     <span class='ocr_line' id='line_1_52' title="bbox 187 3510 1781 3586; baseline -0.003 -16"><span class='ocrx_word' id='word_1_443' title='bbox 187 3516 359 3572; x_wconf 79' lang='grc' dir='ltr'>αὑτοῦ</span> <span class='ocrx_word' id='word_1_444' title='bbox 397 3516 466 3580; x_wconf 87' lang='grc'><strong>⁷³,</strong></span> <span class='ocrx_word' id='word_1_445' title='bbox 505 3514 583 3586; x_wconf 83' lang='grc' dir='ltr'>τῷ</span> <span class='ocrx_word' id='word_1_446' title='bbox 634 3512 914 3585; x_wconf 79' lang='grc' dir='ltr'>θεαρχικῷ</span> <span class='ocrx_word' id='word_1_447' title='bbox 968 3510 1248 3582; x_wconf 79' lang='grc' dir='ltr'>Πνεὺματι</span> <span class='ocrx_word' id='word_1_448' title='bbox 1298 3511 1628 3575; x_wconf 82' lang='grc' dir='ltr'>κοινωνικῶς</span> <span class='ocrx_word' id='word_1_449' title='bbox 1684 3512 1781 3565; x_wconf 72' lang='grc' dir='ltr'>καὶ</span> 
     </span>
    </p>
   </div>
   <div class='ocr_carea' id='block_1_53' title="bbox 193 3601 1779 3681">
    <p class='ocr_par' dir='ltr' id='par_1_53' title="bbox 193 3601 1779 3681">
     <span class='ocr_line' id='line_1_53' title="bbox 193 3601 1779 3681; baseline -0.004 -18"><span class='ocrx_word' id='word_1_450' title='bbox 193 3608 490 3681; x_wconf 71' lang='grc' dir='ltr'>ἡνωμένως</span> <span class='ocrx_word' id='word_1_451' title='bbox 519 3605 835 3677; x_wconf 81' lang='grc' dir='ltr'>ἀνατίθησι,</span> <span class='ocrx_word' id='word_1_452' title='bbox 871 3603 972 3668; x_wconf 74' lang='grc' dir='ltr'>τὰς</span> <span class='ocrx_word' id='word_1_453' title='bbox 1013 3602 1334 3675; x_wconf 83' lang='grc' dir='ltr'>θεουργίας,</span> <span class='ocrx_word' id='word_1_454' title='bbox 1370 3603 1431 3655; x_wconf 78' lang='grc' dir='ltr'><strong>τὸ</strong></span> <span class='ocrx_word' id='word_1_455' title='bbox 1465 3602 1648 3666; x_wconf 75' lang='grc' dir='ltr'>σέϐας,</span> <span class='ocrx_word' id='word_1_456' title='bbox 1681 3601 1779 3673; x_wconf 75' lang='grc' dir='ltr'>τὴν</span> 
     </span>
    </p>
   </div>
   <div class='ocr_carea' id='block_1_54' title="bbox 188 3694 1781 3774">
    <p class='ocr_par' dir='ltr' id='par_1_54' title="bbox 188 3694 1781 3774">
     <span class='ocr_line' id='line_1_54' title="bbox 188 3694 1781 3774; baseline -0.004 -20"><span class='ocrx_word' id='word_1_457' title='bbox 188 3700 435 3774; x_wconf 87' lang='grc' dir='ltr'>πηγαίαν</span> <span class='ocrx_word' id='word_1_458' title='bbox 476 3700 571 3752; x_wconf 74' lang='grc' dir='ltr'><strong>καὶ</strong></span> <span class='ocrx_word' id='word_1_459' title='bbox 611 3697 967 3752; x_wconf 78' lang='grc' dir='ltr'>ἀνέκλειπτον</span> <span class='ocrx_word' id='word_1_460' title='bbox 1003 3696 1196 3757; x_wconf 77' lang='grc' dir='ltr'>αἰτίαν,</span> <span class='ocrx_word' id='word_1_461' title='bbox 1250 3694 1342 3748; x_wconf 72' lang='grc' dir='ltr'>καὶ</span> <span class='ocrx_word' id='word_1_462' title='bbox 1381 3694 1638 3766; x_wconf 83' lang='grc' dir='ltr'>διανομὴν</span> <span class='ocrx_word' id='word_1_463' title='bbox 1669 3695 1781 3748; x_wconf 88' lang='grc' dir='ltr'><strong>τῶν</strong></span> 
     </span>
    </p>
   </div>
   <div class='ocr_carea' id='block_1_55' title="bbox 188 3783 1783 3863">
    <p class='ocr_par' dir='ltr' id='par_1_55' title="bbox 188 3783 1783 3863">
     <span class='ocr_line' id='line_1_55' title="bbox 188 3783 1783 3863; baseline -0.006 -16"><span class='ocrx_word' id='word_1_464' title='bbox 188 3789 598 3863; x_wconf 77' lang='grc' dir='ltr'>ἁγαθοπρεπῶν</span> <span class='ocrx_word' id='word_1_465' title='bbox 622 3788 813 3860; x_wconf 81' lang='grc' dir='ltr'>δώρων</span> <span class='ocrx_word' id='word_1_466' title='bbox 835 3787 901 3838; x_wconf 63' lang='grc'><strong>⁷⁸.</strong></span> <span class='ocrx_word' id='word_1_467' title='bbox 930 3786 1040 3838; x_wconf 68' lang='grc' dir='ltr'><strong>Καὶ</strong></span> <span class='ocrx_word' id='word_1_468' title='bbox 1062 3785 1249 3838; x_wconf 80' lang='grc' dir='ltr'>οὑδένα</span> <span class='ocrx_word' id='word_1_469' title='bbox 1272 3783 1381 3837; x_wconf 88' lang='grc' dir='ltr'><strong>τῶν</strong></span> <span class='ocrx_word' id='word_1_470' title='bbox 1405 3786 1462 3837; x_wconf 80' lang='grc' dir='ltr'>ὲν</span> <span class='ocrx_word' id='word_1_471' title='bbox 1483 3789 1594 3848; x_wconf 76' lang='grc' dir='ltr'>τοῖς</span> <span class='ocrx_word' id='word_1_472' title='bbox 1619 3783 1783 3849; x_wconf 88' lang='grc' dir='ltr'>θείοις</span> 
     </span>
    </p>
   </div>
   <div class='ocr_carea' id='block_1_56' title="bbox 189 3873 1784 3957">
    <p class='ocr_par' dir='ltr' id='par_1_56' title="bbox 189 3873 1784 3957">
     <span class='ocr_line' id='line_1_56' title="bbox 189 3873 1784 3957; baseline -0.009 -15"><span class='ocrx_word' id='word_1_473' title='bbox 189 3888 401 3957; x_wconf 83' lang='grc' dir='ltr'>λογίοις</span> <span class='ocrx_word' id='word_1_474' title='bbox 425 3883 803 3955; x_wconf 80' lang='grc' dir='ltr'>ἁδιαστρόφοις</span> <span class='ocrx_word' id='word_1_475' title='bbox 849 3879 1080 3942; x_wconf 74' lang='grc' dir='ltr'>ἐννοίαις</span> <span class='ocrx_word' id='word_1_476' title='bbox 1111 3877 1585 3949; x_wconf 81' lang='grc' dir='ltr'>ὲντεθραμμένων,</span> <span class='ocrx_word' id='word_1_477' title='bbox 1631 3873 1784 3950; x_wconf 74' lang='grc' dir='ltr'>οἶμαι</span> 
     </span>
    </p>
   </div>
   <div class='ocr_carea' id='block_1_57' title="bbox 1880 2029 3451 2100">
    <p class='ocr_par' dir='ltr' id='par_1_57' title="bbox 1880 2029 3451 2100">
     <span class='ocr_line' id='line_1_57' title="bbox 1880 2029 3451 2100; baseline 0.001 -16"><span class='ocrx_word' id='word_1_478' title='bbox 1880 2031 2125 2099; x_wconf 77' lang='lat' dir='ltr'><strong>viviﬁcat,</strong></span> <span class='ocrx_word' id='word_1_479' title='bbox 2157 2032 2231 2084; x_wconf 73' lang='lat' dir='ltr'><strong>sic</strong></span> <span class='ocrx_word' id='word_1_480' title='bbox 2259 2041 2304 2084; x_wconf 75' lang='lat' dir='ltr'><strong>et</strong></span> <span class='ocrx_word' id='word_1_481' title='bbox 2337 2029 2509 2084; x_wconf 78' lang='lat' dir='ltr'><strong>Filius</strong></span> <span class='ocrx_word' id='word_1_482' title='bbox 2537 2047 2667 2100; x_wconf 75' lang='lat' dir='ltr'><strong>quos</strong></span> <span class='ocrx_word' id='word_1_483' title='bbox 2706 2032 2813 2084; x_wconf 84' lang='lat' dir='ltr'><strong>vult</strong></span> <span class='ocrx_word' id='word_1_484' title='bbox 2845 2033 3068 2099; x_wconf 81' lang='lat' dir='ltr'><strong>viviﬁcat</strong></span> <span class='ocrx_word' id='word_1_485' title='bbox 3090 2040 3151 2088; x_wconf 71' lang='grc' dir='ltr'><strong>γε</strong></span> <span class='ocrx_word' id='word_1_486' title='bbox 3183 2041 3237 2086; x_wconf 90' lang='lat' dir='ltr'><strong>et</strong></span> <span class='ocrx_word' id='word_1_487' title='bbox 3282 2032 3409 2085; x_wconf 88' lang='lat' dir='ltr'><strong>illud</strong></span> <span class='ocrx_word' id='word_1_488' title='bbox 3441 2054 3451 2086; x_wconf 91' lang='lat'>:</span> 
     </span>
    </p>
   </div>
   <div class='ocr_carea' id='block_1_58' title="bbox 1882 2121 3457 2193">
    <p class='ocr_par' dir='ltr' id='par_1_58' title="bbox 1882 2121 3457 2193">
     <span class='ocr_line' id='line_1_58' title="bbox 1882 2121 3457 2193; baseline 0 -18"><span class='ocrx_word' id='word_1_489' title='bbox 1882 2121 2111 2191; x_wconf 80' lang='lat' dir='ltr'><strong>Spiritus</strong></span> <span class='ocrx_word' id='word_1_490' title='bbox 2155 2133 2229 2176; x_wconf 80' lang='lat' dir='ltr'><strong>est</strong></span> <span class='ocrx_word' id='word_1_491' title='bbox 2258 2124 2348 2193; x_wconf 90' lang='lat' dir='ltr'><strong>qui</strong></span> <span class='ocrx_word' id='word_1_492' title='bbox 2377 2124 2603 2189; x_wconf 84' lang='lat' dir='ltr'><strong>viviﬁcat</strong></span> <span class='ocrx_word' id='word_1_493' title='bbox 2632 2122 2698 2175; x_wconf 67' lang='grc' dir='ltr'>εἳ</span> <span class='ocrx_word' id='word_1_494' title='bbox 2736 2123 2999 2190; x_wconf 87' lang='lat' dir='ltr'><strong>Quoniam</strong></span> <span class='ocrx_word' id='word_1_495' title='bbox 3039 2138 3253 2193; x_wconf 89' lang='lat' dir='ltr'><strong>quoque</strong></span> <span class='ocrx_word' id='word_1_496' title='bbox 3283 2123 3457 2177; x_wconf 88' lang='lat' dir='ltr'><strong>domi-</strong></span> 
     </span>
    </p>
   </div>
   <div class='ocr_carea' id='block_1_59' title="bbox 1882 2215 3457 2281">
    <p class='ocr_par' dir='ltr' id='par_1_59' title="bbox 1882 2215 3457 2281">
     <span class='ocr_line' id='line_1_59' title="bbox 1882 2215 3457 2281; baseline -0.001 -12"><span class='ocrx_word' id='word_1_497' title='bbox 1882 2223 2063 2270; x_wconf 80' lang='lat' dir='ltr'><strong>natum</strong></span> <span class='ocrx_word' id='word_1_498' title='bbox 2098 2215 2261 2270; x_wconf 86' lang='lat' dir='ltr'><strong>totius</strong></span> <span class='ocrx_word' id='word_1_499' title='bbox 2293 2216 2475 2269; x_wconf 89' lang='lat' dir='ltr'><strong>mundi</strong></span> <span class='ocrx_word' id='word_1_500' title='bbox 2521 2224 2628 2269; x_wconf 88' lang='lat' dir='ltr'><strong>tota</strong></span> <span class='ocrx_word' id='word_1_501' title='bbox 2671 2216 2933 2270; x_wconf 79' lang='lat' dir='ltr'><strong>Divittitas</strong></span> <span class='ocrx_word' id='word_1_502' title='bbox 2965 2217 3200 2281; x_wconf 88' lang='lat' dir='ltr'><strong>obtinet,</strong></span> <span class='ocrx_word' id='word_1_503' title='bbox 3231 2217 3299 2271; x_wconf 91' lang='lat' dir='ltr'><strong>de</strong></span> <span class='ocrx_word' id='word_1_504' title='bbox 3345 2216 3457 2269; x_wconf 88' lang='lat' dir='ltr'><strong>Deo</strong></span> 
     </span>
    </p>
   </div>
   <div class='ocr_carea' id='block_1_60' title="bbox 1879 2307 3456 2378">
    <p class='ocr_par' dir='ltr' id='par_1_60' title="bbox 1879 2307 3456 2378">
     <span class='ocr_line' id='line_1_60' title="bbox 1879 2307 3456 2378; baseline 0.001 -18"><span class='ocrx_word' id='word_1_505' title='bbox 1879 2308 2097 2377; x_wconf 88' lang='lat' dir='ltr'><strong>quidem</strong></span> <span class='ocrx_word' id='word_1_506' title='bbox 2120 2308 2214 2377; x_wconf 86' lang='lat' dir='ltr'><strong>qui</strong></span> <span class='ocrx_word' id='word_1_507' title='bbox 2246 2307 2414 2362; x_wconf 87' lang='lat' dir='ltr'><strong>Deum</strong></span> <span class='ocrx_word' id='word_1_508' title='bbox 2447 2308 2658 2378; x_wconf 76' lang='lat' dir='ltr'><strong>genuit,</strong></span> <span class='ocrx_word' id='word_1_509' title='bbox 2687 2310 2769 2362; x_wconf 85' lang='lat' dir='ltr'><strong>vel</strong></span> <span class='ocrx_word' id='word_1_510' title='bbox 2796 2312 2862 2365; x_wconf 88' lang='lat' dir='ltr'><strong>de</strong></span> <span class='ocrx_word' id='word_1_511' title='bbox 2904 2311 3014 2366; x_wconf 87' lang='lat' dir='ltr'><strong>Deo</strong></span> <span class='ocrx_word' id='word_1_512' title='bbox 3062 2310 3201 2365; x_wconf 84' lang='lat' dir='ltr'><strong>Filio</strong></span> <span class='ocrx_word' id='word_1_513' title='bbox 3248 2325 3315 2363; x_wconf 90' lang='lat' dir='ltr'><strong>ne</strong></span> <span class='ocrx_word' id='word_1_514' title='bbox 3346 2310 3456 2363; x_wconf 86' lang='lat' dir='ltr'><strong>dici</strong></span> 
     </span>
    </p>
   </div>
   <div class='ocr_carea' id='block_1_61' title="bbox 1880 2398 3459 2470">
    <p class='ocr_par' dir='ltr' id='par_1_61' title="bbox 1880 2398 3459 2470">
     <span class='ocr_line' id='line_1_61' title="bbox 1880 2398 3459 2470; baseline 0.004 -21"><span class='ocrx_word' id='word_1_515' title='bbox 1880 2398 2093 2466; x_wconf 79' lang='lat' dir='ltr'><strong>quidem</strong></span> <span class='ocrx_word' id='word_1_516' title='bbox 2142 2399 2336 2468; x_wconf 81' lang='lat' dir='ltr'><strong>possit,</strong></span> <span class='ocrx_word' id='word_1_517' title='bbox 2383 2409 2442 2454; x_wconf 91' lang='lat' dir='ltr'><strong>ut</strong></span> <span class='ocrx_word' id='word_1_518' title='bbox 2490 2402 2705 2469; x_wconf 88' lang='lat' dir='ltr'><strong>opinor,</strong></span> <span class='ocrx_word' id='word_1_519' title='bbox 2735 2412 2869 2470; x_wconf 88' lang='lat' dir='ltr'><strong>quot</strong></span> <span class='ocrx_word' id='word_1_520' title='bbox 2914 2400 3208 2470; x_wconf 76' lang='lat' dir='ltr'><strong>Scriptura:</strong></span> <span class='ocrx_word' id='word_1_521' title='bbox 3253 2412 3459 2456; x_wconf 65' lang='lat' dir='ltr'><strong>sanctae</strong></span> 
     </span>
    </p>
   </div>
   <div class='ocr_carea' id='block_1_62' title="bbox 1879 2490 3462 2548">
    <p class='ocr_par' dir='ltr' id='par_1_62' title="bbox 1879 2490 3462 2548">
     <span class='ocr_line' id='line_1_62' title="bbox 1879 2490 3462 2548; baseline 0.003 -5"><span class='ocrx_word' id='word_1_522' title='bbox 1879 2490 2012 2546; x_wconf 81' lang='lat' dir='ltr'><strong>locis</strong></span> <span class='ocrx_word' id='word_1_523' title='bbox 2066 2492 2118 2545; x_wconf 91' lang='lat' dir='ltr'><strong>in</strong></span> <span class='ocrx_word' id='word_1_524' title='bbox 2165 2492 2328 2546; x_wconf 79' lang='lat' dir='ltr'><strong>Patre</strong></span> <span class='ocrx_word' id='word_1_525' title='bbox 2376 2503 2428 2545; x_wconf 88' lang='lat' dir='ltr'><strong>et</strong></span> <span class='ocrx_word' id='word_1_526' title='bbox 2484 2491 2622 2547; x_wconf 84' lang='lat' dir='ltr'><strong>Filio</strong></span> <span class='ocrx_word' id='word_1_527' title='bbox 2672 2508 2865 2547; x_wconf 91' lang='lat' dir='ltr'><strong>nomen</strong></span> <span class='ocrx_word' id='word_1_528' title='bbox 2915 2494 3167 2548; x_wconf 76' lang='lat' dir='ltr'><strong>Dominus</strong></span> <span class='ocrx_word' id='word_1_529' title='bbox 3221 2493 3462 2547; x_wconf 80' lang='lat' dir='ltr'><strong>celebre-</strong></span> 
     </span>
    </p>
   </div>
   <div class='ocr_carea' id='block_1_63' title="bbox 1882 2582 3459 2655">
    <p class='ocr_par' dir='ltr' id='par_1_63' title="bbox 1882 2582 3459 2655">
     <span class='ocr_line' id='line_1_63' title="bbox 1882 2582 3459 2655; baseline 0.001 -20"><span class='ocrx_word' id='word_1_530' title='bbox 1882 2591 2000 2649; x_wconf 85' lang='lat' dir='ltr'><strong>tur;</strong></span> <span class='ocrx_word' id='word_1_531' title='bbox 2036 2583 2185 2652; x_wconf 89' lang='lat' dir='ltr'><strong>atqui</strong></span> <span class='ocrx_word' id='word_1_532' title='bbox 2220 2582 2454 2652; x_wconf 82' lang='lat' dir='ltr'><strong>Spiritus</strong></span> <span class='ocrx_word' id='word_1_533' title='bbox 2479 2599 2698 2655; x_wconf 90' lang='lat' dir='ltr'><strong>quoque</strong></span> <span class='ocrx_word' id='word_1_534' title='bbox 2737 2586 2995 2640; x_wconf 85' lang='lat' dir='ltr'><strong>Dominus</strong></span> <span class='ocrx_word' id='word_1_535' title='bbox 3027 2594 3130 2642; x_wconf 89' lang='lat' dir='ltr'><strong>est.</strong></span> <span class='ocrx_word' id='word_1_536' title='bbox 3165 2585 3459 2639; x_wconf 86' lang='lat' dir='ltr'><strong>Pulchrum</strong></span> 
     </span>
    </p>
   </div>
   <div class='ocr_carea' id='block_1_64' title="bbox 1877 2674 3459 2747">
    <p class='ocr_par' dir='ltr' id='par_1_64' title="bbox 1877 2674 3459 2747">
     <span class='ocr_line' id='line_1_64' title="bbox 1877 2674 3459 2747; baseline 0.001 -18"><span class='ocrx_word' id='word_1_537' title='bbox 1877 2674 2043 2729; x_wconf 78' lang='lat' dir='ltr'><strong>etiam</strong></span> <span class='ocrx_word' id='word_1_538' title='bbox 2083 2685 2137 2729; x_wconf 89' lang='lat' dir='ltr'><strong>et</strong></span> <span class='ocrx_word' id='word_1_539' title='bbox 2170 2676 2385 2745; x_wconf 89' lang='lat' dir='ltr'><strong>sapiens</strong></span> <span class='ocrx_word' id='word_1_540' title='bbox 2410 2677 2476 2731; x_wconf 89' lang='lat' dir='ltr'><strong>de</strong></span> <span class='ocrx_word' id='word_1_541' title='bbox 2506 2686 2617 2731; x_wconf 87' lang='lat' dir='ltr'><strong>tota</strong></span> <span class='ocrx_word' id='word_1_542' title='bbox 2666 2678 2952 2733; x_wconf 83' lang='lat' dir='ltr'><strong>divinitate</strong></span> <span class='ocrx_word' id='word_1_543' title='bbox 2999 2679 3347 2747; x_wconf 70' lang='lat' dir='ltr'><strong>praedicatur,</strong></span> <span class='ocrx_word' id='word_1_544' title='bbox 3382 2678 3459 2731; x_wconf 89' lang='lat' dir='ltr'><strong>uti</strong></span> 
     </span>
    </p>
   </div>
   <div class='ocr_carea' id='block_1_65' title="bbox 1879 2766 3463 2838">
    <p class='ocr_par' dir='ltr' id='par_1_65' title="bbox 1879 2766 3463 2838">
     <span class='ocr_line' id='line_1_65' title="bbox 1879 2766 3463 2838; baseline 0 -15"><span class='ocrx_word' id='word_1_545' title='bbox 1879 2777 1933 2823; x_wconf 90' lang='lat' dir='ltr'><strong>et</strong></span> <span class='ocrx_word' id='word_1_546' title='bbox 1963 2766 2078 2833; x_wconf 87' lang='lat' dir='ltr'><strong>lux,</strong></span> <span class='ocrx_word' id='word_1_547' title='bbox 2106 2778 2160 2822; x_wconf 90' lang='lat' dir='ltr'><strong>et</strong></span> <span class='ocrx_word' id='word_1_548' title='bbox 2192 2768 2245 2822; x_wconf 88' lang='lat' dir='ltr'><strong>id</strong></span> <span class='ocrx_word' id='word_1_549' title='bbox 2294 2769 2437 2838; x_wconf 93' lang='lat' dir='ltr'><strong>quod</strong></span> <span class='ocrx_word' id='word_1_550' title='bbox 2485 2770 2649 2824; x_wconf 88' lang='lat' dir='ltr'><strong>Deum</strong></span> <span class='ocrx_word' id='word_1_551' title='bbox 2701 2770 2887 2834; x_wconf 83' lang='lat' dir='ltr'><strong>elIit-it,</strong></span> <span class='ocrx_word' id='word_1_552' title='bbox 2915 2778 2969 2825; x_wconf 90' lang='lat' dir='ltr'><strong>et</strong></span> <span class='ocrx_word' id='word_1_553' title='bbox 3016 2786 3205 2834; x_wconf 84' lang='lat' dir='ltr'><strong>causa,</strong></span> <span class='ocrx_word' id='word_1_554' title='bbox 3234 2780 3289 2823; x_wconf 93' lang='lat' dir='ltr'><strong>et</strong></span> <span class='ocrx_word' id='word_1_555' title='bbox 3313 2784 3463 2838; x_wconf 70' lang='lat' dir='ltr'><strong>qua:-</strong></span> 
     </span>
    </p>
   </div>
   <div class='ocr_carea' id='block_1_66' title="bbox 1880 2861 3458 2931">
    <p class='ocr_par' dir='ltr' id='par_1_66' title="bbox 1880 2861 3458 2931">
     <span class='ocr_line' id='line_1_66' title="bbox 1880 2861 3458 2931; baseline 0.001 -17"><span class='ocrx_word' id='word_1_556' title='bbox 1880 2875 2094 2931; x_wconf 90' lang='lat' dir='ltr'><strong>cuuque</strong></span> <span class='ocrx_word' id='word_1_557' title='bbox 2139 2861 2357 2915; x_wconf 86' lang='lat' dir='ltr'><strong>tandem</strong></span> <span class='ocrx_word' id='word_1_558' title='bbox 2404 2872 2531 2915; x_wconf 80' lang='lat' dir='ltr'><strong>sunt</strong></span> <span class='ocrx_word' id='word_1_559' title='bbox 2573 2861 2740 2917; x_wconf 88' lang='lat' dir='ltr'><strong>totius</strong></span> <span class='ocrx_word' id='word_1_560' title='bbox 2785 2863 3109 2924; x_wconf 83' lang='lat' dir='ltr'><strong>divinitatis,</strong></span> <span class='ocrx_word' id='word_1_561' title='bbox 3142 2865 3207 2915; x_wconf 88' lang='lat' dir='ltr'><strong>ad</strong></span> <span class='ocrx_word' id='word_1_562' title='bbox 3242 2876 3458 2916; x_wconf 85' lang='lat' dir='ltr'><strong>onmem</strong></span> 
     </span>
    </p>
   </div>
   <div class='ocr_carea' id='block_1_67' title="bbox 1881 2952 3460 3021">
    <p class='ocr_par' dir='ltr' id='par_1_67' title="bbox 1881 2952 3460 3021">
     <span class='ocr_line' id='line_1_67' title="bbox 1881 2952 3460 3021; baseline -0.001 -14"><span class='ocrx_word' id='word_1_563' title='bbox 1881 2952 2120 3008; x_wconf 89' lang='lat' dir='ltr'><strong>divinam</strong></span> <span class='ocrx_word' id='word_1_564' title='bbox 2174 2954 2391 3009; x_wconf 89' lang='lat' dir='ltr'><strong>laudem</strong></span> <span class='ocrx_word' id='word_1_565' title='bbox 2441 2969 2612 3009; x_wconf 64' lang='lat' dir='ltr'><strong>sacrae</strong></span> <span class='ocrx_word' id='word_1_566' title='bbox 2659 2955 2851 3009; x_wconf 73' lang='lat' dir='ltr'><strong>litterae</strong></span> <span class='ocrx_word' id='word_1_567' title='bbox 2901 2955 3271 3021; x_wconf 83' lang='lat' dir='ltr'><strong>transferunt;</strong></span> <span class='ocrx_word' id='word_1_568' title='bbox 3306 2970 3460 3010; x_wconf 86' lang='lat' dir='ltr'><strong>sum-</strong></span> 
     </span>
    </p>
   </div>
   <div class='ocr_carea' id='block_1_68' title="bbox 1878 3044 3462 3112">
    <p class='ocr_par' dir='ltr' id='par_1_68' title="bbox 1878 3044 3462 3112">
     <span class='ocr_line' id='line_1_68' title="bbox 1878 3044 3462 3112; baseline 0.001 -16"><span class='ocrx_word' id='word_1_569' title='bbox 1878 3045 2063 3097; x_wconf 87' lang='lat' dir='ltr'><strong>malim</strong></span> <span class='ocrx_word' id='word_1_570' title='bbox 2095 3044 2336 3112; x_wconf 86' lang='lat' dir='ltr'><strong>quidem,</strong></span> <span class='ocrx_word' id='word_1_571' title='bbox 2371 3061 2493 3099; x_wconf 90' lang='lat' dir='ltr'><strong>cum</strong></span> <span class='ocrx_word' id='word_1_572' title='bbox 2531 3046 2716 3099; x_wconf 89' lang='lat' dir='ltr'><strong>dicunt</strong></span> <span class='ocrx_word' id='word_1_573' title='bbox 2743 3064 2758 3100; x_wconf 76' lang='grc' dir='ltr'><strong>ι</strong></span> <span class='ocrx_word' id='word_1_574' title='bbox 2789 3045 2978 3098; x_wconf 81' lang='lat' dir='ltr'><strong>Omnia</strong></span> <span class='ocrx_word' id='word_1_575' title='bbox 3025 3062 3091 3099; x_wconf 80' lang='lat' dir='ltr'><strong>ea:</strong></span> <span class='ocrx_word' id='word_1_576' title='bbox 3141 3044 3246 3097; x_wconf 85' lang='lat' dir='ltr'><strong>Deo</strong></span> <span class='ocrx_word' id='word_1_577' title='bbox 3282 3057 3331 3110; x_wconf 73' lang='grc' dir='ltr'>υ,</span> <span class='ocrx_word' id='word_1_578' title='bbox 3376 3044 3462 3098; x_wconf 83' lang='lat' dir='ltr'><strong>fu-</strong></span> 
     </span>
    </p>
   </div>
   <div class='ocr_carea' id='block_1_69' title="bbox 1880 3136 3459 3206">
    <p class='ocr_par' dir='ltr' id='par_1_69' title="bbox 1880 3136 3459 3206">
     <span class='ocr_line' id='line_1_69' title="bbox 1880 3136 3459 3206; baseline 0 -17"><span class='ocrx_word' id='word_1_579' title='bbox 1880 3137 1994 3191; x_wconf 86' lang='lat' dir='ltr'><strong>sius</strong></span> <span class='ocrx_word' id='word_1_580' title='bbox 2026 3151 2180 3200; x_wconf 87' lang='lat' dir='ltr'><strong>vero,</strong></span> <span class='ocrx_word' id='word_1_581' title='bbox 2209 3146 2266 3191; x_wconf 91' lang='lat' dir='ltr'><strong>ut</strong></span> <span class='ocrx_word' id='word_1_582' title='bbox 2297 3154 2418 3191; x_wconf 91' lang='lat' dir='ltr'><strong>cum</strong></span> <span class='ocrx_word' id='word_1_583' title='bbox 2451 3138 2670 3206; x_wconf 89' lang='lat' dir='ltr'><strong>quidam</strong></span> <span class='ocrx_word' id='word_1_584' title='bbox 2722 3138 2797 3191; x_wconf 86' lang='lat' dir='ltr'><strong>ait</strong></span> <span class='ocrx_word' id='word_1_585' title='bbox 2824 3155 2837 3190; x_wconf 91' lang='lat'><strong>:</strong></span> <span class='ocrx_word' id='word_1_586' title='bbox 2873 3136 3066 3190; x_wconf 86' lang='lat' dir='ltr'><strong>Omnia</strong></span> <span class='ocrx_word' id='word_1_587' title='bbox 3090 3153 3182 3205; x_wconf 82' lang='lat' dir='ltr'><strong>per</strong></span> <span class='ocrx_word' id='word_1_588' title='bbox 3210 3138 3382 3205; x_wconf 79' lang='lat' dir='ltr'><strong>ipsum</strong></span> <span class='ocrx_word' id='word_1_589' title='bbox 3410 3145 3459 3189; x_wconf 84' lang='lat' dir='ltr'><strong>et</strong></span> 
     </span>
    </p>
   </div>
   <div class='ocr_carea' id='block_1_70' title="bbox 1878 3225 3460 3299">
    <p class='ocr_par' dir='ltr' id='par_1_70' title="bbox 1878 3225 3460 3299">
     <span class='ocr_line' id='line_1_70' title="bbox 1878 3225 3460 3299; baseline -0.002 -16"><span class='ocrx_word' id='word_1_590' title='bbox 1878 3230 1929 3283; x_wconf 87' lang='lat' dir='ltr'><strong>in</strong></span> <span class='ocrx_word' id='word_1_591' title='bbox 1955 3232 2068 3299; x_wconf 76' lang='lat' dir='ltr'><strong>ipso</strong></span> <span class='ocrx_word' id='word_1_592' title='bbox 2094 3230 2233 3298; x_wconf 75' lang='lat' dir='ltr'><strong>facta</strong></span> <span class='ocrx_word' id='word_1_593' title='bbox 2258 3239 2381 3285; x_wconf 77' lang='lat' dir='ltr'><strong>sunt</strong></span> <span class='ocrx_word' id='word_1_594' title='bbox 2399 3233 2483 3296; x_wconf 62' lang='lat' dir='ltr'><strong>a‘;</strong></span> <span class='ocrx_word' id='word_1_595' title='bbox 2517 3242 2571 3284; x_wconf 90' lang='lat' dir='ltr'><strong>et</strong></span> <span class='ocrx_word' id='word_1_596' title='bbox 2593 3247 2608 3284; x_wconf 92' lang='lat'><strong>:</strong></span> <span class='ocrx_word' id='word_1_597' title='bbox 2631 3229 2697 3283; x_wconf 86' lang='lat' dir='ltr'><strong>In</strong></span> <span class='ocrx_word' id='word_1_598' title='bbox 2734 3231 2848 3299; x_wconf 74' lang='lat' dir='ltr'><strong>ipso</strong></span> <span class='ocrx_word' id='word_1_599' title='bbox 2868 3240 3055 3283; x_wconf 84' lang='lat' dir='ltr'><strong>cuncta</strong></span> <span class='ocrx_word' id='word_1_600' title='bbox 3078 3230 3367 3282; x_wconf 71' lang='lat' dir='ltr'><strong>consistunt</strong></span> <span class='ocrx_word' id='word_1_601' title='bbox 3393 3225 3460 3287; x_wconf 71' lang='grc' dir='ltr'>δι</span> 
     </span>
    </p>
   </div>
   <div class='ocr_carea' id='block_1_71' title="bbox 1876 3321 3463 3392">
    <p class='ocr_par' dir='ltr' id='par_1_71' title="bbox 1876 3321 3463 3392">
     <span class='ocr_line' id='line_1_71' title="bbox 1876 3321 3463 3392; baseline -0.005 -14"><span class='ocrx_word' id='word_1_602' title='bbox 1876 3333 1978 3378; x_wconf 89' lang='lat' dir='ltr'><strong>et:</strong></span> <span class='ocrx_word' id='word_1_603' title='bbox 2017 3324 2233 3377; x_wconf 69' lang='lat' dir='ltr'><strong>Emitte:</strong></span> <span class='ocrx_word' id='word_1_604' title='bbox 2273 3321 2531 3392; x_wconf 69' lang='lat' dir='ltr'><strong>Spiritum</strong></span> <span class='ocrx_word' id='word_1_605' title='bbox 2558 3333 2728 3389; x_wconf 87' lang='lat' dir='ltr'><strong>tuum,</strong></span> <span class='ocrx_word' id='word_1_606' title='bbox 2767 3332 2815 3376; x_wconf 88' lang='lat' dir='ltr'><strong>et</strong></span> <span class='ocrx_word' id='word_1_607' title='bbox 2860 3322 3177 3375; x_wconf 78' lang='lat' dir='ltr'><strong>creabantur</strong></span> <span class='ocrx_word' id='word_1_608' title='bbox 3204 3331 3250 3374; x_wconf 76' lang='grc' dir='ltr'>ο.</span> <span class='ocrx_word' id='word_1_609' title='bbox 3292 3321 3374 3385; x_wconf 85' lang='grc' dir='ltr'>Ει,</span> <span class='ocrx_word' id='word_1_610' title='bbox 3404 3325 3463 3370; x_wconf 92' lang='lat' dir='ltr'><strong>ut</strong></span> 
     </span>
    </p>
   </div>
   <div class='ocr_carea' id='block_1_72' title="bbox 1879 3413 3460 3485">
    <p class='ocr_par' dir='ltr' id='par_1_72' title="bbox 1879 3413 3460 3485">
     <span class='ocr_line' id='line_1_72' title="bbox 1879 3413 3460 3485; baseline -0.001 -15"><span class='ocrx_word' id='word_1_611' title='bbox 1879 3416 2204 3484; x_wconf 88' lang='lat' dir='ltr'><strong>compendio</strong></span> <span class='ocrx_word' id='word_1_612' title='bbox 2236 3416 2359 3485; x_wconf 85' lang='lat' dir='ltr'><strong>quis</strong></span> <span class='ocrx_word' id='word_1_613' title='bbox 2405 3415 2575 3480; x_wconf 85' lang='lat' dir='ltr'><strong>dicat,</strong></span> <span class='ocrx_word' id='word_1_614' title='bbox 2623 3416 2911 3483; x_wconf 83' lang='lat' dir='ltr'><strong>ipsunttnet</strong></span> <span class='ocrx_word' id='word_1_615' title='bbox 2959 3413 3051 3468; x_wconf 89' lang='lat' dir='ltr'><strong>Dei</strong></span> <span class='ocrx_word' id='word_1_616' title='bbox 3088 3413 3317 3468; x_wconf 87' lang='lat' dir='ltr'><strong>Verbum</strong></span> <span class='ocrx_word' id='word_1_617' title='bbox 3344 3416 3460 3469; x_wconf 87' lang='lat' dir='ltr'><strong>ait:</strong></span> 
     </span>
    </p>
   </div>
   <div class='ocr_carea' id='block_1_73' title="bbox 1880 3506 3463 3579">
    <p class='ocr_par' dir='ltr' id='par_1_73' title="bbox 1880 3506 3463 3579">
     <span class='ocr_line' id='line_1_73' title="bbox 1880 3506 3463 3579; baseline -0.001 -18"><span class='ocrx_word' id='word_1_618' title='bbox 1880 3507 1995 3579; x_wconf 82' lang='lat' dir='ltr'><strong>Ego</strong></span> <span class='ocrx_word' id='word_1_619' title='bbox 2061 3517 2110 3561; x_wconf 88' lang='lat' dir='ltr'><strong>et</strong></span> <span class='ocrx_word' id='word_1_620' title='bbox 2169 3506 2333 3562; x_wconf 85' lang='lat' dir='ltr'><strong>Pater</strong></span> <span class='ocrx_word' id='word_1_621' title='bbox 2392 3524 2556 3561; x_wconf 85' lang='lat' dir='ltr'><strong>unum</strong></span> <span class='ocrx_word' id='word_1_622' title='bbox 2593 3523 2775 3561; x_wconf 79' lang='lat' dir='ltr'><strong>sumus</strong></span> <span class='ocrx_word' id='word_1_623' title='bbox 2831 3506 2894 3572; x_wconf 70' lang='grc' dir='ltr'><strong>(ις</strong></span> <span class='ocrx_word' id='word_1_624' title='bbox 2951 3516 3008 3561; x_wconf 88' lang='lat' dir='ltr'><strong>et</strong></span> <span class='ocrx_word' id='word_1_625' title='bbox 3058 3524 3072 3560; x_wconf 86' lang='lat'><strong>:</strong></span> <span class='ocrx_word' id='word_1_626' title='bbox 3126 3506 3463 3577; x_wconf 63' lang='lat' dir='ltr'><strong>Quaecunque</strong></span> 
     </span>
    </p>
   </div>
   <div class='ocr_carea' id='block_1_74' title="bbox 1881 3597 3464 3666">
    <p class='ocr_par' dir='ltr' id='par_1_74' title="bbox 1881 3597 3464 3666">
     <span class='ocr_line' id='line_1_74' title="bbox 1881 3597 3464 3666; baseline -0.001 -13"><span class='ocrx_word' id='word_1_627' title='bbox 1881 3602 2030 3653; x_wconf 83' lang='lat' dir='ltr'><strong>habet</strong></span> <span class='ocrx_word' id='word_1_628' title='bbox 2052 3597 2235 3666; x_wconf 86' lang='lat' dir='ltr'><strong>Pater,</strong></span> <span class='ocrx_word' id='word_1_629' title='bbox 2256 3617 2368 3654; x_wconf 85' lang='lat' dir='ltr'><strong>mea</strong></span> <span class='ocrx_word' id='word_1_630' title='bbox 2388 3609 2511 3653; x_wconf 77' lang='lat' dir='ltr'><strong>sunt</strong></span> <span class='ocrx_word' id='word_1_631' title='bbox 2539 3611 2595 3665; x_wconf 65' lang='lat'><strong>0;</strong></span> <span class='ocrx_word' id='word_1_632' title='bbox 2630 3609 2720 3655; x_wconf 88' lang='lat' dir='ltr'><strong>et:</strong></span> <span class='ocrx_word' id='word_1_633' title='bbox 2753 3598 2946 3652; x_wconf 83' lang='lat' dir='ltr'><strong>Omnia</strong></span> <span class='ocrx_word' id='word_1_634' title='bbox 2978 3614 3092 3652; x_wconf 82' lang='lat' dir='ltr'><strong>mea</strong></span> <span class='ocrx_word' id='word_1_635' title='bbox 3131 3608 3220 3651; x_wconf 86' lang='lat' dir='ltr'><strong>tua</strong></span> <span class='ocrx_word' id='word_1_636' title='bbox 3254 3608 3393 3662; x_wconf 76' lang='lat' dir='ltr'><strong>sunt,</strong></span> <span class='ocrx_word' id='word_1_637' title='bbox 3416 3609 3464 3652; x_wconf 84' lang='lat' dir='ltr'><strong>et</strong></span> 
     </span>
    </p>
   </div>
   <div class='ocr_carea' id='block_1_75' title="bbox 1883 3692 3467 3761">
    <p class='ocr_par' dir='ltr' id='par_1_75' title="bbox 1883 3692 3467 3761">
     <span class='ocr_line' id='line_1_75' title="bbox 1883 3692 3467 3761; baseline 0 -16"><span class='ocrx_word' id='word_1_638' title='bbox 1883 3692 2061 3746; x_wconf 86' lang='lat' dir='ltr'><strong>omnia</strong></span> <span class='ocrx_word' id='word_1_639' title='bbox 2093 3700 2186 3748; x_wconf 86' lang='lat' dir='ltr'><strong>tua</strong></span> <span class='ocrx_word' id='word_1_640' title='bbox 2217 3709 2331 3746; x_wconf 81' lang='lat' dir='ltr'><strong>mea</strong></span> <span class='ocrx_word' id='word_1_641' title='bbox 2379 3702 2501 3745; x_wconf 76' lang='lat' dir='ltr'><strong>sunt</strong></span> <span class='ocrx_word' id='word_1_642' title='bbox 2532 3692 2577 3746; x_wconf 72' lang='grc' dir='ltr'>ί.</span> <span class='ocrx_word' id='word_1_643' title='bbox 2610 3692 2677 3747; x_wconf 84' lang='grc' dir='ltr'>Ει</span> <span class='ocrx_word' id='word_1_644' title='bbox 2725 3707 2937 3746; x_wconf 85' lang='lat' dir='ltr'><strong>rursum</strong></span> <span class='ocrx_word' id='word_1_645' title='bbox 2966 3707 3086 3761; x_wconf 82' lang='lat' dir='ltr'><strong>qua:</strong></span> <span class='ocrx_word' id='word_1_646' title='bbox 3131 3701 3255 3747; x_wconf 88' lang='lat' dir='ltr'><strong>sunt</strong></span> <span class='ocrx_word' id='word_1_647' title='bbox 3290 3692 3467 3746; x_wconf 89' lang='lat' dir='ltr'><strong>Patris</strong></span> 
     </span>
    </p>
   </div>
   <div class='ocr_carea' id='block_1_76' title="bbox 1881 3781 3465 3851">
    <p class='ocr_par' dir='ltr' id='par_1_76' title="bbox 1881 3781 3465 3851">
     <span class='ocr_line' id='line_1_76' title="bbox 1881 3781 3465 3851; baseline 0.001 -17"><span class='ocrx_word' id='word_1_648' title='bbox 1881 3791 1938 3835; x_wconf 93' lang='lat' dir='ltr'><strong>et</strong></span> <span class='ocrx_word' id='word_1_649' title='bbox 1966 3797 2081 3846; x_wconf 88' lang='lat' dir='ltr'><strong>sua,</strong></span> <span class='ocrx_word' id='word_1_650' title='bbox 2116 3781 2341 3851; x_wconf 85' lang='lat' dir='ltr'><strong>Spiritui</strong></span> <span class='ocrx_word' id='word_1_651' title='bbox 2374 3781 2558 3837; x_wconf 91' lang='lat' dir='ltr'><strong>divino</strong></span> <span class='ocrx_word' id='word_1_652' title='bbox 2606 3781 2890 3851; x_wconf 90' lang='lat' dir='ltr'><strong>principali</strong></span> <span class='ocrx_word' id='word_1_653' title='bbox 2954 3796 3051 3849; x_wconf 87' lang='lat' dir='ltr'><strong>per</strong></span> <span class='ocrx_word' id='word_1_654' title='bbox 3094 3783 3465 3837; x_wconf 88' lang='lat' dir='ltr'><strong>communica-</strong></span> 
     </span>
    </p>
   </div>
   <div class='ocr_carea' id='block_1_77' title="bbox 1887 3875 3469 3944">
    <p class='ocr_par' dir='ltr' id='par_1_77' title="bbox 1887 3875 3469 3944">
     <span class='ocr_line' id='line_1_77' title="bbox 1887 3875 3469 3944; baseline 0.002 -18"><span class='ocrx_word' id='word_1_655' title='bbox 1887 3875 2087 3928; x_wconf 84' lang='lat' dir='ltr'><strong>tionem</strong></span> <span class='ocrx_word' id='word_1_656' title='bbox 2120 3876 2481 3944; x_wconf 90' lang='lat' dir='ltr'><strong>unionemque</strong></span> <span class='ocrx_word' id='word_1_657' title='bbox 2515 3876 2790 3937; x_wconf 81' lang='lat' dir='ltr'><strong>attribuit,</strong></span> <span class='ocrx_word' id='word_1_658' title='bbox 2819 3883 3001 3943; x_wconf 87' lang='lat' dir='ltr'><strong>utpote</strong></span> <span class='ocrx_word' id='word_1_659' title='bbox 3026 3876 3234 3930; x_wconf 85' lang='lat' dir='ltr'><strong>divinas</strong></span> <span class='ocrx_word' id='word_1_660' title='bbox 3272 3890 3469 3944; x_wconf 83' lang='lat' dir='ltr'><strong>opera-</strong></span> 
     </span>
    </p>
   </div>
   <div class='ocr_carea' id='block_1_78' title="bbox 192 3962 1752 4053">
    <p class='ocr_par' dir='ltr' id='par_1_78' title="bbox 192 3969 1752 4053">
     <span class='ocr_line' id='line_1_78' title="bbox 192 3969 1752 4053; baseline -0.012 -18"><span class='ocrx_word' id='word_1_661' title='bbox 192 3982 336 4053; x_wconf 73' lang='grc' dir='ltr'>πρὸς</span> <span class='ocrx_word' id='word_1_662' title='bbox 364 3977 523 4032; x_wconf 81' lang='grc' dir='ltr'>τοῦτο</span> <span class='ocrx_word' id='word_1_663' title='bbox 552 3977 817 4045; x_wconf 83' lang='grc' dir='ltr'>ἀντερεῖν,</span> <span class='ocrx_word' id='word_1_664' title='bbox 842 3972 923 4025; x_wconf 85' lang='grc' dir='ltr'><strong>ὅτι</strong></span> <span class='ocrx_word' id='word_1_665' title='bbox 963 3969 1034 4023; x_wconf 72' lang='grc' dir='ltr'>τὰ</span> <span class='ocrx_word' id='word_1_666' title='bbox 1075 3969 1354 4041; x_wconf 76' lang='grc' dir='ltr'>θεοπρεπῆ</span> <span class='ocrx_word' id='word_1_667' title='bbox 1383 3970 1561 4026; x_wconf 82' lang='grc' dir='ltr'>πάντα</span> <span class='ocrx_word' id='word_1_668' title='bbox 1584 3972 1651 4040; x_wconf 71' lang='grc' dir='ltr'>τῇ</span> <span class='ocrx_word' id='word_1_669' title='bbox 1688 3969 1752 4022; x_wconf 74' lang='grc' dir='ltr'>ὃλι</span> 
     </span>
    </p>
   </div>
   <div class='ocr_carea' id='block_1_79' title="bbox 2033 3962 3465 4053">
    <p class='ocr_par' dir='ltr' id='par_1_79' title="bbox 2033 3966 3465 4034">
     <span class='ocr_line' id='line_1_79' title="bbox 2033 3966 3465 4034; baseline 0.001 -17"><span class='ocrx_word' id='word_1_670' title='bbox 2033 3979 2098 4027; x_wconf 56' lang='grc' dir='ltr'><strong>ηε,</strong></span> <span class='ocrx_word' id='word_1_671' title='bbox 2157 3966 2592 4025; x_wconf 88' lang='lat' dir='ltr'><strong>venerationem,</strong></span> <span class='ocrx_word' id='word_1_672' title='bbox 2647 3966 3036 4018; x_wconf 87' lang='lat' dir='ltr'><strong>scaturientem</strong></span> <span class='ocrx_word' id='word_1_673' title='bbox 3084 3974 3141 4020; x_wconf 87' lang='lat' dir='ltr'><strong>et</strong></span> <span class='ocrx_word' id='word_1_674' title='bbox 3190 3981 3465 4034; x_wconf 81' lang='lat' dir='ltr'><strong>nunquam</strong></span> 
     </span>
    </p>
   </div>
   <div class='ocr_carea' id='block_1_80' title="bbox 192 4052 1752 4144">
    <p class='ocr_par' dir='ltr' id='par_1_80' title="bbox 192 4052 1752 4144">
     <span class='ocr_line' id='line_1_80' title="bbox 192 4052 1752 4144; baseline -0.008 -16"><span class='ocrx_word' id='word_1_675' title='bbox 192 4052 430 4144; x_wconf 76' lang='grc' dir='ltr'>θεαρχίᾳ</span> <span class='ocrx_word' id='word_1_676' title='bbox 453 4068 757 4141; x_wconf 80' lang='grc' dir='ltr'>πρόσεστι⁷³</span> <span class='ocrx_word' id='word_1_677' title='bbox 774 4063 919 4118; x_wconf 81' lang='grc' dir='ltr'>κατὰ</span> <span class='ocrx_word' id='word_1_678' title='bbox 938 4063 1033 4116; x_wconf 84' lang='grc' dir='ltr'>τὸν</span> <span class='ocrx_word' id='word_1_679' title='bbox 1052 4061 1272 4131; x_wconf 73' lang='grc' dir='ltr'>θεοτελῆ</span> <span class='ocrx_word' id='word_1_680' title='bbox 1284 4061 1680 4130; x_wconf 82' lang='grc' dir='ltr'>λόγον.Τοὺτων</span> <span class='ocrx_word' id='word_1_681' title='bbox 1692 4057 1752 4115; x_wconf 82' lang='grc' dir='ltr'>οὗ</span> 
     </span>
    </p>
   </div>
   <div class='ocr_carea' id='block_1_81' title="bbox 2033 4052 3467 4144">
    <p class='ocr_par' dir='ltr' id='par_1_81' title="bbox 2033 4055 3467 4125">
     <span class='ocr_line' id='line_1_81' title="bbox 2033 4055 3467 4125; baseline 0.003 -18"><span class='ocrx_word' id='word_1_682' title='bbox 2033 4055 2229 4108; x_wconf 90' lang='lat' dir='ltr'><strong>ientetn</strong></span> <span class='ocrx_word' id='word_1_683' title='bbox 2262 4071 2509 4117; x_wconf 85' lang='lat' dir='ltr'><strong>causam.</strong></span> <span class='ocrx_word' id='word_1_684' title='bbox 2539 4066 2705 4125; x_wconf 88' lang='lat' dir='ltr'><strong>atque</strong></span> <span class='ocrx_word' id='word_1_685' title='bbox 2732 4057 3167 4114; x_wconf 85' lang='lat' dir='ltr'><strong>distributionem</strong></span> <span class='ocrx_word' id='word_1_686' title='bbox 3204 4059 3467 4113; x_wconf 86' lang='lat' dir='ltr'><strong>donorum</strong></span> 
     </span>
    </p>
   </div>
   <div class='ocr_carea' id='block_1_82' title="bbox 192 4150 1752 4237">
    <p class='ocr_par' dir='ltr' id='par_1_82' title="bbox 192 4150 1752 4237">
     <span class='ocr_line' id='line_1_82' title="bbox 192 4150 1752 4237; baseline -0.003 -29"><span class='ocrx_word' id='word_1_687' title='bbox 192 4168 332 4237; x_wconf 48' lang='grc' dir='ltr'>ἡμῖν</span> <span class='ocrx_word' id='word_1_688' title='bbox 363 4160 610 4235; x_wconf 82' lang='grc' dir='ltr'>βραχέως</span> <span class='ocrx_word' id='word_1_689' title='bbox 646 4156 747 4229; x_wconf 70' lang='grc' dir='ltr'>μὲν</span> <span class='ocrx_word' id='word_1_690' title='bbox 785 4157 847 4208; x_wconf 80' lang='grc' dir='ltr'>ὲν</span> <span class='ocrx_word' id='word_1_691' title='bbox 868 4152 1078 4215; x_wconf 80' lang='grc' dir='ltr'>τούτοις</span> <span class='ocrx_word' id='word_1_692' title='bbox 1123 4151 1216 4205; x_wconf 59' lang='grc' dir='ltr'><strong>καῖ</strong></span> <span class='ocrx_word' id='word_1_693' title='bbox 1236 4150 1500 4222; x_wconf 84' lang='grc' dir='ltr'>μερικῶς,</span> <span class='ocrx_word' id='word_1_694' title='bbox 1528 4153 1587 4204; x_wconf 79' lang='grc' dir='ltr'>ὲν</span> <span class='ocrx_word' id='word_1_695' title='bbox 1610 4150 1752 4205; x_wconf 77' lang='grc' dir='ltr'>ἄλλοι</span> 
     </span>
    </p>
   </div>
   <div class='ocr_carea' id='block_1_83' title="bbox 2033 4150 3469 4237">
    <p class='ocr_par' dir='ltr' id='par_1_83' title="bbox 2043 4150 3469 4221">
     <span class='ocr_line' id='line_1_83' title="bbox 2043 4150 3469 4221; baseline -0.001 -18"><span class='ocrx_word' id='word_1_696' title='bbox 2043 4150 2243 4203; x_wconf 91' lang='lat' dir='ltr'><strong>bonum</strong></span> <span class='ocrx_word' id='word_1_697' title='bbox 2275 4151 2485 4205; x_wconf 87' lang='lat' dir='ltr'><strong>decent.</strong></span> <span class='ocrx_word' id='word_1_698' title='bbox 2534 4150 2612 4205; x_wconf 82' lang='lat' dir='ltr'><strong>Ae</strong></span> <span class='ocrx_word' id='word_1_699' title='bbox 2652 4151 2925 4206; x_wconf 88' lang='lat' dir='ltr'><strong>neminem</strong></span> <span class='ocrx_word' id='word_1_700' title='bbox 2964 4152 3182 4221; x_wconf 89' lang='lat' dir='ltr'><strong>quidem</strong></span> <span class='ocrx_word' id='word_1_701' title='bbox 3229 4152 3469 4207; x_wconf 86' lang='lat' dir='ltr'><strong>arbitror</strong></span> 
     </span>
    </p>
   </div>
   <div class='ocr_carea' id='block_1_84' title="bbox 194 4241 1752 4318">
    <p class='ocr_par' dir='ltr' id='par_1_84' title="bbox 194 4241 1752 4318">
     <span class='ocr_line' id='line_1_84' title="bbox 194 4241 1752 4318; baseline -0.012 -6"><span class='ocrx_word' id='word_1_702' title='bbox 194 4254 473 4318; x_wconf 82' lang='grc' dir='ltr'>δὲίκανῶς</span> <span class='ocrx_word' id='word_1_703' title='bbox 504 4254 568 4305; x_wconf 83' lang='grc' dir='ltr'>ὲκ</span> <span class='ocrx_word' id='word_1_704' title='bbox 594 4250 705 4304; x_wconf 87' lang='grc' dir='ltr'><strong>τῶν</strong></span> <span class='ocrx_word' id='word_1_705' title='bbox 740 4246 935 4315; x_wconf 90' lang='grc' dir='ltr'>λογίων</span> <span class='ocrx_word' id='word_1_706' title='bbox 966 4241 1429 4311; x_wconf 78' lang='grc' dir='ltr'>ἀποδεδειγμένων</span> <span class='ocrx_word' id='word_1_707' title='bbox 1459 4258 1518 4293; x_wconf 90' lang='grc' dir='ltr'><strong>τε</strong></span> <span class='ocrx_word' id='word_1_708' title='bbox 1548 4242 1641 4295; x_wconf 73' lang='grc' dir='ltr'><strong>καὶ</strong></span> <span class='ocrx_word' id='word_1_709' title='bbox 1673 4241 1752 4294; x_wconf 73' lang='grc' dir='ltr'><strong>διο</strong></span> 
     </span>
    </p>
   </div>
   <div class='ocr_carea' id='block_1_85' title="bbox 2033 4241 3471 4318">
    <p class='ocr_par' dir='ltr' id='par_1_85' title="bbox 2035 4241 3471 4316">
     <span class='ocr_line' id='line_1_85' title="bbox 2035 4241 3471 4316; baseline 0.003 -22"><span class='ocrx_word' id='word_1_710' title='bbox 2035 4258 2105 4305; x_wconf 85' lang='grc' dir='ltr'>ιιι,</span> <span class='ocrx_word' id='word_1_711' title='bbox 2141 4243 2232 4311; x_wconf 86' lang='lat' dir='ltr'><strong>qui</strong></span> <span class='ocrx_word' id='word_1_712' title='bbox 2266 4241 2566 4310; x_wconf 85' lang='lat' dir='ltr'><strong>Scripturis</strong></span> <span class='ocrx_word' id='word_1_713' title='bbox 2597 4244 3010 4314; x_wconf 88' lang='lat' dir='ltr'><strong>haudquaquam</strong></span> <span class='ocrx_word' id='word_1_714' title='bbox 3042 4245 3313 4316; x_wconf 85' lang='lat' dir='ltr'><strong>perversis</strong></span> <span class='ocrx_word' id='word_1_715' title='bbox 3344 4252 3471 4298; x_wconf 81' lang='lat' dir='ltr'><strong>sunt</strong></span> 
     </span>
    </p>
   </div>
   <div class='ocr_carea' id='block_1_86' title="bbox 198 4332 1791 4421">
    <p class='ocr_par' dir='ltr' id='par_1_86' title="bbox 198 4332 1791 4421">
     <span class='ocr_line' id='line_1_86' title="bbox 198 4332 1791 4421; baseline -0.011 -18"><span class='ocrx_word' id='word_1_716' title='bbox 198 4348 498 4421; x_wconf 77' lang='grc' dir='ltr'>ρισμένων,</span> <span class='ocrx_word' id='word_1_717' title='bbox 522 4340 711 4398; x_wconf 85' lang='grc' dir='ltr'>ὁποίαν</span> <span class='ocrx_word' id='word_1_718' title='bbox 736 4336 1042 4402; x_wconf 78' lang='grc' dir='ltr'>ἀναπτύξαι</span> <span class='ocrx_word' id='word_1_719' title='bbox 1070 4333 1375 4403; x_wconf 87' lang='grc' dir='ltr'>θεωνυμίαν</span> <span class='ocrx_word' id='word_1_720' title='bbox 1404 4332 1591 4404; x_wconf 78' lang='grc' dir='ltr'>ὀλικὴν</span> <span class='ocrx_word' id='word_1_721' title='bbox 1618 4334 1791 4404; x_wconf 76' lang='grc' dir='ltr'>ἐγχει-</span> 
     </span>
    </p>
   </div>
   <div class='ocr_carea' id='block_1_87' title="bbox 198 4424 1738 4513">
    <p class='ocr_par' dir='ltr' id='par_1_87' title="bbox 198 4424 1738 4513">
     <span class='ocr_line' id='line_1_87' title="bbox 198 4424 1738 4513; baseline -0.01 -19"><span class='ocrx_word' id='word_1_722' title='bbox 198 4444 442 4513; x_wconf 85' lang='grc' dir='ltr'>ρήσομεν</span> <span class='ocrx_word' id='word_1_723' title='bbox 461 4438 529 4500; x_wconf 79' lang='grc'><strong>⁷⁸,</strong></span> <span class='ocrx_word' id='word_1_724' title='bbox 559 4435 652 4488; x_wconf 83' lang='grc' dir='ltr'>ὲπί</span> <span class='ocrx_word' id='word_1_725' title='bbox 681 4432 781 4502; x_wconf 81' lang='grc' dir='ltr'>τῆς</span> <span class='ocrx_word' id='word_1_726' title='bbox 805 4431 933 4501; x_wconf 81' lang='grc' dir='ltr'>ὅλης</span> <span class='ocrx_word' id='word_1_727' title='bbox 956 4426 1122 4499; x_wconf 82' lang='grc' dir='ltr'>αὑτὴν</span> <span class='ocrx_word' id='word_1_728' title='bbox 1150 4425 1399 4496; x_wconf 83' lang='grc' dir='ltr'>θεότητος</span> <span class='ocrx_word' id='word_1_729' title='bbox 1423 4424 1738 4497; x_wconf 83' lang='grc' dir='ltr'>ὲκληπτέον.</span> 
     </span>
    </p>
   </div>
   <div class='ocr_carea' id='block_1_88' title="bbox 1896 4333 3470 4407">
    <p class='ocr_par' dir='ltr' id='par_1_88' title="bbox 1896 4333 3470 4407">
     <span class='ocr_line' id='line_1_88' title="bbox 1896 4333 3470 4407; baseline 0.001 -19"><span class='ocrx_word' id='word_1_730' title='bbox 1896 4333 2111 4399; x_wconf 85' lang='lat' dir='ltr'><strong>imbuti,</strong></span> <span class='ocrx_word' id='word_1_731' title='bbox 2157 4346 2507 4404; x_wconf 75' lang='lat' dir='ltr'><strong>negaturum,</strong></span> <span class='ocrx_word' id='word_1_732' title='bbox 2538 4335 2720 4389; x_wconf 89' lang='lat' dir='ltr'><strong>omnia</strong></span> <span class='ocrx_word' id='word_1_733' title='bbox 2767 4353 2886 4405; x_wconf 72' lang='lat' dir='ltr'><strong>quae</strong></span> <span class='ocrx_word' id='word_1_734' title='bbox 2940 4336 3048 4393; x_wconf 89' lang='lat' dir='ltr'><strong>Deo</strong></span> <span class='ocrx_word' id='word_1_735' title='bbox 3100 4337 3309 4392; x_wconf 88' lang='lat' dir='ltr'><strong>ratione</strong></span> <span class='ocrx_word' id='word_1_736' title='bbox 3349 4353 3470 4407; x_wconf 79' lang='lat' dir='ltr'><strong>per—</strong></span> 
     </span>
    </p>
   </div>
   <div class='ocr_carea' id='block_1_89' title="bbox 1896 4427 3467 4500">
    <p class='ocr_par' dir='ltr' id='par_1_89' title="bbox 1896 4427 3467 4500">
     <span class='ocr_line' id='line_1_89' title="bbox 1896 4427 3467 4500; baseline 0.003 -22"><span class='ocrx_word' id='word_1_737' title='bbox 1896 4427 2050 4481; x_wconf 60' lang='lat' dir='ltr'><strong>recte</strong></span> <span class='ocrx_word' id='word_1_738' title='bbox 2073 4427 2300 4483; x_wconf 85' lang='lat' dir='ltr'><strong>Deitatis</strong></span> <span class='ocrx_word' id='word_1_739' title='bbox 2320 4439 2658 4500; x_wconf 82' lang='lat' dir='ltr'><strong>competunt,</strong></span> <span class='ocrx_word' id='word_1_740' title='bbox 2688 4432 2784 4485; x_wconf 89' lang='lat' dir='ltr'><strong>toti</strong></span> <span class='ocrx_word' id='word_1_741' title='bbox 2818 4433 3000 4487; x_wconf 83' lang='lat' dir='ltr'><strong>inesse</strong></span> <span class='ocrx_word' id='word_1_742' title='bbox 3021 4432 3314 4488; x_wconf 85' lang='lat' dir='ltr'><strong>divinitati.</strong></span> <span class='ocrx_word' id='word_1_743' title='bbox 3333 4427 3467 4486; x_wconf 84' lang='lat' dir='ltr'><strong>Cum</strong></span> 
     </span>
    </p>
   </div>
   <div class='ocr_carea' id='block_1_90' title="bbox 196 4513 3468 4604">
    <p class='ocr_par' dir='ltr' id='par_1_90' title="bbox 196 4513 3468 4604">
     <span class='ocr_line' id='line_1_90' title="bbox 196 4513 3468 4604; baseline -0.005 -16"><span class='ocrx_word' id='word_1_744' title='bbox 196 4534 365 4604; x_wconf 70' lang='lat' dir='ltr'><strong>igitur</strong></span> <span class='ocrx_word' id='word_1_745' title='bbox 400 4530 515 4584; x_wconf 69' lang='lat' dir='ltr'><strong>haec</strong></span> <span class='ocrx_word' id='word_1_746' title='bbox 556 4523 1043 4595; x_wconf 70' lang='lat' dir='ltr'><strong>impraesentiarum</strong></span> <span class='ocrx_word' id='word_1_747' title='bbox 1090 4516 1307 4585; x_wconf 87' lang='lat' dir='ltr'><strong>quidem</strong></span> <span class='ocrx_word' id='word_1_748' title='bbox 1370 4513 1610 4568; x_wconf 87' lang='lat' dir='ltr'><strong>breviter</strong></span> <span class='ocrx_word' id='word_1_749' title='bbox 1656 4524 1711 4569; x_wconf 88' lang='lat' dir='ltr'><strong>et</strong></span> <span class='ocrx_word' id='word_1_750' title='bbox 1757 4528 1824 4567; x_wconf 79' lang='lat' dir='ltr'><strong>ex</strong></span> <span class='ocrx_word' id='word_1_751' title='bbox 1882 4524 2063 4583; x_wconf 88' lang='lat' dir='ltr'><strong>parte,</strong></span> <span class='ocrx_word' id='word_1_752' title='bbox 2117 4515 2245 4569; x_wconf 88' lang='lat' dir='ltr'><strong>alibi</strong></span> <span class='ocrx_word' id='word_1_753' title='bbox 2309 4533 2459 4585; x_wconf 88' lang='lat' dir='ltr'><strong>veru,</strong></span> <span class='ocrx_word' id='word_1_754' title='bbox 2517 4531 2781 4589; x_wconf 90' lang='lat' dir='ltr'><strong>quantum</strong></span> <span class='ocrx_word' id='word_1_755' title='bbox 2831 4523 2965 4577; x_wconf 81' lang='lat' dir='ltr'><strong>satis</strong></span> <span class='ocrx_word' id='word_1_756' title='bbox 3015 4534 3126 4585; x_wconf 84' lang='lat' dir='ltr'><strong>est,</strong></span> <span class='ocrx_word' id='word_1_757' title='bbox 3187 4536 3468 4576; x_wconf 87' lang='lat' dir='ltr'><strong>sacrorum</strong></span> 
     </span>
    </p>
   </div>
   <div class='ocr_carea' id='block_1_91' title="bbox 194 4609 2041 4694">
    <p class='ocr_par' dir='ltr' id='par_1_91' title="bbox 194 4609 2041 4694">
     <span class='ocr_line' id='line_1_91' title="bbox 194 4609 2041 4694; baseline -0.01 -15"><span class='ocrx_word' id='word_1_758' title='bbox 194 4624 542 4694; x_wconf 85' lang='lat' dir='ltr'><strong>cioquiorum</strong></span> <span class='ocrx_word' id='word_1_759' title='bbox 608 4613 918 4673; x_wconf 87' lang='lat' dir='ltr'><strong>testimonio</strong></span> <span class='ocrx_word' id='word_1_760' title='bbox 986 4610 1396 4683; x_wconf 80' lang='lat' dir='ltr'><strong>probaverimus</strong></span> <span class='ocrx_word' id='word_1_761' title='bbox 1440 4623 1506 4663; x_wconf 88' lang='lat' dir='ltr'><strong>ac</strong></span> <span class='ocrx_word' id='word_1_762' title='bbox 1566 4609 1982 4663; x_wconf 88' lang='lat' dir='ltr'><strong>distinxerimus</strong></span> <span class='ocrx_word' id='word_1_763' title='bbox 2024 4647 2041 4675; x_wconf 87' lang='lat'><strong>,</strong></span> 
     </span>
    </p>
   </div>
   <div class='ocr_carea' id='block_1_92' title="bbox 2098 4612 3469 4686">
    <p class='ocr_par' dir='ltr' id='par_1_92' title="bbox 2098 4612 3469 4686">
     <span class='ocr_line' id='line_1_92' title="bbox 2098 4612 3469 4686; baseline 0.004 -24"><span class='ocrx_word' id='word_1_764' title='bbox 2098 4612 2461 4682; x_wconf 88' lang='lat' dir='ltr'><strong>quodcunque</strong></span> <span class='ocrx_word' id='word_1_765' title='bbox 2518 4614 2738 4669; x_wconf 86' lang='lat' dir='ltr'><strong>tandem</strong></span> <span class='ocrx_word' id='word_1_766' title='bbox 2789 4616 3059 4686; x_wconf 79' lang='lat' dir='ltr'><strong>integrum</strong></span> <span class='ocrx_word' id='word_1_767' title='bbox 3125 4615 3218 4669; x_wconf 88' lang='lat' dir='ltr'><strong>Dei</strong></span> <span class='ocrx_word' id='word_1_768' title='bbox 3272 4630 3469 4669; x_wconf 88' lang='lat' dir='ltr'><strong>nomen</strong></span> 
     </span>
    </p>
   </div>
   <div class='ocr_carea' id='block_1_93' title="bbox 194 4705 2345 4793">
    <p class='ocr_par' dir='ltr' id='par_1_93' title="bbox 194 4705 2345 4793">
     <span class='ocr_line' id='line_1_93' title="bbox 194 4705 2345 4793; baseline -0.007 -15"><span class='ocrx_word' id='word_1_769' title='bbox 194 4722 482 4793; x_wconf 84' lang='lat' dir='ltr'><strong>explicare</strong></span> <span class='ocrx_word' id='word_1_770' title='bbox 513 4712 919 4787; x_wconf 76' lang='lat' dir='ltr'><strong>aggrediemur,</strong></span> <span class='ocrx_word' id='word_1_771' title='bbox 948 4710 1016 4763; x_wconf 89' lang='lat' dir='ltr'><strong>ad</strong></span> <span class='ocrx_word' id='word_1_772' title='bbox 1045 4716 1214 4762; x_wconf 88' lang='lat' dir='ltr'><strong>totam</strong></span> <span class='ocrx_word' id='word_1_773' title='bbox 1247 4705 1586 4761; x_wconf 83' lang='lat' dir='ltr'><strong>divinitatem</strong></span> <span class='ocrx_word' id='word_1_774' title='bbox 1613 4705 1888 4774; x_wconf 88' lang='lat' dir='ltr'><strong>pertinere</strong></span> <span class='ocrx_word' id='word_1_775' title='bbox 1915 4708 2210 4775; x_wconf 89' lang='lat' dir='ltr'><strong>putandum</strong></span> <span class='ocrx_word' id='word_1_776' title='bbox 2243 4719 2345 4764; x_wconf 79' lang='lat' dir='ltr'><strong>est.</strong></span> 
     </span>
    </p>
   </div>
   <div class='ocr_carea' id='block_1_94' title="bbox 1767 4850 1907 4926">
    <p class='ocr_par' dir='ltr' id='par_1_94' title="bbox 1767 4850 1907 4926">
     <span class='ocr_line' id='line_1_94' title="bbox 1767 4850 1907 4926; baseline 0.014 -16"><span class='ocrx_word' id='word_1_777' title='bbox 1767 4852 1794 4926; x_wconf 65' lang='grc' dir='ltr'><strong>ς</strong></span> <span class='ocrx_word' id='word_1_778' title='bbox 1829 4850 1907 4912; x_wconf 89' lang='grc' dir='ltr'>ιι.</span> 
     </span>
    </p>
   </div>
   <div class='ocr_carea' id='block_1_95' title="bbox 270 5000 1752 5083">
    <p class='ocr_par' dir='ltr' id='par_1_95' title="bbox 270 5007 1751 5083">
     <span class='ocr_line' id='line_1_95' title="bbox 270 5007 1751 5083; baseline -0.002 -17"><span class='ocrx_word' id='word_1_779' title='bbox 270 5012 336 5066; x_wconf 83' lang='grc' dir='ltr'><strong>Εἰ</strong></span> <span class='ocrx_word' id='word_1_780' title='bbox 356 5009 418 5066; x_wconf 79' lang='grc' dir='ltr'>δέ</span> <span class='ocrx_word' id='word_1_781' title='bbox 442 5028 528 5075; x_wconf 88' lang='grc' dir='ltr'><strong>τις</strong></span> <span class='ocrx_word' id='word_1_782' title='bbox 555 5011 709 5082; x_wconf 87' lang='grc' dir='ltr'>φαίη,</span> <span class='ocrx_word' id='word_1_783' title='bbox 739 5009 999 5082; x_wconf 73' lang='grc' dir='ltr'>σύγχυσιν</span> <span class='ocrx_word' id='word_1_784' title='bbox 1033 5012 1179 5083; x_wconf 80' lang='grc' dir='ltr'>ἡμᾶς</span> <span class='ocrx_word' id='word_1_785' title='bbox 1222 5011 1282 5063; x_wconf 79' lang='grc' dir='ltr'>ὲν</span> <span class='ocrx_word' id='word_1_786' title='bbox 1310 5008 1483 5081; x_wconf 77' lang='grc' dir='ltr'>τούτῳ</span> <span class='ocrx_word' id='word_1_787' title='bbox 1513 5007 1654 5063; x_wconf 82' lang='grc' dir='ltr'>κατά</span> <span class='ocrx_word' id='word_1_788' title='bbox 1684 5009 1751 5080; x_wconf 81' lang='grc' dir='ltr'>τῆ</span> 
     </span>
    </p>
   </div>
   <div class='ocr_carea' id='block_1_96' title="bbox 2033 5000 3474 5083">
    <p class='ocr_par' dir='ltr' id='par_1_96' title="bbox 2065 5000 3474 5079">
     <span class='ocr_line' id='line_1_96' title="bbox 2065 5000 3474 5079; baseline -0.01 -15"><span class='ocrx_word' id='word_1_789' title='bbox 2065 5010 2186 5079; x_wconf 81' lang='lat' dir='ltr'><strong>quis</strong></span> <span class='ocrx_word' id='word_1_790' title='bbox 2229 5020 2411 5065; x_wconf 88' lang='lat' dir='ltr'><strong>autem</strong></span> <span class='ocrx_word' id='word_1_791' title='bbox 2459 5005 2723 5077; x_wconf 73' lang='lat' dir='ltr'><strong>obiecerit</strong></span> <span class='ocrx_word' id='word_1_792' title='bbox 2775 5021 2874 5060; x_wconf 90' lang='lat' dir='ltr'><strong>nos</strong></span> <span class='ocrx_word' id='word_1_793' title='bbox 2922 5004 3029 5059; x_wconf 90' lang='lat' dir='ltr'><strong>isto</strong></span> <span class='ocrx_word' id='word_1_794' title='bbox 3073 5000 3235 5056; x_wconf 81' lang='lat' dir='ltr'><strong>modo</strong></span> <span class='ocrx_word' id='word_1_795' title='bbox 3286 5010 3474 5053; x_wconf 84' lang='lat' dir='ltr'><strong>contra</strong></span> 
     </span>
    </p>
   </div>
   <div class='ocr_carea' id='block_1_97' title="bbox 201 5103 1780 5179">
    <p class='ocr_par' dir='ltr' id='par_1_97' title="bbox 201 5103 1780 5179">
     <span class='ocr_line' id='line_1_97' title="bbox 201 5103 1780 5179; baseline -0.003 -18"><span class='ocrx_word' id='word_1_796' title='bbox 201 5104 543 5179; x_wconf 81' lang='grc' dir='ltr'>θεοπρεποῦς</span> <span class='ocrx_word' id='word_1_797' title='bbox 590 5105 905 5175; x_wconf 82' lang='grc' dir='ltr'>διαιρέσεως</span> <span class='ocrx_word' id='word_1_798' title='bbox 950 5106 1208 5173; x_wconf 78' lang='grc' dir='ltr'>εἰσάγειν,</span> <span class='ocrx_word' id='word_1_799' title='bbox 1262 5105 1352 5157; x_wconf 81' lang='grc' dir='ltr'>τὸν</span> <span class='ocrx_word' id='word_1_800' title='bbox 1387 5103 1587 5156; x_wconf 85' lang='grc' dir='ltr'>τοιόνδε</span> <span class='ocrx_word' id='word_1_801' title='bbox 1625 5103 1780 5172; x_wconf 84' lang='grc' dir='ltr'>λόγον</span> 
     </span>
    </p>
   </div>
   <div class='ocr_carea' id='block_1_98' title="bbox 280 5246 766 5312">
    <p class='ocr_par' dir='ltr' id='par_1_98' title="bbox 280 5246 766 5312">
     <span class='ocr_line' id='line_1_98' title="bbox 280 5246 766 5312; baseline -0.002 -7"><span class='ocrx_word' id='word_1_802' title='bbox 280 5262 301 5289; x_wconf 77' lang='grc' dir='ltr'>ι’</span> <span class='ocrx_word' id='word_1_803' title='bbox 336 5250 531 5306; x_wconf 77' lang='lat' dir='ltr'><strong>Matth.</strong></span> <span class='ocrx_word' id='word_1_804' title='bbox 558 5263 652 5312; x_wconf 89' lang='lat' dir='ltr'><strong>xx,</strong></span> <span class='ocrx_word' id='word_1_805' title='bbox 679 5246 766 5304; x_wconf 72' lang='lat' dir='ltr'><strong>i5.</strong></span> 
     </span>
    </p>
   </div>
   <div class='ocr_carea' id='block_1_99' title="bbox 206 5315 1220 5386">
    <p class='ocr_par' dir='ltr' id='par_1_99' title="bbox 206 5315 1220 5386">
     <span class='ocr_line' id='line_1_99' title="bbox 206 5315 1220 5386; baseline -0.01 -10"><span class='ocrx_word' id='word_1_806' title='bbox 206 5330 232 5363; x_wconf 74' lang='grc' dir='ltr'><strong>ν</strong></span> <span class='ocrx_word' id='word_1_807' title='bbox 260 5322 425 5377; x_wconf 82' lang='lat' dir='ltr'><strong>Joan.</strong></span> <span class='ocrx_word' id='word_1_808' title='bbox 457 5336 488 5373; x_wconf 93' lang='lat' dir='ltr'><strong>v</strong></span> <span class='ocrx_word' id='word_1_809' title='bbox 512 5364 526 5386; x_wconf 89' lang='lat'><strong>,</strong></span> <span class='ocrx_word' id='word_1_810' title='bbox 560 5320 652 5372; x_wconf 74' lang='lat'><strong>‘21.</strong></span> <span class='ocrx_word' id='word_1_811' title='bbox 758 5315 967 5386; x_wconf 45' lang='lat' dir='ltr'><strong>fluam.</strong></span> <span class='ocrx_word' id='word_1_812' title='bbox 1006 5332 1056 5367; x_wconf 91' lang='lat' dir='ltr'><strong>vt</strong></span> <span class='ocrx_word' id='word_1_813' title='bbox 1082 5355 1097 5379; x_wconf 88' lang='lat'><strong>,</strong></span> <span class='ocrx_word' id='word_1_814' title='bbox 1121 5315 1220 5386; x_wconf 18' lang='lat' dir='ltr'><strong>A64.</strong></span> 
     </span>
    </p>
   </div>
   <div class='ocr_carea' id='block_1_100' title="bbox 216 5380 1767 5455">
    <p class='ocr_par' dir='ltr' id='par_1_100' title="bbox 216 5380 1767 5455">
     <span class='ocr_line' id='line_1_100' title="bbox 216 5380 1767 5455; baseline -0.01 -8"><span class='ocrx_word' id='word_1_815' title='bbox 216 5392 230 5431; x_wconf 63' lang='lat'><strong>1</strong></span> <span class='ocrx_word' id='word_1_816' title='bbox 264 5390 432 5448; x_wconf 84' lang='lat' dir='ltr'><strong>Joan.</strong></span> <span class='ocrx_word' id='word_1_817' title='bbox 468 5380 524 5455; x_wconf 70' lang='lat' dir='ltr'><strong>x,</strong></span> <span class='ocrx_word' id='word_1_818' title='bbox 554 5390 646 5446; x_wconf 78' lang='lat'><strong>30.</strong></span> <span class='ocrx_word' id='word_1_819' title='bbox 727 5398 751 5426; x_wconf 75' lang='grc' dir='ltr'>θ</span> <span class='ocrx_word' id='word_1_820' title='bbox 786 5385 943 5442; x_wconf 79' lang='lat' dir='ltr'><strong>Joau.</strong></span> <span class='ocrx_word' id='word_1_821' title='bbox 969 5401 1082 5452; x_wconf 77' lang='lat' dir='ltr'><strong>xvr,</strong></span> <span class='ocrx_word' id='word_1_822' title='bbox 1111 5384 1197 5438; x_wconf 73' lang='grc'>15.</span> <span class='ocrx_word' id='word_1_823' title='bbox 1280 5380 1481 5437; x_wconf 63' lang='lat' dir='ltr'><strong>‘Joau.</strong></span> <span class='ocrx_word' id='word_1_824' title='bbox 1519 5396 1650 5446; x_wconf 82' lang='lat' dir='ltr'><strong>xvu,</strong></span> <span class='ocrx_word' id='word_1_825' title='bbox 1688 5383 1767 5433; x_wconf 85' lang='lat' dir='ltr'><strong>l0.</strong></span> 
     </span>
    </p>
   </div>
   <div class='ocr_carea' id='block_1_101' title="bbox 843 5238 1962 5305">
    <p class='ocr_par' dir='ltr' id='par_1_101' title="bbox 843 5238 1962 5305">
     <span class='ocr_line' id='line_1_101' title="bbox 843 5238 1962 5305; baseline -0.007 -6"><span class='ocrx_word' id='word_1_826' title='bbox 843 5258 864 5284; x_wconf 72' lang='grc' dir='ltr'>ε</span> <span class='ocrx_word' id='word_1_827' title='bbox 889 5245 1030 5299; x_wconf 84' lang='lat' dir='ltr'><strong>Psal.</strong></span> <span class='ocrx_word' id='word_1_828' title='bbox 1058 5259 1227 5305; x_wconf 68' lang='lat' dir='ltr'><strong>cuit,</strong></span> <span class='ocrx_word' id='word_1_829' title='bbox 1255 5241 1342 5295; x_wconf 77' lang='grc'>10.</span> <span class='ocrx_word' id='word_1_830' title='bbox 1426 5244 1443 5277; x_wconf 66' lang='grc' dir='ltr'><strong>ί</strong></span> <span class='ocrx_word' id='word_1_831' title='bbox 1477 5240 1646 5294; x_wconf 82' lang='lat' dir='ltr'><strong>Exod.</strong></span> <span class='ocrx_word' id='word_1_832' title='bbox 1719 5253 1798 5304; x_wconf 89' lang='grc' dir='ltr'>ιιι,</span> <span class='ocrx_word' id='word_1_833' title='bbox 1874 5238 1962 5291; x_wconf 75' lang='grc' dir='ltr'>Η.</span> 
     </span>
    </p>
   </div>
   <div class='ocr_carea' id='block_1_102' title="bbox 1316 5310 1812 5376">
    <p class='ocr_par' dir='ltr' id='par_1_102' title="bbox 1316 5310 1812 5376">
     <span class='ocr_line' id='line_1_102' title="bbox 1316 5310 1812 5376; baseline -0.006 -11"><span class='ocrx_word' id='word_1_834' title='bbox 1316 5325 1341 5353; x_wconf 85' lang='grc' dir='ltr'><strong>ι</strong></span> <span class='ocrx_word' id='word_1_835' title='bbox 1373 5311 1391 5365; x_wconf 90' lang='lat' dir='ltr'><strong>l</strong></span> <span class='ocrx_word' id='word_1_836' title='bbox 1420 5311 1546 5365; x_wconf 88' lang='lat' dir='ltr'><strong>Cor.</strong></span> <span class='ocrx_word' id='word_1_837' title='bbox 1582 5326 1632 5363; x_wconf 69' lang='grc' dir='ltr'>χι</span> <span class='ocrx_word' id='word_1_838' title='bbox 1660 5349 1675 5376; x_wconf 92' lang='grc'><strong>,</strong></span> <span class='ocrx_word' id='word_1_839' title='bbox 1726 5310 1812 5363; x_wconf 74' lang='grc'><strong>12.</strong></span> 
     </span>
    </p>
   </div>
   <div class='ocr_carea' id='block_1_103' title="bbox 1891 5095 3470 5171">
    <p class='ocr_par' dir='ltr' id='par_1_103' title="bbox 1891 5095 3470 5171">
     <span class='ocr_line' id='line_1_103' title="bbox 1891 5095 3470 5171; baseline -0.007 -13"><span class='ocrx_word' id='word_1_840' title='bbox 1891 5103 2294 5159; x_wconf 86' lang='lat' dir='ltr'><strong>distinctionem</strong></span> <span class='ocrx_word' id='word_1_841' title='bbox 2328 5103 2593 5157; x_wconf 87' lang='lat' dir='ltr'><strong>divinitati</strong></span> <span class='ocrx_word' id='word_1_842' title='bbox 2638 5108 3060 5171; x_wconf 88' lang='lat' dir='ltr'><strong>competentem,</strong></span> <span class='ocrx_word' id='word_1_843' title='bbox 3090 5095 3470 5151; x_wconf 79' lang='lat' dir='ltr'><strong>confusionem</strong></span> 
     </span>
    </p>
   </div>
   <div class='ocr_carea' id='block_1_104' title="bbox 3010 5229 3471 5293">
    <p class='ocr_par' dir='ltr' id='par_1_104' title="bbox 3010 5229 3471 5293">
     <span class='ocr_line' id='line_1_104' title="bbox 3010 5229 3471 5293; baseline -0.007 -7"><span class='ocrx_word' id='word_1_844' title='bbox 3010 5247 3033 5273; x_wconf 73' lang='grc' dir='ltr'>κ</span> <span class='ocrx_word' id='word_1_845' title='bbox 3062 5231 3220 5285; x_wconf 83' lang='lat' dir='ltr'><strong>Joan.</strong></span> <span class='ocrx_word' id='word_1_846' title='bbox 3259 5246 3351 5293; x_wconf 87' lang='lat' dir='ltr'><strong>xv,</strong></span> <span class='ocrx_word' id='word_1_847' title='bbox 3380 5229 3471 5284; x_wconf 69' lang='lat'><strong>26.</strong></span> 
     </span>
    </p>
   </div>
   <div class='ocr_carea' id='block_1_105' title="bbox 2033 5236 3454 5357">
    <p class='ocr_par' dir='ltr' id='par_1_105' title="bbox 2033 5236 3454 5357">
     <span class='ocr_line' id='line_1_105' title="bbox 2033 5236 3450 5310; baseline -0.011 -15"><span class='ocrx_word' id='word_1_848' title='bbox 2033 5252 2061 5280; x_wconf 83' lang='grc' dir='ltr'><strong>ιι</strong></span> <span class='ocrx_word' id='word_1_849' title='bbox 2092 5242 2260 5310; x_wconf 85' lang='lat' dir='ltr'><strong>Apoc.</strong></span> <span class='ocrx_word' id='word_1_850' title='bbox 2292 5256 2329 5306; x_wconf 91' lang='lat' dir='ltr'><strong>t,</strong></span> <span class='ocrx_word' id='word_1_851' title='bbox 2362 5240 2416 5296; x_wconf 76' lang='grc'>4.</span> <span class='ocrx_word' id='word_1_852' title='bbox 2496 5247 2523 5275; x_wconf 70' lang='grc' dir='ltr'><strong><em>τ</em></strong></span> <span class='ocrx_word' id='word_1_853' title='bbox 2552 5238 2694 5292; x_wconf 76' lang='lat' dir='ltr'><strong>Psal.</strong></span> <span class='ocrx_word' id='word_1_854' title='bbox 2729 5254 2804 5296; x_wconf 86' lang='lat' dir='ltr'><strong>CI.</strong></span> <span class='ocrx_word' id='word_1_855' title='bbox 2837 5236 2927 5292; x_wconf 69' lang='lat'><strong>28.</strong></span> <span class='ocrx_word' id='word_1_856' title='bbox 3010 5247 3033 5273; x_wconf 73' lang='grc' dir='ltr'>κ</span> <span class='ocrx_word' id='word_1_857' title='bbox 3062 5236 3220 5285; x_wconf 86' lang='lat' dir='ltr'><strong>Joan.</strong></span> <span class='ocrx_word' id='word_1_858' title='bbox 3259 5246 3351 5293; x_wconf 87' lang='lat' dir='ltr'><strong>xv,</strong></span> <span class='ocrx_word' id='word_1_859' title='bbox 3380 5236 3450 5281; x_wconf 66' lang='grc'><strong>26</strong></span> 
     </span>
     <span class='ocr_line' id='line_1_106' title="bbox 2033 5301 3454 5357; baseline -0.004 0"><span class='ocrx_word' id='word_1_860' title='bbox 2033 5329 2137 5357; x_wconf 80' lang='lat' dir='ltr'><strong>inn-</strong></span> <span class='ocrx_word' id='word_1_861' title='bbox 2174 5327 2219 5357; x_wconf 84' lang='lat' dir='ltr'><strong>I-</strong></span> <span class='ocrx_word' id='word_1_862' title='bbox 2248 5310 2302 5357; x_wconf 77' lang='lat'><strong>5.</strong></span> <span class='ocrx_word' id='word_1_863' title='bbox 2402 5310 2610 5357; x_wconf 69' lang='lat' dir='ltr'><strong>bﬂmn-</strong></span> <span class='ocrx_word' id='word_1_864' title='bbox 2654 5325 2729 5357; x_wconf 70' lang='grc' dir='ltr'><strong>χι.</strong></span> <span class='ocrx_word' id='word_1_865' title='bbox 2759 5308 2849 5357; x_wconf 77' lang='grc'>56.</span> <span class='ocrx_word' id='word_1_866' title='bbox 2960 5316 2982 5343; x_wconf 71' lang='grc' dir='ltr'><strong>ο</strong></span> <span class='ocrx_word' id='word_1_867' title='bbox 3013 5303 3160 5357; x_wconf 76' lang='lat' dir='ltr'><strong>Psal.</strong></span> <span class='ocrx_word' id='word_1_868' title='bbox 3213 5316 3350 5357; x_wconf 86' lang='lat' dir='ltr'><strong>CIII.</strong></span> <span class='ocrx_word' id='word_1_869' title='bbox 3385 5301 3454 5353; x_wconf 77' lang='grc'><strong>50</strong></span> 
     </span>
    </p>
   </div>
   <div class='ocr_carea' id='block_1_106' title="bbox 3059 5322 3361 5367">
    <p class='ocr_par' dir='ltr' id='par_1_106' title="bbox 3059 5322 3361 5367">
     <span class='ocr_line' id='line_1_107' title="bbox 3059 5322 3361 5367; baseline -0.01 -9"><span class='ocrx_word' id='word_1_870' title='bbox 3059 5322 3160 5358; x_wconf 77' lang='lat' dir='ltr'><strong>sat.</strong></span> <span class='ocrx_word' id='word_1_871' title='bbox 3213 5322 3307 5355; x_wconf 74' lang='lat' dir='ltr'><strong>um</strong></span> <span class='ocrx_word' id='word_1_872' title='bbox 3334 5340 3361 5367; x_wconf 23' lang='grc' dir='ltr'>,ν</span> 
     </span>
    </p>
   </div>
   <div class='ocr_carea' id='block_1_107' title="bbox 1905 5308 2849 5378">
    <p class='ocr_par' dir='ltr' id='par_1_107' title="bbox 1905 5308 2849 5378">
     <span class='ocr_line' id='line_1_108' title="bbox 1905 5308 2849 5378; baseline -0.007 -11"><span class='ocrx_word' id='word_1_873' title='bbox 1905 5318 1954 5351; x_wconf 76' lang='grc' dir='ltr'>ιι·</span> <span class='ocrx_word' id='word_1_874' title='bbox 1980 5308 2151 5367; x_wconf 67' lang='lat' dir='ltr'><strong>Joau.</strong></span> <span class='ocrx_word' id='word_1_875' title='bbox 2174 5327 2220 5378; x_wconf 91' lang='lat' dir='ltr'><strong>t,</strong></span> <span class='ocrx_word' id='word_1_876' title='bbox 2248 5310 2302 5364; x_wconf 77' lang='lat'><strong>5.</strong></span> <span class='ocrx_word' id='word_1_877' title='bbox 2402 5311 2434 5350; x_wconf 65' lang='grc' dir='ltr'>δ</span> <span class='ocrx_word' id='word_1_878' title='bbox 2454 5310 2610 5363; x_wconf 70' lang='lat' dir='ltr'><strong>Rom.</strong></span> <span class='ocrx_word' id='word_1_879' title='bbox 2654 5325 2729 5373; x_wconf 90' lang='lat' dir='ltr'><strong>xt,</strong></span> <span class='ocrx_word' id='word_1_880' title='bbox 2759 5308 2849 5362; x_wconf 77' lang='grc'><strong>56.</strong></span> 
     </span>
    </p>
   </div>
   <div class='ocr_carea' id='block_1_108' title="bbox 1500 5518 2185 5577">
    <p class='ocr_par' dir='ltr' id='par_1_108' title="bbox 1500 5518 2185 5577">
     <span class='ocr_line' id='line_1_109' title="bbox 1500 5518 2185 5577; baseline 0 -2"><span class='ocrx_word' id='word_1_881' title='bbox 1500 5519 1739 5575; x_wconf 64' lang='lat' dir='ltr'><strong>VARUS</strong></span> <span class='ocrx_word' id='word_1_882' title='bbox 1774 5518 2185 5577; x_wconf 81' lang='lat' dir='ltr'><strong>LECTIONES.</strong></span> 
     </span>
    </p>
   </div>
   <div class='ocr_carea' id='block_1_109' title="bbox 280 5648 3473 5762">
    <p class='ocr_par' dir='ltr' id='par_1_109' title="bbox 280 5648 3473 5762">
     <span class='ocr_line' id='line_1_110' title="bbox 280 5648 3473 5762; baseline -0.005 -14"><span class='ocrx_word' id='word_1_883' title='bbox 280 5693 326 5724; x_wconf 80' lang='lat'><strong>“</strong></span> <span class='ocrx_word' id='word_1_884' title='bbox 354 5687 809 5762; x_wconf 45' lang='grc' dir='ltr'>βλασφημεῖνηῐῗ.</span> <span class='ocrx_word' id='word_1_885' title='bbox 839 5688 905 5762; x_wconf 78' lang='grc' dir='ltr'><strong>ι).</strong></span> <span class='ocrx_word' id='word_1_886' title='bbox 934 5705 1040 5762; x_wconf 89' lang='lat' dir='ltr'><strong>no_n</strong></span> <span class='ocrx_word' id='word_1_887' title='bbox 1073 5689 1240 5762; x_wconf 72' lang='lat' dir='ltr'><strong>habet</strong></span> <span class='ocrx_word' id='word_1_888' title='bbox 1264 5688 1321 5744; x_wconf 90' lang='lat' dir='ltr'><strong>S.</strong></span> <span class='ocrx_word' id='word_1_889' title='bbox 1350 5689 1457 5762; x_wconf 88' lang='lat' dir='ltr'><strong>Ch_</strong></span> <span class='ocrx_word' id='word_1_890' title='bbox 1479 5689 1523 5723; x_wconf 72' lang='grc'>⁸³</span> <span class='ocrx_word' id='word_1_891' title='bbox 1550 5690 1681 5762; x_wconf 68' lang='grc' dir='ltr'><strong>τῆς.Δ</strong></span> <span class='ocrx_word' id='word_1_892' title='bbox 1749 5692 1792 5722; x_wconf 73' lang='grc'><strong>⁸⁸</strong></span> <span class='ocrx_word' id='word_1_893' title='bbox 1820 5690 1896 5754; x_wconf 84' lang='grc' dir='ltr'>ὡς</span> <span class='ocrx_word' id='word_1_894' title='bbox 1923 5688 2104 5762; x_wconf 41' lang='grc' dir='ltr'>αὑ-τὸς,</span> <span class='ocrx_word' id='word_1_895' title='bbox 2135 5687 2195 5762; x_wconf 60' lang='grc' dir='ltr'>Β.</span> <span class='ocrx_word' id='word_1_896' title='bbox 2222 5687 2278 5741; x_wconf 88' lang='grc' dir='ltr'><strong>ι).</strong></span> <span class='ocrx_word' id='word_1_897' title='bbox 2351 5687 2409 5762; x_wconf 33' lang='grc'><strong>,⁸⁸</strong></span> <span class='ocrx_word' id='word_1_898' title='bbox 2434 5648 2708 5762; x_wconf 46' lang='lat' dir='ltr'><strong>etp-71.60am</strong></span> <span class='ocrx_word' id='word_1_899' title='bbox 2738 5683 2801 5737; x_wconf 85' lang='lat' dir='ltr'><strong>D.</strong></span> <span class='ocrx_word' id='word_1_900' title='bbox 2837 5681 2938 5761; x_wconf 57' lang='lat' dir='ltr'><strong>Ch:</strong></span> <span class='ocrx_word' id='word_1_901' title='bbox 3012 5680 3055 5711; x_wconf 82' lang='grc'><strong>⁸⁷</strong></span> <span class='ocrx_word' id='word_1_902' title='bbox 3081 5674 3473 5762; x_wconf 40' lang='grc' dir='ltr'>πειριγρςιψειινέ</span> 
     </span>
    </p>
   </div>
   <div class='ocr_carea' id='block_1_110' title="bbox 208 5749 3477 5833">
    <p class='ocr_par' dir='ltr' id='par_1_110' title="bbox 208 5749 3477 5833">
     <span class='ocr_line' id='line_1_111' title="bbox 208 5749 3477 5833; baseline -0.006 -16"><span class='ocrx_word' id='word_1_903' title='bbox 208 5782 288 5826; x_wconf 70' lang='grc' dir='ltr'><strong>το,</strong></span> <span class='ocrx_word' id='word_1_904' title='bbox 322 5749 377 5815; x_wconf 71' lang='grc' dir='ltr'>ύ.</span> <span class='ocrx_word' id='word_1_905' title='bbox 463 5749 803 5833; x_wconf 37' lang='grc' dir='ltr'>φῖτᾶὑταδέ,</span> <span class='ocrx_word' id='word_1_906' title='bbox 838 5761 905 5833; x_wconf 82' lang='lat' dir='ltr'><strong>P._</strong></span> <span class='ocrx_word' id='word_1_907' title='bbox 924 5759 1082 5833; x_wconf 75' lang='grc' dir='ltr'>τοῦτο</span> <span class='ocrx_word' id='word_1_908' title='bbox 1104 5759 1181 5825; x_wconf 80' lang='grc' dir='ltr'>δέ,</span> <span class='ocrx_word' id='word_1_909' title='bbox 1209 5760 1264 5815; x_wconf 91' lang='lat' dir='ltr'><strong>S.</strong></span> <span class='ocrx_word' id='word_1_910' title='bbox 1304 5762 1352 5833; x_wconf 54' lang='grc' dir='ltr'><strong>ξ’</strong></span> <span class='ocrx_word' id='word_1_911' title='bbox 1378 5763 1407 5814; x_wconf 86' lang='grc' dir='ltr'>ὁ</span> <span class='ocrx_word' id='word_1_912' title='bbox 1429 5757 1539 5833; x_wconf 33' lang='grc' dir='ltr'>ἦνε</span> <span class='ocrx_word' id='word_1_913' title='bbox 1590 5749 1644 5792; x_wconf 56' lang='grc'><em>⁷’⁰’</em></span> <span class='ocrx_word' id='word_1_914' title='bbox 1663 5749 1941 5833; x_wconf 74' lang='grc' dir='ltr'>θεαρχίαν,</span> <span class='ocrx_word' id='word_1_915' title='bbox 1973 5759 2029 5814; x_wconf 88' lang='lat' dir='ltr'><strong>S.</strong></span> <span class='ocrx_word' id='word_1_916' title='bbox 2062 5749 2121 5814; x_wconf 65' lang='grc' dir='ltr'>Ρ.</span> <span class='ocrx_word' id='word_1_917' title='bbox 2152 5758 2449 5833; x_wconf 74' lang='grc' dir='ltr'>ζωαρχίαν,</span> <span class='ocrx_word' id='word_1_918' title='bbox 2479 5749 2581 5833; x_wconf 62' lang='lat' dir='ltr'><strong>Ch_.</strong></span> <span class='ocrx_word' id='word_1_919' title='bbox 2609 5824 2632 5833; x_wconf 33' lang='grc' dir='ltr'><strong>Α</strong></span> <span class='ocrx_word' id='word_1_920' title='bbox 2658 5755 2703 5786; x_wconf 76' lang='grc' dir='ltr'>’ί</span> <span class='ocrx_word' id='word_1_921' title='bbox 2734 5751 2963 5833; x_wconf 50' lang='grc' dir='ltr'>ποσαχιξγ</span> <span class='ocrx_word' id='word_1_922' title='bbox 2990 5766 3112 5815; x_wconf 79' lang='grc' dir='ltr'>που,</span> <span class='ocrx_word' id='word_1_923' title='bbox 3284 5749 3325 5780; x_wconf 76' lang='grc'><strong>⁷³</strong></span> <span class='ocrx_word' id='word_1_924' title='bbox 3348 5749 3477 5833; x_wconf 57' lang='lat' dir='ltr'><strong>ora?</strong></span> 
     </span>
    </p>
   </div>
   <div class='ocr_carea' id='block_1_111' title="bbox 213 5818 3473 5912">
    <p class='ocr_par' dir='ltr' id='par_1_111' title="bbox 213 5818 3473 5912">
     <span class='ocr_line' id='line_1_112' title="bbox 213 5818 3473 5912; baseline -0.004 -24"><span class='ocrx_word' id='word_1_925' title='bbox 340 5833 381 5886; x_wconf 84' lang='lat' dir='ltr'><strong>D</strong></span> <span class='ocrx_word' id='word_1_926' title='bbox 474 5832 530 5912; x_wconf 54' lang='grc' dir='ltr'><strong>ξ’</strong></span> <span class='ocrx_word' id='word_1_927' title='bbox 546 5830 641 5885; x_wconf 81' lang='grc' dir='ltr'>τοῦ</span> <span class='ocrx_word' id='word_1_928' title='bbox 670 5818 1474 5912; x_wconf 43' lang='grc' dir='ltr'>Λόγουλδη-λονότιίειιΙῄιιιιειὶ</span> <span class='ocrx_word' id='word_1_929' title='bbox 1515 5831 1577 5888; x_wconf 88' lang='lat' dir='ltr'><strong>D.</strong></span> <span class='ocrx_word' id='word_1_930' title='bbox 1620 5818 1833 5904; x_wconf 54' lang='lat' dir='ltr'><strong>quod&#39;t?</strong></span> <span class='ocrx_word' id='word_1_931' title='bbox 1852 5818 2184 5903; x_wconf 70' lang='lat' dir='ltr'><strong>glossemate</strong></span> <span class='ocrx_word' id='word_1_932' title='bbox 2217 5818 2457 5900; x_wconf 70' lang='lat' dir='ltr'><strong>irrepsit.</strong></span> <span class='ocrx_word' id='word_1_933' title='bbox 2535 5827 2582 5858; x_wconf 73' lang='grc'><strong>⁷⁸</strong></span> <span class='ocrx_word' id='word_1_934' title='bbox 2606 5818 2965 5912; x_wconf 53' lang='grc' dir='ltr'><strong>δωρειῖινεἯ⁵</strong></span> <span class='ocrx_word' id='word_1_935' title='bbox 3014 5818 3354 5891; x_wconf 76' lang='grc' dir='ltr'>προτὲνεστι,</span> <span class='ocrx_word' id='word_1_936' title='bbox 3411 5819 3473 5874; x_wconf 76' lang='grc' dir='ltr'>υ.</span> 
     </span>
    </p>
   </div>
   <div class='ocr_carea' id='block_1_112' title="bbox 214 5901 1046 5979">
    <p class='ocr_par' dir='ltr' id='par_1_112' title="bbox 214 5901 1046 5979">
     <span class='ocr_line' id='line_1_113' title="bbox 214 5901 1046 5979; baseline 0.004 -24"><span class='ocrx_word' id='word_1_937' title='bbox 214 5901 717 5979; x_wconf 61' lang='grc' dir='ltr'>ίίξείχειρήσωμεν,</span> <span class='ocrx_word' id='word_1_938' title='bbox 747 5901 803 5956; x_wconf 79' lang='lat' dir='ltr'><strong>S.</strong></span> <span class='ocrx_word' id='word_1_939' title='bbox 833 5902 893 5956; x_wconf 83' lang='lat' dir='ltr'><strong>P.</strong></span> <span class='ocrx_word' id='word_1_940' title='bbox 924 5902 1046 5958; x_wconf 58' lang='grc' dir='ltr'>ὅσι’.</span> 
     </span>
    </p>
   </div>
  </div>
