3752 6294
312 394 423 450 639

1514 392 1573 449 S.
1608 392 1908 451 DIONYSII
1938 394 2400 453 ΑΒΕΟΡΑΕΙΤᾸΞ

3471 400 3574 459 διο

315 513 612 583 quamdam
636 510 1007 571 introducere.
1024 523 1105 563 na:
1128 509 1196 572 is.
1221 520 1413 567 nostro
1434 510 1660 579 judicio,
1688 511 1893 580 ejusce-

2072 515 2164 577 ιεῖς
2193 512 2315 566 οὔτε
2348 513 2509 567 αὑτὸν
2535 515 2578 545 ⁷⁷
2604 512 2826 584 οἰόμεθα
2864 513 3072 569 πείθειν
3096 516 3303 580 ἱκανὸν,
3336 516 3414 581 ὡς
3436 518 3602 572 ἔστιν’

318 606 463 659 modi
488 603 804 671 olijet-tionis
818 602 1100 656 veritatem
1120 603 1351 671 probare
1375 618 1647 671 nunquam
1677 602 1893 671 poterit.

318 698 453 752 Nam
498 696 658 766 317
687 695 734 747 si
778 694 902 747 talis
935 694 1116 763 sitqui
1140 696 1365 750 omnino
1388 696 1561 750 sacris
1587 695 1788 750 litteris
1814 710 1899 749 re-

316 792 501 851 sistat,
532 804 559 841 a
589 786 924 856 philosophia
954 800 1167 855 quoque
1189 800 1371 841 nostra
1394 787 1580 857 procul
1607 788 1897 843 admodum

317 880 494 935 aberit
549 898 563 934 :
614 889 668 933 et
711 881 812 934 nisi
854 878 927 932 illi
964 895 1109 933 cura:
1142 878 1216 932 sit
1256 879 1436 933 divina
1472 895 1751 935 sacrarum
1806 880 1898 934 lit-

319 983 561 1027 terarum
609 970 877 1040 sapientia
908 1010 923 1033 ,
981 971 1251 1039 quomodo
1300 970 1454 1026 nobis
1497 986 1641 1026 cura:
1686 971 1795 1028 erit
1840 980 1901 1025 ιιι

318 1064 495 1135 ipsum
561 1065 628 1118 ad
676 1063 958 1119 scientiam
1016 1064 1369 1134 theologicam
1431 1064 1897 1120 mannducamus?

318 1158 417 1214 Sin
460 1157 807 1225 eloquiorum
839 1155 1057 1211 veritati
1097 1158 1363 1222 attendat,
1392 1171 1491 1211 nos
1522 1157 1626 1212 ista
1677 1172 1895 1227 quoque

318 1250 509 1320 regula
538 1250 765 1318 lui-eque
793 1247 940 1310 freti.
972 1247 1039 1301 ad
1068 1247 1395 1304 reddendam
1441 1262 1542 1319 pro
1569 1248 1779 1303 viribus
1808 1264 1895 1303 ra-

319 1342 521 1397 tionem
554 1342 672 1397 sine
724 1340 1175 1412 tergiversatione
1219 1341 1653 1409 pmperabimus,
1706 1340 1896 1395 dicen-

318 1443 434 1495 tes,
485 1434 819 1504 theologiam
862 1433 1081 1502 quidem
1148 1431 1404 1488 nonnulla
1453 1431 1743 1501 copulatim
1786 1440 1898 1485 tra-

316 1525 472 1590 dere,
496 1526 741 1595 qntedam
774 1538 905 1579 vero
936 1522 1225 1587 distincte;
1261 1536 1433 1592 neque
1472 1520 1557 1575 fas
1580 1534 1702 1575 esse
1727 1535 1895 1590 copu-

318 1616 431 1671 lata
494 1616 851 1687 disjungere,
902 1629 1004 1670 nec
1064 1614 1319 1670 distincta
1379 1612 1755 1677 confundere,
1799 1613 1896 1666 sed

319 1710 626 1778 Scripturis
687 1710 989 1765 insistenth
1039 1724 1137 1778 pro
1187 1707 1331 1762 virili
1401 1706 1467 1760 ad
1513 1704 1726 1760 divinos
1776 1718 1897 1759 esse

318 1805 637 1875 splendores
668 1805 1047 1874 aspirandum;
1097 1802 1353 1873 quoniam
1382 1802 1507 1856 inde
1549 1800 1761 1856 divinas
1802 1815 1895 1855 ex-

2000 604 2225 678 ἀληθής.
2243 607 2305 659 El
2334 607 2434 678 μὲν
2460 607 2569 679 γάρ
2595 606 2710 659 ὲστί
2739 623 2824 669 τις
2851 607 2989 671 ὅλως
3022 609 3052 659 ό
3088 611 3202 671 τοῖς
3224 607 3430 676 λογίοις
3460 611 3576 663 ἀντε

1998 698 2379 767 ανιστάμενος,
2422 699 2612 771 πόρρω
2656 715 2755 752 που
2783 698 3004 762 παντως
3032 699 3182 752 ἔσται
3211 700 3305 753 καὶ
3326 701 3432 771 τῆς
3461 701 3576 754 καθ’

1997 786 2146 853 ἡμᾶς
2180 783 2495 855 φιλοσοφίας
2554 786 2649 840 καὶ
2678 786 2725 838 εί
2755 786 2829 858 μὴ
2855 788 2955 859 τῆς
2981 790 3045 842 ὲκ
3078 788 3187 842 τῶν
3211 788 3412 858 λογίων
3437 791 3577 862 αύτῷ

2001 875 2285 945 θεοσοφίας
2327 877 2501 947 μέλει,
2536 878 2654 943 πῶς
2681 880 2747 934 ἂν
2782 882 2916 950 ἡμῖν
2956 880 3182 952 μελήσει
3214 883 3316 952 τῆς
3358 883 3453 935 ἐπὶ
3484 883 3576 954 τὴν

1998 964 2318 1040 θεολογικὴν
2352 970 2664 1041 ἐπιστήμην
2694 970 2859 1024 αὐτοῦ
2885 972 3285 1043 χειραγωγίαςς
3322 975 3387 1026 Ei
3423 975 3479 1028 δὲ
3503 979 3578 1041 είς

1995 1060 2095 1133 τὴν
2132 1060 2238 1116 τῶν
2272 1061 2466 1131 λογίων
2509 1063 2555 1095 ⁷⁸
2598 1063 2855 1135 ἀλήθειαν
2898 1065 3232 1131 ἀποσκοπεῖ,
3269 1066 3448 1138 τούτῳ
3489 1069 3579 1122 καὶ

1996 1152 2160 1222 ἡμεῖς
2185 1152 2369 1206 κανόνι
2396 1153 2490 1207 καὶ
2515 1154 2653 1223 φωτὶ
2682 1154 2726 1187 ⁷⁸
2756 1152 3027 1225 χρώμενοι
3067 1156 3204 1229 πρὸς
3246 1158 3348 1230 τὴν
3390 1159 3579 1213 ἀπολο-

1996 1243 2142 1310 γίαν,
2167 1243 2243 1309 ὡς
2267 1238 2369 1297 οἷοί
2392 1244 2452 1297 τέ
2477 1246 2664 1315 ἐσμεν,
2688 1244 2922 1311 ἀκλινῶς
2956 1245 3309 1319 βαδιούμεθα,
3349 1251 3579 1319 φάσκον-

1996 1351 2108 1400 τες,
2142 1334 2218 1399 ὡς
2244 1336 2278 1407 ἡ
2306 1336 2554 1405 θεολογία
2577 1339 2648 1391 τὰ
2674 1338 2773 1408 μὲν
2798 1338 3093 1410 ἡνωμένως
3122 1341 3482 1412 παραδίδωσι,
3512 1343 3577 1396 τά

1994 1428 2051 1481 δὲ
2075 1426 2533 1500 διακεκριμένως
2571 1430 2665 1483 καὶ
2700 1428 2821 1483 οὔτε
2846 1430 2916 1484 τά
2940 1432 3196 1503 ἡνωμένα
3226 1432 3463 1503 διαιρεῖν
3494 1434 3575 1487 θε-

1999 1518 2173 1589 μιτὸν,
2200 1517 2325 1571 οὔτε
2349 1518 2418 1571 τὰ
2438 1518 2829 1592 διακεκριμένα
2858 1524 3077 1591 συγχεῖν
3095 1538 3111 1553 ·
3140 1522 3257 1576 ἀλλ’
3282 1524 3577 1595 ἑπομένους

1996 1610 2134 1681 αὐτῇ
2162 1610 2303 1664 κατά
2327 1610 2576 1682 δύναμιν,
2605 1613 2697 1665 ἐπὶ
2727 1610 2828 1676 τὰς
2851 1612 3003 1677 θείας
3044 1614 3420 1687 μαρμαρυγὰς
3454 1616 3576 1669 ἀνα-

1995 1702 2198 1756 νεύειν·
2225 1704 2318 1757 καὶ
2343 1704 2451 1777 γάρ
2477 1704 2683 1758 ἐκεῖθεν
2707 1704 2808 1769 τάς
2833 1704 2985 1770 θείας
3011 1708 3376 1779 ὲκφαντορίας
3400 1725 3574 1780 παρα-

1995 1794 2270 1860 λαϐόντες,
2295 1795 2483 1867 ὥσπερ
2506 1794 2627 1849 τινὰ
2660 1797 2861 1850 κανόνα
2893 1797 3176 1853 κάλλιστον
3210 1799 3491 1870 ἀληθείας,
3512 1800 3575 1853 τὰ

320 1900 665 1969 planatinnes
714 1914 812 1955 ceu
861 1898 1151 1967 quamdam
1200 1896 1448 1950 veritatis
1493 1895 1735 1965 regulam
1779 1894 1893 1966 pul-

2072 1891 2116 1941 εἰ
2164 1889 2390 1959 κείμενα
2456 1892 2715 1961 φρουρεῖν
2758 1891 2818 1943 ὲν
2860 1892 3075 1957 ἑαυτοῖς
3120 1892 3443 1963 ἀπλήθυντα
3490 1894 3578 1946 καὶ

318 1990 690 2053 cherrimam,
754 1989 1079 2059 accipimus,
1142 1986 1269 2041 dum
1335 2001 1455 2056 qua:
1500 1986 1573 2040 ibi
1626 1994 1753 2040 sunt
1807 2000 1897 2041 re-

316 2080 567 2145 condita,
595 2078 728 2134 nihil
775 2078 1047 2144 addendo,
1081 2077 1215 2133 nihil
1267 2076 1587 2144 minuendo,
1616 2076 1753 2131 nihil
1780 2091 1903 2146 per-

318 2172 622 2238 vertendo,
676 2173 731 2227 in
804 2171 1208 2241 nobismetipsis
1255 2184 1584 2225 conservare
1652 2169 1901 2230 nitimur,

2000 1982 2247 2053 ἀμείωτα
2272 1984 2366 2037 καὶ
2389 1983 2786 2056 ἀπαράτρεπτα
2814 1986 3135 2057 σπεύδομεν,
3165 1986 3225 2040 ὲν
3258 1988 3328 2058 τῇ
3372 1987 3579 2058 φρουρᾷ

2000 2075 2110 2128 τῶν
2130 2075 2326 2144 λογίων
2341 2074 2731 2147 φρουρούμενοι
2759 2077 2856 2130 καὶ
2877 2077 3013 2149 πρὸς
3035 2078 3217 2132 αὐτῶν
3251 2078 3411 2143 είςτὸ
3427 2095 3577 2149 φρου-

2008 2168 2232 2241 ροῦντας
2257 2167 2394 2222 αὑτά
2420 2168 2771 2241 φρουρεῖσθαι
2792 2170 3208 2243 δυναμούμενοι.

319 2280 482 2340 atque
530 2269 628 2339 ipsi
672 2270 891 2324 interim
945 2268 1281 2337 eloquiorum
1330 2263 1580 2321 custodia
1638 2276 2053 2330 conservamur,
2084 2277 2185 2317 nec
2236 2276 2343 2318 non
2394 2264 2463 2319 ab
2511 2262 2702 2318 iisdem
2744 2262 2812 2317 ad
2838 2278 3027 2319 eorum
3070 2266 3461 2323 observatores
3490 2268 3577 2323 de-

320 2360 618 2418 fendendos
645 2362 791 2417 vires
824 2362 1154 2432 accipimus.

1838 2469 1866 2543 ς
1899 2466 2012 2529 ιιι.

389 2618 620 2673 Nomina
656 2619 839 2690 itaque
881 2617 1134 2688 copulata
1167 2616 1221 2672 in
1250 2632 1417 2672 unum
1455 2618 1508 2672 in
1542 2624 1655 2673 tota
1694 2615 1893 2671 divini-

321 2719 454 2776 tate,
486 2720 544 2766 ut
595 2712 649 2765 in
701 2712 1019 2784 theologicis
1066 2710 1545 2766 inl'ormationibus
1580 2708 1789 2779 prolixe
1826 2724 1892 2763 ex

322 2805 621 2874 Scripturis
677 2808 851 2861 sacris
900 2807 1412 2871 demonstravimus,
1477 2813 1645 2868 sunt,
1701 2817 1897 2872 supra-

321 2914 485 2966 quam
536 2901 728 2965 bonus,
766 2914 1097 2969 supraquam
1155 2901 1314 2965 Dens,
1365 2912 1697 2968 supraquam
1762 2898 1894 2951 sub-

321 2992 566 3055 stantia,
616 3008 947 3063 supraquam
1004 2995 1214 3057 vivens,
1264 3007 1595 3061 supraquam
1653 2988 1895 3059 sapiens,

317 3092 375 3135 ct
406 3098 745 3153 quacunque
767 3094 895 3139 sunt
923 3084 1213 3140 ablationis
1238 3084 1535 3139 secundum
1562 3098 1898 3153 exsuperan-

322 3174 487 3240 tiam;
521 3189 644 3229 cum
672 3176 870 3245 quibus
904 3186 1261 3231 numerantur
1283 3182 1464 3231 omnia
1494 3192 1615 3246 qua:
1641 3178 1709 3230 ad
1738 3178 1897 3232 ratio-

2072 2607 2155 2664 Τά
2189 2608 2286 2679 μὲν
2319 2600 2411 2661 οὖν
2443 2607 2697 2679 ἡνωμένα
2736 2607 2835 2680 τῆς
2861 2606 2989 2677 ὅλης
3017 2606 3266 2679 θεότητός
3307 2610 3480 2675 ἐστιν,
3507 2612 3577 2675 ὡς

1944 2738 1961 2755 .
2001 2702 2059 2755 ἑν
2086 2704 2207 2764 ταῖς
2237 2699 2570 2768 θεολογικαῖς
2599 2700 2983 2753 ύποτυπώσεσι
3001 2699 3089 2753 διά
3108 2700 3372 2755 πλειόνων
3394 2704 3459 2756 ὲκ
3476 2704 3577 2757 τῶν

2000 2794 2197 2862 λογίων
2243 2793 2623 2865 ἀπεδείξαμεν,
2674 2793 2734 2846 τὸ
2775 2792 3141 2864 ύπεράγαθον,
3186 2793 3248 2846 τὸ
3294 2794 3577 2866 ὑπέρθεον,

2001 2886 2061 2940 τὸ
2090 2886 2433 2958 ύπερούσιον,
2464 2886 2526 2939 τὸ
2553 2884 2852 2957 ύπέρζωον,
2894 2886 2957 2939 τὸ
2991 2886 3323 2959 ὑπέρσοφον,
3356 2890 3453 2942 καὶ
3485 2890 3579 2942 ὅσα

2002 2979 2102 3050 τῆς
2143 2978 2471 3050 ύπεροχικῆς
2514 2979 2660 3031 ἐστιν
2699 2979 3066 3050 ἀφαιρέσεωςο
3103 2978 3222 3048 μεθ’
3259 2974 3337 3033 ὧν
3381 2981 3478 3033 καὶ
3517 2980 3580 3032 τὰ

2002 3072 2338 3141 αἰτιολογικά
2384 3072 2583 3136 πάντα,
2612 3070 2673 3124 τὸ
2717 3070 2942 3140 ἀγαθὸν,
2979 3070 3041 3124 τὸ
3085 3071 3268 3135 καλὸν,
3310 3073 3374 3125 τὸ
3418 3073 3497 3135 ὃν,
3524 3072 3581 3125 τὸ

2004 3166 2290 3235 ζωογόνον,
2328 3164 2389 3218 τὸ
2432 3164 2614 3234 σοφὸν,
2646 3163 2739 3216 καὶ
2780 3163 2879 3216 ὅσα
2923 3163 2988 3217 ἐκ
3028 3162 3135 3216 τῶν
3179 3164 3579 3235 ἀγαθοπρεπῶν

321 3280 444 3320 nem
474 3281 653 3319 causa:
683 3268 982 3336 pertinent,
1009 3268 1235 3331 bonum,
1260 3268 1569 3336 pulchrum,
1600 3268 1893 3332 exsistens,

2076 3262 2172 3332 τῆς
2198 3259 2435 3330 δωρεῶν,
2467 3259 2500 3330 ἡ
2532 3257 2748 3311 πάντων
2781 3255 3002 3325 ἀγαθῶν
3036 3256 3185 3310 αίτία
3211 3257 3579 3329 κατονομάζε-

320 3358 624 3422 viviﬁcum,
650 3360 892 3428 sapiens,
919 3369 974 3413 et
996 3374 1339 3429 quaecunque
1362 3368 1574 3414 suntex
1599 3359 1760 3414 donis
1782 3358 1893 3428 ejus

2073 3371 2091 3406 ι
2113 3370 2127 3385 ·
2152 3352 2221 3405 τὰ
2240 3352 2297 3405 δὲ
2318 3350 2727 3422 διακεκριμένα,
2744 3348 2805 3401 τὸ
2829 3348 3042 3420 Πατρὸς
3059 3350 3105 3381 ⁵⁸
3127 3350 3456 3420 ὑπερούσιον
3474 3351 3581 3403 δνο-

321 3466 443 3519 qua!
493 3451 790 3505 bonitatem
839 3450 957 3518 ejus
999 3453 1215 3515 decent,
1249 3466 1277 3503 a
1308 3452 1508 3520 quibus
1534 3452 1777 3508 omnium
1807 3453 1893 3507 bo-

2072 3462 2083 3498 ι
2110 3446 2204 3499 καὶ
2228 3443 2440 3516 χρῆμα,
2471 3444 2566 3497 καὶ
2588 3442 2739 3506 Υίοῡ,
2771 3442 2866 3494 καὶ
2897 3441 3297 3512 Πνεύματοςθί,
3333 3442 3581 3512 οὐδεμιᾶς

323 3559 711 3599 nornm'causa
755 3545 1088 3599 nominatur.
1124 3545 1366 3599 Discreta
1411 3560 1540 3601 vero
1570 3554 1695 3601 sunt
1726 3544 1893 3601 Patris

2086 3537 2293 3599 τούτοις
2316 3533 2700 3607 ἀπιπροφῆς,
2735 3533 2767 3603 ἢ
2795 3532 2931 3596 ὅλως
2959 3534 3269 3604 κοινότητος
3299 3535 3581 3601 ἐπεισαγο-

323 3637 847 3706 suprasubstantiale
873 3652 1087 3704 nomen,
1114 3647 1170 3691 et
1194 3652 1305 3699 res,
1332 3648 1387 3694 et
1412 3637 1557 3706 Filii,
1580 3649 1637 3694 et
1665 3638 1893 3708 Spiritus

2072 3646 2192 3699 ,v-qq.
2219 3630 2374 3682 Ἔστι
2414 3628 2472 3682 δὲ
2504 3624 2657 3691 αὖθις
2686 3626 2823 3698 πρὸς
2839 3625 3013 3697 τούτῳ
3028 3626 3073 3658 ⁸³
3101 3626 3516 3699 διακεκριμένον
3547 3629 3579 3697 ἡ

323 3730 525 3794 sancti,
560 3730 700 3784 nulla
754 3729 807 3784 in
855 3730 939 3784 his
989 3729 1132 3784 facta
1182 3731 1629 3799 reciprocatione,
1658 3746 1761 3787 nec
1793 3730 1893 3786 ulla

2072 3721 2125 3775 θ’
2153 3722 2300 3793 ἡμᾶς
2337 3720 2512 3792 Ἰησοῦ
2538 3718 2801 3790 παντελὴς
2832 3719 2927 3771 καὶ
2949 3718 3306 3783 ἀναλλοίωτος
3330 3718 3579 3791 ὖπαρξις,

324 3837 547 3890 prorsus
572 3823 960 3877 communitate
1012 3822 1345 3879 introducta.
1375 3822 1471 3878 Est
1498 3834 1757 3891 praeterea
1788 3826 1893 3881 dis-

2072 3815 2101 3867 .l.
2137 3814 2238 3867 ὅσα
2280 3813 2381 3884 τῆς
2421 3814 2542 3867 κατ’
2564 3813 2735 3884 αὑτήν
2767 3813 2884 3865 ἐστι
2922 3811 3334 3884 φιλανθρωπίας
3354 3812 3577 3883 ούσιὼδη

327 3926 473 3969 creta
504 3930 568 3969 ac
593 3916 875 3979 distincta,
906 3916 1170 3985 perfecta,
1206 3916 1349 3971 sicut
1387 3917 1440 3970 in
1472 3918 1649 3984 nobis,
1680 3928 1736 3972 et
1792 3919 1893 3972 im-
2010 3907 2302 3979 μυστήρια·

330 4010 611 4063 mutabilis
637 4009 765 4065 Jesu
796 4008 1053 4070 essentia.
1086 4018 1143 4063 et
1173 4024 1513 4080 quaacunque
1539 4022 1665 4066 sunt
1698 4023 1902 4083 ntySIe-

338 4099 418 4155 ria
454 4102 839 4159 substantialia
869 4103 1226 4161 humanitatis
1258 4101 1396 4171 ejus.

1863 4242 1891 4317 ς
1925 4241 2033 4302 tv.

397 4380 649 4438 Arbitror
675 4390 855 4439 autem
884 4387 1161 4457 eapedire,
1187 4396 1245 4442 ιιι
1276 4389 1519 4444 nonnihil
1547 4390 1712 4448 altius
1742 4405 1893 4448 resu-

2074 4387 2194 4462 Χρὴ
2240 4388 2317 4452 δὲ,
2360 4389 2437 4452 ὼς
2475 4384 2650 4461 οἶμαι,
2690 4387 2887 4461 μᾶλλον
2918 4386 3288 4451 ἀναλαϐόντας
3327 4389 3473 4459 ἡμᾶς
3498 4387 3582 4438 τὸν

328 4476 526 4530 mendo
555 4474 991 4544 perfectissimus
1021 4479 1111 4536 ille
1138 4480 1335 4536 divina:
1366 4483 1584 4539 unionis
1610 4499 1675 4539 ac
1703 4484 1893 4539 distin-

2072 4480 2247 4553 ιντελῆ
2278 4480 2381 4551 τῆς
2414 4480 2564 4545 θείας
2594 4479 2839 4545 ὲνώσεώς
2862 4497 2923 4534 τε
2956 4481 3050 4533 καὶ
3084 4479 3412 4551 διακρίσεως
3440 4478 3586 4531 ἐκθέ-

324 4566 525 4623 ctionis
554 4570 745 4624 modus
780 4571 1122 4641 explanetur,
1150 4588 1259 4643 quo
1302 4576 1457 4630 nobis
1505 4578 1682 4634 oratio
1720 4578 1893 4631 omnis

2072 4593 2133 4628 at
2159 4575 2378 4647 τρόπον,
2398 4574 2547 4638 ὅπως
2573 4574 2639 4628 ἂν
2664 4574 2793 4644 ἡμῖν
2824 4572 3153 4636 εὐσύνοπτος
3184 4574 3213 4625 ὁ
3240 4575 3350 4637 πᾶς
3372 4572 3587 4641 ἐγγένη-

327 4658 399 4714 ita
428 4662 498 4715 sit
524 4671 733 4731 aperta,
763 4673 824 4717 ut
868 4665 1189 4721 varietatem
1222 4667 1444 4736 quidem
1468 4683 1686 4727 omnem
1714 4680 1771 4725 et
1796 4672 1901 4725 ob-

326 4752 643 4807 scuritatem
674 4755 943 4823 repudiet,
971 4756 1226 4814 distincte
1267 4771 1446 4815 autem
1487 4776 1551 4818 ac
1590 4763 1771 4833 plane,
1804 4780 1909 4818 or--

325 4844 559 4914 dineqne
588 4862 708 4916 qua:
738 4848 957 4918 propria
983 4859 1130 4918 sunt,
1162 4853 1342 4921 quoad
1370 4851 1491 4920 ejus
1538 4854 1654 4909 ﬁeri
1698 4865 1898 4925 potest,

325 4938 568 4994 deﬁniat.
594 4938 940 5013 Theologica:
971 4955 1171 5000 nostra:
1199 4948 1509 5003 traditionis
1531 4960 1787 5004 auctores
1817 4953 1902 5022 (ut.

328 5030 453 5086 alibi
479 5032 612 5101 disi)
645 5032 858 5090 divinas
902 5036 1119 5104 quidem
1175 5034 1405 5091 uniones
1448 5046 1646 5093 vocant
1688 5039 1905 5095 abditas

327 5124 460 5182 istas
512 5125 898 5183 collocationes
951 5128 1073 5196 plus
1107 5128 1589 5199 quaminell'abilis
1637 5141 1692 5186 et
1735 5148 1900 5201 supra

328 5219 546 5273 ntodum
583 5220 780 5289 ignota:
813 5221 1132 5285 mansionis,
1165 5236 1287 5291 qua:
1319 5239 1584 5292 nusquam
1619 5239 1741 5279 sese
1774 5240 1903 5295 pro-

327 5311 435 5379 dit;
466 5311 848 5368 diStinctiones
891 5329 1039 5379 vero,
1080 5314 1360 5370 beneticas
1401 5317 1491 5370 Dei
1528 5318 1906 5373 emanationes

327 5411 382 5457 et
430 5404 920 5471 manifestationes,
948 5406 1114 5477 318
1146 5408 1556 5480 assignantque,
1603 5409 1904 5477 Scriptnris

2006 4685 2098 4725 ται
2124 4668 2299 4738 λόγος,
2328 4667 2389 4721 τὸ
2419 4668 2516 4739 μὲν
2546 4667 2786 4720 ποικίλον
2818 4667 2965 4721 ἅπαν
2994 4667 3089 4719 καὶ
3112 4666 3325 4735 ἀσαφὲς
3362 4666 3585 4719 ἀπαναι-

2009 4762 2250 4833 νόμενος,
2281 4760 2632 4833 εὐδιακρίτως
2670 4760 2726 4813 δὲ
2753 4760 2847 4813 καὶ
2880 4758 3066 4827 σαφῶς
3100 4757 3193 4811 καὶ
3223 4757 3499 4818 εὐτάκτως
3524 4753 3585 4804 τὰ

2008 4857 2183 4909 οίκεία
2206 4854 2349 4908 κατά
2382 4852 2610 4924 δύναμιν
2645 4852 2933 4923 ὁροθετῶν.
2958 4850 3199 4905 Καλοῦσι
3233 4850 3344 4922 γὰρ
3360 4851 3425 4913 ⁸³,
3459 4850 3585 4916 ὅπερ

2008 4948 2104 5001 κα)⁵
2135 4949 2193 5001 ὲν
2218 4947 2425 5019 ἑτέροις
2453 4946 2611 5016 ἔφην,
2632 4945 2683 4997 οἱ
2706 4945 2805 5015 τῆς
2827 4945 2950 4999 καθ’
2977 4946 3127 5016 ἡμᾶς
3151 4943 3467 5013 θεολογικῆς
3492 4956 3586 4992 πα-

2012 5040 2278 5113 ραδόσεως
2308 5039 2629 5111 ίερομύσται
2656 5036 2755 5100 τὰς
2794 5036 2896 5108 μὲν
2932 5036 3154 5101 ἑνώσεις
3176 5036 3278 5099 τὰς
3302 5036 3471 5099 θείας,
3496 5030 3586 5093 τὰς

2007 5133 2109 5204 τῆς
2154 5134 2538 5206 ὑπεραρρήτου
2595 5130 2690 5184 καὶ
2739 5128 3165 5201 ὑπεραγνώστου
3220 5127 3583 5199 μονιμότητοςν

2009 5227 2246 5299 κρυφίας
2270 5229 2363 5281 καὶ
2385 5226 2805 5296 ἀνεκφοιτήτους
2828 5223 3210 5296 ὑπεριδρύσεις
3226 5239 3242 5252 ο
3269 5220 3370 5283 τὰς
3390 5216 3586 5287 διακρί-

2011 5335 2124 5381 σεις
2155 5318 2233 5383 δὲ,
2260 5318 2360 5384 τὰς
2385 5317 2789 5389 ἀγαθοπρεπεῖς
2812 5317 2915 5388 τῆς
2942 5316 3219 5389 θεαρχίας,
3249 5314 3503 5388 προόδους
3533 5324 3585 5361 τε

2011 5414 2105 5465 καὶ
2124 5413 2414 5483 ἐκφάνσεις
2432 5429 2446 5442 ο
2476 5411 2567 5466 καί
2596 5427 2749 5480 φασι,
2770 5414 2883 5473 τοῖς
2908 5412 3070 5481 ἱεροῖς
3093 5407 3294 5477 λογίοις
3323 5406 3586 5477 ἑπόμενοι,

1610 5617 1850 5675 VAle
1894 5619 2306 5678 LECTIONES.

399 5746 444 5776 θ’
469 5745 614 5822 ούῌδὲ
637 5747 843 5822 εαυτόν,
888 5750 944 5822 D.
975 5821 981 5822 γ
1028 5752 1071 5782 ⁷⁸
1097 5753 1204 5805 τῶν
1234 5752 1392 5805 θείων
1416 5752 1606 5822 λόγων.
1633 5756 1730 5809 Ch.

1811 5757 1855 5786 τ’
1883 5757 1975 5809 καὶ
2006 5755 2211 5824 σκοπῷ,
2239 5755 2338 5810 cn.

3426 5748 3461 5781 ⁸³
3498 5740 3581 5796 καὶ

2447 5756 2490 5786 ⁸ο
2529 5755 2588 5809 τὺ
2635 5754 2724 5809 τοῦ
2748 5752 2997 5827 Πατρός,
3032 5752 3087 5810 S.
3120 5752 3180 5809 Ρ.
3211 5753 3311 5808 Cll-

334 5814 488 5885 ἡγιου
517 5817 853 5889 Πνεύματος,
883 5821 937 5876 S.
968 5821 1025 5876 Ρ.
1057 5822 1118 5878 D.
1145 5824 1241 5879 Cb.
1320 5824 1363 5855 ⁸³
1392 5814 1618 5889 τούτοις,
1655 5824 1721 5880 Μ.
1762 5824 1909 5881 δέοι.
1990 5828 2035 5859 ⁸³
2062 5814 2276 5894 λέγουσι
2303 5828 2427 5900 γάρ,
2462 5827 2517 5881 S.
2542 5827 2597 5891 l’.
