  <div class='ocr_page' id='page_1' title='image "/cluster/home/n/w/nwhite01/storage/ocr_20150623/3/hvd.32044014713192/328.png"; bbox 0 0 3752 6294; ppageno 0'>
   <div class='ocr_carea' id='block_1_1' title="bbox 203 287 303 345">
    <p class='ocr_par' dir='ltr' id='par_1_1' title="bbox 203 287 303 345">
     <span class='ocr_line' id='line_1_1' title="bbox 203 287 303 345; baseline -0.01 0"><span class='ocrx_word' id='word_1_1' title='bbox 203 287 303 345; x_wconf 75' lang='grc' dir='ltr'>ιυιι</span> 
     </span>
    </p>
   </div>
   <div class='ocr_carea' id='block_1_2' title="bbox 1281 256 2372 357">
    <p class='ocr_par' dir='ltr' id='par_1_2' title="bbox 1281 256 2372 357">
     <span class='ocr_line' id='line_1_2' title="bbox 1281 256 2372 357; baseline -0.007 -24"><span class='ocrx_word' id='word_1_2' title='bbox 1281 278 1369 333; x_wconf 75' lang='lat' dir='ltr'><strong>os</strong></span> <span class='ocrx_word' id='word_1_3' title='bbox 1402 274 1652 334; x_wconf 79' lang='lat' dir='ltr'><strong>omms</strong></span> <span class='ocrx_word' id='word_1_4' title='bbox 1682 256 2262 336; x_wconf 76' lang='lat' dir='ltr'><strong>NOMINIBUS,CAP.</strong></span> <span class='ocrx_word' id='word_1_5' title='bbox 2305 270 2372 325; x_wconf 87' lang='grc' dir='ltr'><strong>ιι.</strong></span> 
     </span>
    </p>
   </div>
   <div class='ocr_carea' id='block_1_3' title="bbox 3371 237 3479 330">
    <p class='ocr_par' dir='ltr' id='par_1_3' title="bbox 3371 237 3479 330">
     <span class='ocr_line' id='line_1_3' title="bbox 3371 237 3479 330; baseline -0.019 0"><span class='ocrx_word' id='word_1_6' title='bbox 3371 237 3479 330; x_wconf 70' lang='grc' dir='ltr'>διε</span> 
     </span>
    </p>
   </div>
   <div class='ocr_carea' id='block_1_4' title="bbox 203 382 1685 473">
    <p class='ocr_par' dir='ltr' id='par_1_4' title="bbox 203 388 1685 473">
     <span class='ocr_line' id='line_1_4' title="bbox 203 388 1685 473; baseline -0.013 -17"><span class='ocrx_word' id='word_1_7' title='bbox 203 404 298 457; x_wconf 72' lang='grc' dir='ltr'>καὶ</span> <span class='ocrx_word' id='word_1_8' title='bbox 323 400 426 473; x_wconf 83' lang='grc' dir='ltr'><strong>τῆς</strong></span> <span class='ocrx_word' id='word_1_9' title='bbox 455 398 755 472; x_wconf 70' lang='grc' dir='ltr'><strong>εἰρημένης</strong></span> <span class='ocrx_word' id='word_1_10' title='bbox 786 396 1027 459; x_wconf 81' lang='grc' dir='ltr'>ἑνώσεως</span> <span class='ocrx_word' id='word_1_11' title='bbox 1057 394 1195 449; x_wconf 76' lang='grc' dir='ltr'><strong>ῐδια⁸</strong></span> <span class='ocrx_word' id='word_1_12' title='bbox 1224 392 1319 447; x_wconf 80' lang='grc' dir='ltr'>καὶ</span> <span class='ocrx_word' id='word_1_13' title='bbox 1350 388 1526 454; x_wconf 80' lang='grc' dir='ltr'>αὖθις,</span> <span class='ocrx_word' id='word_1_14' title='bbox 1554 389 1685 459; x_wconf 59' lang='lat' dir='ltr'><strong>ﬁgi</strong></span> 
     </span>
    </p>
   </div>
   <div class='ocr_carea' id='block_1_5' title="bbox 1988 382 3470 473">
    <p class='ocr_par' dir='ltr' id='par_1_5' title="bbox 1994 382 3470 458">
     <span class='ocr_line' id='line_1_5' title="bbox 1994 382 3470 458; baseline 0.002 -18"><span class='ocrx_word' id='word_1_15' title='bbox 1994 387 2069 440; x_wconf 92' lang='lat' dir='ltr'><strong>ris</strong></span> <span class='ocrx_word' id='word_1_16' title='bbox 2120 385 2447 445; x_wconf 85' lang='lat' dir='ltr'><strong>insistendo.</strong></span> <span class='ocrx_word' id='word_1_17' title='bbox 2486 382 2743 439; x_wconf 87' lang='lat' dir='ltr'><strong>nonnulla</strong></span> <span class='ocrx_word' id='word_1_18' title='bbox 2796 385 2953 441; x_wconf 73' lang='lat' dir='ltr'><strong>dieue</strong></span> <span class='ocrx_word' id='word_1_19' title='bbox 3000 386 3183 442; x_wconf 88' lang='lat' dir='ltr'><strong>tminui</strong></span> <span class='ocrx_word' id='word_1_20' title='bbox 3229 390 3470 458; x_wconf 81' lang='lat' dir='ltr'><strong>propria,</strong></span> 
     </span>
    </p>
   </div>
   <div class='ocr_carea' id='block_1_6' title="bbox 204 481 1789 566">
    <p class='ocr_par' dir='ltr' id='par_1_6' title="bbox 204 481 1789 566">
     <span class='ocr_line' id='line_1_6' title="bbox 204 481 1789 566; baseline -0.012 -16"><span class='ocrx_word' id='word_1_21' title='bbox 204 495 440 566; x_wconf 86' lang='grc' dir='ltr'>κρίσεως</span> <span class='ocrx_word' id='word_1_22' title='bbox 459 488 601 546; x_wconf 79' lang='grc' dir='ltr'>εἷναί</span> <span class='ocrx_word' id='word_1_23' title='bbox 624 508 778 554; x_wconf 89' lang='grc' dir='ltr'>τινας</span> <span class='ocrx_word' id='word_1_24' title='bbox 803 488 974 549; x_wconf 82' lang='grc' dir='ltr'>ίδικάς</span> <span class='ocrx_word' id='word_1_25' title='bbox 996 488 1089 541; x_wconf 75' lang='grc' dir='ltr'>καὶ</span> <span class='ocrx_word' id='word_1_26' title='bbox 1112 485 1332 548; x_wconf 78' lang='grc' dir='ltr'>ἑνώσεις</span> <span class='ocrx_word' id='word_1_27' title='bbox 1355 485 1449 537; x_wconf 73' lang='grc' dir='ltr'>καὶ</span> <span class='ocrx_word' id='word_1_28' title='bbox 1468 481 1789 553; x_wconf 75' lang='grc' dir='ltr'>διακρίσειςο</span> 
     </span>
    </p>
   </div>
   <div class='ocr_carea' id='block_1_7' title="bbox 202 573 1790 655">
    <p class='ocr_par' dir='ltr' id='par_1_7' title="bbox 202 573 1790 655">
     <span class='ocr_line' id='line_1_7' title="bbox 202 573 1790 655; baseline -0.008 -16"><span class='ocrx_word' id='word_1_29' title='bbox 202 581 312 640; x_wconf 71' lang='grc' dir='ltr'>οἷον</span> <span class='ocrx_word' id='word_1_30' title='bbox 343 585 442 638; x_wconf 68' lang='grc' dir='ltr'><strong>ἐπὶ</strong></span> <span class='ocrx_word' id='word_1_31' title='bbox 474 585 577 655; x_wconf 83' lang='grc' dir='ltr'><strong>τῆς</strong></span> <span class='ocrx_word' id='word_1_32' title='bbox 610 582 855 645; x_wconf 87' lang='grc' dir='ltr'>ένὼσεως</span> <span class='ocrx_word' id='word_1_33' title='bbox 881 580 981 651; x_wconf 87' lang='grc' dir='ltr'><strong>τῆς</strong></span> <span class='ocrx_word' id='word_1_34' title='bbox 1006 579 1157 643; x_wconf 90' lang='grc' dir='ltr'>θείας</span> <span class='ocrx_word' id='word_1_35' title='bbox 1185 580 1302 649; x_wconf 73' lang='grc' dir='ltr'>ήτοι</span> <span class='ocrx_word' id='word_1_36' title='bbox 1330 578 1431 648; x_wconf 84' lang='grc' dir='ltr'><strong>τῆς</strong></span> <span class='ocrx_word' id='word_1_37' title='bbox 1471 573 1790 646; x_wconf 73' lang='grc' dir='ltr'>ὑπερουσιό-</span> 
     </span>
    </p>
   </div>
   <div class='ocr_carea' id='block_1_8' title="bbox 202 665 1792 751">
    <p class='ocr_par' dir='ltr' id='par_1_8' title="bbox 202 665 1792 751">
     <span class='ocr_line' id='line_1_8' title="bbox 202 665 1792 751; baseline -0.009 -18"><span class='ocrx_word' id='word_1_38' title='bbox 202 695 363 751; x_wconf 80' lang='grc' dir='ltr'>τητος</span> <span class='ocrx_word' id='word_1_39' title='bbox 382 678 455 737; x_wconf 68' lang='grc'><strong>⁸⁸.</strong></span> <span class='ocrx_word' id='word_1_40' title='bbox 482 678 762 750; x_wconf 82' lang='grc' dir='ltr'><strong>ἡνωμένον</strong></span> <span class='ocrx_word' id='word_1_41' title='bbox 796 676 893 747; x_wconf 84' lang='grc' dir='ltr'>μὲν</span> <span class='ocrx_word' id='word_1_42' title='bbox 922 675 1035 728; x_wconf 72' lang='grc' dir='ltr'>εστι</span> <span class='ocrx_word' id='word_1_43' title='bbox 1068 675 1135 744; x_wconf 79' lang='grc' dir='ltr'>τῇ</span> <span class='ocrx_word' id='word_1_44' title='bbox 1162 672 1422 743; x_wconf 78' lang='grc' dir='ltr'>ἑναρχικῇ</span> <span class='ocrx_word' id='word_1_45' title='bbox 1451 667 1662 741; x_wconf 85' lang='grc' dir='ltr'>Τριάδι,</span> <span class='ocrx_word' id='word_1_46' title='bbox 1697 665 1792 719; x_wconf 74' lang='grc' dir='ltr'>καὶ</span> 
     </span>
    </p>
   </div>
   <div class='ocr_carea' id='block_1_9' title="bbox 203 759 1791 842">
    <p class='ocr_par' dir='ltr' id='par_1_9' title="bbox 203 759 1791 842">
     <span class='ocr_line' id='line_1_9' title="bbox 203 759 1791 842; baseline -0.006 -18"><span class='ocrx_word' id='word_1_47' title='bbox 203 771 379 825; x_wconf 76' lang='grc' dir='ltr'>κοινὸν</span> <span class='ocrx_word' id='word_1_48' title='bbox 406 774 439 842; x_wconf 88' lang='grc' dir='ltr'><strong>ή</strong></span> <span class='ocrx_word' id='word_1_49' title='bbox 474 769 798 842; x_wconf 83' lang='grc' dir='ltr'>ὑπερούσιος</span> <span class='ocrx_word' id='word_1_50' title='bbox 831 767 1083 839; x_wconf 76' lang='grc' dir='ltr'>ὓπαρξις,</span> <span class='ocrx_word' id='word_1_51' title='bbox 1128 767 1161 837; x_wconf 85' lang='grc' dir='ltr'><strong>ή</strong></span> <span class='ocrx_word' id='word_1_52' title='bbox 1203 764 1467 836; x_wconf 86' lang='grc' dir='ltr'>ὑπέρθεος</span> <span class='ocrx_word' id='word_1_53' title='bbox 1509 761 1719 832; x_wconf 85' lang='grc' dir='ltr'>θεότης,</span> <span class='ocrx_word' id='word_1_54' title='bbox 1755 759 1791 830; x_wconf 82' lang='grc' dir='ltr'><strong>ἡ</strong></span> 
     </span>
    </p>
   </div>
   <div class='ocr_carea' id='block_1_10' title="bbox 206 853 1791 934">
    <p class='ocr_par' dir='ltr' id='par_1_10' title="bbox 206 853 1791 934">
     <span class='ocr_line' id='line_1_10' title="bbox 206 853 1791 934; baseline -0.007 -18"><span class='ocrx_word' id='word_1_55' title='bbox 206 862 552 934; x_wconf 79' lang='grc' dir='ltr'>ὑπεράγαθος</span> <span class='ocrx_word' id='word_1_56' title='bbox 596 861 899 932; x_wconf 88' lang='grc' dir='ltr'>ἀγαθότης·</span> <span class='ocrx_word' id='word_1_57' title='bbox 930 859 1183 913; x_wconf 84' lang='grc' dir='ltr'>ἁπάντων</span> <span class='ocrx_word' id='word_1_58' title='bbox 1224 858 1480 910; x_wconf 73' lang='grc' dir='ltr'>ἐπέκεινα</span> <span class='ocrx_word' id='word_1_59' title='bbox 1527 854 1628 924; x_wconf 87' lang='grc' dir='ltr'><strong>τῆς</strong></span> <span class='ocrx_word' id='word_1_60' title='bbox 1660 853 1791 905; x_wconf 80' lang='grc' dir='ltr'>ὲπέ-</span> 
     </span>
    </p>
   </div>
   <div class='ocr_carea' id='block_1_11' title="bbox 204 948 1792 1025">
    <p class='ocr_par' dir='ltr' id='par_1_11' title="bbox 204 948 1792 1025">
     <span class='ocr_line' id='line_1_11' title="bbox 204 948 1792 1025; baseline -0.006 -18"><span class='ocrx_word' id='word_1_61' title='bbox 204 972 357 1008; x_wconf 86' lang='grc' dir='ltr'>κεινα</span> <span class='ocrx_word' id='word_1_62' title='bbox 383 956 603 1009; x_wconf 88' lang='grc' dir='ltr'>πάντων</span> <span class='ocrx_word' id='word_1_63' title='bbox 626 955 753 1025; x_wconf 87' lang='grc' dir='ltr'>ὅλης</span> <span class='ocrx_word' id='word_1_64' title='bbox 784 953 1041 1023; x_wconf 78' lang='grc' dir='ltr'><strong>ἰδιότητος</strong></span> <span class='ocrx_word' id='word_1_65' title='bbox 1072 950 1336 1020; x_wconf 78' lang='grc' dir='ltr'>ταὺτότης</span> <span class='ocrx_word' id='word_1_66' title='bbox 1357 965 1371 979; x_wconf 79' lang='grc'><strong><em>⁸</em></strong></span> <span class='ocrx_word' id='word_1_67' title='bbox 1401 951 1436 1019; x_wconf 83' lang='grc' dir='ltr'><strong>ή</strong></span> <span class='ocrx_word' id='word_1_68' title='bbox 1471 948 1610 1018; x_wconf 83' lang='grc' dir='ltr'>ὑπὲρ</span> <span class='ocrx_word' id='word_1_69' title='bbox 1633 948 1792 1017; x_wconf 81' lang='grc' dir='ltr'>ἐναρ-</span> 
     </span>
    </p>
   </div>
   <div class='ocr_carea' id='block_1_12' title="bbox 204 1039 1788 1118">
    <p class='ocr_par' dir='ltr' id='par_1_12' title="bbox 204 1039 1788 1118">
     <span class='ocr_line' id='line_1_12' title="bbox 204 1039 1788 1118; baseline -0.006 -18"><span class='ocrx_word' id='word_1_70' title='bbox 204 1048 326 1118; x_wconf 84' lang='grc' dir='ltr'>χίαν</span> <span class='ocrx_word' id='word_1_71' title='bbox 351 1048 563 1118; x_wconf 74' lang='grc' dir='ltr'>ἑνότης,</span> <span class='ocrx_word' id='word_1_72' title='bbox 590 1046 653 1099; x_wconf 82' lang='grc' dir='ltr'>τὸ</span> <span class='ocrx_word' id='word_1_73' title='bbox 676 1046 1000 1116; x_wconf 79' lang='grc' dir='ltr'><strong>ἄφθεγκτον,</strong></span> <span class='ocrx_word' id='word_1_74' title='bbox 1026 1044 1088 1096; x_wconf 83' lang='grc' dir='ltr'>τὸ</span> <span class='ocrx_word' id='word_1_75' title='bbox 1113 1042 1446 1111; x_wconf 83' lang='grc' dir='ltr'><strong>πολύφωνον,</strong></span> <span class='ocrx_word' id='word_1_76' title='bbox 1468 1041 1501 1110; x_wconf 86' lang='grc' dir='ltr'><strong>ή</strong></span> <span class='ocrx_word' id='word_1_77' title='bbox 1524 1039 1788 1107; x_wconf 89' lang='grc' dir='ltr'>ἀγνωσία,</span> 
     </span>
    </p>
   </div>
   <div class='ocr_carea' id='block_1_13' title="bbox 201 1132 1787 1211">
    <p class='ocr_par' dir='ltr' id='par_1_13' title="bbox 201 1132 1787 1211">
     <span class='ocr_line' id='line_1_13' title="bbox 201 1132 1787 1211; baseline -0.006 -19"><span class='ocrx_word' id='word_1_78' title='bbox 201 1140 262 1193; x_wconf 75' lang='grc' dir='ltr'>τὸ</span> <span class='ocrx_word' id='word_1_79' title='bbox 294 1140 620 1210; x_wconf 88' lang='grc' dir='ltr'>παννόητον,</span> <span class='ocrx_word' id='word_1_80' title='bbox 650 1141 683 1211; x_wconf 85' lang='grc' dir='ltr'>ἡ</span> <span class='ocrx_word' id='word_1_81' title='bbox 711 1140 930 1193; x_wconf 86' lang='grc' dir='ltr'>πάντων</span> <span class='ocrx_word' id='word_1_82' title='bbox 972 1138 1141 1200; x_wconf 84' lang='grc' dir='ltr'>Θέσις,</span> <span class='ocrx_word' id='word_1_83' title='bbox 1171 1138 1205 1208; x_wconf 90' lang='grc' dir='ltr'><strong>ή</strong></span> <span class='ocrx_word' id='word_1_84' title='bbox 1230 1136 1446 1189; x_wconf 87' lang='grc' dir='ltr'>πάντων</span> <span class='ocrx_word' id='word_1_85' title='bbox 1474 1132 1787 1203; x_wconf 81' lang='grc' dir='ltr'><strong>ἀφαίρεσις,</strong></span> 
     </span>
    </p>
   </div>
   <div class='ocr_carea' id='block_1_14' title="bbox 200 1223 1791 1304">
    <p class='ocr_par' dir='ltr' id='par_1_14' title="bbox 200 1223 1791 1304">
     <span class='ocr_line' id='line_1_14' title="bbox 200 1223 1791 1304; baseline -0.006 -19"><span class='ocrx_word' id='word_1_86' title='bbox 200 1233 261 1285; x_wconf 86' lang='grc' dir='ltr'><strong>τὺ</strong></span> <span class='ocrx_word' id='word_1_87' title='bbox 294 1233 437 1304; x_wconf 79' lang='grc' dir='ltr'>ὑπὲρ</span> <span class='ocrx_word' id='word_1_88' title='bbox 475 1234 654 1285; x_wconf 81' lang='grc' dir='ltr'>πᾶσαν</span> <span class='ocrx_word' id='word_1_89' title='bbox 689 1233 783 1285; x_wconf 75' lang='grc' dir='ltr'><strong>καὶ</strong></span> <span class='ocrx_word' id='word_1_90' title='bbox 829 1231 975 1284; x_wconf 87' lang='grc' dir='ltr'>θέσιν</span> <span class='ocrx_word' id='word_1_91' title='bbox 1015 1232 1110 1284; x_wconf 75' lang='grc' dir='ltr'>καὶ</span> <span class='ocrx_word' id='word_1_92' title='bbox 1152 1228 1460 1300; x_wconf 78' lang='grc' dir='ltr'><strong>ἀφαίρεσιν,</strong></span> <span class='ocrx_word' id='word_1_93' title='bbox 1488 1228 1523 1297; x_wconf 85' lang='grc' dir='ltr'><strong>ή</strong></span> <span class='ocrx_word' id='word_1_94' title='bbox 1548 1227 1606 1278; x_wconf 81' lang='grc' dir='ltr'><strong>ὲν</strong></span> <span class='ocrx_word' id='word_1_95' title='bbox 1628 1223 1791 1295; x_wconf 84' lang='grc' dir='ltr'>ἀλλή-</span> 
     </span>
    </p>
   </div>
   <div class='ocr_carea' id='block_1_15' title="bbox 200 1317 1789 1396">
    <p class='ocr_par' dir='ltr' id='par_1_15' title="bbox 200 1317 1789 1396">
     <span class='ocr_line' id='line_1_15' title="bbox 200 1317 1789 1396; baseline -0.004 -19"><span class='ocrx_word' id='word_1_96' title='bbox 200 1322 340 1388; x_wconf 84' lang='grc' dir='ltr'>λαις,</span> <span class='ocrx_word' id='word_1_97' title='bbox 367 1326 416 1377; x_wconf 86' lang='grc' dir='ltr'><strong>εί</strong></span> <span class='ocrx_word' id='word_1_98' title='bbox 440 1324 585 1377; x_wconf 74' lang='grc' dir='ltr'>οὕτω</span> <span class='ocrx_word' id='word_1_99' title='bbox 614 1324 720 1396; x_wconf 82' lang='grc' dir='ltr'><strong>χρὴ</strong></span> <span class='ocrx_word' id='word_1_100' title='bbox 757 1324 943 1393; x_wconf 83' lang='grc' dir='ltr'><strong>φάναι,</strong></span> <span class='ocrx_word' id='word_1_101' title='bbox 969 1323 1078 1376; x_wconf 83' lang='grc' dir='ltr'><strong>τῶν</strong></span> <span class='ocrx_word' id='word_1_102' title='bbox 1114 1320 1414 1393; x_wconf 84' lang='grc' dir='ltr'>ὲναρχικῶν</span> <span class='ocrx_word' id='word_1_103' title='bbox 1441 1317 1789 1372; x_wconf 81' lang='grc' dir='ltr'>ὑποστάσεων</span> 
     </span>
    </p>
   </div>
   <div class='ocr_carea' id='block_1_16' title="bbox 203 1409 1789 1487">
    <p class='ocr_par' dir='ltr' id='par_1_16' title="bbox 203 1409 1789 1487">
     <span class='ocr_line' id='line_1_16' title="bbox 203 1409 1789 1487; baseline -0.004 -19"><span class='ocrx_word' id='word_1_104' title='bbox 203 1416 359 1487; x_wconf 81' lang='grc' dir='ltr'>μονὴ,</span> <span class='ocrx_word' id='word_1_105' title='bbox 393 1417 489 1468; x_wconf 73' lang='grc' dir='ltr'>καὶ</span> <span class='ocrx_word' id='word_1_106' title='bbox 532 1416 760 1487; x_wconf 80' lang='grc' dir='ltr'>ἵδρυσις,</span> <span class='ocrx_word' id='word_1_107' title='bbox 794 1414 990 1479; x_wconf 84' lang='grc' dir='ltr'>ὁλικῶς</span> <span class='ocrx_word' id='word_1_108' title='bbox 1030 1412 1445 1484; x_wconf 84' lang='grc' dir='ltr'>ὑπερηνωμένη,</span> <span class='ocrx_word' id='word_1_109' title='bbox 1480 1411 1575 1464; x_wconf 74' lang='grc' dir='ltr'>καὶ</span> <span class='ocrx_word' id='word_1_110' title='bbox 1616 1409 1789 1463; x_wconf 85' lang='grc' dir='ltr'>οὐδενὶ</span> 
     </span>
    </p>
   </div>
   <div class='ocr_carea' id='block_1_17' title="bbox 203 1501 1788 1579">
    <p class='ocr_par' dir='ltr' id='par_1_17' title="bbox 203 1501 1788 1579">
     <span class='ocr_line' id='line_1_17' title="bbox 203 1501 1788 1579; baseline -0.004 -20"><span class='ocrx_word' id='word_1_111' title='bbox 203 1508 359 1579; x_wconf 88' lang='grc' dir='ltr'>μέρει</span> <span class='ocrx_word' id='word_1_112' title='bbox 399 1508 808 1579; x_wconf 83' lang='grc' dir='ltr'><strong>συγκεχυμένη,</strong></span> <span class='ocrx_word' id='word_1_113' title='bbox 839 1506 1088 1578; x_wconf 87' lang='grc' dir='ltr'>καθάπερ</span> <span class='ocrx_word' id='word_1_114' title='bbox 1118 1504 1274 1575; x_wconf 85' lang='grc' dir='ltr'>φῶτα</span> <span class='ocrx_word' id='word_1_115' title='bbox 1296 1503 1631 1574; x_wconf 80' lang='grc' dir='ltr'><strong>λαμπτήρων</strong></span> <span class='ocrx_word' id='word_1_116' title='bbox 1668 1501 1685 1569; x_wconf 93' lang='grc'>(</span> <span class='ocrx_word' id='word_1_117' title='bbox 1702 1501 1788 1553; x_wconf 82' lang='grc' dir='ltr'>ἵνα</span> 
     </span>
    </p>
   </div>
   <div class='ocr_carea' id='block_1_18' title="bbox 94 1594 1788 1671">
    <p class='ocr_par' dir='ltr' id='par_1_18' title="bbox 94 1594 1788 1671">
     <span class='ocr_line' id='line_1_18' title="bbox 94 1594 1788 1671; baseline -0.004 -18"><span class='ocrx_word' id='word_1_118' title='bbox 94 1634 99 1643; x_wconf 67' lang='grc' dir='ltr'><strong>ε</strong></span> <span class='ocrx_word' id='word_1_119' title='bbox 200 1600 479 1671; x_wconf 82' lang='grc' dir='ltr'><strong>αἰσθητοῖς</strong></span> <span class='ocrx_word' id='word_1_120' title='bbox 505 1602 600 1653; x_wconf 75' lang='grc' dir='ltr'>καὶ</span> <span class='ocrx_word' id='word_1_121' title='bbox 621 1600 841 1664; x_wconf 80' lang='grc' dir='ltr'>οἰκείοις</span> <span class='ocrx_word' id='word_1_122' title='bbox 858 1603 1148 1671; x_wconf 76' lang='grc' dir='ltr'>χρήσωμαι</span> <span class='ocrx_word' id='word_1_123' title='bbox 1165 1594 1641 1669; x_wconf 85' lang='grc' dir='ltr'>παραδείγμασιν),</span> <span class='ocrx_word' id='word_1_124' title='bbox 1658 1594 1788 1647; x_wconf 82' lang='grc' dir='ltr'>ὅντα</span> 
     </span>
    </p>
   </div>
   <div class='ocr_carea' id='block_1_19' title="bbox 199 1688 1785 1763">
    <p class='ocr_par' dir='ltr' id='par_1_19' title="bbox 199 1688 1785 1763">
     <span class='ocr_line' id='line_1_19' title="bbox 199 1688 1785 1763; baseline -0.001 -20"><span class='ocrx_word' id='word_1_125' title='bbox 199 1693 256 1744; x_wconf 82' lang='grc' dir='ltr'><strong>έν</strong></span> <span class='ocrx_word' id='word_1_126' title='bbox 280 1692 414 1763; x_wconf 78' lang='grc' dir='ltr'>οἴκῳ</span> <span class='ocrx_word' id='word_1_127' title='bbox 441 1693 543 1757; x_wconf 77' lang='grc' dir='ltr'>ἐνὶ,</span> <span class='ocrx_word' id='word_1_128' title='bbox 566 1693 659 1745; x_wconf 77' lang='grc' dir='ltr'>καὶ</span> <span class='ocrx_word' id='word_1_129' title='bbox 679 1692 774 1745; x_wconf 90' lang='grc' dir='ltr'><strong>ὅλα</strong></span> <span class='ocrx_word' id='word_1_130' title='bbox 801 1694 859 1745; x_wconf 88' lang='grc' dir='ltr'><strong>ὲν</strong></span> <span class='ocrx_word' id='word_1_131' title='bbox 892 1692 1141 1762; x_wconf 86' lang='grc' dir='ltr'>ἀλλήλοις</span> <span class='ocrx_word' id='word_1_132' title='bbox 1163 1690 1302 1754; x_wconf 82' lang='grc' dir='ltr'>ὅλοις</span> <span class='ocrx_word' id='word_1_133' title='bbox 1323 1690 1490 1753; x_wconf 75' lang='grc' dir='ltr'>ἐστὶν,</span> <span class='ocrx_word' id='word_1_134' title='bbox 1508 1688 1785 1760; x_wconf 81' lang='grc' dir='ltr'>ἀκραιφνῆ</span> 
     </span>
    </p>
   </div>
   <div class='ocr_carea' id='block_1_20' title="bbox 1892 476 3469 549">
    <p class='ocr_par' dir='ltr' id='par_1_20' title="bbox 1892 476 3469 549">
     <span class='ocr_line' id='line_1_20' title="bbox 1892 476 3469 549; baseline -0.001 -17"><span class='ocrx_word' id='word_1_135' title='bbox 1892 478 2243 547; x_wconf 83' lang='lat' dir='ltr'><strong>vicissimque</strong></span> <span class='ocrx_word' id='word_1_136' title='bbox 2272 476 2637 543; x_wconf 89' lang='lat' dir='ltr'><strong>distinctioni,</strong></span> <span class='ocrx_word' id='word_1_137' title='bbox 2668 480 2919 549; x_wconf 71' lang='lat' dir='ltr'><strong>proprias</strong></span> <span class='ocrx_word' id='word_1_138' title='bbox 2952 479 3081 534; x_wconf 94' lang='lat' dir='ltr'><strong>item</strong></span> <span class='ocrx_word' id='word_1_139' title='bbox 3116 494 3245 534; x_wconf 86' lang='lat' dir='ltr'><strong>suas</strong></span> <span class='ocrx_word' id='word_1_140' title='bbox 3300 493 3469 549; x_wconf 78' lang='lat' dir='ltr'><strong>copu-</strong></span> 
     </span>
    </p>
   </div>
   <div class='ocr_carea' id='block_1_21' title="bbox 1894 568 3469 640">
    <p class='ocr_par' dir='ltr' id='par_1_21' title="bbox 1894 568 3469 640">
     <span class='ocr_line' id='line_1_21' title="bbox 1894 568 3469 640; baseline 0.002 -17"><span class='ocrx_word' id='word_1_141' title='bbox 1894 569 2124 624; x_wconf 82' lang='lat' dir='ltr'><strong>lationes</strong></span> <span class='ocrx_word' id='word_1_142' title='bbox 2169 583 2233 622; x_wconf 84' lang='lat' dir='ltr'><strong>ac</strong></span> <span class='ocrx_word' id='word_1_143' title='bbox 2280 568 2701 637; x_wconf 85' lang='lat' dir='ltr'><strong>disjnnctiones;</strong></span> <span class='ocrx_word' id='word_1_144' title='bbox 2754 571 2902 625; x_wconf 85' lang='lat' dir='ltr'><strong>verbi</strong></span> <span class='ocrx_word' id='word_1_145' title='bbox 2954 571 3150 640; x_wconf 78' lang='lat' dir='ltr'><strong>gratia,</strong></span> <span class='ocrx_word' id='word_1_146' title='bbox 3182 569 3236 625; x_wconf 88' lang='lat' dir='ltr'><strong>in</strong></span> <span class='ocrx_word' id='word_1_147' title='bbox 3284 570 3469 626; x_wconf 87' lang='lat' dir='ltr'><strong>divina</strong></span> 
     </span>
    </p>
   </div>
   <div class='ocr_carea' id='block_1_22' title="bbox 1893 662 3469 734">
    <p class='ocr_par' dir='ltr' id='par_1_22' title="bbox 1893 662 3469 734">
     <span class='ocr_line' id='line_1_22' title="bbox 1893 662 3469 734; baseline 0.001 -18"><span class='ocrx_word' id='word_1_148' title='bbox 1893 663 2097 716; x_wconf 86' lang='lat' dir='ltr'><strong>unione</strong></span> <span class='ocrx_word' id='word_1_149' title='bbox 2147 675 2242 715; x_wconf 74' lang='lat' dir='ltr'><strong>seu</strong></span> <span class='ocrx_word' id='word_1_150' title='bbox 2296 662 2945 729; x_wconf 88' lang='lat' dir='ltr'><strong>supersnbstantialitate,</strong></span> <span class='ocrx_word' id='word_1_151' title='bbox 2986 664 3299 733; x_wconf 88' lang='lat' dir='ltr'><strong>copulatum</strong></span> <span class='ocrx_word' id='word_1_152' title='bbox 3346 664 3469 734; x_wconf 90' lang='lat' dir='ltr'><strong>qui-</strong></span> 
     </span>
    </p>
   </div>
   <div class='ocr_carea' id='block_1_23' title="bbox 1895 753 3467 823">
    <p class='ocr_par' dir='ltr' id='par_1_23' title="bbox 1895 753 3467 823">
     <span class='ocr_line' id='line_1_23' title="bbox 1895 753 3467 823; baseline 0.001 -15"><span class='ocrx_word' id='word_1_153' title='bbox 1895 755 2015 808; x_wconf 85' lang='lat' dir='ltr'><strong>dem</strong></span> <span class='ocrx_word' id='word_1_154' title='bbox 2064 754 2289 807; x_wconf 75' lang='lat' dir='ltr'><strong>unitatis</strong></span> <span class='ocrx_word' id='word_1_155' title='bbox 2324 753 2555 822; x_wconf 88' lang='lat' dir='ltr'><strong>principi</strong></span> <span class='ocrx_word' id='word_1_156' title='bbox 2607 753 2858 810; x_wconf 82' lang='lat' dir='ltr'><strong>Trinitati</strong></span> <span class='ocrx_word' id='word_1_157' title='bbox 2908 772 2972 810; x_wconf 89' lang='lat' dir='ltr'><strong>ac</strong></span> <span class='ocrx_word' id='word_1_158' title='bbox 3020 772 3311 811; x_wconf 87' lang='lat' dir='ltr'><strong>commune</strong></span> <span class='ocrx_word' id='word_1_159' title='bbox 3360 766 3467 823; x_wconf 87' lang='lat' dir='ltr'><strong>est,</strong></span> 
     </span>
    </p>
   </div>
   <div class='ocr_carea' id='block_1_24' title="bbox 1893 833 3468 919">
    <p class='ocr_par' dir='ltr' id='par_1_24' title="bbox 1893 833 3468 919">
     <span class='ocr_line' id='line_1_24' title="bbox 1893 833 3468 919; baseline 0.001 -18"><span class='ocrx_word' id='word_1_160' title='bbox 1893 845 2365 915; x_wconf 86' lang='lat' dir='ltr'><strong>snperessentialis</strong></span> <span class='ocrx_word' id='word_1_161' title='bbox 2410 848 2751 911; x_wconf 82' lang='lat' dir='ltr'><strong>exsistentia,</strong></span> <span class='ocrx_word' id='word_1_162' title='bbox 2789 858 2844 903; x_wconf 85' lang='lat' dir='ltr'><strong>et</strong></span> <span class='ocrx_word' id='word_1_163' title='bbox 2896 833 3224 919; x_wconf 74' lang='lat' dir='ltr'><strong>supraquam</strong></span> <span class='ocrx_word' id='word_1_164' title='bbox 3286 849 3468 905; x_wconf 86' lang='lat' dir='ltr'><strong>divina</strong></span> 
     </span>
    </p>
   </div>
   <div class='ocr_carea' id='block_1_25' title="bbox 1897 937 3467 1007">
    <p class='ocr_par' dir='ltr' id='par_1_25' title="bbox 1897 937 3467 1007">
     <span class='ocr_line' id='line_1_25' title="bbox 1897 937 3467 1007; baseline 0.002 -15"><span class='ocrx_word' id='word_1_165' title='bbox 1897 937 2177 1001; x_wconf 87' lang='lat' dir='ltr'><strong>divinitas,</strong></span> <span class='ocrx_word' id='word_1_166' title='bbox 2219 952 2547 1007; x_wconf 87' lang='lat' dir='ltr'><strong>snpraquam</strong></span> <span class='ocrx_word' id='word_1_167' title='bbox 2601 939 2740 993; x_wconf 90' lang='lat' dir='ltr'><strong>bona</strong></span> <span class='ocrx_word' id='word_1_168' title='bbox 2791 940 3026 1004; x_wconf 86' lang='lat' dir='ltr'><strong>bonitas,</strong></span> <span class='ocrx_word' id='word_1_169' title='bbox 3066 956 3277 995; x_wconf 84' lang='lat' dir='ltr'><strong>summa</strong></span> <span class='ocrx_word' id='word_1_170' title='bbox 3348 957 3467 997; x_wconf 87' lang='lat' dir='ltr'><strong>om-</strong></span> 
     </span>
    </p>
   </div>
   <div class='ocr_carea' id='block_1_26' title="bbox 1894 1030 3467 1104">
    <p class='ocr_par' dir='ltr' id='par_1_26' title="bbox 1894 1030 3467 1104">
     <span class='ocr_line' id='line_1_26' title="bbox 1894 1030 3467 1104; baseline 0.004 -21"><span class='ocrx_word' id='word_1_171' title='bbox 1894 1031 2043 1083; x_wconf 92' lang='lat' dir='ltr'><strong>nium</strong></span> <span class='ocrx_word' id='word_1_172' title='bbox 2072 1030 2189 1098; x_wconf 87' lang='lat' dir='ltr'><strong>ejus</strong></span> <span class='ocrx_word' id='word_1_173' title='bbox 2216 1047 2334 1100; x_wconf 71' lang='lat' dir='ltr'><strong>qua:</strong></span> <span class='ocrx_word' id='word_1_174' title='bbox 2366 1046 2528 1100; x_wconf 84' lang='lat' dir='ltr'><strong>supra</strong></span> <span class='ocrx_word' id='word_1_175' title='bbox 2576 1031 2757 1086; x_wconf 80' lang='lat' dir='ltr'><strong>omnia</strong></span> <span class='ocrx_word' id='word_1_176' title='bbox 2801 1041 2884 1087; x_wconf 89' lang='lat' dir='ltr'><strong>est</strong></span> <span class='ocrx_word' id='word_1_177' title='bbox 2916 1034 3081 1087; x_wconf 91' lang='lat' dir='ltr'><strong>totius</strong></span> <span class='ocrx_word' id='word_1_178' title='bbox 3110 1034 3467 1104; x_wconf 74' lang='lat' dir='ltr'><strong>proprietatis</strong></span> 
     </span>
    </p>
   </div>
   <div class='ocr_carea' id='block_1_27' title="bbox 1893 1122 3468 1193">
    <p class='ocr_par' dir='ltr' id='par_1_27' title="bbox 1893 1122 3468 1193">
     <span class='ocr_line' id='line_1_27' title="bbox 1893 1122 3468 1193; baseline 0.003 -17"><span class='ocrx_word' id='word_1_179' title='bbox 1893 1122 2184 1189; x_wconf 70' lang='lat' dir='ltr'><strong>illentitas;</strong></span> <span class='ocrx_word' id='word_1_180' title='bbox 2217 1122 2399 1177; x_wconf 81' lang='lat' dir='ltr'><strong>unitas</strong></span> <span class='ocrx_word' id='word_1_181' title='bbox 2429 1138 2591 1192; x_wconf 82' lang='lat' dir='ltr'><strong>supra</strong></span> <span class='ocrx_word' id='word_1_182' title='bbox 2622 1123 2948 1193; x_wconf 86' lang='lat' dir='ltr'><strong>principium</strong></span> <span class='ocrx_word' id='word_1_183' title='bbox 2980 1126 3204 1180; x_wconf 90' lang='lat' dir='ltr'><strong>unitatis</strong></span> <span class='ocrx_word' id='word_1_184' title='bbox 3231 1145 3245 1181; x_wconf 91' lang='lat'><strong>:</strong></span> <span class='ocrx_word' id='word_1_185' title='bbox 3278 1126 3468 1181; x_wconf 83' lang='lat' dir='ltr'><strong>ineﬂ&#39;a-</strong></span> 
     </span>
    </p>
   </div>
   <div class='ocr_carea' id='block_1_28' title="bbox 1892 1214 3466 1287">
    <p class='ocr_par' dir='ltr' id='par_1_28' title="bbox 1892 1214 3466 1287">
     <span class='ocr_line' id='line_1_28' title="bbox 1892 1214 3466 1287; baseline 0.003 -20"><span class='ocrx_word' id='word_1_186' title='bbox 1892 1214 2100 1278; x_wconf 89' lang='lat' dir='ltr'><strong>bilitas,</strong></span> <span class='ocrx_word' id='word_1_187' title='bbox 2134 1215 2529 1277; x_wconf 87' lang='lat' dir='ltr'><strong>multivocatio,</strong></span> <span class='ocrx_word' id='word_1_188' title='bbox 2570 1216 3161 1287; x_wconf 75' lang='lat' dir='ltr'><strong>indemonsuabilitas,</strong></span> <span class='ocrx_word' id='word_1_189' title='bbox 3192 1222 3466 1275; x_wconf 84' lang='lat' dir='ltr'><strong>omnimo-</strong></span> 
     </span>
    </p>
   </div>
   <div class='ocr_carea' id='block_1_29' title="bbox 1891 1306 3463 1380">
    <p class='ocr_par' dir='ltr' id='par_1_29' title="bbox 1891 1306 3463 1380">
     <span class='ocr_line' id='line_1_29' title="bbox 1891 1306 3463 1380; baseline 0.006 -21"><span class='ocrx_word' id='word_1_190' title='bbox 1891 1306 1957 1360; x_wconf 92' lang='lat' dir='ltr'><strong>da</strong></span> <span class='ocrx_word' id='word_1_191' title='bbox 1988 1307 2419 1378; x_wconf 85' lang='lat' dir='ltr'><strong>intelligibilitas,</strong></span> <span class='ocrx_word' id='word_1_192' title='bbox 2453 1308 2693 1363; x_wconf 88' lang='lat' dir='ltr'><strong>omnium</strong></span> <span class='ocrx_word' id='word_1_193' title='bbox 2725 1310 2940 1378; x_wconf 85' lang='lat' dir='ltr'><strong>positio,</strong></span> <span class='ocrx_word' id='word_1_194' title='bbox 2969 1312 3210 1366; x_wconf 84' lang='lat' dir='ltr'><strong>omnium</strong></span> <span class='ocrx_word' id='word_1_195' title='bbox 3237 1314 3463 1380; x_wconf 86' lang='lat' dir='ltr'><strong>ablat&#39;o,</strong></span> 
     </span>
    </p>
   </div>
   <div class='ocr_carea' id='block_1_30' title="bbox 1890 1401 3460 1471">
    <p class='ocr_par' dir='ltr' id='par_1_30' title="bbox 1890 1401 3460 1471">
     <span class='ocr_line' id='line_1_30' title="bbox 1890 1401 3460 1471; baseline 0.004 -18"><span class='ocrx_word' id='word_1_196' title='bbox 1890 1414 2050 1469; x_wconf 84' lang='lat' dir='ltr'><strong>supra</strong></span> <span class='ocrx_word' id='word_1_197' title='bbox 2086 1416 2303 1455; x_wconf 88' lang='lat' dir='ltr'><strong>onmem</strong></span> <span class='ocrx_word' id='word_1_198' title='bbox 2334 1401 2660 1471; x_wconf 85' lang='lat' dir='ltr'><strong>positionem</strong></span> <span class='ocrx_word' id='word_1_199' title='bbox 2692 1411 2745 1454; x_wconf 90' lang='lat' dir='ltr'><strong>et</strong></span> <span class='ocrx_word' id='word_1_200' title='bbox 2773 1402 3127 1471; x_wconf 84' lang='lat' dir='ltr'><strong>ablationem,</strong></span> <span class='ocrx_word' id='word_1_201' title='bbox 3153 1406 3460 1460; x_wconf 86' lang='lat' dir='ltr'><strong>divinarum</strong></span> 
     </span>
    </p>
   </div>
   <div class='ocr_carea' id='block_1_31' title="bbox 1888 1494 3459 1564">
    <p class='ocr_par' dir='ltr' id='par_1_31' title="bbox 1888 1494 3459 1564">
     <span class='ocr_line' id='line_1_31' title="bbox 1888 1494 3459 1564; baseline 0.006 -20"><span class='ocrx_word' id='word_1_202' title='bbox 1888 1506 2243 1562; x_wconf 79' lang='lat' dir='ltr'><strong>personarum</strong></span> <span class='ocrx_word' id='word_1_203' title='bbox 2296 1494 2348 1547; x_wconf 92' lang='lat' dir='ltr'><strong>in</strong></span> <span class='ocrx_word' id='word_1_204' title='bbox 2399 1494 2615 1562; x_wconf 88' lang='lat' dir='ltr'><strong>seipsis,</strong></span> <span class='ocrx_word' id='word_1_205' title='bbox 2653 1497 2698 1548; x_wconf 93' lang='lat' dir='ltr'><strong>sl</strong></span> <span class='ocrx_word' id='word_1_206' title='bbox 2747 1496 2818 1549; x_wconf 87' lang='lat' dir='ltr'><strong>ita</strong></span> <span class='ocrx_word' id='word_1_207' title='bbox 2846 1495 2992 1564; x_wconf 88' lang='lat' dir='ltr'><strong>loqui</strong></span> <span class='ocrx_word' id='word_1_208' title='bbox 3023 1497 3103 1551; x_wconf 80' lang='lat' dir='ltr'><strong>fas</strong></span> <span class='ocrx_word' id='word_1_209' title='bbox 3134 1509 3239 1562; x_wconf 89' lang='lat' dir='ltr'><strong>est,</strong></span> <span class='ocrx_word' id='word_1_210' title='bbox 3274 1511 3459 1554; x_wconf 89' lang='lat' dir='ltr'><strong>mutua</strong></span> 
     </span>
    </p>
   </div>
   <div class='ocr_carea' id='block_1_32' title="bbox 1889 1584 3459 1662">
    <p class='ocr_par' dir='ltr' id='par_1_32' title="bbox 1889 1584 3459 1662">
     <span class='ocr_line' id='line_1_32' title="bbox 1889 1584 3459 1662; baseline 0.005 -25"><span class='ocrx_word' id='word_1_211' title='bbox 1889 1585 2122 1653; x_wconf 88' lang='lat' dir='ltr'><strong>mansio,</strong></span> <span class='ocrx_word' id='word_1_212' title='bbox 2147 1594 2203 1639; x_wconf 89' lang='lat' dir='ltr'><strong>et</strong></span> <span class='ocrx_word' id='word_1_213' title='bbox 2252 1584 2558 1651; x_wconf 82' lang='lat' dir='ltr'><strong>collocatio,</strong></span> <span class='ocrx_word' id='word_1_214' title='bbox 2615 1586 2668 1640; x_wconf 91' lang='lat' dir='ltr'><strong>in</strong></span> <span class='ocrx_word' id='word_1_215' title='bbox 2711 1596 2883 1641; x_wconf 90' lang='lat' dir='ltr'><strong>totum</strong></span> <span class='ocrx_word' id='word_1_216' title='bbox 2917 1603 3250 1660; x_wconf 87' lang='lat' dir='ltr'><strong>supraqnam</strong></span> <span class='ocrx_word' id='word_1_217' title='bbox 3286 1607 3459 1662; x_wconf 89' lang='lat' dir='ltr'><strong>copu-</strong></span> 
     </span>
    </p>
   </div>
   <div class='ocr_carea' id='block_1_33' title="bbox 1888 1674 3462 1749">
    <p class='ocr_par' dir='ltr' id='par_1_33' title="bbox 1888 1674 3462 1749">
     <span class='ocr_line' id='line_1_33' title="bbox 1888 1674 3462 1749; baseline 0.007 -21"><span class='ocrx_word' id='word_1_218' title='bbox 1888 1674 1995 1729; x_wconf 84' lang='lat' dir='ltr'><strong>lata</strong></span> <span class='ocrx_word' id='word_1_219' title='bbox 2048 1676 2101 1730; x_wconf 88' lang='lat' dir='ltr'><strong>in</strong></span> <span class='ocrx_word' id='word_1_220' title='bbox 2146 1692 2335 1740; x_wconf 92' lang='lat' dir='ltr'><strong>unum,</strong></span> <span class='ocrx_word' id='word_1_221' title='bbox 2372 1687 2427 1732; x_wconf 91' lang='lat' dir='ltr'><strong>et</strong></span> <span class='ocrx_word' id='word_1_222' title='bbox 2458 1694 2563 1732; x_wconf 91' lang='lat' dir='ltr'><strong>non</strong></span> <span class='ocrx_word' id='word_1_223' title='bbox 2601 1676 2827 1733; x_wconf 80' lang='lat' dir='ltr'><strong>confusa</strong></span> <span class='ocrx_word' id='word_1_224' title='bbox 2861 1679 2917 1734; x_wconf 89' lang='lat' dir='ltr'><strong>in</strong></span> <span class='ocrx_word' id='word_1_225' title='bbox 2951 1694 3104 1749; x_wconf 85' lang='lat' dir='ltr'><strong>parte</strong></span> <span class='ocrx_word' id='word_1_226' title='bbox 3135 1681 3240 1735; x_wconf 90' lang='lat' dir='ltr'><strong>ulla</strong></span> <span class='ocrx_word' id='word_1_227' title='bbox 3272 1702 3287 1739; x_wconf 86' lang='lat'><strong>;</strong></span> <span class='ocrx_word' id='word_1_228' title='bbox 3318 1686 3462 1739; x_wconf 89' lang='lat' dir='ltr'><strong>sicut</strong></span> 
     </span>
    </p>
   </div>
   <div class='ocr_carea' id='block_1_34' title="bbox 200 1768 1682 1857">
    <p class='ocr_par' dir='ltr' id='par_1_34' title="bbox 200 1784 1682 1857">
     <span class='ocr_line' id='line_1_34' title="bbox 200 1784 1682 1857; baseline -0.002 -20"><span class='ocrx_word' id='word_1_229' title='bbox 200 1786 291 1837; x_wconf 72' lang='grc' dir='ltr'>καὶ</span> <span class='ocrx_word' id='word_1_230' title='bbox 320 1786 527 1857; x_wconf 76' lang='grc' dir='ltr'>ἀκριϐῆ</span> <span class='ocrx_word' id='word_1_231' title='bbox 554 1785 651 1857; x_wconf 75' lang='grc' dir='ltr'>τὴν</span> <span class='ocrx_word' id='word_1_232' title='bbox 677 1786 772 1839; x_wconf 74' lang='grc' dir='ltr'>ἀπ’</span> <span class='ocrx_word' id='word_1_233' title='bbox 800 1785 1040 1857; x_wconf 82' lang='grc' dir='ltr'>ἀλλήλων</span> <span class='ocrx_word' id='word_1_234' title='bbox 1074 1784 1254 1848; x_wconf 86' lang='grc' dir='ltr'>ίδικῶς</span> <span class='ocrx_word' id='word_1_235' title='bbox 1280 1784 1650 1855; x_wconf 81' lang='grc' dir='ltr'>ὑφισταμένην</span> <span class='ocrx_word' id='word_1_236' title='bbox 1677 1786 1682 1833; x_wconf 74' lang='grc' dir='ltr'><strong>ι</strong></span> 
     </span>
    </p>
   </div>
   <div class='ocr_carea' id='block_1_35' title="bbox 1978 1768 3460 1857">
    <p class='ocr_par' dir='ltr' id='par_1_35' title="bbox 1978 1768 3460 1841">
     <span class='ocr_line' id='line_1_35' title="bbox 1978 1768 3460 1841; baseline 0.006 -20"><span class='ocrx_word' id='word_1_237' title='bbox 1978 1771 2091 1823; x_wconf 78' lang='lat' dir='ltr'><strong>nina</strong></span> <span class='ocrx_word' id='word_1_238' title='bbox 2121 1769 2431 1839; x_wconf 84' lang='lat' dir='ltr'><strong>lampadum</strong></span> <span class='ocrx_word' id='word_1_239' title='bbox 2461 1768 2557 1841; x_wconf 89' lang='lat' dir='ltr'><strong>(ut</strong></span> <span class='ocrx_word' id='word_1_240' title='bbox 2585 1771 2850 1840; x_wconf 81' lang='lat' dir='ltr'><strong>exemplis</strong></span> <span class='ocrx_word' id='word_1_241' title='bbox 2878 1774 2980 1826; x_wconf 92' lang='lat' dir='ltr'><strong>sub</strong></span> <span class='ocrx_word' id='word_1_242' title='bbox 3011 1788 3234 1827; x_wconf 84' lang='lat' dir='ltr'><strong>sensum</strong></span> <span class='ocrx_word' id='word_1_243' title='bbox 3263 1778 3460 1830; x_wconf 87' lang='lat' dir='ltr'><strong>caden-</strong></span> 
     </span>
    </p>
   </div>
   <div class='ocr_carea' id='block_1_36' title="bbox 198 1878 1783 1953">
    <p class='ocr_par' dir='ltr' id='par_1_36' title="bbox 198 1878 1783 1953">
     <span class='ocr_line' id='line_1_36' title="bbox 198 1878 1783 1953; baseline 0.001 -22"><span class='ocrx_word' id='word_1_244' title='bbox 198 1879 489 1950; x_wconf 75' lang='grc' dir='ltr'>διάκρισιν,</span> <span class='ocrx_word' id='word_1_245' title='bbox 518 1881 774 1951; x_wconf 79' lang='grc' dir='ltr'>ἡνωμένα</span> <span class='ocrx_word' id='word_1_246' title='bbox 805 1883 870 1951; x_wconf 77' lang='grc' dir='ltr'>τῇ</span> <span class='ocrx_word' id='word_1_247' title='bbox 904 1880 1192 1953; x_wconf 83' lang='grc' dir='ltr'>διακρίσει,</span> <span class='ocrx_word' id='word_1_248' title='bbox 1222 1881 1316 1935; x_wconf 84' lang='grc' dir='ltr'>καὶ</span> <span class='ocrx_word' id='word_1_249' title='bbox 1346 1883 1412 1952; x_wconf 77' lang='grc' dir='ltr'>τῇ</span> <span class='ocrx_word' id='word_1_250' title='bbox 1458 1879 1646 1933; x_wconf 84' lang='grc' dir='ltr'>ὲνὼσει</span> <span class='ocrx_word' id='word_1_251' title='bbox 1668 1878 1783 1932; x_wconf 87' lang='grc' dir='ltr'>δια-</span> 
     </span>
    </p>
   </div>
   <div class='ocr_carea' id='block_1_37' title="bbox 199 1970 1782 2044">
    <p class='ocr_par' dir='ltr' id='par_1_37' title="bbox 199 1970 1782 2044">
     <span class='ocr_line' id='line_1_37' title="bbox 199 1970 1782 2044; baseline 0.001 -21"><span class='ocrx_word' id='word_1_252' title='bbox 199 1974 520 2043; x_wconf 81' lang='grc' dir='ltr'>κεκριμένα.</span> <span class='ocrx_word' id='word_1_253' title='bbox 558 1975 667 2026; x_wconf 77' lang='grc' dir='ltr'><strong>Καὶ</strong></span> <span class='ocrx_word' id='word_1_254' title='bbox 700 1971 831 2041; x_wconf 81' lang='grc' dir='ltr'>γοῦν</span> <span class='ocrx_word' id='word_1_255' title='bbox 867 1972 1104 2044; x_wconf 75' lang='grc' dir='ltr'>ὁρῶμεν,</span> <span class='ocrx_word' id='word_1_256' title='bbox 1132 1975 1190 2027; x_wconf 84' lang='grc' dir='ltr'><strong>ὲν</strong></span> <span class='ocrx_word' id='word_1_257' title='bbox 1222 1974 1355 2044; x_wconf 73' lang='grc' dir='ltr'>οἴκῳ</span> <span class='ocrx_word' id='word_1_258' title='bbox 1396 1971 1602 2025; x_wconf 84' lang='grc' dir='ltr'>πολλῶν</span> <span class='ocrx_word' id='word_1_259' title='bbox 1637 1970 1782 2024; x_wconf 84' lang='grc' dir='ltr'>ὲνόν-</span> 
     </span>
    </p>
   </div>
   <div class='ocr_carea' id='block_1_38' title="bbox 198 2063 1781 2135">
    <p class='ocr_par' dir='ltr' id='par_1_38' title="bbox 198 2063 1781 2135">
     <span class='ocr_line' id='line_1_38' title="bbox 198 2063 1781 2135; baseline 0.001 -21"><span class='ocrx_word' id='word_1_260' title='bbox 198 2080 304 2115; x_wconf 82' lang='grc' dir='ltr'><strong>των</strong></span> <span class='ocrx_word' id='word_1_261' title='bbox 330 2064 695 2134; x_wconf 76' lang='grc' dir='ltr'>λαμπτήρων,</span> <span class='ocrx_word' id='word_1_262' title='bbox 723 2065 857 2135; x_wconf 82' lang='grc' dir='ltr'>πρὸς</span> <span class='ocrx_word' id='word_1_263' title='bbox 885 2066 943 2117; x_wconf 77' lang='grc' dir='ltr'>έν</span> <span class='ocrx_word' id='word_1_264' title='bbox 970 2082 1019 2117; x_wconf 90' lang='grc' dir='ltr'><strong>τι</strong></span> <span class='ocrx_word' id='word_1_265' title='bbox 1051 2065 1163 2135; x_wconf 84' lang='grc' dir='ltr'><strong>φῶς</strong></span> <span class='ocrx_word' id='word_1_266' title='bbox 1189 2064 1450 2135; x_wconf 84' lang='grc' dir='ltr'>ένούμενα</span> <span class='ocrx_word' id='word_1_267' title='bbox 1474 2063 1543 2117; x_wconf 88' lang='grc' dir='ltr'><strong>τὰ</strong></span> <span class='ocrx_word' id='word_1_268' title='bbox 1564 2064 1781 2117; x_wconf 86' lang='grc' dir='ltr'>πάντων</span> 
     </span>
    </p>
   </div>
   <div class='ocr_carea' id='block_1_39' title="bbox 201 2154 1781 2235">
    <p class='ocr_par' dir='ltr' id='par_1_39' title="bbox 201 2154 1781 2235">
     <span class='ocr_line' id='line_1_39' title="bbox 201 2154 1781 2235; baseline -0.001 -27"><span class='ocrx_word' id='word_1_269' title='bbox 201 2156 377 2224; x_wconf 82' lang='grc' dir='ltr'>φῶτα,</span> <span class='ocrx_word' id='word_1_270' title='bbox 410 2159 503 2209; x_wconf 66' lang='grc' dir='ltr'><strong>καὶ</strong></span> <span class='ocrx_word' id='word_1_271' title='bbox 536 2157 663 2227; x_wconf 91' lang='grc' dir='ltr'>μίαν</span> <span class='ocrx_word' id='word_1_272' title='bbox 696 2157 888 2227; x_wconf 77' lang='grc' dir='ltr'>αἴγλην</span> <span class='ocrx_word' id='word_1_273' title='bbox 912 2157 1220 2228; x_wconf 82' lang='grc' dir='ltr'>ἀδιάκριτον</span> <span class='ocrx_word' id='word_1_274' title='bbox 1247 2156 1651 2235; x_wconf 76' lang='grc' dir='ltr'>ἀναλάμποντα,</span> <span class='ocrx_word' id='word_1_275' title='bbox 1686 2154 1781 2207; x_wconf 79' lang='grc' dir='ltr'><strong>καὶ</strong></span> 
     </span>
    </p>
   </div>
   <div class='ocr_carea' id='block_1_40' title="bbox 199 2244 1781 2319">
    <p class='ocr_par' dir='ltr' id='par_1_40' title="bbox 199 2244 1781 2319">
     <span class='ocr_line' id='line_1_40' title="bbox 199 2244 1781 2319; baseline -0.001 -19"><span class='ocrx_word' id='word_1_276' title='bbox 199 2249 297 2300; x_wconf 74' lang='grc' dir='ltr'>οὐκ</span> <span class='ocrx_word' id='word_1_277' title='bbox 330 2248 397 2301; x_wconf 79' lang='grc' dir='ltr'>ἀν</span> <span class='ocrx_word' id='word_1_278' title='bbox 427 2265 531 2311; x_wconf 86' lang='grc' dir='ltr'>τις,</span> <span class='ocrx_word' id='word_1_279' title='bbox 562 2248 636 2312; x_wconf 85' lang='grc' dir='ltr'>ὡς</span> <span class='ocrx_word' id='word_1_280' title='bbox 665 2244 834 2319; x_wconf 73' lang='grc' dir='ltr'>οἶμαι,</span> <span class='ocrx_word' id='word_1_281' title='bbox 861 2248 1073 2301; x_wconf 83' lang='grc' dir='ltr'>δύναιτο</span> <span class='ocrx_word' id='word_1_282' title='bbox 1094 2248 1245 2301; x_wconf 80' lang='grc' dir='ltr'>τοῦδε</span> <span class='ocrx_word' id='word_1_283' title='bbox 1260 2248 1353 2301; x_wconf 81' lang='grc' dir='ltr'>τοῦ</span> <span class='ocrx_word' id='word_1_284' title='bbox 1378 2247 1697 2319; x_wconf 81' lang='grc' dir='ltr'>λαμπτῆρος</span> <span class='ocrx_word' id='word_1_285' title='bbox 1719 2245 1781 2298; x_wconf 82' lang='grc' dir='ltr'>τὸ</span> 
     </span>
    </p>
   </div>
   <div class='ocr_carea' id='block_1_41' title="bbox 201 2339 1783 2409">
    <p class='ocr_par' dir='ltr' id='par_1_41' title="bbox 201 2339 1783 2409">
     <span class='ocr_line' id='line_1_41' title="bbox 201 2339 1783 2409; baseline 0 -18"><span class='ocrx_word' id='word_1_286' title='bbox 201 2339 315 2409; x_wconf 83' lang='grc' dir='ltr'>φῶς</span> <span class='ocrx_word' id='word_1_287' title='bbox 338 2341 450 2393; x_wconf 83' lang='grc' dir='ltr'>ἀπὸ</span> <span class='ocrx_word' id='word_1_288' title='bbox 476 2340 584 2392; x_wconf 79' lang='grc' dir='ltr'><strong>τῶν</strong></span> <span class='ocrx_word' id='word_1_289' title='bbox 608 2340 781 2394; x_wconf 76' lang='grc' dir='ltr'>ἄλλων</span> <span class='ocrx_word' id='word_1_290' title='bbox 810 2342 873 2392; x_wconf 76' lang='grc' dir='ltr'>ὲκ</span> <span class='ocrx_word' id='word_1_291' title='bbox 902 2340 1000 2393; x_wconf 81' lang='grc' dir='ltr'>τοῦ</span> <span class='ocrx_word' id='word_1_292' title='bbox 1032 2342 1207 2395; x_wconf 90' lang='grc' dir='ltr'>πάντα</span> <span class='ocrx_word' id='word_1_293' title='bbox 1230 2340 1300 2394; x_wconf 81' lang='grc' dir='ltr'>τὰ</span> <span class='ocrx_word' id='word_1_294' title='bbox 1325 2340 1477 2409; x_wconf 85' lang='grc' dir='ltr'>φῶτα</span> <span class='ocrx_word' id='word_1_295' title='bbox 1503 2339 1783 2409; x_wconf 86' lang='grc' dir='ltr'>περιέχον-</span> 
     </span>
    </p>
   </div>
   <div class='ocr_carea' id='block_1_42' title="bbox 199 2430 1779 2504">
    <p class='ocr_par' dir='ltr' id='par_1_42' title="bbox 199 2430 1779 2504">
     <span class='ocr_line' id='line_1_42' title="bbox 199 2430 1779 2504; baseline -0.001 -21"><span class='ocrx_word' id='word_1_296' title='bbox 199 2448 287 2495; x_wconf 86' lang='grc' dir='ltr'><strong>τος</strong></span> <span class='ocrx_word' id='word_1_297' title='bbox 319 2432 484 2503; x_wconf 82' lang='grc' dir='ltr'>ἀέρος</span> <span class='ocrx_word' id='word_1_298' title='bbox 518 2433 785 2503; x_wconf 84' lang='grc' dir='ltr'>διακρῖναι</span> <span class='ocrx_word' id='word_1_299' title='bbox 824 2434 917 2485; x_wconf 70' lang='grc' dir='ltr'>καὶ</span> <span class='ocrx_word' id='word_1_300' title='bbox 960 2432 1086 2485; x_wconf 86' lang='grc' dir='ltr'>ίδεῖν</span> <span class='ocrx_word' id='word_1_301' title='bbox 1110 2432 1236 2485; x_wconf 84' lang='grc' dir='ltr'>ἀνευ</span> <span class='ocrx_word' id='word_1_302' title='bbox 1264 2432 1492 2504; x_wconf 80' lang='grc' dir='ltr'>θατέρου</span> <span class='ocrx_word' id='word_1_303' title='bbox 1533 2430 1779 2499; x_wconf 86' lang='grc' dir='ltr'>θάτερον,</span> 
     </span>
    </p>
   </div>
   <div class='ocr_carea' id='block_1_43' title="bbox 202 2524 1350 2596">
    <p class='ocr_par' dir='ltr' id='par_1_43' title="bbox 202 2524 1350 2596">
     <span class='ocr_line' id='line_1_43' title="bbox 202 2524 1350 2596; baseline 0 -19"><span class='ocrx_word' id='word_1_304' title='bbox 202 2524 338 2577; x_wconf 84' lang='grc' dir='ltr'>ὅλων</span> <span class='ocrx_word' id='word_1_305' title='bbox 370 2527 429 2577; x_wconf 82' lang='grc' dir='ltr'><strong>ὲν</strong></span> <span class='ocrx_word' id='word_1_306' title='bbox 464 2525 607 2589; x_wconf 85' lang='grc' dir='ltr'>ὅλοις</span> <span class='ocrx_word' id='word_1_307' title='bbox 634 2524 847 2596; x_wconf 83' lang='grc' dir='ltr'>ἀμιγῶς</span> <span class='ocrx_word' id='word_1_308' title='bbox 874 2524 1350 2595; x_wconf 86' lang='grc' dir='ltr'>συγκεκραμένων.</span> 
     </span>
    </p>
   </div>
   <div class='ocr_carea' id='block_1_44' title="bbox 1893 1860 3457 1937">
    <p class='ocr_par' dir='ltr' id='par_1_44' title="bbox 1893 1860 3457 1937">
     <span class='ocr_line' id='line_1_44' title="bbox 1893 1860 3457 1937; baseline 0.004 -21"><span class='ocrx_word' id='word_1_309' title='bbox 1893 1863 2037 1916; x_wconf 91' lang='lat' dir='ltr'><strong>tibus</strong></span> <span class='ocrx_word' id='word_1_310' title='bbox 2063 1869 2117 1915; x_wconf 88' lang='lat' dir='ltr'><strong>et</strong></span> <span class='ocrx_word' id='word_1_311' title='bbox 2142 1860 2504 1915; x_wconf 77' lang='lat' dir='ltr'><strong>familiaribus</strong></span> <span class='ocrx_word' id='word_1_312' title='bbox 2537 1864 2679 1931; x_wconf 89' lang='lat' dir='ltr'><strong>utar)</strong></span> <span class='ocrx_word' id='word_1_313' title='bbox 2710 1878 2829 1931; x_wconf 66' lang='lat' dir='ltr'><strong>qua:</strong></span> <span class='ocrx_word' id='word_1_314' title='bbox 2859 1874 2989 1919; x_wconf 92' lang='lat' dir='ltr'><strong>sunt</strong></span> <span class='ocrx_word' id='word_1_315' title='bbox 3037 1866 3088 1920; x_wconf 92' lang='lat' dir='ltr'><strong>in</strong></span> <span class='ocrx_word' id='word_1_316' title='bbox 3138 1882 3242 1920; x_wconf 87' lang='lat' dir='ltr'><strong>una</strong></span> <span class='ocrx_word' id='word_1_317' title='bbox 3272 1868 3457 1937; x_wconf 89' lang='lat' dir='ltr'><strong>domo,</strong></span> 
     </span>
    </p>
   </div>
   <div class='ocr_carea' id='block_1_45' title="bbox 1888 1954 3460 2028">
    <p class='ocr_par' dir='ltr' id='par_1_45' title="bbox 1888 1954 3460 2028">
     <span class='ocr_line' id='line_1_45' title="bbox 1888 1954 3460 2028; baseline 0.004 -19"><span class='ocrx_word' id='word_1_318' title='bbox 1888 1963 1946 2010; x_wconf 91' lang='lat' dir='ltr'><strong>et</strong></span> <span class='ocrx_word' id='word_1_319' title='bbox 1991 1964 2100 2009; x_wconf 88' lang='lat' dir='ltr'><strong>tota</strong></span> <span class='ocrx_word' id='word_1_320' title='bbox 2154 1962 2280 2008; x_wconf 90' lang='lat' dir='ltr'><strong>sunt</strong></span> <span class='ocrx_word' id='word_1_321' title='bbox 2310 1954 2361 2007; x_wconf 93' lang='lat' dir='ltr'><strong>in</strong></span> <span class='ocrx_word' id='word_1_322' title='bbox 2392 1968 2451 2008; x_wconf 91' lang='lat' dir='ltr'><strong>se</strong></span> <span class='ocrx_word' id='word_1_323' title='bbox 2484 1954 2608 2008; x_wconf 87' lang='lat' dir='ltr'><strong>lotis</strong></span> <span class='ocrx_word' id='word_1_324' title='bbox 2646 1955 2908 2023; x_wconf 80' lang='lat' dir='ltr'><strong>vicissim,</strong></span> <span class='ocrx_word' id='word_1_325' title='bbox 2946 1974 3049 2012; x_wconf 84' lang='lat' dir='ltr'><strong>non</strong></span> <span class='ocrx_word' id='word_1_326' title='bbox 3082 1960 3365 2028; x_wconf 89' lang='lat' dir='ltr'><strong>permista,</strong></span> <span class='ocrx_word' id='word_1_327' title='bbox 3396 1976 3460 2016; x_wconf 87' lang='lat' dir='ltr'><strong>ac</strong></span> 
     </span>
    </p>
   </div>
   <div class='ocr_carea' id='block_1_46' title="bbox 1887 2046 3457 2122">
    <p class='ocr_par' dir='ltr' id='par_1_46' title="bbox 1887 2046 3457 2122">
     <span class='ocr_line' id='line_1_46' title="bbox 1887 2046 3457 2122; baseline 0.006 -24"><span class='ocrx_word' id='word_1_328' title='bbox 1887 2061 1985 2117; x_wconf 89' lang='lat' dir='ltr'><strong>per</strong></span> <span class='ocrx_word' id='word_1_329' title='bbox 2015 2063 2074 2102; x_wconf 87' lang='lat' dir='ltr'><strong>se</strong></span> <span class='ocrx_word' id='word_1_330' title='bbox 2097 2048 2370 2101; x_wconf 78' lang='lat' dir='ltr'><strong>exsistunt</strong></span> <span class='ocrx_word' id='word_1_331' title='bbox 2395 2046 2640 2117; x_wconf 81' lang='lat' dir='ltr'><strong>perfecte</strong></span> <span class='ocrx_word' id='word_1_332' title='bbox 2674 2046 2817 2101; x_wconf 82' lang='lat' dir='ltr'><strong>inter</strong></span> <span class='ocrx_word' id='word_1_333' title='bbox 2856 2063 2915 2104; x_wconf 90' lang='lat' dir='ltr'><strong>se</strong></span> <span class='ocrx_word' id='word_1_334' title='bbox 2965 2059 3150 2105; x_wconf 91' lang='lat' dir='ltr'><strong>mutuo</strong></span> <span class='ocrx_word' id='word_1_335' title='bbox 3176 2053 3457 2122; x_wconf 83' lang='lat' dir='ltr'><strong>sigillatim</strong></span> 
     </span>
    </p>
   </div>
   <div class='ocr_carea' id='block_1_47' title="bbox 1889 2136 3455 2204">
    <p class='ocr_par' dir='ltr' id='par_1_47' title="bbox 1889 2136 3455 2204">
     <span class='ocr_line' id='line_1_47' title="bbox 1889 2136 3455 2204; baseline 0.005 -14"><span class='ocrx_word' id='word_1_336' title='bbox 1889 2138 2162 2201; x_wconf 88' lang='lat' dir='ltr'><strong>distincta,</strong></span> <span class='ocrx_word' id='word_1_337' title='bbox 2198 2136 2480 2204; x_wconf 82' lang='lat' dir='ltr'><strong>conjum-ta</strong></span> <span class='ocrx_word' id='word_1_338' title='bbox 2542 2137 2593 2189; x_wconf 92' lang='lat' dir='ltr'><strong>in</strong></span> <span class='ocrx_word' id='word_1_339' title='bbox 2645 2153 2809 2189; x_wconf 92' lang='lat' dir='ltr'><strong>unum</strong></span> <span class='ocrx_word' id='word_1_340' title='bbox 2844 2138 3096 2202; x_wconf 88' lang='lat' dir='ltr'><strong>discrete,</strong></span> <span class='ocrx_word' id='word_1_341' title='bbox 3129 2150 3185 2194; x_wconf 89' lang='lat' dir='ltr'><strong>et</strong></span> <span class='ocrx_word' id='word_1_342' title='bbox 3213 2141 3455 2199; x_wconf 81' lang='lat' dir='ltr'><strong>discreta</strong></span> 
     </span>
    </p>
   </div>
   <div class='ocr_carea' id='block_1_48' title="bbox 1888 2229 3455 2304">
    <p class='ocr_par' dir='ltr' id='par_1_48' title="bbox 1888 2229 3455 2304">
     <span class='ocr_line' id='line_1_48' title="bbox 1888 2229 3455 2304; baseline 0.003 -21"><span class='ocrx_word' id='word_1_343' title='bbox 1888 2229 2245 2298; x_wconf 83' lang='lat' dir='ltr'><strong>conjunctim.</strong></span> <span class='ocrx_word' id='word_1_344' title='bbox 2277 2229 2555 2298; x_wconf 83' lang='lat' dir='ltr'><strong>Siquidem</strong></span> <span class='ocrx_word' id='word_1_345' title='bbox 2607 2229 2659 2283; x_wconf 89' lang='lat' dir='ltr'><strong>in</strong></span> <span class='ocrx_word' id='word_1_346' title='bbox 2705 2232 2869 2283; x_wconf 85' lang='lat' dir='ltr'><strong>domo</strong></span> <span class='ocrx_word' id='word_1_347' title='bbox 2909 2232 3204 2297; x_wconf 77' lang='lat' dir='ltr'><strong>cernimus,</strong></span> <span class='ocrx_word' id='word_1_348' title='bbox 3250 2234 3303 2287; x_wconf 90' lang='lat' dir='ltr'><strong>in</strong></span> <span class='ocrx_word' id='word_1_349' title='bbox 3349 2249 3455 2304; x_wconf 87' lang='lat' dir='ltr'><strong>qua</strong></span> 
     </span>
    </p>
   </div>
   <div class='ocr_carea' id='block_1_49' title="bbox 1888 2322 3457 2394">
    <p class='ocr_par' dir='ltr' id='par_1_49' title="bbox 1888 2322 3457 2394">
     <span class='ocr_line' id='line_1_49' title="bbox 1888 2322 3457 2394; baseline 0.004 -17"><span class='ocrx_word' id='word_1_350' title='bbox 1888 2325 2069 2377; x_wconf 77' lang='lat' dir='ltr'><strong>nmlta:</strong></span> <span class='ocrx_word' id='word_1_351' title='bbox 2096 2325 2369 2393; x_wconf 88' lang='lat' dir='ltr'><strong>lampades</strong></span> <span class='ocrx_word' id='word_1_352' title='bbox 2397 2322 2689 2386; x_wconf 81' lang='lat' dir='ltr'><strong>exsistunt,</strong></span> <span class='ocrx_word' id='word_1_353' title='bbox 2709 2324 2761 2377; x_wconf 92' lang='lat' dir='ltr'><strong>in</strong></span> <span class='ocrx_word' id='word_1_354' title='bbox 2785 2341 2950 2378; x_wconf 92' lang='lat' dir='ltr'><strong>unum</strong></span> <span class='ocrx_word' id='word_1_355' title='bbox 2975 2326 3246 2394; x_wconf 78' lang='lat' dir='ltr'><strong>quoddam</strong></span> <span class='ocrx_word' id='word_1_356' title='bbox 3276 2326 3457 2384; x_wconf 88' lang='lat' dir='ltr'><strong>lumen</strong></span> 
     </span>
    </p>
   </div>
   <div class='ocr_carea' id='block_1_50' title="bbox 1885 2416 3456 2488">
    <p class='ocr_par' dir='ltr' id='par_1_50' title="bbox 1885 2416 3456 2488">
     <span class='ocr_line' id='line_1_50' title="bbox 1885 2416 3456 2488; baseline 0.003 -18"><span class='ocrx_word' id='word_1_357' title='bbox 1885 2429 2200 2470; x_wconf 87' lang='lat' dir='ltr'><strong>cunctarum</strong></span> <span class='ocrx_word' id='word_1_358' title='bbox 2230 2416 2432 2469; x_wconf 87' lang='lat' dir='ltr'><strong>lumina</strong></span> <span class='ocrx_word' id='word_1_359' title='bbox 2457 2418 2790 2483; x_wconf 85' lang='lat' dir='ltr'><strong>coalescere,</strong></span> <span class='ocrx_word' id='word_1_360' title='bbox 2811 2417 3267 2488; x_wconf 85' lang='lat' dir='ltr'><strong>splendoremque</strong></span> <span class='ocrx_word' id='word_1_361' title='bbox 3288 2437 3456 2475; x_wconf 92' lang='lat' dir='ltr'><strong>unum</strong></span> 
     </span>
    </p>
   </div>
   <div class='ocr_carea' id='block_1_51' title="bbox 1885 2506 3459 2582">
    <p class='ocr_par' dir='ltr' id='par_1_51' title="bbox 1885 2506 3459 2582">
     <span class='ocr_line' id='line_1_51' title="bbox 1885 2506 3459 2582; baseline 0.003 -21"><span class='ocrx_word' id='word_1_362' title='bbox 1885 2508 2328 2576; x_wconf 81' lang='lat' dir='ltr'><strong>iinlividuumque</strong></span> <span class='ocrx_word' id='word_1_363' title='bbox 2355 2506 2599 2576; x_wconf 82' lang='lat' dir='ltr'><strong>proferre</strong></span> <span class='ocrx_word' id='word_1_364' title='bbox 2624 2525 2638 2571; x_wconf 89' lang='lat'><strong>;</strong></span> <span class='ocrx_word' id='word_1_365' title='bbox 2679 2524 2853 2579; x_wconf 89' lang='lat' dir='ltr'><strong>neque</strong></span> <span class='ocrx_word' id='word_1_366' title='bbox 2886 2513 3198 2582; x_wconf 87' lang='lat' dir='ltr'><strong>quisquatn,</strong></span> <span class='ocrx_word' id='word_1_367' title='bbox 3227 2520 3282 2565; x_wconf 89' lang='lat' dir='ltr'><strong>ut</strong></span> <span class='ocrx_word' id='word_1_368' title='bbox 3312 2510 3459 2567; x_wconf 80' lang='lat' dir='ltr'><strong>arbi-</strong></span> 
     </span>
    </p>
   </div>
   <div class='ocr_carea' id='block_1_52' title="bbox 205 2600 3455 2686">
    <p class='ocr_par' dir='ltr' id='par_1_52' title="bbox 205 2600 3455 2686">
     <span class='ocr_line' id='line_1_52' title="bbox 205 2600 3455 2686; baseline -0.002 -17"><span class='ocrx_word' id='word_1_369' title='bbox 205 2625 336 2681; x_wconf 86' lang='lat' dir='ltr'><strong>tror,</strong></span> <span class='ocrx_word' id='word_1_370' title='bbox 397 2626 578 2685; x_wconf 82' lang='lat' dir='ltr'><strong>potest</strong></span> <span class='ocrx_word' id='word_1_371' title='bbox 624 2619 782 2672; x_wconf 85' lang='lat' dir='ltr'><strong>unius</strong></span> <span class='ocrx_word' id='word_1_372' title='bbox 832 2617 1095 2686; x_wconf 79' lang='lat' dir='ltr'><strong>lampadis</strong></span> <span class='ocrx_word' id='word_1_373' title='bbox 1129 2616 1307 2670; x_wconf 87' lang='lat' dir='ltr'><strong>lumen</strong></span> <span class='ocrx_word' id='word_1_374' title='bbox 1338 2619 1405 2671; x_wconf 87' lang='lat' dir='ltr'><strong>ab</strong></span> <span class='ocrx_word' id='word_1_375' title='bbox 1446 2614 1674 2669; x_wconf 86' lang='lat' dir='ltr'><strong>aliarum</strong></span> <span class='ocrx_word' id='word_1_376' title='bbox 1713 2625 1777 2665; x_wconf 80' lang='lat' dir='ltr'><strong>ex</strong></span> <span class='ocrx_word' id='word_1_377' title='bbox 1822 2621 1946 2663; x_wconf 86' lang='lat' dir='ltr'><strong>aere</strong></span> <span class='ocrx_word' id='word_1_378' title='bbox 1974 2613 2169 2656; x_wconf 84' lang='lat' dir='ltr'><strong>cuncta</strong></span> <span class='ocrx_word' id='word_1_379' title='bbox 2204 2601 2407 2654; x_wconf 88' lang='lat' dir='ltr'><strong>lumina</strong></span> <span class='ocrx_word' id='word_1_380' title='bbox 2441 2600 2760 2656; x_wconf 77' lang='lat' dir='ltr'><strong>continente</strong></span> <span class='ocrx_word' id='word_1_381' title='bbox 2814 2617 3127 2669; x_wconf 86' lang='lat' dir='ltr'><strong>secernere,</strong></span> <span class='ocrx_word' id='word_1_382' title='bbox 3186 2614 3349 2676; x_wconf 89' lang='lat' dir='ltr'><strong>atque</strong></span> <span class='ocrx_word' id='word_1_383' title='bbox 3370 2608 3455 2662; x_wconf 84' lang='lat' dir='ltr'><strong>al-</strong></span> 
     </span>
    </p>
   </div>
   <div class='ocr_carea' id='block_1_53' title="bbox 205 2696 2741 2781">
    <p class='ocr_par' dir='ltr' id='par_1_53' title="bbox 205 2696 2741 2781">
     <span class='ocr_line' id='line_1_53' title="bbox 205 2696 2741 2781; baseline -0.007 -19"><span class='ocrx_word' id='word_1_384' title='bbox 205 2717 378 2762; x_wconf 83' lang='lat' dir='ltr'><strong>terum</strong></span> <span class='ocrx_word' id='word_1_385' title='bbox 438 2707 645 2776; x_wconf 86' lang='lat' dir='ltr'><strong>absque</strong></span> <span class='ocrx_word' id='word_1_386' title='bbox 697 2709 869 2764; x_wconf 88' lang='lat' dir='ltr'><strong>altero</strong></span> <span class='ocrx_word' id='word_1_387' title='bbox 910 2711 1117 2773; x_wconf 84' lang='lat' dir='ltr'><strong>videre,</strong></span> <span class='ocrx_word' id='word_1_388' title='bbox 1149 2711 1293 2781; x_wconf 91' lang='lat' dir='ltr'><strong>quod</strong></span> <span class='ocrx_word' id='word_1_389' title='bbox 1339 2718 1455 2763; x_wconf 86' lang='lat' dir='ltr'><strong>tota</strong></span> <span class='ocrx_word' id='word_1_390' title='bbox 1493 2708 1620 2761; x_wconf 89' lang='lat' dir='ltr'><strong>totis</strong></span> <span class='ocrx_word' id='word_1_391' title='bbox 1663 2706 1784 2758; x_wconf 88' lang='lat' dir='ltr'><strong>sine</strong></span> <span class='ocrx_word' id='word_1_392' title='bbox 1801 2696 2139 2770; x_wconf 55' lang='lat' dir='ltr'><strong>pontusiune</strong></span> <span class='ocrx_word' id='word_1_393' title='bbox 2171 2704 2583 2762; x_wconf 76' lang='lat' dir='ltr'><strong>contemperata</strong></span> <span class='ocrx_word' id='word_1_394' title='bbox 2614 2696 2741 2749; x_wconf 84' lang='lat' dir='ltr'><strong>sint.</strong></span> 
     </span>
    </p>
   </div>
   <div class='ocr_carea' id='block_1_54' title="bbox 282 2787 1764 2873">
    <p class='ocr_par' dir='ltr' id='par_1_54' title="bbox 282 2798 1764 2873">
     <span class='ocr_line' id='line_1_54' title="bbox 282 2798 1764 2873; baseline -0.003 -20"><span class='ocrx_word' id='word_1_395' title='bbox 282 2802 449 2854; x_wconf 81' lang='grc' dir='ltr'>Ἀλλὰ</span> <span class='ocrx_word' id='word_1_396' title='bbox 486 2802 581 2854; x_wconf 75' lang='grc' dir='ltr'>καὶ</span> <span class='ocrx_word' id='word_1_397' title='bbox 623 2802 670 2853; x_wconf 86' lang='grc' dir='ltr'><strong>εί</strong></span> <span class='ocrx_word' id='word_1_398' title='bbox 711 2801 802 2855; x_wconf 80' lang='grc' dir='ltr'>τὸν</span> <span class='ocrx_word' id='word_1_399' title='bbox 833 2802 928 2855; x_wconf 71' lang='grc' dir='ltr'>ἕνα</span> <span class='ocrx_word' id='word_1_400' title='bbox 952 2820 1037 2866; x_wconf 87' lang='grc' dir='ltr'><strong>τις</strong></span> <span class='ocrx_word' id='word_1_401' title='bbox 1067 2803 1174 2855; x_wconf 83' lang='grc' dir='ltr'><strong>τῶν</strong></span> <span class='ocrx_word' id='word_1_402' title='bbox 1202 2802 1421 2873; x_wconf 81' lang='grc' dir='ltr'>πυρσῶν</span> <span class='ocrx_word' id='word_1_403' title='bbox 1446 2798 1764 2866; x_wconf 69' lang='grc' dir='ltr'>ὑπεξαγάγοι</span> 
     </span>
    </p>
   </div>
   <div class='ocr_carea' id='block_1_55' title="bbox 1972 2787 3454 2873">
    <p class='ocr_par' dir='ltr' id='par_1_55' title="bbox 1972 2787 3454 2861">
     <span class='ocr_line' id='line_1_55' title="bbox 1972 2787 3454 2861; baseline 0.007 -22"><span class='ocrx_word' id='word_1_404' title='bbox 1972 2788 2207 2854; x_wconf 71' lang='lat' dir='ltr'><strong>)uinimo</strong></span> <span class='ocrx_word' id='word_1_405' title='bbox 2235 2788 2278 2840; x_wconf 91' lang='lat' dir='ltr'><strong>si</strong></span> <span class='ocrx_word' id='word_1_406' title='bbox 2307 2788 2430 2855; x_wconf 85' lang='lat' dir='ltr'><strong>quis</strong></span> <span class='ocrx_word' id='word_1_407' title='bbox 2469 2801 2626 2839; x_wconf 89' lang='lat' dir='ltr'><strong>unam</strong></span> <span class='ocrx_word' id='word_1_408' title='bbox 2658 2787 2959 2855; x_wconf 85' lang='lat' dir='ltr'><strong>lampadem</strong></span> <span class='ocrx_word' id='word_1_409' title='bbox 2990 2791 3184 2845; x_wconf 83' lang='lat' dir='ltr'><strong>educat</strong></span> <span class='ocrx_word' id='word_1_410' title='bbox 3213 2810 3244 2848; x_wconf 91' lang='lat' dir='ltr'><strong>e</strong></span> <span class='ocrx_word' id='word_1_411' title='bbox 3270 2797 3454 2861; x_wconf 89' lang='lat' dir='ltr'><strong>domo,</strong></span> 
     </span>
    </p>
   </div>
   <div class='ocr_carea' id='block_1_56' title="bbox 199 2876 1681 2963">
    <p class='ocr_par' dir='ltr' id='par_1_56' title="bbox 199 2892 1681 2963">
     <span class='ocr_line' id='line_1_56' title="bbox 199 2892 1681 2963; baseline -0.003 -16"><span class='ocrx_word' id='word_1_412' title='bbox 199 2893 292 2947; x_wconf 81' lang='grc' dir='ltr'>τοῦ</span> <span class='ocrx_word' id='word_1_413' title='bbox 337 2894 633 2963; x_wconf 79' lang='grc' dir='ltr'>δωματίου,</span> <span class='ocrx_word' id='word_1_414' title='bbox 664 2893 1096 2959; x_wconf 82' lang='grc' dir='ltr'>συνεξελεύσεται</span> <span class='ocrx_word' id='word_1_415' title='bbox 1141 2896 1232 2949; x_wconf 74' lang='grc' dir='ltr'>καὶ</span> <span class='ocrx_word' id='word_1_416' title='bbox 1284 2894 1344 2947; x_wconf 74' lang='grc' dir='ltr'><strong>τὸ</strong></span> <span class='ocrx_word' id='word_1_417' title='bbox 1393 2896 1589 2946; x_wconf 74' lang='grc' dir='ltr'>οἰκεῖον</span> <span class='ocrx_word' id='word_1_418' title='bbox 1635 2892 1681 2945; x_wconf 55' lang='lat' dir='ltr'><strong>ac</strong></span> 
     </span>
    </p>
   </div>
   <div class='ocr_carea' id='block_1_57' title="bbox 1970 2876 3452 2963">
    <p class='ocr_par' dir='ltr' id='par_1_57' title="bbox 1973 2876 3452 2955">
     <span class='ocr_line' id='line_1_57' title="bbox 1973 2876 3452 2955; baseline 0.007 -24"><span class='ocrx_word' id='word_1_419' title='bbox 1973 2878 2046 2931; x_wconf 87' lang='lat' dir='ltr'><strong>ml</strong></span> <span class='ocrx_word' id='word_1_420' title='bbox 2094 2876 2266 2931; x_wconf 72' lang='lat' dir='ltr'><strong>exibit</strong></span> <span class='ocrx_word' id='word_1_421' title='bbox 2319 2886 2487 2930; x_wconf 92' lang='lat' dir='ltr'><strong>totum</strong></span> <span class='ocrx_word' id='word_1_422' title='bbox 2534 2879 2811 2947; x_wconf 80' lang='lat' dir='ltr'><strong>proprium</strong></span> <span class='ocrx_word' id='word_1_423' title='bbox 2866 2879 3070 2945; x_wconf 87' lang='lat' dir='ltr'><strong>lumen,</strong></span> <span class='ocrx_word' id='word_1_424' title='bbox 3114 2885 3247 2938; x_wconf 87' lang='lat' dir='ltr'><strong>nihil</strong></span> <span class='ocrx_word' id='word_1_425' title='bbox 3296 2888 3452 2955; x_wconf 89' lang='lat' dir='ltr'><strong>quid-</strong></span> 
     </span>
    </p>
   </div>
   <div class='ocr_carea' id='block_1_58' title="bbox 201 2967 1683 3058">
    <p class='ocr_par' dir='ltr' id='par_1_58' title="bbox 201 2985 1683 3058">
     <span class='ocr_line' id='line_1_58' title="bbox 201 2985 1683 3058; baseline -0.002 -20"><span class='ocrx_word' id='word_1_426' title='bbox 201 2987 316 3055; x_wconf 77' lang='grc' dir='ltr'>φῶς</span> <span class='ocrx_word' id='word_1_427' title='bbox 348 2986 501 3039; x_wconf 77' lang='grc' dir='ltr'>οὐδέν</span> <span class='ocrx_word' id='word_1_428' title='bbox 521 3003 573 3039; x_wconf 90' lang='grc' dir='ltr'><strong>τι</strong></span> <span class='ocrx_word' id='word_1_429' title='bbox 591 2985 697 3038; x_wconf 85' lang='grc' dir='ltr'><strong>τῶν</strong></span> <span class='ocrx_word' id='word_1_430' title='bbox 722 2986 921 3058; x_wconf 75' lang='grc' dir='ltr'>ἐτέρων</span> <span class='ocrx_word' id='word_1_431' title='bbox 944 2987 1135 3055; x_wconf 85' lang='grc' dir='ltr'>φώτων</span> <span class='ocrx_word' id='word_1_432' title='bbox 1158 2988 1213 3039; x_wconf 79' lang='grc' dir='ltr'><strong>ὲν</strong></span> <span class='ocrx_word' id='word_1_433' title='bbox 1241 2985 1417 3055; x_wconf 78' lang='grc' dir='ltr'>ἑαυτῷ</span> <span class='ocrx_word' id='word_1_434' title='bbox 1442 3001 1683 3037; x_wconf 76' lang='grc' dir='ltr'>συνεπισι</span> 
     </span>
    </p>
   </div>
   <div class='ocr_carea' id='block_1_59' title="bbox 1971 2967 3453 3058">
    <p class='ocr_par' dir='ltr' id='par_1_59' title="bbox 1971 2967 3453 3042">
     <span class='ocr_line' id='line_1_59' title="bbox 1971 2967 3453 3042; baseline 0.008 -20"><span class='ocrx_word' id='word_1_435' title='bbox 1971 2985 2046 3022; x_wconf 80' lang='lat' dir='ltr'><strong>nn</strong></span> <span class='ocrx_word' id='word_1_436' title='bbox 2081 2980 2395 3022; x_wconf 65' lang='lat' dir='ltr'><strong>caeterornm</strong></span> <span class='ocrx_word' id='word_1_437' title='bbox 2422 2967 2680 3022; x_wconf 89' lang='lat' dir='ltr'><strong>luminum</strong></span> <span class='ocrx_word' id='word_1_438' title='bbox 2706 2970 2757 3024; x_wconf 90' lang='lat' dir='ltr'><strong>in</strong></span> <span class='ocrx_word' id='word_1_439' title='bbox 2811 2972 2987 3039; x_wconf 86' lang='lat' dir='ltr'><strong>seipsa</strong></span> <span class='ocrx_word' id='word_1_440' title='bbox 3015 2974 3175 3029; x_wconf 87' lang='lat' dir='ltr'><strong>simul</strong></span> <span class='ocrx_word' id='word_1_441' title='bbox 3208 2978 3453 3042; x_wconf 82' lang='lat' dir='ltr'><strong>trahens,</strong></span> 
     </span>
    </p>
   </div>
   <div class='ocr_carea' id='block_1_60' title="bbox 205 3060 1687 3158">
    <p class='ocr_par' dir='ltr' id='par_1_60' title="bbox 205 3078 1675 3151">
     <span class='ocr_line' id='line_1_60' title="bbox 205 3078 1675 3151; baseline -0.001 -20"><span class='ocrx_word' id='word_1_442' title='bbox 205 3095 361 3149; x_wconf 87' lang='grc' dir='ltr'>μενον</span> <span class='ocrx_word' id='word_1_443' title='bbox 377 3080 446 3141; x_wconf 80' lang='grc'><strong>⁸³,</strong></span> <span class='ocrx_word' id='word_1_444' title='bbox 477 3079 510 3149; x_wconf 79' lang='grc' dir='ltr'>ἢ</span> <span class='ocrx_word' id='word_1_445' title='bbox 536 3078 630 3132; x_wconf 83' lang='grc' dir='ltr'>τοῦ</span> <span class='ocrx_word' id='word_1_446' title='bbox 653 3080 845 3133; x_wconf 78' lang='grc' dir='ltr'>ἑαυτοῦ</span> <span class='ocrx_word' id='word_1_447' title='bbox 871 3083 982 3143; x_wconf 86' lang='grc' dir='ltr'>τοῖς</span> <span class='ocrx_word' id='word_1_448' title='bbox 1021 3081 1227 3151; x_wconf 79' lang='grc' dir='ltr'>ἑτέροις</span> <span class='ocrx_word' id='word_1_449' title='bbox 1261 3079 1586 3131; x_wconf 85' lang='grc' dir='ltr'>καταλείπον</span> <span class='ocrx_word' id='word_1_450' title='bbox 1601 3079 1645 3109; x_wconf 74' lang='grc'>⁸⁸</span> <span class='ocrx_word' id='word_1_451' title='bbox 1662 3096 1675 3108; x_wconf 70' lang='grc'><strong><em>⁸</em></strong></span> 
     </span>
    </p>
   </div>
   <div class='ocr_carea' id='block_1_61' title="bbox 1970 3060 3452 3158">
    <p class='ocr_par' dir='ltr' id='par_1_61' title="bbox 1970 3060 3452 3136">
     <span class='ocr_line' id='line_1_61' title="bbox 1970 3060 3452 3136; baseline 0.008 -22"><span class='ocrx_word' id='word_1_452' title='bbox 1970 3076 2060 3131; x_wconf 59' lang='lat' dir='ltr'><strong>lue</strong></span> <span class='ocrx_word' id='word_1_453' title='bbox 2083 3060 2287 3130; x_wconf 88' lang='lat' dir='ltr'><strong>aliquid</strong></span> <span class='ocrx_word' id='word_1_454' title='bbox 2310 3062 2392 3115; x_wconf 91' lang='lat' dir='ltr'><strong>sui</strong></span> <span class='ocrx_word' id='word_1_455' title='bbox 2416 3062 2521 3115; x_wconf 89' lang='lat' dir='ltr'><strong>illis</strong></span> <span class='ocrx_word' id='word_1_456' title='bbox 2544 3062 2889 3131; x_wconf 87' lang='lat' dir='ltr'><strong>relinquens;</strong></span> <span class='ocrx_word' id='word_1_457' title='bbox 2916 3080 3031 3120; x_wconf 84' lang='lat' dir='ltr'><strong>erat</strong></span> <span class='ocrx_word' id='word_1_458' title='bbox 3052 3068 3194 3123; x_wconf 90' lang='lat' dir='ltr'><strong>enim</strong></span> <span class='ocrx_word' id='word_1_459' title='bbox 3216 3070 3452 3136; x_wconf 87' lang='lat' dir='ltr'><strong>illorum,</strong></span> 
     </span>
    </p>
   </div>
   <div class='ocr_carea' id='block_1_62' title="bbox 200 3170 1779 3243">
    <p class='ocr_par' dir='ltr' id='par_1_62' title="bbox 200 3170 1779 3243">
     <span class='ocr_line' id='line_1_62' title="bbox 200 3170 1779 3243; baseline -0.001 -18"><span class='ocrx_word' id='word_1_460' title='bbox 200 3173 308 3243; x_wconf 86' lang='grc' dir='ltr'><strong>γάρ</strong></span> <span class='ocrx_word' id='word_1_461' title='bbox 355 3172 560 3235; x_wconf 79' lang='grc' dir='ltr'>αὐτῶν,</span> <span class='ocrx_word' id='word_1_462' title='bbox 585 3173 720 3243; x_wconf 86' lang='grc' dir='ltr'>ὅπερ</span> <span class='ocrx_word' id='word_1_463' title='bbox 761 3172 917 3243; x_wconf 79' lang='grc' dir='ltr'>ἔφην,</span> <span class='ocrx_word' id='word_1_464' title='bbox 942 3175 975 3242; x_wconf 87' lang='grc' dir='ltr'><strong>ή</strong></span> <span class='ocrx_word' id='word_1_465' title='bbox 1020 3171 1154 3225; x_wconf 86' lang='grc' dir='ltr'>ὅλων</span> <span class='ocrx_word' id='word_1_466' title='bbox 1200 3172 1334 3243; x_wconf 83' lang='grc' dir='ltr'>πρὸς</span> <span class='ocrx_word' id='word_1_467' title='bbox 1377 3172 1473 3224; x_wconf 89' lang='grc' dir='ltr'><strong>ὅλα</strong></span> <span class='ocrx_word' id='word_1_468' title='bbox 1513 3170 1779 3243; x_wconf 81' lang='grc' dir='ltr'>παντελὴς</span> 
     </span>
    </p>
   </div>
   <div class='ocr_carea' id='block_1_63' title="bbox 200 3264 1780 3335">
    <p class='ocr_par' dir='ltr' id='par_1_63' title="bbox 200 3264 1780 3335">
     <span class='ocr_line' id='line_1_63' title="bbox 200 3264 1780 3335; baseline -0.001 -18"><span class='ocrx_word' id='word_1_469' title='bbox 200 3264 394 3328; x_wconf 73' lang='grc' dir='ltr'>ἓνωσις</span> <span class='ocrx_word' id='word_1_470' title='bbox 426 3264 635 3335; x_wconf 84' lang='grc' dir='ltr'>ἀμιγὴς</span> <span class='ocrx_word' id='word_1_471' title='bbox 667 3264 914 3327; x_wconf 82' lang='grc' dir='ltr'>καθόλου,</span> <span class='ocrx_word' id='word_1_472' title='bbox 940 3265 1033 3317; x_wconf 75' lang='grc' dir='ltr'>καὶ</span> <span class='ocrx_word' id='word_1_473' title='bbox 1065 3264 1237 3317; x_wconf 75' lang='grc' dir='ltr'>οὐδενὶ</span> <span class='ocrx_word' id='word_1_474' title='bbox 1271 3264 1425 3334; x_wconf 83' lang='grc' dir='ltr'>μέρει</span> <span class='ocrx_word' id='word_1_475' title='bbox 1461 3279 1780 3334; x_wconf 86' lang='grc' dir='ltr'>συμπεφυρ-</span> 
     </span>
    </p>
   </div>
   <div class='ocr_carea' id='block_1_64' title="bbox 206 3355 1778 3428">
    <p class='ocr_par' dir='ltr' id='par_1_64' title="bbox 206 3355 1778 3428">
     <span class='ocr_line' id='line_1_64' title="bbox 206 3355 1778 3428; baseline -0.001 -18"><span class='ocrx_word' id='word_1_476' title='bbox 206 3356 362 3427; x_wconf 85' lang='grc' dir='ltr'>μένη,</span> <span class='ocrx_word' id='word_1_477' title='bbox 402 3357 498 3410; x_wconf 81' lang='grc' dir='ltr'>καὶ</span> <span class='ocrx_word' id='word_1_478' title='bbox 533 3355 705 3409; x_wconf 83' lang='grc' dir='ltr'>ταῦτα</span> <span class='ocrx_word' id='word_1_479' title='bbox 739 3356 905 3421; x_wconf 80' lang='grc' dir='ltr'>ὅντως</span> <span class='ocrx_word' id='word_1_480' title='bbox 944 3358 1002 3409; x_wconf 83' lang='grc' dir='ltr'><strong>ὲν</strong></span> <span class='ocrx_word' id='word_1_481' title='bbox 1038 3357 1246 3427; x_wconf 82' lang='grc' dir='ltr'>σώματι</span> <span class='ocrx_word' id='word_1_482' title='bbox 1286 3356 1364 3427; x_wconf 86' lang='grc' dir='ltr'>τῷ</span> <span class='ocrx_word' id='word_1_483' title='bbox 1403 3357 1547 3428; x_wconf 84' lang='grc' dir='ltr'>ἀέρι,</span> <span class='ocrx_word' id='word_1_484' title='bbox 1582 3357 1675 3409; x_wconf 78' lang='grc' dir='ltr'>καὶ</span> <span class='ocrx_word' id='word_1_485' title='bbox 1719 3357 1778 3422; x_wconf 77' lang='grc' dir='ltr'>ἐξ</span> 
     </span>
    </p>
   </div>
   <div class='ocr_carea' id='block_1_65' title="bbox 202 3446 1781 3519">
    <p class='ocr_par' dir='ltr' id='par_1_65' title="bbox 202 3446 1781 3519">
     <span class='ocr_line' id='line_1_65' title="bbox 202 3446 1781 3519; baseline -0.002 -18"><span class='ocrx_word' id='word_1_486' title='bbox 202 3450 389 3503; x_wconf 73' lang='grc' dir='ltr'>ὲνὺλου</span> <span class='ocrx_word' id='word_1_487' title='bbox 414 3448 510 3502; x_wconf 82' lang='grc' dir='ltr'>τοῦ</span> <span class='ocrx_word' id='word_1_488' title='bbox 540 3448 709 3519; x_wconf 82' lang='grc' dir='ltr'>πυρὸς</span> <span class='ocrx_word' id='word_1_489' title='bbox 740 3448 1043 3518; x_wconf 77' lang='grc' dir='ltr'>ἠρτημένου</span> <span class='ocrx_word' id='word_1_490' title='bbox 1070 3448 1163 3501; x_wconf 77' lang='grc' dir='ltr'>τοῦ</span> <span class='ocrx_word' id='word_1_491' title='bbox 1189 3448 1565 3516; x_wconf 76' lang='grc' dir='ltr'>φωτός.”οπου</span> <span class='ocrx_word' id='word_1_492' title='bbox 1598 3463 1661 3514; x_wconf 89' lang='grc' dir='ltr'><strong>γε</strong></span> <span class='ocrx_word' id='word_1_493' title='bbox 1689 3446 1781 3498; x_wconf 80' lang='grc' dir='ltr'>καὶ</span> 
     </span>
    </p>
   </div>
   <div class='ocr_carea' id='block_1_66' title="bbox 200 3537 1780 3613">
    <p class='ocr_par' dir='ltr' id='par_1_66' title="bbox 200 3537 1780 3613">
     <span class='ocr_line' id='line_1_66' title="bbox 200 3537 1780 3613; baseline -0.002 -18"><span class='ocrx_word' id='word_1_494' title='bbox 200 3542 295 3613; x_wconf 80' lang='grc' dir='ltr'>τὴν</span> <span class='ocrx_word' id='word_1_495' title='bbox 336 3541 661 3613; x_wconf 73' lang='grc' dir='ltr'>ὑπερούσιον</span> <span class='ocrx_word' id='word_1_496' title='bbox 696 3540 885 3593; x_wconf 79' lang='grc' dir='ltr'>ἒνωσιν</span> <span class='ocrx_word' id='word_1_497' title='bbox 920 3539 1306 3611; x_wconf 83' lang='grc' dir='ltr'>ὑπεριδρῦσθαί</span> <span class='ocrx_word' id='word_1_498' title='bbox 1350 3556 1548 3609; x_wconf 87' lang='grc' dir='ltr'>φαμεν,</span> <span class='ocrx_word' id='word_1_499' title='bbox 1573 3539 1634 3592; x_wconf 81' lang='grc' dir='ltr'><strong>οὐ</strong></span> <span class='ocrx_word' id='word_1_500' title='bbox 1670 3537 1780 3592; x_wconf 86' lang='grc' dir='ltr'><strong>τῶν</strong></span> 
     </span>
    </p>
   </div>
   <div class='ocr_carea' id='block_1_67' title="bbox 201 3630 1780 3705">
    <p class='ocr_par' dir='ltr' id='par_1_67' title="bbox 201 3630 1780 3705">
     <span class='ocr_line' id='line_1_67' title="bbox 201 3630 1780 3705; baseline -0.002 -19"><span class='ocrx_word' id='word_1_501' title='bbox 201 3635 258 3687; x_wconf 81' lang='grc' dir='ltr'><strong>ὲν</strong></span> <span class='ocrx_word' id='word_1_502' title='bbox 297 3634 517 3705; x_wconf 84' lang='grc' dir='ltr'>σώμασι</span> <span class='ocrx_word' id='word_1_503' title='bbox 559 3631 732 3702; x_wconf 88' lang='grc' dir='ltr'>μόνων</span> <span class='ocrx_word' id='word_1_504' title='bbox 772 3630 1035 3694; x_wconf 81' lang='grc' dir='ltr'>ὲνώσεων,</span> <span class='ocrx_word' id='word_1_505' title='bbox 1070 3632 1206 3685; x_wconf 81' lang='grc' dir='ltr'>ἀλλὰ</span> <span class='ocrx_word' id='word_1_506' title='bbox 1228 3633 1322 3685; x_wconf 72' lang='grc' dir='ltr'>καὶ</span> <span class='ocrx_word' id='word_1_507' title='bbox 1359 3632 1467 3684; x_wconf 84' lang='grc' dir='ltr'>τῶν</span> <span class='ocrx_word' id='word_1_508' title='bbox 1496 3633 1553 3684; x_wconf 84' lang='grc' dir='ltr'><strong>ὲν</strong></span> <span class='ocrx_word' id='word_1_509' title='bbox 1581 3630 1780 3701; x_wconf 76' lang='grc' dir='ltr'>ψυχαῖς</span> 
     </span>
    </p>
   </div>
   <div class='ocr_carea' id='block_1_68' title="bbox 203 3722 1779 3795">
    <p class='ocr_par' dir='ltr' id='par_1_68' title="bbox 203 3722 1779 3795">
     <span class='ocr_line' id='line_1_68' title="bbox 203 3722 1779 3795; baseline -0.001 -17"><span class='ocrx_word' id='word_1_510' title='bbox 203 3726 392 3789; x_wconf 85' lang='grc' dir='ltr'>αὐταῖς</span> <span class='ocrx_word' id='word_1_511' title='bbox 435 3726 533 3777; x_wconf 76' lang='grc' dir='ltr'>καὶ</span> <span class='ocrx_word' id='word_1_512' title='bbox 576 3726 633 3776; x_wconf 85' lang='grc' dir='ltr'><strong>ὲν</strong></span> <span class='ocrx_word' id='word_1_513' title='bbox 676 3724 857 3787; x_wconf 82' lang='grc' dir='ltr'>αὐτοῖς</span> <span class='ocrx_word' id='word_1_514' title='bbox 899 3725 1058 3788; x_wconf 90' lang='grc' dir='ltr'>νόοις,</span> <span class='ocrx_word' id='word_1_515' title='bbox 1084 3724 1150 3788; x_wconf 79' lang='grc' dir='ltr'><strong>ἀς</strong></span> <span class='ocrx_word' id='word_1_516' title='bbox 1187 3722 1400 3795; x_wconf 79' lang='grc' dir='ltr'>Ιχουσιν</span> <span class='ocrx_word' id='word_1_517' title='bbox 1434 3724 1647 3795; x_wconf 87' lang='grc' dir='ltr'>ἀμιγῶς</span> <span class='ocrx_word' id='word_1_518' title='bbox 1684 3724 1779 3778; x_wconf 76' lang='grc' dir='ltr'><strong>καὶ</strong></span> 
     </span>
    </p>
   </div>
   <div class='ocr_carea' id='block_1_69' title="bbox 203 3816 1778 3889">
    <p class='ocr_par' dir='ltr' id='par_1_69' title="bbox 203 3816 1778 3889">
     <span class='ocr_line' id='line_1_69' title="bbox 203 3816 1778 3889; baseline -0.002 -19"><span class='ocrx_word' id='word_1_519' title='bbox 203 3817 611 3889; x_wconf 69' lang='grc' dir='ltr'>ὕπερκοσμίως,</span> <span class='ocrx_word' id='word_1_520' title='bbox 644 3816 711 3869; x_wconf 73' lang='grc' dir='ltr'>δι’</span> <span class='ocrx_word' id='word_1_521' title='bbox 733 3816 867 3869; x_wconf 89' lang='grc' dir='ltr'>ὅλων</span> <span class='ocrx_word' id='word_1_522' title='bbox 890 3817 988 3870; x_wconf 90' lang='grc' dir='ltr'><strong>ὅλα</strong></span> <span class='ocrx_word' id='word_1_523' title='bbox 1025 3816 1093 3869; x_wconf 87' lang='grc' dir='ltr'><strong>τά</strong></span> <span class='ocrx_word' id='word_1_524' title='bbox 1129 3817 1332 3887; x_wconf 83' lang='grc' dir='ltr'>θεοειδῆ</span> <span class='ocrx_word' id='word_1_525' title='bbox 1360 3818 1453 3870; x_wconf 78' lang='grc' dir='ltr'>καὶ</span> <span class='ocrx_word' id='word_1_526' title='bbox 1476 3816 1778 3888; x_wconf 70' lang='grc' dir='ltr'>ὑπερουράι-</span> 
     </span>
    </p>
   </div>
   <div class='ocr_carea' id='block_1_70' title="bbox 202 3907 1777 3979">
    <p class='ocr_par' dir='ltr' id='par_1_70' title="bbox 202 3907 1777 3979">
     <span class='ocr_line' id='line_1_70' title="bbox 202 3907 1777 3979; baseline 0.001 -19"><span class='ocrx_word' id='word_1_527' title='bbox 202 3925 287 3962; x_wconf 91' lang='grc' dir='ltr'><strong>νια</strong></span> <span class='ocrx_word' id='word_1_528' title='bbox 321 3909 479 3978; x_wconf 76' lang='grc' dir='ltr'>φῶτα</span> <span class='ocrx_word' id='word_1_529' title='bbox 514 3908 656 3961; x_wconf 84' lang='grc' dir='ltr'>κατὰ</span> <span class='ocrx_word' id='word_1_530' title='bbox 684 3907 895 3978; x_wconf 80' lang='grc' dir='ltr'>μέθεξιν</span> <span class='ocrx_word' id='word_1_531' title='bbox 928 3907 1186 3976; x_wconf 86' lang='grc' dir='ltr'>ἀνάλογον</span> <span class='ocrx_word' id='word_1_532' title='bbox 1208 3912 1319 3973; x_wconf 77' lang='grc' dir='ltr'>τοῖς</span> <span class='ocrx_word' id='word_1_533' title='bbox 1348 3908 1650 3979; x_wconf 82' lang='grc' dir='ltr'>μετέχουσι,</span> <span class='ocrx_word' id='word_1_534' title='bbox 1677 3908 1777 3979; x_wconf 86' lang='grc' dir='ltr'><strong>τῆς</strong></span> 
     </span>
    </p>
   </div>
   <div class='ocr_carea' id='block_1_71' title="bbox 205 4000 1177 4073">
    <p class='ocr_par' dir='ltr' id='par_1_71' title="bbox 205 4000 1177 4073">
     <span class='ocr_line' id='line_1_71' title="bbox 205 4000 1177 4073; baseline 0.002 -19"><span class='ocrx_word' id='word_1_535' title='bbox 205 4002 423 4056; x_wconf 81' lang='grc' dir='ltr'>πάντων</span> <span class='ocrx_word' id='word_1_536' title='bbox 450 4000 890 4073; x_wconf 82' lang='grc' dir='ltr'>ὑπερηρμένης⁸⁷</span> <span class='ocrx_word' id='word_1_537' title='bbox 915 4000 1177 4066; x_wconf 69' lang='grc' dir='ltr'>ἑνώσεως.</span> 
     </span>
    </p>
   </div>
   <div class='ocr_carea' id='block_1_72' title="bbox 1885 3153 3453 3231">
    <p class='ocr_par' dir='ltr' id='par_1_72' title="bbox 1885 3153 3453 3231">
     <span class='ocr_line' id='line_1_72' title="bbox 1885 3153 3453 3231; baseline 0.008 -24"><span class='ocrx_word' id='word_1_538' title='bbox 1885 3165 1940 3207; x_wconf 89' lang='grc' dir='ltr'><strong>ιιι</strong></span> <span class='ocrx_word' id='word_1_539' title='bbox 1971 3153 2105 3217; x_wconf 80' lang='lat' dir='ltr'><strong>dixi,</strong></span> <span class='ocrx_word' id='word_1_540' title='bbox 2137 3163 2374 3208; x_wconf 92' lang='lat' dir='ltr'><strong>totornm</strong></span> <span class='ocrx_word' id='word_1_541' title='bbox 2407 3155 2473 3207; x_wconf 65' lang='lat' dir='ltr'><strong>all</strong></span> <span class='ocrx_word' id='word_1_542' title='bbox 2510 3164 2619 3208; x_wconf 88' lang='lat' dir='ltr'><strong>tota</strong></span> <span class='ocrx_word' id='word_1_543' title='bbox 2652 3156 2891 3226; x_wconf 78' lang='lat' dir='ltr'><strong>perfecta</strong></span> <span class='ocrx_word' id='word_1_544' title='bbox 2926 3161 3272 3231; x_wconf 85' lang='lat' dir='ltr'><strong>conjunctio;</strong></span> <span class='ocrx_word' id='word_1_545' title='bbox 3305 3180 3453 3219; x_wconf 87' lang='lat' dir='ltr'><strong>mera</strong></span> 
     </span>
    </p>
   </div>
   <div class='ocr_carea' id='block_1_73' title="bbox 1884 3247 3455 3324">
    <p class='ocr_par' dir='ltr' id='par_1_73' title="bbox 1884 3247 3455 3324">
     <span class='ocr_line' id='line_1_73' title="bbox 1884 3247 3455 3324; baseline 0.01 -26"><span class='ocrx_word' id='word_1_546' title='bbox 1884 3247 2094 3316; x_wconf 86' lang='lat' dir='ltr'><strong>penitus</strong></span> <span class='ocrx_word' id='word_1_547' title='bbox 2125 3259 2179 3301; x_wconf 88' lang='lat' dir='ltr'><strong>et</strong></span> <span class='ocrx_word' id='word_1_548' title='bbox 2206 3247 2352 3300; x_wconf 89' lang='lat' dir='ltr'><strong>nulla</strong></span> <span class='ocrx_word' id='word_1_549' title='bbox 2384 3263 2449 3301; x_wconf 80' lang='lat' dir='ltr'><strong>ex</strong></span> <span class='ocrx_word' id='word_1_550' title='bbox 2485 3261 2636 3317; x_wconf 87' lang='lat' dir='ltr'><strong>parte</strong></span> <span class='ocrx_word' id='word_1_551' title='bbox 2665 3251 2912 3313; x_wconf 79' lang='lat' dir='ltr'><strong>confusa.</strong></span> <span class='ocrx_word' id='word_1_552' title='bbox 2946 3254 3107 3324; x_wconf 87' lang='lat' dir='ltr'><strong>idque</strong></span> <span class='ocrx_word' id='word_1_553' title='bbox 3134 3272 3259 3311; x_wconf 89' lang='lat' dir='ltr'><strong>cum</strong></span> <span class='ocrx_word' id='word_1_554' title='bbox 3308 3270 3455 3314; x_wconf 86' lang='lat' dir='ltr'><strong>esset</strong></span> 
     </span>
    </p>
   </div>
   <div class='ocr_carea' id='block_1_74' title="bbox 1885 3338 3454 3423">
    <p class='ocr_par' dir='ltr' id='par_1_74' title="bbox 1885 3338 3454 3423">
     <span class='ocr_line' id='line_1_74' title="bbox 1885 3338 3454 3423; baseline 0.011 -34"><span class='ocrx_word' id='word_1_555' title='bbox 1885 3338 2062 3393; x_wconf 81' lang='lat' dir='ltr'><strong>lttltlett</strong></span> <span class='ocrx_word' id='word_1_556' title='bbox 2095 3339 2145 3392; x_wconf 92' lang='lat' dir='ltr'><strong>in</strong></span> <span class='ocrx_word' id='word_1_557' title='bbox 2175 3355 2424 3409; x_wconf 87' lang='lat' dir='ltr'><strong>corpore,</strong></span> <span class='ocrx_word' id='word_1_558' title='bbox 2456 3342 2506 3394; x_wconf 84' lang='lat' dir='ltr'><strong>id</strong></span> <span class='ocrx_word' id='word_1_559' title='bbox 2531 3350 2611 3396; x_wconf 89' lang='lat' dir='ltr'><strong>est</strong></span> <span class='ocrx_word' id='word_1_560' title='bbox 2651 3356 2795 3406; x_wconf 86' lang='lat' dir='ltr'><strong>aere,</strong></span> <span class='ocrx_word' id='word_1_561' title='bbox 2827 3355 2880 3399; x_wconf 90' lang='lat' dir='ltr'><strong>et</strong></span> <span class='ocrx_word' id='word_1_562' title='bbox 2907 3360 2973 3399; x_wconf 79' lang='lat' dir='ltr'><strong>ex</strong></span> <span class='ocrx_word' id='word_1_563' title='bbox 3007 3348 3299 3405; x_wconf 87' lang='lat' dir='ltr'><strong>materiato</strong></span> <span class='ocrx_word' id='word_1_564' title='bbox 3330 3352 3454 3423; x_wconf 72' lang='lat' dir='ltr'><strong>igne</strong></span> 
     </span>
    </p>
   </div>
   <div class='ocr_carea' id='block_1_75' title="bbox 1884 3433 3453 3504">
    <p class='ocr_par' dir='ltr' id='par_1_75' title="bbox 1884 3433 3453 3504">
     <span class='ocr_line' id='line_1_75' title="bbox 1884 3433 3453 3504; baseline 0.01 -20"><span class='ocrx_word' id='word_1_565' title='bbox 1884 3434 2165 3501; x_wconf 71' lang='lat' dir='ltr'><strong>penderet.</strong></span> <span class='ocrx_word' id='word_1_566' title='bbox 2194 3433 2372 3500; x_wconf 85' lang='lat' dir='ltr'><strong>Quare</strong></span> <span class='ocrx_word' id='word_1_567' title='bbox 2396 3437 2974 3504; x_wconf 73' lang='lat' dir='ltr'><strong>supersubstantfalem</strong></span> <span class='ocrx_word' id='word_1_568' title='bbox 3022 3440 3166 3496; x_wconf 86' lang='lat' dir='ltr'><strong>illam</strong></span> <span class='ocrx_word' id='word_1_569' title='bbox 3197 3447 3453 3499; x_wconf 79' lang='lat' dir='ltr'><strong>unionem</strong></span> 
     </span>
    </p>
   </div>
   <div class='ocr_carea' id='block_1_76' title="bbox 1887 3525 3453 3619">
    <p class='ocr_par' dir='ltr' id='par_1_76' title="bbox 1887 3525 3453 3619">
     <span class='ocr_line' id='line_1_76' title="bbox 1887 3525 3453 3619; baseline 0.01 -42"><span class='ocrx_word' id='word_1_570' title='bbox 1887 3526 2043 3594; x_wconf 77' lang='lat' dir='ltr'><strong>longe</strong></span> <span class='ocrx_word' id='word_1_571' title='bbox 2076 3525 2508 3593; x_wconf 56' lang='lat' dir='ltr'><strong>praestantiorem</strong></span> <span class='ocrx_word' id='word_1_572' title='bbox 2552 3528 2802 3594; x_wconf 82' lang='lat' dir='ltr'><strong>dicimus,</strong></span> <span class='ocrx_word' id='word_1_573' title='bbox 2833 3546 2936 3584; x_wconf 92' lang='lat' dir='ltr'><strong>non</strong></span> <span class='ocrx_word' id='word_1_574' title='bbox 2967 3537 3129 3619; x_wconf 79' lang='lat' dir='ltr'><strong>modo</strong></span> <span class='ocrx_word' id='word_1_575' title='bbox 3155 3533 3220 3589; x_wconf 64' lang='grc' dir='ltr'><strong>ἰίς</strong></span> <span class='ocrx_word' id='word_1_576' title='bbox 3251 3552 3371 3606; x_wconf 65' lang='lat' dir='ltr'><strong>quae</strong></span> <span class='ocrx_word' id='word_1_577' title='bbox 3400 3540 3453 3591; x_wconf 93' lang='lat' dir='ltr'><strong>in</strong></span> 
     </span>
    </p>
   </div>
   <div class='ocr_carea' id='block_1_77' title="bbox 1883 3618 3458 3687">
    <p class='ocr_par' dir='ltr' id='par_1_77' title="bbox 1883 3618 3458 3687">
     <span class='ocr_line' id='line_1_77' title="bbox 1883 3618 3458 3687; baseline 0.01 -16"><span class='ocrx_word' id='word_1_578' title='bbox 1883 3619 2205 3685; x_wconf 88' lang='lat' dir='ltr'><strong>corporibus</strong></span> <span class='ocrx_word' id='word_1_579' title='bbox 2256 3618 2529 3673; x_wconf 76' lang='lat' dir='ltr'><strong>exsistunt</strong></span> <span class='ocrx_word' id='word_1_580' title='bbox 2577 3622 2892 3687; x_wconf 89' lang='lat' dir='ltr'><strong>unionibus,</strong></span> <span class='ocrx_word' id='word_1_581' title='bbox 2927 3639 3112 3680; x_wconf 77' lang='lat' dir='ltr'><strong>Verum</strong></span> <span class='ocrx_word' id='word_1_582' title='bbox 3157 3630 3319 3682; x_wconf 89' lang='lat' dir='ltr'><strong>etiam</strong></span> <span class='ocrx_word' id='word_1_583' title='bbox 3352 3630 3458 3686; x_wconf 82' lang='lat' dir='ltr'><strong>illis</strong></span> 
     </span>
    </p>
   </div>
   <div class='ocr_carea' id='block_1_78' title="bbox 1879 3710 3453 3791">
    <p class='ocr_par' dir='ltr' id='par_1_78' title="bbox 1879 3710 3453 3791">
     <span class='ocr_line' id='line_1_78' title="bbox 1879 3710 3453 3791; baseline 0.009 -28"><span class='ocrx_word' id='word_1_584' title='bbox 1879 3726 2000 3780; x_wconf 77' lang='lat' dir='ltr'><strong>qua:</strong></span> <span class='ocrx_word' id='word_1_585' title='bbox 2056 3710 2110 3765; x_wconf 89' lang='lat' dir='ltr'><strong>in</strong></span> <span class='ocrx_word' id='word_1_586' title='bbox 2157 3710 2445 3767; x_wconf 87' lang='lat' dir='ltr'><strong>animabus</strong></span> <span class='ocrx_word' id='word_1_587' title='bbox 2498 3712 2628 3781; x_wconf 80' lang='lat' dir='ltr'><strong>ipsis</strong></span> <span class='ocrx_word' id='word_1_588' title='bbox 2680 3716 3062 3788; x_wconf 84' lang='lat' dir='ltr'><strong>mentibusque</strong></span> <span class='ocrx_word' id='word_1_589' title='bbox 3110 3724 3453 3791; x_wconf 74' lang='lat' dir='ltr'><strong>contingunt,</strong></span> 
     </span>
    </p>
   </div>
   <div class='ocr_carea' id='block_1_79' title="bbox 1879 3801 3452 3881">
    <p class='ocr_par' dir='ltr' id='par_1_79' title="bbox 1879 3801 3452 3881">
     <span class='ocr_line' id='line_1_79' title="bbox 1879 3801 3452 3881; baseline 0.009 -30"><span class='ocrx_word' id='word_1_590' title='bbox 1879 3816 2015 3869; x_wconf 86' lang='lat' dir='ltr'><strong>quas</strong></span> <span class='ocrx_word' id='word_1_591' title='bbox 2054 3801 2335 3855; x_wconf 76' lang='lat' dir='ltr'><strong>inconfusa</strong></span> <span class='ocrx_word' id='word_1_592' title='bbox 2364 3810 2419 3856; x_wconf 87' lang='lat' dir='ltr'><strong>et</strong></span> <span class='ocrx_word' id='word_1_593' title='bbox 2452 3806 2877 3871; x_wconf 88' lang='lat' dir='ltr'><strong>supermundiali</strong></span> <span class='ocrx_word' id='word_1_594' title='bbox 2925 3808 3136 3864; x_wconf 78' lang='lat' dir='ltr'><strong>ratione</strong></span> <span class='ocrx_word' id='word_1_595' title='bbox 3180 3813 3452 3881; x_wconf 83' lang='lat' dir='ltr'><strong>obtinent,</strong></span> 
     </span>
    </p>
   </div>
   <div class='ocr_carea' id='block_1_80' title="bbox 1879 3892 3452 3974">
    <p class='ocr_par' dir='ltr' id='par_1_80' title="bbox 1879 3892 3452 3974">
     <span class='ocr_line' id='line_1_80' title="bbox 1879 3892 3452 3974; baseline 0.01 -29"><span class='ocrx_word' id='word_1_596' title='bbox 1879 3893 2004 3945; x_wconf 91' lang='lat' dir='ltr'><strong>dum</strong></span> <span class='ocrx_word' id='word_1_597' title='bbox 2047 3893 2250 3947; x_wconf 80' lang='lat' dir='ltr'><strong>lumina</strong></span> <span class='ocrx_word' id='word_1_598' title='bbox 2300 3892 2402 3945; x_wconf 87' lang='lat' dir='ltr'><strong>ista</strong></span> <span class='ocrx_word' id='word_1_599' title='bbox 2449 3894 2738 3949; x_wconf 78' lang='lat' dir='ltr'><strong>deiiormia</strong></span> <span class='ocrx_word' id='word_1_600' title='bbox 2770 3901 3291 3973; x_wconf 64' lang='lat' dir='ltr'><strong>snpercmlestiaque</strong></span> <span class='ocrx_word' id='word_1_601' title='bbox 3319 3921 3452 3974; x_wconf 90' lang='lat' dir='ltr'><strong>pro-</strong></span> 
     </span>
    </p>
   </div>
   <div class='ocr_carea' id='block_1_81' title="bbox 1877 3983 3454 4065">
    <p class='ocr_par' dir='ltr' id='par_1_81' title="bbox 1877 3983 3454 4065">
     <span class='ocr_line' id='line_1_81' title="bbox 1877 3983 3454 4065; baseline 0.011 -31"><span class='ocrx_word' id='word_1_602' title='bbox 1877 3983 2191 4051; x_wconf 83' lang='lat' dir='ltr'><strong>portionata</strong></span> <span class='ocrx_word' id='word_1_603' title='bbox 2245 3983 2346 4038; x_wconf 87' lang='lat' dir='ltr'><strong>sibi</strong></span> <span class='ocrx_word' id='word_1_604' title='bbox 2390 3985 2813 4054; x_wconf 85' lang='lat' dir='ltr'><strong>participatione</strong></span> <span class='ocrx_word' id='word_1_605' title='bbox 2840 4005 2939 4058; x_wconf 86' lang='lat' dir='ltr'><strong>per</strong></span> <span class='ocrx_word' id='word_1_606' title='bbox 2971 3994 3223 4048; x_wconf 87' lang='lat' dir='ltr'><strong>unionem</strong></span> <span class='ocrx_word' id='word_1_607' title='bbox 3260 4013 3454 4065; x_wconf 83' lang='lat' dir='ltr'><strong>quaut-</strong></span> 
     </span>
    </p>
   </div>
   <div class='ocr_carea' id='block_1_82' title="bbox 1879 4076 3447 4157">
    <p class='ocr_par' dir='ltr' id='par_1_82' title="bbox 1879 4076 3447 4157">
     <span class='ocr_line' id='line_1_82' title="bbox 1879 4076 3447 4157; baseline 0.01 -26"><span class='ocrx_word' id='word_1_608' title='bbox 1879 4078 2000 4131; x_wconf 90' lang='lat' dir='ltr'><strong>dam</strong></span> <span class='ocrx_word' id='word_1_609' title='bbox 2040 4076 2293 4131; x_wconf 85' lang='lat' dir='ltr'><strong>omnibus</strong></span> <span class='ocrx_word' id='word_1_610' title='bbox 2322 4078 2761 4147; x_wconf 87' lang='lat' dir='ltr'><strong>eminentiorem,</strong></span> <span class='ocrx_word' id='word_1_611' title='bbox 2789 4096 2848 4139; x_wconf 81' lang='lat' dir='ltr'><strong>se</strong></span> <span class='ocrx_word' id='word_1_612' title='bbox 2900 4085 3027 4141; x_wconf 86' lang='lat' dir='ltr'><strong>totis</strong></span> <span class='ocrx_word' id='word_1_613' title='bbox 3068 4094 3176 4142; x_wconf 88' lang='lat' dir='ltr'><strong>tota</strong></span> <span class='ocrx_word' id='word_1_614' title='bbox 3225 4089 3447 4157; x_wconf 87' lang='lat' dir='ltr'><strong>partici-</strong></span> 
     </span>
    </p>
   </div>
   <div class='ocr_carea' id='block_1_83' title="bbox 1881 4181 2031 4239">
    <p class='ocr_par' dir='ltr' id='par_1_83' title="bbox 1881 4181 2031 4239">
     <span class='ocr_line' id='line_1_83' title="bbox 1881 4181 2031 4239; baseline 0 -16"><span class='ocrx_word' id='word_1_615' title='bbox 1881 4181 2031 4239; x_wconf 90' lang='lat' dir='ltr'><strong>pant.</strong></span> 
     </span>
    </p>
   </div>
   <div class='ocr_carea' id='block_1_84' title="bbox 1745 4314 1883 4388">
    <p class='ocr_par' dir='ltr' id='par_1_84' title="bbox 1745 4314 1883 4388">
     <span class='ocr_line' id='line_1_84' title="bbox 1745 4314 1883 4388; baseline -0.007 -13"><span class='ocrx_word' id='word_1_616' title='bbox 1745 4314 1883 4388; x_wconf 85' lang='lat' dir='ltr'><strong>§V.</strong></span> 
     </span>
    </p>
   </div>
   <div class='ocr_carea' id='block_1_85' title="bbox 272 4457 1754 4533">
    <p class='ocr_par' dir='ltr' id='par_1_85' title="bbox 272 4458 1754 4533">
     <span class='ocr_line' id='line_1_85' title="bbox 272 4458 1754 4533; baseline -0.002 -18"><span class='ocrx_word' id='word_1_617' title='bbox 272 4462 431 4517; x_wconf 82' lang='grc' dir='ltr'>Ἐστι</span> <span class='ocrx_word' id='word_1_618' title='bbox 461 4460 519 4516; x_wconf 79' lang='grc' dir='ltr'>δὲ</span> <span class='ocrx_word' id='word_1_619' title='bbox 552 4461 646 4514; x_wconf 64' lang='grc' dir='ltr'><strong>κα)⁵</strong></span> <span class='ocrx_word' id='word_1_620' title='bbox 677 4459 947 4533; x_wconf 86' lang='grc' dir='ltr'>διάκρισις</span> <span class='ocrx_word' id='word_1_621' title='bbox 973 4460 1033 4513; x_wconf 81' lang='grc' dir='ltr'><strong>ὲν</strong></span> <span class='ocrx_word' id='word_1_622' title='bbox 1066 4461 1187 4524; x_wconf 83' lang='grc' dir='ltr'>ταῖς</span> <span class='ocrx_word' id='word_1_623' title='bbox 1225 4459 1566 4532; x_wconf 82' lang='grc' dir='ltr'>ὑπερουσίοις</span> <span class='ocrx_word' id='word_1_624' title='bbox 1599 4458 1754 4512; x_wconf 84' lang='grc' dir='ltr'>θεολο</span> 
     </span>
    </p>
   </div>
   <div class='ocr_carea' id='block_1_86' title="bbox 1967 4457 3449 4533">
    <p class='ocr_par' dir='ltr' id='par_1_86' title="bbox 1967 4457 3449 4533">
     <span class='ocr_line' id='line_1_86' title="bbox 1967 4457 3449 4533; baseline 0.007 -24"><span class='ocrx_word' id='word_1_625' title='bbox 1967 4457 2262 4525; x_wconf 75' lang='lat' dir='ltr'><strong>Quinetiam</strong></span> <span class='ocrx_word' id='word_1_626' title='bbox 2296 4470 2378 4515; x_wconf 88' lang='lat' dir='ltr'><strong>est</strong></span> <span class='ocrx_word' id='word_1_627' title='bbox 2397 4461 2448 4515; x_wconf 90' lang='lat' dir='ltr'><strong>in</strong></span> <span class='ocrx_word' id='word_1_628' title='bbox 2469 4462 3010 4533; x_wconf 85' lang='lat' dir='ltr'><strong>superessentialibus</strong></span> <span class='ocrx_word' id='word_1_629' title='bbox 3029 4463 3121 4519; x_wconf 89' lang='lat' dir='ltr'><strong>Dei</strong></span> <span class='ocrx_word' id='word_1_630' title='bbox 3142 4465 3449 4520; x_wconf 74' lang='lat' dir='ltr'><strong>nominibus</strong></span> 
     </span>
    </p>
   </div>
   <div class='ocr_carea' id='block_1_87' title="bbox 202 4552 1775 4625">
    <p class='ocr_par' dir='ltr' id='par_1_87' title="bbox 202 4552 1775 4625">
     <span class='ocr_line' id='line_1_87' title="bbox 202 4552 1775 4625; baseline 0 -20"><span class='ocrx_word' id='word_1_631' title='bbox 202 4554 363 4621; x_wconf 82' lang='grc' dir='ltr'>γξαις,</span> <span class='ocrx_word' id='word_1_632' title='bbox 390 4556 490 4624; x_wconf 74' lang='grc' dir='ltr'>οὐχ</span> <span class='ocrx_word' id='word_1_633' title='bbox 514 4554 581 4624; x_wconf 79' lang='grc' dir='ltr'><strong>ἥν</strong></span> <span class='ocrx_word' id='word_1_634' title='bbox 604 4553 739 4624; x_wconf 73' lang='grc' dir='ltr'>ἔφην</span> <span class='ocrx_word' id='word_1_635' title='bbox 782 4554 960 4625; x_wconf 88' lang='grc' dir='ltr'>μόνον,</span> <span class='ocrx_word' id='word_1_636' title='bbox 990 4554 1071 4606; x_wconf 88' lang='grc' dir='ltr'><strong>ὅτι</strong></span> <span class='ocrx_word' id='word_1_637' title='bbox 1109 4555 1227 4606; x_wconf 83' lang='grc' dir='ltr'>κατ’</span> <span class='ocrx_word' id='word_1_638' title='bbox 1253 4553 1419 4625; x_wconf 73' lang='grc' dir='ltr'>αὐτὴν</span> <span class='ocrx_word' id='word_1_639' title='bbox 1458 4552 1556 4624; x_wconf 82' lang='grc' dir='ltr'>τὴν</span> <span class='ocrx_word' id='word_1_640' title='bbox 1580 4552 1775 4616; x_wconf 19' lang='grc' dir='ltr'>,ἕνωσιν</span> 
     </span>
    </p>
   </div>
   <div class='ocr_carea' id='block_1_88' title="bbox 203 4646 1775 4719">
    <p class='ocr_par' dir='ltr' id='par_1_88' title="bbox 203 4646 1775 4719">
     <span class='ocr_line' id='line_1_88' title="bbox 203 4646 1775 4719; baseline -0.001 -20"><span class='ocrx_word' id='word_1_641' title='bbox 203 4647 414 4717; x_wconf 85' lang='grc' dir='ltr'>ἀμιγῶς</span> <span class='ocrx_word' id='word_1_642' title='bbox 460 4646 689 4719; x_wconf 79' lang='grc' dir='ltr'>ἵδρυται,</span> <span class='ocrx_word' id='word_1_643' title='bbox 714 4648 806 4700; x_wconf 76' lang='grc' dir='ltr'>καὶ</span> <span class='ocrx_word' id='word_1_644' title='bbox 842 4646 1161 4717; x_wconf 79' lang='grc' dir='ltr'>ἀσυγχύτως</span> <span class='ocrx_word' id='word_1_645' title='bbox 1193 4648 1396 4716; x_wconf 78' lang='grc' dir='ltr'>ἑκάστη</span> <span class='ocrx_word' id='word_1_646' title='bbox 1422 4647 1530 4699; x_wconf 82' lang='grc' dir='ltr'><strong>τῶν</strong></span> <span class='ocrx_word' id='word_1_647' title='bbox 1559 4647 1775 4716; x_wconf 81' lang='grc' dir='ltr'>ὲναρχι-</span> 
     </span>
    </p>
   </div>
   <div class='ocr_carea' id='block_1_89' title="bbox 202 4738 1776 4809">
    <p class='ocr_par' dir='ltr' id='par_1_89' title="bbox 202 4738 1776 4809">
     <span class='ocr_line' id='line_1_89' title="bbox 202 4738 1776 4809; baseline 0 -19"><span class='ocrx_word' id='word_1_648' title='bbox 202 4738 311 4791; x_wconf 80' lang='grc' dir='ltr'>κῶν</span> <span class='ocrx_word' id='word_1_649' title='bbox 337 4739 708 4792; x_wconf 83' lang='grc' dir='ltr'>ὐποστάσεων·</span> <span class='ocrx_word' id='word_1_650' title='bbox 734 4738 847 4792; x_wconf 80' lang='grc' dir='ltr'>ἀλλ’</span> <span class='ocrx_word' id='word_1_651' title='bbox 872 4740 952 4792; x_wconf 86' lang='grc' dir='ltr'><strong>ὅτι</strong></span> <span class='ocrx_word' id='word_1_652' title='bbox 978 4740 1070 4792; x_wconf 75' lang='grc' dir='ltr'>καὶ</span> <span class='ocrx_word' id='word_1_653' title='bbox 1092 4739 1160 4793; x_wconf 84' lang='grc' dir='ltr'><strong>τὰ</strong></span> <span class='ocrx_word' id='word_1_654' title='bbox 1181 4740 1281 4809; x_wconf 85' lang='grc' dir='ltr'><strong>τῆς</strong></span> <span class='ocrx_word' id='word_1_655' title='bbox 1302 4739 1625 4809; x_wconf 80' lang='grc' dir='ltr'>ὑπερουσίου</span> <span class='ocrx_word' id='word_1_656' title='bbox 1654 4738 1776 4790; x_wconf 80' lang='grc' dir='ltr'>θεο-</span> 
     </span>
    </p>
   </div>
   <div class='ocr_carea' id='block_1_90' title="bbox 202 4830 1775 4903">
    <p class='ocr_par' dir='ltr' id='par_1_90' title="bbox 202 4830 1775 4903">
     <span class='ocr_line' id='line_1_90' title="bbox 202 4830 1775 4903; baseline -0.015 -21"><span class='ocrx_word' id='word_1_657' title='bbox 202 4831 384 4896; x_wconf 85' lang='grc' dir='ltr'>γονίας</span> <span class='ocrx_word' id='word_1_658' title='bbox 401 4831 503 4883; x_wconf 75' lang='grc' dir='ltr'>οὐκ</span> <span class='ocrx_word' id='word_1_659' title='bbox 523 4831 864 4903; x_wconf 86' lang='grc' dir='ltr'>ἀντιστρέφει</span> <span class='ocrx_word' id='word_1_660' title='bbox 899 4832 1035 4903; x_wconf 74' lang='grc' dir='ltr'>πρὸς</span> <span class='ocrx_word' id='word_1_661' title='bbox 1057 4831 1277 4903; x_wconf 77' lang='grc' dir='ltr'>ἄλληλα.</span> <span class='ocrx_word' id='word_1_662' title='bbox 1304 4830 1452 4900; x_wconf 81' lang='grc' dir='ltr'>Μόνη</span> <span class='ocrx_word' id='word_1_663' title='bbox 1480 4830 1535 4882; x_wconf 79' lang='grc' dir='ltr'>δὲ</span> <span class='ocrx_word' id='word_1_664' title='bbox 1565 4830 1712 4900; x_wconf 71' lang='grc' dir='ltr'>πηγὴ</span> <span class='ocrx_word' id='word_1_665' title='bbox 1729 4830 1775 4861; x_wconf 72' lang='grc' dir='ltr'>ει</span> 
     </span>
    </p>
   </div>
   <div class='ocr_carea' id='block_1_91' title="bbox 200 4921 1815 4995">
    <p class='ocr_par' dir='ltr' id='par_1_91' title="bbox 200 4921 1815 4995">
     <span class='ocr_line' id='line_1_91' title="bbox 200 4921 1815 4995; baseline 0 -21"><span class='ocrx_word' id='word_1_666' title='bbox 200 4922 298 4990; x_wconf 82' lang='grc' dir='ltr'><strong>τῆς</strong></span> <span class='ocrx_word' id='word_1_667' title='bbox 348 4924 673 4993; x_wconf 80' lang='grc' dir='ltr'>ὑπερουσίου</span> <span class='ocrx_word' id='word_1_668' title='bbox 724 4923 975 4994; x_wconf 84' lang='grc' dir='ltr'>θεότητος</span> <span class='ocrx_word' id='word_1_669' title='bbox 1013 4925 1041 4975; x_wconf 86' lang='grc' dir='ltr'>ὁ</span> <span class='ocrx_word' id='word_1_670' title='bbox 1088 4924 1294 4995; x_wconf 80' lang='grc' dir='ltr'>Πατὴρ,</span> <span class='ocrx_word' id='word_1_671' title='bbox 1323 4924 1423 4976; x_wconf 74' lang='grc' dir='ltr'>οὐκ</span> <span class='ocrx_word' id='word_1_672' title='bbox 1463 4923 1613 4985; x_wconf 78' lang='grc' dir='ltr'>ὅντος</span> <span class='ocrx_word' id='word_1_673' title='bbox 1644 4921 1774 4975; x_wconf 89' lang='grc' dir='ltr'><strong>Υἱοῦ</strong></span> <span class='ocrx_word' id='word_1_674' title='bbox 1814 4936 1815 4939; x_wconf 80' lang='lat'>‘</span> 
     </span>
    </p>
   </div>
   <div class='ocr_carea' id='block_1_92' title="bbox 200 5013 1776 5089">
    <p class='ocr_par' dir='ltr' id='par_1_92' title="bbox 200 5013 1776 5089">
     <span class='ocr_line' id='line_1_92' title="bbox 200 5013 1776 5089; baseline 0.002 -24"><span class='ocrx_word' id='word_1_675' title='bbox 200 5013 292 5065; x_wconf 78' lang='grc' dir='ltr'><strong>τοῦ</strong></span> <span class='ocrx_word' id='word_1_676' title='bbox 340 5015 572 5084; x_wconf 82' lang='grc' dir='ltr'>Πατρὺς,</span> <span class='ocrx_word' id='word_1_677' title='bbox 596 5016 715 5069; x_wconf 73' lang='grc' dir='ltr'>οὐδὲ</span> <span class='ocrx_word' id='word_1_678' title='bbox 755 5016 965 5089; x_wconf 75' lang='grc' dir='ltr'>[ἰατρὸς</span> <span class='ocrx_word' id='word_1_679' title='bbox 1001 5016 1095 5070; x_wconf 77' lang='grc' dir='ltr'>τοῦ</span> <span class='ocrx_word' id='word_1_680' title='bbox 1126 5017 1275 5079; x_wconf 82' lang='grc' dir='ltr'><strong>Υἱοῦ,</strong></span> <span class='ocrx_word' id='word_1_681' title='bbox 1311 5014 1682 5087; x_wconf 83' lang='grc' dir='ltr'>φυλαττόντων</span> <span class='ocrx_word' id='word_1_682' title='bbox 1704 5016 1776 5068; x_wconf 80' lang='grc' dir='ltr'><strong>’δὲ</strong></span> 
     </span>
    </p>
   </div>
   <div class='ocr_carea' id='block_1_93' title="bbox 199 5103 1777 5182">
    <p class='ocr_par' dir='ltr' id='par_1_93' title="bbox 199 5103 1777 5182">
     <span class='ocr_line' id='line_1_93' title="bbox 199 5103 1777 5182; baseline 0.004 -26"><span class='ocrx_word' id='word_1_683' title='bbox 199 5103 268 5157; x_wconf 75' lang='grc' dir='ltr'><strong>τὰ</strong></span> <span class='ocrx_word' id='word_1_684' title='bbox 304 5106 479 5159; x_wconf 81' lang='grc' dir='ltr'>οἰκεῖα</span> <span class='ocrx_word' id='word_1_685' title='bbox 505 5105 614 5159; x_wconf 83' lang='grc' dir='ltr'>τῶν</span> <span class='ocrx_word' id='word_1_686' title='bbox 650 5106 833 5177; x_wconf 78' lang='grc' dir='ltr'>ὓμνων</span> <span class='ocrx_word' id='word_1_687' title='bbox 868 5108 1079 5176; x_wconf 78' lang='grc' dir='ltr'>εὐαγῶς</span> <span class='ocrx_word' id='word_1_688' title='bbox 1102 5109 1306 5182; x_wconf 72' lang='grc' dir='ltr'>ἑκάστῃ</span> <span class='ocrx_word' id='word_1_689' title='bbox 1329 5108 1437 5161; x_wconf 83' lang='grc' dir='ltr'>τῶν</span> <span class='ocrx_word' id='word_1_690' title='bbox 1470 5108 1777 5179; x_wconf 86' lang='grc' dir='ltr'>θεαρχικῶν</span> 
     </span>
    </p>
   </div>
   <div class='ocr_carea' id='block_1_94' title="bbox 202 5193 1775 5271">
    <p class='ocr_par' dir='ltr' id='par_1_94' title="bbox 202 5193 1775 5271">
     <span class='ocr_line' id='line_1_94' title="bbox 202 5193 1775 5271; baseline 0.001 -20"><span class='ocrx_word' id='word_1_691' title='bbox 202 5197 570 5253; x_wconf 81' lang='grc' dir='ltr'>ὑποστάσεων.</span> <span class='ocrx_word' id='word_1_692' title='bbox 606 5193 776 5252; x_wconf 73' lang='grc' dir='ltr'>Αὒται</span> <span class='ocrx_word' id='word_1_693' title='bbox 812 5200 911 5269; x_wconf 86' lang='grc' dir='ltr'>μὲν</span> <span class='ocrx_word' id='word_1_694' title='bbox 938 5202 992 5252; x_wconf 91' lang='grc' dir='ltr'><strong>αί</strong></span> <span class='ocrx_word' id='word_1_695' title='bbox 1019 5200 1160 5253; x_wconf 88' lang='grc' dir='ltr'><strong>κατά</strong></span> <span class='ocrx_word' id='word_1_696' title='bbox 1185 5202 1282 5271; x_wconf 80' lang='grc' dir='ltr'>τὴν</span> <span class='ocrx_word' id='word_1_697' title='bbox 1314 5199 1615 5269; x_wconf 81' lang='grc' dir='ltr'>ἄφθεγκτον</span> <span class='ocrx_word' id='word_1_698' title='bbox 1639 5199 1775 5252; x_wconf 76' lang='grc' dir='ltr'>ἓνω-</span> 
     </span>
    </p>
   </div>
   <div class='ocr_carea' id='block_1_95' title="bbox 204 5289 1775 5363">
    <p class='ocr_par' dir='ltr' id='par_1_95' title="bbox 204 5289 1775 5363">
     <span class='ocr_line' id='line_1_95' title="bbox 204 5289 1775 5363; baseline 0.001 -19"><span class='ocrx_word' id='word_1_699' title='bbox 204 5290 284 5344; x_wconf 85' lang='grc' dir='ltr'><strong>σίν</strong></span> <span class='ocrx_word' id='word_1_700' title='bbox 315 5308 374 5343; x_wconf 89' lang='grc' dir='ltr'><strong>τε</strong></span> <span class='ocrx_word' id='word_1_701' title='bbox 409 5292 503 5344; x_wconf 71' lang='grc' dir='ltr'><strong>καὶ</strong></span> <span class='ocrx_word' id='word_1_702' title='bbox 542 5289 773 5363; x_wconf 77' lang='grc' dir='ltr'>ὕπαρξιν</span> <span class='ocrx_word' id='word_1_703' title='bbox 804 5289 1021 5353; x_wconf 82' lang='grc' dir='ltr'>ένώσεις</span> <span class='ocrx_word' id='word_1_704' title='bbox 1058 5309 1117 5345; x_wconf 90' lang='grc' dir='ltr'><strong>τε</strong></span> <span class='ocrx_word' id='word_1_705' title='bbox 1156 5294 1249 5347; x_wconf 70' lang='grc' dir='ltr'>καὶ</span> <span class='ocrx_word' id='word_1_706' title='bbox 1279 5292 1594 5363; x_wconf 80' lang='grc' dir='ltr'>διακρίσεις.</span> <span class='ocrx_word' id='word_1_707' title='bbox 1623 5293 1686 5344; x_wconf 85' lang='grc' dir='ltr'><strong>Εἰ</strong></span> <span class='ocrx_word' id='word_1_708' title='bbox 1718 5292 1775 5345; x_wconf 79' lang='grc' dir='ltr'>δὲ</span> 
     </span>
    </p>
   </div>
   <div class='ocr_carea' id='block_1_96' title="bbox 204 5382 1780 5457">
    <p class='ocr_par' dir='ltr' id='par_1_96' title="bbox 204 5382 1780 5457">
     <span class='ocr_line' id='line_1_96' title="bbox 204 5382 1780 5457; baseline 0.003 -23"><span class='ocrx_word' id='word_1_709' title='bbox 204 5383 293 5435; x_wconf 70' lang='grc' dir='ltr'>καὶ</span> <span class='ocrx_word' id='word_1_710' title='bbox 318 5382 435 5436; x_wconf 86' lang='grc' dir='ltr'>Θεία</span> <span class='ocrx_word' id='word_1_711' title='bbox 470 5382 738 5453; x_wconf 86' lang='grc' dir='ltr'>διάκρισίς</span> <span class='ocrx_word' id='word_1_712' title='bbox 765 5384 913 5437; x_wconf 75' lang='grc' dir='ltr'>ἐστιν</span> <span class='ocrx_word' id='word_1_713' title='bbox 946 5384 1391 5457; x_wconf 84' lang='grc' dir='ltr'>ήάγαθοπρεπὴς</span> <span class='ocrx_word' id='word_1_714' title='bbox 1425 5383 1647 5455; x_wconf 79' lang='grc' dir='ltr'>πρόοδος</span> <span class='ocrx_word' id='word_1_715' title='bbox 1680 5384 1780 5455; x_wconf 81' lang='grc' dir='ltr'><strong>τῆς</strong></span> 
     </span>
    </p>
   </div>
   <div class='ocr_carea' id='block_1_97' title="bbox 1879 4549 3452 4625">
    <p class='ocr_par' dir='ltr' id='par_1_97' title="bbox 1879 4549 3452 4625">
     <span class='ocr_line' id='line_1_97' title="bbox 1879 4549 3452 4625; baseline 0.003 -22"><span class='ocrx_word' id='word_1_716' title='bbox 1879 4549 2178 4611; x_wconf 88' lang='lat' dir='ltr'><strong>distinctio,</strong></span> <span class='ocrx_word' id='word_1_717' title='bbox 2206 4564 2311 4620; x_wconf 86' lang='lat' dir='ltr'><strong>qua</strong></span> <span class='ocrx_word' id='word_1_718' title='bbox 2327 4566 2433 4607; x_wconf 89' lang='lat' dir='ltr'><strong>non</strong></span> <span class='ocrx_word' id='word_1_719' title='bbox 2456 4561 2662 4607; x_wconf 88' lang='lat' dir='ltr'><strong>tantum</strong></span> <span class='ocrx_word' id='word_1_720' title='bbox 2696 4554 2777 4623; x_wconf 91' lang='lat' dir='ltr'><strong>(ut</strong></span> <span class='ocrx_word' id='word_1_721' title='bbox 2803 4553 2935 4621; x_wconf 76' lang='lat' dir='ltr'><strong>dixi)</strong></span> <span class='ocrx_word' id='word_1_722' title='bbox 2963 4555 3258 4608; x_wconf 82' lang='lat' dir='ltr'><strong>secundum</strong></span> <span class='ocrx_word' id='word_1_723' title='bbox 3286 4554 3452 4625; x_wconf 72' lang='lat'><strong>319</strong></span> 
     </span>
    </p>
   </div>
   <div class='ocr_carea' id='block_1_98' title="bbox 1878 4640 3447 4715">
    <p class='ocr_par' dir='ltr' id='par_1_98' title="bbox 1878 4640 3447 4715">
     <span class='ocr_line' id='line_1_98' title="bbox 1878 4640 3447 4715; baseline 0.004 -20"><span class='ocrx_word' id='word_1_724' title='bbox 1878 4640 2049 4711; x_wconf 87' lang='lat' dir='ltr'><strong>ipsam</strong></span> <span class='ocrx_word' id='word_1_725' title='bbox 2081 4642 2336 4697; x_wconf 87' lang='lat' dir='ltr'><strong>unionem</strong></span> <span class='ocrx_word' id='word_1_726' title='bbox 2361 4644 2619 4713; x_wconf 67' lang='lat' dir='ltr'><strong>quaelibet</strong></span> <span class='ocrx_word' id='word_1_727' title='bbox 2650 4644 3049 4715; x_wconf 69' lang='lat' dir='ltr'><strong>pran-ipuarum</strong></span> <span class='ocrx_word' id='word_1_728' title='bbox 3096 4661 3447 4715; x_wconf 82' lang='lat' dir='ltr'><strong>personarum</strong></span> 
     </span>
    </p>
   </div>
   <div class='ocr_carea' id='block_1_99' title="bbox 1879 4734 3447 4805">
    <p class='ocr_par' dir='ltr' id='par_1_99' title="bbox 1879 4734 3447 4805">
     <span class='ocr_line' id='line_1_99' title="bbox 1879 4734 3447 4805; baseline 0.001 -16"><span class='ocrx_word' id='word_1_729' title='bbox 1879 4734 2213 4805; x_wconf 84' lang='lat' dir='ltr'><strong>impcrmista</strong></span> <span class='ocrx_word' id='word_1_730' title='bbox 2265 4744 2429 4805; x_wconf 86' lang='lat' dir='ltr'><strong>atque</strong></span> <span class='ocrx_word' id='word_1_731' title='bbox 2478 4734 2760 4790; x_wconf 79' lang='lat' dir='ltr'><strong>inconfnsa</strong></span> <span class='ocrx_word' id='word_1_732' title='bbox 2795 4737 3039 4804; x_wconf 88' lang='lat' dir='ltr'><strong>ponitur,</strong></span> <span class='ocrx_word' id='word_1_733' title='bbox 3064 4752 3251 4790; x_wconf 86' lang='lat' dir='ltr'><strong>verum</strong></span> <span class='ocrx_word' id='word_1_734' title='bbox 3281 4739 3447 4792; x_wconf 89' lang='lat' dir='ltr'><strong>etiam</strong></span> 
     </span>
    </p>
   </div>
   <div class='ocr_carea' id='block_1_100' title="bbox 1877 4828 3451 4900">
    <p class='ocr_par' dir='ltr' id='par_1_100' title="bbox 1877 4828 3451 4900">
     <span class='ocr_line' id='line_1_100' title="bbox 1877 4828 3451 4900; baseline 0.003 -18"><span class='ocrx_word' id='word_1_735' title='bbox 1877 4842 1941 4882; x_wconf 86' lang='lat' dir='ltr'><strong>ea</strong></span> <span class='ocrx_word' id='word_1_736' title='bbox 1972 4843 2093 4898; x_wconf 68' lang='lat' dir='ltr'><strong>qua:</strong></span> <span class='ocrx_word' id='word_1_737' title='bbox 2116 4828 2655 4897; x_wconf 86' lang='lat' dir='ltr'><strong>supersubstantialis</strong></span> <span class='ocrx_word' id='word_1_738' title='bbox 2684 4829 2828 4884; x_wconf 89' lang='lat' dir='ltr'><strong>illius</strong></span> <span class='ocrx_word' id='word_1_739' title='bbox 2854 4830 3053 4884; x_wconf 75' lang='lat' dir='ltr'><strong>divina:</strong></span> <span class='ocrx_word' id='word_1_740' title='bbox 3078 4833 3451 4900; x_wconf 81' lang='lat' dir='ltr'><strong>generationis</strong></span> 
     </span>
    </p>
   </div>
   <div class='ocr_carea' id='block_1_101' title="bbox 1878 4921 3449 4990">
    <p class='ocr_par' dir='ltr' id='par_1_101' title="bbox 1878 4921 3449 4990">
     <span class='ocr_line' id='line_1_101' title="bbox 1878 4921 3449 4990; baseline 0.001 -14"><span class='ocrx_word' id='word_1_741' title='bbox 1878 4928 2027 4985; x_wconf 88' lang='lat' dir='ltr'><strong>sunt,</strong></span> <span class='ocrx_word' id='word_1_742' title='bbox 2061 4921 2203 4975; x_wconf 91' lang='lat' dir='ltr'><strong>inter</strong></span> <span class='ocrx_word' id='word_1_743' title='bbox 2228 4935 2289 4975; x_wconf 87' lang='lat' dir='ltr'><strong>se</strong></span> <span class='ocrx_word' id='word_1_744' title='bbox 2314 4921 2535 4975; x_wconf 90' lang='lat' dir='ltr'><strong>minime</strong></span> <span class='ocrx_word' id='word_1_745' title='bbox 2563 4923 2992 4990; x_wconf 85' lang='lat' dir='ltr'><strong>reciprocantur.</strong></span> <span class='ocrx_word' id='word_1_746' title='bbox 3026 4924 3176 4978; x_wconf 80' lang='lat' dir='ltr'><strong>Adeo</strong></span> <span class='ocrx_word' id='word_1_747' title='bbox 3216 4936 3275 4980; x_wconf 95' lang='lat' dir='ltr'><strong>ut</strong></span> <span class='ocrx_word' id='word_1_748' title='bbox 3301 4923 3449 4979; x_wconf 87' lang='lat' dir='ltr'><strong>solus</strong></span> 
     </span>
    </p>
   </div>
   <div class='ocr_carea' id='block_1_102' title="bbox 1879 5012 3451 5087">
    <p class='ocr_par' dir='ltr' id='par_1_102' title="bbox 1879 5012 3451 5087">
     <span class='ocr_line' id='line_1_102' title="bbox 1879 5012 3451 5087; baseline 0.001 -18"><span class='ocrx_word' id='word_1_749' title='bbox 1879 5014 2043 5069; x_wconf 88' lang='lat' dir='ltr'><strong>Pater</strong></span> <span class='ocrx_word' id='word_1_750' title='bbox 2090 5012 2214 5069; x_wconf 78' lang='lat' dir='ltr'><strong>fons</strong></span> <span class='ocrx_word' id='word_1_751' title='bbox 2257 5013 2329 5067; x_wconf 92' lang='lat' dir='ltr'><strong>sit</strong></span> <span class='ocrx_word' id='word_1_752' title='bbox 2379 5014 2429 5066; x_wconf 90' lang='lat' dir='ltr'><strong>in</strong></span> <span class='ocrx_word' id='word_1_753' title='bbox 2466 5014 2976 5081; x_wconf 86' lang='lat' dir='ltr'><strong>supersnbstantiali</strong></span> <span class='ocrx_word' id='word_1_754' title='bbox 3023 5015 3255 5083; x_wconf 87' lang='lat' dir='ltr'><strong>Deitate,</strong></span> <span class='ocrx_word' id='word_1_755' title='bbox 3285 5026 3451 5087; x_wconf 81' lang='lat' dir='ltr'><strong>atque</strong></span> 
     </span>
    </p>
   </div>
   <div class='ocr_carea' id='block_1_103' title="bbox 1880 5103 3449 5173">
    <p class='ocr_par' dir='ltr' id='par_1_103' title="bbox 1880 5103 3449 5173">
     <span class='ocr_line' id='line_1_103' title="bbox 1880 5103 3449 5173; baseline 0.002 -13"><span class='ocrx_word' id='word_1_756' title='bbox 1880 5105 1954 5160; x_wconf 89' lang='lat' dir='ltr'><strong>ita</strong></span> <span class='ocrx_word' id='word_1_757' title='bbox 1981 5105 2141 5160; x_wconf 90' lang='lat' dir='ltr'><strong>Pater</strong></span> <span class='ocrx_word' id='word_1_758' title='bbox 2173 5122 2276 5159; x_wconf 92' lang='lat' dir='ltr'><strong>non</strong></span> <span class='ocrx_word' id='word_1_759' title='bbox 2306 5104 2376 5159; x_wconf 90' lang='lat' dir='ltr'><strong>sit</strong></span> <span class='ocrx_word' id='word_1_760' title='bbox 2403 5103 2597 5169; x_wconf 81' lang='lat' dir='ltr'><strong>Filius,</strong></span> <span class='ocrx_word' id='word_1_761' title='bbox 2635 5120 2810 5173; x_wconf 91' lang='lat' dir='ltr'><strong>neque</strong></span> <span class='ocrx_word' id='word_1_762' title='bbox 2832 5105 3000 5161; x_wconf 87' lang='lat' dir='ltr'><strong>Filius</strong></span> <span class='ocrx_word' id='word_1_763' title='bbox 3030 5107 3103 5160; x_wconf 87' lang='lat' dir='ltr'><strong>sit</strong></span> <span class='ocrx_word' id='word_1_764' title='bbox 3130 5105 3314 5173; x_wconf 88' lang='lat' dir='ltr'><strong>Pater,</strong></span> <span class='ocrx_word' id='word_1_765' title='bbox 3351 5110 3449 5163; x_wconf 87' lang='lat' dir='ltr'><strong>sed</strong></span> 
     </span>
    </p>
   </div>
   <div class='ocr_carea' id='block_1_104' title="bbox 1876 5194 3450 5267">
    <p class='ocr_par' dir='ltr' id='par_1_104' title="bbox 1876 5194 3450 5267">
     <span class='ocr_line' id='line_1_104' title="bbox 1876 5194 3450 5267; baseline -0.001 -14"><span class='ocrx_word' id='word_1_766' title='bbox 1876 5198 2073 5267; x_wconf 88' lang='lat' dir='ltr'><strong>cuique</strong></span> <span class='ocrx_word' id='word_1_767' title='bbox 2106 5197 2408 5251; x_wconf 88' lang='lat' dir='ltr'><strong>divinarum</strong></span> <span class='ocrx_word' id='word_1_768' title='bbox 2434 5194 2790 5261; x_wconf 80' lang='lat' dir='ltr'><strong>Personarum</strong></span> <span class='ocrx_word' id='word_1_769' title='bbox 2824 5196 3055 5265; x_wconf 76' lang='lat' dir='ltr'><strong>propria:</strong></span> <span class='ocrx_word' id='word_1_770' title='bbox 3104 5211 3216 5251; x_wconf 76' lang='lat' dir='ltr'><strong>sua:</strong></span> <span class='ocrx_word' id='word_1_771' title='bbox 3262 5196 3450 5251; x_wconf 80' lang='lat' dir='ltr'><strong>laudes</strong></span> 
     </span>
    </p>
   </div>
   <div class='ocr_carea' id='block_1_105' title="bbox 1880 5286 3447 5358">
    <p class='ocr_par' dir='ltr' id='par_1_105' title="bbox 1880 5286 3447 5358">
     <span class='ocr_line' id='line_1_105' title="bbox 1880 5286 3447 5358; baseline -0.003 -13"><span class='ocrx_word' id='word_1_772' title='bbox 1880 5290 2149 5345; x_wconf 73' lang='lat' dir='ltr'><strong>inviolata:</strong></span> <span class='ocrx_word' id='word_1_773' title='bbox 2178 5299 2591 5345; x_wconf 84' lang='lat' dir='ltr'><strong>conserventur.</strong></span> <span class='ocrx_word' id='word_1_774' title='bbox 2622 5286 2715 5341; x_wconf 59' lang='lat' dir='ltr'><strong>Hie</strong></span> <span class='ocrx_word' id='word_1_775' title='bbox 2741 5290 2957 5358; x_wconf 88' lang='lat' dir='ltr'><strong>quidem</strong></span> <span class='ocrx_word' id='word_1_776' title='bbox 2988 5300 3114 5344; x_wconf 82' lang='lat' dir='ltr'><strong>sunt</strong></span> <span class='ocrx_word' id='word_1_777' title='bbox 3140 5288 3367 5343; x_wconf 80' lang='lat' dir='ltr'><strong>uniones</strong></span> <span class='ocrx_word' id='word_1_778' title='bbox 3392 5300 3447 5342; x_wconf 91' lang='lat' dir='ltr'><strong>et</strong></span> 
     </span>
    </p>
   </div>
   <div class='ocr_carea' id='block_1_106' title="bbox 1890 5376 3447 5438">
    <p class='ocr_par' dir='ltr' id='par_1_106' title="bbox 1890 5376 3447 5438">
     <span class='ocr_line' id='line_1_106' title="bbox 1890 5376 3447 5438; baseline -0.001 -2"><span class='ocrx_word' id='word_1_779' title='bbox 1890 5381 2268 5437; x_wconf 86' lang='lat' dir='ltr'><strong>distinctiones</strong></span> <span class='ocrx_word' id='word_1_780' title='bbox 2317 5380 2372 5436; x_wconf 90' lang='lat' dir='ltr'><strong>in</strong></span> <span class='ocrx_word' id='word_1_781' title='bbox 2417 5380 2508 5435; x_wconf 81' lang='lat' dir='ltr'><strong>illa</strong></span> <span class='ocrx_word' id='word_1_782' title='bbox 2551 5376 2809 5435; x_wconf 77' lang='lat' dir='ltr'><strong>ineﬂ‘abili</strong></span> <span class='ocrx_word' id='word_1_783' title='bbox 2851 5379 3055 5436; x_wconf 85' lang='lat' dir='ltr'><strong>unione</strong></span> <span class='ocrx_word' id='word_1_784' title='bbox 3101 5391 3156 5436; x_wconf 92' lang='lat' dir='ltr'><strong>et</strong></span> <span class='ocrx_word' id='word_1_785' title='bbox 3186 5377 3447 5438; x_wconf 78' lang='lat' dir='ltr'><strong>essentia.</strong></span> 
     </span>
    </p>
   </div>
   <div class='ocr_carea' id='block_1_107' title="bbox 1475 5538 2153 5596">
    <p class='ocr_par' dir='ltr' id='par_1_107' title="bbox 1475 5538 2153 5596">
     <span class='ocr_line' id='line_1_107' title="bbox 1475 5538 2153 5596; baseline 0 0"><span class='ocrx_word' id='word_1_786' title='bbox 1475 5540 1712 5596; x_wconf 59' lang='lat' dir='ltr'><strong>VARIIE</strong></span> <span class='ocrx_word' id='word_1_787' title='bbox 1750 5538 2153 5596; x_wconf 82' lang='lat' dir='ltr'><strong>LECTIONES.</strong></span> 
     </span>
    </p>
   </div>
   <div class='ocr_carea' id='block_1_108' title="bbox 271 5678 1118 5751">
    <p class='ocr_par' dir='ltr' id='par_1_108' title="bbox 271 5678 1118 5751">
     <span class='ocr_line' id='line_1_108' title="bbox 271 5678 1118 5751; baseline 0.044 -34"><span class='ocrx_word' id='word_1_788' title='bbox 271 5678 314 5751; x_wconf 49' lang='grc' dir='ltr'>ξι</span> <span class='ocrx_word' id='word_1_789' title='bbox 344 5678 667 5751; x_wconf 70' lang='grc' dir='ltr'>ὕπερουσίου</span> <span class='ocrx_word' id='word_1_790' title='bbox 723 5680 1007 5751; x_wconf 73' lang='grc' dir='ltr'>θεότητος,</span> <span class='ocrx_word' id='word_1_791' title='bbox 1060 5684 1118 5743; x_wconf 63' lang='grc' dir='ltr'><strong>Ρ*</strong></span> 
     </span>
    </p>
   </div>
   <div class='ocr_carea' id='block_1_109' title="bbox 207 5748 863 5823">
    <p class='ocr_par' dir='ltr' id='par_1_109' title="bbox 207 5748 863 5823">
     <span class='ocr_line' id='line_1_109' title="bbox 207 5748 863 5823; baseline -0.002 -19"><span class='ocrx_word' id='word_1_792' title='bbox 207 5748 244 5777; x_wconf 61' lang='grc'><strong>’⁸</strong></span> <span class='ocrx_word' id='word_1_793' title='bbox 272 5748 329 5804; x_wconf 87' lang='lat' dir='ltr'><strong>S.</strong></span> <span class='ocrx_word' id='word_1_794' title='bbox 359 5748 500 5823; x_wconf 76' lang='grc' dir='ltr'>μόνῃ</span> <span class='ocrx_word' id='word_1_795' title='bbox 522 5749 576 5803; x_wconf 76' lang='grc' dir='ltr'>δὲ</span> <span class='ocrx_word' id='word_1_796' title='bbox 601 5752 667 5822; x_wconf 77' lang='grc' dir='ltr'>τῇ</span> <span class='ocrx_word' id='word_1_797' title='bbox 696 5752 863 5821; x_wconf 80' lang='grc' dir='ltr'>πηγῇ.</span> 
     </span>
    </p>
   </div>
   <div class='ocr_carea' id='block_1_110' title="bbox 1230 5674 3445 5759">
    <p class='ocr_par' dir='ltr' id='par_1_110' title="bbox 1230 5674 3445 5759">
     <span class='ocr_line' id='line_1_110' title="bbox 1230 5674 3445 5759; baseline -0.005 -19"><span class='ocrx_word' id='word_1_798' title='bbox 1230 5687 1277 5720; x_wconf 83' lang='grc'><strong>⁸³</strong></span> <span class='ocrx_word' id='word_1_799' title='bbox 1307 5683 1883 5754; x_wconf 71' lang='grc' dir='ltr'>συνεπισπασάμενον,</span> <span class='ocrx_word' id='word_1_800' title='bbox 1940 5682 1996 5737; x_wconf 79' lang='lat'><strong>3,.</strong></span> <span class='ocrx_word' id='word_1_801' title='bbox 2043 5681 2099 5736; x_wconf 82' lang='lat' dir='ltr'><strong>P.</strong></span> <span class='ocrx_word' id='word_1_802' title='bbox 2144 5682 2206 5736; x_wconf 80' lang='grc' dir='ltr'><strong>Ι).</strong></span> <span class='ocrx_word' id='word_1_803' title='bbox 2298 5681 2343 5712; x_wconf 81' lang='grc'><strong>⁸⁸</strong></span> <span class='ocrx_word' id='word_1_804' title='bbox 2372 5674 2681 5759; x_wconf 74' lang='grc' dir='ltr'>καταλιπόν.</span> <span class='ocrx_word' id='word_1_805' title='bbox 2760 5675 2805 5707; x_wconf 83' lang='grc'>⁸⁷</span> <span class='ocrx_word' id='word_1_806' title='bbox 2832 5675 3296 5748; x_wconf 80' lang='grc' dir='ltr'>ὑπερηνωμένης,</span> <span class='ocrx_word' id='word_1_807' title='bbox 3343 5674 3445 5730; x_wconf 67' lang='lat' dir='ltr'><strong>tib.</strong></span> 
     </span>
    </p>
   </div>
  </div>
