3742 6328
342 270 448 326 645

1508 273 1568 330 S.
1599 271 1903 331 DlONYSlI
1936 275 2427 335 AREOPAGITE~

3502 277 3603 345 Ni

341 385 499 453 Quod
548 387 592 440 si
624 400 757 441 vero
798 386 959 441 etiam
1006 385 1187 442 divina
1212 387 1495 445 distinctio
1522 388 1598 443 sit
1631 391 1882 445 ema‘natit

2059 392 2260 457 ρώπως
2290 394 2394 465 τῆς
2420 394 2571 462 θείας
2604 396 3040 471 ὕπερηνωμένως
3073 398 3272 471 ἑαυτὴν
3311 401 3604 474 ἀγαθότητι

341 480 486 532 bono
530 478 853 534 conveniens
896 478 1092 533 divina!
1140 481 1374 545 ultionis,
1414 496 1535 550 qua:
1586 497 1914 552 supraquam

341 570 494 622 unite
520 568 760 622 bonitate
790 568 881 621 Dei
915 568 1316 639 multiplicatur
1356 588 1368 625 :
1409 571 1761 626 distinctione
1790 572 1916 641 qui-

342 660 461 713 dem
521 660 698 713 divina
758 661 926 713 unita:
978 671 1103 714 sunt
1159 662 1743 733 incompreltensibiles
1798 664 1915 719 ista:

342 751 881 816 comnmnicatioues,
897 753 1477 820 substantiﬁcationes,
1500 757 1913 824 viviticationes,

341 844 882 911 sapientiﬁcationes,
913 846 1128 915 aliaque
1174 847 1476 902 istiusmodi
1506 849 1747 904 omnium
1780 849 1913 905 effe-

340 937 522 992 ctricis
551 937 807 992 bonitatis
836 955 1087 1003 munera,
1121 942 1415 995 secundum
1448 958 1570 1012 qua:
1594 960 1659 997 ex
1690 946 1915 1011 partici-

339 1029 648 1097 pationibus
672 1040 726 1084 et
753 1031 1107 1101 participibus
1131 1030 1420 1088 laudantur
1440 1048 1504 1089 ea
1532 1050 1653 1104 quae
1678 1036 1917 1105 imparti-

338 1143 515 1209 cipate
541 1143 957 1211 partictpautur.
982 1143 1048 1197 Et
1071 1144 1175 1198 hoc
1201 1160 1491 1200 commune
1519 1156 1574 1201 et
1600 1147 1909 1216 copulatum

336 1244 391 1287 et
414 1250 577 1286 unum
606 1243 690 1288 est
716 1235 809 1288 toti
837 1235 1130 1300 divinitati,
1160 1239 1472 1308 participari
1502 1239 1706 1294 scilicet
1741 1241 1910 1309 ipsam

336 1325 404 1377 ah
437 1341 765 1395 unoquoque
795 1327 1268 1396 participautium,
1298 1339 1352 1383 et
1377 1344 1407 1382 a
1440 1330 1585 1383 nullo
1613 1331 1757 1385 nulla
1787 1348 1915 1400 par-

252 1471 269 1489 \
338 1425 387 1467 te
420 1437 431 1469 :
464 1416 605 1470 sicut
654 1427 915 1483 punctum
963 1419 1134 1471 centri
1188 1417 1243 1472 in
1296 1420 1475 1473 medio
1524 1422 1716 1476 circuli
1749 1431 1804 1475 et
1843 1423 1912 1477 ab

333 1508 587 1563 omnibus
622 1507 780 1562 lineis
814 1508 1002 1571 rectis,
1038 1524 1159 1578 qua:
1202 1518 1331 1563 sunt
1361 1510 1412 1564 in
1441 1510 1644 1565 circulo
1678 1512 1913 1567 circum-

334 1598 522 1652 nosita:
562 1598 945 1667 participatur,
975 1607 1031 1653 et
1077 1599 1219 1653 sicut
1274 1598 1457 1653 multa:
1514 1601 1699 1672 ﬁgura:
1745 1602 1906 1671 sigilli

332 1704 603 1759 expressa:
657 1692 1010 1761 archetypum
1062 1690 1302 1761 sigillum
1361 1694 1710 1769 participant,
1745 1706 1799 1751 et
1854 1698 1906 1752 in

332 1798 657 1852 unaquaque
685 1784 850 1852 ﬁgura
882 1783 1043 1850 sigilli
1077 1798 1331 1853 expressa
1366 1794 1534 1839 totum
1567 1796 1623 1839 et
1656 1787 1794 1841 idem
1827 1788 1904 1843 si-

331 1872 514 1941 gillum
551 1882 653 1939 est,
686 1884 739 1928 et
772 1875 823 1928 in
859 1874 1001 1927 nulla
1036 1874 1204 1945 ﬁgura
1250 1878 1545 1931 secundum
1584 1877 1747 1932 ullam
1777 1895 1903 1949 par-

2018 486 2365 559 πληθυούσης
2390 506 2451 542 τε
2484 490 3193 562 καὶπολλαπλασιαζούσης,
3208 495 3491 565 ἡνωμέναι
3513 500 3603 567 μέν

2016 580 2122 631 εἱσι
2168 580 2309 634 κατὰ
2340 582 2440 653 τὴν
2470 582 2619 636 θείαν
2642 584 2916 656 διάκρισιν
2944 588 3000 639 αἱ
3027 586 3248 656 ἄσχετοι
3272 587 3600 657 μεταδόσεις,

2016 673 2072 726 αἱ
2098 672 2380 738 οὺσιώσεις
2394 676 2460 740 ⁸⁸,
2489 677 2544 729 αἱ
2572 676 2830 741 ζωὼσεις,
2856 680 2912 731 αἱ
2941 681 3344 750 σοφοποιήσεις,
3371 682 3431 733 αἱ
3456 682 3601 735 ἄλλα

2014 765 2214 837 δωρεαὶ
2250 766 2350 837 τῆς
2391 768 2609 823 πάντων
2652 770 2829 835 αἰτίας
2871 771 3225 842 ἀγαθότητος,
3263 774 3390 826 καθ’
3431 774 3497 838 ἃς
3546 776 3602 827 ἐκ

2012 859 2122 912 τῶν
2160 859 2402 929 μετοχῶν
2435 861 2529 913 καὶ
2558 861 2667 914 τῶν
2697 863 3030 933 μετεχόντων
3061 864 3308 935 ὑμνεῖται
3338 865 3410 919 τὰ
3439 867 3598 936 dp.sz-

2014 952 2186 1017 έκτως
2237 954 2592 1025 μετεχόμενα.
2639 955 2750 1007 Καὶ
2789 956 2945 1008 τοῦτο
2979 957 3157 1010 κοινὸν
3189 958 3285 1011 καὶ
3322 960 3601 1030 ἡνωμένον

2014 1047 2108 1099 καὶ
2146 1047 2204 1099 ἓν
2237 1047 2353 1099 ἐστι
2384 1050 2451 1117 τῇ
2491 1047 2587 1119 ὅλῃ
2627 1047 2922 1119 θεότητιθθ,
2947 1048 3007 1101 τὸ
3050 1049 3227 1102 πᾶσαν
3265 1050 3443 1121 αὐτὴν
3482 1051 3602 1121 ὅλην

2014 1137 2102 1206 ὑφ’
2140 1138 2369 1192 ἑκάστου
2392 1139 2501 1191 τῶν
2530 1139 2863 1210 μετεχόντων
2891 1141 3233 1212 μετέχεσθαι,
3272 1142 3369 1195 καὶ
3404 1144 3497 1196 ὑπ’
3519 1144 3601 1195 οὖα

2011 1230 2159 1295 δενὸς
2186 1232 2418 1285 οὐδενὶ⁹¹
2451 1233 2626 1305 μέρει·
2648 1233 2900 1305 καθάπερ
2932 1237 3155 1304 σημεῖον
3172 1237 3215 1266 ⁹¹
3243 1236 3303 1286 ὲν
3332 1235 3487 1306 μέσῳ
3514 1237 3600 1289 κὺ-

2013 1325 2141 1377 κλου
2171 1324 2307 1396 πρὸς
2335 1325 2525 1378 πασῶν
2544 1324 2651 1379 τῶν
2678 1327 2736 1378 ἐν
2767 1326 2846 1396 τῷ
2872 1325 3055 1397 κύκλῳ
3090 1327 3494 1398 περικειμένων
3521 1330 3599 1381 5'3-

2013 1407 2205 1469 θειῶνλ
2245 1418 2337 1471 καὶ
2383 1417 2573 1489 ὥσπερ
2621 1418 2913 1490 σφραγῖδος
2957 1419 3326 1489 ἐκτυπώματα
3370 1419 3599 1472 πολλά⁹³

2015 1508 2229 1579 μετέχει
2251 1509 2351 1578 τῆς
2374 1509 2677 1580 ἀρχετύπου
2705 1510 3015 1582 σφραγῖδος,
3046 1512 3139 1564 καὶ
3171 1514 3227 1565 ὲν
3248 1513 3471 1583 ἑκάστῃ
3497 1513 3599 1567 τῶν

2011 1601 2448 1672 ὲκτυπωμάτων,
2473 1601 2600 1672 ὅλης
2624 1603 2717 1655 καὶ
2738 1601 2943 1670 ταὺτῆς
2968 1604 3143 1657 οὐδενὶ
3170 1606 3294 1658 κατ’
3324 1606 3481 1659 οὐδὲν
3510 1608 3599 1676 μὲο

2014 1710 2124 1764 ρος.
2144 1693 2495 1765 Ὑπέρκειται
2513 1694 2567 1745 δὲ
2596 1694 2690 1746 καὶ
2712 1694 2915 1747 τούτων
2953 1697 2986 1767 ἡ
3026 1696 3125 1765 τῆς
3167 1698 3459 1751 παναιτίου
3486 1698 3597 1750 Θεό-

2008 1805 2170 1858 τητος
2208 1786 2494 1858 ἀμεθεξία,
2518 1786 2596 1857 τῷ
2642 1788 2779 1858 μήτε
2806 1785 3022 1858 ἐπαφὴν
3064 1788 3231 1859 αὐτῆς
3262 1786 3429 1853 εἶναι,
3468 1794 3596 1861 μήτε

2011 1879 2176 1949 ἄλλην
2198 1878 2319 1931 τινὰ
2344 1878 2478 1950 πρὸς
2503 1878 2570 1931 τὰ
2597 1876 2890 1948 μετέχοντα
2916 1879 3164 1950 συμμιγῆ
3188 1882 3497 1934 κοινωνίαν.

330 1977 459 2022 tem.
504 1968 687 2022 Vincit
734 1978 914 2022 autem
966 1969 1080 2023 haec
1134 1968 1380 2037 exempla
1429 1970 1765 2036 divinitatis,
1825 1986 1944 2040 qua:
2007 1971 2253 2026 omnium
2321 1985 2484 2024 causa
2534 1981 2660 2036 est,
2716 1970 3279 2039 imparticipabilitas;
3338 1975 3594 2044 quoniam

327 2061 443 2130 ejus
467 2059 610 2113 nulla
638 2070 720 2115 est
746 2061 933 2124 tactio,
965 2073 1139 2129 neque
1156 2059 1262 2113 alia
1291 2074 1413 2114 cum
1439 2062 1898 2131 participautihus
1936 2063 2208 2119 mistionis
2236 2063 2567 2118 communio.

1848 2207 1902 2290 ,ξ
1961 2206 2069 2266 Vl.

394 2355 462 2409 At
490 2355 633 2410 dicet
662 2354 881 2425 aliquis,
904 2354 1135 2427 sigillum
1163 2358 1215 2411 in
1252 2358 1380 2413 totis
1406 2362 1683 2427 expressis
1710 2360 1897 2431 ﬁguris

322 2466 428 2504 non
465 2465 586 2506 esse
616 2460 784 2504 totum
816 2460 870 2505 et
894 2451 1057 2505 idem.
1093 2452 1290 2506 Verum
1323 2452 1481 2520 hujus
1507 2454 1581 2509 rei
1613 2470 1718 2508 non
1746 2454 1897 2525 sigil-

322 2543 430 2597 lum
461 2559 626 2599 causa
680 2557 764 2599 est
810 2545 827 2615 (
854 2554 1024 2599 totum
1059 2546 1202 2599 enim
1234 2560 1352 2600 sese
1383 2546 1515 2600 illud
1546 2556 1709 2616 atque
1752 2549 1896 2602 idem

322 2635 611 2704 unicuique
634 2637 1041 2705 communicat),
1067 2637 1160 2691 sed
1184 2638 1616 2709 participantium
1643 2638 1899 2695 diﬁeren-

322 2728 415 2789 tia,
446 2727 628 2792 unius,
662 2729 847 2792 totius,
876 2728 1230 2799 ejusdemque
1254 2731 1541 2798 primitivae
1566 2731 1757 2786 formae
1778 2732 1897 2786 dis-

318 2820 522 2876 similes
550 2822 727 2875 reddit
757 2822 960 2893 eﬁigies
994 2839 1009 2875 :
1043 2835 1101 2876 ut
1129 2822 1198 2884 si,
1237 2824 1388 2878 verbi
1423 2824 1626 2894 gratia,
1652 2825 1892 2892 subjecta

316 2914 428 2968 sint
467 2913 671 2976 mollia,
704 2910 1051 2982 formatuque
1090 2913 1290 2982 facilia,
1336 2914 1581 2985 leviaque
1617 2928 1671 2971 et
1702 2917 1895 2987 inﬁgu-

316 3016 454 3072 rata,
490 3023 590 3062 nec
622 3006 969 3070 reluctantia,
1009 3023 1111 3062 nec
1143 3010 1302 3073 dura,
1339 3024 1515 3077 neque
1538 3009 1705 3075 fluxa,
1728 3018 1784 3062 et
1812 3010 1893 3063 iu-

2070 2359 2265 2415 Καίτοι
2298 2360 2431 2430 φαίη
2457 2376 2560 2422 τιςο
2585 2358 2698 2412 Οὐκ
2723 2356 2869 2411 ἔστιν
2892 2356 2926 2428 ἡ
2953 2356 3185 2429 σφραγὶς
3219 2356 3280 2408 ἐν
3316 2353 3463 2419 ὅλοις
3484 2356 3592 2414 τοῖς

2001 2450 2321 2521 ὲκμαγείοις
2355 2451 2449 2523 ὅλη
2486 2448 2792 2519 καὶταίηή.
2819 2446 3024 2500 Τούτου
3045 2446 3101 2499 δὲ
3140 2447 3239 2515 οὐχ
3282 2448 3316 2517 ἡ
3355 2448 3591 2517 σφραγὶς

2001 2546 2149 2599 αἰτία
2178 2546 2380 2617 (πᾶσαν
2402 2543 2511 2615 γὰρ
2540 2543 2740 2612 ἑαυτὴν
2768 2539 2952 2612 εκείνη
2975 2541 3069 2592 καὶ
3088 2538 3289 2610 ταύτὴν
3314 2540 3589 2610 ὲκάστῳ⁸⁵

2001 2638 2308 2691 ἐπιδίδωσιν
2341 2637 2382 2703 ),
2413 2636 2521 2708 ἠδὲ
2551 2634 2660 2688 τῶν
2694 2634 3027 2705 μετεχόντων
3042 2634 3087 2665 9⁸
3119 2632 3450 2704 διαφορότης
3472 2632 3591 2687 ἀνό-

1944 2750 1961 2761 ’
2006 2748 2133 2802 μοια
2180 2732 2325 2784 ποιεῖ
2366 2729 2433 2782 τὰ
2476 2728 2883 2799 ἀπομόργματα
2922 2726 3023 2796 τῆς
3049 2727 3177 2797 μιᾶς
3202 2728 3299 2779 καὶ
3331 2726 3463 2797 ὅλης
3498 2728 3590 2779 καὶ

2001 2824 2206 2893 ταὺτῆς
2244 2821 2602 2893 ἀρχετυπίας·
2631 2817 2762 2881 οἷον,
2790 2819 2839 2871 εἰ
2869 2818 2967 2889 μὲν
2995 2817 3174 2871 ἁπαλὰ
3211 2818 3306 2870 καὶ
3338 2817 3587 2873 eiiciam-

1999 2934 2068 2971 τα
2082 2918 2128 2949 ⁹⁶
2152 2912 2219 2990 ᾖ,
2248 2916 2339 2969 κα)⁸
2363 2916 2479 2968 λεῖα
2502 2956 2516 2979 ,
2546 2913 2639 2989 καὶ
2674 2912 2962 2983 ἀχάρακτα
3001 2912 3095 2964 καὶ
3140 2911 3277 2981 μήτε
3318 2910 3586 2962 ἀντίτυπα

2000 3008 2095 3062 καὶ
2129 3008 2358 3080 σκληρὰ,
2389 3009 2523 3079 μήτε
2559 3006 2847 3074 εὐδιάχυτα
2880 3004 2974 3056 καὶ
2995 3002 3270 3055 ἁσύστατα
3291 3042 3305 3066 ,
3343 3001 3585 3072 καθαρὸν

314 3102 642 3165 constantia,
677 3100 906 3171 ﬁguram
934 3101 1159 3154 nitidam
1194 3114 1249 3155 et
1277 3110 1543 3170 apertam,
1587 3117 1651 3154 ac
1681 3117 1882 3170 perma-

2059 3120 2110 3163 ,ει
2137 3102 2233 3156 καὶ
2257 3100 2404 3171 σαφῆ
2435 3102 2529 3153 καὶ
2565 3098 2969 3169 ὲναπομένοντα
2997 3096 3087 3149 τὸν
3123 3096 3292 3149 τύπον
3312 3114 3324 3125 ·
3371 3098 3423 3148 εἰ
3462 3096 3583 3148 δέτι

316 3204 529 3246 nenlem
556 3194 807 3246 habitura
834 3204 957 3247 sunt
982 3210 998 3254 ς
1026 3195 1108 3247 sin
1136 3204 1315 3247 autem
1342 3194 1544 3263 aliquid
1570 3194 1729 3247 dictae
1756 3194 1894 3262 apti-

314 3285 488 3338 tudini
520 3285 774 3346 defuerit,
801 3298 863 3337 ea
898 3285 1083 3352 utique
1112 3298 1275 3338 causa
1307 3284 1434 3350 erit,
1464 3300 1561 3337 cur
1589 3284 1755 3352 ﬁgura
1793 3282 1894 3336 nti-

314 3392 418 3429 ltttS
461 3391 718 3444 expressa
751 3377 821 3428 sit
852 3385 907 3428 et
932 3375 1115 3437 clara,
1149 3384 1457 3443 caatcraque
1497 3375 1747 3428 accidant
1773 3392 1891 3443 qua:

312 3482 377 3519 ex
430 3465 786 3533 participaudi
836 3466 1200 3535 ineptitudiue
1228 3466 1406 3519 solent
1433 3466 1672 3520 evenire.
1709 3465 1885 3523 Porro

314 3559 365 3612 in
397 3558 635 3610 beneﬁca
669 3558 844 3610 nostri
875 3557 1222 3627 reparatione
1250 3572 1447 3611 munus
1480 3557 1584 3612 hoc
1615 3574 1642 3608 a
1671 3557 1892 3614 Deitate

312 3651 626 3703 distinctum
666 3661 770 3713 est,
793 3652 935 3719 quod
965 3662 1185 3719 propter
1220 3664 1320 3703 nos
1348 3665 1414 3704 ex
1446 3652 1604 3705 nobis
1631 3651 1886 3713 Verbum,

311 3742 455 3811 quod
508 3758 670 3811 supra
722 3742 1087 3795 substantiam
1136 3751 1243 3805 est,
1278 3742 1544 3810 integram
1596 3758 1888 3811 veramque

312 3844 550 3888 nos‘tram
581 3833 937 3888 substantiam
970 3833 1343 3903 assumpserit,
1374 3833 1540 3904 320
1566 3848 1737 3903 eaque
1763 3848 1887 3903 ges-

309 3929 442 3983 serit
475 3926 784 3996 tuleritque,
814 3941 934 3995 qua:
966 3927 1217 3980 ltumaute
1242 3926 1409 3996 ipsius
1435 3926 1669 3980 actionis
1697 3928 1887 3996 ρι’ωοί-

309 4036 411 4089 pua
475 4032 602 4074 sunt
652 4033 706 4074 et
756 4020 1074 4089 singularia.
1109 4018 1233 4073 llaec
1280 4021 1424 4073 enim
1476 4019 1618 4073 nulla
1678 4022 1885 4074 ratione

308 4113 614 4167 communia
664 4122 791 4165 sunt
823 4110 1001 4165 Patris
1028 4126 1093 4164 ac
1124 4110 1383 4179 Spiritus,
1432 4110 1537 4163 nisi
1578 4112 1718 4165 forte
1762 4112 1885 4181 quis

309 4205 475 4264 dicat,
507 4203 719 4257 coosilii
751 4202 967 4272 heuigui
993 4212 1179 4270 gatque
1211 4202 1433 4255 humani
1467 4203 1880 4267 communitate,

305 4307 361 4348 et
389 4293 687 4348 secundum
712 4308 928 4347 omnem
963 4292 1107 4345 illam
1138 4294 1471 4346 eminentem
1505 4302 1667 4360 atque
1699 4292 1883 4346 iuell’a-

1992 3197 2091 3267 τῆς
2118 3193 2415 3266 εἰρημένης
2440 3190 2872 3262 ἐπιτηδειότητος
2885 3191 2929 3221 ⁸⁷
2954 3188 3208 3249 ἐλλείποι,
3227 3187 3389 3241 τοῦτο
3414 3187 3582 3240 αἴτιον

1992 3288 2143 3340 ἔσται
2184 3285 2279 3340 τοῦ
2316 3284 2620 3356 ἀμεθέκτου
2661 3284 2756 3336 καὶ
2796 3280 3136 3335 ἀτυπώτου⁹⁸
3180 3281 3274 3332 καὶ
3314 3279 3414 3333 τοῦ
3453 3282 3583 3333 ἀσα-

1992 3380 2147 3449 φοῦς,
2182 3380 2278 3433 καὶ
2320 3378 2427 3431 τῶν
2470 3377 2645 3430 ἄλλων
2685 3376 2784 3428 ὅσα
2827 3372 3296 3443 ἀνεπιτηδειὸτητι
3347 3372 3581 3443 μετοχῆς

1990 3472 2225 3541 γίνεται.
2256 3470 2605 3541 Διακέκριται
2648 3468 2705 3521 δὲ
2741 3467 2841 3536 τῆς
2877 3463 3295 3536 ἀγαθοπρεποῦς
3322 3466 3405 3529 είς
3439 3468 3579 3536 ἡμᾶς

1992 3561 2297 3635 Θεουργίας,
2325 3562 2385 3614 τὸ
2424 3560 2545 3613 καθ’
2572 3561 2719 3630 ἡμᾶς
2757 3558 2815 3624 ἐξ
2848 3558 3005 3629 ἡμῶν
3027 3555 3219 3620 ὁλικῶς
3244 3558 3341 3611 καὶ
3363 3557 3577 3628 ἀληθῶς

1988 3655 2312 3725 οὐσιωοῆναι
2334 3652 2424 3705 τὸν
2450 3649 2772 3722 ὑπερούσιον
2799 3650 2975 3718 λόγον,
2999 3649 3093 3701 καὶ
3118 3649 3317 3719 δρᾶσαι
3345 3650 3445 3701 καὶ⁵
3473 3667 3573 3701 πα-

1990 3746 2102 3798 θεῖν
2140 3746 2240 3798 ὅσα
2269 3745 2366 3815 τῆς
2400 3741 2755 3814 ἁνθρωπικῆς
2788 3741 2951 3794 αὑτοῦ
2985 3740 3271 3812 Θεουργίας
3312 3742 3466 3795 ἐστὶν
3493 3741 3577 3793 ἐκ·

1989 3851 2150 3905 κριτα
2202 3834 2296 3885 καὶ
2340 3831 2613 3902 ἐξαίρετα.
2663 3829 2887 3892 Τούτοις
2930 3829 3038 3901 γὰρ
3081 3832 3110 3882 ό
3146 3830 3339 3901 Πατὴρ
3378 3831 3475 3883 καὶ
3518 3828 3574 3881 τὸ

1986 3925 2211 3996 Πνεῦμα
2257 3924 2376 3977 κατ’
2404 3922 2592 3975 οὐδένα
2631 3921 2999 3993 κεκοινώνηκε
3038 3921 3215 3989 λόγον,
3243 3923 3292 3974 εἰ
3344 3924 3420 3993 μή
3474 3921 3570 3975 πού

1984 4034 2068 4079 τις
2125 4016 2257 4087 φαίη
2311 4014 2451 4068 κατὰ
2498 4014 2598 4085 τὴν
2646 4013 3003 4084 ἀγαθοπρεπῆ
3050 4012 3143 4067 καὶ
3194 4013 3571 4085 φιλάνθρωπν

1987 4105 2236 4176 βούλησιν
2252 4107 2319 4169 9’,
2360 4104 2453 4157 καὶ
2495 4104 2636 4158 κατὰ
2678 4106 2858 4159 πᾶσαν
2899 4106 2998 4176 τὴν
3040 4105 3446 4178 ὑπερκειμένην
3481 4106 3567 4158 καὶ

1983 4198 2219 4269 ἄρρητον
2246 4196 2552 4268 θεουργίαν,
2580 4198 2645 4267 ἣν
2670 4196 2896 4267 δέδρακε
2920 4197 2988 4227 ¹⁰⁰
3018 4196 3140 4249 καθ’
3162 4198 3313 4268 ἡμᾶς
3333 4196 3565 4265 γεγονὼς

1981 4292 2009 4343 ὁ
2043 4288 2418 4351 ἀναλλοίωτος,
2531 4287 2697 4351 Θεὸςί
2748 4288 2841 4340 καὶ
2867 4286 3001 4340 Θεοῦ
3045 4288 3234 4356 Λόγος.
3279 4288 3437 4342 υῦτω
3476 4287 3563 4340 καὶ

306 4386 467 4440 bilem
498 4384 735 4437 divinam
771 4382 1172 4452 operationem,
1204 4397 1388 4449 quam,
1420 4383 1561 4450 apud
1614 4398 1710 4435 nos
1734 4384 1881 4438 exsi-

2059 4380 2143 4441 ιεῖς
2164 4378 2232 4430 τὰ
2260 4377 2377 4430 Θεῖα
2402 4376 2497 4430 καὶ
2523 4376 2678 4443 ἑνοῦν
2701 4377 2777 4448 τῷ
2798 4378 2943 4449 λόγῳ
2968 4379 3061 4431 καὶ
3082 4379 3381 4449 διακρίνειν
3405 4379 3561 4432 σπεύ-

304 4486 475 4544 steus,
515 4477 560 4531 is
585 4475 675 4545 qui
707 4473 1059 4528 immutabilis
1087 4483 1206 4527 erat
1231 4472 1497 4537 exercuit,
1529 4474 1582 4527 in
1614 4484 1873 4543 quantum

2059 4488 2179 4535 ιεν,
2235 4469 2311 4534 ὡς
2382 4470 2522 4523 αὐτὰ
2565 4470 2633 4523 τὰ
2666 4470 2803 4523 θεῖα
2851 4474 2946 4525 καὶ
3004 4472 3207 4542 ἥνωται
3241 4473 3337 4526 καὶ
3383 4472 3558 4527 διακέ-

306 4572 446 4624 Deus
473 4579 523 4623 et
555 4568 645 4622 Dei
684 4564 938 4621 Verbum.
974 4564 1080 4619 Nos
1102 4578 1317 4633 quoque
1345 4563 1594 4618 similiter
1625 4580 1712 4618 res
1738 4563 1877 4618 divis

1982 4580 2184 4635 κριται.

303 4680 399 4719 uas
425 4678 675 4719 sermone
725 4661 1056 4730 conjungere
1099 4657 1543 4727 distinguereque
1594 4658 1922 4727 satagimus,
1957 4667 2118 4727 prout
2162 4658 2292 4727 ipsae
2342 4656 2599 4711 nimirum
2650 4656 2703 4711 in
2751 4671 2809 4712 se
2842 4656 2927 4712 vel
2975 4658 3141 4714 unita:
3189 4669 3317 4714 sunt
3345 4657 3430 4714 vel
3467 4658 3558 4711 dis-

306 4762 507 4813 tinctae.

1819 4912 2020 4989 gvu.

372 5056 482 5112 Sed
532 5058 723 5111 harum
771 5056 1029 5111 unionum
1058 5042 1122 5112 ac
1149 5057 1560 5112 distinctionum
1593 5046 1867 5127 quascun—

300 5167 407 5221 que
442 5151 493 5205 in
521 5150 753 5219 eloquiis
787 5150 1023 5205 rationes
1066 5150 1176 5206 Deo
1220 5161 1619 5205 consentaneas
1664 5148 1871 5218 reperi-

2060 5052 2239 5115 una,
2257 5051 2461 5106 τούτων
2486 5053 2584 5124 μὲν
2610 5053 2719 5107 τῶν
2746 5054 2989 5112 ὲνώσεὼν
3013 5074 3071 5109 τε
3099 5059 3194 5112 καὶ
3218 5058 3545 5134 διακρίσεων.

1977 5148 2108 5212 ὅσας
2141 5151 2198 5201 ὲν
2224 5150 2335 5212 τοῖς
2364 5147 2563 5216 λογίοις
2589 5147 2913 5221 Θεοπρεπεῖς
2937 5151 3117 5215 αἰτίας
3145 5152 3481 5227 εὑρήκαμεν,
3500 5156 3545 5207 ἐν

1569 5323 1803 5380 VARle
1837 5322 2180 5379 LECTIONE
2194 5323 2253 5382 S.

378 5464 421 5497 ⁸⁹
447 5465 506 5520 οὐ
515 5465 745 5530 σιώδεις.

296 5533 484 5597 πολλὰ.
516 5537 567 5590 S.
604 5537 661 5590 Ρ.

294 5603 357 5682 ll.
387 5592 704 5682 ἐκτῦπωτα,
727 5607 791 5682 Μ.
813 5606 876 5682 _S.
951 5612 997 5682 :7
1028 5586 1305 5682 ἰδιότητος,

290 5680 415 5730 δίη.
492 5679 536 5709 ’⁸
565 5678 913 5750 συμϐουλίαν,
945 5679 1000 5735 S.
1029 5678 1386 5759 ὁμοϐουλίαν,
1415 5683 1472 5736 D.
1500 5681 1556 5734 P.

866 5466 919 5541 ’°_
937 5468 1254 5541 ἀγαθότητι,
1286 5469 1341 5525 S.
1374 5468 1435 5525 Ρ.

1537 5470 1579 5501 ⁹¹
1613 5470 1671 5522 ὲν
1696 5465 1889 5529 οὐδενί,
1935 5467 1992 5519 Ρ.

766 5536 812 5569 ⁹⁸
832 5537 931 5607 ,καὶ
954 5535 1372 5607 ταὺτὴνταύτῃ,
1404 5540 1473 5596 Μ.
1504 5539 1599 5593 καὶ
1626 5539 1861 5607 ἑκάστῳ,
1893 5536 1950 5591 S.
1981 5537 2041 5590 Β.
2073 5537 2129 5589 Ι).
2209 5538 2254 5568 ⁸⁸
2283 5535 2399 5588 ἀλλ’

1359 5582 1372 5603 ,
1404 5556 1473 5596 Μ.
1504 5556 1599 5593 και
1626 5556 1861 5607 εκαστῳ,

1316 5556 1395 5665 ἲ).
1472 5612 1517 5641 ⁹⁸
1544 5609 1638 5663 τοῦ
1668 5608 1882 5677 ἁμεθέκη

1316 5700 1373 5734 ιν.
1415 5683 1472 5734 D.
1500 5681 1556 5734 P.
1638 5680 1705 5711 ¹⁹⁰
1730 5679 1882 5734 ἕδραι

2073 5556 2129 5589 ι’.
2210 5556 2254 5568 ν*
2283 5556 2395 5588 αΛΑν
2426 5556 2458 5605 η
2493 5556 2599 5588 των
2629 5556 2986 5611 μετεχόντων,
3021 5556 3078 5595 l'.
3112 5556 3233 5597 Sar-
3315 5556 3360 5577 "
3387 5556 3533 5600 ama.

2059 5624 2107 5660 in
2140 5608 2302 5661 habet
2339 5607 2400 5660 Ι).
2432 5605 2488 5657 Ρ.
2521 5610 2613 5662 καὶ
2638 5611 2926 5665 ἁτυπὼτου
2974 5629 3080 5669 non
3131 5626 3216 5672 est
3255 5617 3310 5671 in
3354 5614 3408 5669 S.

2064 5677 2121 5731 P.
2204 5678 2217 5707 ³
2250 5676 2282 5734 ἢ
2309 5677 2403 5730 καὶ
2430 5675 2581 5734 Θεός.
2617 5680 2657 5733 Ρ

1788 5695 1944 5753 ρασε,
1975 5695 2030 5734 δ.
2064 5695 2121 5731 ι’.

2098 5468 2142 5544 ξδ’
2173 5464 2398 5544 κέντρου
2430 5458 2765 5544 σημξῖον,Ῥ.
2883 5471 2980 5525 Ch.
3021 5542 3043 5544 _
3085 5472 3139 5544 ’ξ
3163 5472 3459 5544 ἐκτύπωμα
3482 5468 3536 5544 ἶᾶ

2426 5537 2463 5611 η
2493 5536 2599 5611 τῶν
2629 5540 2986 5611 μετεχόντων,
3020 5542 3078 5595 Ρ.
3112 5542 3233 5597 Sar.
3315 5546 3360 5577 ⁹⁶
3387 5536 3533 5600 ἃπλᾶ,

2204 5678 2217 5707 ³
2250 5676 2282 5753 ᾗ
2309 5677 2403 5730 καὶ
2430 5675 2581 5751 Θεός,
2617 5680 2657 5733 Ρ
