3752 6300
174 269 289 327 1545

1308 272 1397 327 DE
1430 272 1685 329 DIVIle
1716 272 2123 343 NOMINIBUS,
2156 272 2311 331 CAP.
2344 275 2409 334 ll.

3340 288 3448 346 646

182 383 304 445 ταῖς
340 381 681 453 θεολογικαῖς
725 383 1155 451 ὑππυταῦσεσιν,
1208 385 1314 457 ἰδίᾳ
1360 386 1491 458 περὶ
1535 386 1715 440 ἑκάστι

1933 406 2017 461 us,
2042 393 2096 446 in
2126 390 2555 447 institutionibus
2588 391 2924 465 tbeologicis,
2953 388 3199 454 seors'ti'm
3232 398 3298 455 de
3327 416 3445 457 sm—

183 472 552 541 διαλαϐόντες,
583 477 659 541 ὡς
682 477 920 546 ἐφικτὸν,
950 476 1262 549 ὲξεθέμεθα,
1285 476 1353 531 τὰ
1371 479 1470 549 μὲν
1492 478 1769 542 ἀνελίξαν-

182 569 303 629 τες¹
330 565 411 637 τῷ
434 567 626 639 ἀληθεί
656 569 797 641 λόγῳ
826 572 916 625 καὶ
942 570 1364 636 ἀναπτύξαντες,
1391 565 1602 624 καϊτὺν
1625 570 1769 642 ἱερὸν

183 656 277 709 καὶ
310 657 405 710 τὸν
427 659 819 715 ἀνεπιθὸλωτθν
848 663 974 716 νοῦν
1012 664 1103 716 ἐπὶ
1125 662 1196 717 τὰ
1232 663 1372 733 φανὰ
1396 662 1506 717 τῶν
1534 661 1729 732 λογίων
1748 663 1767 694 ³

185 747 431 819 θεάματα
462 754 901 824 προσαγαγόντες
920 772 933 785 ·
961 759 1073 819 τοῖς
1101 757 1177 819 δὲ,
1206 755 1284 821 ὼς
1318 758 1599 829 μυστικοῖς
1626 754 1767 811 κατὰ

182 840 281 912 τὴν
305 839 459 895 θείαν
480 846 777 916 παράδοσιν
799 846 937 917 ὑπὲρ
961 847 1153 919 νοερὰν
1184 847 1462 920 ἐνέργειαν
1484 845 1769 900 ἐπιϐαλόν-

181 930 322 992 τεςδ.
353 931 542 986 Πάντα
569 936 677 1006 γὰρ
706 934 773 987 τὰ
801 935 939 1007 θεῖα,
965 937 1060 989 καὶ
1098 938 1196 999 ὅσα
1235 939 1366 1008 ἡμῖν
1404 936 1764 1005 ὲκπέφανται,

181 1025 299 1086 ταῖς
352 1028 609 1095 μετοχαῖς
656 1026 843 1097 μόναις
888 1028 1250 1096 γινώσκεται·
1302 1029 1440 1083 αὐτὰ
1486 1028 1564 1093 δὲ,
1608 1027 1769 1082 ὁποῖά

184 1119 313 1167 ποτέ
343 1117 462 1170 ἐστι
498 1118 639 1171 κατὰ
667 1120 766 1191 τὴν
792 1121 996 1174 οἰκείαν
1030 1120 1202 1192 ἀρχὴν
1243 1122 1336 1174 καὶ
1366 1121 1592 1192 ἵδρυσιν,
1624 1119 1765 1192 ὑπὲρ

184 1205 306 1258 νοῦν
332 1209 451 1261 ἐστι
477 1211 572 1263 καὶ
602 1213 783 1266 πᾶσαν
811 1213 995 1267 οὐσίαν
1022 1215 1117 1267 καὶ
1153 1213 1375 1283 γνῶσιν.
1414 1209 1558 1278 Οἷον,
1592 1216 1639 1267 εἰ
1667 1214 1766 1285 τὴν

184 1299 505 1371 ὕπερούσιον
547 1306 879 1378 κρυφιότητα
917 1306 1069 1371 Θεὸν,
1116 1306 1149 1378 ἢ
1194 1306 1358 1378 ζωὴν,
1401 1307 1434 1379 ἢ
1479 1308 1699 1374 οὐσίαν,
1730 1310 1770 1380 ἦ

182 1388 316 1456 φῶς,
343 1390 376 1461 ἢ
407 1391 567 1467 λόγον
605 1394 993 1466 ὀνομάσαιμεν,
1023 1395 1176 1447 οὐδὲν
1221 1396 1406 1467 ἕτερον
1448 1397 1697 1468 νοοῦμεν,
1731 1398 1764 1469 ἢ

178 1480 276 1543 τὰς
339 1483 419 1545 είς
476 1484 624 1554 ἡμᾶς
656 1484 742 1553 λὲξ
797 1486 967 1556 αὐτῆς
1024 1486 1401 1557 προαγομὲνας
1444 1487 1701 1560 δυνάμεις
1720 1491 1764 1553 ⁸,

178 1569 531 1636 ὲκθεωτικὰς,
575 1574 608 1646 ἢ
644 1575 1000 1640 οὑσιοποιοὺς,
1043 1576 1074 1648 ἧ
1106 1575 1421 1645 ζωογόνους,
1453 1577 1486 1649 ἢ
1531 1577 1764 1648 σοφοδώ-

180 1677 336 1731 ρους·
370 1665 510 1735 αὐτῇ
557 1664 613 1717 δὲ
656 1666 795 1719 κατὰ
838 1666 937 1737 τὴν
985 1666 1172 1721 πασῶν
1195 1669 1214 1699 ⁸
1244 1667 1351 1721 τῶν
1386 1669 1588 1742 νοερῶν
1613 1672 1765 1742 ἐνερ-

1877 482 2017 551 gulis
2061 482 2410 549 disserentes,
2442 484 2519 538 uti
2546 483 2856 555 (potuimus,
2897 489 3284 558 explicuimus,
3322 510 3448 562 par-

1876 573 1972 627 tim
2019 573 2236 644 quidem
2289 588 2382 629 eas
2430 592 2557 631 vera
2608 578 2818 635 ratione
2858 581 3164 646 enodando,
3196 593 3252 638 et
3276 599 3450 656 expo-

1872 665 2073 729 uendo,
2120 674 2284 734 atque
2328 666 2401 719 ita
2449 684 2640 736 purum
2685 686 2750 727 ac
2802 672 3152 741 tranquillum
3206 676 3447 731 animum

1808 818 1819 831 ί
1870 771 2133 825 perquam
2170 757 2364 812 lucidis
2395 758 2734 827 eloquiorum
2769 765 3319 834 contemplationibus
3360 768 3452 823 ad-

1869 850 2166 915 movendo;
2200 852 2395 920 partim
2430 868 2582 918 vero,
2614 871 2711 909 ceu
2740 857 3002 927 mysticis,
3036 875 3101 913 ex
3128 860 3309 914 divina
3335 872 3449 915 tra-

1870 943 2077 999 ditione
2125 958 2287 1011 supra
2336 943 2647 1001 intellectus
2689 950 3061 1017 operationem
3095 943 3461 1010 intendendo.’

1869 1033 2062 1088 Divina
2081 1037 2227 1088 enim
2242 1036 2444 1099 omnia,
2463 1037 2626 1092 etiam
2642 1039 2729 1092 illa
2749 1056 2868 1109 qua:
2884 1042 3040 1098 nobis
3057 1058 3445 1115 apparuerunt,

1869 1125 1998 1180 solis
2018 1126 2525 1195 participationibus
2546 1145 2978 1199 cognoscuntur;
3001 1150 3164 1203 porro
3195 1140 3331 1207 ipsa,
3346 1156 3444 1195 cu-

1860 1216 2097 1283 jusmodi
2134 1218 2185 1271 iu
2225 1234 2323 1272 suo
2350 1221 2616 1288 principio
2642 1238 2852 1293 suaque
2890 1227 3017 1281 sede
3048 1230 3266 1299 propria
3301 1232 3447 1286 exsi-

1868 1320 2032 1372 SIaut,
2065 1310 2247 1365 nullus
2274 1327 2467 1366 sensus
2496 1314 2733 1384 attingit,
2771 1318 2911 1371 nulla
2947 1328 3138 1374 natura
3179 1321 3439 1393 nullaque

1869 1400 2109 1468 cognitio
2143 1411 2413 1469 penetrat.
2450 1400 2625 1457 Veluti
2654 1420 2775 1458 cum
2813 1422 3071 1462 arcanum
3103 1410 3233 1464 illud
3262 1427 3450 1481 super-

1868 1492 2187 1558 essentiale,
2234 1493 2315 1547 vel
2359 1493 2551 1560 Deum,
2588 1496 2672 1549 vel
2716 1498 2903 1562 vitam,
2936 1500 3021 1555 vel
3060 1502 3445 1569 substantiam,

1865 1584 1949 1638 vel
2005 1584 2207 1651 lucem,
2255 1585 2340 1639 vel
2394 1583 2630 1640 Verbum
2690 1588 3061 1657 appellamus,
3114 1590 3250 1646 nihil
3300 1593 3445 1647 aliud

1864 1692 2028 1749 quam
2057 1678 2140 1732 vel
2184 1678 2444 1742 ideiticas,
2472 1678 2559 1732 vel
2595 1680 3031 1748 substantiticas,
3067 1684 3147 1738 vel
3182 1685 3444 1747 viviﬁcas,

174 1758 337 1825 γειῶν
375 1760 638 1813 ἀπόλυσιν
662 1760 1047 1833 ὲπιὸἀλλομεν,
1071 1761 1327 1832 οὐδεμίαν
1357 1762 1591 1833 ὁρῶντες
1628 1764 1715 1817 θέο

1930 1768 1947 1823 l
1977 1770 2346 1838 sapientiticas
2373 1771 2604 1827 virtutes
2639 1772 3013 1844 intelligimus,
3045 1792 3165 1845 qua:
3195 1777 3263 1831 ah
3294 1794 3358 1833 eo
3389 1781 3444 1835 in

175 1851 328 1923 σιν,ἢ
361 1851 529 1923 ζωὴν,
562 1852 595 1924 ἢ
625 1852 1206 1926 οὐσίαν,ἤτιςάκρι6ὦς
1247 1857 1492 1927 ἐμφερής
1532 1857 1650 1909 ἐστι
1689 1860 1756 1928 τῇ

173 1943 387 1997 πάντων
432 1944 748 2020 ἐξῃρημένη
794 1947 934 2000 κατὰ
989 1948 1169 2000 πᾶσαν
1220 1947 1492 2019 ὑπεροχὴν
1538 1947 1685 2019 αἰτίᾳ
1712 1949 1755 2004 ⁷.

172 2034 356 2098 Πάλιν,
388 2036 470 2089 ὃτι
521 2038 618 2108 μὲν
662 2038 777 2091 ἐστι
825 2038 1035 2110 πηγαία
1078 2037 1269 2109 θεὸτης
1313 2038 1341 2090 ὀ
1387 2039 1596 2110 Πατὴρ,
1628 2039 1656 2089 ὁ
1698 2037 1756 2091 δὲ

182 2126 425 2197 Ἰησοῦς8
457 2131 554 2182 καὶ
601 2130 663 2183 τὸ
704 2130 948 2202 Πνεῦμα,
974 2131 1075 2202 τῆς
1119 2131 1368 2201 θεογόνου
1400 2132 1673 2204 θεότητος,
1705 2134 1755 2185 εἰ

168 2218 303 2273 οὕτω
324 2222 430 2295 χρὴ
462 2222 649 2292 φάναι,
684 2223 901 2294 βλαστοὶ
931 2224 1197 2294 θεόφυτοι,
1231 2226 1326 2278 καὶ
1353 2222 1464 2278 οἷον
1495 2224 1631 2296 ἄνθη
1659 2224 1753 2277 καὶ

168 2312 468 2385 ὑπερούσια
500 2316 677 2385 φῶτα,
709 2317 843 2388 πρὸς
878 2316 987 2370 τῶν
1018 2317 1177 2388 ἱερῶν
1200 2317 1396 2386 λογίων
1420 2319 1757 2391 παρειλήφα-

172 2420 263 2472 μεν
280 2420 294 2435 ·
327 2405 480 2470 ὅπως
511 2406 570 2458 δὲ
597 2406 769 2461 ταῦτὰ
797 2410 966 2475 ἐστιν,
990 2408 1112 2461 οὔτε
1143 2411 1335 2475 εἰπεῖν,
1358 2408 1479 2463 οὔτε
1503 2411 1752 2482 ἐννοῆσαι

166 2490 403 2554 δυνατόν.

1863 1876 1961 1915 nos
1993 1862 2306 1929 dimanant;
2354 1861 2529 1932 ipsum
2574 1872 2754 1917 autem
2785 1866 3028 1918 omnium
3070 1868 3270 1922 mentis
3314 1885 3449 1939 ope-

1863 1954 2132 2008 rationum
2177 1956 2485 2011 cessatione
2523 1956 2913 2023 contingimus,
2944 1973 3065 2013 cum
3095 1960 3294 2014 nullam
3322 1977 3447 2016 cer-

1860 2063 2053 2103 namus
2087 2049 2392 2103 divinitatis
2440 2047 2783 2105 ell'ectionem
2806 2091 2823 2116 ,
2856 2051 3056 2105 nullam
3098 2052 3263 2106 vitam
3292 2092 3308 2117 ,
3349 2064 3447 2107 aut

1859 2142 2182 2207 essentiam,
2215 2157 2335 2212 qua:
2389 2142 2546 2211 plane
2587 2142 2783 2196 similis
2837 2144 2909 2198 sit
2954 2160 3133 2199 causa:
3177 2144 3291 2211 illi,
3322 2160 3444 2214 quae

1858 2232 2070 2287 cunctis
2117 2247 2214 2301 per
2267 2248 2483 2288 omnem
2532 2235 2913 2289 excellentiam
2964 2237 3261 2291 antecellit.
3293 2235 3440 2291 Rur-

1857 2336 1977 2376 sum
2039 2337 2069 2375 a
2116 2322 2419 2392 Scripturis
2455 2326 2629 2379 sacris
2676 2327 3017 2395 accepimus,
3052 2328 3270 2383 Patrem
3317 2330 3440 2399 qui-

1855 2413 1974 2468 dem
2004 2428 2126 2469 esse
2158 2414 2425 2483 originem
2459 2416 2509 2468 in
2542 2416 2757 2477 divinis,
2790 2417 2973 2472 Jcsum
3006 2433 3135 2473 vero
3165 2429 3220 2474 et
3261 2418 3440 2490 Spiti—

1856 2512 1969 2556 tum
2025 2514 2296 2568 sanctum,
2326 2506 2481 2574 quasi
2527 2505 2623 2561 Dei
2674 2507 2907 2577 prolem,
2936 2510 3040 2573 vel,
3074 2510 3118 2565 si
3163 2511 3306 2566 dictu
3359 2512 3441 2565 tas

169 2589 261 2657 sit,
297 2592 454 2660 quasi
490 2592 736 2663 germina
766 2593 971 2657 divina,
1006 2593 1233 2649 ﬂoresve
1272 2610 1336 2649 ac
1371 2594 1573 2650 lumina
1598 2599 2140 2668 supersubstantialia
2169 2600 2437 2656 exsistere
2466 2620 2480 2655 :
2512 2617 2749 2671 quonam
2785 2615 2964 2661 autem
2998 2616 3160 2676 pacto
3189 2621 3308 2662 sese
3340 2606 3440 2661 ha-

168 2682 346 2749 beant,
378 2700 560 2755 neque
601 2685 779 2757 eloqui
843 2701 1022 2756 neque
1071 2687 1374 2757 intelligere
1422 2688 1681 2745 valemus.

1634 2809 1663 2882 §
1697 2805 1873 2867 νιιι.

244 2949 405 3003 Ἀλλὰ
440 2949 638 3021 μέχρι⁹
669 2947 860 3008 τούτου
902 2950 1049 3003 πᾶσα
1090 2949 1191 3019 τῆς
1232 2948 1353 3002 καθ’
1380 2949 1527 3020 ἡμᾶς
1556 2948 1749 3020 νοερᾶς

1930 2946 2196 3002 Caeterum
2250 2945 2515 3001 hactenus
2546 2949 2727 3004 omnis
2758 2949 3064 3008 intellectus
3112 2958 3284 3041 nostri
3315 2967 3439 3014 stu-

164 3042 439 3115 ἐνεργείας
468 3046 500 3115 ή
534 3041 760 3115 δύναμις
781 3043 842 3106 ¹⁰,
866 3043 947 3095 ὅτι
977 3044 1125 3096 πᾶσα
1148 3042 1267 3096 Θεία
1296 3042 1497 3113 πατριὰ
1525 3042 1618 3095 καὶ
1637 3041 1715 3094 υίό

1930 3056 2002 3094 tm
2028 3054 2094 3095 eo
2120 3039 2317 3104 tendit,
2347 3048 2405 3092 ut
2434 3039 2720 3111 intelligat,
2753 3046 3025 3113 quomodo
3047 3039 3229 3105 divina
3256 3053 3437 3107 omnis

132 3160 137 3164 ·
161 3156 255 3210 της
282 3142 348 3192 ὲκ
368 3139 470 3209 τῆς
492 3138 710 3192 πάντων
731 3134 1074 3210 ἐξῃρημένης
1092 3137 1454 3211 πατριαρχίας
1474 3135 1569 3188 καὶ
1587 3137 1745 3208 υίαρ-

162 3230 277 3300 χίας
306 3229 609 3302 δεδώρηται
639 3229 731 3283 καὶ
772 3231 902 3301 ἡμῖν
938 3231 1033 3283 καὶ
1061 3233 1179 3294 ταῖς
1211 3228 1628 3301 ὑπερουρανίαις
1661 3228 1751 3280 δυ-

162 3320 404 3391 νάμεσιν,
431 3320 493 3385 ἐξ
521 3315 589 3392 ἧς
614 3321 707 3373 καὶ
739 3318 869 3384 θεοὶ,
902 3322 996 3375 καὶ
1027 3321 1162 3375 θεῶν
1194 3322 1319 3385 υἱοὶ,
1354 3322 1447 3374 καὶ
1474 3320 1611 3373 θεῶν
1638 3336 1746 3372 πα-

162 3413 311 3484 τέρες
359 3413 411 3465 οί
457 3411 711 3475 θεοειδεῖς
751 3410 1025 3479 γίγνονται
1071 3412 1164 3465 καὶ
1206 3411 1559 3481 ὀνομάζονται
1604 3410 1742 3473 νόες,

163 3503 544 3575 πνευματικῶς
560 3501 757 3574 δηλαδὴ
768 3502 865 3572 τῆς
876 3502 1085 3556 τοιᾶσδε
1104 3501 1438 3573 πατρότητος
1463 3502 1555 3555 καὶ
1567 3520 1595 3554 υ
1604 3501 1747 3572 ἰότη-

162 3612 245 3660 τος
266 3594 688 3667 ὲκτελουμένης,
714 3595 1015 3647 τοῦτ’ἕστιν
1038 3594 1361 3664 ἁσωμὰτως,
1391 3594 1589 3658 ἀῢλως,
1618 3610 1745 3663 νοη-

162 3689 280 3753 τῶς,
308 3688 405 3741 τοῦ
431 3686 723 3759 θεαρχικοῦ
746 3686 1081 3758 Πνεῦματος,
1106 3686 1245 3756 ὑπὲρ
1274 3688 1453 3739 πᾶσαν
1486 3685 1741 3756 νοητὴν¹¹

164 3782 345 3836 ὰῦλίαν
369 3783 465 3835 καὶ
484 3781 680 3833 θέωσιν
711 3779 1161 3853 ὑπεριδρυμὲνου,
1188 3778 1281 3831 καὶ
1300 3777 1393 3831 τοῦ
1416 3778 1626 3849 Πατρὸς
1648 3778 1743 3830 καὶ

164 3874 249 3928 τοῦ
278 3874 432 3937 Υίοῦ,
464 3873 647 3944 πάσης
675 3875 909 3944 πατριᾶς
937 3871 1032 3924 καὶ
1064 3870 1304 3942 υἱότητος
1339 3870 1505 3935 θείας,
1545 3870 1741 3940 ὑπερο-

164 3966 323 4035 χικῶς
354 3964 735 4038 ἐξῃρημένων.
754 3962 887 4016 Οὐδὲ
915 3962 1024 4034 γάρ
1054 3963 1198 4013 ἐστιν
1220 3960 1451 4032 ἀκριϐὴς
1472 3958 1740 4031 ὲμφέρεια

164 4064 267 4124 τοῖς
294 4060 562 4121 αἱτιατοῖς
594 4056 688 4110 καὶ
727 4058 840 4119 τοῖς
874 4055 1064 4118 αἰτίοις
1084 4071 1097 4084 ·
1132 4054 1246 4108 ἀλλ’
1281 4053 1391 4123 ἔχει
1425 4052 1523 4123 μὲν
1555 4052 1621 4105 τὰ
1652 4054 1737 4106 ati-

1854 3131 2155 3199 paternitas
2207 3139 2262 3185 et
2315 3131 2525 3197 liliatio,
2571 3146 2639 3186 ex
2692 3136 3125 3203 supraeminenti
3179 3144 3427 3198 omnium

1847 3222 2220 3291 patriarchatu
2272 3223 2476 3294 ﬁliique
2526 3224 2856 3295 principatu,
2900 3239 3008 3283 tam
3056 3232 3216 3289 nobis
3260 3251 3426 3305 quant

1848 3329 2009 3383 supra
2040 3314 2356 3370 caelestibus
2391 3316 2687 3371 virtutibus
2731 3318 2938 3375 indulta
2971 3323 3065 3391 sit,
3095 3340 3161 3380 ex
3193 3342 3300 3395 qua
3344 3328 3426 3395 ﬁt,

1847 3417 1905 3461 ut
1931 3407 2097 3461 etiam
2128 3406 2203 3460 dii
2232 3408 2567 3478 deorumque
2591 3408 2685 3463 lilii
2714 3425 2778 3465 ac
2807 3421 2992 3482 patres
3020 3417 3131 3470 sint
3154 3431 3219 3473 ac
3247 3422 3429 3475 nomi-

1849 3510 2047 3554 nentur
2073 3499 2232 3570 321
2264 3510 2476 3555 mentes
2503 3500 2822 3568 deiformes,
2861 3508 3059 3576 quibus
3089 3509 3424 3579 cjuscemodi

1847 3590 2146 3661 paternitas
2200 3606 2263 3645 ac
2314 3591 2503 3646 ﬁliatio
2555 3593 2881 3661 spiritaliter
2926 3598 3231 3666 confertur,
3261 3604 3426 3658 modo

1847 3682 2054 3737 scilicet
2086 3682 2410 3751 incorporeo
2437 3698 2467 3735 a
2500 3685 2730 3738 materia
2780 3697 3090 3757 segregato,
3126 3690 3421 3746 intellecti-

1847 3772 2010 3840 lique,
2037 3788 2145 3841 quo
2172 3780 2353 3827 tamen
2387 3772 2625 3842 Spiritus
2652 3775 2893 3842 divinus,
2925 3787 2985 3831 ut
3017 3793 3179 3848 supra
3203 3789 3423 3837 onmem

1846 3878 1967 3931 qua!
1994 3862 2210 3931 concipi
2239 3872 2418 3931 potest
2452 3865 2695 3918 materia:
2728 3868 3062 3921 vacuitatem
3101 3883 3164 3923 ac
3197 3871 3428 3926 deiﬁca-

1851 3955 2054 4010 tionem
2073 3956 2423 4020 constitutus,
2448 3956 2779 4011 eminentior
2804 3959 3038 4026 exsistit,
3065 3963 3166 4025 uti,
3186 3972 3241 4016 et
3265 3963 3430 4021 Pater

1841 4046 2140 4116 Filiusque,
2170 4048 2238 4100 ab
2278 4048 2426 4101 omni
2474 4048 2640 4102 simili
2678 4051 3009 4117 paternitate
3052 4068 3118 4107 ac
3160 4055 3428 4113 ltliatione

164 4152 311 4205 τιατὰ
352 4150 453 4214 τὰς
492 4148 604 4202 τῶν
638 4148 824 4201 αἰτίων
857 4146 1211 4217 ἐνδεχομένας
1245 4145 1477 4209 εἰκόνας,
1504 4144 1643 4197 αὐτὰ
1683 4145 1715 4198 δη

1930 4140 2026 4192 'iua
2056 4140 2365 4193 eminenter
2400 4142 2660 4208 exempti.
2706 4140 2822 4195 Non
2853 4143 2998 4196 enim
3046 4155 3131 4200 est
3178 4148 3421 4216 perfecta

164 4244 225 4297 τὰ
277 4244 424 4297 αἴτια
478 4241 589 4295 τῶν
638 4238 893 4293 αίτιατῶν
934 4238 1193 4311 ἐξῄρηται
1230 4238 1324 4291 καὶ
1362 4236 1712 4309 ὑπερίδρυται

1930 4231 2157 4286 ibsoluta
2182 4232 2484 4287 similitudo
2507 4248 2695 4287 eorum
2718 4249 2839 4304 quae
2863 4233 3055 4291 ell'ecta
3075 4247 3201 4292 sunt
3221 4249 3276 4294 et
3298 4256 3420 4295 cau-

167 4338 294 4391 κατὰ
325 4337 418 4390 τὸν
448 4336 546 4406 τῆς
577 4334 785 4397 οἰκείας
818 4331 991 4403 ἀρχῆς
1020 4330 1206 4400 λόγον’
1243 4331 1337 4384 καὶ
1362 4331 1448 4384 ἶνα
1479 4333 1591 4394 τοῖς
1614 4329 1715 4383 καθ

1930 4338 2059 4389 um;
2111 4324 2241 4392 quin
2278 4325 2455 4394 potius
2484 4325 2683 4378 habent
2731 4325 2946 4394 quidem
2990 4328 3184 4385 ell‘ecta
3236 4348 3429 4387 causa-

167 4430 301 4501 ἡμᾶς
344 4431 642 4502 χρήσωμαι
677 4424 1109 4498 παραδείγμασιν
1127 4424 1189 4488 “,
1226 4423 1410 4495 ἡδοναὶ
1444 4424 1537 4478 καὶ
1576 4424 1715 4479 λῦπα

1930 4434 1988 4480 ιι,
2023 4416 2198 4487 quoad
2228 4417 2344 4472 ﬁeri
2371 4418 2883 4488 potest,imagines:
2918 4420 3050 4489 ipsa:
3080 4436 3208 4475 vero
3240 4438 3422 4479 caus:c

167 4520 402 4591 λέγονται
438 4517 720 4591 ποιητικαὶ⁸
747 4516 840 4569 τοῦ
861 4516 1085 4587 ἥδεσθαι
1110 4514 1203 4567 καὶ
1223 4514 1512 4569 λυπεῖσθαι
1536 4533 1549 4545 ·
1584 4516 1715 4569 αὐτα

1936 4514 2144 4571 etl‘ectis
2176 4523 2440 4583 exemptae
2470 4524 2597 4570 sunt
2633 4525 2687 4570 et
2717 4531 2815 4585 pro
2845 4516 3057 4570 ratione
3080 4517 3423 4587 principatus

168 4612 220 4667 δὲ
261 4613 380 4666 οὔτε
426 4613 668 4684 ἥδονται,
703 4608 826 4663 οῦτε
865 4606 1157 4661 λυποῦνται
1183 4625 1195 4638 ’
1234 4608 1331 4661 καὶ
1370 4608 1430 4661 τὸ
1480 4608 1590 4679 πῦρ
1620 4608 1715 4680 θερ

1977 4621 2136 4675 supra
2190 4604 2381 4659 locata:
2439 4620 2506 4659 ac
2553 4604 2793 4660 fundata:
2827 4621 2842 4658 :
2877 4614 2931 4659 et
2982 4615 3040 4659 ut
3083 4609 3421 4663 nostratibus

172 4708 346 4775 μαῖνον
383 4706 478 4759 καὶ
512 4704 665 4757 καῖον
704 4701 764 4755 οὺ
804 4700 1019 4769 λέγεται
1054 4699 1301 4753 καίεσθαι
1335 4700 1428 4753 καὶ
1459 4698 1712 4770 θερμαίνε

1930 4694 2106 4764 :mplis
2136 4704 2279 4759 utar,
2310 4698 2615 4764 voluptates
2641 4710 2704 4749 ac
2733 4696 2948 4750 dolores
2976 4695 3190 4751 ellicere
3223 4699 3415 4752 dicm;-

173 4797 301 4851 σθαι.
333 4799 444 4852 Καὶ
475 4796 577 4868 ζῇν
617 4796 671 4847 εί
693 4811 778 4858 τις
805 4793 940 4864 φαίη
966 4792 1066 4864 τὴν
1104 4790 1402 4861 αὐτοξωὴν,
1438 4789 1471 4861 ἢ
1512 4788 1715 4860 φωτίζεη

1930 4807 1953 4851 λ,
1988 4796 2042 4841 ιιι
2090 4786 2339 4841 homines
2378 4786 2628 4840 laetentur
2670 4787 2749 4839 vel
2791 4786 3032 4852 doleant,
3068 4798 3244 4843 tamen
3290 4791 3420 4858 ipsa:

173 4888 281 4942 σθαι
298 4891 356 4943 τὸ
375 4890 648 4958 αὐτόφως,
677 4886 777 4939 οὐκ
800 4883 973 4956 ὀρθῶς
999 4885 1114 4953 ἐρεῖ
1136 4882 1274 4937 κατὰ
1291 4883 1380 4936 τὸν
1403 4876 1534 4952 ἐμὸν
1551 4882 1708 4950 λόγον

1930 4898 1943 4936 ξ
1991 4882 2246 4936 ltelautur
2290 4894 2391 4935 nec
2441 4880 2659 4943 dolent;
2690 4879 2830 4945 ignis
2856 4879 3019 4933 etiam
3052 4896 3175 4933 cum
3209 4879 3421 4935 calcfa-

170 4986 211 5035 εί
239 4986 307 5056 μή
347 5002 451 5037 που
489 4980 612 5036 καθ’
643 4979 827 5049 ἕτερον
868 4976 1039 5029 ταῦτα
1084 4975 1226 5028 εἴποι
1264 4973 1482 5045 τρόπον,
1518 4974 1599 5026 ὅτι
1631 4990 1715 5027 πε-

1931 4983 1947 5027 ι
1990 4983 2047 5028 et
2087 4973 2392 5036 comburat,
2427 4986 2531 5025 non
2563 4981 2742 5025 tamen
2776 4970 3025 5024 comburi
3073 4980 3129 5026 et
3177 4970 3417 5027 caleﬁeri

172 5078 353 5144 ρισσῶς
375 5076 471 5131 καὶ
502 5070 773 5133 οὐσιωδῶς
804 5068 1083 5137 προένεστι
1104 5067 1171 5120 τὰ
1198 5066 1305 5118 τῶν
1339 5064 1593 5118 αἰτιατῶν
1618 5067 1715 5128 τοῖς

1933 5066 2061 5118 itur.
2088 5064 2217 5119 Etsi
2244 5062 2366 5133 quis
2397 5062 2562 5115 vitam
2594 5061 2763 5130 ipsam
2784 5060 2969 5116 vivere
2994 5070 3088 5115 aut
3117 5061 3420 5118 illuminari

168 5169 362 5233 αἰτίοις.
1840 5156 2017 5211 lucem
2045 5156 2261 5221 dixerit,
2296 5170 2415 5209 mea
2459 5154 2675 5224 quidem
2720 5154 3010 5217 sententia,
3041 5170 3146 5207 non
3192 5153 3419 5209 oumiuo

172 5274 304 5316 recte
336 5262 552 5316 locutus
576 5255 763 5319 fuerit,
798 5254 898 5309 nisi
928 5252 1069 5307 forte
1093 5253 1208 5306 lucc
1241 5249 1348 5303 alio
1379 5248 1540 5315 modo
1565 5247 1733 5313 dicat,
1769 5250 1913 5319 quod
1931 5251 2189 5305 nimirum
2213 5249 2606 5315 abundantius,
2659 5256 2714 5303 et
2762 5248 3063 5303 secundum
3087 5249 3415 5316 essentiam,

171 5368 224 5408 ea
248 5371 364 5426 qua:
384 5360 516 5409 sunt
549 5350 838 5405 eil'ectuum
866 5349 1019 5417 prius
1046 5346 1156 5401 sint
1186 5358 1383 5399 causa).

1424 5454 1660 5510 VARUS
1696 5452 2115 5512 LECTIONES.

244 5606 262 5636 '
286 5599 763 5677 dvaléEaV-rsq,_ll.
798 5599 888 5654 Sc.
916 5600 1309 5677 ἀναδείξαντες,
1338 5597 1394 5677 S_.
1465 5594 1826 5677 .'_C?GLY&EE)V
1853 5610 1958 5677 non
1991 5592 2164 5677 habet
2186 5592 2248 5646 ο.
2273 5591 2335 5645 Ρ.
2363 5591 2574 5677 ερανερέ.
2596 5591 2763 5677 estsit}
2790 5588 2859 5644 M.
2955 5589 3411 5677 ‘é‘mﬁdtlitowcﬁ,

172 5656 548 5735 8.ιὲνωθὲντές,
572 5656 790 5726 MZ'Sar.
865 5672 886 5703 '
917 5656 1180 5741 μεθέξεῖς,
1212 5656 1307 5723 δί’
1374 5670 1394 5700 ⁸
1419 5656 1579 5769 αὐτῇ,
1610 5667 1663 5720 Ρ.
1697 5664 1786 5718 Sc.
1819 5664 1980 5789 αὓτέ,
2010 5656 2071 5716 SI
2098 5665 2333 5724 πάντων,
2364 5656 2421 5717 S.
2448 5656 2594 5717 PCD.
2690 5664 2708 5693 ⁷
2739 5660 3071 5731 ὑπεροχικὴν
3097 5661 3276 5717 αἰτίαν
3299 5697 3315 5724 ,
3343 5656 3411 5715 ι».

172 5745 190 5774 ι
211 5745 465 5789 (sarisa-
496 5742 555 5789 S-
584 5741 646 5789 Ρ.
690 5741 749 5789 ι).
794 5742 885 5789 Sc.
929 5742 1051 5789 ειη.
1101 5768 1107 5775 α
1147 5744 1167 5774 ο
1198 5741 1345 5789 ἅνω.
1374 5737 1431 5789 S.
1516 5740 1528 5767 ¹
1586 5739 1618 5789 ἡ
1647 5737 1897 5789 πρόοδος.
1968 5771 1982 5786 .
2011 5732 2074 5789 Ρ.
2169 5736 2207 5767 ¹¹
2240 5733 2443 5789 νόησιν.
2474 5734 2543 5789 Μ.
2647 5733 2689 5765 η
2721 5732 3027 5789 πράγμασι.
3053 5730 3113 5786 D.

170 5745 190 5774 ⁵
211 5745 466 5809 ιδὲΐὶὁς,
496 5730 555 5797 S-
583 5741 646 5795 Ρο
689 5741 749 5793 D-
794 5742 885 5799 Sc.
917 5730 1107 5796 ἐιη-,⁷-
1142 5730 1176 5774 ῖ
1198 5741 1345 5812 ἄχρι,
1374 5737 1431 5792 S.
1516 5730 1558 5769 ¹’⁶
1586 5739 1619 5809 ἡ
1647 5737 1897 5807 πρόοδος,
1925 5730 1982 5789 S.
2011 5732 2074 5789 P.
2150 5736 2207 5799 7“
2240 5733 2443 5803 νόησιν,
2474 5734 2543 5789 Μ.
2593 5811 2601 5816 _
2630 5733 2689 5817 ,η
2721 5730 3113 5812 πράγμασι,
