3752 6292
344 282 452 341 ιω

1526 277 1587 334 S.
1636 276 1933 334 DlONYSll
1970 274 2435 333 AREOPAGITJE

3536 250 3630 333 διε

1906 422 1933 493 §
1970 420 2078 480 |.\'.

417 566 754 635 Quinetiam,
794 565 850 619 id
892 564 1036 634 quod
1073 574 1154 620 est
1180 568 1427 622 omnium
1457 583 1578 637 qua:
1615 571 1679 624 de
1718 569 1828 624 Deo
1852 568 1938 622 di-
1967 580 2008 635 Α

346 668 546 713 cutuur
595 655 976 719 clarissimum,
1019 656 1206 711 divina
1264 660 1433 728 ipsius
1482 658 1610 714 Iesu
1652 673 1683 713 e
1734 667 1931 713 natura

346 762 527 807 nostra
558 748 838 813 formatio,
886 763 943 803 et
1002 749 1297 806 iueffabilis
1339 762 1424 806 est
1469 767 1728 807 sermone
1759 755 1933 816 omni,

346 844 589 913 nullique
619 851 745 895 uota
798 842 1198 912 intelligentize,
1249 845 1415 899 etiam
1462 844 1567 914 ipsi
1614 846 1937 915 antiquissi-

346 949 557 989 morum
596 934 915 1003 angelorum
951 936 1196 1004 primati.
1230 937 1409 1007 Atque
1430 952 1557 991 eum
1582 940 1800 1006 quidem
1832 940 1932 996 viri

346 1029 580 1081 formam
616 1037 673 1081 et
694 1028 1059 1082 substantiam
1099 1030 1483 1097 assumpsisse,
1520 1031 1750 1099 mystice
1778 1047 1938 1087 acce-

344 1120 554 1189 pimus;
608 1118 704 1173 sed
760 1120 1064 1189 ignoratur,
1095 1122 1367 1190 quomodo
1410 1137 1476 1176 ex
1533 1123 1772 1192 Virginis
1811 1138 1941 1178 san-

344 1212 505 1282 guine
530 1210 636 1265 alia
669 1226 833 1280 quam
867 1221 1077 1265 natura:
1127 1212 1244 1281 lege
1283 1213 1357 1266 sit
1390 1212 1735 1281 ell‘ormatus,
1761 1230 1940 1284 quove

346 1311 506 1373 pacto
553 1304 718 1357 siccis
770 1302 1021 1372 pedibus,
1058 1305 1151 1373 qui
1192 1306 1439 1374 corporis
1491 1306 1692 1361 molem
1740 1316 1793 1359 et
1828 1322 1943 1360 ma-

348 1396 500 1450 teriae
553 1397 768 1466 pondus
818 1396 1106 1459 haberent,
1162 1395 1427 1466 liquidam
1475 1399 1941 1466 peratnbulaverit

344 1487 659 1560 ﬂuuntque
695 1490 1078 1552 substantiam,
1126 1489 1343 1560 aliaque
1382 1492 1672 1560 perfecerit
1700 1508 1821 1561 quae
1851 1508 1943 1547 su-

348 1580 755 1650 pernaturalem
799 1579 922 1634 lesu
958 1592 1211 1635 naturam
1243 1583 1504 1637 iudicant.
1539 1583 1738 1638 Verum
1774 1585 1885 1639 hare
1912 1600 1943 1639 a

352 1675 511 1731 nobis
538 1675 703 1729 etiam
738 1674 865 1727 alibi
902 1674 1033 1728 satis
1059 1676 1354 1745 explicata,
1394 1676 1543 1729 etab
1581 1678 1782 1747 inclle
1808 1693 1945 1748 pra:-

346 1778 577 1837 ceptore
640 1777 827 1820 nostro
873 1781 1034 1836 supra
1090 1777 1298 1820 natura!
1344 1769 1561 1821 modum
1614 1769 1776 1823 valde
1808 1768 1948 1823 cele-

2126 565 2285 619 Ἀλλὰ
2326 566 2421 619 καὶ
2470 564 2532 617 τὸ
2575 564 2760 634 πάσης
2806 560 3085 631 θεολογίας
3129 560 3554 628 ἐκφανέστατον,
3601 566 3629 633 ἡ

2032 660 2155 713 καθ’
2182 660 2331 729 ἡμᾶς
2368 657 2546 729 Ἰησοῦ
2579 656 2937 720 θεοπλαστία,
2969 654 3064 707 καὶ
3089 652 3333 724 ἄρρητός
3361 654 3481 705 ἐστι

2034 755 2215 817 παντὶ,
2244 754 2338 806 καὶ
2359 754 2638 822 ἄγνωστος
2652 750 2730 821 νῷ
2746 750 2928 813 παντί,
2958 750 3051 803 καὶ
3073 747 3225 819 αὑτῷ
3245 746 3327 817 τῷ
3358 748 3631 819 πρωτίστῳ

2034 848 2147 900 τῶν
2171 846 2563 919 πρεσϐυτάτων
2591 845 2865 913 ἀγγέλων.
2905 843 3014 896 Καὶ
3038 841 3099 895 τὸ
3128 842 3228 913 μὲν
3255 840 3530 911 ἀνδρικῶς
3548 843 3630 894 αὐ-

2035 940 2128 995 τὸν
2148 940 2501 1011 οὑσιωθῆναι,
2531 936 2815 1010 μυστικῶς
2854 935 3297 1008 παρειλήφαμεν·
3341 935 3629 1005 ἀγνοοῦμεν

2035 1033 2094 1086 δὲ
2116 1034 2158 1065 ⁸³
2194 1034 2344 1096 ὅπως
2379 1034 2444 1085 ἐκ
2477 1029 2825 1100 παρθενικῶν
2869 1028 3116 1099 αἱμάτων
3143 1027 3323 1099 ἑτέρῳ
3354 1028 3509 1097 παρὰ
3543 1028 3628 1099 τὴν

2038 1126 2200 1195 φύσιν
2237 1124 2425 1195 θεσμῷ
2453 1123 2806 1177 διεπλάττετο
2829 1162 2843 1185 ,
2884 1122 2979 1174 καὶ
3014 1122 3163 1183 ὅπως
3202 1120 3467 1190 ἀὸρόχοις
3492 1122 3623 1183 ποσὶ,

2040 1214 2351 1287 σωματικὸν
2376 1214 2539 1283 ὅγκον
2560 1213 2741 1283 ἔχουσι
2759 1213 2853 1265 καὶ
2874 1212 3006 1280 ὑλης
3027 1210 3216 1281 βάρος,
3235 1210 3573 1284 ἐπεπόρευτο
3590 1212 3626 1242 ⁸⁸

2039 1310 2138 1381 τὴν
2174 1307 2349 1380 ὑγρὰν
2381 1309 2476 1360 καὶ
2500 1307 2732 1361 ἄστατον
2762 1306 2969 1359 οὐσίαν·
3008 1306 3103 1357 καὶ
3131 1303 3201 1356 τὰ
3235 1304 3379 1357 ἄλλα
3408 1305 3509 1357 ὅσα
3543 1306 3626 1376 τῆς

2040 1401 2358 1475 ὑπερφυοῦς
2386 1403 2534 1453 ἐστιν
2582 1398 2757 1471 Ἰησοῦ
2787 1398 3156 1468 φυσιολογίας.
3188 1396 3382 1451 Ταῦτα
3419 1398 3478 1451 δὲ
3514 1402 3629 1471 ἡμῖν

2040 1513 2098 1548 τε
2136 1496 2196 1548 ἐν
2233 1494 2413 1557 ἄλλοις
2436 1492 2635 1556 ίκανῶς
2663 1492 2902 1564 εἴρηται,
2939 1491 3036 1544 καὶ
3058 1490 3137 1560 τῷ
3163 1490 3366 1561 κλεινῷ
3409 1491 3631 1562 καθηγε-

2048 1588 2168 1661 μόνι
2204 1587 2347 1641 κατὰ
2374 1586 2474 1651 τάς
2509 1584 2827 1655 θεολογικὰς
2852 1583 3018 1637 αὑτοῦ
3054 1582 3432 1654 στοιχειώσεις
3469 1584 3629 1656 ὑμνη-

2044 1697 2134 1737 ται
2169 1679 2210 1711 ⁸⁸
2242 1680 2361 1733 λίαν
2397 1679 2718 1751 ὑπερφυῶς,
2767 1679 2913 1750 άπερ
2941 1680 3173 1741 ἐκεῖνος,
3218 1677 3332 1730 εἴτε
3370 1678 3509 1750 πρὸς
3539 1680 3633 1733 τῶν

2048 1776 2209 1849 ίερῶν
2244 1772 2511 1843 θεολόγων
2549 1773 2909 1845 παρείληφεν,
2950 1772 3058 1825 εἴτε
3090 1772 3183 1825 καλ⁵
3207 1772 3274 1825 ἐκ
3300 1773 3406 1843 τῆς
3426 1775 3634 1845 ἐπιστη-

353 1863 510 1915 brata
546 1870 671 1915 sunt
706 1860 758 1913 in
788 1858 1109 1928 theologicis
1156 1858 1328 1929 ipsius
1350 1860 1656 1927 elementis,
1685 1876 1806 1930 qua:

2156 1867 2275 1937 ικῆς
2298 1866 2408 1919 τῶν
2439 1866 2637 1935 λογίων
2676 1864 2909 1937 ἐρεύνης
2936 1862 3306 1937 συνεώρακεν,
3341 1868 3412 1919 ἐκ
3448 1868 3632 1939 πολλῆς

349 1956 549 2025 partim
582 1970 611 2008 a
641 1955 907 2023 theologis
935 1954 1143 2008 Sanctis
1170 1955 1399 2023 accepit,
1442 1956 1642 2022 partim
1682 1954 1828 2010 etiau

2174 1936 2303 2029 περὶ
2329 1958 2469 2011 αὑτὰ
2507 1958 2817 2029 γυμνασίας
2842 1936 2903 2011 τε
2941 1962 3035 2011 καὶ
3062 1958 3282 2031 τριϐῆς,
3320 1960 3437 2013 εἴτε
3466 1962 3558 2014 καὶ
3582 1936 3635 2013 ἐκ

349 2049 536 2105 solerti
567 2047 972 2119 Scripturarum
1003 2048 1354 2115 iudagatioue
1395 2048 1557 2116 longo
1589 2048 1852 2103 exercitio
1876 2065 1940 2103 ac

350 2150 592 2211 tempore
622 2139 1058 2208 comprehendit,
1089 2138 1287 2206 partim
1313 2138 1477 2193 etiam
1508 2139 1779 2195 diviniore
1802 2154 1939 2209 qua-

348 2232 472 2286 dam
510 2232 869 2300 inspiratione
903 2230 1105 2291 hausit,
1140 2231 1241 2285 ista
1286 2245 1393 2283 nou
1423 2230 1684 2285 discendo
1710 2240 1939 2298 tantum,

348 2340 539 2381 verum
568 2326 738 2378 etiam
777 2325 962 2378 divina
1018 2325 1275 2393 patiendo
1320 2333 1635 2383 assecutus.
1688 2339 1785 2378 nec
1834 2340 1939 2379 non

346 2432 539 2472 eorum
569 2417 637 2486 (si
668 2417 814 2470 dictu
848 2415 930 2471 fas
960 2416 1055 2486 sit)
1085 2415 1491 2485 compassioue,
1522 2416 1589 2468 ad
1626 2414 1769 2470 illam
1821 2433 1943 2487 qua:

351 2510 537 2565 doceri
588 2512 781 2580 nequit
834 2510 997 2564 fidem
1052 2511 1337 2582 mysticam
1384 2519 1548 2580 atque
1577 2510 1830 2565 unionem
1864 2511 1945 2564 iu—

349 2603 645 2660 l'ormatus.
704 2606 882 2673 Atque
943 2616 1001 2658 ut
1046 2603 1313 2673 plurima,
1380 2619 1558 2673 eaque
1610 2604 1946 2670 beatissima,

350 2698 629 2765 praaclam:
675 2698 821 2752 illius
855 2697 1051 2752 mentis
1094 2698 1419 2751 documenta
1468 2697 1661 2765 paucis
1690 2696 1950 2763 subjicia-

355 2806 503 2853 mus,
546 2787 658 2841 haec
710 2789 776 2841 de
820 2785 950 2843 Jesu
1004 2787 1058 2842 in
1116 2786 1439 2856 theologicis
1485 2787 1773 2842 elementis
1813 2803 1841 2841 a
1889 2802 1951 2842 se

354 2878 601 2933 collectis
623 2879 697 2932 ait
724 2892 741 2932 :

352 2994 515 3067 322
538 2991 870 3051 εαῆεᾶεεὶιιιὲ
902 2993 1176 3050 Hierotltci
1202 2993 1371 3076 .rerbu
1399 3009 1466 3049 ea:
1507 2993 1814 3065 theologicis
1839 2993 1946 3051 els-

1052 3078 1263 3121 manus.

2046 2068 2191 2115 τινος
2232 2049 2445 2122 ἐμυήθη
2493 2050 2771 2121 θειοτέρας
2807 2051 3112 2114 ἐπιπνοίας,
3142 2052 3204 2104 οὑ
3246 2052 3413 2122 μόνον
3442 2053 3634 2125 μαθὼν,

2048 2143 2184 2197 ἀλλὰ
2210 2143 2304 2196 καὶ
2334 2142 2524 2196 παθὼν
2549 2143 2618 2196 τὰ
2643 2142 2782 2196 θεῖα’
2826 2145 2935 2198 κάκ
2958 2144 3057 2215 τῆς
3078 2144 3217 2215 πρὸς
3251 2145 3396 2199 αὐτὰ
3428 2164 3634 2217 συμπα-

2048 2233 2218 2299 θείας,
2245 2236 2293 2287 εί
2320 2234 2462 2288 οὑτω
2501 2236 2606 2307 χρὴ
2637 2236 2826 2305 φάναι,
2850 2236 2989 2308 πρὸς
3019 2236 3119 2308 τὴν
3149 2238 3443 2292 ἀδίδακτον
3470 2241 3636 2293 αὐτῶν

2048 2330 2143 2383 καὶ
2174 2328 2441 2399 μυστικὴν
2463 2327 2848 2393 ἀποτελεσθεὶς
2876 2330 3069 2383 ἕνωσιν
3092 2332 3186 2383 καὶ
3203 2330 3411 2385 πίστιν.
3436 2334 3542 2386 Καὶ
3560 2335 3635 2386 ἵνα

2044 2422 2114 2475 τὰ
2151 2418 2318 2473 πολλὰ
2347 2421 2439 2473 καὶ
2485 2422 2733 2493 μακάρια
2774 2420 3022 2493 θεάματα
3048 2423 3147 2493 τῆς
3179 2424 3483 2496 κρατίστης
3507 2427 3635 2479 ὲκεί-

2045 2529 2136 2567 νου
2166 2512 2402 2576 διανοίας
2438 2514 2497 2566 ὲν
2538 2513 2842 2585 ἐλαχίστοις
2880 2514 3262 2587 παραθώμεθα
3287 2556 3303 2581 ,
3348 2518 3477 2571 τάδε
3520 2519 3635 2587 περὶ

2046 2602 2142 2657 τοῦ
2188 2603 2364 2675 Ἰησοῦ
2389 2622 2553 2676 φησιυ
2578 2607 2636 2660 ἐν
2669 2608 2790 2672 ταῖς
2823 2607 3190 2679 συνηγμέναις
3227 2608 3384 2682 αὑτῷ
3412 2609 3634 2678 θεολογι-

2050 2700 2176 2765 καίς
2198 2699 2594 2771 στοιχειώσεσι.

2059 2989 2171 3045 Τοῦ
2195 2990 2523 3061 ἀγιωτὰτου
2561 2988 2847 3076 ἰεροθέου
2870 2988 2939 3043 ἐκ
2964 2990 3082 3045 τῶν
3104 2992 3473 3065 θεολογικῶν
3491 3009 3633 3047 στει-

2679 3076 2999 3130 χειωσεων.

1931 3203 1959 3277 §
1988 3139 2108 3262 Χ..

429 3354 605 3408 Causa
652 3354 921 3420 omnium,
979 3362 1031 3408 et
1071 3370 1190 3424 quae
1220 3354 1403 3410 omnia
1452 3354 1666 3424 implet,
1706 3363 1789 3408 est
1817 3350 1941 3408 Jesu
1973 3366 2015 3421 (ς

2131 3352 2197 3405 Ἦ
2229 3352 2443 3408 πάντων
2481 3350 2650 3415 αἰτία,
2673 3351 2766 3403 καὶ
2792 3347 3245 3421 άποπληρωτικὴ,
3273 3350 3372 3403 τοῦ
3412 3349 3631 3421 Ἰησοῦ¹⁶

359 3447 645 3511 divinitas,
677 3461 799 3516 quae
844 3455 1031 3500 servat
1055 3456 1239 3516 partes
1286 3448 1381 3501 toti
1419 3447 1826 3501 consentientes

2145 3443 2271 3516 ἰτης,
2297 3447 2331 3515 ἠ
2359 3444 2429 3497 τὰ
2469 3444 2611 3515 μέρη
2646 3448 2714 3516 τῇ
2746 3444 2961 3515 ὅλὸτητι
2991 3444 3262 3514 σύμφωνα
3304 3443 3627 3509 διασώζουσι

360 3554 536 3610 neque
562 3553 688 3608 pars
721 3554 895 3606 neque
926 3548 1098 3593 totum
1142 3550 1248 3604 est,
1294 3549 1351 3594 et
1378 3548 1463 3594 est
1492 3548 1664 3593 totuttt
1707 3547 1762 3591 et
1803 3553 1952 3607 pars,

360 3645 631 3705 quatenus
650 3649 814 3689 omne
845 3644 901 3689 et
933 3644 1103 3690 totum
1148 3645 1201 3690 et
1227 3645 1437 3706 partem
1484 3634 1537 3689 iu
1580 3634 1761 3702 seipsa
1799 3647 1952 3685 com-

362 3729 651 3798 prehendit
700 3738 757 3784 et
804 3728 1164 3798 suprababet,
1213 3738 1273 3783 et
1330 3727 1644 3783 autehabet.
1696 3726 1950 3779 Perfecta

359 3822 581 3893 quidem
635 3834 721 3878 est
769 3824 822 3877 in
886 3824 1242 3894 imperfectis,
1308 3832 1571 3893 tanquam
1634 3822 1951 3893 principalis

360 3929 526 3968 eausa
560 3914 948 3983 perfectionis;
1004 3914 1323 3985 imperfecta
1364 3926 1547 3970 autem
1586 3914 1638 3967 in
1672 3914 1949 3983 perfectis,

362 4019 623 4079 tanquam
672 4024 1003 4079 supraquam
1056 4008 1299 4080 perfecta
1362 4020 1421 4065 et
1486 4019 1615 4063 ante
1661 4008 1947 4079 perfecta:

362 4101 537 4153 forma
573 4102 760 4153 formae
800 4098 1049 4155 etfectrix
1096 4101 1161 4161 in
1210 4100 1277 4154 iis
1332 4115 1455 4169 qua:
1507 4109 1693 4155 carent
1753 4097 1947 4165 forma,

364 4201 624 4262 tanquam
679 4193 1002 4263 principalis
1050 4209 1217 4250 causa
1277 4194 1495 4260 formae;
1540 4192 1659 4248 sine
1693 4190 1864 4246 forma
1896 4192 1947 4245 in

364 4282 499 4350 ipsis
526 4282 737 4349 formis,
766 4294 951 4351 utpote
988 4298 1152 4353 supra
1185 4285 1419 4339 formant
1466 4282 1775 4339 substantia
1819 4284 1949 4336 totis

363 4373 690 4428 substantiis
725 4374 987 4430 insistens
1044 4375 1353 4445 impollute,
1398 4383 1454 4430 et
1512 4376 1582 4431 ab
1616 4375 1764 4429 omni
1820 4373 1950 4427 sub-

363 4466 564 4522 stantia
593 4483 755 4538 supra
785 4469 1151 4522 substantiam
1184 4471 1494 4536 abstracta;
1527 4478 1636 4524 tota
1683 4469 1947 4540 principia

363 4570 421 4615 et
474 4559 698 4615 ordines
753 4560 1045 4625 definiens,
1100 4576 1267 4632 supra
1320 4578 1483 4617 omne
1532 4562 1863 4633 principium
1895 4570 1950 4615 et

363 4670 585 4710 omnem
624 4655 873 4710 ordinem
935 4653 1222 4710 collocata.
1268 4652 1470 4711 Rerum
1526 4665 1609 4710 est
1655 4670 1943 4716 mensura,

2058 3537 2153 3589 καὶ
2176 3535 2298 3589 οὑτε
2329 3536 2493 3607 μέρος
2518 3534 2641 3588 οὑτε
2667 3535 2787 3589 ὅλον
2807 3530 2961 3597 οὖσα,
2983 3535 3079 3588 καὶ
3100 3533 3221 3587 ὅλον
3244 3536 3343 3587 καὶ
3372 3535 3554 3607 μέρος,
3569 3534 3631 3595 ὡς

2056 3630 2165 3682 πᾶν
2211 3629 2306 3682 καὶ
2354 3628 2519 3699 μέρος
2559 3628 2657 3682 καὶ
2693 3628 2814 3681 ὅλον
2845 3628 2903 3681 ἐν
2940 3626 3105 3698 ἑαυτῇ
3146 3627 3529 3699 πνειληφυῖα,
3556 3626 3635 3679 καὶ

2058 3722 2405 3794 ὑπερέχουσα
2429 3761 2444 3787 ,
2487 3722 2582 3776 καὶ
2614 3722 2957 3794 προέχουσα,
2982 3720 3165 3774 τελεία
3199 3722 3299 3791 μὲν
3325 3723 3368 3752 ⁸⁷
3414 3721 3555 3775 ἔστιν
3586 3722 3634 3772 ἐν

2052 3819 2166 3881 τοῖς
2182 3815 2449 3880 ἀτελέσιν,
2465 3816 2541 3881 ὼς
2556 3816 2887 3888 τελετάρχιςο
2908 3814 3103 3885 ἀτελὴς
3118 3814 3174 3867 δὲ
3192 3815 3251 3867 ἐν
3266 3817 3384 3879 τοῖς
3402 3814 3631 3875 τελείοις,

2055 3908 2133 3973 ῶς
2157 3908 2461 3980 ὑπερτελὴς
2498 3908 2591 3961 καὶ
2618 3906 2946 3980 προτέλειος·
2975 3901 3114 3969 εἶδος
3142 3906 3417 3961 είδοποιὸν
3443 3909 3501 3960 ἐν
3536 3908 3633 3969 τοῖς

2052 4002 2331 4066 ἀνειδέοις,
2360 4001 2436 4065 ὼς
2473 4002 2764 4073 εἰδεάρχις,
2808 4000 3045 4064 ἀνείδεος
3079 4000 3139 4052 ἐν
3177 4002 3295 4064 τοῖς
3323 4002 3540 4064 εἴδεσιν,
3568 3999 3632 4061 ὡς

2054 4094 2198 4166 ὑπὲρ
2222 4090 2383 4158 εἶδος·
2409 4092 2567 4146 οὐσία
2590 4096 2712 4157 ταῖς
2743 4092 2891 4157 ὅλαις
2913 4092 3123 4155 οὐσίαις
3151 4092 3443 4164 ἀχράντως
3465 4094 3507 4125 ¹⁸
3523 4095 3629 4145 ἐπι-

2053 4185 2376 4252 δατεὺουσα,
2397 4186 2492 4239 καὶ
2508 4185 2851 4258 ὑπεροὺσιος,
2872 4185 3089 4255 ἁπάσης
3103 4184 3295 4249 οὐσίας
3310 4185 3480 4258 ἐξῃρη
3489 4185 3629 4257 μένην

2050 4281 2150 4345 τὰς
2173 4279 2301 4343 ὅλας
2329 4278 2505 4350 ἀρχὰς
2527 4279 2623 4332 καὶ⁵
2646 4278 2829 4345 τάξεις
2856 4276 3210 4351 ἀφορίζουσα,
3228 4279 3326 4331 καὶ
3353 4280 3531 4350 πάσης
3550 4280 3631 4349 ἀρ-

2052 4374 2155 4445 χῆς
2181 4373 2278 4425 καὶ
2300 4370 2510 4437 τάξεως
2543 4372 2971 4445 ὑπεριδρυμένη.
3009 4372 3120 4425 Καὶ
3146 4372 3351 4445 μέτρον
3391 4376 3506 4427 ἐστὶ
3539 4372 3631 4425 τῶν

2050 4467 2240 4530 ὅντων,
2288 4465 2383 4518 καὶ
2422 4463 2580 4530 αἰὼν,
2611 4467 2707 4519 καὶ
2745 4467 2885 4539 ὑπὲρ
2929 4464 3123 4529 αίῶνα,
3152 4467 3247 4520 καὶ
3277 4468 3388 4540 πρὸ
3433 4467 3628 4530 αἰῶνοςο

2052 4560 2265 4632 πλήρης
2288 4561 2329 4591 ¹⁹
2356 4562 2415 4613 ἐν
2440 4560 2553 4623 τοῖς
2591 4560 2847 4633 ἐνδεέσιν·
2882 4559 3245 4632 ὑπερπλήρης
3271 4562 3333 4615 ἐν
3359 4565 3476 4627 τοῖς
3513 4562 3633 4631 πλή-

2056 4672 2202 4728 ρεσιν
2220 4656 2287 4717 ³⁸,
2314 4654 2570 4726 agam-mg,
2598 4654 2919 4723 άφθεγκτος,
2961 4654 3102 4725 ὑπὲρ
3130 4653 3279 4717 νοῦν,
3306 4655 3453 4728 ὑπὲρ
3484 4653 3628 4725 ζωὴν,

363 4746 736 4816 sacculumque
785 4757 843 4799 et
888 4761 1057 4815 supra
1088 4747 1369 4815 saeculum,
1408 4760 1461 4803 et
1503 4759 1629 4803 ante
1661 4748 1845 4803 sa'culr

2147 4762 2195 4819 ερ
2218 4746 2424 4800 οὐσίαν⁹
2450 4746 2744 4818 ὑπερφυῶς
2770 4746 2882 4817 ἔχει
2906 4746 2967 4800 τὸ
2987 4747 3284 4817 ὑπερφυὲς,
3312 4726 3629 4823 ὑπερουσίως

367 4840 523 4909 plena
567 4851 651 4895 est
683 4840 737 4895 in
784 4840 852 4894 iis
891 4856 1015 4910 quae
1052 4849 1248 4911 egent,
1287 4840 1347 4894 in
1374 4841 1443 4895 iis
1472 4857 1592 4911 quae
1619 4842 1776 4908 plena
1823 4860 1848 4891 s

2146 4842 2231 4895 ’nta
2241 4838 2656 4912 poﬁatov.}'UOsv
2671 4838 2854 4910 ἐπειδὴ
2871 4839 2964 4892 καὶ
2986 4838 3092 4903 ἕως
3109 4838 3329 4909 φύσεως
3347 4846 3391 4876 ἰ
3412 4843 3515 4897 ὑπὸ
3527 4843 3628 4913 φιλ-

366 4936 662 5000 exuberat;
714 4932 1006 4990 ineﬂ'abilis
1052 4944 1139 4989 est
1186 4944 1243 4989 et
1292 4934 1729 5003 inexplicabilis,
1786 4948 1847 4987 su

2146 4931 2371 5004 ιρωπίας
2386 4934 2430 4963 ﬂ
2460 4930 2705 5003 ἐλήλυθε,
2744 4929 2837 4983 καὶ
2864 4929 3081 5003 άληθῶς
3105 4931 3371 5006 οὑσιώθη,
3398 4940 3493 4990 καὶ
3511 4934 3628 5002 ἀνὴρ

369 5043 619 5093 sensum,
649 5042 810 5096 supra
839 5028 1030 5091 vitam,
1060 5043 1225 5098 supra
1255 5026 1647 5089 substantiam,
1688 5039 1851 5093 super

2146 5022 2374 5094 πέρθεος
2400 5022 2769 5095 ἐχρημάτισεν
2799 5021 2945 5093 (ἵλεω
2969 5022 3025 5076 δὲ
3052 5021 3139 5095 εἴη
3165 5025 3234 5078 τά
3262 5028 3405 5099 πρὸς
3431 5025 3628 5099 ἡμῶν¹³

372 5122 622 5176 turaliter
670 5120 838 5177 habet
880 5120 1455 5190 supernaturalitatem
1487 5159 1505 5183 ,
1554 5128 1608 5174 et
1656 5133 1848 5188 supers

2149 5117 2289 5187 ὑπὲρ
2314 5114 2439 5168 νοῦν
2462 5116 2557 5167 καὶ
2582 5115 2737 5183 λόγον
2764 5115 3117 5187 ὑμνούμενα)’
3144 5120 3250 5171 κᾶν
3288 5121 3503 5183 τούτοις
3535 5119 3629 5188 ἔχει

370 5214 697 5270 stautialiter
739 5212 1103 5271 substantiam
1152 5213 1391 5269 excedit.
1446 5210 1624 5278 Unde,
1686 5209 1852 5280 quoni

2146 5208 2411 5279 ὑπερφυὲς
2437 5208 2531 5260 καὶ
2557 5208 2659 5261 ὑπε
2669 5207 2900 5279 ροὺσιον,
2925 5209 2985 5262 οὑ
3017 5210 3179 5282 μόνον
3271 5214 3628 5281 άναλλοιώτως

1654 5409 1893 5467 VABME
1933 5408 2349 5468 LECTIONES.

450 5580 496 5611 ¹³
521 5578 896 5652 παραδέδοται·
924 5574 1301 5652 ἀγνοεῖται
1330 5573 1390 5629 S.
1413 5574 1516 5652 AA“
1536 5568 1920 5652 ἐπεπρρεῦετο,
2059 5569 2130 5652 S_._
2199 5570 2555 5652 t'uépvai’mt:
2585 5568 2648 5652 8,ζ
2678 5569 2814 5652 Sc.“
2858 5570 2911 5652 ,η
2932 5566 3029 5650 τοῦ
3043 5568 3197 5652 Υίοῦ,
3324 5566 3388 5625 Ρ,
3414 5640 3430 5652 ι
3486 5570 3532 5652 ﬁ:
3552 5566 3629 5620 καὶ

376 5652 576 5713 τελεία,
603 5640 663 5705 l’.
738 5652 780 5681 ⁸⁸
802 5640 1106 5722 ἁχράνίτοις,
1137 5647 1205 5703 M.
1412 5646 1465 5727 '1
1479 5645 1574 5699 καὶ
1600 5640 1831 5768 πλέρης,
1860 5642 1918 5694 ὃ.
1950 5641 1987 5695 Ρ
2087 5641 2131 5674 ⁸⁸
2161 5640 2455 5710 πλήθεσιν,
2502 5641 2568 5725 ιιι.
2615 5642 2705 5697 Sc.
2775 5641 2817 5672 ⁸⁸
2848 5640 3021 5711 ἡμῶν.
3100 5644 3145 5673 ’⁸
3174 5640 3319 5712 ὑπὲρ
3348 5640 3627 5711 φιλανθρω-

379 5725 528 5768 πίας-
559 5722 626 5768 st.
651 5721 706 5768 S.
744 5719 804 5768 ι».
883 5722 928 5753 ﬂ
953 5720 1082 5768 ἵλεω
1106 5719 1162 5768 δὲ
1187 5717 1324 5768 πρὸς
1356 5717 1528 5768 ἡμῶν.
1561 5714 1619 5768 l‘.
1648 5730 1677 5767 τ
1745 5729 1848 5768 non
1872 5713 2074 5768 habent
2098 5722 2295 5768 praeter
2317 5710 2375 5767 Ρ.
2398 5710 2461 5765 Μ,
2492 5710 2547 5767 δ.
2576 5710 2638 5767 D.

379 5725 529 5786 πίας,
559 5710 626 5775 Μ.
651 5721 706 5776 S.
744 5719 804 5774 l’.
836 5710 928 5753 m“
953 5710 1162 5774 ίλεῶδέ
1187 5717 1324 5805 πρὸς
1356 5715 1528 5798 ἡμῶν,
1561 5714 1619 5770 l‘.
1648 5710 1725 5768 τά
1745 5710 1848 5768 non
1872 5713 2074 5769 habent
2096 5722 2295 5782 praeter
2317 5710 2375 5767 Ρ.
2398 5710 2461 5765 Μ,
2492 5710 2547 5767 S.
2576 5710 2638 5767 D.
