3742 6300
116 288 237 345 ωθ

1215 282 1304 345 os
1339 280 1597 348 mvms
1626 274 2029 360 NomNmus,
2057 290 2223 350 CAP.
2249 291 2318 350 ιι.

3297 306 3403 363 850

116 409 265 480 ἡμῖν
307 405 401 463 ml
432 404 756 479 ἀσυγχύτως
793 406 1183 481 κεκοινώνηκε,
1222 411 1391 483 μηδὲν
1432 412 1709 479 ππονθὼς

1880 419 1885 471 I
1944 426 2190 474 nostram
2241 431 2418 490 usque
2464 427 2722 477 naturam
2768 435 2835 479 ex
2910 421 3137 478 humani
3185 426 3402 494 generis

116 503 207 564 εἰς
229 494 293 552 τὸ
317 497 669 572 ὑπερπλῆρες
694 498 881 563 αὐτοῦ,
916 500 1051 572 πρὸς
1074 501 1175 572 τῆς
1197 502 1507 573 ἀφθέγκτου
1534 504 1709 560 κενώ-

120 608 291 655 σεωςο
310 580 425 644 ἀλλ’
445 591 474 644 ὅ
492 609 546 644 τι
573 592 668 644 ml
687 590 747 644 τὸ
771 592 986 646 πάντων
1002 594 1206 648 καινῶν
1231 596 1547 649 καινότατον
1562 596 1631 661 ’⁸,
1654 599 1713 651 ὲν

114 680 241 750 τοῖς
272 689 519 755 φυσικοῖς
540 688 699 760 ἡμῶν
722 688 1008 760 ὑπερφυὴς
1034 685 1123 761 ἦν,
1152 692 1211 743 ὲν
1238 692 1351 755 τοῖς
1377 692 1497 744 κατ’
1522 692 1713 747 οὐσίαν

116 779 451 852 ὑπερούσιος
470 782 537 847 ’⁵,
586 781 760 836 πάντα
802 781 871 835 τὰ
915 781 1072 854 ἡμῶν
1111 782 1169 849 ὲξ
1207 782 1365 855 ἡμῶν
1403 782 1541 857 ὑπὲρ
1568 786 1716 858 ἡμᾶς

116 873 415 945 ὑπερέχων
434 876 499 930 ³⁸.

1814 524 1999 566 amore
2048 525 2110 566 se
2157 510 2397 576 demisit,
2456 522 2813 586 nostramque
2859 528 2989 572 vere
3033 517 3401 575 substantiam

1816 604 2154 674 assumpsit,
2199 617 2555 675 summusque
2606 606 2696 661 ille
2767 607 2911 663 Deus
2960 608 3266 679 appellatus
3318 623 3403 669 est

1816 694 1980 751 homo
2033 697 2481 768 (propitiationis
2535 701 2779 771 profecto
2837 702 2929 757 illa
2987 715 3116 760 sunt
3179 720 3400 762 omnem

1816 788 2153 845 intellectum
2203 791 2583 865 rationemque
2648 797 2995 865 superantis,
3054 812 3176 867 qute
3237 800 3399 855 modo

1818 884 2224 957 praedicamus),
2253 885 2307 941 in
2354 887 2442 944 his
2483 903 2702 960 quoque
2725 899 2973 972 naturam
3008 892 3399 947 substantiam-

116 984 235 1039 que
260 980 503 1039 superat,
532 971 678 1047 quod
707 986 813 1027 non
866 980 1074 1028 tantum
1106 973 1225 1029 sine
1282 976 1364 1029 sui
1395 975 1772 1033 immutatione
1836 985 2115 1035 naturteve
2170 981 2495 1039 confusione
2548 984 2706 1040 nobis
2770 971 2896 1041 sese
2947 989 3391 1055 communicarit,

114 1061 262 1116 nihil
298 1062 351 1116 in
414 1061 738 1119 exuberanti
782 1079 877 1119 sua
940 1063 1282 1134 plenitudine
1315 1082 1380 1122 cx
1433 1066 1696 1124 ineﬂ‘abili
1748 1069 2134 1128 exinanitione
2188 1087 2503 1145 perpessus,
2564 1092 2755 1133 verum
2794 1079 2985 1148 etiam,
3034 1083 3179 1154 quod
3234 1084 3392 1140 novis

107 1153 377 1209 omnibus
407 1156 583 1223 magis
627 1170 828 1211 novum
857 1158 1080 1223 accidit,
1111 1173 1174 1214 ea
1208 1173 1329 1229 quae
1378 1170 1588 1217 natura!
1644 1173 1849 1218 nostra:
1893 1173 2053 1233 sunt,
2120 1180 2285 1237 supra
2344 1177 2557 1226 natura;
2594 1174 2842 1230 ordinem
2894 1176 3391 1249 substantiamque,

109 1260 288 1317 supra
330 1248 650 1305 substantiae
689 1249 911 1305 modum
964 1251 1336 1323 participarit,
1387 1262 1571 1309 nostra
1599 1254 1782 1309 omnia
1812 1266 1879 1311 ex
1909 1257 2068 1313 nobis
2095 1267 2151 1313 et
2179 1274 2345 1331 supra
2378 1277 2478 1318 nos
2502 1264 2839 1321 excellenter
2866 1266 3096 1325 habens.

1662 1413 1691 1487 §
1719 1411 1832 1475 ΧΙ.

181 1546 405 1603 Τούτων
434 1546 533 1618 μὲν
560 1530 657 1602 οὖν
686 1546 823 1611 ἃλις·
855 1547 948 1601 ἐπὶ
981 1547 1038 1601 δὲ
1062 1548 1156 1601 τὸν
1187 1547 1280 1603 toﬁ
1314 1549 1473 1620 λόγου
1508 1554 1709 1610 σκοπὸν

102 1644 420 1716 προΐωμεν,
453 1640 521 1695 τὰ
550 1640 707 1695 κοινὰ
734 1642 827 1695 ml
857 1641 1114 1713 ἡνωμένα
1137 1643 1235 1713 τῆς
1256 1644 1584 1718 διακρίσεως
1608 1650 1709 1721 τῆς

1880 1554 1987 1612 Sed
2013 1556 2082 1613 de
2113 1557 2200 1614 bis
2226 1561 2403 1627 satis;
2444 1562 2606 1619 modo
2636 1568 2909 1622 sermonis
2938 1571 3113 1626 nostri
3159 1586 3384 1645 scopum

1807 1661 2242 1719 prosequamur,
2291 1655 2600 1711 communia
2654 1668 2711 1713 et
2763 1660 2913 1715 unita
2946 1662 3143 1719 divina:
3190 1666 3387 1724 distin-

100 1738 265 1801 θείας
309 1735 546 1806 ὀνόματα
564 1776 578 1800 ,
621 1734 764 1788 κατὰ
791 1734 850 1788 τὸ
880 1737 1012 1807 ἡμῖν
1042 1738 1285 1805 ἐφικτὸν,
1315 1738 1701 1808 ἁνελίττοντες.

1882 1739 2003 1793 onis
2031 1740 2271 1805 nomina,
2298 1750 2458 1811 prout
2480 1758 2792 1818 possumus,
2821 1750 3165 1820 explicando.
3208 1756 3388 1828 Atque

99 1823 220 1886 Καὶ
243 1830 331 1883 ἴνα
363 1828 545 1899 σαφῶς
576 1831 704 1902 περὶ
734 1829 950 1883 πάντων
980 1829 1108 1900 ἑξῆς
1142 1832 1186 1862 ’⁷
1208 1832 1698 1907 προδιορισὼμεθα,

99 1924 382 1993 διάκρισιν
409 1922 559 1976 Θείαν
587 1923 765 1994 φαμὲν
788 1924 853 1987 ’⁸,
884 1923 961 1989 ὡς
994 1924 1233 1996 εἴρηται,
1264 1924 1366 1991 τὰς
1397 1928 1702 2000 ἀγαθοπρε-

101 2018 233 2079 πεῖς
275 2016 375 2086 τῆς
414 2015 672 2088 Θεαρχίας
716 2015 992 2087 προόδους.
1042 2019 1372 2091 Δωρουμὲνη
1418 2020 1527 2093 γὰρ
1565 2026 1700 2078 πᾶσι

96 2112 221 2174 τοῖς
256 2105 407 2174 οὖσι,
439 2112 532 2164 ml
573 2109 916 2182 ὑπερχέουσα
948 2110 1047 2175 τὰς
1085 2111 1195 2165 τῶν
1231 2111 1369 2166 ὅλων
1385 2115 1431 2147 ’⁸
1477 2115 1699 2184 ἀγαθῶν

104 2202 422 2273 μετουσίας,
450 2204 745 2275 ήνωμένως
765 2204 809 2235 ³ο
848 2202 946 2275 μὲν
971 2204 1328 2278 διακρίνεται,
1404 2208 1698 2281 πληθύεται

97 2297 161 2351 δὲ
179 2298 221 2329 ³¹
252 2297 466 2363 ἑνικῶς,
495 2300 591 2354 ml
622 2298 1149 2366 πολλαπλασιάζεται
1178 2300 1243 2354 ἐκ
1272 2300 1367 2354 τοῦ
1393 2301 1510 2367 ἐνὸς
1538 2303 1700 2359 ἀνεκ-

100 2393 397 2463 ςοιτήτως
427 2390 561 2459 οἷον,
592 2394 781 2467 ἐπειδὴ
820 2394 896 2449 ῶν
925 2396 1073 2448 ἐστιν
1119 2396 1149 2448 ὁ
1172 2391 1305 2460 Θεὸς
1335 2393 1695 2469 ὑπερουσίως,

96 2487 360 2559 δωρεῖται
394 2488 451 2542 δὲ
478 2489 538 2543 τὸ
563 2486 704 2546 εἶναι
732 2492 846 2555 τοῖς
872 2486 1014 2555 οὖσι,
1046 2491 1142 2545 ml
1167 2491 1407 2563 παράγει
1444 2492 1545 2558 τὰς
1568 2494 1697 2560 ὅλας

94 2581 312 2645 οὐσίας,
349 2582 912 2650 πολλαπλασιάζεσθαι
940 2582 1158 2655 λέγεται
1180 2584 1240 2639 τὸ
1266 2586 1323 2639 ἓν
1352 2585 1410 2639 ὃν
1436 2587 1614 2641 ἐκεῖνο
1628 2588 1695 2662 τῇ

94 2675 162 2742 ἐξ
180 2676 346 2729 αὐτοῦ
375 2682 683 2751 παραγωγῇ
710 2679 819 2734 τῶν
851 2679 1061 2736 πολλῶν
1078 2680 1268 2743 ὄντων,
1298 2679 1550 2751 μένοντος
1574 2681 1632 2735 δὲ
1650 2683 1694 2714 ³³

93 2768 259 2821 οὐδὲν
284 2763 444 2839 ἦττον
477 2770 709 2836 ἐκείνου,
741 2772 836 2825 ml
883 2771 1001 2837 ἑνὸς
1028 2772 1087 2826 ὲν
1122 2771 1201 2843 τῷ
1235 2772 1559 2846 πληθυσμῷ,
1600 2774 1697 2829 καὶ

92 2862 385 2934 ἡνωμένον
411 2863 554 2918 κατὰ
581 2865 680 2937 τὴν
704 2866 949 2938 πρόοδον,
979 2863 1074 2920 καὶ
1114 2864 1353 2938 πλήρους
1382 2867 1442 2921 ὲν
1474 2869 1539 2940 τῇ
1578 2867 1696 2923 δια-

92 2955 306 3027 κρίσει,
349 2954 428 3027 τῷ
444 2955 489 2988 ³⁸
542 2957 759 3013 πάντων
796 2954 937 3015 εἶναι
984 2958 1097 3013 τῶν
1135 2958 1305 3014 ὄντων
1353 2960 1694 3033 ὑπερουσίως

92 3049 458 3120 ἐξῃρημένον,
500 3051 596 3105 καὶ
629 3055 696 3124 τῇ
731 3053 909 3127 ὲνιαίᾳ
935 3052 1045 3107 τῶν
1087 3052 1225 3108 ὅλων
1272 3059 1605 3128 προσαγωγῇ
1623 3057 1690 3122 ³⁸,

91 3144 195 3198 καὶ
214 3148 281 3215 τῇ
312 3146 661 3219 ἀνελαττὼτῳ
688 3147 843 3220 χύσει
869 3148 978 3203 τῶν
1005 3146 1292 3220 ἁμειιίηων
1318 3148 1484 3203 αὐτοῦ
1528 3168 1693 3223 μετα-

89 3239 317 3293 δόσεων.
362 3240 522 3309 Ἀλλὰ
557 3242 654 3295 καὶ
682 3243 740 3295 ἓν
765 3241 862 3306 ὢν,
904 3242 1000 3296 καὶ
1026 3240 1191 3296 παντὶ
1242 3240 1397 3313 μέρει
1441 3241 1537 3297 ml
1565 3244 1691 3317 ὅλῳ,

92 3332 194 3386 καὶ
235 3333 316 3386 ἐνὶ
361 3332 455 3387 καὶ
497 3332 715 3407 πλ’ήοει,
759 3335 854 3389 toﬁ
894 3336 1012 3401 ἑνὸς
1061 3335 1326 3407 μεταδοὺς
1343 3336 1422 3402 ³⁸,
1451 3336 1511 3391 ἓν
1543 3338 1694 3393 ἐστιν

91 3426 363 3492 ὡσαύτως
393 3428 754 3498 ὑπερουσίως,
778 3427 901 3482 οὗτε
930 3429 1094 3501 μέρος
1116 3428 1175 3482 ὃν
1202 3427 1269 3460 ³⁸⁸
1292 3427 1386 3482 τοῦ
1431 3429 1690 3504 πλήθους,

90 3520 220 3574 οὔτε
254 3523 320 3574 ὲκ
360 3521 543 3592 μερῶν
569 3521 707 3575 ὃλον’
742 3524 836 3576 ml
875 3521 1047 3585 οὕτως
1090 3520 1215 3575 οὔτε
1257 3521 1316 3574 ἓν
1352 3522 1521 3589 ἐστιν,
1564 3524 1690 3580 οὕτε

92 3611 217 3678 ὲνὺς
262 3613 512 3685 μετέχει,
550 3613 762 3668 οὐδὲτὸ
809 3613 869 3668 ἓν
900 3613 1031 3686 ἔχει·
1076 3614 1266 3687 πόρῤω
1306 3616 1363 3669 δὲ
1395 3617 1602 3673 τούτων
1629 3619 1690 3673 ἓν

90 3707 269 3767 ἐστιν,
300 3706 441 3778 ὑπὲρ
465 3698 527 3759 τὸ
555 3706 633 3772 ἓν,
667 3710 780 3772 τοῖς
810 3704 960 3762 οὖσιν
1003 3708 1082 3772 ἓν,
1115 3708 1210 3763 ml
1234 3709 1437 3781 πλῆθος
1462 3712 1689 3785 ἀμερὲς,

91 3799 242 3870 ἀπλή
253 3815 421 3870 ρωτον
445 3800 818 3874 ὑπερπλῆρες,
841 3804 951 3856 πᾶν
974 3801 1033 3856 ἓν
1062 3803 1157 3857 ml
1187 3803 1391 3874 πλῆθος
1419 3806 1687 3877 παράγον,

92 3892 191 3946 καὶ
210 3891 473 3957 τελειοῦν,
499 3894 595 3947 ml
616 3890 853 3966 συνέχον.
889 3894 1059 3949 Πάλιν
1168 3895 1225 3963 ἐξ
1265 3895 1430 3950 αὑτοῦ
1471 3896 1686 3965 Θεώσει,

90 3986 173 4058 τῷ
198 3985 348 4041 κατὰ
368 3985 595 4058 δύναμιν
618 3989 848 4043 ἑκάστου
878 3989 1103 4043 Θεοειδεῖ
1118 3988 1256 4043 θεῶν
1271 3989 1481 4045 πολλῶν
1506 4009 1690 4062 γιγνο-

94 4083 280 4154 μένων
299 4083 366 4147 ³⁸,
401 4082 552 4137 δοκεί
594 4083 693 4154 μὲν
730 4078 870 4136 εἶναι
901 4081 998 4136 ml
1034 4078 1254 4151 λέγεται
1279 4082 1374 4137 toﬁ
1404 4083 1522 4149 ἐνὸς
1549 4084 1685 4139 Θεοῦ

89 4176 371 4248 διάκρισις
412 4176 507 4229 ml
556 4174 1098 4248 πολλαπλασιασμὸς,
1146 4175 1261 4229 ἔστι
1307 4176 1365 4230 δὲ
1404 4177 1558 4232 οὐδὲν
1597 4173 1688 4250 ἦτ⁴

89 4288 188 4325 τον
214 4272 244 4324 ό
287 4268 539 4341 ἀρχίθεος
593 4270 688 4325 xal
731 4269 995 4343 ὑπέρθεος
1037 4269 1379 4342 ὑπερουσίως
1420 4265 1503 4335 εἷς
1529 4269 1682 4336 Θεὸς,

90 4366 394 4439 ἀμέριστος
418 4367 477 4420 ὲν
500 4367 615 4431 τοῖς
651 4366 949 4439 μεριστοίς,
975 4364 1254 4437 ἡνωμένος
1302 4363 1476 4435 ἑαυτῷ
1496 4365 1561 4431 ³⁷,
1591 4366 1686 4422 ml

1803 1838 1864 1884 ut
1906 1829 2066 1901 plane
2100 1832 2166 1887 de
2206 1834 2462 1891 omnibus
2496 1836 2753 1909 deinceps
2784 1843 3142 1912 explicemus,
3190 1848 3386 1905 distino

1801 1919 2038 1974 ctionem
2085 1921 2324 1976 divinam
2360 1937 2482 2010 esse
2514 1926 3274 2010 dicimus,_quemadmodum
3301 1940 3385 1997 di-

1800 2019 1948 2065 ctum
1972 2019 2078 2077 est,
2101 2006 2519 2085 benignissimus
2544 2018 2639 2074 Dei
2662 2006 3059 2083 emanationes.
3078 2026 3213 2084 Dum
3237 2032 3383 2090 enim

1801 2101 1964 2158 rebus
1984 2104 2238 2161 omnibus
2263 2106 2497 2165 ubertim
2528 2110 2796 2168 bonorum
2824 2118 3068 2173 omnium
3101 2125 3380 2179 consortia

1800 2192 2042 2266 impertit
2083 2206 2140 2252 et
2178 2197 2439 2267 infundit,
2484 2209 2599 2258 tum
2650 2204 2941 2274 coniuncte
2963 2209 3125 2284 323
3160 2215 3380 2284 quidem

1799 2284 2184 2359 distinguitur,
2241 2290 2612 2362 ampliﬁcatur
2670 2308 2853 2354 autem
2926 2303 3090 2360 unice
3124 2343 3142 2372 ,
3197 2307 3385 2364 multi-

1797 2378 2032 2452 plexque
2082 2382 2144 2438 fit
2190 2398 2257 2440 ex
2314 2401 2446 2455 uno,
2504 2403 2606 2446 nec
2635 2389 2704 2446 ab
2747 2392 2959 2449 unitate
2992 2395 3222 2453 discedit
3263 2417 3277 2454 :
3323 2407 3385 2456 ut

1797 2484 1947 2547 puta,
1980 2478 2240 2548 quoniam
2270 2480 2410 2537 Deus
2440 2487 2975 2553 superessentialiter
3003 2501 3088 2547 est
3116 2494 3380 2561 essentia,

1798 2580 2135 2642 cunctasque
2194 2576 2450 2645 producit
2508 2582 2822 2649 essentias,
2883 2587 3182 2642 secundum
3248 2586 3382 2644 illud

1798 2680 1961 2720 unum
1992 2668 2139 2737 quod
2168 2676 2250 2725 est
2276 2669 2622 2741 multiplicarl
2657 2677 2879 2742 dicitur,
2925 2679 3051 2735 dum
3090 2680 3289 2739 multas
3312 2698 3383 2739 ex

1796 2775 1857 2817 se
1887 2763 2136 2831 producit
2161 2765 2458 2831 entitates;
2488 2778 2861 2826 verumtamen
2896 2771 2948 2826 in
2980 2774 3162 2843 seipso
3198 2784 3382 2833 manet

1798 2855 1851 2909 in
1884 2854 2332 2924 multiplicatione
2364 2873 2526 2927 unus,
2577 2869 2634 2915 et
2674 2862 2727 2916 in
2785 2865 3135 2923 cmanatione
3169 2870 3379 2936 unilus,

1796 2953 1960 3016 atque
1984 2947 2037 3002 in
2072 2947 2425 3005 distinctione
2461 2950 2755 3021 perfectus,
2802 2955 2945 3024 quod
2991 2956 3063 3011 sit
3092 2956 3161 3037 ab
3187 2972 3378 3015 essen-

1797 3039 1889 3096 tiis
1913 3040 2169 3097 omnibus
2210 3045 2744 3111 superessentialiter
2769 3056 3076 3117 exemptus,
3115 3055 3226 3105 tam
3264 3050 3381 3106 sin.

1795 3133 1968 3205 gulari
2014 3134 2373 3206 productione
2409 3139 2653 3193 omnium
2681 3154 2844 3210 quam
2898 3140 3227 3198 indiminuta
3259 3157 3382 3199 sua-

1797 3243 1916 3283 rum
1947 3228 2374 3285 indelicientium
2420 3231 2738 3300 profusione
2792 3235 3375 3295 communicationum.

1778 3321 2106 3389 Quinetiam
2143 3337 2267 3379 cum
2297 3325 2427 3397 quid
2463 3340 2629 3382 unum
2674 3326 2787 3396 ipse
2812 3326 2905 3393 sit,
2942 3328 3201 3399 omnique
3230 3331 3377 3399 parti

1794 3427 1849 3473 et
1878 3420 2001 3487 toti,
2033 3427 2089 3475 et
2115 3419 2206 3475 uni
2234 3429 2288 3475 et
2317 3419 2678 3487 multitudini,
2708 3420 2870 3476 unius
2915 3422 2999 3477 sui
3038 3421 3375 3477 consortium

1793 3511 2085 3583 largiatur,
2108 3510 2195 3567 vel
2223 3520 2281 3566 ut
2312 3511 2392 3568 sic
2431 3513 2598 3568 etiam
2636 3527 2802 3583 supra
2832 3512 3196 3569 substantiam
3227 3516 3376 3569 exsl-

1792 3604 1887 3660 stit
1928 3616 2092 3670 unus,
2135 3619 2259 3659 cum
2290 3618 2468 3673 neque
2495 3619 2625 3675 pars
2654 3604 2727 3659 sit
2756 3603 3141 3669 multitudinis,
3192 3616 3373 3675 neque

1790 3712 1858 3755 ex
1888 3699 2140 3765 partibus
2175 3707 2386 3763 totum;
2439 3712 2565 3751 nam
2617 3697 2723 3753 hoc
2773 3697 2932 3751 modo
2966 3711 3073 3751 non
3116 3704 3203 3751 est
3241 3695 3372 3766 quid

1794 3808 1984 3858 unum,
2030 3806 2206 3863 neque
2253 3791 2334 3847 sic
2370 3805 2537 3845 unum
2580 3789 2891 3859 participat,
2935 3789 3166 3845 habetve
3190 3788 3373 3844 unita-

1793 3894 1934 3950 tem;
1965 3886 2057 3940 sed
2086 3883 2245 3955 longe
2283 3883 2352 3938 ab
2385 3883 2471 3938 his
2498 3881 2600 3937 alia
2632 3882 2847 3937 ratione
2881 3881 3012 3952 quid
3045 3896 3211 3936 unum
3260 3880 3371 3946 est,

1789 3993 1952 4048 supra
1986 3993 2177 4042 unum,
2223 3975 2365 4048 quod
2399 3976 2560 4032 rebus
2604 3990 2772 4029 unum
2812 3982 2917 4041 est,
2969 3982 3028 4029 et
3080 3972 3373 4028 multitudo

1790 4072 2094 4136 individua,
2128 4068 2471 4141 inexplebilis
2502 4067 2966 4139 superplenitudo,
3008 4080 3171 4122 omne
3200 4080 3368 4120 unum

1788 4162 2307 4229 multitudinemque
2366 4158 2674 4230 producens
2716 4174 2780 4215 ac
2843 4156 3139 4227 perliciens
3202 4164 3370 4226 atque

1787 4258 2173 4329 complectens.
2204 4254 2414 4313 Rursus
2446 4256 2573 4311 dum
2616 4254 2735 4325 ejus
2764 4251 3089 4309 deificientia
3117 4248 3369 4307 deiformi

1786 4366 1885 4421 pro
1912 4349 2173 4419 cujusque
2204 4348 2409 4403 virtute
2458 4346 2642 4417 plures
2674 4345 2745 4400 dii
2790 4344 2950 4412 fiunt,
2987 4342 3207 4399 videtur
3246 4341 3370 4413 quia

86 4436 206 4526 τοῖς
222 4460 440 4525 πολλοῖς
455 4460 664 4533 ἀμιγὴς
690 4436 786 4515 ml
810 4459 1174 4533 ἀπλήθυντος.
1202 4460 1314 4514 Καὶ
1331 4459 1491 4513 τοῦτο
1515 4460 1685 4535 ὑπερ-

1880 4458 1910 4497 η
1943 4444 2254 4514 diciturque
2281 4440 2444 4497 unius
2490 4438 2584 4495 Dei
2624 4438 2822 4495 divisio
2852 4436 3363 4539 multiplicatioque,

88 4555 246 4627 φυῶς
280 4528 537 4628 ἐννοήσας
570 4528 817 4621 όνκοινὸς
847 4528 1008 4628 ἡμῶν
1046 4557 1141 4611 ml
1171 4553 1267 4609 toﬁ
1314 4528 1689 4627 καθηγεμόνος

1880 4547 2163 4593 ἰιιιιιοηιεη
2209 4537 2324 4606 ipse
2364 4543 2450 4590 est
2484 4533 2813 4605 principium
2836 4528 3139 4588 istiusmodi
3170 4528 3367 4583 divini-

88 4650 186 4705 ἐπὶ
208 4649 309 4721 τὴν
354 4648 505 4703 θείαν
546 4650 878 4721 φωτοδοσίαν
916 4648 1279 4724 χειραγωγδς,
1322 4649 1351 4701 ὁ
1403 4646 1570 4711 πολὺς
1616 4645 1686 4700 τὰ

88 4742 231 4805 θεία,
264 4740 325 4795 τὺ
354 4742 470 4811 φῶς
505 4741 599 4796 τοῦ
627 4743 853 4815 κόσμου,
890 4743 1016 4797 τάδε
1046 4743 1210 4816 φησὶν
1237 4740 1596 4804 ὲνθεαστικῶς
1626 4739 1686 4793 ὲν

88 4840 202 4901 τοῖς
240 4839 408 4910 ἱεροῖς
432 4837 599 4892 αὐτοῦ
629 4838 941 4913 γράμμασιο
962 4838 1072 4892 Καὶ
1093 4837 1203 4907 γὰρ
1235 4835 1401 4904 εἴπερ
1428 4835 1547 4889 εἰσὶ
1578 4837 1679 4889 λε-

86 4931 332 4999 γόμενοι
363 4930 483 4985 θεοὶ
505 4970 521 4993 ,
548 4932 669 4986 εἴτε
698 4933 769 4985 ἐν
800 4929 1054 5000 οὐρανῷ,
1090 4930 1211 4983 εἴτε
1237 4927 1336 4982 ἐπὶ
1372 4925 1505 4996 γῆς,
1541 4922 1682 4997 (ὠσ-

88 5021 320 5089 περοῦν
344 5021 464 5077 εὶσὶ
483 5024 603 5077 θεοὶ
627 5023 866 5088 πολλοὶ,
900 5023 997 5077 καὶ
1029 5022 1219 5090 κύριοι
1246 5015 1511 5087 nollem
1536 5015 1679 5071 ἀλλ’

89 5115 236 5184 ἡμῖν
250 5115 339 5179 εἷς
366 5114 512 5181 Θεὸς
539 5118 572 5169 ὁ
598 5114 825 5183 Πατὴρ,
847 5113 915 5179 ἐξ
943 5113 1014 5168 οὗ
1041 5112 1113 5167 τὰ
1132 5109 1349 5175 πάντα,
1380 5108 1479 5164 καὶ
1509 5106 1683 5177 ἡμεῖς

1791 4634 1920 4690 tatis
1943 4640 1999 4687 et
2031 4630 2340 4687 eminenter
2384 4627 2549 4695 Deus,
2581 4633 2637 4682 et
2663 4620 3197 4696 superessentialiter
3225 4632 3366 4673 unus

1789 4727 1951 4791 Deus,
1984 4724 2252 4780 indivisus
2280 4723 2336 4778 in
2368 4720 2623 4785 dividuis,
2656 4720 2711 4775 in
2740 4733 2799 4774 se
2838 4731 3000 4777 unus,
3037 4721 3093 4768 et
3134 4712 3185 4766 in
3225 4708 3367 4765 mal-‘-

1788 4818 1856 4874 tis
1908 4816 2029 4873 istis
2084 4829 2262 4887 neque
2308 4814 2503 4870 mistus
2531 4824 2707 4881 neque
2743 4805 3158 4878 multiplicatus.
3203 4800 3362 4869 Quod

1787 4926 1910 4967 cum
1962 4906 2454 4981 supernaturaliter
2493 4902 2856 4959 intellexisset
2908 4894 3216 4955 communis
3257 4909 3361 4948 no-

1783 5016 1895 5063 ster
1929 5020 1995 5062 ac
2024 5001 2379 5075 przeceptoris
2425 4997 2601 5055 nostri
2642 4994 2709 5050 ad
2750 4992 2989 5048 divinam
3035 4986 3357 5044 illustratioa

1785 5117 1905 5157 nem
1933 5100 2317 5161 manuductor,
2341 5093 2433 5166 qui
2459 5092 2685 5148 multum
2716 5089 2768 5143 in
2793 5086 2989 5145 divinis
3011 5084 3174 5142 rebus
3196 5094 3359 5138 exer-

1382 5306 1619 5364 VABl/E
1653 5299 2064 5362 LECTIONES.

158 5478 204 5513 “
232 5477 550 5548 καινότερον
569 5513 584 5539 ,
617 5473 675 5530 S.
698 5472 758 5526 P.
787 5470 909 5527 Sar.
973 5471 1019 5502 ³⁸
1046 5467 1407 5541 ὑπερουσίως,
1435 5466 1498 5548 P:
1537 5465 1659 5548 sar;
1737 5465 1785 5548 ξς
1817 5460 1887 5548 τα
1910 5476 2017 5548 non
2048 5458 2249 5548 habent
2268 5458 2325 5513 S.
2351 5456 2704 5548 ΡἋιιιῆἰηυῐ)Ζ
2730 5471 2847 5548 1102¹
2878 5454 3056 5548 ξςεκῑ.
3082 5452 3353 5548 illi???

620 5523 756 5559 ΖἏΪ⁷
800 5523 907 5559 ἴα
1068 5542 1080 5554 ο
1154 5523 1186 5559 ἓν
1234 5557 1255 5559 ,_
1352 5523 1535 5559 ἔτ’-.··.-.
1571 5534 1693 5559 ιεε-
1745 5535 1777 5559 Ω
1837 5534 1873 5559 lx
1971 5532 2016 5559 28
2040 5526 2375 5559 ..ἷιιηικυυηρυ
2424 5527 2463 5559 n
2517 5527 2556 5559 D
2604 5530 2707 5559 ετ...
2804 5529 2847 5558 19
2872 5525 3046 5559 Ian...“
3107 5523 3187 5554 ⁷³0
3217 5524 3266 5559 ἦε

90 5567 185 5620 pro
213 5525 780 5620 ﬁgpéigv'scri‘bitur
805 5525 964 5614 ἔχων,
984 5551 1043 5594 ιιι
1068 5542 1120 5595 in
1154 5525 1276 5595 Sar.
1352 5525 1406 5569 ²’⁷’
1427 5536 1536 5590 τῶν
1568 5534 1713 5605 ἑξῆς,
1745 5535 1802 5588 S.
1835 5534 1894 5587 ι».
1971 5532 2016 5562 ³⁸
2039 5526 2395 5611 εἷναίφαμεν,
2604 5530 2725 5582 Sar.
2804 5529 2847 5558 ’9
2872 5525 3065 5580 ἄλλων.
3144 5525 3187 5554 ³⁰
3217 5525 3329 5593 ήνω
3444 5596 3453 5617 ⁵

92 5622 296 5691 μένοις»
328 5620 388 5673 δ·
466 5618 512 5691 ³1
540 5612 967 5691 “Mevaniae
1087 5611 1145 5665 P-
1173 5612 1349 5691 νειίρι
1375 5610 1443 5664 ad
1466 5610 1611 5691 ιειιιιε
1628 5605 1842 5691 ξιιείίιιεη
1863 5604 1964 5691 has
1981 5601 2206 5691 rerum
2227 5598 2723 5691 resurgimus
2741 5597 3347 5691 2°‘2Eel‘1'18'2'1ffEFI-

91 5690 130 5724 ²²
156 5693 331 5745 ὄντων
362 5690 428 5760 μὲ

431 5706 461 5742 ν
1863 5652 1961 5753 ’ξί
2226 5670 2269 5753 ξδ
2294 5652 2621 5753 σξαραγωγῇ,
2740 5668 2799 5721 Ρ.
2832 5667 2921 5753 βε.
2943 5652 3351 5753 δίη-ἶπροαγιέ-

89 5737 746 5834 τῇξ’έῗί⁶ῖξλεέάδίὲούςζ
777 5754 832 5807 Ρ.
912 5737 1124 5807 ⁸⁶⁶Ἰ.ῶν
1169 5737 1224 5807 ui
1244 5737 1428 5823 supra.
1483 5744 1944 5818 ³⁶γενομένων,ῐ).
2024 5744 2140 5795 ³⁷ὲν
2166 5742 2277 5805 τοῖς
2300 5737 2632 5814 ἀμίερίστοιε,
2662 5738 2956 5811 ἡνωμὲνως
2982 5737 3352 5834 ὲνβέαυτῷνδ-

416 5855 688 5913 Ρλτειυι..
718 5852 837 5912 Gr.
886 5848 992 5908 lll.

2999 5830 3073 5890 21
