3752 6292
184 370 286 429 657
800 365 887 423 DE
920 365 1175 423 DIVINIS
1202 365 1608 435 NOMINIBUS,
1643 367 1798 428 CAP.
1834 368 1900 426 ll.
1933 401 2006 416 —
2037 369 2383 425 PABAPllR.
2421 369 2897 429 PACHYMEBAE.
3334 368 3445 430 ’658

185 486 445 570 divinitas
471 484 683 568 tibi-isti
708 496 795 541 est
821 500 988 570 causa
1022 487 1077 541 in
1106 485 1192 541 his
1217 487 1495 570 omnibus,
1522 487 1821 570 incipitque
1852 490 1921 544 ab
1948 496 2219 556 extremo,
2249 491 2299 546 id
2331 502 2414 547 est
2444 508 2478 570 _a
2521 502 2652 559 toto,
2681 502 2737 548 et
2772 500 2983 550 remeat
3003 484 3062 549 in
3091 490 3354 564 primum,
3386 496 3444 551 id

183 568 265 614 est
311 555 366 611 in
401 556 668 638 principia
702 571 905 638 rerum.
937 556 1237 638 Conservat
1263 558 1449 629 igitur,
1476 535 1682 628 inquit,
1716 535 2740 638 duivéfsﬁﬁijgi'BZri‘és'Bi.{véFJiJii

183 644 247 710 ee
283 630 707 710 conspirantes;
731 637 787 682 et
815 630 932 710 ipsa
970 637 1406 710 nonesttotnm,
1435 644 1616 710 neque
1646 630 1948 710 pars:_quia
1978 630 2189 685 scilicet
2215 648 2320 685 non
2354 632 2518 687 habet
2550 633 2939 710 perfectionem
2970 636 3137 688 totius
3168 644 3221 689 et
3250 637 3421 703 partis

186 676 242 684 η
287 676 669 695 -___-r_____---
692 676 707 691 ,
736 676 787 682 η
816 676 829 681 -
873 676 932 682 -_
970 676 1079 683 η---
1109 676 1187 682 ν--
1441 676 1505 682 ---
1553 676 1615 683 _-
1662 676 1793 691 ---η
1863 676 1948 683 η...
1978 676 2189 685 μων--
2215 676 2320 685 ..νη
2354 676 2419 686 .._

184 699 321 780 sicut
347 707 523 780 totum
551 705 610 780 et
638 712 783 780 pars,
816 676 911 780 εἶτα
943 698 1298 780 excellentius
1347 676 1729 780 ininlijnitn'm.
1763 676 1979 780 _E;tq_ue
2013 716 2203 756 rursus
2235 710 2402 756 totum

184 722 321 780 suam
347 722 523 779 lutum
551 722 610 779 ξπ
638 722 783 765 pars,
816 722 911 780 seu
943 722 1298 781 ξςιυυιιιςιιιιυδ
1347 722 1400 752 ιιι
1435 722 1729 779 Itlttnltulu.
1773 722 1979 781 nsulue
2014 722 2203 787 ru‘rsus
2234 722 2402 783 tumin!
2434 722 2489 757 et
2521 722 2649 773 pars
2681 722 2937 759 ummtas
2970 722 3196 771 [λιιι-1811,
3253 722 3446 775 ltelllpt‘

180 782 302 837 quia
334 767 603 892 quidquid
638 769 990 851 perfectionis
1020 782 1191 849 estun
1223 778 1337 824 toto
1371 778 1527 851 etum.
1559 780 1732 851 parte,
1763 770 1868 825 hoc
1899 785 2011 839 ipsa
2041 772 2246 826 Lhrlsti
2293 773 2553 828 dtvmitas
2597 775 2898 842 prwhabet.
2924 774 3150 845 Reliqua
3196 774 3446 829 facilioaa

181 848 320 892 sunt.
383 836 495 891 llud
528 852 681 892 vero.
710 840 1003 892 substantia
1032 849 1155 892 tam
1176 840 1483 892 substantiis
1511 848 1756 892 insistens
1792 840 2087 892 impolluta.
2114 842 2387 892 signiﬁcat
2435 859 2559 892 esse
2593 844 2760 892 Deum
2792 846 2844 892 in
2887 846 3140 892 omnibus
3186 845 3446 892 subslit“-

181 836 320 921 snnt.
356 836 503 921 illud
528 836 681 919 vero,
710 840 1003 921 substantia
1032 839 1155 893 totis
1176 836 1759 921 substantiisin‘sistens
1792 836 2087 909 impolluta,
2114 842 2387 912 signiﬁcat
2435 859 2559 899 esse
2591 836 2760 899 Deum
2792 846 2844 899 in
2887 836 3140 900 erunibus
3186 845 3447 900 substan-

183 908 267 993 tiis
288 948 313 993 ,ί
335 915 399 993 et
432 906 506 993 ab
534 907 968 993 eisnparticipari
1016 924 1265 993 nonmper
1289 910 1668 993 aditiistioneiii
1694 950 1709 973 ,
1745 906 1983 993 hoc_'_est,
2032 926 2139 965 non
2166 906 2386 968 inisceri
2417 931 2541 969 cum
2573 913 2691 980 eis;
2732 915 2805 970 ita
2836 926 3056 972 sanctus
3089 916 3334 973 Thomas
3378 916 3446 968 ad

183 977 321 1035 hunc
356 977 568 1035 locum.
606 977 1000 1036 Getisule’item
1028 980 1083 1036 in
1108 977 1597 1037 Observationibus
1624 980 1970 1050 generalibus
1997 991 2249 1037 octavam
2285 993 2339 1038 et
2364 998 2585 1040 nonam.

1156 1294 1325 1368 328
1368 1295 1856 1354 PARAPHRASIS
1888 1297 2342 1355 PACHYMERAE
2380 1296 2514 1370 (35).

241 1450 268 1523 ᾗ
295 1453 339 1505 I.
369 1451 445 1506 Τὸ
476 1453 653 1527 παρὸν
700 1456 995 1527 κεφάλαιόν
1022 1458 1138 1514 ἐστι
1180 1463 1308 1533 περὶ
1342 1463 1629 1537 ἡνωμένης
1660 1482 1723 1520 κα

1986 1458 2025 1513 Ι.
2058 1461 2170 1513 lloc
2196 1472 2436 1528 praesens
2470 1464 2635 1526 caput
2657 1461 2739 1510 cst
2767 1454 2833 1509 dc
2877 1454 3027 1508 unita
3077 1451 3442 1521 distinctaque

174 1543 595 1618 ἃακεκριμένης
645 1547 941 1618 θεολογίας.
997 1552 1213 1626 Ἐπειδὴ
1260 1555 1370 1627 γὰρ
1421 1558 1656 1629 προέθετι

1958 1552 2156 1621 elogia.
2185 1550 2320 1607 Cum
2346 1549 2492 1605 enim
2523 1548 2612 1603 hic
2634 1558 2860 1602 sanetus
2889 1549 2956 1602 de
2981 1545 3179 1603 divinis
3207 1546 3440 1601 nomini-

176 1635 319 1703 ἅγιος
340 1636 469 1708 περὶ
494 1637 655 1692 θείων
674 1639 952 1712 ὀνομάτων
973 1646 1166 1711 εἰπεῖν,
1188 1647 1257 1701 τά
1280 1649 1337 1702 δὲ
1359 1648 1477 1704 θεῖα
1496 1651 1753 1723 ὀνόματα,

172 1727 238 1780 τὰ
266 1728 364 1799 μὲν
391 1731 593 1796 κοινῶς
623 1735 717 1787 καὶ
757 1738 871 1799 τοῖς
914 1738 1062 1809 τρισλ¹
1090 1738 1401 1815 θεαρχικοῖς
1438 1746 1757 1819 Προσώποις

175 1820 489 1891 ἁρμόζουσι,
536 1824 683 1878 τὰδὲ
715 1827 815 1899 μιᾷ
842 1829 1044 1903 ἑκάστῃ
1078 1831 1187 1886 τῶν
1228 1834 1637 1893 ’Υποστάσεωψ
1670 1841 1757 1895 διὰ

172 1911 320 1965 τοῦτο
346 1913 416 1967 τὰ
445 1914 552 1985 μὲν
594 1916 790 1982 κοινῶς
828 1921 894 1990 τῇ
946 1919 1065 1993 θείᾳ
1108 1922 1268 1992 φύσει
1296 1925 1601 1998 ἁρμόζοντα
1643 1930 1757 1985 ὀνό-

177 2022 343 2095 ματα,
384 2006 709 2077 ἡνωμένην
736 2010 1030 2083 ἐπιγράφει
1077 2012 1383 2085 θεολογίανο
1431 2018 1501 2072 τὰ
1548 2020 1605 2074 δὲ
1657 2024 1758 2095 μιᾷ

172 2094 367 2168 ἑκάστῃ
389 2097 766 2165 ὑποστάσεων,
794 2100 1265 2175 διακέκριμένην.
1290 2109 1399 2163 Καὶ
1425 2110 1586 2165 πάλιν
1607 2094 1756 2166 θείαν

171 2185 563 2287 ἕνωσινιλέγει.
587 2190 686 2262 τὴν
727 2194 962 2264 κρυφίαν
1001 2195 1095 2248 καὶ
1123 2197 1508 2272 ἀκατάληπτον
1550 2203 1754 2272 γνῶσιν

170 2277 263 2348 τῆς
299 2277 451 2343 θείας
493 2280 732 2349 φύσεως,
768 2283 887 2356 (τὴν
926 2285 1036 2358 γὰρ
1060 2288 1246 2343 οὐσίαν
1281 2291 1449 2363 αὐτὴν
1474 2292 1574 2364 τῆς
1612 2294 1753 2348 ἀκα-

170 2367 437 2439 ταλήπτου
481 2371 716 2443 Τριάδος
755 2375 808 2428 τί
850 2378 997 2434 ἐστιν
1034 2381 1208 2445 οὐδεὶς
1248 2381 1516 2452 γνώσεταὶ
1561 2402 1689 2439 ποτε

170 2458 432 2532 διάκρισιν
488 2463 549 2516 δὲ
587 2464 738 2520 θείαν
765 2468 864 2533 τὰς
920 2472 1315 2540 ὲνυποστάτους
1370 2458 1753 2549 προσκυνητάς

172 2553 447 2627 ὑπάρξεις,
466 2558 737 2625 τουτέστι,
763 2561 856 2615 τοῦ
882 2565 979 2635 μὲν
1004 2566 1133 2620 Υἱοῦ
1155 2569 1246 2621 τὸν
1271 2570 1337 2623 ὲκ
1355 2570 1567 2641 Πατρὸς
1594 2572 1754 2626 ἀνέκ-

172 2664 401 2717 φραστον
442 2650 829 2724 ἀπαυγασμὸν,
877 2657 969 2710 τοῦ
1017 2659 1074 2712 δὲ
1123 2662 1386 2730 παναγίου
1435 2663 1751 2735 Πνεύματος

171 2738 263 2829 τῂν
287 2740 352 2792 ὲκ
378 2741 604 2813 Πατρὸς
616 2745 935 2818 ἀνεννόητον
960 2751 1305 2824 ὲκπόρευσιν,
1325 2755 1423 2826 τὴν
1454 2754 1749 2829 Θεαρχικὴν

1856 1646 1959 1702 bus
2001 1644 2147 1714 loqui
2198 1640 2566 1714 proposuerit,
2603 1639 2785 1695 divina
2828 1653 2959 1693 vero
3007 1638 3248 1701 nomina,
3289 1651 3439 1706 qua:-

1856 1738 1981 1794 dam
2027 1739 2082 1794 in
2129 1735 2402 1792 communi
2459 1733 2632 1787 tribus
2693 1731 2953 1788 Personis
3003 1730 3200 1785 divinis
3245 1743 3442 1783 convco

1858 1833 2032 1897 niant,
2063 1828 2309 1900 quazdam
2336 1826 2502 1881 etiam
2534 1825 2627 1879 uni
2660 1838 2727 1879 ex
2759 1822 3016 1878 Personis
3047 1820 3154 1875 illis
3184 1820 3238 1874 in
3266 1820 3440 1889 parti-

1857 1922 2053 1989 culari,
2080 1920 2286 1976 idcirco
2312 1917 2403 1973 illa
2435 1915 2654 1981 quidem
2686 1914 2905 1969 nomina
2935 1927 3054 1983 quae
3080 1912 3135 1967 in
3166 1910 3440 1967 communi

1857 2014 2053 2070 divinae
2081 2019 2291 2067 natura:
2340 2015 2670 2079 congruunt,
2703 2005 2908 2059 unitum
2956 2002 3206 2059 inscribit
3233 1999 3443 2057 theolo-

1858 2109 2025 2180 giam,
2051 2120 2172 2176 quae
2195 2114 2326 2159 vero
2353 2100 2577 2155 cuilibet
2598 2112 2843 2169 persona:
2866 2097 2918 2152 in
2947 2092 3266 2166 particulari
3291 2107 3442 2149 com-

1856 2207 2090 2269 petunt,
2142 2195 2462 2249 distinctam.
2516 2190 2585 2245 Et
2639 2202 2826 2244 rursus
2883 2187 3123 2242 divinam
3179 2183 3439 2239 unionem

1857 2298 2018 2345 vocat
2045 2286 2310 2342 occultam
2358 2292 2414 2338 et
2461 2276 3065 2350 incomprehensibilem
3099 2272 3299 2330 divinae
3334 2287 3437 2327 na-

1860 2393 1996 2439 tura:
2033 2380 2395 2451 cognitionem
2443 2375 2593 2447 (nam
2623 2374 2922 2429 essentiam
2971 2365 3439 2437 incomprehensi-

1856 2476 1980 2532 bilis
2005 2473 2307 2539 Trinitatis,
2332 2468 2462 2541 quid
2495 2468 2588 2534 sit,
2623 2480 2786 2521 nemo
2814 2471 3106 2535 cognoscet
3136 2462 3397 2529 unquam)
3420 2473 3436 2521 ;

1857 2570 2095 2625 divinam
2126 2581 2254 2637 vero
2297 2564 2732 2628 distinctionem,
2777 2559 3138 2616 subsistentes
3189 2554 3435 2609 existent-

1860 2663 1962 2717 tias
1984 2658 2312 2724 adorandas,
2344 2657 2397 2712 id
2423 2667 2509 2711 est
2538 2654 2662 2709 Filii
2691 2652 2912 2723 quidem
2948 2665 3013 2704 ex
3045 2649 3208 2704 Patre
3253 2644 3438 2715 splen-

1857 2759 2044 2813 dorem
2091 2750 2448 2817 ineﬁ'abilem,
2480 2747 2662 2805 sancti
2719 2760 2854 2800 vero
2900 2742 3137 2814 Spiritus
3167 2755 3236 2794 ex
3275 2737 3439 2792 Patre

173 2827 291 2899 ὅλην
324 2829 590 2904 ὓπαρξιν,
626 2835 824 2906 μᾶλλον
849 2838 907 2892 δὲ
937 2840 1057 2894 οὐδὲ
1087 2844 1292 2913 κυρίως
1324 2827 1655 2917 ὓπαρξιν-,ά

1954 2845 2333 2917 onceptibilem
2366 2842 2774 2916 processionem
2797 2880 2813 2908 ,
2840 2839 3078 2894 divinam
3109 2844 3277 2891 totam
3316 2832 3436 2887 esi-

174 2917 597 3023 ῗδπερύπαρξινΣ·
631 2926 745 2980 ἀλλ’
783 2930 971 3023 ἐπειδὴ
1019 2935 1168 2989 πᾶσα
1197 2935 1430 3011 ὓπαρξις
1469 2941 1746 3015 ἐξαυτῆς,

173 3009 232 3062 ὲκ
250 3010 354 3065 τῶν
373 3014 638 3068 αἰτιατῶν
664 3021 978 3091 κτισμάτων
998 3009 1324 3097 ὀνομάζεται
1355 3030 1607 3104 ὖπαρξις.

171 3120 293 3201 γουν
329 3105 633 3182 θεαρχικὴν
666 3112 869 3185 ταύτην
916 3116 1151 3190 ὓπαρξιν
1189 3122 1336 3194 ὃλην,
1380 3128 1624 3181 τουτέστι
1652 3130 1748 3201 τὴν

173 3195 293 3297 μίαν
314 3200 408 3300 καὶ
646 3202 891 3300 θεοτητα,
917 3208 1060 3278 (ἔθος
1082 3210 1191 3285 γὰρ
1219 3215 1367 3286 αὐτῷ
1390 3216 1532 3271 οὕτω
1562 3195 1749 3276 καλεέν

167 3291 259 3384 τὴν
297 3291 396 3384 τῆς
419 3291 604 3384 γάγὶας
638 3295 733 3347 καὶ
774 3297 941 3370 μόνης
977 3306 1356 3378 προσκυνητῆς
1387 3298 1615 3380 Τριάδος
1649 3313 1747 3384 τὴν

169 3380 221 3431 ὲν
231 3382 403 3481 τρισὶν
417 3382 774 3481 Ὑποστάσεσι
797 3392 1204 3467 γνωριζομένην
1226 3397 1452 3472 θεότητα
1474 3403 1514 3476 ,)
1543 3380 1747 3481 ταύτην

169 3474 288 3564 γοῦν
309 3474 390 3527 ὅτι
414 3475 551 3529 ποτέ
578 3477 725 3531 ἐστιν
749 3481 782 3551 ἡ
810 3482 1237 3558 αὐτοαγαθότης,
1262 3491 1289 3542 ὁ
1317 3474 1523 3564 Κύριος
1553 3496 1610 3549 ὲν
1632 3474 1745 3563 rei;

168 3561 321 3633 ἱεροῖς
353 3566 714 3637 Εὑαγγελίοις
742 3574 1023 3644 γνωρίζων
1054 3579 1184 3649 ἡμῖν
1207 3561 1476 3653 ὑμνεῖται,
1500 3561 1745 3644 τουτέστι

170 3656 301 3725 μετὰ
343 3660 531 3733 πάσης
578 3662 863 3730 εὐλαϐείας
909 3670 1000 3723 καὶ
1051 3670 1304 3744 θεότητος
1357 3684 1701 3736 κατανοεῖται
1727 3700 1740 3714 ’

166 3747 296 3843 αὑτὴ
335 3751 447 3843 γάρ
495 3754 529 3823 ἡ
571 3752 798 3826 θεαρχία
837 3758 866 3810 ὁ
910 3760 1113 3833 Κύριος
1166 3765 1545 3841 ὑφηγούμενος
1590 3772 1743 3843 ἔλεγε

168 3839 295 3909 πρὸς
317 3842 410 3896 τὸν
449 3844 741 3915 ἐρωτῶντα
762 3864 775 3878 ο
828 3850 889 3902 Τί
919 3868 996 3920 με
1026 3854 1223 3925 λέγεις
1248 3839 1507 3929 (tradem
1546 3839 1747 3933 οὐδεὶς

165 3936 395 4005 ἀγαθὸς,
423 3943 478 3994 ει
497 3939 587 4010 μὴ
611 3943 697 4010 εἷς
723 3947 755 3997 d
796 3945 957 4012 Θεός.
995 3948 1167 4003 Τοῦτο
1196 3952 1293 4023 μὲν
1318 3949 1410 4007 οὖν
1438 3956 1530 4009 καὶ
1566 3958 1624 4010 ἐν
1649 3957 1745 4012 ἄλ-

166 4028 269 4096 λοις
311 4036 530 4105 εἴρηται
575 4039 704 4105 παρ’
734 4039 889 4111 ἡμῶν
922 4041 1226 4111 ἐξετασθὲν,
1271 4048 1352 4100 ὅτι
1400 4049 1459 4101 οὐ
1508 4052 1746 4123 μερικῶς

164 4124 242 4193 ἐφ’
270 4128 349 4180 ἐνὶ
381 4130 496 4185 τῶν
526 4130 831 4204 θεαρχικῶν
874 4138 1223 4193 ὑποστάσεων
1252 4139 1321 4194 τὰ
1361 4141 1586 4196 τοιαῦτα
1625 4145 1744 4199 ὀνό-

168 4234 303 4285 ματα
323 4220 598 4291 λέγονται,
627 4224 740 4279 ἀλλ’
770 4229 862 4281 ἐπὶ
881 4229 982 4300 τῆς
1009 4230 1136 4302 ὅλης
1164 4234 1257 4287 καὶ
1282 4233 1524 4307 πλήρους
1555 4236 1743 4310 θεότη-
1772 4209 1814 4267 c

163 4328 279 4401 τος·
331 4316 428 4368 καὶ
459 4317 543 4369 ὅτι
576 4319 752 4373 πάντα
793 4322 966 4377 ταῦτα
995 4324 1065 4380 τὰ
1092 4327 1249 4381 κοινὰ
1276 4329 1517 4401 ὀνόματα
1554 4330 1743 4385 ἀνατί-

164 4400 627 4511 θεἽαιηάμερῶς,
669 4410 1107 4511 ου’-μεριζόμενα
1148 4419 1290 4473 κατά
1335 4419 1742 4492 ἀποκλήρωσιν,

161 4497 230 4560 ὡς
255 4497 311 4551 ἒν
335 4500 636 4572 Πρὸσωπον
662 4543 677 4567 ,
719 4503 833 4557 ἀλλ’
862 4507 947 4577 ἐφ’
973 4508 1053 4561 ἐνὶ
1083 4510 1317 4584 ἑκάστῳ,
1367 4514 1460 4567 καὶ
1503 4515 1595 4569 ἐπὶ
1632 4517 1743 4578 τοῖς

161 4593 302 4659 τρισὶ
342 4592 564 4658 κοινῶς,
619 4595 920 4662 ἀπολύτως,
976 4601 1253 4657 τουτέστιν
1296 4606 1356 4657 οὑ
1406 4606 1544 4675 μετά
1600 4623 1743 4670 τινος

518 4688 606 4783 ,εἰς
654 4687 712 4741 ἓν
742 4690 1061 4761 Πρόσωπον,
1114 4696 1208 4748 καὶ
1251 4697 1375 4768 δίχα
1417 4697 1619 4771 ταύτης
1663 4703 1741 4765 εἰς

161 4769 315 4826 ἄλλο’
352 4776 472 4829 ἀλλ’
506 4777 966 4852 ἀπαρατηρήτως,
999 4785 1075 4849 ὡς
1118 4787 1202 4855 ἐφ’
1250 4788 1329 4841 ἑνὶ
1373 4769 1605 4863 ἑκάστῳ,
1650 4793 1742 4845 καὶ

160 4864 247 4917 ἐπὶ
287 4869 403 4931 τοῖς
448 4868 597 4939 τρισὶ
640 4870 830 4935 κοινῶς
853 4890 865 4903 ·
900 4876 994 4928 καὶ
1033 4876 1109 4941 ὼς
1162 4879 1376 4943 κοινῶς,
1412 4882 1502 4934 καὶ
1540 4883 1623 4952 ἐφ’
1656 4885 1739 4937 ἐνὶ

162 4956 392 5031 ἑκάστῳ,
425 4960 522 5013 καὶ
549 4960 745 5026 ὑλικῶς
779 4966 871 5020 ἐπὶ
904 4967 1087 5040 ἀπάτῃ
1128 4972 1193 5040 τῇ
1229 4970 1440 5042 ὁλότητι
1482 4973 1583 5043 τῆς
1626 4974 1740 5029 θεό-

160 5062 333 5120 τητος.
376 5053 491 5106 Καὶ
534 5053 666 5122 γοῦν
692 5056 786 5109 καὶ
825 5057 901 5121 ὡς
930 5060 989 5111 ὲν
1034 5060 1213 5124 ἄλλοις
1252 5063 1666 5136 ὑπεμνὴσαμεν,
1704 5070 1733 5123 ὁ

160 5142 230 5245 μη
254 5146 442 5245 κοινὰς
473 5144 612 5245 εἶναι
638 5150 809 5222 λέγων
837 5155 935 5220 τὰς
964 5156 1271 5229 θεωνυμξας
1297 5159 1581 5233 ἀποσχίζει
1612 5165 1739 5216 ἀσε-

158 5233 261 5345 65»;
280 5239 650 5345 τὴνένότέητα
686 5245 786 5345 τῆς
827 5248 1205 5319 προσκυνητῆς
1236 5249 1483 5320 Τριάδος.
1524 5253 1743 5324 Ῥητέον.

159 5333 245 5382 οὑν
264 5333 341 5398 ὠς
363 5335 428 5388 τὸ
453 5335 512 5388 ὲν
530 5336 883 5406 Εὐαγγελίοις
898 5340 1121 5409 ἀγαθὸς
1138 5343 1231 5395 ἐπὶ
1261 5341 1368 5394 τῶν
1383 5342 1550 5413 τριῶν
1578 5343 1739 5416 θεαρ-

164 5423 319 5492 (ικῶν
364 5427 751 5483 Ὑποστάσεων
783 5430 1099 5503 ἐκληπτέον,
1141 5434 1369 5506 καὶγὰρ
1412 5435 1504 5488 καὶ
1526 5436 1555 5486 ὁ
1603 5436 1738 5504 ἀγαο

160 5513 353 5589 θοφυὴς
384 5520 558 5590 Λόγος
580 5520 746 5591 λέγει’
784 5527 851 5578 Εἰ
872 5524 983 5579 οὗν
1005 5529 1037 5579 ό
1066 5526 1372 5596 ὀφθαλμός
1397 5545 1511 5581 σου
1550 5541 1734 5598 πονη-

233 5687 267 5707 ¹¹¹
296 5677 470 5735 Marc.
507 5696 564 5744 Χ,
604 5680 691 5736 18.

1854 2940 2135 3007 stentiam,
2165 2938 2248 2995 vel
2296 2936 2479 3008 potius
2519 2934 2741 3005 proprie
2776 2947 2883 2988 non
2933 2926 3307 2989 existenliam,
3340 2924 3437 2979 sed

1854 3029 2391 3102 superexistentiam,
2424 3028 2519 3083 sed
2549 3025 2813 3097 quoniam
2837 3021 3014 3077 omnis
3049 3016 3338 3075 existentia
3366 3030 3432 3070 ex

1854 3130 1969 3197 ipsa
1998 3136 2114 3195 est,
2143 3139 2211 3180 ex
2243 3122 2450 3181 eﬁ‘ectis
2474 3122 2745 3179 creaturis
2778 3116 3069 3174 existentia
3098 3112 3430 3170 nominatur.

1854 3220 2005 3276 Hanc
2028 3220 2211 3288 itaque
2240 3215 2479 3272 divinam
2509 3222 2676 3270 totam
2703 3210 3076 3275 existentiam,
3107 3206 3162 3262 id
3192 3214 3277 3261 est
3308 3203 3435 3257 uni-

1851 3327 1973 3368 cam
1999 3320 2055 3368 et
2083 3309 2253 3366 solam
2286 3308 2550 3363 Deitatem
2583 3306 2687 3379 (sic
2716 3305 2859 3360 enim
2885 3299 3159 3373 appellare
3202 3311 3433 3357 consue-

1856 3403 1931 3458 vit
1980 3409 2184 3459 sanctaa
2236 3408 2401 3469 atque
2454 3398 2626 3455 solum
2680 3394 2969 3451 adoranda:
3030 3388 3317 3445 Trinitatis
3374 3385 3432 3439 in

1853 3496 2024 3552 tribus
2049 3492 2308 3550 Personis
2332 3492 2573 3563 agnitam
2606 3487 2892 3557 Deitatem)
2914 3501 2930 3551 ;
2956 3485 3095 3540 hanc
3118 3523 3135 3551 ,
3177 3482 3396 3551 inquam
3413 3519 3433 3548 ,

1850 3591 2024 3661 ipsam
2051 3601 2148 3659 per
2182 3600 2244 3642 se
2275 3585 2574 3641 bonitatem
2627 3594 2773 3647 esse,
2821 3579 2876 3633 in
2921 3573 3230 3647 Evangeliis
3277 3570 3433 3627 nobis

1849 3682 2154 3738 declarasse
2193 3678 2458 3733 Dominus
2506 3674 2855 3745 praedicatur,
2889 3671 2942 3726 id
2991 3678 3077 3724 est
3125 3682 3250 3722 cum
3283 3664 3432 3719 omni

1849 3774 2114 3844 religione
2163 3785 2228 3827 ac
2280 3769 2568 3825 divinitate
2616 3764 2967 3837 agnoscitur;
3025 3775 3153 3814 nam
3205 3759 3434 3828 ipsemet

1848 3867 1993 3922 Deus
2010 3865 2269 3921 Dominus
2291 3860 2615 3931 explicando
2637 3857 2777 3913 dixit
2792 3855 3008 3911 cuidam
3033 3849 3391 3919 interroganti
3413 3866 3429 3902 :

1850 3956 1994 4024 Quid
2016 3972 2097 4011 me
2117 3954 2249 4009 dicit
2272 3957 2462 4007 bonum
2478 3954 2503 4005 ζ’
2519 3966 2667 4005 nemo
2688 3949 2878 4013 bonus,
2904 3946 3006 4001 nisi
3029 3942 3172 3998 solus
3200 3942 3341 3996 Deus
3364 3951 3428 3993 ω.

1855 4050 2050 4105 Verum
2101 4049 2208 4103 hoc
2255 4045 2381 4101 aliis
2424 4044 2590 4099 etiam
2637 4041 2771 4096 locis
2818 4054 2850 4093 a
2902 4036 3060 4092 nobis
3092 4034 3431 4106 expositum,

1852 4140 2154 4197 istiusmodi
2193 4139 2411 4195 nomina
2461 4151 2567 4191 non
2601 4131 2912 4205 partialiter
2944 4129 3011 4185 de
3051 4144 3160 4183 una
3190 4143 3258 4184 ex
3296 4125 3432 4181 Per-

1848 4234 1995 4290 sonis
2020 4231 2218 4286 divinis
2245 4229 2374 4295 dici,
2396 4228 2490 4285 sed
2519 4227 2587 4282 de
2616 4235 2726 4281 tota
2754 4224 3027 4296 plenaque
3053 4222 3305 4285 Deitate;
3333 4234 3436 4273 nec

1848 4340 1957 4380 non
2004 4322 2186 4379 omnia
2238 4322 2354 4378 haec
2410 4322 2630 4378 nomina
2689 4318 3004 4376 communia
3048 4315 3153 4385 ipsi
3207 4313 3434 4369 attribui

1849 4418 2279 4490 imparticipate,
2332 4416 2384 4471 id
2445 4424 2530 4471 est
2588 4430 2695 4468 non
2749 4411 3079 4482 participata
3130 4405 3430 4466 secundum

1846 4510 2275 4575 attributionem,
2291 4509 2432 4563 sicut
2454 4521 2559 4561 una
2583 4504 2842 4571 Persona,
2860 4504 2953 4559 sed
2977 4501 3045 4556 ad
3070 4512 3429 4568 unamquam-

1844 4619 1951 4675 que
1992 4614 2051 4659 et
2094 4603 2161 4658 ad
2188 4612 2296 4658 tres
2346 4603 2399 4657 in
2446 4600 2744 4664 communi,
2777 4596 3042 4661 absolute,
3075 4595 3130 4649 id
3177 4602 3263 4648 est
3306 4591 3427 4645 sine

1844 4698 1952 4753 ulla
1983 4695 2328 4751 restrictione
2357 4695 2425 4750 ad
2466 4708 2632 4748 unam
2685 4691 3007 4753 Personam,
3040 4685 3122 4741 vel
3169 4686 3287 4740 sine
3321 4684 3426 4737 hac

1845 4794 1912 4847 ad
1940 4790 2128 4855 aliam,
2152 4787 2247 4844 sed
2279 4787 2398 4843 sine
2426 4782 2819 4849 reservatione,
2853 4780 2930 4834 uti
2964 4781 3032 4833 ad
3065 4791 3425 4845 unamquam-

1842 4897 1969 4952 que,
1998 4881 2079 4938 sic
2107 4881 2274 4937 etiam
2304 4878 2373 4933 ad
2407 4885 2518 4931 tres
2551 4875 2606 4929 in
2642 4871 2962 4938 communi;
2993 4878 3049 4925 et
3095 4868 3420 4933 universim,

1846 4983 1955 5029 tam
1982 4973 2050 5029 ad
2082 4983 2542 5043 unamquamque,
2580 4980 2745 5038 quam
2786 4964 3044 5018 universe
3093 4960 3161 5014 ad
3201 4973 3421 5015 onmem

1843 5066 2257 5122 universitatem
2287 5061 2588 5119 divinitatis
2612 5056 2828 5113 referri.
2855 5052 3158 5124 Siquidem,
3186 5060 3245 5105 ut
3288 5050 3419 5105 alibi

1842 5157 2209 5223 meminimus,
2230 5154 2323 5225 qui
2346 5155 2461 5209 hate
2481 5151 2668 5206 divina
2692 5147 2913 5204 nomina
2936 5155 3099 5217 negat
3120 5159 3242 5201 esse
3269 5158 3419 5198 com-

1842 5251 2047 5318 munia,
2080 5249 2334 5304 distrahit
2363 5246 2588 5302 omnino
2618 5242 2785 5313 impie
2820 5241 3084 5294 unitatem
3124 5236 3418 5291 adoranda

1842 5342 2143 5399 Trinitatis.
2191 5341 2488 5398 Dicendum
2537 5338 2740 5406 itaque,
2771 5334 2825 5388 in
2876 5329 3187 5401 Evangeliis
3224 5342 3414 5383 vocem

1840 5437 2006 5509 329
2036 5437 2180 5493 illam
2213 5437 2375 5492 bonus
2413 5435 2480 5490 de
2519 5431 2693 5488 tribus
2731 5426 2935 5484 divinis
2976 5424 3238 5481 Personis
3269 5423 3417 5478 acci-

1846 5532 2099 5601 piendam
2133 5544 2281 5598 esse;
2312 5544 2433 5585 nam
2466 5529 2669 5585 bonum
2706 5522 2945 5581 Verbum
2974 5521 3091 5576 ait:
3124 5521 3203 5576 An
3228 5516 3412 5574 oculus

246 5837 356 5905 l53)
387 5834 520 5897 Vide
553 5836 773 5899 Scholia
799 5840 854 5899 S.
885 5840 1134 5909 ψύαι,
1170 5848 1301 5899 tom.
1330 5840 1392 5909 ll,
1430 5857 1547 5914 cap.
1578 5842 1613 5898 2
1671 5843 1745 5903 De
1781 5844 1975 5902 divinis
2002 5845 2257 5900 nominib.
