3752 6292
179 369 280 426 661

760 363 849 419 DE
881 359 1143 419 DlVlNlS
1190 354 1595 421 NOMINIBUS,
1632 354 1787 413 CAP.
1821 356 1888 412 Il.
1928 385 1998 398 -—
2029 354 2373 412 PARAPHR.
2411 352 2882 412 PACHYMEIUE.

3332 352 3454 435 ‘669.

183 485 343 559 ἡμεῖς
386 481 517 536 οὐδὲ
565 478 1018 549 ὑπολαμϐάνομεν
1060 474 1223 530 αὐτὸν
1275 468 1415 527 εἶναι
1467 474 1648 525 ἰκανὸν
1695 472 1775 535 είς

1956 485 2004 526 ιε
2034 470 2209 542 ipsum
2241 485 2347 524 non
2394 470 2532 524 satis
2577 469 2809 538 probare
2837 480 3021 538 posse,
3064 481 3124 523 se
3151 467 3308 523 nobis
3339 469 3453 524 haec

182 579 244 633 rb
295 575 547 640 πείθειν,
599 574 681 626 ὅτι
729 569 901 642 ἀληθῆ
947 569 1094 639 λέγει
1138 567 1174 622 ἃ
1221 566 1369 635 λέγει
1429 564 1551 617 καθ’
1591 562 1766 634 ἡμῶν.

186 669 248 723 Ei
278 667 375 739 μὲν
415 663 529 735 γὰρ
567 666 634 735 τῇ
675 663 795 733 θεία
835 661 1022 733 Γραφῇ
1065 659 1413 722 ἀνθίσταται,
1454 657 1642 729 πόρρω
1678 658 1773 711 καὶ

188 761 286 831 τῆς
325 758 609 831 ἡμετέρας
660 755 979 826 φιλοσοφίας
1029 753 1218 806 ἔσται’
1263 753 1357 805 καὶ
1397 753 1446 804 εί
1489 750 1563 823 μὴ
1620 750 1771 821 μέλει

189 854 360 924 τούτῳ
388 852 500 905 τῶν
526 852 687 905 θείων
706 851 933 922 Λογίων,
959 847 1076 912 πῶς
1120 846 1187 901 ἂν
1238 846 1458 919 μελήσοι
1498 848 1630 918 ἡμῖν
1673 847 1773 918 τῆς

190 945 398 997 ἐκείνου
427 943 796 1015 χειραγωγίας
833 943 929 996 καὶ
968 938 1346 1004 διδασκαλίας;
1390 940 1452 992 Et
1479 939 1535 992 δὲ
1560 939 1773 1010 δέχεται

186 1036 284 1107 τὴν
309 1035 419 1089 τῶν
445 1036 643 1105 λογίων
670 1034 924 1107 ἀλήθειαν
944 1073 959 1097 ,
986 1035 1148 1104 ἡμεῖς
1189 1032 1370 1096 αὐτοῖς
1396 1035 1507 1096 τοῖς
1549 1032 1769 1101 λογίοις,

186 1130 262 1193 ὡς
288 1131 476 1184 κανόνι
512 1131 606 1183 καὶ
631 1130 769 1199 φωτὶ
794 1127 1064 1200 χρώμενοι
1085 1167 1098 1190 ,
1129 1125 1576 1197 ἀπολογησόμεθα
1602 1123 1770 1195 αὐτῷ,

187 1222 263 1285 ὡς
291 1224 323 1293 ὴ
352 1220 602 1289 θεολογία
625 1218 693 1273 τὰ
723 1220 819 1290 μὲν
845 1218 952 1271 τῶν
975 1217 1253 1288 ὀνομάτων
1274 1216 1567 1288 ἡνωμένως
1597 1234 1774 1288 παραι-

185 1314 421 1375 δίδωσιν,
449 1312 524 1375 ὡς
563 1313 625 1365 τὸ
660 1314 821 1377 Θεὸς,
852 1311 913 1363 τὸ
939 1309 1177 1380 ἀγαθὸς,
1217 1310 1309 1362 καὶ
1353 1308 1422 1361 τὰ
1464 1309 1673 1379 ὅμοιαδη
1704 1308 1774 1363 τὰ

182 1405 242 1457 δὲ
267 1404 699 1475 διακεκριμένως
723 1444 737 1467 ,
777 1404 852 1466 ὠς
877 1403 936 1455 τὸ
960 1400 1163 1469 Πατὴρ
1180 1440 1195 1464 ,
1222 1400 1282 1453 τὸ
1314 1401 1446 1466 Υἱὸς
1462 1440 1478 1464 ,
1503 1400 1564 1453 τὸ
1587 1400 1774 1454 Πνεῦ-

182 1515 267 1566 μα
286 1536 300 1560 ,
337 1496 400 1549 τὸ
433 1496 756 1566 γεννητὸν,
791 1495 852 1548 τὸ
884 1493 1244 1564 ἀγέννητονῖ,
1275 1492 1336 1545 τὸ
1370 1493 1734 1562 ἐκπορευτόν
1753 1508 1767 1522 ο

187 1591 282 1642 καὶ
307 1590 408 1660 οὐχ
438 1584 549 1643 οἶόν
592 1606 654 1642 τε
696 1587 819 1641 οὔτε
842 1588 910 1641 τὰ
947 1588 1201 1659 ἡνωμένα
1242 1587 1490 1658 διαιρεῖν,
1536 1585 1660 1639 οὔτε
1703 1585 1772 1639 τὰ

178 1682 582 1755 διακεκριμένα
613 1687 848 1754 συγχεῖν,
882 1682 1016 1737 ἀλλὰ
1058 1683 1163 1755 χρὴ
1209 1683 1506 1753 ἑπομένους
1542 1686 1608 1755 τῇ
1657 1682 1773 1736 θεο-

185 1774 368 1845 λογία,
426 1776 710 1831 ἀνανεύειν
756 1778 850 1829 ἐπὶ
892 1776 992 1840 τὰς
1030 1776 1180 1840 θείας
1222 1776 1584 1846 φωταγωγίας
1611 1794 1624 1809 ο
1678 1772 1772 1830 καὶ

1875 562 2180 618 secundum
2208 563 2494 617 veritatem
2524 561 2784 631 obiicere.
2829 558 2964 614 Nam
2997 558 3041 616 si
3072 559 3197 614 talis
3240 560 3312 617 sit
3358 562 3454 630 qui

1874 652 2096 708 omnino
2118 654 2291 708 sacris
2315 652 2537 708 Litteris
2582 653 2825 717 resistat,
2866 668 2895 706 a
2940 652 3285 723 philosophia
3313 667 3452 722 quo-

1875 759 1981 815 que
2033 755 2220 800 nostra
2270 744 2462 815 procul
2510 746 2801 799 admodum
2839 743 3017 800 aberit
3049 761 3063 798 :
3093 754 3150 800 et
3196 746 3301 801 nisi
3345 746 3450 815 ipsi

1874 854 2022 896 cura:
2065 840 2178 894 sint
2226 839 2527 911 Scriptura:
2559 855 2755 907 sacrm,
2784 839 3058 910 quomodo
3111 840 3266 895 nobis
3309 855 3456 894 cura:

1875 933 1983 986 erit
2033 941 2094 985 ut
2150 932 2329 1002 ipsum
2391 932 2459 987 ad
2515 933 2802 988 scientiam
2851 931 3327 987 manuducamus?
3358 932 3455 986 Sin

1875 1022 2227 1092 Eloquiorum
2288 1022 2573 1078 veritatem
2631 1022 2925 1088 admittat,
2985 1037 3087 1078 nos
3142 1021 3455 1093 Scripturas

1877 1123 2133 1185 tanquam
2164 1115 2404 1186 regulam
2445 1115 2733 1185 lucemque
2763 1115 3085 1171 adhibentes
3108 1156 3123 1181 ,
3158 1115 3455 1186 responde-

1876 1209 2054 1265 bimus
2091 1210 2213 1279 ipsi,
2240 1211 2385 1281 quod
2414 1210 2685 1280 theologia
2708 1210 2963 1265 nonnulla
2988 1211 3206 1281 quidem
3234 1211 3455 1265 nomina

1875 1302 2027 1357 unite
2042 1303 2242 1368 tradat,
2264 1310 2322 1356 ut
2341 1301 2504 1367 Deus,
2525 1303 2714 1367 bonus,
2730 1302 2990 1357 etsimilia
3009 1321 3024 1371 ;
3042 1302 3300 1358 nonnulla
3318 1317 3453 1356 vero

1876 1392 2132 1448 diStincte
2150 1408 2245 1448 seu
2271 1393 2510 1459 divisim,
2527 1405 2586 1447 ut
2602 1392 2788 1459 Pater,
2811 1392 3008 1460 Filius,
3029 1392 3282 1463 Spiritus,
3305 1380 3454 1463 geni-

1877 1497 1988 1542 tum
2006 1528 2023 1555 ,
2066 1489 2382 1559 ingenitum,
2407 1486 2694 1555 procedens
2718 1503 2735 1552 ;
2757 1493 2811 1539 et
2824 1484 2977 1540 nefas
2991 1485 3061 1541 sit
3082 1482 3169 1540 vel
3183 1482 3333 1538 unita
3345 1481 3456 1540 dis-

1877 1580 2125 1653 tinguere
2189 1580 2274 1637 vel
2314 1580 2572 1637 distincta
2603 1578 2975 1641 confundere,
3023 1578 3116 1634 sed
3160 1576 3460 1647 Scripturis

1877 1673 2197 1738 insistendo,
2233 1674 2301 1729 ad
2342 1673 2558 1729 divinas
2578 1672 3118 1729 esse-illustrationes
3158 1673 3458 1743 suspicien-

1875 1766 2029 1831 dum,
2054 1765 2313 1835 quoniam
2346 1765 2473 1821 inde
2494 1765 2711 1821 divinas
2732 1764 3146 1835 explanationes
3184 1766 3462 1835 accipien-

184 1869 296 1940 γὰρ
323 1867 536 1920 ἐκεῖθεν
564 1867 664 1931 τάς
691 1866 1039 1931 διδασκαλίας
1068 1866 1471 1938 παραλαϐόντες
1496 1908 1511 1932 ,
1539 1868 1770 1922 σπεύσο-

1961 1894 1977 1922 ,
2004 1870 2269 1911 conamur
2286 1856 2506 1911 easdem
2532 1862 2797 1926 tanquam
2817 1870 3083 1910 canonem
3103 1871 3199 1910 seu
3221 1854 3461 1924 regulam

184 1976 291 2029 μεν
318 1958 511 2031 ὥσπερ
534 1958 658 2012 τινὰ
687 1959 883 2013 κανόνα
908 1958 1111 2022 ταύτας
1137 1957 1423 2028 φυλάττειν
1463 1960 1557 2013 καὶ
1599 1960 1772 2033 ἀπλη-

185 2051 413 2116 θύντους
432 2093 446 2116 ,
474 2054 570 2105 καὶ
596 2051 919 2123 ἀμειώτους,
946 2051 1104 2105 τοῦτο
1128 2050 1236 2121 γάρ
1263 2053 1380 2103 ἐστι
1416 2050 1510 2104 τοῦ
1549 2053 1772 2119 κανόνος

182 2146 247 2199 τὸ
285 2145 439 2209 ἴδιον,
484 2144 548 2198 τὸ
594 2144 754 2198 πλέον
778 2145 834 2198 δὲ
862 2145 1329 2216 ἀπεριτρέπτους,
1381 2145 1773 2218 φρουρούμενοι

182 2239 291 2309 μὲν
334 2241 395 2292 ὲν
439 2241 507 2309 τῇ
538 2240 753 2311 φρουρᾷ
777 2239 886 2293 τῶν
913 2240 1108 2308 λογίων
1128 2278 1142 2302 ,
1172 2238 1566 2310 δυναμούμενοι
1589 2240 1666 2305 δὲ,
1695 2242 1774 2305 είς

181 2330 347 2384 τοῦτο
373 2331 440 2403 δὴ
465 2333 526 2385 τὸ
554 2331 907 2404 φρουρεῖσθαι
932 2334 990 2384 ἑν
1015 2331 1094 2402 τῷ
1121 2336 1376 2405 φρουρεῖν
1402 2334 1559 2387 αὐτά.

262 2423 291 2495 §
347 2425 438 2477 IlI.
500 2424 583 2477 Τὰ
633 2426 731 2494 μὲν
776 2420 868 2477 οὖν
915 2425 1210 2495 ἡνωμένα,
1254 2426 1455 2497 δηλαδὴ
1502 2427 1602 2496 τῆς
1647 2426 1774 2498 ὅλης

177 2517 458 2588 θεότητος
481 2557 497 2580 ,
528 2517 631 2589 τῆς
677 2518 973 2590 Τριαδικῆς
1001 2520 1229 2591 μονάδος
1254 2561 1268 2585 ,
1294 2520 1370 2583 ὡς
1403 2522 1460 2573 ὲν
1484 2519 1662 2583 ἀλλοις
1695 2518 1773 2571 εῖ-

187 2627 386 2680 πομεν,
442 2612 562 2663 ἐστὶ
604 2610 663 2664 τὸ
689 2610 1082 2682 ὑπεράγαθον,
1128 2614 1223 2667 καὶ
1256 2612 1456 2676 τᾶλλα,
1491 2613 1772 2685 προσλαμ-

187 2702 498 2774 ϐανομένης
561 2702 665 2773 τῆς
720 2702 873 2771 ὑπὲρ
923 2703 1263 2775 προθέσεως,
1315 2703 1351 2757 ἃ
1404 2703 1468 2773 δὴ
1516 2704 1610 2757 καὶ
1674 2705 1773 2774 τῆς

186 2793 528 2865 ὑπεροχικῆς
573 2795 917 2866 ἀφαιρέσεως
957 2792 1145 2863 λέγει·
1191 2796 1621 2867 ἀφαιρεματικὸν
1666 2797 1773 2869 γὰρ

185 2882 370 2937 καὶτὸ
396 2883 721 2950 ἀθάνατον,
758 2887 851 2938 καὶ
876 2887 936 2939 τὸ
972 2886 1276 2947 ἄκτιστον,
1307 2886 1441 2939 ἀλλά
1471 2887 1612 2941 κατά
1641 2888 1774 2941 ἀπό-

186 2994 376 3046 φασιν.
447 2976 909 3049 Ἀφαιρεματικὸν
952 2979 1045 3032 καὶ
1089 2978 1150 3031 τὸ
1201 2978 1603 3049 ὑπεράγαθονσ
1655 2979 1773 3034 οὐδὲ

187 3069 298 3141 γὰρ
332 3069 522 3133 ἁπλῶς
553 3070 758 3139 ἀγαθὸν
788 3073 880 3124 καὶ
916 3071 1097 3140 σοφὸν,
1125 3071 1240 3123 ἀλλ’
1280 3072 1424 3143 ὑπὲρ
1462 3072 1632 3126 ταῦτα
1680 3076 1775 3129 καὶ

176 3163 578 3233 ἀσυγκρίτως,
634 3166 724 3217 καὶ
745 3165 833 3262 διά
865 3162 1024 3218 τοῦτο
1072 3166 1417 3238 ὑπεροχικῶς
1466 3167 1563 3238 τὴν
1615 3168 1775 3238 ἀφαί-
1801 3202 1846 3262 C

189 3273 342 3326 ρεσιν
387 3255 571 3327 ἔχουσι
596 3274 609 3287 ο
642 3256 762 3329 μεθ’
786 3250 861 3311 ὧν
904 3260 1010 3311 είσι
1055 3259 1149 3312 καὶ
1184 3259 1253 3313 τὰ
1302 3260 1666 3329 αίτιολογικά·
1711 3261 1772 3315 τὸ

184 3346 297 3418 γὰρ
320 3343 571 3415 ἀγαθὸν,
601 3348 695 3401 καὶ
719 3348 779 3400 τὸ
809 3348 1020 3413 καλὸν,
1050 3351 1143 3403 κα)⁹
1182 3350 1243 3403 τὸ
1275 3350 1363 3413 ὃν,
1388 3352 1470 3404 ὅτι
1510 3352 1572 3404 τὸ
1612 3352 1767 3405 Θεῖον

185 3438 467 3508 ὑπέστησε
520 3436 693 3501 καλὰ,
732 3440 824 3491 καὶ
868 3439 1017 3503 ὄντα,
1066 3443 1160 3494 καὶ
1209 3441 1422 3510 ἀγαθὰ,
1451 3444 1515 3495 ὲκ
1554 3443 1662 3496 τῶν
1693 3444 1774 3505 σλ-

184 3528 389 3583 τιατῶν
437 3529 580 3583 αὐτὰ
628 3531 985 3602 ὀνομάζεται·
1036 3532 1209 3586 ταῦτα
1254 3533 1322 3587 τά
1368 3536 1639 3606 ἡνωμένα.
1689 3537 1775 3591 Τά

184 3622 242 3675 δὲ
286 3623 685 3694 διακεκριμένα
705 3665 720 3688 ,
763 3624 823 3678 τὸ
869 3625 1191 3697 ὑπερούσιον
1217 3626 1386 3699 ὄνομα
1414 3629 1508 3681 τοῦ
1540 3630 1772 3701 Πατρὸς,

184 3716 248 3764 τὸ
277 3712 605 3783 ύπερούσιον
631 3713 800 3784 ὄνομα
825 3714 917 3768 τοῦ
945 3714 1075 3768 Υἱοῦ
1096 3755 1112 3780 ,
1139 3717 1201 3769 τὸ
1244 3718 1566 3790 ὑπερούσιον
1606 3719 1776 3790 ὄνομα

185 3802 283 3855 τοῦ
309 3803 469 3872 ἁγίου
496 3804 815 3875 Πνεύματος
834 3822 849 3834 ⁸
880 3805 1005 3859 οὔτε
1042 3806 1153 3878 γὰρ
1179 3808 1511 3880 ἀντιστροφὴ
1553 3811 1617 3862 ἐκ
1647 3808 1775 3862 τού-

187 3912 298 3949 των
335 3896 585 3965 γίνεται,
632 3897 755 3951 οὔτε
778 3900 1040 3971 κοινότης.
1083 3900 1140 3953 ’0
1175 3900 1284 3972 γὰρ
1312 3901 1500 3973 Πατὴρ
1527 3902 1689 3967 Θεὸς,
1714 3903 1775 3955 ού

192 3989 301 4060 μὴν
329 3991 359 4041 6
384 3989 521 4054 Θεὸς
546 3991 737 4062 Πατὴρ
783 3992 959 4063 μόνως
980 4010 991 4022 ·
1022 3993 1115 4046 καὶ
1156 3992 1185 4044 6
1231 3993 1358 4057 Υἱὸς
1385 3993 1516 4057 Θεὸς
1540 4033 1554 4057 ,
1583 3994 1641 4046 οὐ
1673 3992 1778 4065 μὴν

186 4081 244 4136 δὲ
280 4084 377 4137 καὶ
403 4086 433 4137 6
460 4084 597 4148 Θεὸς
624 4084 758 4149 Υἱὸς
787 4087 963 4156 μόνως
984 4104 999 4118 ·
1041 4087 1242 4157 ὁμοίως
1264 4088 1358 4140 καὶ
1380 4088 1473 4140 ἐπὶ
1506 4087 1598 4140 τοῦ
1624 4088 1776 4156 ἁγίου

189 4174 285 4226 καὶ
329 4174 604 4238 ζωοποιοῦ
634 4176 966 4247 Πνεύματος.
1020 4176 1263 4248 Εὕρηται
1294 4178 1388 4230 καὶ
1424 4177 1556 4247 ἄλλη
1601 4178 1781 4230 διακε-

186 4266 431 4338 κριμένη
459 4266 709 4334 θεολογία
756 4268 901 4333 ἰδίως
927 4268 1019 4321 ἐπὶ
1042 4268 1137 4321 τοῦ
1177 4268 1382 4339 Κυρίου
1411 4266 1565 4338 ἡμῶν
1605 4268 1778 4339 Ἰησοῦ

187 4357 435 4430 Χριστοῦ
482 4361 578 4412 καὶ
620 4360 778 4423 Θεοῦ,
821 4363 855 4431 ἡ
907 4362 1092 4415 τούτου
1126 4362 1248 4415 καθ’
1276 4343 1699 4432 ἡμᾶς’ὓπαρξις
1744 4364 1777 4433 ἡ

185 4452 471 4522 παντελής
492 4469 504 4481 ·
539 4452 719 4523 σάρκα
746 4453 854 4524 γὰρ
882 4455 1242 4527 ἐψυχωμένην
1267 4453 1360 4505 καὶ
1390 4456 1582 4528 νοεράν
1614 4470 1782 4526 προσ-

1873 1948 2189 2015 observare,
2220 1948 2359 2003 nihil
2389 1948 2664 2013 addendo,
2697 1946 2835 2002 nihil
2859 1947 3151 2011 demendo,
3186 1948 3291 2000 hoc
3314 1945 3462 2000 enim

1874 2039 2156 2110 proprium
2183 2047 2268 2093 est
2301 2038 2532 2109 regulae;
2561 2047 2615 2092 et
2642 2037 2789 2108 quod
2820 2037 2994 2106 magis
3034 2044 3139 2099 est,
3176 2036 3306 2088 dum
3336 2034 3459 2102 qui-

1874 2131 1995 2185 dem
2034 2130 2153 2186 illas
2182 2130 2471 2185 inviolatas
2498 2130 2854 2195 custodimus,
2889 2126 3299 2197 Scripturarum
3350 2124 3455 2194 ipsi

1876 2221 2121 2277 custodia
2151 2236 2469 2289 servamur;
2502 2220 2629 2275 dum
2657 2234 2786 2275 vero
2818 2219 2892 2273 ita
2926 2232 3232 2282 servamur,
3264 2224 3456 2286 poten-

1878 2314 2046 2369 tiores
2073 2313 2357 2368 evadimus
2387 2314 2452 2367 ad
2483 2314 2698 2368 easdem
2729 2308 3140 2368 custodiendas.

1951 2406 1978 2477 §
2020 2404 2108 2462 lll.
2146 2406 2376 2463 Nomina
2413 2407 2578 2477 igitur
2612 2406 2783 2471 unita,
2813 2405 3022 2461 scilicet
3073 2405 3241 2461 totius
3267 2406 3454 2460 Deita-

1880 2497 2163 2566 tis,Trinae
2194 2499 2449 2565 unitatis,
2477 2500 2620 2554 sicut
2653 2499 2781 2553 alibi
2814 2498 3073 2566 diximus,
3100 2506 3230 2553 sunt
3261 2515 3451 2569 supra-

1876 2609 2034 2662 quam
2066 2591 2283 2656 bonum,
2329 2599 2384 2645 et
2410 2601 2612 2646 cetera
2636 2631 2652 2655 ,
2682 2592 2884 2660 quibus
2930 2590 3242 2660 praepositio
3294 2606 3457 2652 supra

1876 2686 2230 2755 przeponitur,
2263 2697 2386 2753 qua
2425 2691 2585 2737 vocat
2624 2682 2921 2737 ablationis
2951 2683 3247 2738 secundum
3290 2697 3454 2736 exsu-

1878 2775 2210 2844 perantiam;
2254 2773 2522 2843 siquidem
2555 2773 2721 2828 etiam
2773 2772 3070 2826 ablativum
3116 2782 3201 2827 est
3254 2785 3451 2826 nomen

1877 2866 2171 2921 immortale
2211 2874 2267 2919 et
2304 2866 2591 2918 increatum
2614 2905 2629 2931 ,
2657 2863 2750 2918 sed
2782 2863 3079 2918 secundum
3128 2862 3453 2917 alIirmatio-

1878 2975 2019 3014 nem.
2092 2957 2401 3012 Ablativnm
2462 2957 2631 3012 etiam
2694 2964 2781 3010 est
2850 2970 3170 3023 supraquam
3224 2955 3455 3020 bonum;

1877 3068 1981 3107 non
2011 3052 2156 3107 enim
2195 3050 2519 3121 simpliciter
2548 3051 2746 3103 bonum
2776 3058 2831 3104 et
2862 3047 3102 3117 sapiens,
3142 3047 3237 3101 sed
3284 3061 3452 3115 supra

1879 3146 1995 3200 haec
2017 3186 2032 3210 ,
2057 3153 2113 3197 et
2142 3147 2262 3199 sine
2309 3143 2745 3212 comparatione,
2778 3149 2829 3196 et
2873 3139 3079 3194 idcirco
3126 3139 3454 3217 superlative

1877 3237 2202 3291 ablationetn
2248 3234 2553 3299 continent,
2589 3234 2785 3302 quibus
2817 3233 3243 3289 adnumerantur
3271 3231 3453 3285 omnia

1875 3346 1995 3397 qtiae
2038 3328 2105 3381 ad
2162 3328 2428 3382 rationem
2481 3341 2662 3381 causa:
2710 3325 3034 3395 pertinent;
3078 3338 3199 3376 nam
3240 3323 3452 3386 bonum,

1875 3431 1929 3477 et
1964 3421 2274 3490 pulchrum,
2311 3429 2364 3475 et
2394 3435 2517 3486 ens,
2560 3418 2817 3487 quoniam
2852 3415 2993 3471 Deus
3044 3431 3107 3471 ea
3155 3430 3275 3485 qua:
3322 3424 3453 3469 sunt

1877 3514 2125 3585 pulchra,
2159 3521 2215 3568 et
2240 3512 2535 3576 exsistunt,
2570 3518 2624 3565 et
2643 3509 2785 3566 bona
2809 3515 2955 3571 sunt,
2975 3507 3357 3577 suppeditavit,
3385 3520 3455 3560 ex

1878 3603 2085 3660 effectis
2116 3606 2232 3659 hac
2262 3603 2482 3657 nomina
2524 3600 2788 3666 sortitur;
2830 3612 2950 3669 qua:
2974 3606 3103 3653 sunt
3129 3598 3304 3651 unita.
3337 3594 3453 3652 Dis-

1878 3705 2030 3752 creta
2088 3710 2220 3751 vero
2279 3701 2407 3750 sunt
2458 3707 2657 3749 nomen
2724 3688 3175 3761 superessentiale
3234 3687 3452 3749 Patris,

1877 3788 2037 3859 331
2074 3803 2272 3843 nomen
2305 3784 2766 3855 supercssentiale
2808 3783 2952 3849 Filii,
2984 3797 3181 3838 nomen
3205 3794 3455 3849 superes-

1879 3879 2113 3934 sentiale
2143 3876 2385 3947 Spiritus
2411 3876 2621 3940 sancti;
2651 3890 2718 3929 ex
2746 3874 2830 3928 his
2858 3873 3003 3928 enim
3032 3872 3175 3926 nulla
3208 3870 3268 3925 lit
3316 3871 3455 3925 reci-

1879 3971 2147 4041 procatio,
2185 3969 2269 4023 vel
2299 3966 2751 4023 communicatio.
2776 3965 2938 4020 Pater
2970 3965 3117 4021 enim
3148 3964 3312 4032 Deus,
3342 3979 3453 4019 non

1883 4075 2061 4119 tamen
2114 4064 2258 4118 Dens
2302 4061 2477 4118 solum
2531 4060 2732 4126 Pater;
2782 4069 2838 4113 et
2874 4045 3060 4113 Filius
3110 4056 3285 4120 Deus,
3346 4072 3454 4111 non

1884 4170 2065 4215 tamen
2096 4156 2239 4211 Deus
2268 4156 2419 4212 solus
2454 4154 2659 4220 Filius;
2692 4137 2950 4208 similiter
2974 4154 3139 4208 etiam
3164 4152 3229 4206 de
3264 4159 3457 4205 sancto

1883 4260 1936 4305 et
1981 4248 2197 4303 vivitieo
2244 4248 2473 4319 Spiritu.
2520 4246 2802 4301 Invenitur
2843 4232 3008 4300 etiam
3053 4244 3160 4299 alia
3206 4243 3457 4313 quietiam

1882 4343 2142 4398 distincta
2174 4343 2471 4413 theologia,
2511 4356 2630 4411 qua:
2659 4340 2876 4409 propria
2903 4350 2985 4395 est
3017 4337 3243 4393 Domino
3272 4345 3461 4391 nostro

1884 4436 2011 4491 .lesu
2055 4435 2278 4490 Christo
2323 4450 2387 4488 ac
2435 4434 2565 4498 Deo,
2600 4434 2809 4488 scilicet
2842 4431 3085 4502 perfecta
3116 4429 3234 4499 ejus
3265 4442 3458 4483 secun-

187 4544 450 4599 ελάδετοο
490 4546 588 4597 καὶ⁴
632 4522 1019 4610 ἀναλλοίωτοςῖ
1143 4522 1253 4624 γάρ
1295 4548 1363 4623 ἦν
1394 4522 1581 4622 μείνας
1620 4522 1779 4620 ἀτρέ-

1965 4545 2015 4583 m
2067 4542 2165 4582 nos
2206 4527 2536 4592 existentia,
2565 4527 2849 4596 siquidem
2890 4522 3187 4593 assumpsit
3235 4535 3457 4576 carnem

191 4655 381 4703 πτως,
411 4637 441 4690 ὃ
467 4639 569 4691 οὐκ
615 4634 684 4709 ἦν
729 4640 1121 4711 προσελάϐετο,
1165 4643 1406 4715 δηλονότι
1436 4644 1549 4707 υἱὸς
1575 4636 1783 4712 ἀνθρώ-

188 4747 332 4795 που,
381 4730 446 4783 τὸ
493 4731 589 4784 ὑπ’
625 4731 805 4803 ἀρχὴν
846 4733 1132 4801 γενέσθαι,
1177 4737 1238 4790 τὸ
1284 4737 1389 4789 ύπὸ
1437 4736 1647 4808 χρόνον,
1686 4724 1783 4785 καὶ

184 4824 361 4878 τᾶλλα
399 4822 472 4876 τά
512 4822 829 4893 ἀνθρώπινα
851 4865 865 4888 ,
912 4826 1005 4878 καὶ
1044 4827 1143 4880 ὅσα
1185 4828 1320 4882 ἄλλα
1345 4828 1444 4898 τῆς
1474 4826 1592 4881 κατ’
1620 4825 1783 4879 αὑτὸν

188 4914 612 4987 φιλανθρωπίας
651 4916 955 4986 μυστήρια,
996 4917 1058 4969 τὸ
1102 4920 1389 4989 πεινῆσαι,
1421 4919 1481 4970 τὸ
1522 4916 1779 4988 διψῆσαι,

179 5008 248 5060 τὸ
266 5008 565 5075 κοπιάσαι,
594 5008 686 5059 καὶ
719 5008 903 5073 τᾶλλα,
934 5008 969 5062 ἃ
996 5008 1059 5081 δή
1089 5027 1253 5080 φησιν
1276 5010 1508 5079 ούσιὼδη
1528 5051 1542 5075 ,
1582 5010 1779 5065 ἐκϐάλ-

179 5099 297 5158 λων
322 5099 596 5171 τὴνκατὰ
624 5102 923 5169 φαντασίαν
952 5100 1128 5167 δόξαν.

270 5283 305 5354 §
333 5280 425 5336 IV.
470 5282 681 5352 Πρέπει
707 5283 907 5347 τοίνυν,
936 5284 1304 5351 ἀναλαϐόντας
1327 5287 1417 5341 τὸν
1440 5288 1658 5360 ὁλοτελῆ
1682 5289 1784 5361 τῆς

173 5374 341 5439 θείας
385 5372 638 5437 ἑνώσεώς
661 5391 722 5427 τε
749 5377 842 5429 καὶ
864 5376 1188 5449 διακρίσεως
1210 5377 1464 5432 ἐκθέσθαι
1492 5380 1585 5434 καὶ¹
1611 5382 1785 5433 εἰπεῖν

184 5470 417 5541 τρόπον,
447 5468 601 5530 ὅπως
627 5466 784 5536 δῆλος
818 5471 847 5522 6
879 5469 1037 5535 λόγος
1063 5471 1307 5543 γένηται,
1339 5473 1482 5527 ἅπαν
1521 5473 1619 5543 μὲν
1652 5474 1787 5529 ἀσα-

188 5564 289 5631 φὲς
329 5561 578 5631 φεύγων,
607 5558 675 5612 τὰ
702 5559 759 5613 δὲ
786 5560 926 5614 κατὰ
963 5562 1192 5634 δύναμιν
1222 5564 1408 5634 σαφῶς
1434 5566 1781 5638 περιορίζων.

188 5654 434 5711 Καλοῦσι
462 5654 597 5727 γὰρ,
637 5653 776 5726 ὅπερ
800 5656 898 5708 καὶ
923 5657 981 5711 ὲν
1000 5656 1217 5727 ἑτέροις
1240 5654 1414 5722 εἷπον,
1460 5659 1511 5711 οἱ
1553 5658 1622 5712 τὰ
1663 5657 1787 5730 ἱερὰ

189 5749 545 5822 μεμυημένοι
566 5786 581 5811 ,
611 5745 831 5811 ένώσεις
858 5748 957 5819 μὲν
989 5747 1140 5813 θείας
1171 5749 1269 5814 τάς
1297 5752 1425 5822 περὶ
1458 5752 1556 5823 τῆς
1603 5751 1787 5816 οὐσίας

184 5842 583 5914 ἁκαταλήπτου
632 5838 890 5909 γνώσεις’
922 5840 1018 5912 τὴν
1042 5840 1098 5895 δὲ
1118 5842 1303 5897 οὐσίαν
1329 5841 1496 5915 αὐτὴν
1521 5842 1619 5913 τῆς
1646 5842 1783 5897 ἀκα-

1885 4623 2181 4678 animatam
2204 4635 2269 4674 ac
2292 4620 2597 4675 intellectus
2622 4621 2971 4689 participem;
2994 4624 3048 4674 et
3070 4614 3452 4677 immutabilis;

1883 4715 2030 4785 quod
2060 4714 2205 4769 enim
2235 4723 2354 4768 erat
2378 4712 2793 4781 imtnutabiliter
2823 4726 3070 4783 manens,
3097 4710 3150 4765 id
3182 4709 3323 4780 quod
3351 4722 3457 4763 non

1884 4819 2004 4864 erat
2049 4807 2376 4877 assumpsit,
2435 4819 2628 4872 nempe
2691 4803 2835 4858 tilius
2888 4802 3160 4866 hominis,
3206 4802 3461 4871 principii

1886 4901 2257 4973 temporisque
2303 4897 2734 4967 subiectionem,
2782 4894 2994 4966 aliaque
3046 4908 3165 4963 quae
3220 4894 3459 4947 humana

1884 5004 2034 5061 sunt,
2072 5003 2382 5059 caateraque
2432 4986 2693 5058 mysteria
2735 4983 3091 5038 humanitatis
3136 4981 3289 5051 ejus,
3335 4995 3461 5035 esu-

1887 5089 2041 5151 riem,
2086 5086 2254 5151 sitim,
2312 5081 2571 5147 laborem,
2618 5090 2673 5133 et
2718 5087 2918 5149 caetera
2948 5091 3069 5144 quae
3100 5075 3234 5129 dicit
3262 5088 3457 5127 essen-

1888 5180 2060 5245 tialia,
2091 5188 2150 5232 ut
2180 5176 2436 5231 excludat
2464 5171 2841 5243 apparentiam
2870 5166 3275 5235 imaginariam.

1961 5272 1989 5344 §
2031 5271 2119 5329 IV.
2163 5268 2391 5340 Expedit
2421 5265 2640 5334 utique,
2670 5259 2917 5317 nonnihil
2946 5258 3110 5311 altius
3132 5254 3461 5311 resumenda

1886 5363 2345 5438 perfectissimum
2375 5360 2525 5415 illum
2558 5357 2756 5413 divina:
2796 5351 3015 5408 unionis
3047 5366 3112 5406 ac
3152 5347 3463 5404 distinctio-

1886 5463 1974 5516 nis
2004 5459 2243 5523 modum,
2272 5453 2578 5526 explanari,
2603 5466 2709 5521 quo
2739 5449 2900 5505 nobis
2933 5446 3124 5502 oratio—
3138 5443 3214 5500 sit
3247 5454 3462 5514 aperta,

1887 5552 2274 5608 obscuritatem
2301 5548 2519 5618 quidem
2543 5544 2781 5612 fugiens,
2807 5543 2922 5597 haec
2950 5553 3104 5605 vero,
3137 5540 3315 5607 quoad
3342 5535 3464 5591 ﬁeri

1888 5652 2104 5715 potest,
2152 5641 2307 5696 clare
2355 5637 2641 5693 deﬁniens.
2689 5634 2845 5690 Sacri
2885 5632 3028 5688 enim
3080 5632 3354 5695 doctores,
3403 5635 3465 5681 ut

1888 5735 1945 5790 in
1977 5736 2098 5791 aliis
2126 5736 2291 5790 etiam
2328 5732 2465 5799 dixi,
2501 5730 2714 5788 divinas
2745 5726 2961 5797 quidem
2993 5725 3222 5781 uniones
3268 5732 3468 5780 vocant

1891 5828 2143 5889 notiones
2174 5829 2291 5887 illas
2337 5830 2634 5902 divinae‘et
2680 5818 3466 5896 incomprehensibilis.essen-
