3742 6346
292 344 403 402 863

1476 341 1534 398 S.
1578 339 1880 399 DIONYSII
1914 343 2378 401 ΑΠΕΟΡΑΕΙΤΑΞ

3474 346 3577 402 664

298 467 425 529 tiae;
458 461 633 535 ipsam
659 471 839 517 autem
868 460 1158 517 essentiam
1178 461 1743 534 incomprehensibilis
1771 463 1776 482 ‘

2092 466 2261 537 ήπτου
2289 464 2516 538 Τριάδος
2554 464 2608 518 τί
2650 467 2821 529 ἐστιν,
2871 467 3044 533 οὐδεὶς
3087 464 3361 536 γνώσεταί
3407 483 3570 518 ποτε·

300 557 489 611 uitatis
538 553 668 623 quid
706 553 810 616 sit,
858 566 1017 607 nemo
1058 563 1356 624 cognoscet
1388 569 1662 625 unquam;
1692 554 1881 609 distin-

297 648 506 703 ctiones
535 661 664 701 vero
690 643 926 710 divinas,
952 658 1049 714 per
1078 658 1138 700 se
1168 644 1532 701 subsistentes
1557 648 1882 703 existentias

302 737 660 803 venerandas,
701 735 756 790 id
807 742 896 791 est
935 733 1061 789 Filii
1094 733 1313 803 quidem
1342 750 1410 791 ex
1440 734 1605 792 Patre
1632 736 1885 797 ineffabi-

202 870 209 880 .
302 834 406 889 lem
448 832 819 903 splendorem,
849 840 906 887 et
929 831 1109 886 sancti
1140 829 1382 900 Spiritus
1414 846 1482 887 ex
1508 829 1672 888 Patre
1696 831 1886 887 incon-

301 924 614 997 ceptibilem
670 924 1114 992 processionem;
1166 922 1328 990 illas,
1381 924 1641 995 inquam,
1685 933 1886 985 vocant

301 1022 557 1085 uniones,
593 1021 854 1090 quoniam
886 1017 1228 1073 identitatem
1266 1018 1428 1074 unius
1452 1027 1664 1074 natura;
1700 1018 1888 1076 decla-

201 1111 208 1121 ’
301 1124 461 1181 rant;
492 1117 593 1168 has
614 1126 745 1166 vero
767 1111 1171 1176 distinctiones,
1197 1111 1454 1182 quoniam
1479 1110 1885 1169 distinctionem

301 1218 665 1273 personarum
711 1213 1011 1272 exponunt.
1059 1201 1415 1272 Traduntque
1442 1201 1750 1258 istiusmodi
1781 1203 1882 1258 viri

305 1298 513 1364 sancti,
542 1295 791 1367 quedam
824 1309 947 1350 esse
975 1295 1197 1352 unionis
1224 1295 1467 1365 propria,
1503 1294 1757 1351 videlicet
1787 1296 1889 1350 bn-

305 1387 577 1452 nitatem,
618 1386 972 1456 sapientiam,
1009 1384 1512 1451 immortalitatem;
1547 1396 1711 1457 atque
1758 1386 1888 1443 item

304 1480 557 1550 quaedam
596 1480 813 1550 propria
866 1478 1266 1546 distinctionis,
1319 1488 1378 1533 ut
1418 1478 1598 1534 Patris
1642 1478 1884 1551 quidem,

303 1593 426 1634 esse
472 1577 812 1648 ingenitum;
864 1575 986 1631 Filii
1045 1590 1198 1645 vero,
1228 1574 1515 1647 genitum,
1551 1581 1606 1629 et
1653 1572 1891 1644 Spiritus

306 1672 510 1736 sancti,
541 1668 969 1742 processionem.
1013 1668 1271 1736 Quaedam
1314 1668 1442 1723 item
1484 1675 1613 1722 sunt
1658 1666 1891 1737 propria:

308 1763 587 1831 unitates,
637 1772 694 1818 et
741 1767 989 1832 qumdam
1033 1764 1268 1833 propriae
1308 1764 1719 1827 distinctiones;
1750 1779 1803 1817 ν.
1834 1779 1887 1833 g.

1979 556 2281 628 διακρίσεις
2319 555 2376 610 δὲ
2414 555 2564 619 Θείας
2597 556 2698 620 τάς
2741 557 3139 621 ἑνυποστάτους
3184 554 3576 626 προσκυνητές

1983 644 2287 717 ὑπάρξεις,
2333 644 2619 711 τουτέστι,
2668 644 2766 699 τοῦ
2812 648 2912 718 μὲν
2955 646 3087 716 Tini;
3119 647 3211 701 τὸν
3249 648 3320 700 ὲκ
3361 646 3578 716 Πατρός

1982 738 2360 810 ἁνὲκφραστον
2396 737 2784 809 ἀπαυγασμὸν,
2829 736 2925 791 τοῦ
2977 738 3035 805 δὲ
3077 738 3350 808 παναγίου
3403 738 3576 790 Πνεὺο

1987 849 2154 904 ματος
2200 830 2298 906 τὴν
2339 833 2404 886 ὲκ
2441 831 2654 905 Πατρὸς
2695 833 3013 904 ἀνεννόητον
3056 834 3428 905 ἐκπόρευσιν,
3467 836 3581 886 ἐκεῖ

1984 925 2207 990 ὲνώσεις
2228 967 2244 995 ,
2291 926 2373 989 ὅτι
2396 926 2457 980 τὸ
2484 926 2680 980 ταύτὸν
2704 926 2805 997 τῆς
2832 926 3037 990 ὲνιαίας
3061 925 3281 999 δηλοῦσι
3328 927 3575 995 φύσεως·

1985 1021 2218 1077 ἐνταῦθα
2253 1020 2556 1096 διακρίσεις
2579 1062 2594 1088 ,
2637 1023 2719 1076 ὅτι
2751 1021 2851 1094 τὴν
2885 1021 3148 1094 διαίρεσιν
3186 1022 3299 1075 τῶν
3339 1023 3579 1077 ὑποστά-

1988 1132 2127 1170 σεων
2153 1115 2479 1186 παριστῶσι.
2508 1116 2619 1169 Καί
2653 1132 2817 1186 φασιν
2853 1117 2902 1169 οἱ
2934 1114 3164 1169 τοιοῦτοι
3192 1116 3333 1189 ἱεροὶ
3359 1116 3578 1187 ἄνδρες,

1987 1206 2081 1267 καὶ
2126 1206 2226 1277 τῆς
2272 1204 2517 1271 ὲνώσεως
2564 1206 2633 1260 τά
2679 1205 2807 1270 ἴδια,
2856 1206 3096 1278 δηλονότι
3137 1206 3198 1259 τὸ
3242 1207 3479 1275 ἀγαθὸν,
3523 1209 3581 1260 τὸ

1990 1297 2175 1367 σοφὸν,
2223 1298 2285 1351 τὸ
2330 1298 2620 1363 ἀθάνατον,
2665 1300 2758 1352 καὶ
2794 1298 2894 1375 τῆς
2930 1298 3257 1371 διακρίσεως
3300 1298 3475 1354 πάλιν
3517 1300 3580 1353 τά

1991 1390 2099 1447 ἴδια
2118 1408 2131 1421 ·
2160 1390 2371 1461 Πατρός
2401 1391 2498 1462 μὲν
2520 1390 2580 1444 τὸ
2605 1390 2898 1462 ἀγέννητον
2920 1431 2935 1455 ,
2971 1388 3099 1442 Υἱοῦ
3121 1388 3176 1442 δὲ
3201 1388 3266 1446 τὸ
3284 1390 3580 1461 γεννητὸν,

1990 1481 2084 1536 καὶ
2128 1482 2445 1552 Πνεὺματος
2472 1481 2629 1550 ἁγίου
2669 1480 2730 1534 τὸ
2770 1480 3121 1553 ἐκπορευτόν.
3164 1481 3323 1545 Τινὲς
3349 1481 3407 1533 δέ
3446 1483 3584 1535 εἰσιν

1990 1573 2047 1625 αί
2090 1572 2252 1626 ίδικαὶ
2299 1570 2558 1639 ἑνώσεις,
2596 1574 2691 1628 καὶ
2737 1572 2881 1638 τινὲς
2925 1575 2981 1627 αἱ
3034 1572 3197 1627 ἰδικαὶ
3234 1572 3581 1644 διακρίσεις,

1989 1664 2264 1737 δηλονότι,
2292 1667 2470 1720 κοινὸν
2514 1668 2611 1738 μὲν
2659 1665 2791 1721 Υίοῦ
2819 1669 2913 1731 καὶ
2948 1668 3263 1740 Πνεὺματος
3284 1670 3351 1721 τὸ
3376 1672 3447 1722 ἐκ
3473 1672 3584 1725 Πα-

1990 1757 2119 1831 τρὸς
2148 1752 2318 1822 εἶναι,
2352 1756 2482 1812 ῐδιον
2507 1757 2564 1811 δὲ
2592 1757 2773 1824 πάλιν,
2813 1760 2895 1812 ὅτι
2935 1758 2995 1812 τὸ
3042 1760 3139 1830 μὲν
3172 1759 3459 1831 γεννητῶς
3486 1801 3502 1825 ,
3527 1763 3586 1814 τὸ

308 1870 601 1911 commune
644 1854 864 1924 quidem
900 1862 985 1909 est
1020 1853 1160 1910 Filio
1187 1864 1243 1910 et
1272 1854 1500 1925 Spiritui
1546 1865 1769 1922 sancto,

2107 1849 2428 1922 ιπορευτῶς.
2453 1851 2564 1904 Καὶ
2581 1850 2762 1915 πάλιν,
2781 1851 2958 1905 κοινὸν
2970 1852 3073 1943 μὲν
3096 1852 3311 1923 Πατρός
3335 1854 3435 1905 καὶ
3453 1853 3585 1907 Tini

307 1946 473 2014 Patre
497 1960 638 2012 esse,
670 1947 952 2019 proprium
983 1963 1142 2016 vero,
1173 1948 1317 2019 quod
1346 1947 1434 2009 ille
1456 1963 1555 2018 per
1580 1947 1893 2020 generatio-

310 2055 470 2108 nem,
507 2037 597 2094 hic
631 2054 729 2110 per
772 2040 1208 2110 processionetn.
1252 2039 1319 2106 Et
1359 2056 1575 2106 rursus,
1603 2056 1894 2096 commune

307 2130 529 2201 quidem
574 2129 724 2187 Patri
774 2139 827 2187 et
872 2130 1033 2197 Filio,
1088 2131 1233 2202 quod
1275 2132 1516 2201 Spiritus
1554 2140 1778 2186 sanctus
1824 2131 1895 2189 sit

306 2222 486 2281 Patris
520 2232 571 2279 ct
596 2223 752 2289 Filii;
784 2224 1065 2294 proprium
1091 2237 1257 2287 vero,
1288 2224 1433 2293 quod
1464 2223 1534 2278 sit
1563 2222 1744 2278 Patris
1771 2222 1895 2293 Spi-

308 2314 471 2382 ritus,
506 2324 760 2385 tanquam
786 2330 855 2370 ex
882 2313 1045 2370 Patre
1077 2313 1416 2387 procedens;
1444 2314 1568 2370 Filii
1604 2329 1736 2371 vero
1770 2315 1895 2383 Spi-

311 2406 472 2469 ritus,
509 2415 773 2480 tanquam
805 2405 1294 2465 eonsubstantialis
1325 2421 1391 2460 ac
1417 2406 1674 2476 proprius
1702 2405 1893 2476 ipsius.

310 2498 379 2562 Et
420 2500 521 2553 has
567 2507 728 2554 vocat
758 2498 990 2553 uniones
1022 2506 1078 2554 et
1110 2497 1489 2554 distinctiones
1521 2498 1898 2555 distinctionis

310 2590 589 2663 proprias.
636 2588 844 2655 Deinde
876 2590 1033 2658 dicit,
1073 2589 1236 2662 332
1275 2606 1524 2660 quaenam
1557 2591 1670 2647 sittt
1701 2590 1899 2647 divinae

313 2682 570 2746 uniones,
604 2681 719 2737 sive
744 2697 865 2750 quae
888 2664 1366 2751 communessunt
1394 2682 1648 2739 essentiae
1678 2681 1896 2749 divinae,

314 2768 575 2831 nimirum
603 2771 1087 2840 superessentialis
1117 2772 1437 2839 existentia,
1469 2781 1525 2827 et
1548 2786 1898 2842 superessen-

316 2859 459 2916 tialis
484 2860 660 2919 deitas
684 2902 700 2929 ,
735 2872 790 2918 et
815 2877 1149 2933 supraquam
1194 2863 1334 2918 bona
1362 2864 1603 2931 bonitas;
1639 2867 1898 2937 quoniam

314 2966 480 3021 supra
504 2968 592 3023 ea,
622 2968 785 3024 supra
814 2970 935 3025 quae
967 2957 1110 3012 Deus
1140 2972 1263 3014 esse
1296 2959 1518 3022 dicitur,
1552 2940 1898 3032 incompara-

313 3043 497 3105 biliter
530 3046 784 3116 superior
820 3057 931 3114 est;
963 3048 1108 3117 quod
1140 3064 1430 3115 asserens,
1470 3065 1568 3121 per
1603 3050 1902 3107 exuberan-

317 3146 429 3193 tcm
465 3141 812 3210 negationem
854 3142 1015 3196 dixit.
1048 3142 1308 3199 ldentitas
1339 3146 1595 3203 omnibus
1623 3145 1898 3215 superior,

1991 1940 2054 1994 τὸ
2079 1935 2217 1995 εἷναι
2244 1940 2306 1993 τὸ
2339 1939 2565 2012 Πνεῦμα
2587 1941 2649 1995 τὸ
2676 1941 2831 2011 ἅγιον
2874 1935 2990 1998 καῖ
3004 1941 3098 1995 τοῦ
3127 1943 3344 2014 Πατρὸς
3374 1946 3470 1998 καὶ
3495 1945 3586 1998 τοῦ

1994 2031 2165 2086 Υίοῦ·
2224 2032 2354 2086 ἴδιον
2398 2032 2489 2099 δὲ,
2541 2033 2622 2087 ὅτι
2665 2034 2879 2106 Πατρὸς
2925 2034 3025 2106 μὲν
3077 2034 3344 2106 Πνεῦμα,
3394 2037 3475 2099 ὡς
3524 2039 3587 2089 ἐκ

1992 2125 2208 2197 Πατρὸς
2234 2126 2666 2209 ἐκπορευόμενον
2689 2142 2705 2158 ο
2740 2126 2873 2182 Υἱοῦ
2899 2127 2955 2180 δὲ
2982 2127 3227 2199 Πνεῦμα,
3267 2130 3346 2193 ὡς
3395 2147 3587 2183 συνου·

1996 2219 2260 2289 σιωμένον
2297 2220 2393 2273 καὶ
2431 2219 2560 2273 ἴδιον
2585 2218 2772 2274 αὑτοῦ.
2801 2220 2913 2280 Καὶ
2945 2221 3148 2286 ταὺτας
3176 2219 3326 2290 λέγει
3358 2221 3585 2288 ξνὼσεις

1996 2311 2090 2364 καὶ
2116 2309 2413 2382 διακρίσεις
2444 2310 2544 2382 τῆς
2572 2310 2894 2383 διακρίσεως
2925 2312 3116 2378 ίδικάς.
3159 2314 3391 2386 Ἐιρεξῆς
3413 2315 3584 2382 λέγει,

1994 2401 2139 2467 τίνες
2181 2403 2237 2465 αἱ
2286 2401 2426 2456 θεῖαι
2479 2401 2741 2467 ὲνώσεις,
2781 2404 2947 2476 ἧγουν
2980 2406 3036 2459 αί
3076 2406 3255 2458 κοιναὶ
3298 2406 3402 2477 τῆς
3436 2405 3587 2470 Θείας

1995 2494 2187 2558 οὐσίας
2210 2534 2225 2560 ,
2253 2494 2495 2567 δηλονότι
2523 2498 2557 2568 ἡ
2586 2495 2911 2569 ὑπεροὺσιος
2962 2497 3187 2569 θεότης,
3228 2500 3263 2571 ἡ
3301 2499 3589 2571 ὑπεράγα-

1998 2590 2089 2657 θος
2134 2590 2437 2662 ἀγαθότης’
2491 2591 2573 2655 ὅτι
2617 2592 2711 2645 καὶ
2768 2592 2910 2664 ὑπὲρ
2948 2591 2986 2647 ἃ.
3028 2593 3279 2662 λέγεται,
3318 2594 3384 2646 τὸ
3434 2593 3589 2647 Baio-4

1998 2683 2343 2755 ἀσυγκρίτως
2390 2683 2574 2737 ἐστίν’
2621 2683 2650 2737 ὃ
2687 2684 2751 2757 δὴ
2787 2684 3094 2758 προλαϐὼν,
3127 2686 3221 2739 καὶ
3248 2686 3590 2757 ὑπεροχικὴν

1997 2777 2288 2850 ἀφαίρεσιν
2316 2772 2498 2831 εἶπενο
2538 2777 2605 2831 Ἦ
2641 2778 2859 2833 πάντων
2889 2777 3146 2833 ἐπέκεινα
3171 2778 3465 2850 ταὺτότης,
3492 2779 3589 2849 τῆς

1998 2871 2255 2925 ἐπέκεινα
2292 2870 2509 2924 πάντων
2550 2870 2678 2941 ὅλης
2706 2868 2841 2923 Θεοῦ
2890 2871 3175 2943 ἰδιότητος,
3203 2871 3451 2944 δηλονότι
3494 2872 3590 2925 τοῦ

1999 2962 2228 3033 ἀγαθοῦ,
2276 2962 2371 3016 τοῦ
2402 2963 2595 3035 σοφοῦ,
2632 2964 2729 3018 καὶ
2773 2962 2883 3018 τῶν
2924 2964 3179 3020 τοιούτων
3203 2981 3216 2995 '
3259 2964 3438 3018 ταῦτα
3484 2965 3591 3035 γάρ

2000 3056 2139 3110 εἰσιν
2168 3055 2367 3128 ἰδιότης
2392 3056 2527 3111 Θεοῦ
2573 3057 2708 3129 πρὸς
2742 3056 2811 3111 τὰ
2852 3056 3047 3112 κτιστά
3091 3057 3463 3129 ὑπεροχικῶς.
3519 3056 3590 3109 Τὸ

2003 3147 2144 3218 ὑπὲρ
2190 3148 2369 3201 πᾶσαν
2413 3148 2640 3219 ἑνότητα
2685 3149 2743 3201 ἐν
2793 3152 2904 3213 τοῖς
2952 3143 3101 3202 οῦσιν
3145 3148 3352 3219 ἀμερές
3393 3165 3451 3201 τε
3500 3148 3591 3201 καὶ

315 3232 503 3286 ninnia
535 3234 851 3302 superantis
904 3234 1073 3289 totius
1116 3234 1211 3291 Dei
1265 3238 1638 3307 proprietatis,
1691 3210 1789 3292 scil

2114 3210 2228 3303 οῦν,
2270 3238 2329 3291 τὸ
2367 3210 2673 3309 ἄφθεγκτον
2704 3240 2798 3293 καὶ
2846 3210 3198 3309 πολύφωνονί
3243 3210 3309 3293 τὸ
3336 3210 3465 3309 μὲν.
3510 3240 3592 3293 ὅτι

317 3322 466 3385 boni,
497 3332 553 3377 et
585 3324 866 3394 sapientis,
897 3334 953 3379 et
976 3325 1271 3393 similium;
1312 3329 1428 3384 haec
1460 3329 1604 3384 enim
1642 3338 1768 3384 sunt
1805 3329 1901 3384 Dei

318 3416 657 3491 proprietas,
702 3416 960 3473 videlicet
1004 3433 1101 3488 per
1152 3436 1435 3477 excessum
1480 3421 1548 3475 ad
1596 3429 1900 3476 creaturas.

320 3509 501 3581 Super
531 3525 750 3566 omnem
781 3512 1045 3569 unitatem
1068 3528 1191 3582 quae
1215 3514 1269 3568 in
1301 3513 1466 3571 rebus
1499 3522 1602 3580 est,
1639 3514 1903 3570 indivisus

318 3612 377 3657 et
410 3601 683 3671 simplex,
726 3602 1041 3673 ineﬂabilis,
1091 3618 1148 3662 et
1191 3608 1375 3664 multis
1412 3607 1643 3663 vocibus
1677 3622 1903 3679 expres-

320 3710 449 3762 sus;
482 3704 596 3749 tum
631 3696 759 3765 quia
803 3697 1232 3764 innominabilis,
1276 3709 1390 3755 tum
1424 3700 1555 3771 quia
1601 3714 1701 3770 pro
1733 3701 1904 3757 bene-

323 3786 571 3847 ticiorurn
609 3787 936 3847 diversitate
968 3790 1338 3855 diversimode
1376 3792 1713 3849 nominatur.
1745 3794 1903 3864 Igno-

324 3878 491 3945 ratio,
527 3889 583 3934 et
615 3894 682 3935 ex
708 3881 859 3941 omni
892 3882 1262 3953 intellectilis;
1297 3884 1351 3939 in
1382 3884 1730 3955 ignoratione
1755 3886 1901 3941 enim

325 3967 467 4024 Deus
522 3973 893 4043 cognoscitur.
936 3974 1345 4047 lgnorationem
1394 3987 1577 4033 autem
1621 3993 1729 4033 non
1781 3993 1903 4034 eam

324 4063 564 4135 accipias
602 4081 724 4139 quae
768 4081 837 4136 ex
889 4067 1106 4122 inscitia
1146 4070 1322 4125 oritur
1366 4070 1514 4141 (nam
1561 4071 1677 4129 haec
1706 4071 1907 4126 animae

324 4159 575 4223 quaedam
603 4166 688 4213 est
716 4161 1153 4231 tenebricositas)
1181 4177 1357 4232 neque
1381 4165 1548 4219 etiam
1571 4178 1908 4234 cognoscen-

328 4259 438 4304 tem
477 4250 762 4319 (quoniam
809 4253 901 4323 qui
948 4254 1394 4325 incognoseibilis
1427 4266 1513 4311 est
1545 4258 1769 4313 minime
1817 4273 1909 4313 co-

328 4344 652 4415 gnoscitur),
674 4360 796 4399 nam
821 4346 937 4400 haec
952 4361 1168 4416 quoque
1187 4348 1397 4417 species
1414 4358 1498 4403 est
1517 4351 1906 4420 cognoscitiva,

331 4436 426 4490 sed
460 4436 760 4491 secundum
792 4438 935 4492 illam
964 4438 1387 4508 ignorationem,
1419 4442 1716 4498 secundum
1745 4457 1906 4512 quam

2001 3330 2442 3402 ἀκατονόμαστον
2463 3348 2476 3360 ·
2505 3331 2568 3384 τὸ
2595 3330 2671 3395 δὲ,
2697 3332 2779 3384 ὅτι
2806 3334 2874 3402 τῇ
2919 3330 3160 3403 ποικιλία
3206 3330 3318 3385 τῶν
3364 3333 3590 3404 εὑεργε-

2000 3424 2278 3496 τουμὲνων
2306 3423 2567 3488 ποικίλως
2609 3422 2954 3494 ὀνομάζεται.
2997 3423 3061 3476 ’Π
3097 3422 3345 3491 ἀγνωσία
3389 3425 3486 3476 καὶ
3533 3424 3591 3475 τὸ

2004 3517 2303 3589 παννόητον
2325 3532 2338 3545 °
2369 3518 2428 3570 ὲν
2454 3517 2650 3589 ἀγνοίᾳ
2694 3516 2805 3587 γὰρ
2850 3515 3060 3584 γίνεται
3105 3516 3347 3584 γνωστὸς
3382 3518 3414 3568 ὁ
3438 3517 3588 3580 856;.

2008 3607 2264 3676 Ἀγνοιαν
2307 3606 2365 3660 δὲ
2418 3605 2493 3679 μὴ
2520 3606 2618 3678 τὴν
2657 3606 2745 3661 διὰ
2771 3606 2872 3677 τῆς
2915 3607 3152 3678 ἀμαθίας
3195 3605 3388 3680 λάϐῃς,
3422 3608 3591 3679 (αῦτη

2004 3700 2114 3773 γάρ
2139 3700 2327 3764 σκότος
2355 3700 2471 3752 ἐστὶ
2494 3698 2671 3771 ψυχῆς
2690 3698 2729 3770 ,)
2773 3701 2908 3769 μήτε
2936 3698 3035 3772 τὴν
3061 3698 3459 3769 γινώσκουσαν,
3491 3700 3591 3771 (ὅτι

2004 3793 2279 3862 ἀγνοεῖται
2306 3792 2335 3843 ὁ
2356 3790 2679 3862 ἀγνωστος,)
2707 3786 2846 3854 εἶδος
2874 3790 2984 3863 γὰρ
3010 3793 3103 3844 καὶ
3136 3789 3276 3861 αῦτη
3305 3808 3591 3863 γνωριστι-

2005 3884 2100 3938 κόν
2125 3901 2140 3916 ο
2178 3883 2312 3939 ἀλλά
2350 3883 2469 3936 κατ’
2500 3882 2717 3954 ἐκείνην
2746 3883 2845 3954 τὴν
2876 3882 3119 3951 ἄγνοιαν,
3157 3882 3281 3935 καθ’
3312 3882 3378 3955 ἢν
3410 3884 3592 3936 ἀπλω-

2007 3977 2190 4041 θέντες
2236 3978 2377 4048 ὑπὲρ
2414 3977 2514 4041 τὰς
2562 3978 2797 4047 νοήσεις,
2846 3977 2940 4030 καὶ
2990 3978 3168 4029 πᾶσαν
3213 3976 3426 4029 ἔννοιαν
3471 3977 3591 4049 περὶ

2006 4066 2141 4121 Θεοῦ
2189 4067 2565 4139 ὑπερϐάντες,
2616 4066 2778 4122 ἁπλοῖ
2822 4065 3104 4136 γινόμεθα.
3160 4064 3495 4137 Νομίζοντες
3540 4065 3592 4117 δὲ

2008 4161 2415 4232 κατειληφέναι,
2442 4163 2538 4214 καὶ
2563 4161 2865 4231 ἀδιάκριτοι
2896 4158 3146 4229 μένοντες
3164 4198 3179 4223 ,
3217 4157 3305 4211 διά
3331 4158 3434 4229 τὴν
3464 4156 3591 4229 πρὸς

2007 4254 2106 4327 τὴν
2134 4255 2361 4325 ἑνότητα
2397 4256 2585 4308 στάσιν
2604 4271 2617 4284 ·
2648 4255 2742 4307 καὶ
2770 4254 3000 4325 βεϐαίως
3030 4251 3263 4315 ἑστῶτες
3290 4253 3350 4304 ὲν
3374 4254 3443 4322 τῇ
3470 4249 3591 4303 ἐνώ-

2012 4359 2132 4407 σει,
2174 4342 2475 4413 ἀγνοοῦμεν
2502 4344 2584 4396 ὅτι
2610 4344 2671 4396 οὑ
2709 4342 3104 4413 κατελάϐομεν,
3154 4342 3459 4405 τουτέστιν,
3502 4340 3591 4409 οὐχ

2012 4436 2200 4509 ἑτέρου
2231 4436 2376 4499 τινὸς
2426 4435 2663 4499 εἰδότες,
2697 4437 2857 4506 ἡμεῖς
2891 4434 2966 4498 ὡς
2996 4433 3229 4505 ἀμαθεῖς
3272 4433 3587 4503 ἀγνοοῦμεν.

330 4527 690 4596 simpliﬁcati,
719 4544 883 4599 supra
924 4531 1178 4586 notiones
1218 4546 1546 4603 omnemque
1571 4532 1666 4589 Dei
1699 4535 1808 4605 cogi

2111 4529 2185 4583 λὰ
2212 4528 2282 4582 τὰ
2313 4527 2463 4600 παρά
2489 4529 2668 4600 πάσης
2698 4528 2796 4598 τῆς
2828 4527 3059 4592 κτίσεως
3093 4526 3337 4593 εὐσεϐῶς
3373 4524 3589 4594 ἀγνοού-

332 4623 540 4685 tionem
590 4622 1076 4687 transcendentes,
1126 4624 1402 4695 simplices
1447 4625 1734 4682 eﬂicimur.
1770 4628 1907 4682 Dum

331 4714 713 4770 existimamus
765 4725 946 4770 autem
1004 4729 1105 4770 nos
1163 4716 1691 4784 comprehendisse,
1741 4719 1909 4773 etiam

332 4822 617 4862 manemus
645 4808 923 4877 ambigui,
959 4816 1185 4876 propter
1213 4816 1416 4863 statum
1452 4811 1709 4876 unionis;
1740 4822 1795 4866 et
1822 4812 1915 4867 lir-

331 4901 495 4955 miter
523 4901 579 4955 in
610 4902 814 4955 unione
855 4900 1256 4962 consistentes,
1306 4900 1621 4970 ignoramus
1658 4918 1758 4958 nos
1804 4920 1909 4958 non

333 4994 661 5063 percepisse,
710 4992 868 5047 idest
916 4993 1054 5047 nihil
1103 4990 1251 5046 aliud
1306 4993 1576 5059 scientes,
1617 5008 1717 5051 nos
1764 4994 1915 5049 velut

332 5085 496 5139 rudes
554 5085 891 5155 ignoramus.
940 5085 1147 5143 Tamen
1190 5103 1313 5159 quae
1361 5088 1429 5142 ab
1461 5088 1609 5142 omni
1655 5097 1911 5144 creatura

336 5176 591 5247 religiose
618 5180 960 5248 ignorantur,
992 5180 1325 5249 ignoramus.
1355 5179 1410 5235 In
1443 5181 1545 5235 hac
1583 5183 1729 5236 enim
1770 5182 1916 5251 igno-

336 5270 548 5326 ratione
584 5273 891 5336 eonstituti,
936 5272 1205 5327 ellicimur
1243 5272 1419 5329 forma
1452 5272 1571 5344 ejus
1609 5275 1754 5342 quod
1789 5282 1916 5327 ante

334 5362 517 5416 omnia
545 5363 784 5429 exsistit,
806 5364 1138 5434 negligentes
1161 5364 1381 5434 quidem
1405 5363 1614 5421 formas
1642 5379 1833 5420 omnes
1852 5378 1916 5420 ac

340 5454 614 5518 notiones,
648 5456 701 5510 in
731 5456 951 5512 silentio
981 5466 1164 5510 autem
1189 5471 1443 5511 sermone
1467 5457 1613 5512 omni
1644 5466 1914 5528 praestan-

339 5545 462 5600 tiori
491 5546 797 5614 constituti,
823 5547 925 5602 hoc
956 5547 1096 5615 ipso,
1131 5543 1277 5615 quod
1322 5561 1391 5599 ne
1435 5546 1538 5601 hoc
1582 5545 1758 5615 ipsum
1795 5545 1916 5613 qni-

333 5640 459 5697 dem
486 5644 865 5710 cognoscimus
893 5654 992 5698 nos
1022 5639 1307 5711 ignorare;
1336 5641 1682 5711 postmodum
1711 5639 1908 5693 iterum

2017 4640 2155 4696 μενα
2180 4622 2500 4693 ἀγνοοῦμεν.
2544 4623 2630 4675 Ἑν
2668 4622 2839 4694 ταύτῃ
2863 4622 2972 4694 γάρ
3006 4621 3229 4685 στάντες
3257 4623 3324 4691 τῇ
3370 4620 3589 4691 ἀγνοίᾳ,

2014 4713 2155 4781 εἶδος
2179 4715 2442 4786 γινόμεθα
2471 4713 2568 4768 τοῦ
2608 4715 2717 4785 πρὸ
2745 4716 2963 4781 πάντων
2988 4715 3161 4781 ὄντος,
3202 4715 3468 4777 ἐάσαντες
3505 4712 3593 4783 μὲν

2017 4810 2194 4863 πάντα
2219 4806 2289 4861 τά
2315 4807 2431 4877 εἴδη
2466 4806 2683 4871 καὶτὰς
2710 4807 2946 4879 νοήσεις,
2985 4809 3044 4860 ἐν
3084 4807 3292 4877 ἀφασία
3338 4806 3397 4859 δὲ
3424 4805 3591 4878 κρείτ-

2015 4916 2130 4954 τονι
2168 4900 2350 4971 πάσης
2377 4898 2655 4969 φθέγξεως
2706 4897 2978 4970 ἱδρυμένοι
3018 4896 3097 4969 τῷ
3138 4897 3273 4969 μηδὲ
3316 4896 3480 4950 τοῦτο
3518 4914 3591 4964 γι-

2018 4990 2248 5044 νώσκειν
2272 4997 2355 5050 ὅτι
2382 4991 2708 5063 ἀγνοοῦμεν·
2744 4988 2863 5045 εἶτα
2896 4990 3057 5045 πάλιν
3075 4991 3518 5062 ὑποστρέψαντες
3540 4992 3591 5041 ἐκ

2022 5084 2120 5154 τῆς
2151 5087 2210 5137 ὲν
2237 5084 2447 5156 ἀφασίᾳ
2486 5086 2717 5157 σιωπῆς,
2748 5086 2841 5139 καὶ
2870 5086 3139 5150 συνιέντες
3167 5087 3247 5139 ὃτι
3276 5084 3588 5155 ἠγνοοῦμεν.

2024 5176 2371 5247 ἀφιστάμεθα
2407 5177 2593 5231 λοιπὸν
2620 5178 2713 5232 τοῦ
2746 5179 2873 5251 περὶ
2914 5178 3192 5248 ἀγνώστου
3219 5179 3425 5248 ζητεῖν.
3464 5179 3589 5230 Παν-

2019 5267 2209 5338 νόητος
2241 5268 2298 5321 δὲ
2340 5267 2501 5324 πάλιν
2531 5271 2560 5322 ό
2593 5268 2754 5335 Θεὸς,
2790 5270 2866 5334 ὡς
2908 5271 2974 5323 ἐκ
3019 5270 3128 5323 τῶν
3165 5268 3482 5339 φιλοδὼρων
3521 5269 3591 5318 ἐν·

2021 5358 2238 5413 νοιῶν⁸¹
2270 5361 2556 5432 νοοὺμενος
2598 5362 2681 5421 ὅτι
2721 5361 2858 5425 ἔστι,
2906 5364 3000 5415 καὶ
3031 5365 3097 5415 ὲκ
3124 5360 3233 5415 τῶν
3272 5361 3589 5432 δημιουργῇ

2024 5451 2242 5523 μάτωνο
2280 5454 2346 5506 ὲκ
2375 5452 2486 5507 τῶν
2528 5454 2646 5525 μὲν,
2695 5454 2778 5507 ὅτι
2819 5455 3004 5525 σωτήρ
3044 5456 3221 5506 ἐστιν’
3268 5454 3333 5505 ἐκ
3379 5450 3489 5504 τῶν
3522 5449 3585 5509 δὲ,

2019 5545 2100 5597 ὅτι
2145 5544 2492 5616 δημιουργός.
2540 5546 2648 5599 Καὶ
2691 5544 2838 5599 θέσιν
2889 5546 2988 5616 μὲν
3017 5544 3115 5616 τὴν
3149 5542 3385 5615 ὓπαρξιν
3431 5540 3585 5601 καλεῖ,

2019 5636 2095 5699 ὡς
2123 5636 2183 5703 ἐξ
2208 5637 2373 5691 αὑτοῦ
2404 5638 2496 5692 τοῦ
2528 5639 2696 5703 Θεοῦ,
2725 5640 2823 5711 τῆς
2865 5639 3073 5694 πάντων
3099 5639 3268 5709 οὑσης
3297 5636 3582 5709 ὑπάρξεως·

1636 5752 1873 5809 VARl/E
1909 5752 2318 5810 LECTIONES.

399 5849 449 5930 ξι
490 5850 753 5921 προνοιῶν
778 5892 792 5918 ,
820 5852 897 5927 1)..
