3742 6300
91 318 221 376 665

682 317 771 372 DE
808 316 1062 374 DlVlNlS
1117 316 1514 385 NOMINIBUS,
1549 317 1705 373 CAP.
1744 316 1809 373 ll.
1846 348 1916 358 —-
1957 316 2307 374 PARAPHR.
2339 318 2812 379 PACHYMERE.

3277 321 3386 379 666

89 437 347 506 Λέγουσι
368 434 481 508 γὰρ
523 435 572 487 οί
606 433 884 505 φιλόσοφοι
926 432 1073 489 θέσιν
1104 434 1173 489 τὰ
1199 434 1549 507 ἐπιτιθέμενα

1901 445 2013 489 mlo
2040 435 2257 490 silentio
2279 437 2558 502 conversi,
2586 444 2643 491 et
2667 443 3067 505 cognoscentes
3095 450 3195 493 nos
3222 437 3379 506 igno-

87 532 177 600 τῇ
209 528 311 600 ὕλῃ
336 544 352 560 ο
383 529 675 600 ἀφαίρεσιν
705 528 783 591 δὲ,
819 529 947 582 ὅταν
985 529 1043 582 αἱ
1078 528 1363 601 ποιότητες
1401 528 1510 583 τῶν
1544 528 1699 582 εἱδῶν

90 621 516 694 ἀφαιρεθῶσιν,
570 616 681 675 οἷον
729 622 834 693 γῆς
874 623 936 676 τὸ
988 623 1153 695 ξηρὸν
1206 624 1299 677 καὶ
1356 622 1522 695 βαρύ·
1579 621 1700 675 τότε

90 713 220 786 γὰρ
270 714 421 768 ἔσται
462 714 622 785 τυχὸν
674 714 837 786 ὕδωρ.
895 715 952 770 '0
1000 714 1130 785 γοῦν
1170 715 1302 779 Θεὸς
1338 717 1367 768 ὁ
1405 712 1700 769 καὶταῦτα

96 809 644 879 μετασχηματίζων,
697 810 730 880 ἡ
796 810 1014 863 πάντων
1070 808 1217 873 θέσις
1270 808 1361 862 καὶ
1411 806 1701 879 ἀφαίρεσις

90 900 267 951 ἐστι*
304 899 451 963 θέσις
516 900 614 970 μὲν
665 899 883 953 πάντων
912 938 927 963 ,
986 899 1062 964 ὡς
1107 899 1176 953 τὰ
1225 900 1404 954 πάντα
1449 899 1561 963 θεὶς
1604 898 1700 951 καὶ

94 993 385 1064 ποιήσας,
440 993 532 1045 καὶ
590 991 837 1063 ίδρύσθαι
890 991 1367 1064 παρασκευάζωψ
1433 992 1492 1045 ἐν
1551 990 1699 1063 αὺτῷ

90 1085 220 1157 γὰρ
269 1084 337 1138 τά
383 1084 561 1137 πάντα
608 1084 958 1155 συνέστηκεν.
1021 1085 1330 1156 Ἀφαίρεσις
1372 1085 1429 1140 δὲ
1480 1085 1698 1140 πάντων

90 1179 283 1241 ἐστὶν,
320 1176 394 1241 ὡς
429 1179 523 1231 καὶ
568 1178 668 1250 τήν
716 1177 862 1231 θέσιν
907 1178 1078 1249 αὐτὴν
1112 1178 1220 1231 τῶν
1261 1178 1431 1232 ὄντων
1472 1178 1566 1231 καὶ⁸
1597 1176 1696 1249 τήν

90 1268 330 1341 ποίησιν
358 1269 834 1342 μεταρῤυθμίζων,
871 1270 1292 1341 μετασκευάζων
1330 1271 1424 1324 καὶ
1448 1268 1694 1341 ἀφαιρῶν

92 1364 167 1416 ἐκ
197 1362 311 1416 τῶν
344 1363 675 1434 τεθειμένων
696 1364 764 1418 τὰ
793 1365 933 1418 κατά
964 1365 1144 1437 φύσιν.
1177 1368 1240 1420 El
1265 1366 1374 1438 γὰρ
1414 1366 1695 1439 ὡμολόγη-

88 1471 219 1520 ται,
253 1452 322 1507 τὰ
360 1455 417 1505 ἐν
460 1454 668 1522 γενέσει
706 1455 922 1519 πάντως
947 1457 1041 1510 καὶ
1068 1457 1400 1528 φθείρεσθαι,
1436 1458 1596 1523 αὐτὸς
1636 1458 1693 1511 δὲ

93 1546 327 1615 πλούτῳ
354 1545 712 1617 ἀγαθότητος,
743 1547 852 1601 τῶν
883 1549 980 1619 μὲν
1006 1549 1182 1602 ἀνεῖλε
1207 1551 1301 1603 καὶ
1338 1549 1399 1603 τὸ
1432 1550 1691 1621 φθαρτὸν,

91 1635 180 1700 ὡς
206 1635 457 1705 ἀγγέλων
484 1638 578 1691 καὶ
598 1637 806 1708 ψυχῶν,
831 1638 939 1690 τῶν
963 1638 1019 1693 δὲ
1044 1640 1104 1692 τὸ
1129 1638 1363 1711 φθαρτὸν
1389 1643 1467 1705 είς
1493 1642 1698 1713 ἀφθαρ-

96 1728 231 1782 σίαν
263 1731 594 1801 μετήγαγεν,
620 1730 696 1794 ὡς
738 1730 808 1784 τὰ
840 1729 1066 1801 σώματα
1088 1730 1246 1803 ἡμῶν
1277 1733 1334 1786 ἐν
1359 1734 1425 1804 τῇ
1454 1733 1691 1787 ἀναστά-

96 1838 215 1875 aer
252 1823 411 1893 δῆλον
437 1822 512 1887 ὡς
537 1824 699 1887 αὐτὸς
721 1822 893 1876 ταῦτα
917 1825 1051 1894 ήμῖν
1102 1824 1385 1897 ὑπάρχων,
1413 1824 1575 1888 αὐτὸς
1604 1824 1697 1877 καὶ

96 1914 254 1985 ὑπὲρ
271 1914 417 1967 θέσιν
437 1917 554 1968 ἐστὶ
574 1916 667 1968 κα)⁵
690 1914 1004 1986 ἀφαίρεσιν,
1028 1914 1276 1985 θεμέλιος
1299 1915 1397 1968 καὶ
1418 1914 1543 1985 ῥίζα
1564 1915 1698 1968 πάν·-

93 2024 216 2060 των
245 2007 341 2071 ὢν,
369 2008 429 2060 οὐ
453 2007 714 2072 τοπικῶς,
743 2006 878 2060 ἀλλά
903 2005 1045 2060 κατά
1070 2006 1130 2059 τὸ
1153 2005 1345 2060 αἴτιον.
1372 2006 1510 2061 Οὔτε
1534 2006 1697 2076 ἀφαί-

100 2117 266 2171 ρεσις
303 2100 464 2165 αὐτὸς
489 2099 586 2165 ῶν,
614 2095 688 2155 ὧν
710 2101 870 2165 αὐτὸς
896 2100 1026 2173 ἔχει*
1056 2101 1118 2154 τὺ
1159 2092 1268 2173 γὰρ
1294 2102 1578 2164 ἀθάνατον,
1605 2101 1700 2155 καὶ⁵

94 2193 530 2265 ἀκατάληπτον,
567 2194 661 2247 καὶ
692 2194 999 2263 ἄγνωστον,
1044 2195 1136 2247 καὶ
1175 2195 1276 2247 ὅσα
1313 2192 1537 2247 τοιαῦτα
1564 2192 1696 2264 ἔχει,

95 2287 204 2357 οὐχ
227 2286 306 2350 ὡς
351 2286 425 2359 μὴ
465 2286 540 2339 ῶν
562 2286 623 2339 τὸ
648 2286 906 2351 ἐναντίον,
950 2286 1084 2340 ἀλλά
1124 2286 1264 2340 κατὰ
1308 2286 1545 2357 ἰδιότητὰ
1579 2303 1701 2340 τινα

98 2382 279 2432 πᾶσιν
304 2378 561 2451 ἄρρητον·
594 2377 856 2451 ἐξῄρηται
884 2379 995 2451 γάρ
1030 2380 1139 2433 τῶν
1182 2381 1457 2445 ἁπάντων,
1487 2379 1579 2434 καὶ
1607 2380 1698 2431 ὑπ’

95 2473 324 2536 οὐδενος
363 2474 596 2535 νοεῖται,
641 2472 674 2543 ἢ
711 2471 849 2536 ὅλως
897 2472 1394 2544 καταλαμϐάνεται,
1421 2472 1497 2537 ὡς
1537 2472 1700 2537 αὐτὸς

96 2566 300 2619 ἑαυτὸν
328 2565 579 2637 ἀρπάσας
603 2565 690 2618 διά
713 2566 813 2637 τῆς
836 2566 1110 2637 ἀπειρίας.
1141 2567 1205 2619 Ἠ
1232 2568 1289 2619 ἐν
1315 2566 1573 2638 ἀλλήλαις
1598 2568 1702 2622 πά-

97 2663 187 2717 λιν
212 2662 325 2715 τῶν
351 2663 654 2733 ἐναρχικῶν
696 2661 1049 2716 ὑποστάσεων
1080 2662 1215 2734 μονὴ
1243 2662 1337 2715 καὶ
1373 2663 1602 2734 ἵδρυσιςο
1642 2663 1701 2717 ἓν

96 2754 239 2823 γάρ,
271 2753 365 2806 καὶ
390 2753 469 2817 ἐν,
496 2755 590 2806 καὶ
614 2749 695 2815 ἓν,
716 2754 810 2807 καὶ
831 2753 899 2806 τὰ
923 2753 1050 2825 τρία
1073 2754 1151 2806 ἓν.
1180 2753 1244 2806 Τί
1259 2753 1316 2807 δέ
1337 2755 1485 2807 ἐστιν
1509 2757 1540 2826 ή
1566 2754 1701 2827 μονὴ

97 2848 201 2899 καὶ
228 2847 462 2915 ἵδρυσις,
490 2847 565 2910 ὡς
590 2847 671 2910 τὸ,
713 2845 853 2916 Ἐγὼ
876 2846 946 2899 ἐν
972 2845 1052 2911 τῷ
1083 2847 1290 2914 Πατρὶ,
1316 2848 1413 2901 καὶ
1438 2851 1470 2902 ὁ
1495 2848 1702 2917 Πατὴρ

96 2939 173 2990 ἐν
206 2938 344 3007 ἐμοί
358 2954 377 3002 ;
399 2937 541 2991 οὓτω
565 2940 659 2991 καὶ
686 2940 810 3009 περὶ
836 2938 929 2991 τοῦ
959 2938 1112 3007 ἁγίου
1149 2938 1466 3010 Πνεύματός
1493 2957 1655 3011 φησιν
1674 2942 1703 2995 ὁ

99 3029 256 3092 θεῖος
282 3029 597 3092 ἀπόστολος.
640 3030 702 3082 Ἦ
733 3029 806 3101 μή
837 3029 1215 3101 συγκεχυμένη
1244 3030 1302 3083 ἐν
1330 3031 1506 3102 μέρει,
1535 3031 1703 3086 κα.θά-

1805 543 1961 596 rare,
1991 530 2330 586 abstinemus
2361 540 2623 587 caeterum
2669 531 2739 587 ab
2781 528 2901 599 ejus
2939 530 3085 601 quod
3126 532 3383 601 cognosci

1804 623 1998 692 nequit
2045 622 2422 694 inquisitione.
2470 622 2711 683 Rursum
2758 638 2889 679 vero
2923 623 3065 678 Deus
3115 638 3183 677 ex
3234 624 3383 679 omni

1804 715 2133 771 intellectilis
2154 716 2386 782 dicitur;
2415 718 2674 784 quoniam
2694 731 2761 772 ex
2782 716 2975 771 amicis
3004 717 3120 771 suis
3147 717 3384 770 muneri-

1802 807 1905 861 bus
1927 817 1981 863 et
2006 807 2374 879 intelligentiis
2389 807 2479 875 δι’,
2500 824 2602 864 nec
2618 825 2722 865 non
2739 824 2803 865 ex
2824 809 3094 865 creaturis
3109 810 3383 865 exsistere

1801 897 2177 965 cognoscitur,
2218 912 2283 952 ex
2316 897 2426 954 illis
2470 899 2689 967 quidem
2727 898 3002 967 Salvator,
3032 915 3098 954 ex
3129 900 3213 955 bis
3253 915 3384 955 vero

1800 985 2049 1042 Creator.
2077 988 2412 1046 Positionem
2439 1002 2625 1045 autem
2656 1007 2751 1046 seu
2782 990 3197 1047 aﬂirmationem
3224 1001 3384 1048 vocat

1801 1080 2172 1149 existentiam,
2200 1091 2456 1153 tauquam
2484 1101 2548 1141 ex
2584 1084 2701 1153 ipso
2732 1085 2861 1151 Deo,
2905 1084 2997 1153 qui
3026 1094 3112 1138 est
3136 1086 3382 1139 omnium

1798 1173 2110 1229 existentia.
2129 1174 2443 1246 Philosophi
2462 1177 2604 1229 enim
2624 1175 2792 1239 Θέσιν,
2813 1190 2907 1230 seu
2939 1179 3249 1235 positionem
3265 1219 3279 1243 ,
3296 1190 3386 1230 vo-

1798 1275 1923 1320 cant
1946 1265 2150 1322 formas
2169 1267 2289 1324 illas
2308 1284 2427 1338 quae
2444 1267 2690 1322 materiae
2708 1267 3128 1337 imprimuntur;
3156 1267 3385 1323 ablatio-

1798 1371 1921 1411 nem
1938 1372 2089 1425 vero,
2102 1359 2321 1426 quando
2335 1358 2621 1429 qualitates
2638 1372 2667 1411 a
2693 1359 2885 1415 formis
2910 1358 3199 1414 auferuntu
3209 1375 3253 1425 r,
3275 1359 3385 1413 vel-

1797 1451 1926 1505 utia
1954 1460 2097 1505 terra
2134 1451 2356 1506 siccitas
2393 1462 2447 1507 et
2492 1452 2755 1521 gravitas,
2795 1463 2926 1505 tunc
2950 1450 3094 1505 enim
3126 1451 3383 1506 fortassis

1798 1557 1936 1613 aqua
1958 1542 2120 1614 333
2153 1542 2277 1598 erit.
2300 1543 2442 1598 Deus
2470 1544 2634 1614 igitur
2654 1543 2746 1612 qui
2767 1544 2884 1597 liaac
2899 1541 3083 1596 omnia
3109 1540 3381 1595 transfor-

1796 1642 1926 1700 mat,
1952 1635 2195 1691 omnium
2228 1643 2311 1690 est
2333 1636 2530 1706 positio
2553 1645 2607 1690 et
2628 1635 2854 1689 ablatio.
2880 1634 3131 1691 Omnium
3163 1634 3380 1703 quidem

1796 1724 2015 1793 positio,
2031 1724 2192 1794 utqui
2213 1726 2397 1779 omnia
2414 1726 2563 1797 ponit
2580 1737 2633 1781 et
2652 1725 2804 1788 facit,
2823 1736 2987 1796 atque
3003 1735 3064 1780 ut
3080 1725 3382 1780 consistant

1798 1817 2074 1887 disponit;
2107 1818 2161 1872 in
2201 1819 2317 1888 ipso
2360 1819 2505 1872 enim
2544 1827 2745 1873 cuncta
2779 1820 3118 1875 consistunt.
3155 1817 3251 1872 Est
3279 1832 3380 1870 au-

1799 1920 1906 1967 tem
1937 1912 2179 1967 omnium
2215 1911 2444 1976 ablatio,
2469 1921 2528 1966 ut
2556 1911 2647 1981 qui
2696 1912 2986 1982 ipsammet
3016 1927 3200 1966 rerum
3241 1912 3386 1980 νοεὶν

1800 2006 2001 2059 tionem
2045 2019 2110 2059 ac
2155 2005 2491 2060 creationem
2538 2005 2819 2074 componit
2863 2012 3032 2073 atque
3064 2002 3379 2064 concinnat.

1800 2110 1901 2151 nec
1920 2112 2026 2152 non
2059 2096 2241 2151 aufert
2272 2112 2302 2151 a
2336 2097 2498 2152 rebus
2536 2096 2728 2166 positis
2754 2111 2877 2165 qua:
2914 2095 3130 2149 illarum
3168 2102 3381 2147 natura:

1801 2189 2182 2245 adversantur.
2208 2188 2344 2245 Cum
2373 2188 2517 2250 enim
2543 2189 2596 2242 in
2629 2188 2884 2244 confesso
2913 2187 3007 2250 sit,
3040 2200 3105 2239 ea
3131 2200 3253 2254 qua:
3284 2200 3380 2253 ge-

1802 2291 2067 2338 nerantur
2091 2283 2317 2338 omnino
2342 2282 2506 2336 etiam
2533 2281 2840 2351 corrumpi,
2866 2280 2982 2348 ipse
3008 2288 3193 2332 autem
3216 2277 3382 2331 abun-

1800 2373 1984 2429 dantia
2012 2373 2274 2429 bonitatis
2298 2374 2663 2443 quorumdam
2695 2386 2915 2443 quoque
2940 2368 3158 2425 auferat
3186 2381 3379 2421 corru-

1800 2465 2167 2533 ptibilitatem,
2200 2476 2260 2523 ut
2288 2467 2611 2535 angelorum
2656 2475 2823 2535 atque
2874 2464 3221 2525 animarum;
3257 2474 3385 2529 quo-

1801 2559 2049 2619 rumdam
2075 2574 2204 2617 vero
2225 2558 2743 2631 corruptibilitatem
2778 2556 3072 2612 transferat
3098 2552 3165 2607 ad
3195 2554 3381 2606 incor-

1803 2651 2143 2721 ruptionem,
2199 2662 2258 2706 ut
2301 2666 2531 2720 corpora
2574 2660 2760 2705 nostra
2807 2649 2861 2702 in
2934 2645 3378 2702 resurrectione'

1802 2742 2147 2799 manifestum
2212 2752 2298 2799 est
2354 2745 2530 2814 ipsum
2595 2742 2751 2797 nobis
2812 2742 2932 2796 inec
2985 2739 3383 2801 exsistentem,

1801 2850 1967 2906 supra
2017 2835 2351 2905 positionem
2401 2846 2618 2904 quoque
2673 2844 2831 2897 esse,
2889 2837 2945 2884 et
3007 2827 3382 2888 ablationem.

1803 2942 1925 2983 cum
1959 2927 2030 2983 sit
2053 2926 2464 2982 fundamentum
2491 2940 2557 2980 ac
2588 2924 2742 2979 radix
2765 2922 3037 2984 omnium,
3064 2935 3171 2975 non
3199 2919 3381 2989 quoad

1803 3020 2006 3085 locum,
2036 3020 2131 3075 sed
2158 3030 2421 3089 quantum
2461 3018 2530 3073 ad
2557 3030 2801 3072 causam.
2850 3012 3036 3083 Neque
3064 3011 3179 3080 ipse
3214 3011 3381 3064 etiam

103 3139 216 3190 περ
245 3121 307 3173 τὸ
336 3120 590 3191 αἰσθητὸν
630 3121 976 3193 παράδειγμα
1005 3121 1146 3192 ἔχον.
1173 3123 1383 3194 Ὥσπερ
1405 3121 1514 3193 γὰρ
1536 3139 1581 3194 τι

1915 3115 2115 3170 ablatio
2137 3129 2328 3170 eorum
2368 3127 2489 3183 qua;
2521 3112 2722 3175 habet;
2769 3123 2895 3163 nam
2936 3108 3051 3177 ipse
3084 3120 3181 3175 per
3210 3121 3272 3160 se
3297 3105 3387 3159 ba-

101 3211 302 3282 κηρῶν
328 3211 609 3265 ἀπτόντων
649 3211 705 3264 ἕν
746 3229 851 3265 τινι
880 3211 1033 3281 οἴκῳ,
1072 3216 1189 3273 ταῖς
1230 3213 1327 3283 μὲν
1370 3213 1700 3269 ὑποστάσεσι

101 3305 567 3377 διακεκριμένων,
596 3302 675 3374 τῷ
699 3304 754 3357 δὲ
798 3304 937 3373 φωτὶ
979 3303 1265 3375 ἡνωμένην
1291 3304 1391 3375 τήν
1416 3305 1701 3359 κοινωνίαν

101 3402 372 3473 ἐχόντων,
401 3400 492 3452 καὶ
528 3397 704 3460 οὐδεὶς
733 3395 952 3450 δύναται
977 3396 1248 3467 διακρῖναι
1274 3398 1335 3451 τὸ
1362 3397 1536 3452 κοινὸν
1562 3398 1697 3468 φῶς,

103 3490 189 3543 ὅτι
214 3487 381 3542 τοῦτο
416 3488 514 3558 μὲν
539 3486 748 3550 τούτου,
781 3484 938 3538 τοῦτο
960 3486 1016 3539 δὲ
1042 3487 1137 3540 τοῦ
1163 3486 1322 3541 ἄλλου
1358 3488 1698 3561 λαμπτῆρος.

106 3582 302 3635 Ταῦτα
328 3578 520 3643 εἰπὼν,
555 3578 847 3650 μεταφέρει
873 3580 964 3633 τὸν
988 3578 1146 3647 λόγον
1174 3579 1267 3633 ἐπὶ
1290 3581 1351 3633 τὸ
1374 3580 1472 3652 τῆς
1496 3582 1702 3635 οἰκονο-

110 3675 246 3745 μίας
274 3673 594 3744 μυστήριον,
625 3671 800 3724 καὶτὸ
824 3670 1188 3740 Εὐαγγελικδν
1214 3671 1374 3742 ῥητὸν
1417 3672 1699 3744 σαφηνίζει

104 3769 189 3831 τὸ,
232 3766 378 3837 Ἐγὼ
402 3766 472 3820 ἑκ
498 3765 603 3819 τοῦ
630 3763 858 3832 Πατρός
870 3762 1154 3831 ἐξῆλθον,
1173 3766 1269 3818 καὶ
1287 3764 1439 3832 πρὸς
1458 3765 1566 3819 τὸν
1587 3769 1703 3819 Πα-

108 3861 253 3929 τέρα
285 3877 402 3929 μου
434 3856 662 3926 ὑπάγω,
690 3856 854 3929 φησὶν
927 3860 1009 3915 ὅτι
1050 3855 1105 3909 εἴ
1125 3872 1208 3919 τις
1231 3856 1327 3909 ἕνα
1349 3856 1457 3909 τῶν
1481 3858 1703 3929 πυρσῶν

109 3949 559 4019 ὑπεξαγαγέσθαι
574 3947 667 4001 τοῦ
688 3947 964 4017 δωματίου
988 3946 1194 4017 νοήσει,
1212 3946 1364 3999 οὐδέν
1384 3963 1436 3999 τι
1456 3947 1565 3999 τῶν
1591 3947 1705 3999 ἐτέ-

113 4063 224 4116 ρων
256 4042 454 4112 φώτων
473 4038 973 4110 συνεπισπώμενον,
1001 4038 1034 4109 ἢ
1058 4039 1120 4092 τὸ
1145 4036 1337 4091 ἐαυτοῦ
1362 4039 1475 4100 τοῖς
1495 4037 1704 4107 ἐτέροις

110 4137 466 4196 καταλεῖπον,
493 4133 554 4187 τὸ
593 4131 999 4203 ὑπεξαγόμενον
1042 4131 1157 4201 φῶς
1185 4128 1534 4197 ὑπεξάγεται·
1565 4128 1706 4182 οὕτω

109 4233 221 4286 νόει
251 4231 349 4284 καὶ
379 4229 470 4282 ἐπὶ
494 4228 594 4298 τῆς
616 4226 880 4297 ἐνσάρκου
917 4222 1249 4293 οἰκονομίας.
1292 4220 1491 4275 Ἐλθὼν
1525 4222 1554 4274 ὁ
1580 4220 1706 4285 Υίὺς

110 4328 175 4378 ἐκ
198 4323 296 4377 τοῦ
325 4321 557 4391 Πατρὸς,
586 4319 678 4373 καὶ
713 4317 1056 4387 ἐπιδημήσας
1082 4316 1139 4369 ἐν
1163 4315 1242 4386 τῷ
1268 4314 1477 4385 κόσμῳ,
1502 4314 1561 4367 οὺ
1592 4330 1711 4366 συνε

1807 3208 1898 3265 bet
1923 3207 2415 3271 immortalitatem,
2464 3214 2518 3261 et
2553 3198 3297 3271 incomprehensibilitatetn,
3331 3208 3389 3250 et

1804 3299 2409 3373 incognoscibilitatem,
2438 3298 2655 3366 aliaque
2683 3294 2919 3359 similia;
2953 3306 3061 3347 non
3089 3290 3248 3360 quasi
3278 3303 3384 3343 non

1804 3396 1876 3452 sit
1916 3394 2289 3458 contrarium,
2332 3393 2429 3447 sed
2474 3389 2629 3460 juxta
2672 3388 3064 3461 proprietatem
3096 3382 3385 3453 quamdam

1804 3489 2057 3545 oumibus
2085 3484 2411 3542 ineffabilem
2456 3502 2471 3539 :
2517 3498 2643 3538 nam
2670 3490 2963 3550 exemptus
2990 3488 3075 3532 est
3108 3478 3175 3532 ab
3210 3474 3385 3531 omni-

1804 3582 1930 3645 bus,
1956 3590 2011 3638 et
2034 3597 2066 3635 a
2096 3580 2243 3634 nullo
2266 3578 2638 3649 cognoscitur,
2669 3574 2753 3629 vel
2775 3572 3001 3628 omnino
3029 3568 3388 3638 comprehen-

1804 3674 1987 3739 ditur,
2020 3681 2079 3727 ut
2110 3672 2204 3742 qui
2243 3671 2595 3740 semetipsum
2646 3678 2873 3738 propter
2904 3664 3232 3720 infinitatem
3266 3660 3390 3714 sub-

1805 3768 1991 3821 ducat.
2026 3766 2259 3820 Rursum
2286 3772 2369 3819 est
2392 3763 2699 3817 divinarum
2727 3774 2945 3829 quoque
2972 3757 3027 3810 in
3059 3770 3120 3810 se
3152 3753 3386 3808 invicem

1805 3872 2160 3926 personarum
2190 3854 2405 3911 mansio
2428 3867 2480 3906 et
2509 3852 2831 3915 collocatio;
2858 3858 2986 3904 sunt
3013 3847 3161 3903 enim
3195 3860 3386 3905 unum.

1807 3960 1863 4006 et
1906 3966 2094 4016 unum,
2125 3958 2182 4003 et
2210 3962 2375 4001 unum
2404 3984 2421 4010 ,
2451 3955 2505 4000 et
2553 3945 2655 3999 tria
2690 3958 2881 3997 unum.
2908 3940 3047 4008 Quid
3090 3948 3269 3993 autem
3301 3948 3386 3991 est

1806 4044 2018 4101 mansio
2054 4053 2110 4099 et
2130 4041 2438 4104 collocatio,
2467 4049 2528 4096 ut
2555 4038 2683 4094 illud
2717 4059 2732 4095 :
2770 4037 2878 4107 Ego
2902 4038 2959 4090 in
2994 4035 3176 4097 Patre,
3197 4043 3245 4087 et
3280 4032 3390 4086 Pa~

1807 4150 1887 4193 ter
1946 4140 2001 4191 in
2056 4152 2138 4191 me
2198 4145 2274 4190 est
2327 4133 2409 4189 (Ἴ
2452 4134 2530 4188 Ita
2587 4132 2755 4188 etiam
2814 4129 2881 4185 de
2935 4128 3140 4199 Spiritu
3193 4133 3392 4180 sancto

1806 4229 2087 4301 apostolus
2129 4229 2225 4285 ait.
2293 4224 2422 4281 Haec
2479 4225 2691 4280 mansio
2735 4238 2840 4277 non
2883 4231 2971 4278 est
2996 4220 3050 4275 in
3075 4229 3231 4290 parte
3253 4233 3388 4273 con-

1808 4325 1947 4391 fusa,
1993 4323 2133 4377 sicut
2158 4319 2417 4376 sensibile
2455 4317 2766 4387 exemplum
2815 4314 3074 4372 declarat.
3111 4311 3392 4379 Quemad-

112 4415 390 4486 εξήγαγεν
422 4412 601 4483 ἐαυτῷ
639 4412 731 4465 τὸν
774 4410 997 4478 Πατέρα
1041 4410 1137 4464 καὶ
1172 4409 1234 4462 τὸ
1278 4407 1503 4479 Πνεῦμα
1527 4448 1542 4472 ,
1582 4427 1590 4457 ι

1911 4416 2027 4470 dum
2058 4414 2206 4470 cnim
2239 4414 2285 4468 si
2318 4413 2370 4468 in
2402 4412 2583 4481 aliqua
2624 4410 2787 4465 domo
2833 4417 2947 4464 tres
2993 4406 3139 4462 cerei
3192 4420 3389 4460 accen-

114 4510 221 4579 μὴν
248 4508 363 4561 τῶν
384 4506 601 4559 οἰκείων
634 4522 687 4558 τι
716 4504 946 4567 ἐκείνοις
969 4502 1258 4557 κατέλιπεν
1276 4542 1292 4564 ,
1320 4500 1435 4555 ἀλλ’
1463 4501 1588 4555 ἀδια

1915 4520 2033 4576 itur,
2063 4507 2326 4579 subjectis
2351 4507 2571 4576 quidem
2601 4504 2801 4559 diversi
2844 4511 3029 4568 erunt,
3058 4500 3153 4555 sed
3184 4497 3393 4552 lumine

110 4620 202 4655 τον
219 4601 328 4671 τῆς
366 4598 556 4652 ἐαυτοῦ
586 4597 753 4669 μονῆς
789 4596 885 4668 τὴν
916 4596 1093 4662 ἔξοδον
1127 4596 1440 4666 ἐποιήσατο.
1472 4592 1618 4665 Πλὴν
1649 4594 1704 4645 αί

111 4694 220 4747 τῶν
246 4693 516 4762 σωμάτων
540 4689 760 4753 ἐνώσεις
788 4688 898 4745 τῶν
926 4706 984 4743 τε
1016 4687 1368 4758 στοιχειωδῶς
1392 4686 1703 4757 θεωρουμέ-

112 4804 241 4849 νων,
276 4784 374 4837 καὶ
402 4782 511 4836 τῶν
540 4780 714 4844 ἄλλως
756 4798 872 4843 πως
906 4778 1270 4851 μιγνυμένων,
1314 4778 1578 4848 δυνάμεσι
1609 4777 1706 4831 καὶ

114 4877 367 4946 ποιότητι
405 4874 466 4927 τὸ
488 4872 939 4945 παρηλλαγμένον
969 4871 1200 4941 ἔχουσιν·
1234 4867 1494 4932 ὡσαύτως
1527 4869 1621 4922 καὶ
1648 4870 1705 4921 αί

114 4968 347 5039 ψυχικαὶ
372 4966 628 5036 δυνάμεις
656 4965 717 5017 τὸ
745 4964 999 5033 διάφορον
1039 4962 1239 5032 έχουσι,
1271 4961 1364 5014 καὶ
1405 4960 1509 5031 μὴν
1540 4962 1633 5014 καὶ
1653 4962 1707 5013 αἱ

115 5058 223 5111 τῶν
255 5056 509 5126 ἀγγέλων
532 5055 667 5126 πρὸς
696 5055 795 5119 τὰς
843 5054 991 5118 θείας
1023 5052 1317 5123 ἐλλάμψεις
1348 5051 1617 5122 ὲνότητες,
1648 5053 1709 5106 τὸ

117 5150 217 5203 ἀνὰ
252 5150 421 5220 μέρος
447 5148 540 5200 καὶ
568 5146 827 5214 ἀνάλογον
849 5148 969 5210 ταῖς
988 5145 1216 5208 οἰκείαις
1232 5144 1448 5211 τάξεσιν
1470 5144 1703 5216 ἔχουσιν·

117 5242 150 5311 ή
172 5242 229 5295 δὲ
263 5244 325 5295 ἐν
348 5243 415 5311 τῇ
446 5238 575 5310 ἁγία
602 5238 791 5311 Τριάδι
817 5238 1025 5308 ἐνάτης,
1047 5239 1140 5291 καὶ
1157 5239 1256 5291 ὅσα
1279 5236 1502 5307 ταύτης,
1530 5238 1706 5291 οὐδενὶ

118 5335 227 5387 τῶν
259 5332 572 5403 εἰρημένων
598 5330 1022 5401 διακοπτομένη,
1056 5328 1089 5400 ἢ
1118 5328 1327 5383 ἐαυτῶν
1356 5329 1703 5400 διαφέρουσα,

120 5433 348 5494 εἰκότως
401 5429 543 5499 ὑπὲρ
576 5427 784 5491 ταύτας
818 5426 917 5489 τὰς
956 5426 1179 5491 ἐνώσεις
1221 5420 1359 5479 εἶναι
1404 5422 1702 5489 δοξάζεται.

133 5524 525 5597 ’Υπερίδρυται
556 5523 655 5593 μὲν
686 5523 718 5594 ή
748 5519 1071 5591 ὑπερούσιος
1112 5518 1325 5583 ἐνωσις.
1363 5518 1422 5571 οὐ
1456 5517 1563 5572 τῶν
1603 5536 1709 5571 σω-

199 5659 247 5697 (³
276 5658 436 5713 Jnan.
473 5673 527 5721 κ,
558 5655 649 5711 58.
729 5658 754 5694 κ
784 5653 941 5709 Joan.
970 5670 1077 5719 xw,
1102 5633 1202 5708 ‘38.~

1813 4603 1949 4659 uniti
1972 4602 2074 4657 sibi
2100 4601 2332 4656 invicem
2356 4596 2841 4653 couununicabunt
2863 4612 2877 4661 ;
2902 4608 3075 4663 neque
3100 4590 3388 4661 quisquam

1813 4704 1989 4768 potest
2020 4709 2305 4750 commune
2330 4693 2511 4747 lumen
2537 4690 2865 4750 discernere,
2897 4685 3168 4756 quodnam
3193 4682 3265 4736 sit
3297 4680 3393 4733 hu-

1807 4790 1917 4859 jus,
1936 4787 2147 4858 etquod
2166 4786 2390 4841 alterius
2409 4784 2715 4841 luminaris.
2746 4779 2870 4835 [iam
2892 4778 2983 4834 ubi
3020 4776 3185 4841 dixit,
3210 4781 3389 4828 trans-

1813 4882 1919 4937 fert
1958 4896 2264 4936 sermonem
2310 4880 2379 4934 ad
2433 4878 2753 4949 mysterium
2815 4868 3282 4941 dispensationis,
3335 4873 3392 4921 et

1812 4975 2185 5047 evangelicum
2223 4973 2354 5027 illud
2382 4971 2583 5027 dictum
2618 4967 2961 5036 explanatis:
3007 4960 3120 5031 Ego
3156 4977 3188 5013 α
3232 4958 3393 5012 Patre

1817 5067 1986 5131 exivi,
2023 5073 2075 5117 et
2118 5062 2188 5118 ad
2223 5060 2442 5117 Patrem
2470 5074 2643 5113 meum
2677 5056 2810 5113 vado
2858 5056 2905 5119 ⁸,
2932 5054 3009 5108 ait
3039 5069 3053 5105 :
3080 5050 3153 5109 Ut
3198 5052 3246 5109 si
3278 5052 3405 5122 quis

1818 5172 1985 5214 unam
2014 5156 2189 5213 facem
2212 5167 2498 5210 accensam
2532 5166 2563 5206 e
2590 5149 2756 5205 domo
2785 5147 2943 5204 educi
2968 5146 3242 5218 intelligit,
3268 5146 3403 5200 nihil

1816 5254 2049 5311 aliorum
2094 5251 2365 5308 luminum
2422 5262 2610 5304 secum
2665 5245 2889 5301 trahens
2922 5243 3005 5297 vel
3047 5243 3114 5298 de
3147 5256 3250 5297 suo
3296 5256 3401 5294 cae-

1816 5348 1948 5404 teris
1970 5343 2506 5417 relinquens,lumen
2537 5340 2795 5396 eductum
2826 5336 3077 5392 educitur
3097 5350 3112 5400 ;
3132 5334 3213 5388 sic
3235 5332 3401 5386 etiam

1816 5441 2056 5512 intelligo
2114 5440 2169 5493 in
2234 5434 2644 5507 dispensatione
2705 5428 3123 5485 lncarnationis.
3189 5425 3402 5495 Quippe

1815 5535 1987 5591 Filius
2028 5550 2060 5590 a
2096 5532 2258 5589 Patre
2316 5528 2580 5593 veniens,
2633 5533 2686 5582 ct
2739 5524 2795 5579 in
2850 5524 2953 5578 hoc
3011 5519 3217 5575 mundo
3265 5534 3398 5575 con-

1410 5720 1645 5777 VARIIE
1712 5709 2116 5772 LECTIONES.

202 5800 281 5867 ἓν,
310 5799 533 5857 Maxim.
562 5795 921 5853 vroridcntiis.
