3742 6308
371 310 477 374 867
1552 317 1606 383 Sr.
1643 326 1942 385 DlONYSll
1978 331 2440 392 AREOPAGITIE

3550 348 3636 406 εει

373 440 626 487 versatus
648 447 751 488 non
770 434 960 490 eduxit
985 445 1170 491 secum
1192 430 1435 505 Patrem,
1459 455 1633 510 neque
1655 443 1851 512 Spiritu

2157 450 2303 505 :txd'iv
2337 452 2498 523 μόνον
2527 448 2793 521 ένώσεων,
2825 452 2960 513 ἀλλὰ
2987 460 3082 513 καὶ
3108 460 3218 513 τῶν
3245 464 3308 516 ὲν
3328 463 3537 534 ψυχαῖς
3560 469 3635 520 αὑ-

372 536 552 591 neque
572 523 863 592 quidquam
889 526 991 580 sibi
1016 529 1296 595 proprium
1326 530 1391 584 iis
1420 531 1658 601 reliquit,
1684 536 1780 588 sed
1795 537 1950 602 jliunc

371 624 654 681 egressum
689 628 718 667 a
747 615 828 667 sui
860 615 1028 685 ipsius
1059 619 1342 675 mansione
1373 620 1499 677 fecit
1530 624 1694 696 334
1728 626 1951 681 indivul-

324 706 329 713 ‘
370 715 513 759 sum.
557 702 824 758 Caeterum
859 706 1091 760 uniones
1138 723 1434 778 corporum
1464 728 1587 781 qua:
1619 716 1952 772 elementali—

373 799 458 844 ter
498 792 941 857 considerantur.
977 806 1141 866 atque
1165 799 1271 854 alio
1298 801 1535 869 quodam
1564 806 1723 860 modo
1752 807 1951 875 permi—

371 892 621 949 scentur,
649 885 946 941 virtutibus
972 898 1026 942 et
1054 889 1409 958 qualitatibus
1436 906 1855 964 permutantur;
1877 898 1951 952 si-

366 974 570 1029 militer
618 992 836 1046 quoque
894 979 1185 1037 facultates
1230 985 1492 1041 animales
1541 1001 1697 1041 suam
1750 990 1952 1047 habent

367 1062 771 1132 differentiam;
809 1070 938 1137 quin
984 1082 1037 1125 et
1068 1074 1385 1142 angelorum
1418 1091 1543 1131 cum
1586 1078 1785 1135 divinis
1831 1082 1951 1136 illu-

365 1156 723 1213 strationibus
784 1161 1057 1218 unitiones
1110 1180 1208 1233 pro
1278 1167 1530 1221 ordinum
1602 1172 1947 1239 propriorum

366 1255 522 1314 parte
566 1262 632 1302 ac
669 1252 1023 1319 proportione
1060 1254 1219 1309 fiunt.
1267 1257 1538 1315 Divinitas
1578 1276 1708 1316 vero
1747 1276 1950 1321 sancta:

366 1334 675 1406 Trinitatis,
702 1352 757 1397 et
782 1344 1049 1414 quidquid
1076 1347 1192 1415 ejus
1226 1356 1331 1414 est,
1360 1351 1506 1405 nullo
1530 1354 1797 1411 dictorum
1830 1374 1947 1414 mea

365 1427 433 1481 do
464 1429 728 1496 dissecta,
760 1442 853 1487 aut
887 1453 915 1489 a
966 1451 1025 1491 se
1051 1438 1287 1504 diversa,
1322 1444 1519 1497 merito
1549 1457 1805 1502 censetur
1828 1465 1949 1507 esse

364 1535 533 1590 supra
561 1523 701 1578 istas
730 1526 982 1582 uniones.
1012 1528 1494 1598 Supercollocatur
1523 1538 1665 1591 enim
1694 1540 1823 1593 unio
1854 1557 1948 1596 su-‘

364 1614 847 1678 persubstantialis
870 1632 973 1672 non
1004 1629 1211 1675 tantum
1240 1625 1540 1693 corporeis,
1564 1642 1749 1683 verum
1782 1633 1945 1686 etiam

364 1704 434 1760 iis
462 1722 582 1775 qua:
622 1709 676 1763 in
710 1711 1033 1779 animabus,
1075 1716 1207 1784 quin
1250 1728 1304 1771 et
1348 1719 1401 1773 in
1454 1720 1700 1790 ipsismet
1739 1727 1948 1795 angelis

2051 545 2191 608 ταῖς,
2222 545 2318 598 καί
2349 546 2547 616 μᾶλλον
2586 549 2646 602 ὲν
2674 545 2858 616 αὐτοῖς
2896 554 3011 618 τοῖς
3038 546 3314 623 ἀγγέλοις,
3339 552 3409 620 ἃς
3436 554 3506 628 δὴ
3534 560 3638 612 tui»

2055 652 2168 701 σεις
2198 638 2350 703 θείας
2389 640 2569 711 έχουσι
2594 644 2662 698 τὰ
2688 645 3055 718 ὑπερουράνια
3092 648 3275 718 φῶτα,
3310 652 3363 702 οἰ
3406 651 3634 719 ἄγγελοι,

2052 730 2287 800 ἁμιγῶς,
2318 731 2659 805 ἀσυγχύτως,
2694 738 2789 791 καί
2813 736 3220 811 ύπερκοσμίως,
3254 740 3355 795 ὅλα
3394 742 3467 795 δι’
3495 744 3633 797 ὄλων-

2050 820 2111 873 οὑ
2151 822 2260 895 γὰρ
2302 826 2545 898 μερικῶς
2581 830 3003 901 ὲπιὸραὸεύεται
3038 834 3247 899 τούτοις
3276 837 3311 907 ἡ
3341 836 3633 907 ἔλλαμψις,

2052 910 2166 964 ἀλλ’
2192 908 2471 981 ὀλοτελῶς,
2502 920 2549 972 εἰ
2593 921 2832 976 κάκεῖνοι
2859 925 2994 996 πρὸς
3017 925 3077 979 τὸ
3107 926 3334 981 δυνατὸν
3366 931 3468 982 καὶ
3497 930 3637 1000 μόνον

2052 1003 2315 1061 ὲνοῦνται.
2343 1002 2571 1082 Ὥσπερ,
2599 1011 2750 1083 ἡλίου
2775 1015 3034 1081 ὁλοτελῶς
3056 1018 3493 1090 ἐπιλάμποντος,
3527 1022 3636 1073 ἔκα-

2054 1108 2176 1150 στον
2204 1099 2340 1170 πρὸς
2363 1101 2423 1154 τὺ
2450 1100 2672 1157 δυνατὸν
2700 1107 2801 1173 ,τοῦ
2833 1107 3009 1177 φωτὸς
3041 1104 3428 1182 μεταλαμϐάνε
3440 1130 3479 1173 ι,
3511 1112 3635 1165 οὓτω

2053 1187 2145 1239 καὶ
2171 1184 2262 1242 ἐπὶ
2286 1193 2397 1255 τοῖς
2422 1193 2674 1263 ἀγγέλοις
2695 1197 2925 1265 γίνεται,
2946 1200 3086 1253 κατὰ
3105 1200 3203 1272 τὴν
3226 1203 3532 1272 ἀναλογίαν
3553 1206 3634 1256 αὲο

2050 1275 2179 1341 τῶν,
2202 1279 2302 1349 τῆς
2329 1279 2476 1345 θείας
2497 1284 2590 1336 καὶ
2616 1284 3005 1357 ύπερηρμένης
3029 1283 3275 1354 ένὼσεως
3298 1293 3633 1363 μετέχουσιν.

2054 1368 2209 1420 Ἐστι
2234 1369 2505 1440 διάκρισις
2530 1374 2587 1426 ὲν
2612 1378 2732 1439 ταῖς
2754 1376 3069 1448 θεολογίαις,
3098 1380 3195 1450 οὐχ
3214 1381 3280 1451 ἦν
3306 1380 3532 1450 ἔφημεν
3557 1384 3637 1451 pr}

2050 1474 2139 1511 vov
2180 1459 2459 1531 πρότερον,
2500 1464 2579 1516 ὅτι
2612 1465 2929 1537 ἀσυγχύτως
2956 1471 3035 1533 εἰς
3073 1472 3223 1541 τρεῖς
3273 1470 3633 1535 Ὑποστὰσεις

2049 1552 2388 1623 διακέκριται
2416 1552 2793 1631 ἁδιαιρέτωςὴ
2831 1557 2951 1617 Θεία
2990 1565 3083 1617 καὶ
3126 1566 3270 1637 ἁπλῆ
3307 1567 3503 1635 φύσις·

2049 1641 2131 1694 ὅτι
2162 1643 2256 1696 καὶ
2280 1643 2341 1696 τὸ
2372 1646 2466 1698 τοῦ
2504 1645 2717 1720 Πατρὸς
2741 1649 2986 1722 αὔχημα,
3028 1652 3274 1724 δηλονότι
3296 1658 3333 1727 ἡ
3375 1656 3633 1726 θεογονία,

2049 1732 2149 1784 οὐκ
2198 1733 2542 1806 ἀντιστρέφει
2590 1738 2726 1809 πρὸς
2771 1739 2957 1793 τᾶλλα.
3000 1742 3151 1814 Μόνη
3200 1742 3309 1815 γὰρ
3352 1745 3515 1816 πηγὴ
3550 1745 3637 1813 τῆς

363 1800 710 1869 contingunt,
746 1817 882 1871 quas
924 1805 1108 1876 utique
1137 1808 1347 1864 divinas
1394 1812 1623 1868 uniones
1660 1815 1748 1870 illa
1782 1817 1837 1870 lu

2164 1800 2403 1895 pouaiou'
2423 1800 2673 1899 Θεὸτητος
2707 1800 2749 1883 ήό
2796 1831 2986 1904 Πατὴρ
3012 1873 3027 1898 ,
3096 1800 3515 1903 φυλαττόντων,

363 1891 517 1945 naria
548 1896 984 1964 superctelestia,
1007 1899 1215 1956 scilicet
1245 1902 1442 1973 angeli,
1470 1905 1825 1975 impermiste,
1862 1913 1943 1966 in-

363 1984 613 2053 confuse,
646 1998 700 2042 et
725 1994 1243 2059 supermuudialiter
1272 2004 1381 2050 tota
1412 2010 1470 2051 se
1501 1999 1628 2053 totis
1657 2001 1904 2057 obtinent
1931 2020 1947 2071 ;

360 2092 469 2133 non
529 2080 672 2134 enim
719 2083 1031 2150 partialiter
1095 2088 1179 2143 bis
1243 2088 1538 2144 illustratio
1591 2095 1941 2164 conceditur,

358 2174 455 2230 sed
501 2180 726 2231 omnino
757 2180 990 2251 integre,
1028 2184 1244 2238 tametsi
1279 2198 1496 2254 quoque
1526 2200 1626 2254 pro
1651 2198 1811 2259 captu
1847 2206 1946 2246 suo

358 2267 626 2323 duntaxat
688 2271 969 2325 liniantur.
1027 2274 1496 2340 Quemadmodum
1556 2279 1669 2333 sole
1723 2282 1947 2337 omnino

2053 1917 2236 1989 ὓμνων
2253 1919 2489 1985 εὐσεϐῶς
2511 1921 2577 1975 τὰ
2601 1919 2775 1976 οίκεία
2790 1925 2995 1999 ἑκάστῃ
3011 1927 3117 1979 τῶν
3144 1928 3237 1981 θεα
3247 1930 3456 2000 ρχικῶν
3489 1930 3638 1983 Ύπο-

2053 2012 2314 2065 στάσεων.
2347 2012 2476 2065 Ἰδοὺ
2504 2016 2597 2068 καὶ
2612 2016 2772 2086 ἑτέρα
2797 2017 3091 2088 διάκρισις,
3116 2020 3239 2073 καθ’
3268 2020 3337 2091 ἢν
3364 2022 3638 2093 suum-

2049 2118 2139 2155 ται
2166 2106 2194 2156 ὁ
2222 2103 2411 2176 Πατὴρ
2435 2104 2547 2159 τῶν
2572 2108 2850 2173 αἰτιατῶν,
2903 2110 3033 2163 Υἰοῦ
3060 2127 3120 2163 τε
3159 2112 3252 2164 καὶ
3294 2112 3637 2184 Evadunt-0;.

2050 2188 2218 2247 Αὗται
2244 2196 2342 2266 μὲν
2366 2198 2420 2249 αἰ
2448 2197 2567 2250 κατ’
2594 2199 2811 2269 ἐκείνην
2837 2199 2935 2271 τὴν
2961 2201 3198 2273 ἄρρητον
3241 2204 3486 2275 φυσικὴν
3510 2206 3636 2258 ἒνωο

2054 2303 2138 2339 σιν
2165 2286 2387 2353 ἐνώσεις
2405 2306 2465 2341 τε
2489 2290 2582 2343 καὶ
2606 2290 2925 2364 διακρίσεις.

359 2358 600 2425 perfecte
628 2360 981 2419 illucescente
1016 2367 1279 2434 quidlibet
1311 2384 1406 2437 pro
1430 2380 1589 2441 captu
1625 2388 1725 2428 suo
1758 2372 1939 2428 lumen
1975 2378 2294 2448 participat,
2339 2382 2411 2435 ita
2474 2383 2636 2437 etiam
2672 2358 2976 2455 in'angelis
3021 2389 3305 2458 contingit,
3372 2390 3505 2444 dum
3558 2406 3636 2445 se.

356 2451 592 2505 cundum
632 2456 1037 2523 proportionem
1092 2474 1245 2513 suam
1277 2461 1473 2519 divinae
1528 2466 1673 2521 illius
1733 2479 1788 2522 et
1848 2472 2302 2536 supereminentis
2363 2476 2580 2533 unionis
2636 2480 2928 2549 participes
2980 2483 3276 2538 exsistunt.
3326 2484 3430 2540 Est
3474 2487 3631 2538 etiam

355 2540 640 2598 distinctio
692 2545 744 2597 in
799 2545 1034 2613 divinis,
1087 2564 1193 2604 non
1254 2566 1317 2606 ea
1370 2564 1577 2617 tantum
1623 2572 1786 2626 quam
1843 2562 1994 2630 prius
2060 2564 2325 2630 diximus,
2389 2568 2533 2636 quod
2597 2569 2883 2626 inconluse
2920 2574 2972 2627 in
3022 2582 3130 2629 tres
3172 2575 3451 2631 Personas
3499 2578 3634 2633 iudi-

357 2635 519 2689 vidua
566 2636 905 2707 simplexque
972 2651 1167 2695 natura
1225 2645 1403 2700 divina
1468 2649 1778 2717 dividatur,
1847 2668 2033 2707 verum
2093 2657 2260 2711 etiam
2314 2660 2496 2715 Patris
2553 2661 2736 2729 notio,
2786 2664 2996 2720 scilicet
3067 2668 3242 2721 activa
3307 2669 3407 2723 Dei
3468 2684 3631 2739 gene-

357 2730 517 2795 ratio,
542 2744 665 2783 cum
694 2730 816 2786 aliis
847 2747 955 2787 non
1014 2745 1389 2794 convertatur.
1453 2741 1617 2796 Pater
1660 2746 1804 2798 enim
1858 2747 2006 2803 solus
2043 2748 2165 2805 fons
2213 2764 2298 2807 est
2344 2756 2819 2823 'superessentialis
2847 2760 3095 2824 Deitatis,
3139 2761 3383 2830 qualibet
3427 2763 3633 2817 divina-

356 2837 473 2877 rum
527 2820 893 2878 Personarum
954 2828 1305 2897 preprietatis
1367 2846 1478 2886 sua:
1531 2834 1718 2890 laudes
1766 2836 2018 2906 religiose
2068 2820 2550 2899 conservantibus.
2598 2845 2741 2902 Ecce
2799 2850 2963 2903 etiam
3017 2851 3178 2905 aliam
3222 2854 3630 2907 distinctionem

354 2918 653 2972 secundum
695 2934 871 2989 quam_
892 2921 1056 2979 Pater
1096 2926 1165 2980 ab
1216 2926 1424 2984 eﬂ‘ectis
1452 2929 1575 2985 Filii
1611 2942 1669 2986 et
1701 2930 1940 3002 Spiritus
1974 2938 2149 2992 sancti
2175 2937 2549 3008 distinguitur.
2582 2939 2675 2994 liae
2703 2942 2920 3010 quidem
2969 2956 3096 3000 sunt
3129 2948 3362 3003 uniones
3398 2960 3455 3003 et
3522 2951 3629 3005 dis-

354 3007 643 3065 tinctiones
674 3011 729 3065 in
755 3012 845 3067 illa
869 3014 1126 3072 ineffabili
1162 3019 1364 3075 unione
1389 3023 1649 3077 naturali.

422 3104 450 3174 §
486 3101 549 3156 V.
586 3103 681 3159 Est
715 3108 881 3161 etiam
910 3110 1206 3165 secundum
1240 3109 1403 3167 aliam
1450 3114 1720 3169 rationem
1750 3116 1896 3171 divin

2165 3113 2227 3169 γ.
2265 3114 2422 3168 ,Ἐστι
2451 3116 2546 3170 καὶ
2576 3118 2698 3170 κατ’
2728 3117 2885 3171 ἄλλον
2914 3118 3068 3188 λόγον
3110 3120 3229 3175 θεία
3270 3124 3571 3196 διάκρισις,
3600 3130 3627 3197 ἡ

350 3194 650 3263 distinctio,
693 3197 783 3251 illa
828 3199 922 3253 Dei
964 3210 1191 3271 propter
1228 3202 1618 3258 abundantiam
1670 3206 1931 3262 bonitatis

348 3288 623 3342 emanatio
654 3288 721 3342 ad
750 3290 1075 3360 multiplices
1108 3304 1219 3348 tam
1278 3295 1573 3353 invusibilis
1603 3314 1765 3367 quam
1803 3300 1933 3354 visi-

350 3377 474 3432 bilis
504 3388 773 3434 creaturze
806 3380 1033 3437 formas.
1068 3382 1238 3440 Porro
1288 3386 1645 3457 providentia:
1688 3390 1931 3460 benigni-

352 3477 603 3539 tatesque
637 3474 957 3539 creationis,
992 3477 1148 3537 trinze
1190 3478 1383 3532 unitati
1426 3489 1553 3534 sunt
1594 3496 1930 3538 communes.

351 3558 429 3615 Ne
453 3561 660 3633 itaque,
687 3580 806 3619 cum
831 3568 1017 3623 audies
1041 3570 1474 3636 distinctionem,
1505 3574 1930 3643 existimaveris,

351 3653 445 3706 uni
500 3671 717 3725 quoque
782 3655 1044 3716 Persona:
1105 3663 1268 3717 alicui
1337 3665 1565 3719 seorsim
1620 3677 1933 3738 competere

352 3745 686 3801 creationem
737 3749 1224 3817 providentiamve,
1266 3755 1364 3809 sed
1422 3755 1795 3812 distinctiones
1836 3775 1931 3830 ap-

348 3835 575 3903 pellavit
623 3841 1004 3897 emanationes
1070 3845 1364 3900 creationis
1419 3862 1485 3901 ac
1549 3849 1931 3918 providentia},

351 3934 610 3997 tanquam
639 3929 940 3988 effusiones
976 3935 1236 3992 bonitatis
1263 3952 1295 3992 a
1347 3938 1504 3992 beata
1552 3950 1608 3994 et
1647 3940 1932 3998 inconfusa

349 4018 622 4079 Trinitate
651 4024 964 4090 distinctas.
995 4030 1293 4086 secundum
1318 4047 1455 4103 quas
1494 4049 1523 4087 a
1566 4035 1930 4102 participatis,

350 4111 564 4167 scilicet
592 4113 775 4182 donis,
808 4127 863 4174 et
898 4121 1385 4191 participantibus,
1440 4122 1652 4179 scilicet
1700 4124 1931 4191 effectis,

349 4206 643 4263 laudantur
670 4226 733 4265 ea
774 4228 893 4282 quae
940 4214 1339 4286 imparticipate
1366 4216 1785 4286 participantur.
1825 4219 1932 4272 lm-

349 4301 676 4371 participate
714 4315 895 4359 autem
928 4307 1289 4376 participatur
1318 4310 1480 4371 Deus,
1511 4309 1673 4380 335
1709 4313 1801 4381 qui
1839 4330 1934 4365 na-

351 4401 471 4444 tura
501 4406 595 4446 sua
626 4392 679 4446 in
706 4395 1162 4452 tribussubsistit
1205 4398 1498 4465 Personis;
1527 4403 1793 4471 siquidem
1830 4406 1933 4458 hoc

2031 3205 2121 3261 διὰ
2146 3206 2350 3278 πλῆθος
2374 3206 2711 3279 ἁγαθότητος
2738 3209 2964 3281 πρόοδος
3002 3210 3097 3264 τοῦ
3137 3212 3273 3266 Θεοῦ
3302 3218 3384 3279 εἰς
3410 3219 3513 3290 τὴν
3546 3236 3631 3270 πο-

2032 3299 2267 3353 λυειδίαν
2308 3300 2408 3370 τῆς
2456 3299 2817 3372 δημιουργίας
2853 3303 2954 3372 τῆς
2994 3305 3224 3375 ἀοράτου
3266 3309 3363 3361 καί⁸
3407 3311 3624 3379 ὁρατῆς.

2033 3392 2226 3445 Κοιναί
2253 3391 2310 3445 δέ
2336 3394 2443 3444 εἰσι
2483 3392 2584 3461 τῆς
2608 3396 3039 3464 τρισυποστὰτου
3079 3396 3263 3462 ένάδος
3293 3401 3349 3451 αἱ
3375 3400 3629 3471 δημιουρ-

2033 3484 2189 3551 γικαὶ
2213 3483 2461 3554 πρόνοιαί
2492 3500 2556 3535 τε
2585 3483 2679 3537 καὶ
2707 3484 3059 3556 ἀγαθότητες,
3105 3485 3195 3558 Μὴ
3222 3488 3353 3556 γοῦν
3390 3490 3627 3561 ἀκούσης

2033 3574 2323 3644 διάκρισιν,
2355 3576 2446 3628 καὶ
2480 3575 2728 3646 νομίσῃς,
2757 3576 2837 3628 ὃτι
2858 3574 3289 3647 διακεκριμένως
3330 3578 3432 3648 μία
3472 3579 3627 3631 Ὑπό-

2037 3682 2226 3729 στασις
2276 3665 2388 3736 ἔχει
2432 3665 2529 3736 τὴν
2566 3665 2925 3737 δημιουργίαν
2968 3665 3001 3737 ἢ
3043 3667 3140 3738 τὴν
3184 3668 3463 3738 πρόνοιανδ
3495 3671 3624 3723 ἀλλὰ

2034 3756 2333 3828 διακρίσεις
2360 3752 2511 3810 εἶπον
2531 3756 2630 3821 τὰς
2656 3758 2914 3830 προόδους
2928 3759 3028 3828 τῆς
3042 3759 3105 3829 δη
3114 3761 3402 3832 μιουργίας
3426 3765 3519 3816 καὶ
3534 3767 3623 3835 τῆς

2035 3848 2311 3918 προνοίας,
2342 3847 2417 3911 ὥς
2441 3865 2592 3911 τινας
2617 3848 2803 3919 χύσεις
2841 3849 3174 3920 ἁγαθότητος
3201 3850 3623 3923 διακεκριμένας

2034 3939 2143 3992 ἀπὸ
2163 3939 2265 4009 τῆς
2293 3940 2566 4010 μακαρίας
2593 3940 2687 3992 καὶ
2711 3940 3016 4011 ἀσυγχύτου
3049 3941 3295 4011 Τριάδος,
3326 3944 3449 3997 καθ’
3474 3946 3539 4009 ἂς
3564 3948 3622 3997 ἐκ

2034 4029 2141 4083 τῶν
2167 4029 2430 4100 μετοχῶν,
2448 4029 2687 4100 δηλονότι
2714 4030 2823 4083 τῶν
2848 4030 3089 4099 δωρεῶν,
3118 4032 3212 4083 καὶ
3234 4030 3345 4083 τῶν
3375 4035 3621 4105 μετεχὸνι

2034 4138 2164 4185 των,
2193 4121 2300 4173 τῶν
2330 4122 2584 4175 αἰτιατῶν
2610 4122 2886 4192 δηλονότι,
2919 4122 3168 4193 ὑμνεῖται
3209 4122 3277 4175 τὰ
3308 4124 3619 4194 ἀμεθέκτως

2039 4215 2393 4285 μετεχόμενα.
2420 4214 2793 4285 Μετεχόμενον
2820 4214 2876 4266 δέ
2903 4216 3050 4266 ἐστιν
3071 4215 3392 4285 ἀμεοέκτως
3417 4219 3450 4288 ἡ
3475 4234 3619 4288 τρισ-

2034 4307 2335 4371 υπόστατος
2378 4306 2537 4376 φύσις
2577 4308 2605 4360 ὁ
2649 4306 2816 4371 Θεὸς,
2857 4308 2950 4359 καί
2988 4307 3148 4360 τοῦτο
3189 4310 3300 4379 γὰρ
3351 4311 3529 4363 κοινὸν
3554 4312 3613 4377 τῇ

2034 4384 2392 4471 ὅληθεὸτητι,
2423 4400 2482 4453 τὸ
2527 4400 2707 4453 πᾶσαν
2747 4398 2917 4470 αὐτὴν
2960 4400 3089 4470 ὃλην
3129 4401 3220 4469 ὑφ’
3251 4402 3487 4454 ἑκάστου
3516 4403 3615 4453 τῶν

352 4482 447 4537 toti
481 4482 753 4539 divinitati
786 4501 1071 4543 commune
1120 4498 1225 4557 est,
1264 4506 1483 4546 onmem
1541 4496 1713 4563 ipsam
1757 4505 1830 4549 tot

2138 4492 2368 4562 εχόντων
2393 4491 2711 4563 μετέχεσθαι
2736 4531 2752 4555 ,
2792 4494 2886 4545 καί
2916 4493 3016 4545 οὐκ
3054 4494 3112 4545 ὲν
3144 4492 3299 4563 μέρει
3323 4532 3337 4556 ,
3366 4496 3416 4545 εἰ
3444 4495 3534 4546 καὶ
3554 4493 3614 4543 τὰ

347 4587 379 4625 a
419 4574 665 4641 quolibet
716 4577 1158 4647 participantium
1211 4583 1552 4654 participari,
1602 4596 1657 4640 et
1710 4602 1816 4640 non
1877 4590 1928 4642 in

346 4678 531 4732 parte.
598 4668 815 4722 tametsi
875 4670 1270 4739 participantia
1309 4676 1605 4730 secundum
1657 4680 1930 4748 propriam

345 4757 657 4812 facultatem
700 4773 820 4814 eam
863 4762 1223 4832 participent,
1260 4766 1714 4835 quemadmodum
1754 4769 1930 4822 valida

346 4864 481 4906 voce
511 4852 773 4915 excitata,
813 4869 1111 4923 praesentes
1153 4874 1347 4916 omnes
1395 4877 1495 4931 pro
1528 4862 1791 4920 facultate
1828 4882 1925 4922 sua

344 4945 592 4999 eamdem
641 4950 969 5017 percipiunt,
1000 4962 1056 5005 et
1098 4952 1200 5020 vir,
1228 4962 1283 5009 et
1314 4969 1472 5023 puer,
1504 4967 1558 5012 et
1597 4959 1757 5013 bruta
1784 4977 1797 5013 :
1833 4966 1929 5015 sed

347 5033 423 5088 illi
457 5036 674 5103 quidem
717 5040 1010 5105 valentius,
1034 5044 1086 5097 hi
1116 5060 1245 5101 vero
1281 5047 1592 5112 remissius,
1620 5052 1924 5107 secundum

347 5120 626 5179 facultatis
670 5129 924 5184 audiendi
971 5131 1297 5189 eilicaciam.
1350 5138 1531 5206 Atque
1557 5144 1932 5196 communica—

343 5208 469 5264 bilis
498 5219 582 5265 est
614 5227 736 5279 vox,
782 5224 836 5271 et
883 5217 937 5271 in
977 5231 1036 5272 se
1067 5220 1181 5289 ipsa
1226 5222 1762 5283 ineommunicabilis
1816 5244 1927 5282 ma-

345 5315 499 5358 nens.
566 5304 683 5371 Vel,
732 5308 887 5376 juxta
934 5314 1180 5382 exempla
1241 5318 1538 5386 proposita,
1582 5319 1725 5373 sicut
1771 5320 1930 5377 lineze

344 5405 495 5449 recte
536 5409 567 5449 a
604 5398 1048 5458 circumferentia
1100 5417 1290 5462 centro
1348 5410 1541 5465 circuli
1597 5411 1929 5478 incidentes,

340 5485 477 5544 illud
510 5489 720 5562 integre
761 5494 1113 5567 participant,
1147 5509 1200 5554 et
1239 5516 1344 5555 non
1375 5518 1444 5557 ex
1469 5516 1644 5573 parte,
1670 5505 1929 5575 quoniam

343 5590 626 5650 punctum,
659 5586 803 5654 quod
832 5594 887 5641 et
912 5597 1158 5644 centrum
1187 5604 1292 5659 est,
1316 5604 1473 5663 parte
1498 5606 1686 5663 caret;
1718 5608 1773 5653 et
1811 5598 1927 5654 sic-

344 5682 404 5727 ut
443 5688 505 5727 ea
549 5689 668 5744 qua:
702 5693 962 5747 expressa
998 5693 1123 5737 sunt
1175 5685 1415 5741 totaliter
1452 5696 1505 5743 et
1532 5705 1638 5744 non
1677 5706 1743 5744 ex
1774 5702 1930 5761 parte

343 5758 580 5836 sigillum
629 5769 974 5842 participant.
1027 5772 1162 5830 Dum
1203 5788 1379 5832 autem
1422 5781 1664 5852 exempla
1695 5758 1924 5854 profert,

2036 4585 2335 4655 μετέχοντα
2349 4584 2487 4637 κατὰ
2507 4585 2605 4655 τὴν
2625 4584 2831 4638 οἰκείαν
2855 4585 3143 4655 μετέχουσι
3165 4584 3418 4656 δύναμιν,
3437 4584 3615 4654 ῶσπερ

2032 4675 2214 4746 φωνῆς
2247 4675 2488 4746 μεγάλης
2517 4675 2816 4747 γενομένης
2847 4674 3086 4739 ἅπαντες
3108 4676 3431 4747 μετέχουσιν
3451 4679 3499 4729 οἰ
3522 4692 3614 4727 πα-

2037 4765 2219 4837 ρόντες
2242 4766 2382 4820 κατὰ
2406 4767 2503 4839 τὴν
2537 4768 2745 4821 οἰκείαν
2778 4767 3007 4839 δύναμιν
3027 4808 3042 4831 ,
3075 4769 3168 4821 καὶ
3199 4766 3362 4839 ἀνὴρ,
3397 4768 3492 4821 καὶ
3526 4767 3613 4835 νή-

2033 4876 2189 4925 πιον,
2219 4861 2314 4913 καὶ
2336 4852 2523 4928 ἄλογον
2565 4860 2679 4914 ἀλλ’
2721 4863 2770 4915 οἰ
2809 4862 2906 4932 μὲν
2945 4862 3452 4933 ἐρρωμενέστερον,
3484 4866 3528 4915 οἰ
3556 4861 3609 4914 δὲ

2032 4954 2400 5027 ἀμυδρότερον
2428 4956 2563 5026 πρὸς
2589 4955 2688 5027 τὴν
2708 4955 2807 5025 τῆς
2828 4957 3159 5028 ἀκουστικῆς
3185 4959 3493 5029 ἐνέργειαν.
3513 4958 3609 5012 Καὶ

2032 5044 2147 5099 ἔστι
2169 5047 2462 5119 μεθεκτικὴ
2478 5050 2511 5119 ἡ
2528 5048 2699 5119 φωνὴ,
2718 5049 3017 5121 ὲφξέαυτῆς
3032 5050 3337 5121 ἁμέθεκτος
3363 5054 3602 5123 μένουσα.

2034 5138 2124 5202 Ἦ,
2155 5142 2299 5195 κατὰ
2316 5139 2384 5192 τὰ
2410 5141 2747 5211 ὑποκείμενα
2773 5141 3191 5211 παραδείγματα
3215 5182 3230 5206 ,
3273 5142 3471 5214 ὥσπερ
3503 5143 3607 5196 κέν-

2029 5244 2161 5299 τρου
2186 5230 2385 5284 κύκλου
2414 5234 2469 5285 αἱ
2507 5233 2614 5285 ἀπὸ
2645 5232 2747 5302 τῆς
2787 5233 3136 5306 περιφερείας
3178 5236 3603 5305 προσπίπτουσαι

2031 5323 2237 5378 εὐθεῖαι
2277 5326 2412 5396 πρὸς
2446 5325 2604 5378 τοῦτο
2627 5325 2822 5389 ὑλικῶς
2845 5325 3151 5397 μετέχουσι,
3175 5328 3269 5380 καὶ
3289 5328 3395 5382 οὐκ
3429 5331 3487 5381 ὲν
3518 5326 3600 5400 μέ-

2036 5434 2136 5489 ρει“
2164 5418 2369 5489 ἀμερὲς
2394 5417 2502 5489 γὰρ
2524 5418 2584 5471 τὸ
2607 5422 2851 5490 σημεῖον,
2875 5419 2904 5472 ὃ
2924 5420 2989 5491 δὴ
3019 5420 3193 5473 καὶτὸ
3220 5420 3450 5492 κέντρον
3478 5418 3595 5473 ἐστί·

2032 5507 2127 5560 καὶ
2164 5507 2352 5579 ὣσπερ
2371 5508 2440 5561 τὰ
2478 5508 2847 5580 ὲκτυπώματα
2869 5510 3087 5574 ὑλικῶς,
3124 5512 3218 5563 καὶ
3247 5512 3350 5565 οὐκ
3374 5515 3433 5566 ἐν
3459 5512 3597 5584 μέρει

2030 5600 2130 5671 τῆς
2151 5601 2442 5671 σφραγῖδος
2466 5602 2803 5673 μετέχουσιν.
2825 5602 3010 5656 Εἰπὼν
3027 5603 3083 5656 δὲ
3101 5602 3169 5656 τὰ
3188 5605 3594 5675 παραδείγματα

2032 5694 2435 5767 ὑπερκειμένην
2469 5695 2708 5749 δείκνυσι
2737 5695 2874 5767 πρὸς
2902 5696 3075 5749 ταῦτα
3102 5694 3199 5767 τὴν
3224 5696 3325 5767 τῆς
3362 5697 3593 5765 θεότητος

2032 5785 2343 5859 ἁμεΟεξίανθ
2373 5786 2505 5841 διότι
2529 5785 2650 5841 οὔτε
2684 5787 2868 5859 ἐπαφὴ
2894 5788 3063 5858 αὐτῆς
3089 5789 3259 5856 ἐστιν,
3288 5789 3363 5854 ὡς
3400 5790 3485 5843 ἐπὶ
3508 5785 3590 5841 τοῦ
