3752 6306
144 361 249 420 669

730 361 817 415 DE
848 359 1102 416 DlVlNlS
1148 350 1545 426 NOMINIBUS,
1582 360 1735 417 CAP.
1773 363 1837 417 ll.
1879 394 1945 402 ——
1994 359 2344 417 PARAPIIR.
2387 358 2859 416 PACHYMERJE.

3324 346 3428 417 67'0

146 468 399 550 σημείου·
419 462 549 534 οῦτε
569 478 705 549 ἄλλη
721 497 804 543 τις
822 478 1097 551 συμμιγὴς
1114 479 1365 533 κοινωνία
1384 480 1516 549 πρὸς
1532 479 1599 531 τΞι
1623 496 1728 549 μετι

1903 479 2095 532 :clarat
2142 477 2440 532 divinitatis
2493 474 3105 545 imparticipabilitatem
3148 477 3264 531 ltrec
3313 478 3427 546 ipsa

143 569 368 639 έχοντα,
413 571 493 635 ὡς
525 571 641 624 ἔστι
676 572 773 642 τῆς
812 571 1121 641 σφραγῖδος·
1170 572 1290 624 κατ’
1328 572 1516 627 οὐσίαν
1558 571 1666 640 γάρ
1703 570 1737 641 ὴ

144 660 335 735 θεότης
357 664 421 716 ού
451 664 763 735 μετέχεται,
796 663 1090 734 μεθεκτικὴ
1119 663 1176 716 δέ
1200 664 1346 716 ἐστιν
1371 665 1428 715 ἐν
1456 662 1534 733 τῷ
1550 663 1610 726 ἐξ
1642 662 1739 714 αύ-

140 755 239 824 τῆς
262 751 407 809 εἶναι
440 756 512 810 τά
535 757 734 819 πάντα,
760 757 854 809 καί
889 757 981 808 ὑπ’
1011 756 1182 826 αὐτῆς
1224 754 1543 825 συνέχεσθαι
1578 756 1656 818 είς
1678 751 1739 807 τὸ

142 844 302 902 εἶναι.

203 1105 231 1177 ᾗ
254 1104 345 1160 Vl.
366 1106 569 1159 Καίτοι
588 1106 720 1177 φαίη
742 1122 845 1169 τις,
859 1106 934 1170 ὡς
950 1107 1048 1159 οὐκ
1063 1105 1254 1175 έστινή
1276 1106 1510 1177 σφραγὶς
1522 1104 1579 1158 ὲν
1594 1103 1735 1169 ὅλοις

139 1200 247 1260 τοῖς
267 1198 598 1267 ὲκμαγείοις
621 1199 654 1267 η
679 1198 837 1267 αὐτή·
861 1196 963 1252 ποῦ
985 1198 1082 1268 μὲν
1107 1195 1215 1269 γὰρ
1235 1198 1479 1268 ἀκριϐῶς
1503 1198 1733 1267 ἐγκεχά-

141 1307 359 1362 ρακται,
386 1290 495 1343 ποῦ
524 1291 583 1343 δὲ
611 1290 865 1362 μετρίως·
893 1292 986 1343 καὶ
1021 1292 1167 1359 λέγει
1196 1289 1335 1342 λύων
1364 1292 1393 1343 ὁ
1418 1290 1626 1357 Ἀγιος,
1652 1291 1732 1341 ὅτι

138 1384 294 1437 τοῦτο
322 1383 533 1454 μᾶλλόν
560 1386 677 1437 ἐστι
702 1384 1072 1454 παρατατικὸν
1100 1383 1209 1436 τῶν
1232 1384 1562 1454 λεγομένων,
1590 1385 1671 1436 ὅτι
1697 1386 1731 1455 ἡ

142 1476 236 1545 μὲν
266 1478 513 1547 σφραγὶς
542 1477 575 1547 ἡ
602 1476 739 1547 αὐτή
766 1478 933 1529 ἐστιν·
965 1477 997 1546 ἡ
1023 1476 1080 1528 δὲ
1105 1475 1213 1528 τῶν
1244 1476 1576 1546 μετεχόντων
1611 1476 1730 1528 διαε-

138 1568 279 1638 φορά
321 1568 564 1639 ἀνόμοια
613 1568 757 1620 ποιεῖ
794 1566 862 1619 τὰ
904 1564 1275 1637 ἐκτυπώματα
1308 1567 1407 1637 τῆς
1444 1567 1613 1637 αὐτῆς
1640 1568 1733 1620 καὶ

142 1661 267 1728 μιᾶς
303 1659 670 1729 ἀρχετυπίας·
716 1652 825 1711 οἷον
858 1660 905 1710 εί
930 1658 1096 1721 ἁπλᾶ,
1127 1660 1219 1711 καὶ
1240 1658 1547 1720 εὐτύπωτα,
1577 1658 1609 1729 ἦ
1637 1659 1731 1711 καὶ

138 1750 251 1804 λεῖα
276 1752 375 1804 καὶ
406 1752 699 1821 ἀχάρακτα
723 1750 830 1802 ἀπὸ
860 1748 1032 1803 ἄλλων
1061 1747 1531 1820 προηγησαμένων
1560 1765 1729 1819 χαρα-

1842 570 2135 639 superare;
2182 568 2439 638 quoniam
2486 584 2663 635 neque
2694 578 2871 623 tactus
2909 569 3029 639 ejus
3060 580 3164 631 σει,
3201 569 3340 624 sicut
3373 554 3448 623 in'

1840 660 2063 730 puneto,
2101 677 2277 730 neque
2324 661 2430 714 alia
2480 658 2688 729 qumvis
2740 662 2896 715 misla
2946 663 3257 715 communio
3303 642 3453 716 cum.

1839 751 2221 820 participante,
2255 762 2313 805 ut
2353 754 2406 805 in
2440 750 2652 821 sigillo;
2689 767 2811 804 nam
2844 752 3101 807 divinitas
3128 755 3425 807 secundum

1840 842 2198 898 Sulistantiam
2229 858 2335 895 non
2374 839 2761 911 participatur,
2809 842 2904 897 sell
2948 839 3032 898 est
3063 844 3424 914 participans,

1840 932 1892 986 in
1917 944 2179 1003 quantum
2217 949 2282 988 ex
2311 948 2375 989 ea
2407 943 2533 989 sunt
2565 933 2745 989 omnia
2778 945 2833 990 et
2868 928 2935 990 ab
2960 936 3075 1007 ipsa
3102 937 3153 991 in
3180 953 3276 992 suo
3304 954 3426 994 esse

1838 1026 2211 1079 continentur.

1914 1115 1941 1186 §
1967 1114 2054 1170 Vl.
2086 1116 2314 1172 Atdicet
2334 1117 2556 1188 aliquis,
2579 1119 2813 1190 sigillum
2840 1119 2892 1173 in
2916 1121 3043 1176 totis
3064 1122 3337 1192 expressis
3361 1122 3426 1176 fi-

1838 1207 1988 1278 guris
2026 1223 2133 1262 non
2168 1224 2286 1263 esse
2327 1209 2504 1275 idem;
2549 1211 2874 1281 quandoque
2919 1214 3063 1266 enim
3105 1224 3293 1270 exacte
3328 1230 3425 1269 ex-

1836 1314 2087 1368 pressum
2120 1311 2223 1366 est,
2259 1300 2586 1371 quandoque
2618 1304 2752 1359 Vero
2795 1305 3177 1373 mediocriter;
3239 1309 3424 1376 aitque

1838 1406 2065 1448 sanctus
2114 1394 2278 1451 Pater
2326 1397 2377 1450 id
2416 1399 2652 1460 solvens,
2698 1398 2872 1468 magis
2910 1414 2971 1454 ea
3021 1415 3141 1469 quae
3170 1402 3424 1455 dicuntur

1835 1486 2195 1552 conﬁrmare;
2229 1488 2486 1555 quoniam
2516 1489 2755 1560 sigillum
2802 1491 2943 1545 idem
2975 1501 3077 1555 est,
3119 1494 3211 1546 sed
3240 1493 3425 1546 diver-

1836 1576 1971 1631 sitas
2002 1577 2552 1645 cotitmuniCantium,
2590 1580 2750 1636 unius
2774 1596 2838 1636 ac
2866 1580 3109 1649 ejusdem
3137 1566 3425 1653 primitiVa‘:

1836 1669 2044 1734 formae,
2101 1672 2395 1727 diSSimiles
2454 1674 2633 1729 reddit
2669 1662 2920 1744 effigies:
2970 1684 3030 1729 ut
3060 1676 3103 1730 si
3156 1676 3426 1744 simplicia

1834 1760 2185 1832 formatuque
2211 1763 2415 1829 facilia,
2440 1765 2523 1819 vel
2552 1766 2720 1820 etiam
2754 1766 2967 1835 mollia,
3009 1768 3241 1838 aliisque
3281 1767 3425 1838 ligu-

138 1843 378 1915 κτήρων,
403 1844 498 1896 καὶ
517 1843 655 1914 μήτε
681 1840 887 1914 σκληρά
909 1844 1001 1895 καὶ
1017 1838 1305 1904 ἀντίτυπα,
1331 1840 1406 1904 ὡς
1427 1836 1728 1910 κατεσκλη-

1903 1873 1907 1907 ;
1945 1870 2009 1910 ae
2070 1854 2263 1911 formis
2300 1858 2570 1923 carentia,
2618 1874 2740 1928 qua:
2778 1873 2955 1927 neque
3002 1859 3135 1913 dura
3166 1860 3299 1925 sint,
3335 1877 3426 1916 ne-

138 1933 246 1997 κὼς
273 1935 473 2005 κηρὸς,
520 1935 657 2005 μήτε
701 1934 862 1987 πάλιν
884 1934 1194 2002 εὐδιάχυτα,
1223 1932 1298 1995 ὡς
1324 1931 1732 2001 κατατετηγμέ-

136 2043 222 2091 νος
242 2029 309 2098 τῇ
345 2026 549 2097 Θέρμῃ,
575 2026 815 2098 καθαρὸν
839 2026 950 2092 ἔξει
974 2026 1065 2077 τὸν
1090 2025 1277 2078 τύπον·
1308 2026 1357 2077 εἰ
1384 2024 1441 2077 δέ
1477 2042 1531 2077 τι
1560 2024 1731 2077 ὲλλείέ

139 2133 244 2179 πει,
273 2116 440 2168 τοῦτο
466 2116 639 2169 αἴτιον
662 2116 809 2186 ἢτοῦ
834 2116 1098 2185 ἀσαφοῦς,
1123 2114 1155 2186 ἢ
1185 2115 1278 2167 τοῦ
1306 2115 1730 2186 παρακεκομμέέ-

134 2212 244 2271 νου,
270 2209 305 2278 ἢ
326 2225 477 2272 τινος
505 2207 691 2273 ἄλλου,
715 2209 815 2260 ὅσα
834 2210 993 2261 ὲπισυ
1004 2206 1216 2277 μὸαίνει
1240 2207 1325 2260 διὰ
1354 2206 1451 2277 τὴν
1472 2206 1580 2259 τῶν
1603 2222 1729 2277 μετ-

134 2299 368 2368 εχόντων
407 2298 912 2370 ἀνεπιτηδειότητα.
954 2298 1152 2351 Σκόπει
1192 2298 1283 2349 καὶ
1335 2298 1526 2368 ἑτέραν
1578 2296 1727 2350 θείαν

132 2390 408 2459 διάκρισιν
434 2390 534 2462 τὴν
574 2392 674 2461 τῆς
708 2391 1170 2463 ἐνανθρωπήσεως
1206 2390 1300 2443 τοῦ
1325 2391 1519 2460 Λόγου,
1548 2393 1642 2446 καὶ¹
1663 2393 1725 2445 τὸ

133 2481 328 2551 δρᾶσαι
354 2483 452 2535 καὶ
486 2481 703 2545 παθεῖν,
746 2484 845 2536 ὅσα
867 2483 942 2545 ὼς
970 2483 1253 2554 ἄνθρωπος
1279 2485 1373 2537 καὶ
1399 2485 1590 2555 ἔδρασε
1633 2485 1727 2537 καὶ

134 2572 298 2626 ἔπαθε
330 2572 625 2643 θαυμαστά
651 2574 744 2626 καὶ
768 2572 1064 2644 παράδοξα·
1105 2574 1315 2637 τούτοις
1340 2574 1450 2645 γὰρ
1482 2576 1509 2626 ὁ
1538 2574 1725 2645 Πατὴρ

134 2668 223 2719 καὶ
244 2666 306 2718 τὸ
324 2666 555 2737 Πνεῦμα
571 2668 630 2719 οὐ
655 2667 1133 2735 κεκοινωνήκασιν·
1158 2671 1205 2721 εί
1227 2669 1299 2738 μή
1324 2686 1408 2731 τις
1425 2668 1567 2720 εἴποι
1586 2666 1725 2720 κατά

131 2755 225 2827 τὴν
250 2757 638 2828 φιλάνθρωπον
660 2756 907 2811 εὐδοκίαν
934 2760 1027 2811 καὶ
1062 2757 1335 2829 βούλησιν,
1381 2760 1474 2811 καὶ
1500 2758 1636 2813 κατά
1664 2758 1725 2811 τὸ

134 2851 567 2921 συνεργάζεσθαι
590 2849 668 2921 τῷ
686 2849 798 2919 Υίῷ
818 2850 916 2913 τὰς
933 2850 1275 2920 θεοσημείας.
1307 2849 1460 2903 Οὕτω
1479 2849 1608 2919 γοῦν
1632 2850 1725 2903 καὶ

132 2942 290 3011 ἡμεῖς
333 2942 528 3006 καθὼς
562 2942 632 2995 τὰ
676 2942 794 2995 θεῖα
836 2942 1048 3012 ἔχουσιν
1071 2941 1326 3012 ἀληθείας
1350 2943 1445 2994 καὶ
1488 2941 1719 3011 φύσεως,

132 3040 222 3092 καὶ
249 3038 407 3093 ἑνοῦν
432 3035 512 3110 τῷ
538 3039 681 3108 λόγῳ
705 3039 796 3092 καὶ
823 3038 1119 3109 διακρίνειν
1146 3036 1472 3092 σπεύδομεν.

198 3338 229 3410 §
269 3338 381 3393 VII;
431 3336 592 3392 Ἀλλά
617 3336 821 3391 τούτων
849 3337 947 3409 μὲν
972 3336 1080 3390 τῶν
1107 3335 1350 3391 ὲνὼσεων
1391 3336 1483 3389 καὶ
1508 3333 1722 3406 διακρίέ

134 3438 267 3485 σεων
291 3432 428 3494 ὅσας
454 3431 633 3494 αἰτίας
659 3429 984 3502 θεοπρεπεῖς
1010 3431 1068 3483 ὲν
1105 3431 1225 3492 ταῖς
1268 3429 1438 3499 ἱεραῖς
1480 3427 1723 3498 Γραιραῖς

132 3525 469 3596 εὑρήκαμεν,
499 3526 558 3577 ὲν
584 3523 763 3586 ἄλλοις
799 3522 908 3593 ἰδία
950 3522 1078 3592 περὶ
1120 3523 1356 3592 ἑκάστης
1381 3520 1720 3589 διελὰϐομεν,

130 3616 194 3670 τά
222 3618 322 3689 μὲν
348 3614 756 3681 ἀναπτύξαντες
775 3657 789 3681 ,
818 3614 942 3668 νηοῦν
983 3614 1248 3668 ἀθόλωτον
1286 3611 1722 3684 προσαγαγόντες

129 3712 238 3772 τοῖς
273 3710 468 3776 φανοῖς
515 3710 803 3776 γραφικοῖς
843 3706 1126 3776 θεάμασιν,
1165 3704 1325 3775 (οὕτω
1366 3703 1475 3774 γάρ
1512 3706 1541 3757 ὁ
1581 3704 1722 3774 ἱερὸς

132 3799 469 3854 ἀναπτύσσει
496 3798 589 3850 καὶ
626 3796 915 3868 ὲρμηνεύει
952 3794 1121 3866 νοῦς)
1160 3798 1271 3859 τοῖς
1311 3794 1365 3847 δὲ
1388 3835 1402 3858 ,
1432 3794 1507 3857 ὡς
1537 3810 1723 3865 μυστι-

132 3894 242 3954 κοῖς
268 3890 367 3944 καὶ
394 3890 536 3959 ὑπὲρ
562 3886 755 3958 νοερὰν
784 3887 1086 3957 ἐνέργειαν,
1130 3884 1440 3949 ένωθέντες,
1482 3883 1721 3953 δηλονότι

136 3985 257 4053 σιγῇ
287 3982 385 4034 καὶ
416 3978 769 4049 ἀκαταληψίᾳ
794 3979 1143 4049 τιμήσαντες·
1169 3977 1266 4030 οὐκ
1280 3976 1454 4040 ἄλλως
1477 3975 1585 4047 γάρ
1610 3976 1722 4037 τοῖς

131 4076 396 4139 τοιούτοις
431 4072 712 4127 ἐπιϐάλλει
752 4074 779 4125 ὁ
821 4071 963 4141 ἱερὸς
1005 4070 1129 4133 νοῦς
1168 4070 1201 4142 ἦ
1242 4069 1379 4123 κατά
1414 4070 1721 4122 ἀπόπαυσιν

136 4172 315 4241 πάσης
343 4172 613 4239 κινήσεως
630 4166 885 4235 νοητικῆς
910 4165 1017 4219 τῶν
1044 4166 1229 4219 ὄντων·
1254 4164 1411 4218 τοῦτο
1436 4164 1545 4236 γάρ
1573 4165 1724 4235 δηλοῖ

133 4262 191 4314 τὸ
214 4260 370 4329 ὑπὲρ
394 4259 616 4327 γοερὰν
641 4257 963 4326 ἐνέργειαν,
984 4257 1255 4309 τουτέστιν
1276 4258 1402 4309 ὅταν
1422 4255 1498 4325 τῷ
1526 4256 1723 4308 ἀκατα-

136 4353 325 4423 λήπτῳ
352 4350 451 4404 τοῦ
478 4349 616 4403 Θεοῦ
642 4347 903 4401 πάντοθεν
930 4348 1251 4419 περισχεθῇ,
1281 4348 1401 4401 τότε
1442 4348 1722 4418 καταλαμ-

136 4446 285 4499 ϐάνει
314 4444 499 4507 ποσῶς
523 4444 585 4496 τὸ
610 4442 958 4515 ζητούμενον.
986 4443 1169 4495 Πάντα
1207 4439 1317 4513 γὰρ
1350 4438 1419 4493 τὰ
1452 4440 1568 4493 θεῖα
1602 4440 1720 4492 ὀνό-

1831 1962 1936 2018 que
1984 1946 2333 2010 relucmntia,
2383 1958 2441 2002 ut
2474 1949 2751 2003 exsiccata
2797 1966 2961 2015 cera;
3001 1966 3179 2020 neque
3224 1954 3421 2006 iterum

1830 2039 1993 2105 fluxa,
2041 2049 2098 2093 ut
2138 2054 2262 2094 cera
2298 2055 2409 2109 prae
2455 2039 2641 2095 calore
2673 2040 2993 2110 liquefacta,
3024 2041 3253 2094 nitidam
3286 2043 3421 2111 ligu-

1831 2146 1945 2184 ram
1981 2132 2237 2185 habitura
2266 2140 2433 2197 sunt;
2460 2131 2541 2184 sin
2568 2141 2749 2185 autem
2782 2131 2989 2199 aliquid
3023 2132 3275 2196 defuerit,
3313 2130 3417 2186 hoc

1828 2237 1989 2277 causa
2020 2224 2125 2276 erit
2166 2222 2251 2275 vel
2301 2223 2677 2288 obscuritatis,
2718 2223 2803 2277 vel
2843 2223 3122 2283 falsitatis.
3153 2223 3235 2277 vel
3273 2219 3415 2277 alte-

1829 2315 1940 2369 rius
1970 2313 2236 2377 defectus,
2291 2329 2412 2383 quae
2460 2325 2684 2385 propter
2730 2315 3149 2383 ineptitudinem
3192 2300 3417 2384 partici3

1828 2405 2073 2477 pantiut‘n
2130 2405 2407 2460 accidunt.
2458 2404 2700 2460 Observa
2747 2406 2912 2460 etiam
2973 2405 3134 2459 aliam
3176 2407 3415 2462 divi'nam

1828 2495 2234 2551 distinctionem
2288 2490 2445 2549 Verbi
2479 2496 2746 2551 incarnati
2783 2506 2891 2549 tam
2926 2497 2977 2549 in
3014 2491 3226 2567 agendo
3252 2513 3415 2566 quam

1829 2590 2081 2659 patiendo
2117 2589 2388 2643 mirabilia
2418 2598 2472 2643 et
2499 2585 2864 2659 obstupenda,
2890 2605 3034 2659 qum,
3070 2592 3120 2642 in
3148 2590 3413 2659 quantum

1829 2683 2013 2748 homo,
2043 2693 2098 2736 et
2123 2685 2233 2753 "egit
2263 2692 2317 2735 et
2351 2683 2605 2752 pertulit;
2640 2682 2723 2736 liis
2748 2681 2895 2736 enim
2923 2690 2977 2735 et
3011 2680 3175 2736 Pater
3213 2692 3268 2736 et
3295 2681 3418 2751 Spi-

1828 2775 1966 2828 ritus
2002 2788 2106 2828 non
2151 2774 2645 2835 communicarunt,
2702 2775 2807 2828 nisi
2854 2768 2995 2828 forte
3030 2776 3154 2843 quis
3193 2775 3414 2835 dixerit,

1826 2862 2121 2914 secundum
2158 2861 2452 2931 benignum
2498 2861 2901 2931 bcneplacitum
2952 2878 3015 2917 ac
3058 2863 3414 2930 voluntatem,

1823 2951 1958 3005 etin
2011 2953 2210 3007 divinis
2272 2954 2444 3023 signis
2488 2952 2627 3007 Filio
2677 2953 3040 3022 cooperaudo.
3075 2952 3182 3005 Nos
3234 2953 3415 3023 itaque

1824 3044 2077 3099 similiter
2102 3061 2188 3100 res
2216 3044 2430 3099 divinas
2468 3060 2725 3100 sermone
2753 3044 3084 3114 conjungere
3109 3045 3413 3115 distiugue-

1828 3141 1995 3206 requ'e
2032 3136 2351 3207 satagimus,
2396 3148 2561 3208 prout
2599 3151 2729 3193 vere
2778 3152 2842 3192 ac
2892 3147 3083 3190 natura
3120 3152 3216 3192 sua
3248 3132 3413 3190 unin

1766 3227 1789 3248 ⁴
1825 3238 1950 3284 sunt
1971 3243 2035 3281 ac
2064 3227 2352 3283 distinctze.

1893 3321 2058 3393 336
2100 3320 2271 3393 §Vll.
2314 3320 2419 3376 Sed
2466 3321 2659 3375 harum
2703 3321 2965 3375 unionum
2998 3335 3061 3375 ac
3107 3314 3413 3373 distinctio-

1826 3424 1955 3466 num
2003 3426 2357 3482 quascunque
2412 3412 2465 3465 in
2510 3413 2684 3466 sacris
2738 3411 2963 3467 Litteris
3018 3412 3256 3466 rationes
3300 3411 3413 3465 Dea

1826 3514 2229 3561 consentaneas
2288 3504 2615 3574 reperimus,
2663 3505 2793 3560 alibi
2845 3511 3093 3559 seorsum
3150 3503 3415 3575 explicui-

1826 3610 1968 3663 mus,
2017 3598 2218 3667 partim
2264 3600 2485 3668 quidem
2536 3615 2631 3653 eas
2681 3600 3049 3666 enucleando,
3100 3614 3163 3654 ac
3220 3614 3411 3668 purum

1827 3687 2287 3759 tranquillumque
2334 3688 2577 3741 animum
2620 3698 2883 3758 perquam
2933 3688 3126 3743 lucidis
3169 3687 3415 3756 Scriptu-

1830 3790 2010 3833 rarum
2043 3782 2600 3849 contemplationibus
2641 3782 2982 3836 admovendo
3007 3781 3112 3849 (sic
3147 3780 3291 3834 enim
3318 3796 3413 3833 eas

1826 3887 1978 3927 mens
2007 3886 2164 3926 sacra
2189 3873 2424 3941 explicat
2447 3882 2502 3927 et
2546 3874 2990 3943 interpretatur),
3024 3874 3225 3942 partim
3259 3889 3410 3937 vero,

1825 3978 1921 4016 ceu
1978 3964 2257 4033 mysticis,
2326 3972 2489 4033 supra
2550 3965 2749 4018 mentis
2808 3964 2973 4017 etiam
3035 3965 3408 4032 operationem

1825 4052 1993 4116 uniti,
2042 4054 2262 4107 silentio
2322 4055 2529 4108 scilicet
2574 4057 2625 4108 et
2679 4054 3211 4123 incomprehensibili
3252 4057 3411 4110 modo

1827 4147 2085 4199 honorem
2131 4144 2468 4200 exhibentes.
2540 4144 2692 4199 Mens
2738 4148 2880 4200 enim
2916 4161 3071 4200 sacra
3116 4162 3222 4201 non
3252 4149 3413 4203 aliter

1826 4238 1893 4291 iis
1942 4237 2175 4291 intendit
2221 4250 2385 4306 quam
2420 4252 2517 4307 per
2546 4252 2768 4292 omnem
2809 4239 3170 4293 cessationem
3200 4224 3407 4308 motus,

1824 4330 1912 4398 qui
1942 4331 2009 4383 ad
2056 4329 2440 4401 intelligendas
2481 4346 2569 4385 res
2624 4329 2791 4395 facit;
2839 4332 2942 4385 hoc
2984 4332 3128 4385 enim
3171 4332 3427 4387 declarat

1826 4422 1953 4476 illud
2008 4425 2153 4492 quod
2195 4424 2368 4487 dixit,
2396 4440 2556 4493 supra
2599 4424 2780 4479 mentis
2806 4425 3196 4491 Operationem,
3226 4426 3276 4478 id
3327 4434 3412 4479 σει

139 4552 300 4606 ματα,
328 4537 426 4588 καὶ
466 4536 567 4588 ὅσα
602 4538 731 4606 ἡμῖν
760 4534 1158 4605 πεφανέρωται,
1190 4524 1309 4596 ταῖς
1350 4533 1600 4603 μετοχαῖς
1629 4532 1721 4601 μό-

1903 4517 2040 4571 ando
2070 4518 2309 4586 undique
2343 4518 2435 4572 Dei
2470 4519 3124 4587 incomprelieusibilitate
3159 4536 3408 4589 compre-

136 4646 251 4691 ναις
276 4626 640 4696 γινώσκονται
661 4668 675 4691 ,
717 4626 838 4679 καθ’
880 4626 944 4690 ἃς
988 4625 1288 4695 μετέχομεν
1319 4623 1533 4694 ἀμιγώς
1564 4622 1722 4693 ἡμεῖς

134 4720 226 4773 τοῦ
252 4720 412 4773 Θεοῦ·
444 4720 508 4772 ἑκ
540 4720 649 4790 γὰρ
671 4719 778 4771 τῶν
799 4718 1041 4790 μετοχῶν
1064 4717 1172 4771 τῶν
1203 4716 1307 4769 ὑπὸ
1338 4715 1432 4768 τοῦ
1457 4713 1591 4767 Θεοῦ
1621 4715 1722 4768 δω-

139 4814 417 4883 ρουμένων
447 4815 577 4883 ἡμῖν
607 4814 699 4865 καὶ
734 4812 833 4875 τὰς
870 4810 997 4882 περὶ
1035 4809 1170 4863 Θεοῦ
1206 4800 1507 4879 ’ὀνομασίας
1550 4807 1725 4861 ποιού-

139 4902 295 4973 μεθα.
325 4902 477 4955 Λῦτά
504 4902 559 4954 δὲ
593 4902 661 4954 τὰ
689 4902 809 4954 θεῖα
829 4894 989 4954 ὁποῖά
1029 4901 1159 4953 ποτέ
1194 4901 1310 4951 ἐστι
1348 4897 1487 4951 κατά
1512 4897 1610 4968 τὴν
1647 4899 1723 4949 οξ-

137 4998 289 5049 κείαν
311 4994 497 5064 φύσιν,
528 4995 669 5065 ὑπὲρ
693 4994 817 5049 νοῦν
842 4996 936 5047 καὶ
965 4995 1144 5047 πᾶσαν
1183 4991 1370 5045 οὐσίαν
1410 4990 1575 5042 ἐστίν·
1613 4984 1722 5042 οἷον

136 5090 181 5141 εἰ
202 5086 306 5158 τὴν
346 5085 673 5157 ῦπερούσιον
696 5085 1054 5156 κρυφιὸτητα,
1081 5084 1173 5138 τὸν
1196 5083 1349 5147 Θεὸν,
1384 5080 1721 5152 ὀνομάζομεν

135 5180 167 5248 ἦ
193 5181 350 5243 Θεὸν,
382 5179 417 5251 ἦ
457 5178 622 5251 ζωὴν,
649 5178 889 5249 ἥτᾶλλα,
912 5179 1064 5231 οὐδὲν
1093 5178 1279 5248 ἓτερον
1302 5174 1530 5245 νοοῦμεν
1553 5174 1585 5246 ἢ
1621 5174 1721 5238 τὰς

136 5275 214 5337 εἰς
236 5273 387 5345 ἡμᾶς
406 5271 813 5343 ἀγαθοπρεπεῖς
829 5271 1105 5341 δυνάμεις,
1130 5268 1251 5322 καθ’
1275 5268 1341 5333 ἀς
1364 5266 1718 5337 ὲκθεούμεθα,

137 5360 169 5432 ἦ
205 5360 683 5432 οὐσιοποιούμεθα,
713 5360 746 5431 ἢ
775 5358 1198 5430 ζωοποιούμεθα,
1228 5361 1319 5412 καὶ
1344 5358 1511 5411 τᾶλλα
1544 5360 1722 5428 ὁμοιο-

138 5456 375 5525 τρόπως.
420 5453 569 5525 Αὐτὴ
610 5454 667 5506 δὲ
701 5455 734 5524 ὴ
773 5452 891 5506 θεία
935 5451 1308 5523 ύπερύπαρξις
1354 5450 1493 5503 οὕτω
1541 5449 1721 5513 ποσῶς

140 5545 537 5616 ὑμνηθήσεται,
585 5544 714 5596 ὅταν
746 5543 925 5614 πάσης
964 5542 1241 5615 ἐνεργείας
1279 5540 1721 5611 δραστικωτὰτης

142 5636 235 5689 καὶ
262 5638 460 5707 νοερᾶς
495 5634 844 5697 ἀπολυθεῖσιν,
866 5634 1066 5688 τούτων
1090 5632 1244 5702 ἡμῶν
1264 5637 1278 5653 “
1297 5634 1355 5685 ὲν
1377 5634 1441 5702 τῇ
1466 5630 1558 5683 τοῦ
1582 5631 1719 5700 ἡμε-

141 5730 297 5801 τέρου
327 5729 421 5803 νοῦ
461 5728 777 5799 ἀδιακρισίᾳ
800 5728 1017 5797 δέξηται
1060 5727 1206 5795 ἡμᾶς
1248 5724 1335 5777 διὰ
1373 5724 1527 5793 σιγῆς
1562 5721 1719 5789 ἁγίας

146 5820 537 5883 ἐπιϐάλλοντας
550 5821 667 5883 ταῖς
687 5818 892 5872 ἐκεῖθεν
912 5814 1268 5887 treat:an
1288 5816 1536 5882 δωρεαῖς·
1562 5812 1719 5865 τοῦτο

1828 4609 2116 4676 henditur,
2171 4619 2299 4664 tunc
2348 4611 2658 4679 assequitur
2717 4614 2861 4681 quod
2920 4613 3219 4683 quzerebat.
3272 4611 3408 4665 Nam

1825 4703 2006 4757 omnia
2032 4702 2213 4756 divina
2257 4702 2498 4764 nomina,
2547 4712 2601 4756 et
2652 4717 2988 4774 qurecunqtte
3033 4703 3187 4756 nobis
3239 4719 3409 4772 appa-

1829 4803 2080 4859 ruerunt,
2127 4794 2260 4849 solis
2311 4793 2820 4863 participationibus
2853 4802 3273 4863 cognoscuntur,
3323 4810 3412 4847 se-

1824 4889 2060 4943 cundum
2140 4902 2279 4959 quas
2343 4888 2685 4957 impermiste
2752 4887 2921 4939 Deum
2973 4886 3406 4954 participamus;

1826 4997 1949 5034 nam
1988 4994 2054 5035 ex
2100 4979 2618 5050 participatiunibus
2655 4993 2779 5047 quae
2820 4993 2849 5030 a
2885 4977 2994 5032 Deo
3024 4978 3182 5032 nobis
3203 4979 3409 5031 donan-

1827 5084 1932 5137 tur,
1977 5074 2068 5128 Dei
2097 5089 2311 5144 quoque
2362 5072 2581 5125 nomina
2616 5070 3022 5139 componimus.
3056 5070 3231 5125 Porro
3275 5072 3408 5139 Qua-

1826 5168 1905 5221 les
1955 5168 2196 5237 ipszemet
2249 5181 2336 5220 res
2391 5164 2589 5218 divinae
2636 5165 2749 5218 sint
2804 5162 3103 5217 secundum
3158 5172 3405 5216 naturam

1824 5273 2000 5325 suam,
2032 5272 2249 5313 omnem
2303 5266 2539 5311 mentem
2570 5264 2625 5310 et
2656 5256 2950 5309 essentiam
2978 5255 3224 5318 excedit;
3257 5253 3408 5308 'velut

1825 5366 1944 5405 cum
1964 5349 2370 5404 arcanumillud
2390 5348 2866 5418 superessentiale,
2889 5346 3083 5410 Deum,
3115 5345 3282 5399 Deum
3308 5362 3406 5399 nn-

1826 5445 2122 5508 minamus,
2149 5444 2230 5498 vel
2253 5443 2445 5507 vitam,
2469 5441 2552 5497 vel
2570 5442 2697 5506 alia,
2718 5440 3012 5496 nihilaliud
3033 5437 3423 5506 intelligimus.

1822 5551 1984 5604 quam
2014 5536 2096 5591 vel
2130 5535 2391 5605 benignas
2430 5532 2484 5587 in
2516 5548 2615 5587 nos
2653 5533 2900 5595 virtutes,
2936 5531 3236 5585 secundum
3270 5546 3407 5601 quas

1822 5628 2161 5694 deificamur,
2208 5627 2292 5680 vel
2347 5626 2850 5681 substantilicamur
2900 5624 2988 5679 vel
3041 5624 3407 5687 vivilicamur,

1822 5728 1987 5786 atque
2032 5717 2134 5771 alia
2192 5717 2464 5771 similiter.
2523 5715 2643 5785 Ipsa
2673 5730 2801 5769 vero
2851 5717 3034 5770 divina
3075 5728 3402 5783 snpraqnam

1823 5811 2143 5867 ex‘sistentia
2182 5810 2259 5864 sic
2286 5809 2685 5878 quodammodo
2714 5806 3039 5872 laudabitur,
3074 5806 3290 5872 quando
3341 5805 3406 5853 ah
