3742 6302
315 303 414 359 671
1496 297 1550 352 S.
1587 296 1885 353 DIONYSII
1915 296 2383 354 AREOPAGITIE
3494 302 3582 356 δῖε
3638 304 3639 355 l

318 421 562 477 ellieacia
593 421 742 477 omni
784 418 1121 476 validissima
1175 424 1230 472 et
1272 414 1613 483 intelligente
1657 416 1796 470 abso?

2164 433 2262 469 ιστι
2294 417 2387 470 καὶ
2415 417 2448 487 ἠ
2477 416 2535 467 ἐν
2574 414 2819 489 ἀγνωσία
2861 414 3097 486 γνῶσις,
3143 415 3201 469 ἐν
3253 409 3291 491 ᾖ
3336 415 3581 486 οὐδεμίαν
3640 392 3641 429 ¹

320 511 586 583 suscipiet
634 527 734 567 nos
775 513 831 566 in
888 521 1077 567 sancto
1124 506 1362 569 silentio,
1405 515 1641 559 mentem
1690 505 1798 560 iiSt

2166 507 2275 579 ενῆ
2303 508 2517 571 θέωσιν,
2548 506 2582 578 ἢ
2610 505 2775 579 ζωὴν,
2813 507 2848 577 ἢ
2889 507 3111 572 οὐσίαν,
3152 508 3189 578 ἦ
3214 524 3306 570 τις
3350 505 3581 576 ἀκριϐῶς

322 603 470 658 illinc
496 612 821 673 promanant
857 603 1015 658 donis
1063 598 1430 670 adjicientes:
1468 598 1582 650 lucc
1624 595 1769 651 enim
1820 604 1904 651 est

322 696 561 767 cognitio
608 697 661 751 in
700 696 1066 768 ignoratione,
1121 694 1175 747 in
1218 706 1327 762 qua
1380 689 1587 745 nullam
1628 690 1907 745 cernimus

323 789 408 843 vel
438 788 862 853 deiﬁcationem,
906 786 993 841 vel
1031 785 1223 851 vitam,
1255 783 1348 847 ,νει
1384 782 1746 838 substantiam
1786 797 1908 853 qua:

323 879 481 949 plane
534 880 733 936 similis
787 880 859 935 sit
888 893 1068 935 causa:
1103 877 1218 944 isti,
1261 891 1381 946 quae
1408 874 1623 930 cunctis
1664 887 1758 945 per
1788 888 1907 927 omo

323 980 446 1021 nem
504 966 886 1022 excellentiam
942 965 1239 1020 antecellit.
1290 963 1607 1020 Veneranda
1639 978 1905 1037 sacroque

323 1072 530 1127 pavore
575 1058 735 1129 digna
766 1067 895 1112 sunt
925 1068 1130 1113 sancta:
1166 1056 1453 1111 Trinitatis
1489 1054 1738 1120 nomina;
1770 1070 1907 1126 quo-

324 1153 471 1206 niam
502 1152 668 1208 Pater
711 1162 797 1207 est
827 1152 1087 1208 divinitas
1118 1150 1359 1216 fontalis,
1395 1148 1565 1205 Filius
1605 1162 1736 1203 vero
1779 1163 1909 1203 san-

323 1255 556 1314 ctusque
587 1243 831 1313 Spiritus
857 1254 987 1297 sunt
1029 1244 1280 1314 quaedam
1319 1242 1567 1311 germina
1611 1256 1676 1295 ac
1724 1239 1907 1306 ﬂores,

327 1352 392 1392 ac
437 1337 643 1392 lumina
709 1335 1219 1408 superessentialia.
1266 1335 1525 1392 Germiua
1570 1334 1816 1405 quidem,
1843 1349 1911 1391 ex

329 1428 543 1483 visione
589 1428 860 1483 olivarum
909 1426 1191 1483 Zachariae
1240 1428 1269 1469 ιι
1316 1445 1333 1483 :
1391 1428 1599 1483 lumina
1630 1426 1783 1494 vero,
1843 1440 1911 1480 ex

329 1521 575 1595 Epistola
638 1520 828 1577 Jacobi
886 1522 1075 1577 fratris
1107 1521 1321 1577 Domini
1359 1525 1404 1591 ί,
1451 1522 1542 1592 qui
1613 1520 1681 1577 de
1737 1520 1900 1576 Patre
1958 1519 2223 1578 luminum
2287 1523 2614 1580 mentionem
2668 1522 2822 1577 facit.
2881 1522 3008 1578 Haec
3061 1522 3247 1592 itaque
3297 1520 3527 1576 nomina
3572 1533 3597 1570 ι
3666 1540 3667 1553 ι

2007 599 2393 672 ἐξισωθήσεται
2409 602 2475 671 τῇ
2503 598 2643 652 κατὰ
2667 600 2845 652 πᾶσαν
2868 599 3141 671 ὑπεροχὴν
3169 598 3500 673 ἐξῃρημένη
3520 600 3584 649 al-
3644 598 3647 667 ς

2005 693 2118 765 τίᾳ.
2156 694 2237 747 Τὰ
2260 693 2531 763 σεϐάσμια
2568 695 2660 749 καὶ
2685 692 2889 767 φρικτὰ
2912 692 3006 747 ἐπὶ
3030 693 3131 763 τῆς
3155 694 3326 761 ἁγίας
3369 692 3584 763 Τριόδος
3648 744 3649 761 γ

2008 784 2267 855 ὀνόματα,
2294 785 2379 837 ὅτι
2404 784 2614 857 πηγαία
2634 784 2824 856 θεότης
2865 786 2895 839 ὁ
2928 784 3139 855 Πατήρ⁶
3180 784 3210 837 ὁ
3252 784 3313 836 δὲ
3342 783 3480 845 Υἱὸς
3510 786 3587 834 καὶ

2007 880 2070 933 τὸ
2092 880 2244 949 ἆγιον
2262 878 2484 951 Πνεῦμα
2508 877 2746 950 βλαστοὶ,
2769 878 2864 931 καὶ
2882 877 3038 947 ἄνθη,
3067 877 3161 929 καὶ
3186 877 3346 946 φῶτα
3368 874 3588 945 ὑπεραῶ
3652 922 3653 927 η

2013 988 2122 1025 σια.
2158 971 2386 1025 Βλαστοὶ
2429 970 2548 1041 μὲν,
2585 970 2691 1023 ἀπὸ
2712 969 2813 1040 τῆς
2838 969 2944 1023 τῶν
2972 968 3169 1022 ἐλαιῶν
3201 966 3483 1030 ὀπτασίας
3510 965 3588 1018 τοῦ

2007 1062 2293 1135 Ζαχαρίου’
2328 1062 2483 1131 φῶτα
2507 1062 2564 1114 δὲ
2588 1062 2652 1115 ἐκ
2675 1061 2771 1114 τοῦ
2816 1059 3072 1115 Ἰακώϐου
3096 1059 3331 1131 ἀδελφοῦ
3352 1056 3457 1111 τοῦ
3494 1058 3589 1109 Κυ-

2013 1156 2149 1227 ρίου,
2169 1152 2317 1225 παρὰ
2338 1151 2445 1224 [ῑσ.
2463 1151 2615 1225 περὶ]
2632 1151 2727 1205 τοῦ
2750 1152 2962 1223 Πατρὸς
2976 1153 3087 1207 τῶν
3107 1153 3305 1223 φώτων
3325 1150 3587 1218 λέγοντος.

2012 1247 2196 1301 Ταῦτα
2224 1245 2354 1316 γοῦν
2380 1244 2448 1298 τὰ
2485 1244 2724 1315 ὀνόματα
2744 1244 2892 1314 παρὰ
2914 1245 3016 1315 τῆς
3041 1244 3265 1316 Γραφῆς
3297 1240 3591 1313 παρελάϐο-

2018 1354 2135 1409 μεν·
2175 1338 2326 1401 ὅπως
2369 1336 2427 1390 δὲ
2449 1334 2622 1391 ταῦτά
2646 1336 2814 1400 ἐστιν,
2838 1334 2962 1390 οὔτε
2998 1337 3172 1391 είπεῖν
3196 1333 3328 1389 οὔτε
3354 1332 3594 1400 ἐννοῆσαι

2017 1428 2263 1484 δυνατόν.

331 1615 633 1685 Scripturis
690 1616 865 1671 sacris
921 1616 1271 1685 accepimus;
1336 1631 1574 1687 quonam
1634 1624 1815 1671 autem
1860 1624 2026 1685 pacto
2077 1631 2201 1673 sese
2257 1616 2515 1681 habeant,
2566 1629 2744 1687 neque
2808 1614 2993 1687 eloqui
3054 1630 3233 1685 neque
3295 1610 3600 1680 intelligere

330 1710 597 1764 valemus.

404 1802 434 1874 §
470 1800 600 1856 Vlll.
632 1800 901 1858 Caeterum
938 1803 1200 1859 hactenus
1247 1817 1411 1859 omne
1467 1801 1666 1858 mentis
1718 1808 1882 1857 nostr:

2122 1830 2124 1864 ς
2163 1796 2301 1854 Vill.
2321 1758 2601 1869 'An'axpt
2624 1795 2815 1851 τούτου
2845 1793 3124 1866 προϐαίνει
3150 1790 3303 1862 ήτῆς
3332 1790 3600 1861 ἡμετέρις

331 1896 575 1951 smdium
608 1896 712 1950 hoc
740 1904 972 1966 spectat,
992 1896 1267 1966 quomodo
1297 1911 1365 1951 ex
1389 1897 1491 1952 hac
1512 1896 1837 1963 paternitate
1853 1907 1918 1948 ac

333 1987 597 2043 liliatione
625 1989 806 2043 omnis
838 1989 1145 2061 paternitas
1179 1990 1231 2043 in
1257 1988 1398 2043 coelo
1427 1998 1483 2044 et
1513 1988 1565 2042 in
1593 1997 1738 2043 terra
1755 1985 1917 2057 337

334 2080 644 2136 nominetur
668 2098 681 2148 ;
713 2096 774 2137 ex
806 2097 912 2152 qua
936 2081 1019 2149 ﬁt,
1040 2093 1100 2137 ut
1127 2081 1445 2152 spiritaliter
1468 2095 1532 2135 ac
1547 2078 1921 2135 doctrinaliter

330 2173 493 2228 etiam
524 2174 596 2228 dii
626 2183 681 2227 et
718 2174 944 2228 deorum
978 2183 1161 2244 patres
1202 2172 1373 2227 divini
1412 2187 1476 2226 ac
1507 2171 1683 2226 sancti
1711 2170 1839 2238 viri,
1867 2178 1919 2225 et

331 2265 561 2318 deorum
596 2264 691 2318 lilii
712 2264 825 2335 rqui
866 2266 921 2319 in
950 2279 1109 2320 sacra
1153 2263 1399 2319 doctrina
1430 2263 1745 2333 proﬁciunt,
1777 2278 1920 2316 nun-

331 2369 619 2426 cupentur.
671 2356 810 2424 Quid
860 2365 1042 2410 autem
1087 2364 1173 2410 est
1221 2355 1569 2425 spiritaliter?
1610 2355 1663 2409 id
1709 2364 1794 2410 est
1838 2354 1925 2409 in-

333 2462 597 2517 corporee
650 2457 707 2503 et
778 2447 1223 2504 immaterialiter
1256 2488 1273 2513 ,
1339 2462 1405 2502 ac
1457 2446 1921 2515 intellectualitcr,

333 2540 470 2592 viris
520 2539 779 2593 nimirum
827 2540 1036 2594 sanctis
1090 2554 1160 2595 ex
1207 2550 1401 2595 sancto
1440 2538 1659 2608 quidem
1713 2539 1921 2610 Spiritu

334 2628 546 2693 divino,
580 2629 672 2698 qui
717 2638 799 2683 est
846 2644 1012 2698 supra
1049 2644 1267 2685 omnem
1316 2627 1830 2684 immaterialitatem
1860 2643 1925 2684 ac

336 2714 774 2788 deiﬁcationem,
817 2721 1156 2778 divinitatem
1211 2722 1350 2777 hanc
1401 2736 1465 2774 ac
1515 2719 1923 2789 spiritalitatem

335 2811 773 2883 accipientibus;
832 2828 899 2868 ex
935 2812 1098 2869 Patre
1128 2828 1258 2868 vero
1290 2828 1357 2868 ac
1395 2810 1553 2875 Filio,
1583 2812 1674 2881 qui
1706 2826 1801 2879 per
1829 2827 1925 2866 ex—

334 2903 642 2959 cellentiam
694 2919 911 2961 omnem
968 2906 1355 2976 paternitatem
1387 2919 1452 2959 ac
1484 2904 1800 2959 liliationem
1834 2919 1927 2959 su-

335 3005 581 3063 perant,
638 2996 946 3051 istiusmodi
1012 3006 1214 3051 statum
1270 2996 1749 3067 participantibus.
1811 2994 1925 3050 Non

336 3086 482 3139 enim
529 3097 611 3142 cst
660 3087 899 3156 perfecta
964 3087 1267 3142 similitudo
1338 3086 1551 3143 ellcctis
1606 3086 1807 3141 creatis
1859 3086 1927 3140 ad

2018 1896 2209 1961 νοερᾶς
2224 1891 2500 1963 ἐνεργείας
2514 1890 2758 1959 δύναμις,
2772 1888 2855 1942 ὅτι
2872 1889 2936 1941 ἐκ
2945 1884 3148 1957 ταύτης
3157 1886 3256 1957 τῆς
3270 1886 3603 1955 πατρὸτητος

2020 1982 2232 2053 καὶτῆς
2254 1982 2499 2052 υἱότητος
2524 1981 2672 2034 πᾶσα
2697 1977 2902 2051 πατριὰ
2929 1980 2985 2031 ἐν
3008 1976 3222 2049 οὐρανῷ
3244 1978 3343 2030 καὶ
3371 1976 3472 2028 ἐπὶ
3502 1976 3597 2044 γῆς

2019 2071 2362 2145 ὀνομάζεται·
2386 2074 2444 2141 ἐξ
2462 2068 2530 2146 ἦς
2555 2070 2940 2144 πνευματικῶς
2974 2072 3067 2125 καὶ
3100 2068 3509 2131 διδασκαλικῶς
3527 2069 3607 2120 καὶ

2022 2166 2135 2221 θεοὶ
2162 2168 2255 2220 καὶ
2286 2166 2423 2222 θεῶν
2448 2166 2704 2236 πατέρες,
2744 2165 2794 2218 oi
2822 2164 2955 2219 θεῖοι
2982 2164 3074 2217 καὶ
3097 2163 3233 2234 ἱεροὶ
3270 2161 3498 2231 ἄνδρες,
3527 2158 3608 2210 καὶ

2022 2260 2160 2317 θεῶν
2202 2262 2308 2314 υἱοὶ
2340 2263 2397 2315 ἐν
2422 2263 2488 2332 τῇ
2521 2262 2641 2332 ἱερᾷ
2674 2258 2994 2329 διδασκαλίᾳ.
3038 2255 3467 2328 προσϐαίνοντες
3504 2254 3609 2305 ὀνο-

2027 2349 2306 2423 μάζονται.
2336 2351 2401 2404 Τί
2424 2349 2555 2419 γοῦν
2584 2350 2702 2403 ἐστι
2739 2349 2800 2403 τὸ
2828 2345 3240 2419 πνευματικῶς
3257 2362 3276 2409 ;
3302 2345 3610 2415 ἀσωμάτως

2024 2442 2224 2514 δηλαδὴ
2251 2444 2345 2496 καὶ
2368 2442 2566 2506 ἀΰλως,
2596 2443 2691 2496 καὶ
2712 2440 2939 2513 νοητῶς,
2966 2442 3029 2493 ἐκ
3059 2439 3155 2510 μὲν
3192 2436 3289 2491 τοῦ
3315 2434 3611 2507 θεαρχικοῦ

2025 2536 2163 2589 Πνεύ
2173 2553 2340 2607 ματος
2352 2535 2445 2589 τοῦ
2468 2537 2608 2608 ὑπὲρ
2624 2537 2801 2589 πᾶσαν
2818 2534 3008 2589 ἀῦλίαν
3027 2534 3178 2597 ὄντος
3201 2531 3297 2586 καὶ
3312 2531 3541 2591 θέωσιν,
3560 2529 3613 2580 τὸ

2024 2627 2136 2682 θεοὶ
2160 2625 2271 2699 [(0’-
2294 2626 2459 2700 θεῖον]
2482 2629 2575 2681 καὶ
2594 2628 2657 2681 τὸ
2688 2626 3051 2698 πνευματικὸν
3088 2622 3483 2696 λαμϐανόντων
3512 2620 3614 2673 τῶν

2026 2721 2186 2793 ιερῶν
2202 2719 2428 2791 ἀνδρῶν·
2443 2723 2507 2773 ἐκ
2523 2720 2580 2773 δέ
2592 2719 2684 2773 τοῦ
2703 2720 2914 2791 Πατρὸς
2935 2719 3029 2773 καὶ
3041 2717 3134 2771 τοῦ
3148 2716 3300 2781 Υἰοῦ,
3318 2714 3432 2768 τῶν
3448 2715 3614 2785 ὑπερ.

2024 2811 2225 2886 οχικῶς
2247 2809 2598 2886 ἐξῃρημένων
2626 2812 2806 2883 πάσης
2840 2813 3070 2881 πατριᾶς
3098 2812 3189 2864 καὶ
3220 2810 3497 2882 υίότητος,
3524 2809 3615 2870 τὰς

2025 2906 2235 2962 τοιάσδε
2268 2906 2479 2977 σχέσεις
2506 2906 2971 2979 προσδεχομένων.
3002 2905 3135 2959 Οὑδέ
3158 2903 3267 2975 γάρ
3285 2904 3437 2956 ἐστιν
3460 2903 3617 2972 ἀκρι-

2029 3000 2127 3071 ϐὴς
2150 3000 2402 3070 ὁμοιότης
2416 3002 2528 3063 τοῖς
2552 3001 2812 3063 αίτιατοίς
2835 2998 3118 3070 κτίσμασι,
3138 2998 3370 3059 καὶτοῖς
3396 2996 3611 3057 αἰτίοις,

2027 3097 2146 3159 ταῖς
2176 3094 2509 3167 θεαρχικαῖς,
2534 3094 2697 3165 φημὶ,
2719 3094 3099 3149 ὑποστάσεσιν·
3121 3090 3235 3144 ἀλλ’
3270 3089 3387 3160 ἔχει
3417 3088 3520 3159 μὲν
3555 3087 3614 3139 τά

338 3192 560 3243 causas,
593 3180 825 3243 divinas,
860 3179 1420 3250 inquam,personas;
1454 3179 1550 3235 sed
1574 3179 1816 3234 habentt

2137 3152 2425 3259 τματαιτὰς
2451 3152 2806 3259 ἐνδεχομένας
2832 3187 3047 3251 είκόνας
3077 3187 3144 3238 ἐκ
3166 3182 3260 3239 τοῦ
3288 3183 3450 3235 Θεοῦ⁸
3482 3180 3615 3235 αὐτὰ

338 3267 465 3323 dent
518 3280 806 3336 creaturae,
852 3270 1031 3339 quoad
1077 3270 1197 3325 licri
1247 3278 1445 3340 potest,
1480 3269 1747 3339 imagines
1786 3269 1918 3337 Dei;

341 3365 474 3435 ipsa:
498 3380 629 3421 vero
659 3381 837 3422 causa:
873 3367 1090 3436 penitus
1137 3367 1204 3421 ab
1248 3365 1458 3421 ell‘ectis
1501 3365 1700 3420 creatis
1740 3379 1926 3420 exem-

342 3469 450 3526 pta:
479 3467 630 3512 sunt.
670 3458 758 3523 Et,
801 3469 865 3513 ut
899 3457 1134 3513 terrenis
1177 3456 1443 3524 exemplis
1490 3465 1638 3520 utar,
1669 3456 1925 3525 volupta-

346 3560 427 3604 tes
481 3565 545 3605 ac
599 3549 818 3605 dolores
852 3549 1067 3606 edicere
1109 3550 1387 3613 dicuntur,
1428 3558 1486 3604 ut
1534 3550 1784 3606 homines
1834 3550 1929 3604 lae-

347 3652 533 3697 tcnbur
586 3643 670 3698 vel
706 3645 1031 3708 \tristentur,
1081 3653 1264 3701 tamen
1311 3644 1443 3714 ipsae
1486 3643 1794 3713 voluptates
1822 3657 1927 3698 uou

346 3733 605 3788 dicuntur
637 3735 833 3799 ltctari,
889 3750 991 3791 nec
1033 3735 1253 3792 dolores
1299 3735 1611 3790 tristantur.
1668 3734 1734 3789 Et
1790 3733 1931 3804 ignis

348 3820 626 3888 calefacit,
654 3834 707 3879 et
742 3824 947 3890 adurit,
995 3835 1174 3881 tamen
1206 3841 1316 3881 non
1356 3823 1555 3891 ealelit,
1606 3840 1709 3881 nec
1751 3826 1932 3880 aduri-

350 3923 456 3969 tur.
492 3914 700 3971 Idcirco
726 3916 827 3972 etsi
857 3916 980 3981 quis
1025 3918 1192 3972 vitam
1227 3918 1437 3984 vivere,
1463 3926 1518 3972 et
1559 3933 1655 3988 per
1681 3932 1742 3973 se
1764 3918 1931 3971 vitam

350 4006 566 4071 dixerit,
599 4016 653 4062 et
680 4008 976 4063 illuminari
1010 4009 1064 4064 id
1087 4009 1230 4079 quod
1262 4024 1359 4080 per
1400 4022 1460 4065 se
1487 4008 1665 4063 lumen
1697 4016 1802 4072 est,
1832 4022 1931 4062 ne-

351 4115 622 4169 quaquam
647 4104 866 4173 proprie
909 4103 1119 4159 locutus
1160 4103 1344 4169 fuerit,
1395 4103 1689 4159 secundum
1726 4113 1933 4157 rectam

354 4191 600 4248 veritatis
628 4194 934 4249 rationem:
969 4194 1072 4250 nisi
1105 4193 1249 4250 forte
1273 4196 1391 4251 haec
1431 4195 1537 4249 alio
1567 4195 1728 4249 modo
1766 4193 1934 4259 dicat,

2030 3278 2086 3333 δὲ
2109 3278 2176 3333 τὰ
2206 3278 2354 3332 αἴτια
2381 3279 2659 3344 παντελῶς
2697 3279 2806 3333 τῶν
2848 3278 3106 3334 αίτιατῶν
3150 3275 3471 3347 κτισμάτων
3500 3272 3618 3343 ἐξῄ-

2036 3386 2245 3442 ρηνται.
2277 3370 2388 3423 Καὶ
2412 3371 2500 3425 ἵνα
2531 3372 2823 3443 χρήσωμαι
2858 3372 2971 3435 τοῖς
3007 3369 3215 3442 γηῖνοις
3246 3366 3619 3439 παραδείγμα-

2034 3474 2136 3523 σιν,
2160 3459 2343 3529 ήδοναὶ
2368 3462 2647 3532 ποιητικαὶ
2669 3461 2762 3515 τοῦ
2787 3460 3031 3532 ἥδεσθαι,
3056 3460 3151 3512 καὶ
3187 3458 3354 3514 λῦπαι
3395 3456 3491 3510 τοῦ
3535 3456 3618 3507 λυ-

2034 3551 2250 3605 πεῖσθαί
2272 3555 2426 3607 είσιν·
2456 3554 2617 3609 αὑταὶ
2641 3554 2699 3608 δὲ
2725 3556 2781 3607 αἱ
2808 3554 2991 3625 ἡδοναὶ
3016 3554 3075 3605 οὐ
3104 3551 3351 3621 λέγονται
3373 3550 3617 3621 ἥδεσθαι,

2036 3640 2157 3695 οὐδὲ
2177 3644 2239 3696 αἱ
2280 3641 2448 3699 λῦπαι
2489 3643 2806 3698 λυποῦνται.
2836 3645 2947 3697 Καὶ
2970 3644 3032 3697 τὸ
3060 3642 3171 3713 πῦρ
3216 3641 3502 3714 θερμαίνει
3532 3641 3620 3693 καὶ

2038 3735 2202 3802 καίει,
2243 3737 2301 3790 οὺ
2330 3736 2681 3808 θερμαίνεται
2719 3736 2775 3789 δὲ
2816 3736 2908 3789 καὶ
2947 3735 3180 3790 καίεται.
3212 3732 3312 3789 Διὰ
3336 3732 3495 3785 τοῦτο
3536 3732 3620 3783 καὶ

2038 3829 2185 3895 εἴτις
2212 3832 2343 3901 φαίη
2376 3829 2478 3902 ζῇν
2500 3830 2598 3902 τὴν
2622 3828 2867 3895 ζωοῦσαν
2884 3831 2977 3883 καὶ
3003 3827 3301 3899 αὑτοξωὴν,
3328 3827 3423 3881 καὶ
3456 3824 3619 3894 φωτί-

2039 3923 2228 3986 ζεσθαι
2252 3924 2314 3977 τὸ
2339 3923 2609 3993 αὑτόφως,
2634 3924 2734 3978 οὐκ
2770 3923 2917 3976 εἴποι
2950 3922 3155 3994 κυρίως
3176 3918 3319 3975 κατὰ
3343 3919 3437 3971 τὸν
3468 3915 3621 3988 ὀρθὸν

2038 4016 2137 4086 τῆς
2166 4013 2422 4085 ἀληθείας
2446 4014 2621 4083 λόγον,
2640 4017 2689 4068 εί
2715 4015 2788 4085 μή
2819 4032 2919 4069 που
2944 4013 3064 4067 καθ’
3092 4012 3276 4083 ἕτερον
3301 4011 3525 4082 τρόπον,
3542 4010 3619 4061 ὅτι

2038 4105 2312 4176 περισσῶς
2334 4145 2349 4169 ,
2392 4107 2486 4160 καὶ
2522 4105 2815 4169 οὺσιωδῶς,
2844 4106 2938 4159 καὶ
2961 4106 3021 4158 οὐ
3065 4103 3204 4158 κατὰ
3232 4101 3488 4175 μετοχὴν,
3522 4098 3622 4170 πρὸ

2037 4195 2145 4250 τῶν
2171 4195 2427 4249 αἰτιατῶν
2454 4196 2619 4249 ἔνεισι
2643 4195 2817 4249 ταῦτα
2839 4198 2954 4260 τοῖς
2980 4194 3195 4260 αίτίοις.

354 4280 493 4346 quod
553 4282 806 4337 nimirum
850 4284 1241 4356 abundantius,
1288 4296 1341 4343 et
1386 4287 1687 4343 secundum
1763 4286 2078 4355 essentiam,
2157 4302 2263 4344 non
2346 4297 2527 4344 autem
2576 4288 2873 4343 secundum
2953 4287 3457 4358 participationem,
3516 4297 3623 4354 pra:

354 4368 562 4431 cllectis
585 4371 700 4427 haec
729 4372 896 4427 insint
934 4375 1136 4431 causis.

427 4462 578 4536 ςιχ.
612 4464 752 4532 Quin
791 4466 955 4521 etiam
1002 4469 1147 4537 quod
1195 4477 1280 4523 est
1322 4470 1597 4524 universa:
1646 4468 1905 4537 theologia

2168 4469 2260 4522 IX.
2303 4468 2464 4523 Ἀλλὰ
2501 4470 2594 4523 καὶ
2634 4469 2696 4524 τὸ
2730 4469 3135 4539 ἐκφανὲπατον
3184 4471 3408 4543 ἁπάσης
3451 4473 3621 4526 θεολο-

358 4557 868 4614 tttanil'estissitttum
891 4560 1020 4616 Jesu
1048 4561 1408 4616 humanitatis
1432 4562 1753 4634 mysterium
1772 4561 1958 4631 (quo-.

361 4654 506 4706 uiam
539 4654 706 4708 etiam
748 4654 1039 4712 manifeste
1074 4671 1139 4711 ac
1189 4671 1320 4711 vere
1362 4656 1643 4711 nobiscum
1687 4670 1937 4711 commu-

359 4746 612 4819 nicavit),
637 4756 816 4803 tamen
844 4748 897 4803 id
922 4749 1097 4819 ipsqu
1115 4748 1276 4804 etiam
1303 4746 1578 4803 ineﬂ'abile
1600 4757 1682 4803 est
1700 4747 1940 4805 sermoni

361 4840 533 4907 omni,
564 4850 622 4895 et
659 4842 808 4896 omni
843 4844 1015 4898 menti
1063 4840 1509 4910 ineonceptibile,
1555 4840 1723 4895 etiam
1760 4841 1941 4911 primo

362 4944 421 4998 et
470 4935 857 5005 antiquissimo
906 4936 1126 5007 angelo,
1149 4935 1363 4991 scilicet
1403 4934 1791 4990 sublimissimo
1831 4933 1946 5003 pri-

367 5041 564 5095 moque
589 5027 767 5082 ordini
795 5044 810 5094 ;
850 5026 953 5083 hoc
982 5029 1127 5083 euitn
1159 5026 1403 5082 Joannes
1442 5026 1537 5082 ille
1568 5026 1857 5097 theologus
1885 5026 1941 5081 in

367 5120 693 5190 Apocalypsi
723 5123 791 5175 de
823 5121 1234 5193 antiquioribus
1273 5122 1340 5175 iis
1369 5120 1579 5189 angelis
1620 5120 1808 5173 tradit.
1845 5120 1943 5172 At-

290 5217 303 5259 t
366 5226 476 5280 que
499 5226 622 5263 eum
654 5212 873 5280 quidem
902 5226 1127 5265 carnem
1172 5212 1564 5281 assumpsisse,
1595 5211 1821 5282 mystice
1851 5226 1944 5265 ac-

368 5302 635 5373 cepimus,
686 5304 782 5358 sed
828 5305 1100 5372 quomodo
1156 5320 1220 5359 ex
1268 5304 1530 5375 virgineis
1586 5302 1944 5372 sanguinibus

374 5394 481 5448 alia
504 5410 666 5465 quam
693 5407 904 5450 natura:
930 5396 1045 5466 lege
1068 5397 1139 5451 sit
1164 5396 1504 5463 eﬂormatus,
1525 5394 1738 5466 aliaque
1761 5394 1943 5450 omnia

2032 4561 2156 4631 γίας
2182 4563 2244 4615 τὸ
2270 4563 2367 4635 τῆς
2396 4562 2569 4635 Ἰησοῦ
2600 4562 3010 4635 φιλανθρωπίας
3044 4566 3367 4636 μυστήριον,
3395 4568 3502 4637 (ὅτι
3530 4568 3615 4621 καὶ

2038 4655 2286 4729 φανερῶς
2305 4659 2400 4711 καὶ
2416 4657 2682 4731 ἀληθινῶς
2700 4657 2976 4730 ὡμίλησεν
2987 4660 3020 4730 ὴ
3031 4661 3120 4730 μϊν
3198 4659 3335 4713 ἀλλὰ
3354 4661 3452 4713 καὶ
3468 4661 3620 4715 τοῦτο

2037 4747 2274 4821 άρρητόν
2317 4750 2434 4802 ἐστι
2460 4748 2604 4821 λόγῳ
2636 4750 2819 4815 παντὶ,
2867 4750 2964 4803 καὶ
3003 4750 3283 4818 ἄγνωστον
3317 4749 3397 4821 νῷ
3443 4752 3619 4814 παντὶ,

2039 4843 2135 4897 καὶ
2172 4842 2320 4915 αὐτῴ
2365 4842 2443 4915 τῷ
2492 4846 2785 4916 πρωτίστῳ
2828 4846 2923 4899 καὶ
2965 4845 3327 4917 πρεσϐυτάτῳ
3372 4846 3620 4918 ἀγγέλῳ,

2044 4934 2284 5006 δηλονότι
2313 4936 2380 5006 τῇ
2413 4933 2724 5007 ὑψηλοτάτη
2753 4938 2848 4989 καὶ
2889 4936 3083 5007 πρώτῃ
3116 4935 3289 5001 τάξει.
3324 4937 3497 5005 Λέγει
3525 4937 3622 5007 γὰρ

2046 5028 2140 5081 καὶ
2171 5028 2199 5080 ὁ
2230 5026 2475 5097 θεολόγος
2514 5028 2767 5099 Ἰωάννης
2801 5030 2859 5083 ἐν
2886 5031 2951 5101 τῇ
2994 5028 3362 5098 Ἀποκαλύψει
3394 5031 3619 5102 πρεσϐυ-

2047 5118 2238 5191 τέρους
2266 5119 2547 5189 ἀγγέλους.
2581 5122 2690 5175 Καὶ
2724 5120 2786 5173 τὸ
2823 5119 2922 5190 μὲν
2966 5119 3317 5192 σαρωθῆναι
3353 5119 3621 5191 μυστικῶς

2048 5209 2484 5281 παρειλήφαμεν,
2516 5208 2578 5263 τὸ
2609 5209 2655 5263 δ’
2694 5212 2841 5273 ὅπως
2885 5211 2949 5262 ἐκ
2990 5208 3335 5282 παρθενικῶν
3382 5211 3621 5280 αἱμάτων

2052 5300 2224 5372 ἐτέρῳ
2252 5299 2404 5371 παρὰ
2427 5300 2526 5373 τὴν
2550 5300 2710 5370 φύσιν
2738 5300 2925 5372 θεσμῷ
2949 5301 3318 5365 διεπλάττετο,
3347 5301 3446 5354 καὶ
3468 5300 3623 5355 τᾶλλα

2055 5393 2233 5446 πάντα
2276 5391 2377 5463 τῆς
2430 5392 2607 5463 Ἰησοῦ
2653 5392 3041 5463 φυσιολογίας,
3087 5392 3207 5456 πῶς
3247 5392 3307 5445 ἐν
3350 5391 3478 5446 δυσὶ
3516 5390 3619 5451 cui;

298 5500 318 5523 λ·
365 5501 497 5551 quae
525 5487 591 5540 ad
631 5497 839 5543 natura:
883 5487 1010 5543 Jesn
1040 5489 1464 5558 explicationem
1508 5496 1776 5559 spectant,

2140 5501 2253 5538 σεσι
2281 5484 2703 5557 γνωριζόμενος,
2734 5485 2830 5538 καὶ
2857 5484 3000 5538 κατὰ
3037 5484 3326 5556 ἄνθρωπον
3374 5483 3618 5555 ἔπραττε.

372 5579 540 5636 modo
572 5579 626 5635 in
660 5580 876 5637 duabus
905 5582 1120 5637 naturis
1150 5580 1429 5651 cognitus,
1462 5589 1518 5636 ct
1567 5589 1726 5651 prout
1769 5578 1948 5635 homi-

459 5766 485 5801 ³
522 5761 687 5821 lach.
718 5777 794 5828 tv,
829 5762 882 5819 '5.
966 5765 981 5803 ι
1019 5759 1140 5817 Jac.
1172 5776 1208 5827 ι,
1248 5758 1331 5817 17.

2060 5577 2153 5630 xat
2181 5576 2323 5649 ὑπὲρ
2350 5577 2633 5649 ἄνθρωπον
2662 5577 2903 5649 ἐνήργει,
2934 5578 3119 5650 ἐτέρου
3141 5575 3299 5645 λόγου
3326 5577 3421 5630 καὶ
3451 5573 3615 5647 κρείτ-
