3752 6296
93 298 197 354 875

704 292 794 348 DE
824 288 1079 347 DlVINlS
1113 285 1519 352 NOMINIBUS,
1556 285 1710 343 CAP.
1742 283 1806 338 11.
1841 313 1913 323 -
1945 281 2293 339 PARAPHR.
2326 281 2800 341 PACHYMERZE.

3272 293 3380 351 67L

90 428 243 475 τονος
284 410 320 482 ἢ
372 410 496 465 καθ’
530 410 677 482 ἡμᾶς
726 409 820 463 καὶ
871 408 970 481 τὴν
1016 403 1295 479 ἡμετέραν
1338 404 1690 475 ἀνθρωπίνην

1886 416 1921 455 u
1953 414 2014 455 se
2045 397 2303 469 gesserit,
2335 407 2391 453 et
2420 413 2582 469 supra
2610 400 2887 456 hominem
2917 416 3082 472 opera
3110 408 3376 477 ediderit,

90 504 344 574 δύναμιν.
381 504 446 557 Εί
477 502 609 571 γοῦν
654 502 748 556 ἐπὶ
791 500 1003 565 τούτοις
1045 498 1260 571 ἄρρητά
1303 499 1411 550 εἰσι
1452 494 1522 548 τὰ
1567 494 1686 545 θεο-

91 595 306 667 πρεπῆ,
331 595 368 650 ﬁ
395 595 462 666 δὴ
487 596 581 648 καὶ
610 594 709 667 τὴν
738 592 1014 663 θεολογίαν
1045 589 1452 662 ἐκφανεστέραν
1481 586 1689 658 ἔχουσι,

90 688 147 740 τί
178 687 375 758 φήσειέ
416 705 502 751 τις
545 688 673 759 περὶ
717 686 819 758 τῆς
864 684 1141 758 μακαρίας
1189 683 1457 755 Τριάδος;
1502 679 1692 734 Ταῦτα

92 780 227 848 ἡμῖν
264 796 327 831 τε
355 780 415 831 ἐν
442 778 624 841 ἄλλοις
654 776 888 849 εἴρηται,
938 774 1031 828 καὶ
1058 774 1137 846 τῷ
1175 771 1370 844 κλεινῷ
1410 770 1568 844 ἡμῶν
1608 771 1691 824 δι-

92 871 353 942 δασκάλῳ
385 869 462 941 τῷ
492 869 747 941 μακαρίῳ
787 868 1051 942 ’Ῑεροθέῳ,
1082 867 1141 921 ὃν
1173 866 1311 939 μετὰ
1352 865 1442 919 τὸν
1477 864 1693 919 Παῦλον

95 964 425 1019 διδάσκαλον
458 962 824 1035 ἐπλούτησεν·
864 963 1010 1034 ἅπερ
1045 962 1273 1025 ἐκεῖνος,
1305 960 1415 1013 εἴτε
1445 957 1555 1012 ἀπὸ
1582 958 1693 1013 τῶν

97 1055 263 1130 ιερῶν
290 1055 536 1128 Γραφῶν
562 1055 920 1127 παρείληφεν,
947 1056 1057 1108 εἴτε
1084 1054 1177 1108 καὶ
1204 1054 1271 1106 ἐκ
1296 1052 1396 1122 τῆς
1436 1052 1565 1124 περὶ
1595 1051 1695 1116 τὰς

98 1147 327 1221 Γραφὰς
364 1147 595 1218 ἐρεύνης
623 1144 984 1218 συνεώρακεν,
1020 1145 1085 1198 ἐκ
1112 1145 1211 1216 τῆς
1240 1143 1440 1214 πολλῆς
1486 1160 1697 1214 γυμνα-

102 1240 217 1304 σίας
242 1240 344 1293 καὶ
370 1238 587 1312 τριϐῆς,
624 1237 733 1292 εἴτε
759 1239 854 1291 καὶ
894 1236 958 1291 ἐκ
989 1254 1136 1301 τινος
1174 1236 1390 1308 ἐμυήθη
1416 1234 1696 1307 θειοτέρας

100 1333 417 1397 ἐπιπνοίας,
446 1334 508 1386 οὐ
547 1333 705 1404 μόνον
737 1330 943 1404 μαθὼν,
972 1328 1108 1385 ἀλλὰ
1144 1331 1239 1384 καὶ⁵
1264 1329 1451 1384 παθών
1477 1346 1491 1359 ο
1528 1329 1605 1393 ώς
1632 1328 1694 1382 οὐ

99 1426 369 1489 διδακτῶς
424 1424 515 1478 διὰ
560 1424 737 1495 λόγων
787 1426 887 1496 τὴν
946 1425 1076 1497 περὶ
1128 1423 1338 1477 τούτων
1399 1422 1695 1494 δεξάμενος

105 1517 326 1588 μύησιν,
382 1516 521 1571 ἀλλὰ
561 1519 628 1588 τῇ
672 1516 795 1588 θείᾳ
831 1516 1096 1588 ἐλλάμψει
1122 1515 1416 1581 τυπωθεὶς,
1460 1516 1554 1569 καὶ
1585 1509 1697 1570 οἷον

102 1608 471 1679 ἐνσημανθεὶς
494 1610 559 1679 τῇ
599 1608 807 1679 διανοίᾳ
830 1608 929 1679 τὴν
957 1607 1157 1677 γνῶσιν
1182 1607 1291 1661 τῶν
1330 1606 1471 1680 ὑπὲρ
1509 1608 1692 1678 φύσιν.

102 1700 318 1773 Ταύτην
350 1701 464 1771 γὰρ
492 1702 595 1773 τὴν
620 1700 731 1754 τῶν
763 1701 1052 1773 θειοτέρων
1086 1701 1287 1773 μύησιν
1314 1700 1695 1771 συμπάθειαν

102 1793 385 1858 ἐκάλεσεν,
434 1794 603 1864 ἤγουν
642 1792 996 1847 συνδιάθεσιν.
1026 1795 1136 1848 Καὶ
1170 1794 1257 1847 ἵνα
1298 1793 1367 1848 τὰ
1403 1792 1574 1847 πολλὰ
1602 1795 1696 1849 καὶ

106 1888 356 1959 μακάρια
399 1886 511 1940 τῶν
539 1887 748 1941 ἐκείνου
778 1886 1061 1959 παρῶμεν,
1088 1888 1146 1940 ἐν
1183 1887 1488 1958 ἐλαχίστοις
1519 1906 1697 1960 παρα-

104 1977 323 2049 θὼμεθα
368 1978 520 2049 ἅπερ
563 1978 697 2051 φησὶ
740 1980 871 2051 περὶ
910 1980 1004 2033 τοῦ
1049 1979 1256 2052 Κυρίου
1307 1979 1464 2052 ἡμῶν
1520 1980 1695 2051 Ἰησοῦ

104 2070 338 2143 Χριστοῦ
393 2062 513 2124 και
540 2070 675 2125 Θεοῦ
706 2072 763 2125 ἐν
811 2074 932 2137 ταῖς
988 2072 1368 2143 Θεολογικαῖς
1395 2074 1697 2143 στοιχειώιέ

105 2182 301 2219 σεσιν.

762 2383 1071 2457 Ἱεροθέου.

171 2517 303 2589 §X.
368 2516 607 2588 Ἐφεξῆς
652 2516 710 2571 δὲ
761 2518 1007 2591 ἐκτίθησι
1053 2518 1190 2592 πρὸς
1237 2519 1387 2592 ῥῆμα
1448 2519 1543 2573 καὶ
1595 2518 1697 2591 τὴν

105 2607 193 2663 τοῦ
215 2608 379 2677 ἁγίου
406 2608 647 2680 γραφὴν,
666 2608 725 2662 ἐν
745 2607 827 2675 οἷς
848 2613 877 2663 ὁ
902 2612 1174 2682 μακάριος
1201 2610 1368 2679 λέγει,
1393 2611 1693 2681 παριστῶν,

106 2699 181 2751 ὅτι
213 2701 309 2753 καί⁸
337 2702 367 2753 ὁ
408 2701 539 2764 Υἱὸς
565 2700 635 2753 τὰ
662 2701 839 2754 πάντα
865 2702 1011 2755 ἐστὶν
1052 2704 1110 2756 ἐν
1152 2705 1306 2767 πᾶσι,
1346 2704 1440 2757 καὶ
1486 2702 1697 2775 κεφαλὴ

108 2794 325 2847 πάντων
358 2793 506 2847 κατὰ
535 2793 625 2847 τὸν
668 2793 1009 2860 ’Λπόστολον,
1039 2796 1121 2850 ὅτι
1155 2797 1373 2850 πάντων
1404 2797 1520 2850 ἐστὶ
1560 2796 1697 2868 πλή-

113 2898 263 2957 ρωμα
291 2888 391 2940 καὶ
425 2888 705 2959 συνοχεύς,
723 2880 825 2942 ’καὶ
847 2888 1099 2953 διασώζει
1125 2889 1219 2942 καὶ
1247 2890 1600 2961 περισφίγγει
1628 2890 1698 2944 τὰ

110 2978 247 3049 μέρη
294 2982 364 3051 τῇ
405 2980 655 3052 ὁλότητι·
699 2983 793 3036 καὶ
839 2980 963 3035 οὐτε
1007 2983 1175 3055 μέρος
1208 2984 1358 3037 ἐστὶν
1387 2983 1512 3037 οὔτε
1552 2983 1694 3049 ὅλον,

1794 492 1954 563 longe
2000 491 2232 546 alterius
2265 497 2323 544 et
2366 492 2763 560 praestantioris
2815 498 3089 554 sermonis
3134 514 3224 557 res
3270 514 3376 567 est,

1796 596 1964 651 quam
1994 588 2180 636 nostra
2206 578 2349 633 ratio
2378 588 2473 634 aut
2500 579 2734 637 facultas
2760 581 2987 640 fert.Ad
3015 588 3132 643 haec
3163 590 3375 660 itaque,

1798 673 1844 729 si
1883 671 2176 728 ineffabilia
2212 678 2343 725 sunt
2386 668 2595 736 divina,
2648 682 2707 727 ut
2746 689 2868 744 qua:
2900 677 3243 734 subtiliorem
3279 684 3379 737 ha-

1798 762 1961 816 beant
1993 758 2348 830 theologiam,
2391 760 2521 829 quid
2552 762 2701 817 dicet
2730 765 2853 834 quis
2896 765 2964 821 de
2998 769 3155 824 beata
3189 772 3379 827 Trini-

1801 848 1956 904 tate?
1993 849 2194 905 Verum
2229 849 2343 903 lucc
2374 863 2404 903 a
2446 850 2606 905 nobis
2650 852 2817 907 etiam
2863 855 2991 911 alibi
3030 858 3179 914 dicta
3225 872 3377 929 sunt,

1798 954 1856 998 et
1890 944 1959 998 ab
1990 944 2196 1015 inclyto
2235 952 2573 1014 praeceptore
2618 956 2810 1002 nostro
2853 947 3020 1007 beato
3048 951 3375 1023 Hierotheo,

1797 1033 1966 1104 338
1994 1048 2156 1103 quem
2205 1042 2329 1101 post
2367 1043 2619 1089 sanctum
2660 1035 2891 1093 Paulum
2940 1042 3131 1099 habuit
3173 1061 3380 1115 praece-

1798 1137 2041 1197 ptorem;
2071 1140 2195 1197 quae
2225 1125 2337 1191 ille,
2388 1127 2507 1181 sive
2538 1143 2569 1182 a
2593 1128 2903 1200 Scripturis
2927 1135 3105 1191 sacris
3145 1152 3378 1209 accepe-

1804 1227 1905 1283 rat,
1930 1218 2047 1273 sive
2088 1234 2152 1273 ex
2186 1219 2497 1275 earumdem
2527 1220 2876 1292 iudagatione
2929 1225 3104 1281 fuerat
3133 1240 3380 1286 contem-

1803 1307 2004 1378 platus,
2057 1318 2115 1363 et
2159 1310 2423 1365 exercitio
2472 1327 2683 1382 usuque
2732 1316 2993 1383 plurimo,
3048 1321 3163 1375 sive
3208 1323 3378 1379 etiam

1802 1400 2057 1455 diviniori
2090 1399 2271 1470 aliqua
2296 1402 2666 1459 insinuatione
2696 1406 2888 1464 doctus
2913 1419 3051 1476 erat,
3076 1429 3181 1469 non
3202 1415 3380 1471 solum

1801 1492 2042 1560 discens,
2080 1498 2174 1550 sed
2223 1503 2277 1550 et
2308 1496 2528 1565 patiens
2561 1497 2770 1565 divina,
2823 1512 2880 1556 ut
2908 1504 2999 1572 qui
3035 1520 3142 1561 non
3175 1508 3383 1563 doctri-

1801 1588 2001 1645 naliter
2031 1605 2131 1660 per
2173 1589 2345 1646 verba
2379 1591 2692 1650 doctrinam
2730 1612 2922 1653 eorum
2962 1601 3244 1669 hauserat,
3285 1606 3387 1661 sed

1801 1681 1985 1737 divina
2006 1681 2371 1739 illustratione
2390 1697 2737 1755 expressam,
2764 1699 2822 1745 et
2845 1693 3015 1748 veluti
3041 1695 3384 1767 insignitam,

1728 1759 1859 1829 Bin
1916 1786 2099 1831 mente
2151 1780 2631 1848 supernaturalem
2687 1784 2928 1840 habebat
2989 1791 3382 1859 cognitionem.

1799 1863 1952 1921 Hanc
1981 1876 2162 1923 autem
2192 1886 2372 1927 rerum
2409 1873 2721 1930 divinarum
2754 1878 3121 1934 eruditionem
3145 1883 3387 1951 συμπά-

1798 1960 1963 2012 θειαν
1986 1973 2085 2015 seu
2122 1968 2514 2023 consensionem
2576 1968 2888 2037 appellavit.
2932 1969 3131 2042 Atque,
3180 1983 3238 2026 ut
3267 1976 3386 2044 plu-

1798 2051 1936 2106 rima
1955 2067 2128 2123 eaque
2152 2056 2466 2115 beatissima
2491 2060 2635 2116 illius
2652 2064 2982 2117 documenta
3011 2072 3381 2132 transeamus,

1798 2146 1991 2215 paucis
2032 2146 2389 2217 subjiciamus
2418 2168 2481 2207 ea
2515 2169 2639 2223 qua:
2668 2154 2737 2209 de
2760 2154 2995 2210 Domino
3026 2168 3221 2213 nostro
3248 2156 3382 2214 Jcsn

1799 2233 2019 2292 Christo
2048 2252 2111 2293 ac
2143 2238 2252 2294 Deo
2283 2241 2337 2295 in
2369 2240 2692 2313 Theologicis
2717 2244 2984 2300 elementis
3010 2249 3197 2303 tradit.

2439 2377 2741 2436 Ilierotlm'.

1872 2527 1901 2602 §
1948 2530 2015 2586 Χ.
2055 2531 2262 2589 Deinde
2302 2548 2433 2590 vero
2480 2537 2547 2591 ad
2583 2532 2809 2592 verbum
2850 2539 3073 2609 exponit
3114 2540 3383 2612 scriptum

1799 2623 2069 2690 quoddam
2119 2626 2292 2681 sancti
2347 2626 2654 2694 Hierothei,
2695 2630 2748 2683 in
2778 2645 2885 2700 quo
2918 2632 3114 2688 beatus
3162 2634 3251 2688 ille
3282 2636 3386 2699 ait,

1798 2716 2144 2770 ostendendo
2203 2718 2475 2786 quomodo
2505 2729 2561 2773 et
2606 2719 2776 2775 Filius
2802 2724 2985 2777 omnia
3030 2724 3083 2778 in
3126 2709 3387 2782 omnibus

1797 2814 1854 2860 et
1880 2808 2045 2875 caput
2077 2809 2323 2864 omnium
2357 2811 2451 2875 sit,
2504 2813 2805 2867 secundum
2851 2815 3209 2886 Apostolum;
3248 2836 3386 2890 quo-

1800 2902 1944 2955 niam
1974 2902 2216 2957 omnium
2264 2916 2350 2958 est
2391 2905 2670 2975 plenitudo
2716 2917 2773 2961 et
2819 2924 3106 2981 compago,
3158 2922 3212 2967 ct
3246 2930 3383 2969 con-

1798 3004 1986 3050 servat
2026 3010 2089 3049 ac
2123 2997 2378 3068 astringit
2404 3007 2589 3069 partes
2645 3007 2779 3066 toto,
2826 3010 2883 3056 et
2918 3017 3096 3069 neque
3142 3020 3269 3074 pars
3301 3016 3386 3062 est

109 3072 244 3146 ὑπὲρ
268 3073 449 3127 ταῦτα
473 3076 584 3146 γάρ
602 3093 615 3106 ·
643 3075 779 3129 ἀλλὰ
803 3078 897 3130 κα)¹
932 3076 1051 3130 ὅλον
1078 3078 1170 3131 καὶ
1195 3076 1381 3149 μέρος,
1412 3078 1489 3141 ὡς
1520 3095 1696 3132 συνει-

1886 3100 1974 3156 rue
2007 3095 2199 3153 totum,
2248 3089 2371 3157 quia
2427 3090 2514 3146 his
2561 3094 2815 3162 superior
2868 3102 2992 3158 est;
3032 3104 3275 3152 attamen
3327 3106 3385 3153 et

108 3168 291 3243 ληφὼς
314 3172 387 3228 τὰ
408 3175 588 3228 πάντα
607 3192 620 3205 ·
654 3176 748 3229 καὶ
772 3175 1117 3249 ὑπερέχειτῇ
1144 3178 1324 3248 φύσει,
1349 3179 1444 3233 καὶ
1468 3182 1693 3253 προέχει

107 3266 180 3338 τῷ
204 3267 389 3339 αἰτίῳ,
418 3268 513 3321 καὶ
546 3268 752 3334 τέλειος
776 3270 834 3322 ὲν
862 3273 977 3334 τοῖς
1000 3271 1246 3326 ἀτελέσιν
1276 3274 1407 3344 ἡμῖν
1430 3275 1567 3340 ἐστι,
1597 3276 1694 3330 καὶ

109 3362 301 3433 ἀτελὴς
330 3364 389 3415 ἐν
418 3365 535 3426 τοῖς
568 3363 797 3428 τελείοις
829 3365 1102 3433 ἀγγέλοις,
1143 3366 1220 3431 ὡς
1261 3367 1565 3441 ὑπερτελὴς
1600 3371 1695 3425 καὶ

111 3455 446 3525 προτέλειος,
475 3456 572 3508 καὶ
598 3456 868 3527 μηδεμίαν
890 3456 1027 3529 ἔχων
1054 3457 1339 3531 σύγκρισιν
1370 3462 1468 3533 τῆς
1495 3461 1696 3517 τελειό-

109 3558 266 3614 τητος
305 3546 447 3617 πρὸς
474 3546 672 3610 αὐτούς
691 3564 703 3576 ⁸
740 3550 833 3602 καὶ
865 3545 1003 3612 εἶδος
1032 3548 1141 3602 τῶν
1177 3551 1454 3617 ἁνειδέων,
1495 3553 1572 3619 ὡς
1600 3555 1696 3627 δη-

114 3639 369 3709 μιουργὸς
404 3638 499 3691 καὶ
531 3638 674 3711 ἀρχὴ
708 3640 910 3704 παντὸς
941 3641 1135 3706 εἴδους,
1168 3644 1262 3696 καὶ
1289 3645 1528 3709 ὰνείδεος
1559 3649 1695 3719 πρὸς

114 3728 400 3801 σύγκρισιν
451 3729 563 3782 τῶν
620 3730 1137 3801 είδοπεποιημένων,
1187 3732 1263 3797 ὡς
1306 3735 1450 3808 ὑπὲρ
1497 3737 1693 3794 ταῦτα.

112 3823 280 3875 οὐσία
331 3824 500 3877 πᾶσιν
546 3822 943 3879 ὲπιϐατεύουσα
985 3829 1051 3898 τῇ
1097 3830 1344 3901 προνοίᾳ,
1392 3831 1487 3883 καὶ
1534 3830 1697 3885 πάλιν

114 3914 428 3988 ἐξῃρημένη
466 3915 689 3987 ἁπάσης
721 3916 908 3983 οὐσίας
941 3922 1006 3990 τῇ
1058 3919 1217 3989 φύσει
1241 3938 1255 3951 θ
1304 3923 1485 3987 πάσας
1522 3923 1697 3995 ἀρχὰς

116 4008 209 4059 καὶ
230 4006 416 4071 τάξεις
444 4006 791 4079 περιορίζων,
816 4010 909 4062 καὶ
937 4010 1119 4082 πάσης
1145 4010 1578 4084 ὑπεριδρυμένος
1606 4014 1699 4067 καῖ⁹

116 4096 288 4168 ἀρχῆς
335 4099 433 4152 καὶ
482 4097 711 4163 τάξεως.
764 4099 874 4152 Καὶ
927 4098 1127 4171 μέτρον
1177 4101 1294 4154 ἐστὶ
1342 4102 1451 4155 τῶν
1508 4103 1696 4169 όντων,

116 4193 301 4264 ἐπειδὴ
346 4195 406 4247 ἐν
437 4191 589 4263 αὐτῷ
633 4193 811 4248 πάντα
858 4192 1231 4265 πεπέρασταν
1271 4195 1364 4249 καὶ
1403 4195 1558 4261 αἰὼν,
1608 4197 1700 4251 καὶ

118 4283 255 4356 ὑπὲρ
279 4284 489 4349 αίῶνα,
528 4285 606 4349 ὼς
632 4284 843 4339 αἰώνων
876 4290 1107 4360 ποιητής
1126 4304 1140 4317 ·
1175 4286 1364 4361 ὥσπερ
1392 4289 1597 4355 τέλειος
1640 4292 1701 4345 ἐν

118 4380 229 4442 τοῖς
257 4374 496 4443 ἀτελέσι,
529 4376 626 4432 καὶ
649 4379 706 4431 ἐν
729 4380 844 4443 τοῖς
870 4379 1097 4444 τελείοις
1124 4380 1341 4452 ἀτελὴς,
1367 4381 1443 4446 ὼς
1471 4382 1701 4455 ὐπερτέ-

119 4468 255 4535 λειος
278 4489 291 4502 ο
316 4470 465 4524 οὓτω
497 4468 713 4543 πλήρης
743 4472 800 4524 ἐν
835 4473 947 4568 τοῖς
971 4472 1317 4568 ἐνδεέσιζκαὶ
1346 4474 1701 4568 ὐπερπλήρης
1731 4513 1777 4568 D

121 4562 177 4614 ἐν
200 4566 312 4627 τοῖς
339 4564 576 4636 πλήρεσι
594 4582 605 4593 ³
646 4563 742 4617 καὶ
766 4563 934 4619 τᾶλλα
962 4564 1101 4636 ὑπὲρ
1125 4564 1318 4629 ταῦτα,
1347 4566 1433 4620 ἴνα
1472 4569 1546 4639 μὴ
1576 4569 1698 4622 καθ’

119 4652 344 4709 ἕκαστον
370 4655 645 4725 λέγωμεν.
677 4654 839 4709 Ὅθεν
883 4655 978 4709 καὶ⁵
1006 4656 1128 4709 ἐπεὶ
1160 4657 1291 4727 ἡμῖν
1332 4658 1700 4731 κεκοινώνηκε

123 4746 318 4816 σαρκδς
354 4747 453 4800 καὶ
491 4746 745 4816 αἵματος,
784 4744 880 4798 καὶ
912 4744 1127 4816 ἀληθῶς
1164 4745 1423 4817 οὐσιώοη,
1473 4748 1568 4801 καὶ
1603 4750 1700 4803 ἇν-

122 4838 335 4911 θρωπος
360 4839 727 4912 ἐχρημάτισε,
767 4837 952 4901 πάλιν,
978 4839 1080 4891 κάν
1104 4838 1313 4904 τούτοις
1358 4839 1469 4910 ἔχει
1508 4840 1575 4893 τὰ
1601 4841 1701 4912 τῆς

125 4932 371 5005 θεότητος
393 4933 695 5003 αὐχήματα
720 4930 998 4995 τέλεια,οὐ
1030 4930 1187 5003 μόνον
1212 4931 1335 4985 καθ’
1359 4932 1387 4984 ὅ
1413 4932 1703 4987 ἀναλλοιώιι

124 5040 225 5090 τως
246 5024 639 5095 κεκοινώνηκε,
672 5021 837 5093 μηδὲν
861 5021 1146 5087 πεπονθὼς
1172 5021 1322 5095 παρὰ
1341 5022 1442 5093 τῆς
1465 5023 1705 5096 χείρονος

126 5118 539 5192 ἀνθρωπότητος
578 5117 659 5180 είς
684 5116 783 5188 τὴν
808 5114 972 5170 αὐτοῦ
1002 5114 1251 5187 θεότητα,
1295 5114 1412 5168 ἀλλ’
1436 5115 1467 5168 ὃ
1502 5133 1576 5181 τι,
1607 5115 1702 5171 καὶ

124 5208 185 5261 τὸ
214 5210 433 5263 πάντων
466 5206 806 5269 καινότατον,
835 5207 893 5259 ὲν
918 5207 1032 5271 τοῖς
1072 5208 1319 5278 φυσικοῖς
1345 5206 1503 5279 ἡμῶν
1531 5206 1702 5277 ὐπερ-

127 5302 257 5372 φυὴς
286 5295 376 5373 ἦν,
427 5298 697 5366 πεξεύων,
740 5298 855 5351 ἀλλ’
900 5299 1085 5353 ἐπάνω
1127 5298 1438 5352 εὐδιαλύτου
1477 5298 1698 5363 ὐδατοςο

128 5396 332 5459 ἐσθίων,
374 5396 517 5450 ἀλλά
557 5394 723 5458 τόσας
766 5393 1010 5466 χιλιάδας
1055 5393 1367 5465 χορτάζωψ
1412 5393 1587 5448 πάντα
1634 5392 1704 5447 τά

128 5487 277 5557 ἡμῶν
304 5488 365 5552 ἐξ
390 5486 553 5559 ἡμῶν
589 5485 750 5558 ἔχων,
779 5485 873 5540 καὶ
901 5486 1046 5558 ὑμᾶς
1071 5484 1377 5557 ὑπερέχων.

1799 3186 1968 3232 toturn
2000 3189 2104 3245 est,
2138 3190 2194 3234 et
2230 3196 2378 3249 pars,
2419 3192 2676 3253 tauquam
2715 3187 3004 3242 continens
3034 3188 3387 3254 universa,et

1797 3274 2128 3349 suprahabet
2169 3282 2385 3340 natura,
2417 3285 2471 3330 et
2518 3275 2815 3332 auteltabet
2843 3288 2900 3333 ut
2933 3294 3132 3345 causa;
3168 3291 3222 3337 et
3258 3297 3386 3351 per-

1798 3360 1973 3417 fectus
2004 3372 2087 3418 est
2119 3364 2172 3417 in
2207 3364 2543 3435 imperfectis
2590 3367 2748 3422 nobis
2772 3410 2789 3435 ,
2825 3379 2882 3424 et
2915 3371 3274 3441 imperfectus
3318 3373 3374 3427 in

1798 3453 2054 3522 perlectis
2077 3456 2303 3525 angelis,
2342 3465 2600 3529 tanqttam
2630 3476 2959 3531 supraquam
2994 3465 3295 3533 perfectus,
3329 3476 3387 3521 et

1800 3548 1999 3602 nullam
2021 3548 2230 3604 habens
2254 3552 2723 3621 comparationem
2754 3555 3110 3625 perfectionis
3132 3567 3199 3613 ad
3228 3560 3382 3626 illos;

1797 3650 1852 3695 et
1903 3640 2080 3695 forma
2129 3658 2311 3698 rerum
2358 3644 2696 3711 informium,
2747 3658 3005 3717 tanquam
3048 3650 3279 3705 (Ireator
3328 3662 3385 3707 et

1798 3728 2124 3801 principium
2170 3736 2351 3787 omnis
2382 3733 2595 3800 formae,
2643 3746 2699 3791 et
2730 3738 2850 3793 sine
2905 3738 3075 3792 forma
3124 3751 3383 3809 respectu

1800 3836 1983 3875 rerum
2017 3822 2461 3890 informatarum,
2508 3837 2694 3896 utpote
2726 3844 2891 3898 supra
2938 3829 3195 3885 formam.
3243 3830 3387 3887 Sub-

1800 3915 2002 3972 stantia
2051 3926 2281 3972 cunctas
2327 3917 2667 3972 substantias
2717 3920 3020 3988 pervadens
3058 3936 3155 3974 sua
3203 3923 3387 3989 provi-

1800 4005 2006 4071 dentia,
2045 4016 2101 4059 et
2154 4014 2349 4059 natura
2384 4021 2481 4060 sua
2531 4021 2723 4061 rursus
2776 4006 2846 4061 ab
2886 4008 3035 4063 omni
3078 4010 3383 4065 substantia

1800 4104 2048 4162 exempta
2074 4109 2091 4159 ;
2123 4101 2316 4149 cuncta
2349 4094 2616 4164 principia
2645 4097 2977 4168 ordinesque
3005 4098 3302 4166 deﬁniens,
3330 4108 3386 4154 et

1802 4199 1967 4257 supra
1995 4200 2159 4242 omne
2213 4187 2543 4257 principium
2576 4189 2936 4259 ordinemque
2964 4189 3285 4246 collocatus.
3321 4191 3388 4246 Et

1803 4292 1986 4332 rerqu
2015 4287 2100 4333 est
2130 4294 2409 4345 mensura,
2445 4281 2705 4350 quoniam
2741 4283 2795 4337 in
2830 4283 2948 4352 ipso
2988 4284 3242 4340 universa
3276 4295 3393 4341 ter-

1803 4369 2120 4435 minantur;
2152 4382 2209 4429 et
2237 4372 2497 4427 sarculum
2524 4382 2580 4428 et
2610 4388 2776 4445 supra
2801 4376 3086 4442 saeculum,
3118 4383 3388 4446 tanquam

1804 4469 1997 4516 auctor
2022 4462 2389 4532 saeculorum;
2433 4466 2590 4534 quasi
2636 4466 2911 4535 perfectus
2944 4468 2996 4521 in
3026 4467 3384 4539 imperfectis,

1805 4562 1861 4607 et
1894 4553 1947 4607 in
1975 4554 2240 4623 perfectis
2269 4556 2649 4626 imperfectus,
2674 4559 2874 4629 quippe
2901 4574 3232 4631 supraquam
3258 4577 3385 4631 per-

1806 4645 2022 4715 fectus;
2050 4654 2309 4717 tanquam
2351 4650 2545 4719 plenus
2584 4650 2636 4703 in
2668 4649 3065 4721 indigentibus,
3102 4661 3159 4707 et
3191 4669 3388 4724 supra-

1807 4752 1970 4806 quam
2007 4736 2200 4808 plenus
2254 4739 2308 4794 in
2348 4740 2546 4809 plenis,
2589 4751 2640 4795 et
2688 4757 3025 4813 quaecunque
3075 4760 3239 4814 supra
3274 4747 3389 4803 haec

1807 4839 1957 4894 sunt,
1986 4846 2056 4887 ne
2086 4830 2298 4903 singula
2326 4846 2735 4888 recenseamus.
2769 4832 2909 4889 Hinc
2936 4836 3195 4905 quoniam
3221 4838 3388 4893 etiam

1810 4925 2094 4980 nobiscum
2138 4926 2192 4982 in
2238 4941 2406 4982 carne
2445 4935 2501 4982 et
2546 4927 2813 4998 sanguine
2843 4929 3299 4998 communicavit,
3335 4941 3390 4988 et

1811 5035 1943 5076 vero
1999 5022 2364 5079 substantiam
2420 5031 2665 5077 nostram
2726 5022 3061 5092 assumpsit,
3117 5032 3174 5080 et
3227 5026 3393 5081 homo

1812 5115 1992 5171 dictus
2018 5123 2124 5181 est,
2161 5131 2356 5171 rursus
2386 5116 2548 5171 etiam
2587 5116 2642 5169 in
2674 5114 2741 5171 iis
2772 5114 2937 5170 habet
2962 5114 3210 5185 perfecta
3240 5134 3391 5189 qua:-

1807 5206 1933 5262 dam
1965 5207 2193 5277 vestigia
2222 5206 2553 5275 divinitatis;
2584 5222 2691 5262 non
2736 5206 2913 5262 solum
2957 5208 3103 5279 quod
3129 5209 3390 5266 divinitas

1809 5300 1928 5355 sine
1973 5299 2081 5353 ulla
2134 5300 2511 5355 immutatione
2549 5299 2716 5371 339
2751 5298 3393 5370 nobiscum;communi-

1810 5394 1975 5460 carit,
2009 5391 2257 5463 nihilque
2299 5408 2330 5447 a
2364 5392 2544 5447 viliori
2578 5393 2923 5448 humanitate
2952 5407 3113 5463 passa
3147 5394 3261 5461 sit;
3295 5411 3393 5452 ve-

1811 5500 1934 5540 rum
1981 5485 2172 5554 etiam,
2214 5486 2362 5557 quod
2404 5486 2561 5542 novis
2606 5486 2865 5542 omnibus
2910 5487 3151 5543 maxime
3190 5503 3392 5545 novum

129 5589 225 5645 est,
253 5581 306 5636 in
335 5579 688 5636 naturalibus
718 5578 921 5636 nostris
945 5577 1383 5649 supernaturalis
1405 5577 1706 5647 exstiterit,
1744 5577 2055 5644 ambulans,
2083 5578 2179 5634 sed
2209 5593 2373 5649 supra
2430 5593 2630 5649 aquam
2661 5577 2899 5644 fluxam;
2929 5582 3239 5645 comedens,
3296 5582 3392 5636 sed

134 5682 209 5727 tot
237 5676 401 5732 millia
436 5676 676 5741 satians,
709 5675 896 5730 omnia
931 5683 1116 5729 nostra
1146 5687 1213 5726 ex
1252 5672 1410 5727 nobis
1436 5682 1493 5727 et
1530 5688 1692 5743 supra
1732 5688 1831 5729 nos
1860 5672 2195 5729 excellenter
2227 5671 2456 5729 habens.

193 5766 327 5838 §Xlz
359 5769 587 5823 Τούτων
629 5765 727 5837 μὲν
752 5765 869 5830 ἃλις
889 5782 903 5798 ’
935 5766 1025 5819 ἐπὶ
1051 5766 1121 5838 δὲ
1156 5767 1247 5822 τὸν
1284 5766 1378 5821 τοῦ
1406 5766 1563 5835 λόγου
1598 5782 1720 5819 σκο-

1901 5765 1929 5837 §
1973 5763 2063 5822 XI.
2105 5765 2215 5824 Sed
2257 5766 2326 5827 de
2358 5768 2445 5827 his
2488 5769 2651 5837 satis;
2703 5768 2865 5825 modo
2912 5764 3181 5824 sermonis
3217 5766 3390 5824 nostri
