3742 6304
416 254 485 310 τε
1554 238 1613 296 S.
1650 233 1953 294 DiONYSll
1986 232 2451 290 AREOPAGITAL

3558 226 3658 291 τι

380 384 608 440 scopum
652 377 1075 438 prosequamur,
1125 360 1439 417 communia
1475 368 1531 414 et
1568 358 1721 411 unita
1753 370 1858 412 sani

2190 354 2490 424 προΐωμεν,
2520 350 2889 414 ἀνελίττοντες
2934 348 3003 402 τὰ
3041 347 3199 415 κοινᾲ
3237 346 3331 402 xui
3370 347 3655 419 ἡνωμένα,

378 460 664 517 Trinitatis
710 457 950 524 nomina,
983 468 1104 523 quae
1149 453 1347 507 divina:
1374 458 1518 506 sunt
1554 446 1957 512 distinctionis,

378 562 569 625 utpote
601 553 866 607 donorum
900 548 1212 602 divinorum
1245 560 1366 614 quae
1395 559 1425 598 a
1474 543 1583 596 Deo
1616 541 1963 609 distinguun-

381 657 492 713 tur,
526 651 886 713 exponentes.
918 638 984 692 Et
1013 647 1073 691 ut
1101 638 1248 691 clare
1276 634 1624 696 deliniamus,
1649 631 1959 687 distinctio-

380 753 502 792 nem
561 735 803 789 divinam
853 746 975 791 esse
1021 730 1281 793 dicimus,
1339 726 1508 780 Deum
1556 725 1834 787 decentes,
1882 720 1961 774 uti

377 830 586 885 dictum
624 836 727 891 est,
757 824 1124 886 donationes;
1160 821 1287 874 dum
1321 818 1468 871 enim
1512 816 1675 870 rebus
1706 813 1963 870 omnibus

376 924 646 989 bonorum
665 918 942 975 consortia
964 915 1224 983 impertit,
1246 923 1361 967 tum
1380 911 1529 970 unite
1546 908 1788 977 quidem,
1810 907 1862 961 id
1880 915 1962 960 est

375 1032 442 1071 ex
466 1016 630 1070 unius
664 1021 878 1067 natura:
910 1006 1249 1078 preprietate
1284 1004 1336 1058 in
1376 1018 1472 1057 sua
1504 1015 1731 1065 numera
1762 997 1958 1052 distin-

377 1108 583 1176 guitur,
617 1104 974 1171 nutltiplicata
1011 1114 1141 1153 vero
1188 1099 1240 1151 in
1287 1094 1549 1150 beneficia
1582 1090 1956 1162 particularia,

377 1215 593 1254 rursum
627 1199 857 1263 unitur;
912 1194 1174 1264 quoniam
1207 1207 1274 1245 ex
1321 1206 1427 1243 uno
1461 1188 1571 1241 Deo
1616 1186 1796 1239 omnia
1830 1192 1961 1238 sunt

373 1290 662 1349 beneﬁcia.
698 1289 763 1343 Et
795 1288 937 1342 dona
976 1284 1196 1354 quidem
1231 1282 1283 1333 in
1315 1278 1547 1348 singulis
1579 1274 1957 1345 multiplican-

376 1394 487 1450 tur,
533 1392 756 1439 manent
787 1389 969 1434 autem
1015 1380 1067 1432 in
1103 1392 1210 1431 uno
1248 1376 1366 1429 sine
1412 1369 1751 1441 egressione,
1802 1381 1867 1421 ac
1911 1366 1957 1420 si

374 1481 430 1535 in
466 1494 577 1533 uno
610 1477 704 1546 qui
738 1484 823 1529 est
855 1473 945 1528 illa
973 1472 1100 1541 quis
1136 1468 1355 1533 videat;
1391 1463 1650 1535 quoniam
1698 1461 1843 1515 Deus
1875 1466 1959 1513 est

376 1574 423 1628 is
452 1572 543 1641 qui
571 1580 682 1634 est,
730 1568 824 1623 sed
869 1562 1451 1636 superesseutialitcr:
1497 1568 1552 1613 et
1593 1555 1845 1625 producit
1892 1566 1955 1607 ea

375 1679 499 1737 qua:
525 1672 694 1726 sunt;
726 1661 967 1727 dumque
998 1657 1069 1711 iis
1096 1654 1289 1709 tribuit
1313 1668 1457 1717 esse,
1486 1648 1883 1718 multiplicatur
1913 1645 1959 1699 is

375 1756 522 1826 quod
551 1767 719 1806 unum
749 1760 835 1806 est
864 1751 916 1804 in
949 1749 1015 1803 iis
1044 1762 1165 1817 qua:
1191 1743 1359 1798 multa
1391 1750 1560 1805 sunt;
1603 1738 1958 1795 nihilominus

376 1857 559 1903 tamen
605 1844 665 1898 in
710 1842 1019 1898 istiusmodi
1072 1834 1526 1907 multiplicatione
1567 1840 1749 1885 manet
1795 1829 1848 1882 in
1896 1842 1957 1881 se

374 1939 505 2009 quid
532 1951 722 1999 unum,
759 1944 812 1989 et
851 1934 905 2002 in
939 1932 1278 2001 singulorum
1322 1924 1678 1982 distinctione
1708 1922 1953 1991 plenum,

373 2032 631 2107 quoniam
654 2039 739 2085 est
760 2030 829 2083 ab
853 2028 1111 2082 omnibus
1144 2025 1308 2078 rebus
1338 2028 1673 2090 exemptum,
1703 2025 1811 2070 tam
1837 2013 1957 2068 sin-

372 2106 547 2195 gulari
580 2122 937 2194 productione
967 2118 1208 2173 omnium
1237 2115 1481 2183 (scilicet
1514 2110 1677 2167 simul
1703 2106 1956 2171 volendo,

370 2226 426 2271 et
466 2232 573 2271 non
600 2213 873 2285 paulatim
902 2227 966 2265 ac
1012 2225 1109 2279 per
1136 2217 1324 2278 partes
1345 2214 1409 2267 ,ει
1440 2205 1652 2259 minuta
1685 2197 1957 2266 l'usione;)

371 2312 499 2381 quia
528 2310 693 2373 Deus,
723 2307 849 2360 dum
876 2319 965 2358 res
996 2312 1166 2367 creat,
1200 2299 1335 2354 nihil
1367 2296 1642 2352 imminuit
1671 2294 1810 2347 bona
1836 2309 1955 2355 sua,

370 2401 469 2457 sed
493 2399 623 2469 quid
652 2412 818 2452 unum
850 2395 1065 2457 existit,
1112 2408 1177 2446 ac
1209 2391 1468 2444 virtutem
1510 2386 1721 2441 unitam
1770 2385 1959 2439 distri-

373 2493 493 2560 buit
521 2489 749 2546 cuilibet
778 2486 923 2559 parti
956 2485 1072 2540 sive
1113 2481 1326 2546 mundi,
1355 2480 1472 2534 sive
1512 2476 1787 2537 animalis.
1822 2474 1957 2535 Nam

374 2582 796 2653 pars.qua-.libet
820 2580 952 2649 quid
982 2592 1146 2631 unum
1167 2584 1251 2629 est
1273 2574 1438 2629 etiam
1475 2570 1574 2634 toti
1606 2568 1756 2641 (quia
1786 2576 1956 2620 totum

372 2687 461 2741 est
495 2675 623 2747 quid
660 2670 851 2740 unum)
895 2671 1061 2725 etiam
1109 2668 1199 2735 n‘ni
1254 2676 1458 2731 atomo,
1508 2677 1571 2717 ac
1618 2656 1956 2714 multitudini

374 2770 491 2823 sive
548 2766 759 2831 multis,
808 2780 929 2835 qua:
983 2768 1111 2816 sunt
1154 2758 1283 2829 quid
1331 2771 1499 2815 unum
1553 2752 1762 2824 specie,
1817 2751 1959 2819 sicut

371 2859 532 2915 inulti
557 2857 813 2925 homines
845 2865 973 2922 sunt
997 2853 1128 2923 quid
1157 2865 1325 2907 unum
1355 2858 1577 2919 natura.
1603 2845 1737 2900 Cum
1773 2843 1959 2913 itaque

372 2953 458 3024 his
483 2951 739 3007 omnibus
782 2945 1065 3017 impertiat
1099 2943 1396 3012 unitatem,
1445 2940 1578 2993 dum
1613 2952 1676 2991 ea
1710 2951 1775 3009 ex
1806 2934 1959 3009 prin-

372 3043 643 3115 cipalibus
672 3038 981 3101 elementis,
1011 3050 1132 3106 qua:
1162 3034 1394 3105 ipsemet
1424 3028 1699 3090 condidit,
1733 3039 1960 3093 compo-

374 3132 477 3197 nit,
528 3139 583 3185 et
630 3128 843 3198 singula
901 3141 967 3180 ex
1022 3123 1331 3193 composito
1380 3119 1511 3189 quid
1568 3133 1736 3171 unum
1787 3116 1956 3182 facit;

374 3223 628 3277 similiter
656 3220 855 3275 iterum
901 3216 1031 3286 quid
1058 3230 1225 3268 unum
1272 3221 1379 3275 est,
1423 3224 1773 3280 nequaquam
1803 3221 1960 3261 crea-

374 3316 617 3372 tiunibus
664 3314 718 3368 in
761 3308 1173 3366 multitudinem
1224 3304 1455 3367 divisus,
1497 3300 1958 3372 quemadmodum

376 3425 483 3475 una
517 3408 823 3474 eademque
850 3422 942 3459 ars
976 3405 1236 3475 alicujus,
1271 3419 1393 3474 qua;
1423 3400 1627 3455 virtute
1656 3398 1820 3453 multa
1844 3405 1960 3450 arte

378 3498 522 3571 facta
545 3512 899 3567 componens,
924 3505 979 3550 et
1004 3496 1169 3550 rebus
1193 3493 1656 3549 immaterialibus
1680 3489 1959 3560 praelecta,

381 3606 594 3669 rursum
626 3590 681 3643 in
726 3590 1023 3659 semetipsa
1058 3605 1164 3643 una
1198 3587 1541 3657 simplexque
1583 3594 1793 3647 manet,
1835 3598 1958 3637 cum

378 3695 553 3751 neque
572 3695 710 3762 'pars
735 3680 808 3734 sit
828 3688 955 3751 parte
986 3678 1289 3743 factorum,
1320 3692 1496 3747 neque
1524 3677 1655 3747 quid
1691 3684 1861 3728 totum
1894 3690 1961 3729 et

379 3775 445 3830 iis
481 3774 792 3845 conﬂatum.
838 3772 1122 3844 Quomodo
1153 3772 1302 3826 enim
1343 3786 1433 3837 ars
1466 3786 1597 3839 pars
1628 3784 1754 3823 esse
1787 3767 1961 3837 possit

377 3883 568 3922 eorum
594 3881 713 3936 quae
741 3876 865 3923 arte
892 3865 1230 3935 consistunt,
1262 3880 1384 3919 cum
1416 3864 1531 3943 ipsa
1558 3860 1791 3937 singulis
1825 3875 1963 3929 prse-

376 3958 590 4011 sideat?
618 3959 898 4027 quomodo
930 3966 1115 4011 autem
1167 3954 1334 4036 340
1368 3965 1539 4008 totum
1569 3968 1635 4025 ex
1669 3952 1753 4005 bis
1783 3950 1873 4009 sit.
1908 3956 1963 4004 et

377 4065 499 4118 qua:
525 4050 681 4118 prior
712 4058 794 4102 est
823 4063 891 4101 ex
924 4046 1347 4116 posterioribus,
1379 4054 1433 4098 et
1464 4058 1629 4097 causa
1660 4056 1729 4105 ex
1753 4039 1962 4111 eli‘ectis

378 4140 615 4206 existat?
646 4137 801 4193 Unde
851 4138 1020 4193 etiam
1054 4136 1430 4198 concluditur,
1476 4133 1643 4186 Deum
1696 4148 1803 4201 non
1835 4146 1962 4186 esse

379 4230 689 4286 istiusmodi
720 4247 886 4285 unum
919 4231 1072 4307 quid,
1099 4228 1259 4304 quale
1290 4228 1343 4281 in
1385 4227 1540 4280 nobis
1570 4236 1689 4291 est;
1718 4226 1770 4278 in
1804 4225 1963 4280 nobis

379 4323 522 4379 enim
556 4324 609 4378 id
658 4322 802 4392 quod
848 4337 1014 4376 unum
1053 4332 1160 4385 est,
1214 4320 1297 4374 vel
1350 4329 1523 4387 totum
1560 4318 1643 4373 vel
1678 4333 1806 4387 pars
1845 4326 1957 4387 est;

2061 445 2161 516 τῆς
2186 446 2344 513 ἁγίας
2383 442 2584 515 δηλαδὴ
2612 443 2843 514 Τριάδος
2868 442 3109 513 ὀνόματα
3134 442 3236 511 τῆς
3262 440 3417 504 Θείας
3442 441 3654 511 διαχρί-

2065 555 2222 600 σεως,
2255 536 2419 588 οἱονεὶ
2443 534 2552 588 τῶν
2581 534 2741 587 θείων
2768 534 3009 605 δωρεῶν,
3040 534 3096 586 αἳ
3119 532 3183 603 δὴ
3226 532 3335 585 ἀπὸ
3362 531 3509 584 Θεοῦ
3552 532 3657 584 δια-

2062 631 2358 702 κρίνονται.
2388 629 2498 681 Καὶ
2523 629 2610 681 ἵνα
2642 627 2828 697 σαφῶς
2855 625 3351 698 προδιορισώμεθα,
3380 625 3647 697 διάκρισι-

2063 726 2212 779 θείαν
2239 723 2420 794 φαμὲν
2448 721 2547 785 τὰς
2573 722 3001 792 άγαθοπρεπεῖς,
3031 720 3108 783 ὡς
3142 719 3383 790 εἴρηται,
3412 719 3627 789 δωρεᾴς

2060 816 2377 888 δωρουμένη
2423 813 2532 886 γάρ
2561 815 2693 867 πᾶσι
2724 814 2838 877 τοῖς
2876 808 2996 865 οὖσι
3020 810 3121 875 τὰς
3146 810 3255 863 τῶν
3302 809 3538 878 ἀγαθῶν
3567 826 3651 878 με.

2059 912 2299 974 τουσίας,
2341 908 2637 980 ήνωμένως
2667 906 2785 977 μὲν,
2814 906 2981 976 ἤγουν
3021 906 3085 957 ἐκ
3124 905 3225 974 τῆς
3265 902 3540 972 ἰδιότητος
3562 903 3654 972 τῆς

2064 1009 2192 1077 μιᾶς
2217 1005 2450 1074 φύσεως,
2468 1002 2803 1073 διακρίνεται
2826 1002 2906 1063 είς
2928 999 3026 1062 τὰς
3049 997 3275 1069 δωρεάς·
3297 996 3653 1069 πληθυομένη

2058 1100 2115 1154 δὲ
2145 1100 2223 1162 εἰς
2250 1101 2347 1161 τὰς
2380 1095 2611 1168 μερικὰς
2637 1094 2976 1165 εὐεργεσίας,
3008 1092 3169 1146 πάλιν
3201 1090 3421 1144 ἑνοῦται
3446 1108 3461 1119 ·
3494 1091 3576 1143 ὅτι
3602 1090 3655 1155 ἐξ

2060 1192 2177 1256 ἐνὸς
2202 1189 2336 1243 Θεοῦ
2365 1192 2418 1244 αἱ
2461 1187 2789 1259 εὐεργεσίαι.
2820 1186 2932 1239 Καὶ
2958 1181 3534 1259 πολλαπλασιάζονται
3564 1183 3656 1252 μὲν

2059 1287 2115 1338 αἱ
2149 1286 2349 1356 δωρεαὶ
2377 1286 2467 1345 ἐπὶ
2490 1289 2606 1350 ,τοῖς
2634 1285 2756 1338 καθ’
2788 1287 3036 1351 ἕκαστον,
3069 1286 3287 1356 μένουσι
3316 1284 3376 1336 δὲ
3403 1284 3655 1351 ἀνεκτοί-

2058 1379 2237 1448 τήτως
2277 1381 2357 1441 εἰς
2393 1379 2454 1432 τὸ
2491 1378 2570 1441 ἐν,
2620 1374 2730 1432 οἷον
2783 1382 2876 1433 ἐπὶ
2915 1380 3033 1443 ἐνὸς
3083 1378 3175 1441 τοῦ
3217 1378 3374 1440 ὄντος
3424 1377 3531 1429 τδοι
3558 1394 3654 1438 τιςν

2060 1468 2245 1540 ἐπειδὴ
2270 1469 2343 1521 ῶν
2378 1470 2524 1524 ἐστιν
2550 1474 2577 1526 ὁ
2623 1472 2775 1537 Θεὸς,
2816 1471 2929 1525 an"
2978 1470 3342 1541 tia-capousfmcr
3392 1469 3498 1521 xui
3523 1486 3655 1539 παρ-

2060 1561 2182 1629 άγει
2209 1562 2277 1614 τὰ
2302 1562 2427 1619 ὄντα
2453 1604 2466 1626 ,
2496 1564 2556 1617 τὸ
2594 1561 2733 1617 εἶναι
2774 1564 2985 1627 τούτοις
3029 1562 3407 1634 δωρούμενος*
3444 1542 3655 1613 πολλα-

2062 1651 2419 1717 πλασιάζεται
2442 1654 2601 1707 τοῦτο
2624 1655 2684 1708 τὸ
2710 1654 2766 1708 ἓν
2792 1654 2851 1708 ὃν
2880 1657 2960 1717 εἰς
3002 1652 3173 1707 πολλὰ
3198 1653 3332 1705 ὄντα
3353 1669 3367 1681 ·
3404 1652 3564 1723 μένει
3605 1652 3655 1703 δὲ

1991 1720 2033 1778 Β
2061 1742 2212 1795 οὐδὲν
2255 1738 2415 1814 ἦττον
2462 1743 2518 1797 ἓν
2564 1744 2843 1817 ἡνωμένον
2870 1747 2926 1797 ἐν
2964 1743 3042 1815 τῷ
3070 1743 3295 1817 τοιούτῳ
3322 1742 3654 1813 πλήθυσμῷ,

2060 1836 2154 1907 xui
2188 1834 2396 1906 πλῆρες
2443 1837 2499 1888 ἐν
2541 1836 2617 1907 τῷ
2662 1836 3031 1909 διακρίνεσθαι
3065 1839 3179 1899 τοῖς
3229 1834 3354 1891 καθ’
3398 1836 3653 1889 ἕκαστον.

2058 1924 2188 1978 διότι
2235 1928 2354 1979 ἐστὶ
2406 1928 2620 1990 πάντων
2671 1928 2779 1981 τῶν
2832 1928 3000 1981 ὄντων
3054 1928 3397 1999 ἐξῃρημένον
3447 1927 3552 1989 καὶ
3597 1929 3654 1995 τῇ

2061 2017 2236 2088 ἐνιαίᾳ
2264 2024 2591 2093 παραγωγῇ,
2625 2020 2811 2093 (ιήγουν
2837 2025 2904 2093 τῇ
2939 2022 3057 2092 ἅμα
3100 2020 3175 2091 τῷ
3218 2020 3542 2090 βούλεσθαι,
3573 2019 3656 2072 καί

2059 2106 2119 2160 ού
2152 2108 2294 2162 κατὰ
2324 2112 2517 2182 μικρόν
2546 2129 2604 2164 τε
2632 2113 2723 2165 καὶ
2756 2112 3019 2183 μερικῶς,
3061 2112 3155 2163 καὶ
3180 2113 3247 2181 τῇ
3295 2108 3656 2178 άνελαττώτῳ

2060 2200 2213 2271 χύσει
2236 2202 2274 2274 ’)
2308 2203 2388 2256 ὅτι
2413 2201 2613 2267 κτίζων
2633 2203 2702 2256 τὰ
2726 2203 2854 2256 ὄντα
2879 2206 2907 2257 ὁ
2933 2204 3087 2268 Θεὸς,
3120 2202 3273 2255 οὐδὲν
3295 2200 3413 2254 τῶν
3439 2202 3655 2255 οἰκείων

2064 2298 2207 2365 μειοῖ
2245 2294 2486 2364 ἀγαθῶν,
2534 2294 2669 2349 ἀλλὰ
2698 2297 2792 2349 xui
2837 2295 2894 2348 ἓν
2922 2295 3018 2359 ῶν,
3052 2297 3145 2348 xui
3193 2294 3525 2365 μεταδιδοὺς
3563 2296 3655 2364 τῆς

2060 2388 2270 2450 ἐνιαίας
2299 2388 2581 2459 δυνάμεως
2611 2389 2705 2441 xui
2732 2388 2886 2461 μέρει
2918 2389 3131 2458 ἑκάστῳ
3161 2386 3273 2440 εἴτε
3299 2386 3399 2440 τοῦ
3426 2387 3655 2457 κόσμου,

2060 2480 2171 2537 εἴτε
2200 2479 2293 2550 τοῦ
2324 2478 2461 2547 ζὼρυ
2481 2498 2494 2511 ·
2526 2482 2633 2553 πᾶν
2659 2480 2768 2552 γὰρ
2796 2481 2964 2552 μέρος
2992 2480 3189 2545 ἐνιαῖόν
3215 2497 3289 2541 τι,
3320 2481 3419 2531 xui
3444 2479 3555 2548 ὅλῳ
3580 2479 3655 2547 (τι

2060 2572 2168 2644 γᾲρ
2205 2572 2323 2633 ὅλον
2351 2572 2409 2625 ἓν
2457 2572 2530 2642 τι)
2561 2572 2654 2624 xui
2700 2573 2781 2623 ἐνὶ
2820 2572 3045 2641 ἀτόμῳ,
3096 2571 3190 2623 xui
3236 2569 3440 2640 πλήθει
3490 2571 3655 2640 ἤγουν

2061 2665 2298 2727 πολλοῖς,
2324 2664 2358 2717 ἃ.
2389 2664 2466 2734 τῷ
2492 2663 2619 2715 εῖδει
2648 2664 2706 2716 ἐν
2747 2666 2905 2727 εἰσιν,
2936 2663 3125 2734 ὥσπερ
3149 2664 3199 2715 οἱ
3231 2662 3423 2725 πολλοὶ
3448 2662 3655 2733 ἄνθρω-

2060 2774 2151 2810 ποι
2179 2754 2259 2821 εἷς
2292 2760 2358 2828 τῇ
2389 2756 2547 2825 φύσει
2573 2756 2708 2825 ἐστί.
2738 2756 2960 2819 Τούτοις
2986 2751 3078 2808 οῦν
3103 2757 3218 2818 τοῖς
3248 2756 3386 2807 πᾶσι
3412 2753 3514 2806 τοῦ
3542 2754 3655 2815 ἐνὸς

2064 2852 2395 2922 μεταδιδοὺς,
2417 2849 2625 2914 συνθεὶς
2649 2849 2788 2903 αὐτὰ
2810 2852 2874 2903 ἐκ
2901 2848 3011 2902 τῶν
3038 2850 3279 2919 ἀρχικῶν
3300 2848 3603 2919 στοιχείων,
3622 2848 3653 2901 ἃ

2059 2947 2153 3016 καὶ
2166 2943 2304 2998 αὐτὰ
2319 2944 2711 3015 ὑπέστησε,καὶ
2726 2943 2782 2998 ἒν
2800 2945 3030 3013 ποιήσας
3046 2943 3272 2996 ἕκαστον
3289 2946 3355 3014 τῇ
3378 2944 3651 3002 συστάσει,

2062 3037 2223 3093 πάλιν
2249 3037 2307 3090 ἓν
2333 3038 2479 3090 ἐστιν
2501 3036 2783 3107 ὡσαύτως,
2807 3038 2867 3093 οὐ
2898 3036 3174 3108 μερισθεὶς
3200 3040 3314 3100 τοῖς
3341 3039 3427 3100 εἰς
3453 3037 3652 3106 πλῆθος

2060 3130 2562 3202 δημιουργήμασιν,
2593 3128 2782 3200 ὥσπερ
2806 3131 2838 3200 ὴ
2866 3128 3003 3200 αὑτὴ
3034 3129 3128 3202 καὶ
3159 3129 3257 3199 μία
3286 3127 3489 3199 τέχνης
3515 3130 3651 3189 τινὸς

2062 3218 2309 3290 δύναμις,
2358 3218 2531 3272 πολλὰ
2578 3219 3037 3277 κατασκευάσασα
3084 3216 3342 3289 τεχνητὰ,
3396 3219 3499 3270 καὶ
3547 3220 3649 3280 τοῖς

2063 3311 2247 3375 ἀΰ).οις
2270 3311 2705 3382 ἐπιστατήσασα,
2734 3310 2895 3383 πάλιν
2930 3312 2988 3363 ὲν
3034 3310 3201 3383 ἐαυτῇ
3240 3309 3340 3379 μία
3393 3310 3488 3361 καὶ
3514 3308 3649 3375 ἁπλῆ

2068 3404 2237 3475 μένει,
2263 3402 2387 3470 ούτε
2419 3404 2583 3479 μέρος
2611 3399 2746 3478 οὖσα
2768 3402 2877 3456 τῶν
2901 3400 3199 3478 τεχνητιῖΝ,
3224 3400 3348 3467 οῦτε
3375 3418 3430 3455 τι
3452 3401 3572 3453 ὅλον
3598 3402 3647 3465 ἐξ

2063 3496 2284 3550 ἐκείνων
2326 3496 2699 3569 συγκείμενον..
2731 3494 2856 3557 Πῶς
2884 3494 2993 3565 γὰρ
3038 3494 3201 3565 μέρος
3236 3493 3347 3553 τῶν
3390 3492 3535 3550 κατὰ
3560 3494 3649 3562 τὴν

2062 3590 2259 3661 τέχνην
2288 3590 2598 3642 συστάντων
2621 3591 2654 3658 ή
2678 3588 2860 3659 τέχνη,
2880 3588 3018 3659 αὑτὴ
3044 3585 3303 3649 ὀλοτελῶς
3326 3587 3413 3661 εἶφ’
3442 3586 3647 3652 ἑκάστῳ

2064 3683 2509 3755 ἑπιστατήσασα;
2556 3678 2673 3743 πῶς
2698 3679 2753 3731 δὲ
2794 3680 2912 3731 ὅλον
2939 3679 3003 3731 ἐκ
3040 3676 3264 3741 τούτων,
3309 3679 3341 3744 ή
3372 3674 3569 3747 πρώτη
3594 3676 3647 3725 ὲκ

2063 3774 2171 3827 τῶν
2200 3775 2465 3845 ὑστέρων,
2496 3773 2591 3826 xui
2627 3774 2660 3844 ἡ
2693 3772 2838 3825 αἰτία
2872 3773 2935 3824 ἐκ
2959 3770 3067 3824 τῶν
3100 3770 3397 3834 αἱτιατῶν;
3434 3771 3546 3831 Καὶ
3571 3769 3648 3822 διὰ

2063 3867 2221 3921 τοῦτο
2254 3868 2567 3935 συνάγεται,
2609 3867 2688 3924 ὅτι
2718 3864 2840 3918 οὔτε
2875 3866 2932 3918 ἒν
2973 3867 3088 3918 ἐστι
3113 3864 3174 3917 τὸ
3199 3863 3355 3917 Θεῖον
3393 3863 3644 3924 τοιοῦτον,

2064 3956 2173 4027 οἷό-ν
2197 3961 2345 4013 ἐστιν
2374 3960 2431 4012 ἐν
2458 3960 2590 4030 ἡμῖν
2609 3976 2622 3989 ο
2651 3960 2709 4019 ἐν
2739 3960 2869 4029 ήμῖν
2897 3958 3005 4029 γὰρ
3030 3958 3091 4011 τὸ
3129 3957 3185 4010 ἓν
3212 3956 3246 4027 ἢ
3278 3956 3400 4009 ὅλον
3425 3957 3459 4026 ἦ
3492 3957 3646 4035 μέρος

2064 4053 2202 4116 ἐστὶ,
2227 4052 2287 4105 τὸ
2311 4051 2365 4105 δὲ
2395 4051 2548 4105 Θεῖον
2585 4051 2730 4123 ὑπὲρ
2751 4048 2947 4113 ταῦτα,
2976 4048 3097 4102 οῦτε
3124 4049 3343 4123 μετέχει
3384 4046 3483 4123 τοῦ
3500 4047 3640 4123 ’ἑνός’

2066 4142 2184 4216 πῶς
2210 4142 2319 4214 γάρ
2339 4159 2353 4207 δ
2380 4141 2595 4213 “Pan”
2624 4119 2733 4211 Υὰρ
2763 4139 2915 4205 ἔσταᾶ
2945 4138 3104 4213 πάλιν
3145 4119 3331 4212 ἕτερον
3378 4119 3459 4201 ἓν,
3488 4119 3643 4215 ὦπρ

2070 4233 2283 4308 μεθέξει
2307 4233 2366 4286 τὸ
2389 4233 2572 4286 Θεῖονσ
2605 4232 2666 4285 τὸ
2704 4230 2813 4302 γὰρ
2844 4212 3208 4304 μετεχόμενον
3243 4229 3354 4282 τῶν
3402 4212 3642 4300 μετεχόνο

2064 4342 2173 4378 των
2198 4323 2413 4396 πρῶτόν
2448 4326 2616 4376 ἐστιν.
2665 4323 2801 4375 Οὔτε
2827 4323 2888 4375 τὸ
2917 4322 2975 4375 ἓν
3005 4322 3140 4393 ἔχει,
3165 4322 3241 4386 ὣς
3265 4340 3319 4375 τι
3347 4320 3641 4392 ἐπισύμὼ-

382 4416 529 4469 Deus
576 4423 758 4467 autem
809 4422 894 4467 est
948 4427 1113 4482 supra
1157 4412 1294 4478 ista;
1330 4424 1514 4481 neque
1558 4410 1853 4479 participat

2161 4457 2166 4477 ,
2196 4416 2228 4487 ἢ
2256 4417 2348 4485 xui
2370 4415 2624 4481 οὐσιῶδες
2648 4416 2861 4486 γίδίωμα
2884 4432 2895 4444 ’
2927 4417 3105 4467 ἐκεῖνο
3129 4414 3237 4485 γὰρ
3275 4414 3390 4485 ἔχει
3419 4414 3481 4466 τὸ
3519 4414 3591 4471 ἓν,
3614 4410 3639 4461 ὅ

383 4522 531 4571 uno;
566 4505 842 4575 quomodo
884 4503 1073 4557 enim?
1104 4517 1230 4556 nam
1263 4502 1343 4557 sic
1392 4501 1589 4555 iterum
1624 4500 1765 4554 aliud
1799 4498 1961 4568 quid-

381 4600 505 4655 dam
542 4614 711 4653 unum
753 4598 903 4668 prius
940 4595 1073 4660 erit,
1116 4595 1274 4665 cujus
1320 4594 1600 4665 particeps
1637 4594 1743 4661 erit
1778 4593 1917 4663 Dens
1948 4603 1963 4646 :

387 4692 647 4770 quoniam
693 4690 745 4743 id
796 4689 941 4758 quod
982 4687 1371 4757 participatur,
1418 4685 1572 4755 prius
1621 4694 1706 4739 est
1736 4684 1803 4738 iis
1848 4698 1969 4754 quae

384 4786 735 4857 participant.
784 4780 975 4850 Neque
1008 4781 1177 4833 etiam
1228 4778 1360 4849 quid
1392 4792 1559 4831 unum
1592 4787 1676 4841 est
1705 4787 1967 4846 tanquam

385 4893 481 4946 per
505 4875 787 4939 accidens,
832 4872 917 4927 vel
952 4874 1121 4926 etiam
1172 4880 1231 4925 ut
1273 4870 1585 4941 proprietas
1616 4869 1965 4935 essentialis;

384 4964 498 5017 hznc
526 4962 668 5016 enim
717 4960 849 5015 illud
890 4976 1057 5015 unum
1092 4959 1262 5013 habet
1294 4960 1442 5029 quod
1476 4960 1720 5014 essentia
1752 4969 1806 5014 et
1832 4976 1964 5027 ens;

388 5055 528 5109 Deus
561 5064 744 5124 autem
771 5069 935 5124 supra
967 5055 1271 5111 essentiam
1305 5062 1391 5109 est
1429 5062 1485 5108 et
1517 5068 1684 5122 supra
1711 5068 1832 5108 ens.
1868 5051 1966 5107 His

384 5144 642 5199 omnibus
689 5144 878 5214 itaque
914 5144 1075 5198 modo
1120 5144 1281 5215 longe
1312 5144 1617 5201 sublimiori
1657 5145 1796 5199 Deus
1839 5145 1968 5214 quid

388 5251 551 5289 unum
593 5246 703 5301 est,
754 5252 920 5306 supra
970 5252 1138 5291 unum
1189 5239 1335 5306 quod
1369 5247 1453 5292 est
1488 5239 1542 5291 in
1599 5237 1797 5302 rebus;
1834 5237 1967 5306 quin

387 5324 553 5379 etiam
594 5326 888 5381 multitudo
920 5336 1027 5392 est,
1066 5344 1194 5382 cum
1227 5330 1281 5383 in
1312 5332 1520 5399 Optima
1567 5346 1797 5403 qumque
1845 5347 1965 5385 mu.

386 5434 525 5479 nera
550 5420 1040 5489 providentiasque
1064 5422 1469 5491 multiplicetur,
1495 5428 1716 5479 minime
1739 5426 1965 5493 divisus,

386 5510 483 5581 sed
508 5526 575 5567 ex
606 5514 816 5585 integro
859 5516 1087 5586 singulis
1119 5516 1382 5585 obtingat,
1410 5520 1634 5573 tametsi
1670 5535 1765 5588 pro
1795 5518 1968 5574 lacul-

390 5615 502 5659 tate
541 5622 769 5676 quaque
810 5624 905 5663 sua
953 5609 1129 5679 ipsum
1175 5608 1519 5683 participcnt.
1565 5611 1830 5678 Quocirca
1882 5624 1966 5669 est

390 5697 777 5768 jiteshausttts,
823 5709 877 5757 et
908 5699 1294 5787 superplenus;
1344 5700 1388 5757 si
1412 5701 1566 5771 enim
1607 5703 1962 5779 divideretur,

2067 4510 2216 4569 ἐστιν
2238 4508 2395 4577 οὐσία
2426 4509 2520 4562 xui
2559 4509 2638 4574 ὃν,
2664 4509 2725 4562 τὸ
2746 4508 2801 4560 δὲ
2825 4508 2981 4561 Θεῖον
3014 4509 3155 4579 ὑπὲρ
3180 4507 3277 4579 τὴν
3318 4508 3509 4561 οὐσίαν
3552 4505 3637 4569 xui

2069 4601 2210 4672 ὑπὲρ
2243 4601 2303 4653 τὸ
2328 4602 2405 4654 ὃν.
2434 4602 2628 4674 Πόρρω
2656 4600 2786 4670 γοῦν
2810 4601 3013 4669 τούτων
3040 4601 3295 4654 ἁπάντων
3326 4601 3387 4653 τὸ
3417 4602 3566 4653 Θεῖον
3588 4598 3639 4650 ἓν

2069 4692 2209 4764 ὑπὲρ
2239 4693 2300 4764 το
2322 4694 2380 4745 ἐν
2404 4696 2517 4755 τοῖς
2547 4688 2697 4745 οὖσιν
2721 4692 2780 4745 ἓν
2803 4709 2817 4721 °
2856 4691 2994 4745 ἀλλὰ
3020 4693 3113 4745 xui
3148 4690 3372 4762 πλῆθος,
3408 4693 3531 4745 ἐπεὶ
3568 4691 3636 4750 εἰς

2067 4779 2166 4852 τὰς
2190 4780 2600 4853 ἀγαθοπρεπεῖς
2621 4780 2829 4851 δωρεὰς
2850 4764 2959 4833 ’καὶ
2982 4780 3236 4851 προνοίας
3278 4766 3634 4852 πξεπλήθυνται

2073 4876 2146 4947 μὴ
2186 4873 2562 4945 μεριζόμενον,
2595 4873 2707 4926 ἀλλ’
2736 4873 3044 4945 ὁλοκλήρως
3082 4873 3334 4937 ἑκάστοις
3378 4872 3632 4945 προσϐάλ-

2068 4966 2177 5030 λον,
2203 4968 2249 5021 ei
2275 4966 2368 5018 xui
2392 4966 2461 5019 τὰ
2487 4965 2780 5036 μετέχοντα
2804 4966 2945 5041 κατὰ
2974 4965 3070 5037 τὴν
3101 4966 3311 5044 οίκείαν
3368 4956 3632 5040 μετέχοντι

2068 5055 2318 5127 δύναμιν.
2347 5056 2445 5111 Διὰ
2468 5049 2627 5110 τοῦτο
2658 5058 3000 5130 ἀπλήρωτον,
3045 5056 3401 5131 ὑπερπλῆρες
3422 5076 3435 5088 ·
3469 5062 3516 5111 εἰ
3541 5056 3633 5125 γὰρ

2069 5146 2373 5219 ἐμερίζετο,
2402 5148 2726 5220 ἐπληροῦτο,
2756 5150 2865 5203 πᾶν
2890 5149 2984 5203 xui
3009 5149 3069 5203 τὸ
3094 5148 3180 5202 ἐν·
3214 5138 3309 5201 xui
3338 5150 3400 5201 τὸ
3432 5149 3629 5220 πλῆθος,

2069 5241 2338 5311 παράγον,
2370 5241 2612 5295 τελειοῦν
2658 5244 2753 5296 xui
2799 5244 3040 5314 συνέχον,
3075 5242 3284 5295 πολλῶν
3328 5242 3471 5298 θεῶν
3513 5257 3621 5312 γινο-

2072 5331 2269 5402 μένων,
2310 5334 2543 5405 καὶτῶν
2580 5334 2849 5403 ἀγγέλων,
2894 5336 2987 5389 καὶ
3014 5316 3126 5387 τῶν
3162 5334 3471 5408 ἀνθρώπων
3498 5336 3554 5405 τῇ
3578 5330 3629 5395 ἐξ

2069 5425 2234 5478 αὑτοῦ
2266 5426 2457 5479 θεώσει
2490 5428 2549 5480 ἐν
2578 5427 2655 5498 τῷ
2690 5428 2833 5481 κατὰ
2869 5428 3098 5501 δύναμιν
3131 5429 3365 5482 ἑκάστου
3410 5425 3624 5485 θεοειδεί,

2068 5518 2098 5571 ὃ
2123 5519 2230 5571 ἀπὸ
2268 5518 2402 5572 Θεοῦ
2429 5519 2785 5590 λαμϐάνουσι.
2815 5523 2972 5575 Δοκεῖ
3012 5521 3109 5595 μὲν
3137 5516 3229 5575 οῦν
3258 5521 3522 5585 ἐντεῦθεν,
3555 5518 3625 5569 ὅτι

2068 5613 2128 5665 τὸ
2169 5612 2321 5665 Θεῖον
2363 5612 2701 5684 διακρίνεται
2738 5616 2831 5668 xui
2873 5614 3227 5686 πληθύνεται,
3274 5618 3333 5668 ὲν
3372 5616 3448 5686 τῷ
3491 5609 3622 5667 θεοῦν

2068 5706 2315 5759 ἕκαστον·
2350 5705 2464 5759 ἀλλ’
2493 5706 2643 5761 οὐδὲν
2669 5702 2829 5779 ἦττον
2857 5712 2885 5763 ὁ
2912 5709 3189 5781 Ἀρχίθεος
3214 5706 3294 5776 εἷς
3321 5710 3469 5773 Θεὸς,
3490 5702 3618 5787 ﬁgi?
