3742 6338
123 272 230 329 677

688 267 780 325 DE
812 266 1067 324 DIYINIS
1100 265 1498 333 NOMINIBUS,
1546 266 1701 323 CAP.
1736 266 1800 321 ll.
1836 298 1903 311 -—
1935 266 2282 324 PABAPHR.
2318 267 2793 326 PACIIYMERIE.

3275 275 3383 333 6’18

126 403 310 462 ριστος
372 386 429 439 ὲν
479 387 593 450 τοῖς
644 387 956 457 μεριστοῖς,
1010 386 1286 456 ἡνωμένος
1332 384 1507 456 ἑαυτῷ
1565 385 1604 437 ὗε

1908 385 2153 455 ιΙετειυτ,
2197 401 2320 441 cum
2346 402 2509 443 omne
2541 397 2648 443 tam
2677 404 2841 443 unum
2884 403 3046 460 quam
3080 390 3386 448 multitudi-

121 482 343 536 ἅπασαν
364 477 558 531 ἕνωσιν
584 494 597 507 ⁸
631 478 726 530 καὶ
765 476 970 547 ἀμιγὴς
996 476 1170 547 μένων
1198 479 1312 541 τοῖς
1356 476 1571 540 πολλοῖς
1608 478 1704 529 καὶ

122 574 482 645 ἀπλήθυντος,
515 570 591 634 ὡς
618 569 679 622 τὸ
708 568 824 639 φῶς
853 566 948 621 τοῦ
981 568 1157 639 ἡλίου,
1191 567 1419 631 πολλοὺς
1449 565 1701 637 φωτίζον,

125 668 279 737 μένει
314 665 383 732 ἒνι
407 663 502 716 καὶ
539 661 898 733 ἀπλήθυντον.
932 661 1042 714 Καὶ
1078 660 1236 713 τοῦτο
1278 660 1577 731 ὑπερφυῶς
1617 662 1705 713 ὲν-

121 760 325 829 νοήσας
354 758 382 810 6
423 754 600 818 κοινὸς
840 752 1161 817 διδάσκαλος
1200 752 1336 823 ἐμοῦ
1378 771 1437 805 τε
1481 754 1574 806 καὶ
1608 751 1703 807 τοῦ

122 848 396 920 ἡμετέρου
442 844 817 917 καθηγεμόνος
867 843 962 897 τοῦ
1005 843 1239 914 μεγάλου
1306 842 1705 921 Ἱεροθέουητὸ

123 941 243 1010 φῶς
272 940 364 993 τοῦ
387 939 615 1009 κόσμου,
645 939 722 1001 ὡς
742 937 1058 1001 διδάσκαλος
1087 936 1182 990 τοῦ
1210 936 1437 1008 κόσμου,
1468 935 1564 989 καὶ
1598 953 1703 1007 μα-

122 1028 414 1102 θητὴς.τοῦ
443 1029 646 1100 κυρίως
668 1026 762 1080 τοῦ
786 1027 989 1097 κόσμου
1016 1027 1213 1095 φωτὸς,
1242 1028 1270 1079 6
1295 1027 1469 1097 μέγας
1492 1025 1705 1089 Παῦλός

122 1140 289 1196 φημι,
334 1121 459 1175 τάδε
504 1121 669 1190 φησὶν
713 1119 943 1182 ὲνθέως’
992 1118 1121 1173 Κᾶν
1169 1120 1291 1173 θεοὶ
1334 1119 1552 1173 πολλοὶ
1604 1118 1702 1171 καὶ

122 1216 318 1283 κύριοι
368 1213 479 1267 ὦσι
536 1212 686 1266 κατὰ
728 1210 923 1279 χάριν,
972 1211 1022 1265 οἱ
1076 1210 1208 1265 θεῖοι
1244 1211 1464 1281 ἄγγελοι
1520 1212 1615 1265 καὶ
1655 1212 1705 1264 οί

108 1310 265 1379 θῖεροὶ
290 1307 479 1378 ἄνδρες
500 1324 513 1335 °
556 1306 693 1365 ἀλλ’
720 1304 862 1373 ἡμῖν
897 1305 983 1369 εἷς
1010 1303 1153 1370 Θεὸς
1179 1303 1391 1375 ἀληθῶς
1420 1307 1451 1358 ὀ
1477 1302 1703 1373 Πατὴρ,

122 1405 152 1454 6
180 1401 331 1463 Υἱὸς,
355 1397 521 1453 καὶτὸ
543 1399 695 1466 ἅγιον
714 1396 1054 1470 Πνεῦμα,ὠς
1071 1397 1212 1451 κατὰ
1246 1396 1526 1468 μετάδοσιν
1567 1396 1705 1467 ἁμέ-

127 1508 313 1565 ριστον
348 1493 443 1545 καὶ
491 1491 820 1544 ἀσκέδαστον
864 1490 962 1561 τῆς
988 1489 1305 1559 ἐπωνυμίας
1351 1490 1449 1561 τῆς
1500 1489 1705 1553 οἰκείας

123 1583 380 1654 θεότητος
428 1582 523 1635 καὶ
570 1581 886 1653 κυριότητος
912 1583 1026 1644 τοῖς
1074 1580 1288 1643 πολλοῖς
1332 1580 1702 1651 μεταδίδωσιν,

124 1676 185 1728 οὐ
230 1672 844 1745 κατακερματιζομένης
869 1672 967 1744 τῆς
999 1672 1249 1743 θεότητος
1284 1674 1365 1737 είς
1412 1673 1549 1745 μέρη
1583 1672 1704 1726 θεο-

122 1770 326 1839 τήτων,
374 1766 448 1830 ὡς
474 1767 670 1838 χρυσὸς
710 1768 789 1830 είς
821 1766 1131 1837 νομίσματα
1155 1782 1167 1795 ο
1204 1764 1328 1818 οὔτε
1359 1765 1467 1822 τῶν
1498 1766 1708 1820 πολλῶν

112 1858 271 1911 θεῶν
300 1856 763 1928 συμτέληρούντων
791 1855 889 1927 τὴν
921 1856 1367 1928 αὐτηνθεότητα,
1407 1857 1466 1911 ὃν
1508 1858 1707 1930 τρόπον

123 1951 195 2004 τὰ
224 1950 395 2005 πολλὰ
427 1951 539 2020 εἴδη
566 1950 660 2005 τὸν
685 1950 781 2003 ἕνα
828 1952 1051 2021 κόσμον
1086 1949 1221 2003 ἀλλὰ
1252 1950 1586 2023 πληθύεσθαι
1616 1952 1706 2005 λέ-

123 2061 285 2112 γεται
314 2044 344 2095 6
386 2042 520 2107 Θεὸς
552 2042 632 2113 τῷ
676 2043 795 2097 καθ’
841 2044 1070 2097 ἕκαστον
1115 2045 1195 2107 είς
1238 2044 1573 2115 παραγωγὴν
1599 2044 1708 2098 τῶν

116 2136 297 2189 ’ὕντων
344 2134 641 2207 βουλήματι
688 2139 1069 2207 προνοητικῶς
1111 2135 1358 2207 προόδοις
1404 2135 1709 2189 πολλαπλα-

126 2226 470 2298 σιαζόμενος,
497 2228 646 2298 μένει
676 2228 733 2281 δὲ
776 2226 1085 2299 ἀμερίστως
1111 2226 1270 2280 πάλιν
1300 2226 1378 2280 ἓν.
1422 2226 1520 2280 Διά
1552 2226 1710 2280 τοῦτο

122 2320 224 2371 καὶ
270 2318 363 2371 ἐπὶ
401 2317 510 2372 τῶν
555 2319 733 2383 θείων,
784 2318 1175 2391 ἐπικρατοῦσιν
1228 2320 1285 2372 αἱ
1328 2317 1558 2383 ἑνώσεις
1599 2318 1708 2372 τῶν

122 2412 478 2483 διακρίσεων,
503 2412 570 2465 τὰ
595 2413 811 2475 ὲνιαίως
832 2411 1073 2483 δηλονότι
1097 2414 1191 2465 καὶ
1230 2412 1531 2483 μοναδικῶς
1572 2410 1709 2464 θεω-

122 2504 374 2575 ρούμενα
397 2521 410 2533 ·
448 2505 508 2556 οὐ
552 2503 662 2576 γὰρ
698 2506 763 2557 ἐκ
808 2505 1019 2559 πολλῶν
1053 2504 1292 2576 συνήχθη
1326 2503 1393 2557 τὰ
1430 2504 1528 2574 τῆς
1581 2504 1710 2575 μιᾶς

126 2594 387 2667 θεότητος
418 2597 510 2649 καὶ
550 2597 888 2668 κυριότητος,
921 2596 1039 2650 ἀλλ’
1071 2598 1136 2650 ἐκ
1172 2596 1266 2650 τοῦ
1306 2596 1512 2667 ταύτης
1547 2613 1712 2667 μονα-

124 2688 320 2753 δικοῦ,
367 2691 395 2743 6
447 2692 503 2742 ὲν
541 2690 769 2754 ἐκείνοις
815 2690 1132 2762 πληθυσμὸς
1179 2688 1483 2762 θεωρεῖται.
1553 2687 1711 2741 Ἀλλὰ

96 2783 291 2835 ..τοῦτο
317 2782 415 2853 μὲν
444 2782 537 2835 ἐπὶ
562 2782 677 2834 τῶν
722 2781 882 2834 θείων
902 2798 913 2810 ·
953 2780 1048 2834 ἐπὶ
1079 2780 1135 2832 δὲ
1163 2781 1272 2834 τῶν
1313 2780 1435 2833 καθ’
1473 2782 1620 2852 ἡμᾶς
1651 2781 1713 2839 τὸ

123 2874 375 2928 ἐναντίον
398 2874 635 2942 γίνεται·
662 2873 815 2926 οὐδὲν
836 2872 945 2944 γὰρ
972 2873 1149 2926 αὐτῶν
1171 2874 1316 2926 ἐστιν
1338 2872 1463 2936 ὲνὰς
1485 2872 1708 2944 κυρίως,

118 2966 246 3021 ἀλλ’
291 2968 344 3019 αἱ
382 2967 679 3037 διακρίσεις
714 2966 824 3018 τῶν
861 2965 1137 3037 στοιχείων
1178 2964 1541 3037 προῦποῦσαι,
1590 2965 1714 3019 σύν-

126 3060 323 3131 δρομοι
349 3060 629 3129 γινόμεναι
660 3061 752 3113 καὶ
783 3058 1066 3130 ὲνούμεναι
1096 3057 1354 3129 δευτέρας
1394 3056 1494 3121 τὰς
1526 3059 1591 3111 ὲκ
1612 3058 1713 3129 τῆς

130 3124 438 3214 συνθέσεως
460 3124 679 3214 ἐνώσεις
707 3124 1047 3222 ἐργάζονται.
1077 3149 1202 3201 Ἐπὶ
1223 3124 1279 3201 δὲ
1302 3148 1408 3201 τῶν
1437 3148 1597 3201 θείων
1620 3124 1713 3200 καὶ
1740 3124 1786 3186 C

127 3242 189 3295 τὸ
223 3240 287 3294 ἒν
316 3241 562 3313 πρόεστι,
596 3244 690 3295 καὶ
719 3242 855 3313 μετὰ
880 3242 977 3313 τὴν
1007 3244 1086 3305 εἰς
1120 3241 1235 3304 τὰς’
1259 3240 1575 3311 εὐεργεσίας
1599 3240 1715 3295 διά-

122 3352 337 3409 κρισιν,
369 3333 529 3389 πάλιν
565 3334 623 3388 ἒν
659 3336 754 3388 καὶ
792 3334 932 3406 ὑπὲρ
957 3334 1020 3387 τὸ
1055 3332 1112 3387 ἓν
1161 3333 1331 3405 μένει.
1369 3334 1583 3395 Ταύτας
1622 3331 1715 3385 καὶ

122 3427 298 3496 ἡμεῖς
335 3424 436 3489 τὰς
470 3424 655 3487 κοινὰς
692 3425 791 3495 τῆς
820 3425 947 3497 ὅλης
993 3423 1247 3495 θεότητος
1288 3423 1383 3476 καὶ
1430 3422 1715 3494 ἡνωμένας

125 3516 437 3588 διακρίσεις
475 3517 570 3568 καὶ
607 3516 927 3586 εὐεργεσίας
973 3516 1322 3587 πειραθῶμεν
1366 3515 1605 3586 ὑμνῆσαι
1650 3516 1715 3567 ὲκ

124 3608 241 3661 τῶν
267 3610 326 3660 ὲν
346 3610 459 3670 τοῖς
475 3608 689 3675 Λογίοις
715 3607 1049 3678 θεωνυμιῶν,
1066 3607 1256 3661 τούτου
1283 3608 1719 3679 προδιεγνωσμέ-

120 3714 246 3761 νου,
283 3699 360 3763 ὡς
389 3698 442 3751 εἴ
474 3716 527 3751 τι
560 3699 627 3753 ἂν
654 3699 847 3770 κέηται
882 3699 1074 3771 ὄνομα,
1106 3701 1201 3754 καὶ
1242 3684 1339 3771 μία
1368 3701 1569 3773 ἑκάστη
1608 3702 1717 3757 τῶν

122 3793 552 3856 ’Ὗποστάσεων,
575 3792 705 3846 ἄνευ
731 3791 930 3864 δηλαδὴ
946 3785 1020 3845 ὧν
1041 3792 1501 3865 προῠπεστείλατο
1528 3792 1722 3865 ίδιοτήφ

125 3896 262 3943 των,
328 3880 686 3951 πατρότητος,
733 3881 1001 3952 υίότητος,
1031 3880 1431 3953 ὲκπορεόσεως,
1478 3882 1571 3935 ἐπὶ
1619 3872 1720 3953 τῆς

122 3972 263 4042 ὅλης
290 3969 540 4043 θεότητος
568 3972 987 4045 ὲκληφθήσεται.

1808 492 1931 532 nem
1973 480 2259 547 producat,
2299 479 2567 547 perﬁciat,
2610 488 2666 535 et
2704 481 3011 547 contineat,
3044 484 3228 540 multis
3274 496 3386 541 tam

1808 569 2017 638 angelis
2050 584 2214 640 quam
2252 570 2563 628 hominibus
2591 588 2657 634 ex
2705 574 2874 644 ipsius
2900 576 3244 634 deificatione
3279 580 3386 637 diis

1806 656 1984 723 factis,
2009 659 2163 729 juxta
2195 659 2458 729 cujusque
2495 662 2819 719 deiformem
2867 666 3182 723 facultatem
3217 686 3384 739 quant

1807 764 1836 803 a
1862 750 1974 805 Deo
2011 753 2309 823 accipiunt.
2340 752 2474 809 Hinc
2519 755 2721 829 itaque,
2754 757 2879 811 dum
2902 760 3201 837 quemlibet
3226 762 3386 817 deiﬁ-

1807 851 1917 909 cat,
1945 841 2159 897 videtur
2190 844 2593 913 quodammodo
2625 846 2885 917 distingui
2934 857 2987 903 et
3029 849 3385 919 multiplicari

1809 936 1983 999 Deus;
2019 935 2377 992 nihilominus
2421 939 2727 994 Archideus
2759 955 2899 994 unus
2927 950 3011 995 est
3043 941 3203 1007 Deus,
3246 942 3388 999 indi-

1806 1028 2002 1083 viduus
2041 1028 2092 1081 in
2133 1027 2402 1095 dividuis,
2440 1031 2624 1085 unitus
2656 1032 2710 1084 in
2742 1033 3038 1101 semetipso
3075 1049 3239 1102 supra
3270 1050 3389 1089 om-

1809 1136 1931 1175 nem
1959 1120 2214 1174 unionem
2242 1136 2257 1185 ;
2289 1131 2344 1175 et
2372 1122 2744 1191 impermistus
2768 1133 2951 1178 manet
2977 1125 3181 1190 multis,
3211 1142 3389 1196 neque

1809 1212 2230 1281 multiplicatur,
2259 1211 2404 1266 sicut
2434 1212 2613 1275 lumen
2639 1214 2773 1268 solis
2800 1217 2924 1269 dum
2959 1216 3159 1272 multos
3184 1217 3389 1273 illumi-

1809 1314 1926 1369 nat,
1967 1310 2152 1358 manet
2187 1316 2376 1372 unum,
2404 1314 2459 1359 et
2487 1320 2591 1360 non
2622 1305 3037 1375 multiplicatur.
3070 1307 3226 1374 Quod
3258 1325 3387 1365 cum

1807 1397 2026 1468 egregie
2061 1406 2248 1454 nosset
2287 1397 2595 1454 communis
2625 1410 2830 1462 noster,
2882 1414 3035 1455 meus
3079 1400 3300 1470 inquam
3328 1411 3386 1457 et

1807 1489 2161 1558 praeceptoris
2208 1489 2312 1543 mei
2362 1489 2541 1557 magni
2588 1488 2871 1544 Hierothei
2915 1501 3244 1565 prameptor,
3291 1494 3387 1565 qui

1809 1580 1948 1634 sicut
1980 1590 2062 1636 est
2092 1581 2286 1636 doctor
2316 1581 2541 1645 mundi,
2570 1582 2650 1636 sic
2680 1590 2737 1637 et
2766 1582 2856 1637 lux
2891 1584 3101 1649 mundi,
3136 1594 3192 1639 et
3223 1564 3390 1640 disci-.-

1799 1673 1967 1740 ,pulus
1989 1672 2107 1741 ejus
2132 1674 2222 1743 qui
2246 1689 2374 1729 vere
2405 1675 2492 1737 lux
2517 1685 2599 1730 est
2625 1677 2831 1740 mundi,
2859 1691 3114 1745 magnus.
3141 1678 3390 1747 inquam,

1740 1750 1784 1809 Β
1813 1765 2032 1830 Paulus,
2082 1766 2343 1821 divinitus
2375 1766 2492 1821 hinc
2534 1768 2609 1821 ait
2640 1786 2655 1822 :
2706 1766 2823 1829 Etsi
2866 1769 2976 1823 sint
3016 1770 3091 1822 dii
3122 1769 3295 1837 multi,
3329 1780 3383 1823 et

1811 1858 2012 1911 domini
2043 1858 2198 1911 multi
2245 1860 2542 1914 secundum
2596 1861 2857 1931 gratiam,
2890 1870 2949 1915 ut
2978 1862 3158 1933 angeli
3191 1863 3386 1937 divini,

1811 1950 2025 2014 virique
2067 1951 2279 2016 sancti;
2335 1953 2483 2006 nobis
2526 1962 2701 2006 tamen
2748 1966 2877 2007 vere
2923 1970 3063 2008 unus
3111 1963 3196 2011 est
3242 1954 3388 2011 Deus

1814 2040 1976 2094 Pater
1995 2040 2059 2108 λε,
2101 2052 2156 2097 et
2193 2043 2381 2111 Filius,
2421 2052 2475 2098 et
2504 2043 2744 2112 Spiritus
2791 2054 3037 2109 sanctus,
3070 2046 3162 2114 qui
3196 2061 3391 2101 secun-

1812 2138 1938 2190 dum
1983 2138 2273 2192 indivisam
2298 2148 2363 2192 et
2405 2137 2777 2203 indistinctam
2816 2138 3387 2194 communicationem

1813 2229 2050 2285 nominis
2082 2231 2318 2301 promite
2345 2229 2675 2296 divinitatis,
2722 2238 2778 2283 et
2808 2228 3221 2301 dominationis,
3255 2231 3394 2284 mulo

1815 2323 1885 2376 tis
1914 2336 1972 2377 se
2009 2321 2400 2388 communicat,
2431 2320 2655 2375 minime
2686 2329 2866 2375 tamen
2901 2321 2955 2374 in
2990 2332 3175 2389 partes
3214 2321 3393 2376 deita-

1816 2422 1930 2467 tum
1977 2412 2188 2467 Deitale
2253 2412 2520 2479 discissa,
2569 2412 2708 2467 sicut
2752 2427 2943 2466 aurum
2994 2412 3051 2467 in
3101 2429 3389 2483 nummos;

1815 2520 1991 2574 neque
2035 2504 2221 2559 multis
2268 2504 2372 2559 diis
2408 2503 2527 2570 ejus
2574 2504 2921 2559 divinitatem
2968 2487 3392 2575 complentibus,

1815 2594 2271 2664 quemadmodum
2310 2594 2491 2648 multa:
2519 2594 2732 2663 species
2759 2610 2924 2648 unum
2951 2596 3210 2649 mundum
3236 2611 3252 2661 ;
3301 2595 3399 2649 sed

1816 2685 2166 2754 multiplicari
2211 2686 2417 2740 dicitur
2450 2685 2594 2740 Deus
2621 2686 2923 2740 secundum
2968 2687 3272 2756 quamlibet
3307 2701 3396 2745 res

1817 2779 2154 2850 producendi
2184 2778 2541 2844 voluntatem,
2576 2779 2817 2847 providis
2849 2777 3007 2850 34],
3048 2780 3395 2847 processibus

1817 2871 2224 2941 multiplicatus,
2260 2881 2443 2925 manet
2471 2880 2649 2924 tamen
2697 2870 2750 2923 in
2797 2885 2856 2923 se
2897 2871 3028 2939 quid
3059 2885 3223 2923 unum
3262 2871 3395 2926 abs-

1814 2977 1920 3033 que
1969 2963 2262 3027 divisione.
2318 2961 2530 3019 Idcirco
2581 2962 2746 3017 etiam
2797 2963 2850 3016 in
2914 2962 3115 3016 divinis
3164 2963 3395 3018 uniones

1818 3060 2081 3123 superant
2109 3052 2511 3116 distinctiones,
2544 3067 2666 3123 qua:
2695 3052 2907 3107 scilicet
2938 3052 3099 3106 unice
3122 3061 3176 3107 ct
3201 3053 3396 3108 solita-

1817 3147 1897 3201 rie
1924 3154 2278 3216 spectantur;
2312 3161 2419 3200 non
2443 3147 2587 3200 enim
2626 3160 2730 3200 una
2766 3146 2953 3200 Deitas
2978 3155 3036 3202 et
3063 3155 3302 3215 potestas
3325 3160 3393 3216 es

1818 3237 2006 3292 multis
2026 3236 2261 3292 conﬂata
2295 3246 2404 3303 est,
2431 3237 2527 3292 sed
2556 3252 2620 3291 ex
2649 3237 2811 3306 hujus
2839 3236 3247 3309 singularitate,
3274 3254 3396 3309 qua:

1819 3330 1873 3386 in
1908 3330 2016 3384 illis
2045 3339 2150 3394 est,
2193 3330 2483 3388 multitudo
2505 3332 2913 3397 considenatnr.
2942 3330 3008 3384 Et
3031 3330 3144 3386 haec
3175 3331 3396 3400 quidem

1819 3424 1999 3493 quoad
2031 3423 2243 3489 divina;
2289 3424 2343 3485 in
2377 3424 2576 3479 nostris
2614 3433 2797 3478 autem
2847 3425 3012 3479 rebus
3049 3424 3395 3479 contrarium

1824 3516 2059 3579 accidit;
2097 3514 2238 3570 nulla
2267 3517 2410 3572 enim
2436 3517 2495 3570 in
2523 3516 2654 3586 ipsis
2676 3518 2897 3590 proprie
2921 3525 3005 3571 est
3041 3516 3264 3582 unitas;
3298 3515 3398 3570 sed

1819 3609 2233 3678 praecxistentes
2258 3608 2651 3664 elementorum
2682 3608 3235 3671 distinctiones,dum
3264 3620 3402 3660 con-

1823 3710 2055 3753 currunt
2082 3708 2137 3754 et
2164 3699 2452 3766 nniuntur,
2484 3698 2622 3755 alias
2644 3715 2712 3754 ex
2737 3699 3140 3768 compositione
3170 3697 3401 3754 uniones

1820 3787 2084 3843 eiﬁciunt.
2129 3787 2184 3842 In
2237 3788 2437 3843 divinis
2477 3802 2609 3842 vero
2645 3795 2702 3843 et
2752 3804 2919 3843 unum
2969 3783 3297 3857 praeexistit,
3344 3791 3400 3837 et

1822 3888 1944 3947 post
1970 3877 2117 3932 illam
2144 3879 2197 3931 in
2220 3878 2488 3933 beneﬁcia
2514 3878 2952 3943 distinctionem,
2986 3877 3185 3931 iterum
3211 3883 3399 3928 manet

1825 3986 1991 4027 unum
2016 3979 2077 4025 et
2099 3984 2433 4041 supraquam
2469 3985 2654 4024 unum.
2682 3969 2792 4024 Has
2820 3970 2984 4024 etiam
3024 3982 3124 4021 nos
3146 3980 3398 4020 commur

124 4078 235 4117 nes
274 4061 441 4115 totius
476 4059 725 4129 Deitatis,
775 4072 833 4116 et
868 4064 1053 4118 unitas
1105 4064 1484 4119 distinctiones
1544 4078 1607 4118 ac
1644 4062 2055 4119 beneﬁcientias
2085 4078 2119 4119 e
2168 4063 2369 4119 divinis
2407 4062 2719 4118 nominibus
2752 4062 2906 4133 juxta
2942 4061 3256 4131 Scripturas
3281 4059 3401 4113 lau-

126 4152 271 4206 dare
297 4151 644 4219 conabimur,
675 4152 838 4209 modo
870 4154 920 4208 id
963 4163 1088 4209 ante
1130 4155 1408 4225 cognitum
1435 4156 1531 4219 sit,
1580 4154 1725 4224 quod
1760 4154 1806 4209 si
1874 4155 2019 4224 quod
2058 4170 2255 4211 nomen
2280 4163 2524 4226 ponatur
2564 4154 2730 4210 etiam
2794 4153 3083 4223 cujuslibet
3118 4152 3375 4208 Personae

128 4246 256 4299 sine
297 4244 750 4313 pmprietatibus,
784 4261 838 4301 ν.
882 4262 938 4317 g.
1000 4248 1371 4317 paternitatis,
1420 4246 1722 4318 ﬁliationie,
1789 4247 2182 4321 processionis,
2219 4247 2420 4320 quibus
2464 4248 2533 4303 ad
2571 4255 2782 4303 certam
2826 4246 3068 4329 aliquam
3110 4244 3392 4312 contraius

127 4349 247 4405 tur,
282 4336 336 4391 in
372 4347 485 4394 tota
520 4340 635 4409 ipsa
668 4339 961 4398 divinitate
989 4340 1366 4412 accipiendum
1398 4356 1549 4399 esse.

200 4513 243 4563 ὲ
268 4514 292 4570 1
313 4516 442 4573 Cor.
475 4530 592 4585 vm,
621 4516 676 4585 5,
699 4514 754 4572 6.
