3742 6304
380 266 493 326 6'19

1561 257 1621 313 S.
1659 248 1963 314 DIONYSII
2014 244 2479 309 AREOPAGITIE

2156 244 2479 309 OPAGITIE
3178 228 3183 234 ’
3548 239 3634 293 δεῖ]

871 562 1255 658 CAPUT
1323 559 1495 648 ΙΙΙ.

384 712 515 778 Qua:
550 710 616 763 sit
648 709 719 764 vis
754 705 1037 765 orationis,
1063 713 1110 757 et
1139 702 1203 778 de
1236 696 1717 778 _bcalo.H1'-ero.theo
1775 694 1839 749 de
1875 709 1963 747 re-

662 780 858 849 ligione
886 788 934 832 et
966 772 1350 841 conscriptione
1377 767 1690 837 theologica.

1993 541 2043 597 Α

2458 532 3109 626 ΚΕΦΑΛΑΙΟΝ
3145 526 3259 617 Γ.

2074 686 2169 752 Τίς
2197 684 2235 752 ἠ
2264 681 2376 752 τῆς
2405 678 2599 752 εὐχιῆςι
2631 672 3031 752 δύναμιςηκιιὶ
3051 671 3198 752 ¹περὶ
3228 669 3334 752 τοῦ
3358 669 3635 745 μακαρὶςυ

2144 740 2460 833 τΙέροάῗέοιίρ
2481 740 2603 804 "xiii
2645 740 2797 815 respr
2822 740 3146 809 εὐλαϐείας
3166 740 3263 795 καὶ
3298 740 3631 809 συγγραφῆς

2133 828 2504 894 θεολογικης.

1728 983 2077 1041 SYNOPSIS
2109 980 2407 1040 CAPITIS.

379 1147 421 1202 1.
467 1149 665 1214 Docet,
714 1144 784 1201 ad
837 1138 998 1202 Deum
1044 1145 1400 1201 accedendum
1452 1161 1562 1200 esse
1600 1158 1692 1212 per
1735 1151 2064 1205 orationem;
2087 1156 2198 1214 lion
2233 1138 2373 1214 quia
2389 1134 2532 1189 Deus
2556 1151 2588 1188 a
2619 1132 2768 1186 nobis
2778 1128 2963 1214 'ttbest,
2989 1126 3080 1214 εςά
3110 1134 3168 1209 ιιι
3201 1140 3295 1179 nos
3338 1119 3637 1201 Deo_mnte

447 1230 499 1276 et
536 1192 1256 1289 spirituyrwsentessimus.
1283 1216 1351 1269 In
1383 1192 1626 1270 oratione
1649 1214 1787 1268 enim
1814 1230 1916 1289 non
1946 1192 2061 1289 tam,
2081 1208 2220 1289 Deus
2245 1192 2614 1289 'nobis,_quant
2644 1219 2738 1289 nos
2770 1200 2879 1282 Deo
2911 1192 3230 1279 cogitatione
3251 1192 3633 1289 appropinqua-J

450 1259 592 1345 mus':
614 1291 679 1346 ll.
728 1259 917 1342 "reddit
958 1288 1238 1352 rationem,
1271 1304 1365 1340 cur
1393 1297 1506 1355 post
1542 1294 1781 1339 sanctum
1810 1259 2546 1355 Ilierotlteumvitoscelibios
2572 1272 2891 1355 theologicos
2919 1259 3357 1355 lclonscripserit,
3406 1270 3484 1355 εξ.
3504 1259 3637 1341 simul

450 1332 697 1427 deseri-lilii
728 1356 913 1427 laudes
948 1332 1250 1419 nie'iéiiiéi’,
1272 1332 2104 1427 ξειῲ
2146 1332 2197 1404 ει
2244 1348 2445 1402 Iacobo
2496 1332 2856 1427 interfuerinti
2880 1332 3635 1421 obdqrmitionisqnctissiue

728 1405 1905 1497 ᾜᾶἶῐιεῖ’ἧιὶἑᾰῆὶιϊὶιῖίᾶὲῆἷἓρεὲίέιι.ίιιι.
1956 1419 2247 1485 Declarat,
2296 1433 2454 1489 quam
2505 1405 2759 1470 submisse
2821 1411 2887 1469 de
2946 1410 3115 1480 seipso
3176 1405 3503 1476 scriptisque
3548 1405 3636 1454 suis

451 1505 661 1557 sentiat.

1954 1644 2066 1726 §l.

451 1802 529 1859 Ac
584 1803 857 1871 primum,
902 1800 949 1855 si
1004 1799 1246 1865 videtur,
1310 1797 1652 1869 perfectum,
1713 1802 1770 1853 et
1816 1812 1929 1868 quo

2159 1795 2245 1850 ἰαὶ
2275 1793 2521 1867 πρώτην,
2552 1794 2602 1847 εί
2636 1790 2803 1856 δοκεῖ,
2831 1790 2932 1863 τὴν
2960 1786 3218 1857 παντελῆ,
3253 1784 3351 1838 καὶ
3381 1782 3497 1835 τῶν
3524 1778 3637 1832 ὅλων

378 1911 567 1954 ornues
617 1895 711 1950 Dei
759 1893 1136 1949 emanationes
1179 1892 1529 1957 manifestat,
1576 1891 1703 1945 boni
1756 1906 1856 1946 non

2181 1885 2316 1940 Θεοῦ
2347 1886 2591 1958 προόδων
2607 1884 2651 1916 ⁸⁸
2679 1880 3073 1953 ἐκφαντορικὴν
3102 1877 3359 1947 ἀγαθωνυ
3368 1873 3504 1947 μίαν
3543 1874 3639 1924 ἐπι-

376 1993 770 2058 expendamus,
822 1986 1072 2041 invocata
1105 1984 1397 2046 Trinitate,
1426 1998 1548 2053 qua:
1583 1980 1711 2036 boni
1759 1980 1959 2049 princi-

376 2084 521 2153 pium
552 2093 654 2146 est,
687 2090 741 2136 et
772 2082 973 2136 bonum
1024 2084 1282 2148 superat,
1328 2087 1383 2132 et
1427 2075 1664 2146 optimas
1714 2088 1960 2143 quasque

374 2189 500 2229 suas
530 2172 904 2244 providentias
942 2170 1221 2240 explanat.
1252 2166 1482 2239 Oportet
1528 2167 1672 2221 enim
1710 2179 1808 2221 nos
1846 2165 1959 2235 pri-

376 2284 522 2322 mum
553 2267 892 2321 orationibus
916 2267 983 2319 ad
1019 2264 1218 2332 ipsam,
1249 2271 1308 2315 ut
1336 2261 1403 2314 ad
1433 2258 1559 2313 boni
1604 2255 1957 2326 principium,

375 2357 600 2422 adduci,
645 2372 709 2412 ac
740 2356 941 2411 deinde
985 2353 1160 2424 magis
1203 2351 1307 2422 ipsi
1346 2349 1796 2420 propinquantes,
1827 2344 1959 2400 edo-

375 2452 490 2508 ceri
524 2450 728 2520 optima
762 2462 991 2519 quaeque
1022 2459 1253 2500 munera
1283 2457 1403 2513 quae
1434 2455 1605 2512 penes
1635 2440 1807 2509 ipsam
1835 2444 1962 2491 sunt

376 2542 678 2607 collocata;
713 2556 838 2594 nam
872 2546 990 2610 Ipsa
1030 2538 1251 2605 quidem
1303 2547 1548 2605 praesens
1584 2532 1741 2586 adest
1781 2529 1961 2586 omni-

378 2637 502 2702 bus,
552 2649 657 2689 non
704 2642 884 2687 autem
918 2630 994 2686 illi
1028 2630 1226 2684 adsunt
1270 2626 1475 2682 omnia.
1528 2623 1635 2679 Sed
1680 2637 1806 2678 cum
1841 2635 1960 2677 eam

374 2726 585 2783 sanctis
630 2723 1060 2796 precationibus,
1104 2719 1267 2793 342
1302 2729 1357 2775 et.
1400 2726 1583 2773 mente
1624 2714 1960 2784 tranquilla,

374 2828 429 2873 et
475 2816 544 2874 ad
575 2817 816 2872 divinam
847 2814 1103 2870 unionem
1134 2811 1548 2867 accommodata
1581 2808 1963 2878 deprecamur,

377 2921 488 2965 tum
524 2913 737 2967 demum
783 2924 884 2963 nos
925 2907 1092 2962 etiam
1129 2892 1201 2961 ei
1229 2911 1532 2975 praesentes
1577 2914 1788 2957 sumus.
1841 2898 1961 2967 Ipsa

372 3004 519 3060 enim
565 3019 665 3058 nec
702 3003 755 3057 in
806 3000 926 3055 loco
958 3000 1032 3052 ita
1061 3007 1169 3061 est,
1212 3006 1272 3050 ut
1310 3010 1544 3065 usquam
1583 2992 1751 3056 absit,
1776 2988 1860 3044 vel
1894 3004 1963 3044 ex

374 3095 496 3149 aliis
544 3093 608 3146 ad
653 3092 758 3146 alia
812 3090 1029 3161 migret.
1074 3088 1331 3156 Quinimo
1378 3085 1565 3140 dicere
1624 3083 1677 3137 in
1715 3082 1965 3137 omnibus

2064 1977 2417 2050 σκεψώμεθα,
2448 1978 2547 2049 τὴν
2587 1973 2961 2047 ἀγαθαρχικὴν
3015 1972 3108 2025 καὶ
3148 1967 3507 2041 ὑπεράγαθον
3539 1966 3639 2018 ἑπι-

2060 2072 2424 2142 καλεσάμενοι
2451 2066 2678 2140 Τριάδα,
2707 2067 2807 2139 τὴν
2849 2063 3248 2136 ἐκφαντορικὴν
3272 2062 3341 2095 ⁸⁸·
3380 2062 3495 2115 τῶν
3523 2060 3640 2113 ὅλων

2061 2161 2259 2231 ἑαυτῆς
2305 2160 2670 2230 ἀγαθωτάτων
2718 2158 3003 2230 προνοιῶν.
3036 2155 3157 2228 Χρὴ
3203 2154 3312 2227 γὰρ
3357 2155 3512 2226 ἡμᾶς
3538 2155 3637 2211 sui;

2062 2256 2248 2327 εὐχαῖς
2280 2255 2496 2327 πρῶτον
2524 2252 2611 2306 ἐπ’
2642 2252 2833 2325 αὐτὴν,
2865 2252 2942 2316 ὡς
2980 2249 3349 2321 ἀγαθαρχίαν,
3380 2246 3639 2319 προσανὰο

2062 2349 2275 2420 γεσθαι,
2316 2348 2410 2401 καὶ
2449 2346 2648 2418 μᾶλλον
2671 2345 2715 2378 ⁸³
2749 2346 2885 2417 αὐτῇ
2926 2342 3343 2416 πλησιάζοντας,
3391 2341 3453 2395 ἐν
3486 2340 3638 2407 τούτῳ

2066 2440 2419 2514 μυεῖσθαιτά
2451 2439 2740 2510 πανάγαθα
2786 2439 2937 2511 δῶρα
2987 2436 3057 2491 τὰ
3100 2435 3225 2508 περὶ
3274 2434 3456 2507 αὐτὴν
3511 2426 3638 2505 ἱδρο-

2067 2533 2232 2604 μένα⁸
2268 2535 2362 2588 καὶ
2394 2532 2504 2605 γὰρ
2534 2524 2673 2604 αὕτη
2708 2531 2808 2603 μὲν
2839 2531 3012 2585 ἅπασι
3051 2528 3342 2599 πάρεστιν,
3376 2527 3444 2578 οὐ
3482 2525 3637 2577 πάντα

2062 2626 2121 2679 δὲ
2148 2626 2285 2697 αὐτῇ
2317 2624 2566 2696 πάρεστι.
2600 2623 2736 2676 Τότε
2770 2621 2851 2686 δὲ,
2880 2622 3009 2676 ὅταν
3036 2619 3205 2690 αὐτὴν
3230 2613 3637 2686 ἐπικαλώμεθα,

2065 2718 2361 2786 πανὰγνοις
2397 2717 2494 2787 μὲν
2528 2715 2739 2786 εὐχαῖς,
2768 2710 3148 2783 ἀνεπιθολώτῳ
3191 2710 3248 2765 δὲ
3297 2709 3404 2781 νῷ,
3450 2708 3541 2763 καὶ
3584 2708 3636 2775 τῇ

2065 2809 2203 2881 πρὸς
2231 2808 2379 2861 θείαν
2401 2808 2595 2861 ἕνωσιν
2620 2806 3038 2878 ἐπιτηδειότητι,
3062 2802 3183 2856 τότε
3207 2802 3302 2857 καὶ
3326 2802 3503 2873 ἡμεῖς
3523 2797 3638 2865 αὐτῇ

2067 2901 2380 2972 πάρεσμεν·
2419 2900 2557 2973 αὐτὴ
2605 2898 2715 2971 γὰρ
2756 2896 2881 2952 οὐτε
2923 2898 2981 2951 ἐν
3022 2896 3173 2966 τόπῳ
3218 2894 3392 2958 ἐστὶν,
3432 2893 3520 2945 ἵνα
3565 2889 3639 2942 καὶ

2067 2994 2181 3067 ἀπῇ
2211 3011 2377 3059 τινος,
2405 2993 2439 3065 ἢ
2470 2994 2529 3060 ἐξ
2560 2993 2763 3065 ἐτέρων
2791 2993 2873 3057 είς
2899 2991 3063 3063 ἔτερα
3095 2988 3323 3061 μεταϐῇ.
3373 2985 3540 3040 Ἀλλά
3565 2984 3639 3037 καὶ

2067 3085 2129 3140 τὸ
2164 3087 2222 3140 ἐν
2258 3087 2392 3139 πᾶσι
2418 3087 2529 3149 τοῖς
2563 3081 2714 3139 οὖσιν
2742 3084 2911 3153 αὐτὴν
2938 3078 3076 3135 εἶναι
3100 3072 3277 3149 λέγειν
3300 3078 3637 3133 ἀπολείπεται

377 3188 539 3241 rebus
580 3186 754 3254 ipsam
787 3196 930 3248 esse,
975 3180 1105 3249 quid
1146 3178 1328 3232 minus
1380 3185 1466 3231 est
1515 3174 1632 3245 ejus
1669 3172 1855 3228 inlinit:

2158 3198 2163 3239 ς
2193 3178 2335 3249 ὑπὲρ
2359 3178 2537 3232 πάντα
2568 3178 2664 3231 καὶ
2688 3178 2905 3232 πάντων
2934 3172 3339 3247 περιληπτικῆς
3378 3171 3636 3241 ἀπειρίας.

376 3292 497 3344 quae
541 3287 595 3331 et
645 3273 864 3330 excedit
907 3279 963 3327 et
1019 3271 1267 3326 continet
1312 3268 1591 3322 universa.
1649 3262 1761 3320 Nos
1814 3262 1962 3332 ipsos

379 3375 561 3443 itaque
608 3369 953 3425 orationibus
984 3368 1054 3421 ad
1087 3363 1463 3420 sublimiorem
1509 3360 1816 3414 divinorum
1862 3357 1962 3411 be-

380 3467 779 3535 nignorumque
826 3459 1107 3513 radiorum
1157 3454 1466 3510 contuitum
1543 3461 1960 3519 comparemus;

378 3552 835 3628 quemadmodum
872 3552 921 3604 si
952 3547 1343 3604 lncidissimam
1387 3553 1636 3600 catenam
1678 3554 1709 3594 e
1751 3550 1964 3593 summo

377 3649 520 3705 caalo
562 3660 905 3717 suspensam,
938 3653 993 3699 et
1023 3643 1307 3711 hucusque
1342 3637 1659 3703 demissam,
1711 3633 1965 3688 manibus

378 3745 605 3800 alternis
637 3743 691 3796 in
725 3740 1002 3795 anteriora
1036 3735 1311 3807 protensis
1355 3730 1706 3787 continenter
1748 3726 1963 3795 arripe-

380 3854 583 3905 remus,
628 3834 906 3891 attrahere
938 3831 1153 3900 quidem
1187 3827 1361 3897 ipsam
1397 3823 1737 3886 videremur,
1780 3836 1839 3874 re
1869 3833 1967 3872 au-

381 3948 488 3992 tem
521 3950 675 3999 vera,
706 3947 817 3987 non
849 3929 999 3984 illam
1044 3924 1147 3997 ipsi
1179 3924 1596 3983 deduceremus,
1628 3925 1690 3971 ut
1722 3929 1843 3985 qua:
1870 3929 1964 3968 su-

379 4044 549 4100 perne
591 4036 647 4082 et
681 4026 895 4080 inferne
926 4033 1168 4093 praesens
1200 4024 1366 4081 esset,
1412 4012 1506 4068 sed
1539 4007 1967 4080 ipsimet'magis

380 4099 449 4177 ad
478 4119 822 4175 sublimiores
850 4114 1127 4170 radiorum
1167 4107 1459 4163 illustrium
1499 4102 1740 4172 fulgores
1768 4099 1968 4155 evehe-

384 4227 587 4267 remur.
636 4210 748 4263 Aut
779 4209 922 4263 sicut
961 4204 1007 4259 si
1060 4202 1239 4258 navim
1281 4197 1542 4270 ingressi,
1592 4194 1850 4248 rudentes
1897 4204 1965 4244 ex

383 4313 538 4373 petra
569 4302 808 4371 quadam
838 4299 907 4353 ad
940 4310 1038 4350 nos
1070 4305 1241 4361 usque
1270 4297 1552 4359 porrectos
1583 4286 1775 4341 auxilii
1801 4297 1967 4338 causa

386 4411 719 4462 teneremus,
769 4409 877 4447 non
911 4392 1111 4446 adnos
1142 4396 1377 4458 petram,
1421 4384 1516 4439 sed
1560 4396 1661 4437 nos
1702 4380 1849 4451 ipsos
1882 4391 1969 4432 re-

383 4507 511 4547 vera
543 4489 835 4556 navimque
869 4485 938 4538 ad
970 4494 1176 4554 petram
1209 4480 1644 4533 traduceremus.
1692 4469 1965 4540 Quemad-

2078 3273 2255 3343 Ἠμᾶς
2300 3268 2393 3326 οὖν
2442 3271 2639 3334 αὐτοὺς
2686 3272 2807 3333 ταῖς
2855 3269 3043 3339 εὐχαῖς
3090 3266 3473 3337 ἀνατείνωμεν
3494 3265 3539 3295 ⁸⁸
3564 3262 3637 3315 ἐπὶ

2065 3362 2163 3433 τὴν
2190 3361 2300 3415 τῶν
2329 3360 2488 3415 θείων
2516 3360 2610 3413 καὶ
2634 3358 2852 3428 ἀγαθῶν
2883 3358 3118 3412 ἀκτίνων
3148 3355 3497 3427 ὑψηλοτέραν
3529 3352 3637 3406 dva-

2065 3472 2268 3520 νεῦσιν,
2300 3454 2489 3526 ὥσπερ
2517 3454 2565 3506 εί
2600 3450 2918 3523 πολυφώτου
2953 3453 3140 3521 σειρᾶς
3170 3452 3235 3503 ἐκ
3265 3449 3368 3520 τῆς
3407 3446 3638 3521 οὐρανίας

2066 3546 2367 3619 ἀκρότητας
2404 3543 2742 3617 ἠρτημένης,
2767 3544 2847 3608 είς
2882 3543 3044 3615 δεῦρο
3071 3542 3127 3596 δὲ
3156 3539 3532 3614 καθηκούσης,
3565 3536 3638 3590 καὶ

2067 3637 2154 3691 ἀεὶ
2182 3636 2352 3708 αὐτῆς
2390 3638 2484 3690 ἐπὶ
2520 3636 2581 3689 τὸ
2622 3631 2809 3708 πρόσω
2849 3636 3038 3707 χερσὶν
3076 3632 3398 3705 ἀμοιϐαίαις
3440 3628 3637 3704 δραττό-

2070 3746 2241 3800 μενοι,
2276 3727 2561 3781 καθέλκειν
2614 3727 2714 3798 μὲν
2761 3726 2933 3797 αὐτὴν
2980 3724 3294 3796 ἐδοκοῦμεν,
3325 3723 3407 3794 τῷ
3449 3724 3560 3777 ὄντι
3590 3719 3633 3774 δὲ

2067 3821 2127 3875 οὐ
2167 3821 2478 3892 κατήγομεν
2528 3820 2772 3890 ἐκείνην,
2819 3819 2933 3873 ἄνω
2968 3836 3031 3873 τε
3082 3819 3177 3873 καὶ
3238 3817 3393 3872 κάτω
3448 3814 3633 3887 παροῦ-

2070 3932 2188 3980 σαν,
2229 3913 2344 3967 ἀλλ’
2377 3912 2530 3966 αὐτοὶ
2574 3913 2737 3983 ἡμεῖς
2781 3909 3097 3984 ἀνηγόμεθα
3146 3908 3284 3981 πρὸς
3325 3908 3432 3974 τὰς
3464 3907 3636 3978 ὑψηλο-

2066 4006 2231 4078 τέρας
2281 4007 2390 4059 τῶν
2460 4003 2796 4074 πολυφώτων
2852 4003 3088 4057 ἀκτίνων
3156 4002 3543 4075 μαρμαρυγὰς,
3579 4001 3635 4050 Ἦ

2068 4095 2257 4164 ὥσπερ
2290 4094 2370 4159 εἰς
2421 4092 2552 4147 ναῦν
2590 4092 2981 4165 ἐμϐεϐηκότες,
3025 4092 3120 4146 καὶ
3163 4092 3513 4163 ἀντεχόμενα
3544 4087 3634 4141 τῶν

2068 4186 2133 4241 ἐκ
2162 4204 2308 4251 τινος
2343 4186 2551 4258 πέτρας
2593 4186 2674 4250 εἰς
2712 4186 2860 4256 ἡμᾶς
2892 4185 3282 4256 ὲκτεινομένων
3315 4183 3632 4254 πεισμάτων

2071 4280 2165 4333 καὶ
2203 4274 2315 4333 οἷον
2345 4281 2474 4351 ἡμῖν
2509 4280 2589 4343 εἰς
2627 4277 2911 4347 ἀντίληψιν
2939 4277 3293 4348 ἐκδιδομένων
3322 4276 3392 4339 ⁸⁸,
3425 4277 3522 4328 οὐκ
3562 4272 3631 4340 ἐφ’

2070 4374 2217 4445 ἡμᾶς
2252 4373 2350 4445 τὴν
2379 4372 2606 4443 πέτραν,
2653 4371 2766 4425 ἁλλ’
2794 4371 2942 4442 ἡμᾶς
2986 4371 3181 4434 αὐτοὺς
3213 4367 3291 4440 τῷ
3329 4368 3522 4441 ἀληθεῖ
3558 4364 3633 4417 καὶ

2069 4465 2168 4537 τὴν
2202 4464 2336 4519 ναῦν
2384 4464 2478 4517 ἐπὶ
2521 4462 2619 4534 τὴν
2660 4462 2867 4534 πέτραν
2904 4461 3277 4533 προσήγομεν.
3311 4460 3522 4530 Ὥσπερ
3555 4456 3630 4510 καὶ

386 4584 602 4641 modum
635 4582 799 4637 etiam
831 4592 1043 4638 rursus,
1071 4574 1117 4629 si
1145 4573 1270 4643 quis
1299 4582 1457 4626 stans
1486 4568 1539 4622 in
1592 4566 1715 4620 navi
1759 4577 1864 4618 mal

2163 4559 2421 4630 ἔμπαλιν,
2449 4559 2500 4611 εί
2533 4574 2617 4621 τις
2643 4555 2742 4628 τὴν
2781 4554 3051 4627 παραλίαν
3091 4552 3297 4624 πέτραν
3347 4549 3522 4615 ἑστὼς
3554 4548 3629 4601 ἐπὶ

388 4690 534 4729 unum
590 4686 782 4728 saxum
835 4666 1120 4737 impellat,
1166 4662 1532 4732 nequidquam
1590 4670 1781 4712 saxum
1836 4652 1968 4707 illud

390 4767 554 4822 ﬁxum
590 4774 643 4820 et
674 4760 949 4818 immobile
985 4755 1261 4819 movebit,
1286 4753 1383 4809 sed
1416 4766 1475 4807 se
1513 4750 1625 4819 ipse
1661 4747 1729 4802 ab
1768 4745 1858 4801 illo
1884 4758 1970 4799 re-

389 4855 578 4926 pellet;
595 4860 906 4923 quantoque
930 4845 1310 4903 vehementius
1345 4839 1476 4897 illud
1494 4837 1791 4908 impulerit,
1815 4844 1968 4890 tanto

391 4948 604 5018 lungius
632 4946 699 5001 ab
730 4960 795 4999 eo
825 4940 1213 4999 removebitur.
1237 4936 1581 5005 Quapropter
1611 4942 1737 4985 ante
1760 4928 1966 4992 omnia,

392 5016 628 5092 maxime
660 5036 714 5090 in
746 5032 1037 5103 theologia,
1063 5030 1131 5084 ab
1159 5027 1410 5084 oratione
1438 5016 1829 5093 auspicandum
1859 5025 1966 5081 est,

394 5145 499 5183 non
547 5138 608 5182 ut
655 5128 857 5198 ubique
898 5135 957 5181 et
1005 5137 1272 5193 nusquam
1328 5124 1655 5190 prazsentem
1708 5111 1965 5166 virtutem

392 5224 766 5289 attrahamus,
819 5220 918 5277 sed
984 5229 1044 5275 ut
1091 5217 1292 5274 divinis
1355 5206 1967 5269 commemorationibus

395 5315 945 5385 invocationibusque
1003 5326 1103 5368 nos
1154 5311 1305 5382 ipsos
1355 5308 1434 5363 illi
1490 5304 1752 5361 dedamus
1800 5309 1967 5369 atque

392 5421 663 5461 amamus.

2072 4654 2174 4723 τῆς
2203 4652 2330 4724 νηὸς
2370 4650 2669 4712 ἀπώσεται,
2708 4648 2894 4721 δράσει
2929 4648 3028 4719 μὲν
3058 4647 3211 4701 οὐδὲν
3247 4647 3329 4710 εἰς
3365 4646 3467 4717 τὴν
3494 4642 3631 4698 ἐπῶ-

2077 4763 2173 4799 σαν
2201 4747 2295 4799 κειιῖ⁹
2324 4744 2577 4814 ἀκίνητον
2608 4742 2836 4813 πέτραν,
2872 4738 3063 4793 ἐαυτὸν
3099 4739 3155 4792 δὲ
3181 4738 3398 4809 ἐκείνης
3441 4739 3631 4805 ἀποχω-

2078 4839 2237 4911 ρίσει,
2267 4837 2361 4891 καὶ
2405 4837 2515 4907 ὅσῳ
2548 4834 2744 4906 μᾶλλον
2774 4832 2944 4904 αὐτὴν
2978 4829 3278 4892 ἀπώσεται,
3321 4829 3520 4899 μᾶλλον
3557 4824 3630 4878 αὐ*

2073 4931 2171 5002 τῆς
2199 4926 2663 4999 ἁκοντισθήσεται.
2705 4925 2796 4978 Διὸ
2821 4925 2915 4978 καὶ
2941 4923 3048 4996 πρὸ
3075 4922 3295 4987 παντὸς,
3330 4924 3426 4998 κα).
3458 4919 3627 4993 μᾶλλον

2074 5021 2350 5090 θεολογίας
2369 5020 2433 5085 ⁵⁸,
2465 5019 2627 5090 εὐχῆς
2654 5015 2995 5088 ἀπάρχεσθαι
3024 5013 3219 5087 χρεὼν,
3251 5015 3351 5085 οὐχ
3386 5016 3465 5079 ὡς
3497 5010 3627 5081 ἐφελ-

2074 5114 2338 5187 κομένους
2384 5111 2484 5185 τὴν
2515 5111 2799 5182 ἁπανταχῆ
2822 5110 2866 5142 ⁸⁷
2913 5108 3193 5180 παροῦσαν
3234 5110 3328 5161 καὶ
3373 5105 3569 5176 οὐδαμῆ
3592 5100 3625 5130 ⁵⁸

2072 5205 2319 5276 δύναμιν,
2344 5204 2469 5269 ἀλλ’
2500 5204 2576 5267 ώς
2611 5205 2731 5267 ταῖς
2768 5201 2941 5266 θείαις
2972 5201 3180 5273 μνείαις
3204 5200 3249 5232 ’⁸³
3300 5201 3395 5254 καὶ
3431 5195 3625 5263 ἐπικλή-

2074 5315 2222 5352 σεσιν
2268 5299 2414 5370 ἡμᾶς
2457 5297 2653 5361 αὐτοὺς
2703 5292 3103 5365 ἐγχειρίζοντας
3148 5294 3282 5364 αὐτῇ
3337 5292 3434 5347 καὶ
3470 5286 3624 5345 ἑνοῦν·

2071 5409 2189 5454 τας.

1699 5529 1938 5586 VARUE
1978 5525 2385 5584 LECTIONES.

469 5686 514 5716 δ’
534 5684 817 5756 προνοιῶν.
891 5678 1328 5756 θ’(ὲκιραντικὴν,
1345 5679 1416 5756 lii.
1450 5677 1505 5756 .‘3
1522 5670 1915 5756 repp-adgecﬂat,
1944 5668 2002 5723 S.
2027 5668 2084 5722 P.
2138 5665 2741 5756 ~xa‘t‘361ebpaliovzf.
2786 5663 2865 5756 “‘5
2892 5660 3384 5756 ἀνατείνοιὲενῆλσὲἱ
3398 5662 3454 5716 S.
3479 5653 3619 5713 P.Sc.

877 5755 933 5810 S.
958 5732 1141 5808 Pint“
1166 5732 1661 5818 ἐκνῦεολογίαςίΜ.
1684 5732 1773 5798 Sc.
1852 5732 2189 5811 ⁵⁷θπανταχῆ.
2270 5740 2313 5772 ⁸⁸
2338 5732 2574 5811 οὐδαμοῦ
2600 5776 2614 5802 ,
2645 5736 2703 5789 ι).
2786 5734 2828 5767 δ’
2860 5736 3117 5805 μνήμαις,
3150 5732 3207 5788 S.
3247 5732 3305 5787 P.
3342 5732 3405 5786 D.
