3742 6300
380 349 485 403 685

1518 350 1575 402 S.
1616 347 1773 401 DION
1786 346 1916 401 YSII
1950 347 2411 404 AREOPAGITJE

3546 355 3654 410 684

384 448 775 516 imbecillitatis
806 460 1105 516 bonitatem
1130 461 1466 529 collandare)
1497 463 1609 531 ipse
1650 473 1771 533 post
1802 464 1954 517 tbco-

2153 464 2339 517 νωνίαν
2370 464 2616 533 πάσχων,
2660 465 2752 517 καὶ
2784 465 2921 538 πρὸς
2953 468 3165 521 πάντων
3188 462 3262 522 ὧν
3288 470 3533 539 ἡκουετο
3558 475 3657 527 καὶ

378 555 555 624 logos,
604 564 662 607 ut
715 554 879 618 nosti,
927 554 1141 608 caeteris
1184 554 1437 608 onmibus
1479 555 1655 609 sacris
1706 555 1955 609 laudato-

380 649 532 703 ribus
575 644 972 707 antecellebat,
1008 654 1155 699 totus
1196 644 1491 709 excedens,
1519 654 1663 701 totus
1703 662 1761 701 se
1796 648 1954 701 dese-

384 753 531 805 rens,
573 751 866 806 rerumque
892 751 1028 805 quas
1058 736 1314 791 laudabat
1341 738 1674 793 consortium
1706 741 1954 809 patiens;

383 828 619 899 denique
652 826 721 882 ab
752 824 1025 893 omnibus,
1067 842 1095 879 a
1124 826 1323 896 quibus
1349 828 1673 883 audiebatur
1699 843 1762 884 ac
1803 829 1955 884 vide-

380 924 564 987 batur,
615 932 725 976 tam
760 935 790 974 a
834 920 980 975 notis
1028 935 1191 989 quam
1249 918 1469 988 ignotis,
1506 919 1686 975 divino
1736 922 1959 977 numine

383 1014 595 1069 alllatns
642 1011 970 1083 divitiusque
1000 1011 1161 1081 plane
1201 1011 1452 1066 laudator
1478 1012 1818 1066 censebatur.
1850 1011 1955 1067 Sed

381 1106 512 1177 quid
550 1106 677 1169 tibi,
725 1118 973 1176 quamam
1010 1103 1082 1158 ibi
1132 1103 1467 1158 divinissimc
1499 1102 1646 1158 dicta
1682 1111 1828 1170 sunt,
1865 1118 1956 1159 re-

2061 554 2288 625 ἐωρᾶτο,
2327 554 2419 606 καὶ
2454 552 2836 622 ἐγιγνώσκετο,
2866 557 2958 608 καὶ
2984 557 3083 609 οὐκ
3110 556 3505 626 ἐγιγνώσκετο,
3536 560 3643 613 θεό-

2061 644 2264 716 ληπτος
2303 640 2459 707 εἶναι,
2502 646 2642 709 θεῖος
2664 647 2707 678 ⁶²
2739 646 3034 717 ὑμνολὸγος
3079 649 3417 721 κρινόμενος.
3449 652 3568 704 Καὶ
3608 654 3657 705 τί

2061 736 2126 792 ἄν
2168 754 2248 789 σοι
2291 739 2418 809 περὶ
2462 737 2570 792 τῶν
2606 740 2723 793 ἐκεῖ
2770 739 3196 811 θεολογηθέντων
3239 743 3500 813 λέγοιμι;
3551 747 3660 798 Καὶ

2063 827 2172 896 γὰρ
2198 830 2242 885 εἰ
2274 828 2346 900 μὴ
2373 829 2468 881 καὶ
2514 829 2751 899 ἐμαυτοῦ
2795 830 3175 902 ἐπιλέλησμαι,
3219 832 3491 896 πολλάκις
3547 831 3661 886 οἴδα

2063 921 2213 993 παρά
2254 921 2346 974 σοῦ
2389 924 2482 976 καὶ
2529 924 2666 996 μέρη
2701 924 2824 978 τινὰ
2860 923 2970 978 τῶν
3010 925 3378 981 ἐνθεαστικῶν
3423 928 3665 981 ἐκείνων

2062 1012 2343 1084 ὑμνῳδιῶν
2383 1013 2725 1079 ἐπακούσας·
2755 1015 2897 1071 οὕτω
2941 1033 3023 1070 σοι
3065 1017 3264 1090 σπουδὴ
3294 1017 3372 1089 μὴ
3405 1019 3476 1070 ἐκ
3524 1035 3663 1087 παρ-

2063 1102 2225 1173 έργου
2250 1102 2320 1156 τά
2341 1103 2457 1157 θεῖα
2485 1104 2861 1175 μεταδιώκειν.

389 1199 543 1256 fero?
593 1198 840 1265 Etenim,
886 1197 988 1252 nisi
1033 1212 1121 1252 me
1165 1197 1270 1251 mei
1329 1196 1510 1265 capiat
1577 1194 1807 1260 oblivio,
1855 1182 2078 1251 memini
2130 1214 2213 1251 me
2276 1199 2472 1267 saepius
2545 1197 2850 1255 divinarum
2899 1200 3124 1255 istarum
3170 1198 3335 1273 3“
3377 1197 3657 1253 laudatio-

386 1313 513 1350 num
559 1303 742 1366 partcs
799 1290 1007 1361 aliquas
1073 1289 1169 1343 abs
1219 1299 1270 1345 te
1312 1287 1622 1358 accepisse;
1677 1295 1841 1342 tanta:
1906 1286 2001 1342 tibi
2050 1301 2196 1343 cura:
2256 1286 2389 1353 fuit,
2434 1304 2500 1343 ne
2547 1304 2786 1358 unquam
2826 1289 3194 1361 perfunctorie
3231 1292 3414 1347 divina
3468 1306 3660 1359 prose-

383 1389 651 1460 quereris.

1915 1493 1941 1565 §
1974 1489 2087 1553 ΙΙΙ.

455 1648 658 1702 Verum
702 1650 761 1696 nt
809 1642 911 1695 ista
951 1636 1202 1710 mystica,
1240 1634 1437 1706 quippe
1478 1633 1638 1704 vulgo
1679 1647 1785 1689 non
1834 1646 1962 1704 pro-

2153 1627 2289 1682 Ἀλλ’
2314 1630 2398 1682 ἵνα
2425 1630 2468 1661 ⁸³
2492 1630 2560 1685 τά
2599 1630 2715 1684 ἐκεῖ
2752 1631 3007 1702 μυστικὰ,
3051 1633 3148 1687 καὶ
3181 1632 3256 1698 ὡς
3281 1638 3398 1701 τοῖς
3438 1638 3655 1704 πολλοῖς

383 1737 694 1810 mnlganda,
717 1734 920 1803 tibique
941 1731 1245 1796 notissima,
1261 1729 1424 1783 missa
1451 1728 1733 1793 faciamus;
1750 1724 1962 1795 quando

2153 1723 2304 1793 ῥητα,
2333 1721 2427 1774 καὶ
2462 1722 2538 1786 ὡς
2578 1723 2897 1793 ἐγνωσμένα
2936 1740 3039 1790 σοι,
3068 1726 3525 1800 παραλείψωμεν,
3568 1734 3657 1786 ὅτε

380 1835 491 1905 jam
542 1841 757 1899 tempus
793 1834 935 1890 erat,
977 1822 1396 1895 quamplurimis
1446 1819 1759 1875 hominibus
1800 1818 1958 1873 ﬁdem

384 1932 627 1981 nostram
671 1914 1074 1991 promulgandi,
1101 1922 1157 1968 et
1188 1918 1453 1981 quotquot
1491 1909 1686 1964 adduci
1719 1917 1959 1978 possent,

383 2018 451 2070 ad
496 2026 711 2069 sacram
757 2006 1102 2076 disciplinam
1156 2010 1397 2057 nostram
1446 1998 1798 2065 attrabendi,
1852 2012 1959 2053 non

382 2120 590 2178 paucos
620 2103 726 2159 boc
760 2101 813 2155 iu
849 2111 1077 2153 munere
1105 2096 1360 2150 doctores
1406 2102 1628 2148 sanctos
1672 2092 1963 2161 superabat

382 2212 506 2253 cum
531 2211 631 2251 usu
674 2190 965 2262 temporis,
1000 2199 1112 2244 tum
1145 2186 1342 2241 mentis
1371 2185 1633 2254 puritate,
1682 2193 1795 2238 tum
1833 2196 1963 2237 acu-

383 2289 531 2343 mine
563 2283 1132 2345 demonstrationum,
1171 2276 1496 2346 ceterisque
1535 2275 1709 2330 sacris
1747 2273 1963 2328 institu-

383 2379 477 2445 tis,
522 2379 660 2433 adeo
689 2384 749 2431 ut
782 2385 1061 2443 nunquam
1098 2378 1253 2423 tanto
1296 2366 1396 2421 soli
1441 2364 1627 2421 conati
1662 2364 1831 2418 simus
1859 2361 1961 2419 ob-

383 2468 548 2526 tueri.
579 2466 658 2522 Ita
703 2464 849 2520 enim
896 2460 1053 2518 nobis
1096 2458 1301 2514 conscii
1343 2472 1556 2522 sumus,
1600 2455 1707 2511 imo
1736 2453 1956 2516 scimus,

382 2574 484 2615 nos
530 2559 695 2613 rebus
742 2554 941 2611 divinis
1000 2549 1370 2621 iutelligendis
1419 2547 1641 2603 minime
1685 2543 1959 2610 sulIicere,

381 2651 620 2714 nedum,
665 2648 811 2717 quod
860 2642 1165 2701 inell‘abiles
1208 2642 1347 2706 sint,
1404 2650 1463 2694 ut
1513 2638 1742 2710 cognita:
1777 2647 1963 2693 essent

382 2742 724 2815 eloquendis.
764 2740 899 2797 Cum
931 2748 1117 2795 autem
1149 2738 1203 2792 in
1237 2735 1537 2805 theologica
1590 2732 1821 2788 veritate
1861 2746 1962 2786 ex-

380 2835 652 2909 plananda
701 2849 734 2889 a
780 2832 1021 2887 virorum
1077 2829 1389 2885 divinorum
1450 2824 1713 2881 laettltate
1771 2824 1958 2895 procul

383 2930 649 2993 absimus,
690 2941 757 2983 eo
797 2928 960 2981 etiam
1000 2938 1110 2993 pra.-
1158 2921 1439 2992 religionis
1483 2917 1817 2974 abundantia
1863 2916 1959 2971 de-

382 3022 530 3080 ducti
581 3033 793 3085 sumus,
831 3025 892 3072 ut
923 3016 991 3072 de
1020 3014 1207 3070 divina
1251 3008 1737 3084 philosopltianibil
1754 3008 1835 3062 vel
1861 3021 1958 3062 au-

2062 1817 2175 1878 τοῖς
2202 1812 2415 1878 πολλοῖς
2439 1815 2607 1886 ἐχρῆν
2632 1815 2978 1887 κοινωνῆσαι,
3010 1818 3103 1871 καὶ
3126 1820 3285 1884 ὅσους
3305 1821 3543 1877 δυνατὸν
3566 1826 3651 1878 ἐπὶ

2060 1906 2157 1979 τὴν
2183 1907 2304 1961 καθ’
2327 1909 2473 1979 ἡμᾶς
2502 1909 2852 1978 ἱερογνωσίαν
2877 1916 3266 1981 προσαγαγεῖν,
3292 1912 3449 1979 ὅπως
3479 1918 3645 1991 ὑπερ-

2061 2001 2174 2070 εῖχε
2197 1998 2324 2063 τοὺς
2360 1998 2587 2063 πολλοὺς
2624 2000 2733 2053 τῶν
2761 1999 2923 2072 ἱερῶν
2946 2001 3301 2070 διδασκάλων,
3330 2007 3429 2060 καὶ
3456 2009 3654 2079 χρόνον

2060 2087 2241 2159 τριϐῇ,
2271 2088 2365 2140 καὶ
2388 2086 2480 2140 νοῦ
2510 2087 2865 2161 καθαρότητι,
2893 2091 2988 2145 καὶ
3012 2090 3339 2158 ἀποδείξεων
3367 2095 3651 2170 ἀκριϐείᾳ,

2062 2178 2157 2232 καὶ
2176 2182 2296 2243 ταῖς
2322 2179 2537 2243 λοιπαῖς
2579 2179 2921 2251 ἱερολογίαις,
2951 2182 3092 2237 ὥστε
3118 2185 3219 2239 οὐκ
3244 2185 3312 2241 ἄν
3338 2205 3475 2242 ποτε
3520 2191 3651 2259 πρὸς

2060 2271 2203 2326 οὕτω
2247 2273 2418 2344 μέγαν
2459 2274 2611 2345 ἥλιον
2647 2277 2917 2331 ἀντωπεῖν
2944 2275 2989 2308 ⁸⁸
3017 2278 3469 2351 ἐνεχειρήσαμεν.
3499 2282 3651 2337 Οὕτω

2061 2363 2170 2435 γὰρ
2208 2367 2369 2437 ἡμεῖς
2411 2366 2618 2421 ἑαυτῶν
2666 2366 3049 2442 συνῃσθήμεθα
3085 2370 3152 2435 ⁸⁸,
3200 2371 3295 2424 καὶ
3338 2372 3540 2444 ἴσμεν,
3578 2375 3649 2439 ὡς

2060 2454 2183 2509 οὔτε
2212 2456 2408 2522 ἱκανῶς
2443 2459 2631 2529 νοῆσαι
2654 2456 2726 2513 τὰ
2748 2457 2915 2530 νοητά
2937 2458 3048 2513 τῶν
3085 2459 3243 2513 θείων
3268 2461 3313 2493 ⁸⁸
3341 2463 3650 2534 χωροῦμεν,

2059 2545 2185 2602 οὔτε
2210 2550 2312 2603 ὅσα
2334 2548 2404 2603 τὰ
2427 2549 2566 2622 ῥητὰ
2585 2551 2628 2583 ⁶⁷
2652 2551 2747 2621 τῆς
2774 2550 3104 2620 θεογνωσίας
3126 2551 3367 2619 ἐξειπεῖν
3394 2556 3493 2608 καὶ
3518 2559 3651 2626 φρά-

2062 2657 2174 2693 σαι.
2216 2639 2413 2713 Πόρρω
2437 2640 2494 2694 δὲ
2519 2641 2706 2706 ὄντες,
2751 2642 3161 2715 ἀπολειπόμεθα
3201 2645 3303 2716 τῆς
3340 2646 3453 2702 τῶν
3494 2648 3649 2703 θείων

2061 2731 2272 2803 ἀνδρῶν
2308 2733 2389 2796 είς
2416 2731 2729 2805 θεολογικὴν
2756 2732 3016 2805 ἀλήθειαν
3042 2737 3375 2808 ἐπιστήμης,
3401 2739 3487 2792 ὃτι
3522 2741 3649 2795 πάν-

2057 2840 2166 2887 τως
2191 2822 2258 2878 ἂν
2284 2824 2363 2887 είς
2398 2822 2553 2877 τοῦτο
2576 2822 2664 2878 διά
2688 2824 2956 2898 περισσὴν
2979 2825 3260 2882 εὐλάϐειαν
3284 2828 3647 2901 ἐληλύθαμεν,

2059 2916 2139 2979 εἰς
2158 2912 2221 2970 τὸ
2247 2913 2492 2986 μηδόλως
2517 2914 2734 2971 ἀκούειν
2759 2915 2793 2988 ἢ
2816 2913 2996 2986 λέγειν
3019 2938 3071 2975 τι
3110 2919 3361 2994 περὶτῆς
3387 2918 3546 2989 θείας
3571 2944 3649 2995 φι-

2059 3006 2333 3079 λοσοφίας,
2361 3009 2409 3062 εί
2439 3008 2513 3081 μὴ
2538 3009 2679 3064 κατά
2710 3009 2835 3066 νοῦν
2871 3012 3192 3085 εἰλήφαμεν,
3216 3014 3293 3080 ὡς
3314 3016 3379 3068 οὐ
3409 3017 3519 3089 χρὴ
3554 3018 3647 3087 τῆς

382 3114 504 3170 dire
533 3112 619 3167 vel
652 3110 799 3180 loqui
828 3120 1308 3179 praesumeremus,
1341 3103 1442 3159 nisi
1478 3100 1952 3160 intellexissemus,

2153 3102 2414 3174 εχομένης
2435 3102 2544 3157 τῶν
2567 3102 2727 3157 θείων
2766 3104 3021 3173 γνώσεως
3060 3106 3303 3178 ἀμελεῖν.
3331 3110 3447 3162 Καὶ
3496 3109 3647 3163 τοῦτο

382 3218 492 3260 non
532 3214 655 3258 esse
696 3212 886 3256 rerum
917 3195 1253 3260 divinarum,
1301 3207 1462 3261 quam
1514 3187 1732 3257 assequi
1764 3199 1960 3256 possu-

384 3310 530 3359 mus,
571 3288 949 3363 negligendam
992 3285 1304 3342 scientiam.
1347 3282 1525 3351 Atque
1564 3279 1616 3334 id
1650 3291 1755 3332 non
1786 3276 1960 3332 solum

385 3383 658 3440 naturalia
690 3379 952 3436 mentium
980 3377 1277 3442 desideria,
1307 3390 1427 3445 qua:
1449 3380 1700 3428 amanter
1722 3381 1960 3439 semper,

383 3483 645 3548 quantum
677 3473 758 3528 fas
804 3481 910 3537 est.
938 3469 1006 3525 ad
1036 3469 1346 3525 divinarum
1391 3479 1575 3521 rerum
1616 3459 1959 3530 contempla-

385 3567 590 3623 tionem
638 3563 973 3624 excitantur,
1016 3573 1207 3614 verum
1261 3558 1379 3628 ipsa
1432 3569 1649 3627 quoque.
1695 3562 1962 3624 prrestan-

388 3657 596 3715 tissima
626 3655 806 3727 legum
826 3655 1135 3710 divinarum
1170 3650 1436 3708 institutio
1462 3649 1786 3719 persuadet;
1817 3658 1956 3715 quae,

384 3758 446 3805 ut
466 3765 530 3806 ea
558 3763 678 3819 qua:
726 3762 889 3819 supra
920 3761 1022 3803 nos
1053 3754 1203 3810 sunt,
1239 3743 1544 3813 meritaque
1575 3752 1759 3795 nosua
1793 3753 1959 3795 exce-

386 3845 543 3908 dunt,
565 3850 621 3898 et
654 3849 873 3912 captum
902 3846 1165 3911 superant
1202 3836 1476 3894 curiosius
1507 3833 1837 3903 investigare
1874 3846 1961 3887 ve-

386 3942 483 4001 tat,
515 3934 587 3988 ita
611 3931 766 4004 jubet
791 3930 996 3998 omnia,
1026 3945 1150 3999 quae
1183 3927 1447 3999 permissa
1479 3923 1635 3980 nobis
1660 3934 1716 3979 et
1745 3921 1955 3978 indulta

385 4035 533 4093 sunt,
563 4025 782 4082 assidue
811 4022 1117 4086 addiscere,
1153 4021 1493 4091 benigneque
1531 4016 1659 4071 aliis
1716 4029 1959 4072 commu-

386 4120 587 4174 nicare.
634 4116 732 4173 His
782 4117 966 4187 itaque
1015 4113 1256 4182 adducti,
1312 4127 1490 4182 neque
1539 4101 1727 4166 labore
1778 4120 1959 4179 neque

386 4209 598 4277 ignavia
645 4223 675 4262 a
710 4208 854 4263 licita
899 4221 1085 4262 rerum
1132 4206 1445 4261 divinarum
1484 4201 1821 4258 scrutatione
1859 4200 1959 4254 de-

385 4298 590 4365 territi,
638 4313 705 4353 ne
747 4313 847 4369 pro
895 4297 1115 4353 modulo
1145 4306 1332 4352 nostro
1364 4294 1508 4361 illos,
1544 4294 1745 4364 quibus
1786 4291 1959 4348 subli-

383 4388 560 4443 miora
609 4387 768 4443 nobis
810 4387 1213 4457 contemplandi
1252 4386 1479 4459 facultas
1520 4386 1689 4449 deest.
1720 4385 1956 4441 admini-

382 4476 508 4533 culo
538 4477 824 4534 destitutos
866 4487 1196 4547 pateremur,
1236 4478 1304 4533 ad
1330 4478 1677 4534 scribendum
1710 4478 1950 4532 animum

383 4568 711 4639 appulimus,
736 4568 871 4624 nibil
902 4570 1122 4640 quidem
1156 4569 1278 4625 novi
1315 4568 1512 4625 aﬂerre
1539 4578 1949 4640 praesumentes,

2060 3195 2207 3266 ἡμᾶς
2257 3194 2483 3249 ἔπεισαν
2517 3193 2577 3247 οὐ
2610 3193 2769 3265 μόνον
2793 3195 2850 3249 αι
2893 3192 3038 3249 κατά
3079 3196 3239 3266 φύσιν
3282 3199 3509 3268 ἐφέσεις
3544 3201 3645 3255 τῶν

2061 3286 2217 3350 νοῶν,
2242 3285 2519 3356 ἐρωτικῶς
2554 3286 2643 3338 ἀεὶ
2668 3284 2987 3358 γλιχόμεναι
3012 3288 3109 3359 τῆς
3147 3289 3508 3363 ἐγχωρούσης
3544 3293 3645 3345 τῶν

2061 3378 2354 3451 ὑπερφυῶν
2374 3376 2627 3447 θεωρίας,
2651 3376 2789 3432 ἀλλά
2811 3377 2905 3431 καὶ
2928 3379 3065 3451 αὑτὴ
3100 3378 3208 3432 τῶν
3232 3379 3399 3435 θείων
3431 3383 3643 3455 θεσμῶν

2060 3472 2095 3542 ἠ
2120 3470 2317 3542 ἀρίστη
2352 3469 2626 3537 διάταξις·
2656 3470 2725 3524 τά
2754 3471 2854 3542 μὲν
2879 3472 3020 3545 ὑπὲρ
3062 3474 3209 3545 ἡμᾶς
3245 3474 3640 3545 ἀποςράσκουσα

2061 3556 2553 3629 πολυπραγμονεῖν,
2580 3558 2673 3612 καὶ
2694 3558 2770 3623 ὡς
2796 3560 2941 3633 ὑπὲρ
2984 3561 3159 3627 ἀξίαν,
3207 3564 3303 3617 καὶ
3341 3564 3422 3629 ῶς
3466 3566 3641 3636 ἀνέει-

2061 3662 2196 3699 κταο
2240 3648 2415 3701 πάντα
2450 3646 2508 3701 δέ
2533 3649 2635 3701 ὅσα
2673 3650 2732 3702 ἐν
2777 3650 2909 3720 ἡμῖν
2948 3650 3158 3720 ἐφίεται
3201 3653 3297 3705 καὶ
3345 3652 3639 3725 δεδώρηται

2063 3739 2371 3811 μανθάνειν,
2397 3741 2679 3813 προσεχῶς
2714 3743 3108 3817 ἐγκελευομένη
3136 3744 3231 3800 καὶ
3264 3745 3479 3817 ἑτέροις
3515 3748 3639 3814 ἀγα-

2060 3830 2277 3897 θοειδῶς
2317 3832 2672 3916 μεταδιδδναι.
2702 3834 2923 3901 Τούτοις
2958 3831 3050 3891 οὖν
3077 3837 3171 3891 καὶ
3196 3838 3363 3907 ἡμεῖς
3388 3838 3635 3910 πειθόμε-

2058 3940 2177 3988 νοι,
2220 3924 2315 3978 καὶ
2358 3924 2494 3996 πρὸς
2536 3926 2636 3998 τὴν
2674 3927 2902 4000 ἐφικτὴν
2939 3928 3049 3982 τῶν
3098 3926 3257 3983 θείων
3301 3928 3525 4000 εὕρεσιν
3569 3931 3633 4001 μὴ

2058 4015 2437 4087 ἀποκαμόντες
2476 4016 2509 4087 ἢ
2551 4018 3047 4083 ἀποδειλιάσαντες,
3086 4017 3223 4073 ἀλλά
3258 4020 3358 4075 καὶ
3396 4022 3525 4086 τοὺς
3568 4022 3633 4092 μὴ

2056 4111 2384 4183 δυναμένους
2410 4112 2490 4176 εἰς
2512 4111 2583 4166 τά
2617 4113 2774 4185 ἡμῶν
2814 4114 3097 4186 κρείττονα
3122 4113 3369 4185 θεωρεῖν,
3400 4115 3629 4187 ἀσοηθήο

2057 4219 2182 4267 τους
2205 4203 2526 4258 καταλιπεῖν
2557 4204 2617 4257 οὐ
2646 4204 3058 4277 καρτεροῦντες,
3094 4207 3189 4261 ἐπὶ
3212 4204 3275 4260 τὸ
3302 4207 3628 4278 συγγράφειν

2058 4293 2283 4358 ἐαυτοὺς
2326 4294 2677 4367 καθήκαμεν,
2718 4295 2900 4351 καινὸν
2945 4297 3044 4368 μὲν
3091 4296 3241 4350 οὐδὲν
3298 4296 3625 4367 εἰσηγεῖσθαι

2059 4385 2384 4456 τολμῶντες,
2411 4386 2761 4459 λεπτοτέραις
2785 4386 2843 4442 δὲ
2868 4388 2961 4441 καὶ⁵
2996 4389 3115 4452 ταῖς
3138 4386 3279 4440 κατά
3307 4387 3474 4459 μέρος
3511 4387 3623 4440 tuo

2062 4492 2184 4529 στον
2227 4477 2522 4543 ἐξετάσεσι,
2558 4476 2629 4531 τὰ
2668 4478 2999 4542 συνοπτικῶς
3044 4476 3309 4551 εἰρημένα
3343 4476 3427 4550 τῷ
3469 4477 3621 4540 ὅντως

2069 4567 2309 4641 Ἰεροθέῳ
2334 4569 2696 4642 διακρίνοντες
2722 4570 2817 4624 καὶ
2842 4570 3204 4641 ἐκφαίνοντες.

380 4663 474 4718 sed
540 4660 930 4717 minutioribus
967 4661 1237 4717 duntaxat
1277 4662 1604 4734 quibusdam
1643 4660 1982 4732 singularum
2021 4660 2257 4731 partium
2299 4663 2807 4732 observationibus,
2849 4679 2912 4720 ea
2941 4678 3064 4736 qua
3113 4677 3145 4719 a
3177 4677 3311 4721 vere
3338 4661 3617 4720 Hierotheo

380 4751 567 4809 subtili
598 4766 734 4809 sane
780 4753 1105 4827 compendio
1145 4754 1345 4811 tradita
1383 4763 1527 4822 sunt,
1559 4754 1956 4824 distinguentes
1989 4762 2152 4822 atque
2181 4753 2556 4833 explanantes.

1442 5040 1603 5113 355
1650 5038 2183 5096 ADNOTATIONES
2228 5037 2578 5096 CORDERII.

451 5174 481 5247 ς
516 5174 556 5229 Ι.
597 5176 671 5229 Ac
713 5177 961 5247 primum,
998 5180 1043 5231 si
1077 5179 1301 5241 videtur,
1346 5179 1465 5231 boui
1512 5192 1698 5247 nomen
1739 5176 2119 5243 expendamus.
2163 5173 2466 5247 Occasione
2511 5172 2673 5247 hujus
2716 5172 2842 5247 loci,
2883 5181 3102 5228 sanctus
3144 5170 3409 5247 Tbomas,

3448 5172 3604 5242 prima
3662 5176 3663 5195 ‘

379 5240 553 5315 parte,
592 5240 786 5314 quast.
816 5246 869 5311 5,
903 5240 1064 5302 artic.
1096 5248 1152 5312 2,
1180 5240 1406 5316 quaerit,
1446 5256 1629 5301 tttrum
1664 5240 1865 5299 bonum
1900 5246 2203 5301 secundum
2245 5246 2513 5301 rationem
2545 5240 2619 5316 sit
2652 5243 2801 5316 prius
2823 5258 2994 5316 quam
3030 5257 3148 5296 ens.
3189 5240 3605 5316 Et_r_atio'dnbi-
3660 5270 3661 5291 ι

377 5312 526 5389 tendi
559 5312 663 5389 est,
695 5317 822 5389 quia
846 5318 983 5372 ordo
1025 5312 1308 5389 nominum
1337 5328 1423 5374 est
1454 5317 1754 5389 secundum
1788 5316 2036 5370 ordinem
2070 5330 2254 5371 rerum
2295 5329 2392 5389 per
2432 5312 2665 5370 nomina
2692 5314 3141 5389 signilicatarum,
3179 5314 3274 5367 sed
3308 5312 3599 5389 Dionysius.
3658 5340 3659 5389 ἢ

376 5386 574 5455 inquit,
593 5383 731 5441 inter
757 5388 859 5441 alia
886 5388 1101 5442 nomina
1128 5388 1217 5442 Dei
1236 5391 1387 5458 prius
1419 5387 1572 5458 ponit
1601 5389 1797 5441 bonum
1825 5402 1988 5456 quam
2018 5400 2147 5453 ens;
2174 5383 2305 5453 ergo
2331 5385 2530 5440 bonmn
2555 5383 2850 5441 secundum
2875 5383 3141 5437 rationem
3168 5393 3251 5438 est
3281 5384 3435 5454 prius
3456 5392 3596 5452 quam
3656 5414 3657 5485 ι

1666 5540 1901 5595 νΑΙὶΙᾸΞ
1936 5536 2347 5595 LECTIONES.

442 5675 485 5704 ⁶²
515 5674 607 5726 καὶ
635 5674 796 5738 θεῖος,
824 5674 876 5728 S.
911 5674 970 5729 P.
999 5675 1090 5728 Sc.
1122 5674 1244 5730 Sar.
1324 5676 1368 5707 "
1397 5675 1487 5729 καὶ
1514 5677 1619 5738 ἵνα,
1651 5676 1719 5729 Μ.
1754 5676 1843 5729 Sc.
1885 5675 2005 5730 Sar.
2086 5676 2130 5707 “
2152 5675 2446 5737 ἀντειπεῖν,
2492 5672 2559 5727 Μ.

372 5744 533 5807 μεθα,
564 5743 622 5798 Ρ.
656 5745 747 5802 Sc.
827 5748 871 5778 ⁵⁵
896 5746 1119 5818 γραφῶν
1144 5746 1403 5817 δηλονότι,
1430 5749 1707 5816 subjnngit
1737 5746 1794 5799 Ι).
1828 5764 1857 5801 c
1886 5745 2115 5812 scbulio,
2144 5749 2359 5817 opinor.

2605 5672 2748 5742 quod
2792 5671 2881 5728 Sc.
2926 5673 3203 5741 exprimit.
3278 5675 3322 5707 ⁸⁸
3349 5668 3583 5729 συνισθὼ-

2438 5744 2479 5776 ⁶⁷
2505 5744 2579 5807 ὼς
2603 5743 2836 5817 ἄρρητα,
2861 5743 2920 5799 S.
2952 5742 3011 5797 Ρ.
3042 5743 3136 5799 Sc.
