3742 6368
181 400 282 457 685
881 395 972 452 DE
996 396 1249 455 DWINIS
1280 396 1681 463 NOMINIBUS,
1716 395 1869 453 CAP.
1904 395 1994 454 ΙΙΙ.
2027 427 2097 440 -—
2127 397 2459 454 CORDENI
2489 398 2718 455 ΝΟΤᾹΞ.
3311 406 3419 465 386

179 538 293 577 ens.
325 516 568 598 Resolvit
599 526 802 598 tamen,
834 530 1107 598 ens,__cum
1146 515 1297 598 prius
1322 516 1582 598 .cadatjn
1614 515 2033 598 qqnqeptionem
2072 513 2402 576 intellectus,
2445 530 2608 598 quam
2643 516 2864 598 bonum:
2906 515 3229 598 ipso.ctiam
3268 524 3416 590 prius

179 608 294 647 esse
324 588 620 645 secundum
650 586 937 642 rationem.
960 585 1221 656 Estenim
1254 587 1485 656 primum
1512 585 1873 654 intelligihile,
1902 588 2039 639 sicut
2072 600 2241 637 sonus
2268 596 2352 638 est
2388 586 2621 653 primum
2649 587 2889 641 andihile
2909 585 2935 645 :7
2957 588 3086 656 quia
3118 585 3417 649 secundum

183 665 280 718 hoc
306 657 729 726 unumquodque
761 655 1125 727 cognosrilile
1154 667 1258 719 est,
1289 657 1339 710 in
1367 668 1628 727 quantum
1656 666 1739 709 est
1767 666 1913 727 artu,
1949 656 2089 709 unde
2123 655 2284 709 etiam
2316 656 2466 725 prius
2489 667 2572 727 est
2599 658 2899 727 secundum
2930 655 3217 716 rationem.

248 732 327 789 Ad
367 729 749 783 attclﬂrilnlt‘m
780 737 961 780 amem
993 726 1260 798 Dionysii.
1289 738 1342 782 et
1372 725 1770 798 argumentum
1790 726 1915 777 inde
1944 735 2241 798 sumptum,
2272 726 2576 791 respondet.
2606 736 2855 780 sanctum
2888 725 3201 798 Dionysium
3232 732 3417 788 «ιῖνῑηη

182 803 393 857 nomina
425 799 708 865 assignare
735 798 1031 851 secundum
1069 796 1214 865 quod
1248 796 1543 865 important
1570 797 1715 850 circa
1753 796 1919 849 Deum
1948 796 2325 850 habitudinem
2355 812 2553 851 caus:e.
2590 799 2796 853 Bonum
2829 796 3039 861 autem,
3062 814 3184 854 cum
3219 803 3417 858 habt-at

182 874 449 928 rationem
477 868 804 944 appetihilis,
834 867 1093 944 importat
1122 866 1494 944 habitudinem
1526 882 1707 921 causa:
1733 866 1932 944 dualis,
1961 865 2116 931 cujus
2139 866 2435 944 caitsabtas
2463 867 2633 944 prima
2662 877 2741 923 est
2765 909 2779 926 ,
2811 869 2935 935 quia
2969 885 3135 937 agens
3164 888 3271 944 non
3303 874 3417 944 agit

183 944 281 997 nisi
316 935 753 1010 propitii-ﬁnem,
788 946 841 991 et
870 935 938 991 ab
964 946 1157 1010 agente
1188 939 1416 992 materia
1456 948 1705 1010 movetur
1739 938 1805 989 ad
1846 936 2101 1010 formam,
2131 935 2273 991 unde
2311 936 2433 1010 linis
2466 938 2669 1010 dicitur
2698 954 2862 1010 causa
2897 935 3206 994 causarum.
3243 943 3307 998 Et
3337 935 3418 1000 sic

183 1014 233 1069 in
266 1007 542 1066 causando
568 1009 766 1062 bonum
797 1018 881 1061 est
909 1008 1059 1075 prius
1084 1022 1244 1073 quam
1275 1022 1392 1069 ens,
1429 1009 1574 1062 sicut
1611 1008 1733 1061 linis
1758 1023 1921 1077 quam
1955 1007 2139 1077 format
2174 1023 2187 1059 :
2231 1016 2284 1060 et
2318 1007 2418 1060 hac
2464 1008 2693 1072 ratione,
2727 1007 3133 1063 internoniina
3170 1011 3415 1069 divinam

182 1081 551 1137 eausalitatem
596 1077 986 1146 signiﬁcantia,
1025 1077 1175 1147 prius
1212 1079 1437 1145 ponitur
1478 1079 1674 1132 bonum
1709 1092 1873 1146 quam
1913 1092 2048 1139 ens;
2094 1076 2214 1147 vide
2254 1091 2472 1147 quoque
2505 1089 2700 1147 qmest.
2735 1080 2825 1137 1‘5.
2871 1080 3032 1133 artic.
3077 1081 3165 1135 ll.
3211 1083 3415 1138 Verum

184 1153 393 1206 facilius
419 1148 841 1223 mensDionysii
881 1149 969 1223 sie
992 1146 1255 1214 explicari
1293 1158 1492 1223 potest,
1524 1150 1668 1223 quod
1700 1163 1821 1202 cum
1866 1148 1954 1200 Dei
1998 1146 2218 1223 nomina
2262 1146 2562 1202 secundum
2596 1149 2973 1223 emanatioties
3006 1152 3251 1223 assignat
3290 1169 3420 1223 qua:

183 1223 292 1277 Deo
330 1220 539 1275 ratione
584 1216 845 1290 bonitatis
882 1220 1222 1290 tribuuntur,
1264 1216 1419 1286 cujus
1467 1216 1716 1288 proprius
1758 1227 1911 1271 actus
1948 1229 2068 1290 est,
2104 1216 2227 1290 aliis
2272 1232 2332 1272 se
2374 1219 2807 1281 communicare,
2837 1219 3042 1275 idcirco
3079 1216 3255 1290 primo
3296 1216 3418 1279 loco

182 1294 302 1366 boni
352 1306 544 1345 nomen
585 1289 987 1358 interpretetur.
1035 1286 1187 1344 Unde
1234 1304 1338 1343 non
1382 1286 1665 1360 Sequitur,
1710 1303 1904 1344 nomen
1947 1288 2069 1342 boui
2114 1287 2345 1355 primam
2393 1289 2636 1344 omnium
2685 1290 2949 1345 rationem
3000 1291 3051 1346 in
3081 1286 3205 1348 'Dco
3244 1293 3415 1366 signi-

183 1364 361 1417 licare.

252 1432 453 1487 Ibidem
482 1447 497 1485 :
532 1428 748 1498 Opertet
774 1428 913 1482 enim
946 1447 1037 1485 nos
1068 1430 1292 1499 primum
1323 1429 1680 1490 orationibus.
1706 1437 1812 1484 etc.
1858 1427 1956 1483 Ubi
1998 1436 2123 1481 nota
2149 1427 2358 1495 primo,
2388 1444 2484 1498 per
2512 1429 2815 1484 orationem
2848 1446 2877 1483 a
2914 1431 3025 1484 Deo
3056 1447 3240 1488 rerum
3276 1435 3421 1491 divi-

182 1518 376 1571 narum
416 1500 663 1556 notitiam
691 1514 815 1553 esse
848 1498 1278 1571 impetrandam;
1311 1502 1567 1571 quoniam
1601 1511 1685 1554 est
1724 1498 1976 1571 generale
2008 1498 2244 1571 medium
2284 1499 2351 1551 ad
2390 1500 2575 1554 omnia
2603 1500 2741 1554 dona
2784 1501 3050 1569 spiritalia
3093 1504 3417 1561 obtinenda.

182 1569 280 1626 Est
328 1572 477 1644 enim
498 1614 513 1635 ,
546 1580 604 1624 nt
626 1569 1289 1644 sanrtttsChrysostomus
1307 1568 1535 1644 κείἰιςδι).
1558 1568 1921 1644 instarclavis
1944 1568 2246 1644 cujusdam.
2278 1583 2375 1644 per
2401 1585 2562 1639 quam
2585 1585 2773 1644 omnes
2802 1568 2890 1625 Dei
2916 1572 3199 1627 thesauros
3225 1590 3419 1644 possu-

180 1658 299 1713 mus
330 1641 563 1710 aperire,
596 1651 651 1695 et
686 1656 753 1695 ex
783 1640 891 1713 illis
922 1638 1166 1710 accipere
1190 1638 1450 1713 quidquid
1488 1638 2017 1713 nobis-commodum
2047 1638 2260 1713 videtur
2291 1640 2357 1693 ad
2388 1638 2650 1713 aiteruam
2683 1640 2913 1696 salutem
2951 1638 3417 1713 consequendam.

178 1708 377 1768 Omnia
402 1716 545 1767 enim
581 1713 680 1767 ista
710 1710 956 1765 oratione
983 1708 1289 1766 certissime
1322 1708 1610 1779 possumus
1643 1712 1957 1780 impetrare,
1978 1719 2047 1780 tut
2078 1708 2216 1763 idem
2250 1719 2473 1765 sanctus
2497 1710 2925 1780 Chrysostomus
2956 1712 3073 1766 fuse
3099 1708 3165 1766 ac
3195 1715 3421 1779 pulchre

177 1800 242 1837 ex
272 1782 568 1850 Scripturis
590 1782 782 1851 probat
816 1782 872 1835 in
904 1782 1086 1835 aureis
1112 1783 1219 1837 illis
1253 1781 1406 1836 libris
1440 1781 1513 1835 De
1554 1783 1755 1834 orando
1787 1780 1915 1834 Deo.
1946 1779 2043 1834 llic
2076 1788 2286 1851 tantum
2316 1781 2548 1851 observa
2585 1779 2688 1833 tria
2722 1781 2788 1834 ad
2816 1781 3089 1851 orationis
3120 1783 3419 1839 elﬁcaciam

180 1849 526 1920 summopere
558 1849 886 1906 necessaria.
917 1851 1154 1922 Primum
1180 1853 1424 1915 quidem,
1457 1851 1894 1921 perturbationes
1920 1864 2179 1922 sensuum
2206 1849 2491 1922 cohibere,
2523 1866 2643 1919 qua}
2669 1852 2734 1903 ad
2756 1866 3020 1922 corporea
3048 1850 3362 1922 longissime
3388 1871 3420 1910 a

180 1918 463 1977 divinitate
489 1922 767 1985 distantia,
799 1937 898 1975 nos
929 1920 1276 1990 detorquent.
1308 1918 1639 1985 Secundum,
1673 1928 1928 1989 tanquam
1964 1918 2189 1990 nebulas
2218 1919 2286 1973 ab
2316 1918 2595 1976 intellectu
2629 1918 2900 1988 expellere
2934 1918 3180 1979 fallacias
3214 1932 3269 1979 et
3305 1941 3422 1979 ma-

179 1994 527 2048 rhinamenta
571 1992 994 2059 imaginatiouis.
1023 1988 1293 2052 Tertium.
1328 1992 1636 2045 universum
1670 1990 1966 2044 voluntatis
1996 1988 2277 2055 affectum,
2309 1991 2362 2045 in
2394 1992 2609 2048 diversa
2641 2005 2786 2046 nunc
2815 1991 2951 2047 bona
2981 1994 3332 2057 distractum,
3368 2001 3419 2050 in

179 2064 411 2133 primum
446 2064 644 2118 bonum
670 2071 785 2133 tota
820 2077 1043 2130 prorsus
1068 2064 1273 2118 amoris
1306 2062 1611 2133 intentione
1640 2070 1964 2133 convertere
1995 2077 2009 2114 :
2048 2060 2127 2133 ita
2152 2061 2297 2133 enjin
2327 2060 2511 2133 fervor
2531 2062 2876 2133 obsecrantis
2912 2063 3152 2117 animum
3192 2064 3423 2133 conjun-

179 2130 254 2200 git
280 2130 410 2200 Deo,
438 2134 577 2205 sicut
599 2131 1098 2205 SIIIJHIIII‘QIIS‘CﬂlOI‘
1120 2133 1338 2205 copulat
1364 2131 1564 2201 lignum
1590 2131 1838 2205 "ammte.
1870 2131 1984 2205 lluc
2007 2131 2180 2205 tendit
2201 2131 2575 2188 Zoroaslicum
2603 2132 2732 2189 illud
2760 2149 2774 2186 :
2809 2149 2828 2183 ι
2855 2133 2912 2188 Si
2945 2142 3179 2188 mentem
3207 2130 3419 2205 igneam

177 2205 243 2256 ad
270 2219 408 2272 opus
435 2204 650 2272 pietatis
681 2202 1001 2267 intenderis,
1034 2204 1293 2257 caducum
1322 2216 1537 2272 quoque
1566 2216 1766 2270 corpus
1794 2202 1917 2255 inde.
1948 2203 2210 2256 servabis.
2248 2221 2267 2254 ι

247 2273 386 2328 Nota
418 2275 679 2335 secundo.
711 2273 853 2342 quod
897 2272 1036 2327 Deus
1058 2274 1268 2343 quidem
1301 2289 1530 2341 praesens
1566 2274 1714 2325 adest
1752 2272 2016 2330 omnibus.
2058 2289 2160 2326 non
2202 2283 2378 2343 autem
2417 2272 2495 2325 illi
2530 2273 2723 2327 adsunt
2768 2275 2970 2327 omnia.
3008 2274 3237 2329 Etiamsi
3274 2278 3419 2331 enim

179 2343 323 2399 Deus
349 2345 604 2400 omnibus
633 2341 798 2397 rebus
823 2344 897 2413 sit
927 2341 1116 2400 intime
1145 2356 1404 2413 praesens,
1434 2357 1635 2413 easque
1663 2357 1762 2413 suo
1793 2342 2179 2413 substantilico
2211 2341 2416 2397 inlluxu
2450 2354 2643 2408 tangat
2672 2354 2726 2398 et
2756 2354 3065 2406 conservet,
3100 2345 3169 2398 ab
3197 2347 3304 2401 illis
3338 2360 3416 2401 ta-

178 2429 303 2469 men
338 2429 445 2470 non
474 2414 777 2485 attingitur.
820 2411 952 2469 Nam
980 2417 1060 2481 (ut
1095 2410 1229 2469 bene
1263 2422 1415 2468 notat
1450 2410 1668 2485 bessius
1694 2410 1841 2485 [55])
1864 2412 1938 2485 ita
1971 2427 2211 2485 praesens
2237 2422 2320 2485 est
2358 2414 2498 2485 loco,
2540 2429 2634 2485 seu
2672 2414 2832 2467 loeali
2873 2415 3160 2485 prtesentia
3193 2427 3248 2470 et
3280 2418 3422 2471 indi-

177 2486 384 2539 stantia
417 2483 639 2540 cuilibet
682 2484 778 2547 rei,
808 2493 867 2537 ut
901 2496 1079 2540 tamen
1114 2492 1322 2539 natura:
1355 2484 1525 2553 gradu
1560 2492 1615 2537 et
1644 2483 1981 2553 celsitudine
2004 2483 2213 2553 inlinite
2241 2483 2424 2547 distet,
2464 2484 2521 2553 in
2557 2484 2797 2553 seipsnm
2833 2483 3113 2548 collectus,
3142 2496 3194 2540 et
3225 2487 3420 2540 lii-mis-

176 2556 315 2610 sime
341 2555 393 2609 in
420 2569 516 2609 sua
549 2556 787 2624 puritate
822 2555 1158 2615 subsistens.
1188 2553 1257 2607 ab
1291 2550 1545 2624 omnibus
1576 2563 1910 2623 segregatus.
1944 2550 2094 2624 Unde
2128 2552 2289 2624 simul
2320 2561 2375 2608 et
2403 2550 2891 2624 coniunctissimus
2922 2561 3006 2608 est
3035 2566 3089 2608 et
3121 2558 3419 2611 remotissi-

180 2640 324 2684 mus.
354 2622 816 2693 prazseutissimus
843 2634 899 2680 et
925 2624 1352 2686 secretissimus,
1378 2622 1718 2693 inuitissimus
1742 2622 1837 2678 Seu
1863 2623 2304 2687 collectissimus,
2329 2634 2385 2677 et
2412 2622 2812 2679 diﬂ'usissimus.
2831 2624 2895 2678 Et
2921 2628 3169 2693 quamvis
3195 2627 3424 2682 iuliuitis

181 2692 363 2749 modis
385 2711 479 2765 per
510 2710 641 2750 suos
682 2694 920 2750 iulluxtts
950 2695 1016 2748 ad
1050 2704 1333 2751 creaturas
1361 2692 1677 2765 descendat,
1714 2701 1899 2765 manet
1930 2703 2111 2747 tamen
2160 2695 2211 2765 in
2254 2710 2348 2748 sua
2376 2694 2703 2765 celsitudine
2731 2704 2785 2748 ct
2827 2692 3094 2749 immobili
3138 2698 3422 2753 identitate

180 2763 451 2836 stabiliter
476 2766 636 2822 lixus.
665 2766 739 2818 Illi
768 2773 949 2819 autem
977 2781 1074 2836 per
1096 2764 1399 2821 orationem
1435 2764 1838 2834 conjungimur,
1867 2763 1993 2816 dum
2027 2780 2149 2817 eum
2181 2764 2233 2817 in
2268 2765 2431 2819 rebus
2460 2764 2713 2820 omnibus
2747 2775 3069 2834 praesentem
3103 2766 3419 2832 adoramus,

178 2846 233 2891 et
261 2837 324 2909 in
366 2835 475 2909 Deo
499 2837 751 2909 universa
784 2835 1240 2909 contemplamtir.

244 2907 455 2974 Quaerit
480 2915 665 2961 autem
695 2906 853 2960 divus
886 2903 1123 2960 Thomas
1155 2906 1208 2959 in
1253 2904 1431 2971 primo
1524 2904 1939 2968 Sententiarum,
1961 2904 2204 2961 distinct.
2231 2905 2323 2970 37,
2349 2919 2404 2974 q.
2436 2905 2489 2963 Ι.
2512 2906 2670 2963 artic.
2702 2906 2759 2972 2,
2791 2903 2885 2960 ubi
2925 2906 3066 2960 hunc
3092 2906 3267 2962 sancti
3298 2907 3420 2962 Dio-

174 2979 318 3049 nysii
351 2976 526 3049 locum
561 2978 717 3038 citat,
748 2986 929 3029 utrum
965 2977 1105 3031 Deus
1127 2977 1201 3030 sit
1222 2976 1274 3030 in
1302 2975 1560 3049 omnibus
1584 2989 1680 3049 per
1706 2986 2023 3049 potentiam,
2055 2977 2397 3049 praesentiam
2424 2985 2479 3028 et
2503 2976 2822 3049 essentiam,
2854 2976 2905 3030 iii
2935 2979 3143 3032 sanctis
3171 2992 3273 3046 per
3294 2994 3421 3049 gra-

178 3045 340 3109 tiam,
392 3048 446 3101 in
488 3046 707 3117 Christo
733 3062 830 3117 per
856 3060 996 3113 esse;
1021 3054 1078 3101 et
1109 3046 1400 3117 respondet
1436 3045 1838 3117 distinetiouetn
1862 3046 2092 3101 istorum
2125 3045 2408 3117 modorum
2447 3046 2645 3113 partim
2678 3046 2817 3100 sumi
2846 3059 2911 3099 ex
2944 3056 3099 3116 parte
3128 3045 3420 3113 creatum,

174 3120 379 3187 partim
406 3132 471 3172 ex
507 3128 659 3185 parte
693 3115 808 3170 Dei.
848 3116 922 3170 Ex
959 3127 1113 3186 parte
1136 3115 1421 3187 creaturaa,
1442 3115 1501 3187 iu
1526 3126 1789 3187 quantum
1819 3117 2034 3170 diverso
2066 3116 2535 3187 modotnrdinatur
2569 3118 2621 3170 iu
2654 3117 2844 3177 Deum,
2882 3115 3318 3186 etconjungitur
3344 3121 3420 3184 ei,

174 3185 284 3243 non
327 3188 649 3243 diversitate
690 3188 927 3241 rationis
965 3185 1209 3251 tantum,
1250 3185 1343 3240 sed
1379 3186 1544 3241 etiam
1590 3186 1827 3241 realiter.
1860 3187 1995 3243 Cum
2040 3187 2186 3241 enim
2230 3186 2371 3240 Deus
2404 3185 2457 3238 in
2496 3188 2656 3241 rebus
2682 3201 2802 3243 esse
2840 3185 3085 3249 dicatur,
3116 3189 3415 3241 secundum

174 3261 321 3326 quod
355 3258 437 3313 eis
460 3259 644 3322 aliquo
673 3257 834 3311 modo
858 3258 1188 3327 applicatur,
1221 3266 1459 3327 oportet,
1492 3265 1551 3309 ut
1583 3256 1671 3308 ubi
1701 3266 1787 3310 est
1825 3257 2074 3311 diversus
2113 3256 2515 3327 coniunctionis
2546 3257 2627 3309 vel
2667 3257 3053 3326 applicationis
3094 3258 3307 3327 modus,
3346 3260 3419 3314 ibi

171 3324 244 3383 sit
285 3329 538 3383 diversus
574 3329 765 3382 modus
790 3324 1027 3383 es-etidi.
1062 3324 1429 3397 Conjungitur
1459 3335 1640 3380 autem
1671 3336 1921 3381 creatura
1951 3327 2058 3381 Deo
2099 3328 2408 3396 tripliciter.
2442 3324 2644 3395 Primo,
2673 3324 2972 3382 secundum
3010 3326 3419 3382 similitudinem

177 3407 420 3463 tantum,
455 3399 507 3453 in
546 3410 810 3469 quantum
842 3398 1096 3452 videlicet
1131 3398 1406 3469 invenitur
1442 3397 1495 3469 in
1533 3407 1784 3469 creatura
1812 3398 1991 3469 aliqua
2021 3397 2325 3469 similitudo
2360 3398 2560 3469 divina:
2597 3397 2880 3469 bonitatis,
2920 3413 3023 3450 non
3064 3410 3247 3469 autem
3275 3402 3420 3468 quod

171 3472 413 3539 attingat
458 3466 632 3538 ipsum
675 3470 844 3524 Deum
879 3471 1178 3523 secundum
1218 3467 1601 3539 substantiam.
1644 3467 1707 3521 Et
1742 3466 2187 3539 istaconjunctio
2216 3467 2487 3522 invenitur
2516 3468 2566 3521 in
2595 3468 2849 3522 omnibus
2874 3467 3143 3522 creaturis
3178 3466 3420 3523 divinam

169 3537 491 3594 bonitatem
515 3539 952 3595 assimilantibus
983 3556 997 3592 ε
1033 3550 1198 3607 atque
1231 3539 1301 3590 ita
1334 3537 1475 3591 Deus
1498 3548 1587 3607 est
1619 3540 1671 3592 in
1700 3538 1956 3592 omnibus
1984 3553 2078 3607 per
2104 3539 2424 3600 essentiam,
2456 3539 2803 3606 praesentiam
2852 3547 2908 3592 et
2936 3539 3257 3605 potentiam.

237 3609 411 3681 356
467 3608 749 3673 Secundo,
790 3619 1038 3664 creatura
1082 3606 1301 3681 attingit
1352 3609 1417 3681 ad
1493 3606 1666 3674 ipsum
1708 3607 1895 3681 Deum
1939 3606 2103 3661 etiam
2155 3612 2449 3663 secundum
2500 3610 2881 3681 substantiam
2910 3623 3073 3681 suam
3103 3609 3419 3681 considera-

171 3678 404 3745 tuu'ife't
434 3696 540 3735 non
572 3689 781 3734 tantum
812 3682 1109 3733 secundum
1136 3678 1546 3733 similitudinem
1577 3696 1589 3732 :
1621 3689 1675 3731 et
1705 3679 1807 3731 hoc
1837 3688 1921 3749 est
1950 3694 2043 3747 per
2071 3681 2463 3748 operationem,
2489 3689 2546 3731 ut
2575 3682 2790 3749 qttaudo
2817 3679 3014 3745 aliquis
3048 3678 3150 3731 lide
3181 3681 3422 3735 adba-ret

171 3749 275 3819 ipsi
309 3750 500 3820 prima:
530 3750 764 3814 veritati,
791 3761 846 3803 et
866 3749 1132 3804 cbatitate
1161 3749 1263 3818 ipsi
1295 3762 1520 3802 summa:
1551 3749 1799 3803 bonitati.
1836 3748 1899 3802 Et
1933 3750 2007 3802 ita
2034 3764 2118 3804 εει
2147 3750 2288 3804 alms
2317 3754 2526 3813 modus,
2561 3748 2669 3819 quo
2703 3752 2843 3804 Deus
2868 3748 3225 3816 spiritualiter
3252 3760 3336 3804 est
3365 3752 3419 3805 in

167 3822 379 3876 sanctis
408 3834 505 3888 per
531 3821 782 3883 gratiam.

242 3887 455 3955 Tertio,
483 3903 732 3947 creatura
762 3891 980 3962 attingit
1008 3888 1075 3944 ad
1106 3889 1279 3960 ipsum
1308 3887 1476 3962 Deum
1500 3903 1615 3962 non
1649 3887 1822 3962 solum
1856 3890 2153 3944 secundum
2189 3889 2581 3959 operationem,
2614 3889 2706 3962 sed
2737 3891 2899 3962 etiam
2934 3890 3232 3962 secundum
3262 3903 3418 3954 esse;

169 3976 279 4016 non
314 3963 533 4031 quidem
567 3972 727 4032 prout
759 3976 881 4016 esse
908 3959 990 4016 est
1018 3959 1171 4032 actus
1198 3959 1446 4032 essentia!
1478 3960 1672 4011 divina:
1705 3960 1852 4027 (quia
1886 3971 2133 4012 creatura
2171 3976 2274 4011 non
2307 3968 2479 4027 potest
2513 3960 2747 4012 transire
2780 3960 2829 4011 in
2855 3966 3100 4011 naturam
3125 3960 3418 4032 divinam),

168 4033 266 4086 sed
299 4028 596 4086 secundum
623 4032 767 4102 quod
795 4041 879 4087 est
910 4041 1062 4102 actus
1093 4029 1399 4102 bypostasis
1426 4044 1519 4082 seu
1552 4044 1816 4096 personae,
1851 4031 1903 4084 in
1935 4034 2088 4097 cujus
2114 4045 2365 4082 unionem
2397 4037 2645 4083 creatura
2676 4038 2947 4098 assumpta
2983 4039 3084 4081 est.
3121 4028 3188 4082 Et
3225 4030 3313 4083 hic
3340 4038 3423 4084 est

168 4103 372 4157 modus
403 4116 508 4170 quo
540 4099 682 4158 Deus
708 4112 796 4156 est
821 4103 876 4157 in
904 4099 1247 4170 Christo'per
1272 4099 1526 4154 unionem
1562 4101 1979 4169 hypostatieam.
2164 4140 2167 4141 ν

243 4173 322 4226 Ex
354 4168 507 4241 parte
541 4184 717 4228 tamen
748 4173 843 4227 Dei
878 4188 981 4226 non
1016 4168 1288 4242 invenitur
1312 4168 1609 4242 diversitas
1633 4171 1731 4229 rei.
1766 4174 1861 4225 Sed
1893 4170 2122 4242 rationis
2153 4180 2389 4234 tantum,
2420 4182 2689 4242 quatenus
2724 4169 2775 4222 iu
2795 4169 2913 4238 ipso
2944 4168 3295 4242 distinguitur
3326 4184 3449 4242 εει-1

169 4237 376 4307 sentia,
408 4242 580 4298 virtus
618 4250 672 4298 et
698 4244 965 4313 operatio.
1004 4241 1248 4296 Esseutia
1290 4248 1471 4313 autem
1513 4237 1629 4307 ejus
1659 4256 1781 4294 cum
1813 4243 1883 4296 sit
1914 4240 2157 4294 absoluta
2195 4244 2263 4295 ab
2293 4237 2452 4313 omni
2472 4251 2749 4313 creatura,
2782 4237 2888 4293 non
2920 4249 3006 4313 est
3053 4237 3421 4305 iniereatura,

168 4312 275 4367 nisi
312 4314 369 4367 in
394 4323 656 4381 quantum
688 4310 991 4382 applicatur
1020 4314 1095 4366 illi
1136 4325 1231 4382 per
1259 4311 1653 4380 operationem,
1688 4320 1743 4364 et
1771 4313 2067 4367 secundum
2100 4314 2201 4366 hoc
2230 4310 2374 4380 quod
2407 4320 2668 4381 operatur
2698 4312 2871 4382 iu_re,
2903 4311 3102 4365 dicitur
3129 4326 3251 4366 esse
3279 4313 3334 4365 itt
3366 4327 3424 4367 re

169 4398 269 4451 per
299 4380 667 4451 praesentiam,
701 4380 997 4438 secundum
1031 4381 1174 4451 quod
1209 4395 1442 4450 operans
1468 4392 1694 4452 operato
1722 4382 1885 4437 debet
1908 4397 2030 4436 esse
2065 4384 2246 4452 aliquo
2274 4380 2727 4452 modopraaseus.
2763 4380 2828 4434 Et
2852 4383 2982 4451 quia
3025 4383 3272 4451 operatio
3312 4397 3437 4436 nou

172 4450 384 4509 deserit
414 4454 669 4507 virtutem
702 4454 939 4509 divinam
973 4468 1003 4505 a
1033 4450 1302 4523 quaesit,
1335 4452 1456 4523 ideo
1492 4450 1690 4506 dicitur
1713 4466 1832 4507 esse
1863 4453 1914 4506 in
1945 4468 2005 4506 re
2031 4467 2126 4521 per
2156 4450 2481 4523 potentiam.
2514 4452 2580 4507 Et
2607 4452 2736 4522 quia
2769 4450 2941 4507 virtus
2970 4450 3199 4523 estipsa
3228 4467 3421 4509 esseu-

170 4525 271 4592 tia,
303 4525 429 4579 ideo
461 4525 837 4593 consequitur,
867 4533 925 4577 ut
954 4524 1118 4593 etiam
1151 4522 1206 4576 in
1240 4536 1299 4577 re
1330 4522 1533 4593 sitpert
1550 4522 1867 4579 essentiam.

241 4595 385 4649 Nota
416 4597 609 4662 tertio,
638 4591 705 4649 ex
731 4610 797 4649 eo
828 4594 970 4662 quod
1002 4592 1294 4662 subiungat
1321 4610 1336 4648 :
1374 4591 1630 4663 Quinimo
1649 4593 1833 4663 _dicere
1873 4594 1930 4646 in
1969 4592 2213 4647 omnibus
2257 4594 2412 4648 rebus
2442 4593 2616 4663 ipsum
2656 4607 2797 4657 esse,
2825 4593 2954 4663 quid
2990 4593 3168 4646 minus
3196 4602 3271 4663 est
3303 4593 3421 4662 ejus

166 4666 461 4733 inﬁnitate,
497 4676 546 4719 et
582 4660 785 4720 excedit
819 4660 867 4717 et
913 4663 1140 4717 continet
1188 4660 1458 4728 universa,
1488 4660 1777 4733 manifeste
1807 4664 2012 4733 colligi,
2050 4665 2215 4719 Deum
2266 4681 2372 4719 non
2422 4660 2599 4720 solum
2648 4679 2770 4718 esse
2822 4660 2875 4718 in
2930 4666 3031 4718 hoc
3071 4662 3293 4726 mundo,
3324 4660 3421 4716 sed

168 4731 343 4791 etiam
364 4746 516 4790 extra
546 4736 804 4790 mundum
825 4749 921 4804 per
942 4734 1201 4787 immensa
1231 4735 1404 4804 spatia
1425 4731 1709 4804 dill‘usum;
1746 4733 1890 4787 sicut
1916 4731 2093 4787 lumen
2124 4735 2395 4803 quoddam
2430 4750 2535 4790 non
2562 4734 2734 4789 solum
2758 4744 2929 4790 totum
2959 4746 3234 4804 occupans
3259 4748 3420 4787 Inun-

167 4807 334 4876 dum,
370 4806 464 4860 sed
487 4816 796 4860 extrorsum
828 4802 882 4876 in
911 4818 1127 4858 onmem
1160 4802 1371 4876 partem
1405 4817 1464 4858 se
1502 4802 1975 4876 absquetermiuo
2003 4802 2302 4861 extendens
2333 4824 2347 4861 :
2378 4807 2521 4876 quod
2557 4808 2694 4859 bene
2735 4808 2930 4876 prohat
2967 4803 3186 4876 Lessms
3213 4802 3314 4876 lib.
3347 4818 3447 4876 ηρ,

166 4875 247 4929 De
288 4876 703 4944 perfectionibus
746 4874 957 4936 divinis,
1000 4888 1123 4943 cap.
1155 4872 1211 4929 ‘2.
1260 4892 1280 4926 ς
1319 4875 1473 4928 Sicut
1503 4873 1682 4937 enim,
1718 4874 1932 4942 inquit,
1960 4877 2245 4930 coexsistit
2275 4872 2586 4930 nou—solum
2631 4874 2903 4929 durationi
2940 4872 3283 4940 huiusmodi,
3326 4873 3422 4926 sed

166 4949 339 5001 etiam
391 4948 671 5001 immensis
711 4944 1015 5000 intervallis
1043 4959 1164 5012 quae
1203 4953 1333 4997 sunt
1358 4952 1511 4997 extra
1542 4946 1822 5011 mundum,
1855 4946 2113 5000 nimirum
2153 4946 2314 5000 simul
2340 4955 2395 5001 et
2436 4945 2604 5000 semel
2638 4947 2816 4998 o.nnia
2851 4944 3089 4999 locorum
3123 4952 3179 4996 et
3210 4951 3422 5011 tempo-

166 5032 294 5071 rum
348 5017 636 5071 intervalla
682 5030 957 5083 occupans
1004 5025 1060 5069 et
1105 5017 1416 5083 adaequatis.
1466 5012 1621 5069 Unde
1670 5015 1813 5068 sicut
1854 5026 1984 5071 ante
2024 5017 2308 5078 mundum,
2352 5017 2559 5072 nullum
2593 5024 2769 5083 potest
2801 5016 3010 5083 signari
3044 5025 3419 5079 momentum,

165 5089 527 5155 quantumvis
553 5102 583 5141 a
618 5082 886 5155 principio
915 5084 1098 5138 tuundi
1131 5082 1362 5148 distans,
1390 5086 1443 5137 in
1470 5098 1579 5153 quo
1607 5098 1712 5137 non
1741 5085 1812 5138 sit
1842 5086 2013 5152 Deus;
2047 5087 2123 5140 ita
2156 5096 2311 5142 extra
2345 5082 2604 5141 mundum
2632 5085 2833 5137 nullum
2859 5082 3042 5153 potest
3075 5082 3203 5152 tingi
3240 5086 3423 5137 animo

164 5154 434 5227 punctum
465 5154 817 5228 quantumvis
839 5156 1101 5228 a_t_nundo
1131 5165 1484 5228 remotum_et
1506 5154 1858 5228 disiunctum,
1892 5158 1978 5211 tibi
2008 5157 2318 5227 plenissime
2342 5173 2464 5212 cum
2495 5165 2606 5209 tota
2626 5170 2721 5210 sua
2755 5155 3062 5224 majestate,
3096 5157 3336 5223 potentia
3369 5164 3425 5209 et

164 5225 345 5296 gloria
380 5225 494 5282 non
520 5230 593 5283 sit
623 5226 782 5284 Deus.
822 5244 843 5278 ι
885 5225 1017 5281 Vide
1042 5226 1197 5294 plura
1227 5228 1365 5295 apud
1401 5225 1645 5281 Lessiutn
1677 5227 1795 5280 loco
1824 5225 2015 5281 citato.

243 5298 273 5369 ᾗ
316 5299 379 5352 ll.
421 5297 903 5367 Petrus,suprema
950 5297 1051 5349 ista
1098 5308 1254 5365 atque
1291 5297 1659 5364 antiquissima
1694 5299 1973 5369 sumim'tas
2020 5295 2572 5369 theologorumaNota
2612 5296 2737 5352 hinc
2770 5296 3144 5369 ﬁrmissimum
3179 5298 3421 5369 asaucti

162 5364 418 5441 Dionysii
464 5364 1217 5441 auctoritateargumentum
1259 5382 1357 5436 pro
1402 5370 1642 5441 primatu
1691 5366 1859 5441 Petri,
1892 5380 1946 5422 et
1975 5364 2382 5441 consequenter
2410 5367 2733 5441 Pontilieum
2772 5368 3137 5441 Romanorum
3178 5364 3421 5441 ejusdem

162 5434 580 5495 successorum.
613 5438 878 5492 Describit
905 5434 1085 5509 autem
1127 5438 1232 5502 hic,
1260 5434 1531 5505 quomodo
1556 5438 1791 5509 apostoli
1824 5455 1946 5493 cum
1978 5440 2100 5494 aliis
2138 5434 2441 5509 discipulis,
2477 5440 2616 5493 inter
2647 5454 2783 5508 quos
2825 5440 2937 5507 ipse
2968 5447 3255 5509 eratcum
3297 5434 3423 5488 llie-

164 5520 392 5575 totueo,
424 5508 1077 5580 interfuerinttexsequiis
1109 5509 1278 5562 beata:
1298 5509 1521 5578 virginis
1551 5507 1752 5574 Marizc,
1785 5525 2013 5580 eamque
2041 5511 2238 5566 divinis
2269 5507 2518 5565 laudibus
2547 5509 2872 5564 celebrarint
2902 5525 2916 5561 :
2956 5510 3076 5565 vide
3106 5508 3420 5571 Baronium,

166 5593 306 5638 tom.
334 5582 376 5647 Ι,
408 5582 475 5637 ad
504 5597 706 5637 annum
735 5578 934 5634 Christi
964 5582 1439 5649 quadragesimum
1479 5592 1751 5635 octavum.

236 5785 359 5854 (54)
402 5786 521 5839 Lib.
558 5794 571 5832 Ι
610 5784 680 5840 De
711 5786 911 5839 orando
949 5785 1073 5839 Deo.

236 5859 356 5928 (5.3)
387 5857 503 5912 Lib.
538 5865 574 5906 lt
595 5858 671 5915 De
716 5857 1125 5930 perfectionibus
1157 5858 1377 5926 divinis,
1410 5874 1465 5915 c.
1490 5856 1541 5911 5.
