3742 6304
279 380 379 436 687

1461 356 1519 410 S.
1566 347 1869 407 DIONYSII
1904 337 2375 401 AREOPAGITIE

3460 322 3571 379 688

1377 476 1865 547 PARAPHRASIS
1925 472 2383 534 PACIIYMERXE
2420 470 2553 536 ἔδω.

356 658 383 729 §
425 656 460 709 Ι.
504 651 778 713 Primum,
808 644 853 699 si
880 642 1077 713 placet,
1105 637 1156 692 id
1181 636 1324 706 quod
1353 634 1607 688 universa
1634 626 1724 681 Dei
1760 626 1856 679 be-
1889 627 1919 683 Α

2053 617 2063 685 ᾖ
2101 616 2140 667 l.
2186 612 2430 685 Πρῶτον,
2465 610 2514 663 εἰ
2541 609 2706 670 δοκεῖ,
2731 605 2829 677 τὴν
2858 598 3254 676 ὲκφαντορικὴν
3280 596 3393 649 τῶν
3428 593 3576 647 ὅλων

2053 710 2056 717 '
2092 706 2223 729 nu?»
2265 702 2594 729 --νν---ρ--ητηι
2662 699 2897 729 annua...
2933 699 3032 729 ..ιη
3064 694 3157 729 ..ηπ
3197 688 3411 729 ἀνηξιηῇ
3449 689 3576 729 θη,-

282 751 473 808 ttelicia
524 739 857 803 manifestat,
905 734 1116 792 scilicet
1156 727 1285 785 boni
1328 738 1551 786 nomen,
1582 718 1862 789 expenda-

282 856 428 906 mus,
479 839 730 892 invocata
777 837 965 886 sancta
1013 823 1301 885 Trinitate,
1344 832 1465 888 qua:
1509 813 1688 870 omnis
1734 808 1861 866 boni

281 934 607 1007 principium.
635 934 743 995 est,
772 933 827 981 et
851 935 1039 978 omnes
1067 932 1193 971 suas
1222 911 1590 985 providentias
1628 905 1867 974 benigne

277 1000 565 1100 explanat.
602 1022 834 1093 Oportet
856 1017 1038 1087 itaque
1068 1027 1167 1068 nos
1195 1005 1537 1065 orationibus
1574 1000 1863 1059 adductos,

278 1086 367 1177 vel
394 1118 579 1191 potius
602 1086 1123 1184 appropinquantes,
1169 1101 1323 1170 juxta
1375 1093 1503 1151 illud
1557 1110 1571 1145 :
1619 1086 1866 1142 Accedite

278 1216 348 1269 ad
407 1216 510 1275 me,
556 1218 604 1263 et
655 1219 748 1275 ego
794 1198 1042 1253 accedam
1089 1193 1157 1247 ad
1210 1209 1323 1253 vos,
1384 1189 1517 1243 dicit
1573 1182 1869 1241 Dominus.

279 1303 495 1361 edoceri
529 1299 647 1369 ejus
682 1307 933 1354 munera,
975 1286 1059 1342 vel
1082 1284 1259 1356 potius
1293 1278 1404 1350 pati
1446 1273 1618 1345 magis
1656 1271 1866 1325 cadum

280 1367 573 1456 discimus;
594 1387 800 1445 etenim
827 1383 945 1453 ipsa
986 1377 1204 1448 quidem
1235 1374 1393 1428 adest
1423 1367 1680 1424 omnibus
1700 1404 1718 1430 ,
1761 1376 1866 1417 non

282 1498 463 1543 autem
488 1484 590 1555 ipsi
609 1482 807 1535 adsunt
822 1474 1026 1535 omnia,
1048 1477 1384 1540 quaecunque
1416 1458 1667 1514 videlicet
1689 1469 1869 1509 rerum

284 1591 629 1636 terrenarum
657 1569 944 1629 affectione
967 1573 1023 1621 et
1045 1559 1432 1631 cogitationum
1460 1547 1873 1622 perturbatione

283 1671 473 1743 procul
516 1666 809 1727 recedunt;
843 1656 1060 1731 quando
1095 1667 1227 1710 vero
1270 1646 1587 1719 precatione
1617 1649 1673 1697 et
1722 1650 1874 1694 trau-

283 1761 451 1833 quilla
483 1766 666 1815 mente
698 1752 876 1810 idonei
907 1748 1192 1807 evadimus
1221 1744 1287 1797 ad
1318 1740 1559 1795 divinam
1590 1733 1871 1790 unionem.

287 1867 419 1912 tunc
468 1851 631 1908 etiam
685 1861 785 1903 nos
833 1844 936 1916 ipsi
981 1840 1261 1896 adsumus.
1300 1830 1645 1891 Conﬁrmans
1693 1831 1874 1879 autem

287 1949 461 2019 ipsam
484 1941 740 2000 omnibus
758 1914 973 2000 adesse,
991 1935 1106 1988 ait:
1130 1930 1248 2000 lpsa
1270 1926 1416 1981 enim
1441 1935 1540 1978 nec
1568 1920 1623 1974 in
1659 1916 1778 1972 loco
1801 1914 1873 1968 ita

286 2050 392 2104 est,
423 2048 483 2094 ut
524 2047 751 2105 usquam
785 2029 954 2090 absit,
983 2026 1069 2079 vel
1109 2038 1177 2078 ex
1222 2020 1348 2076 aliis
1392 2016 1456 2071 ad
1501 2013 1609 2069 alia
1655 2010 1875 2078 migret.

288 2133 419 2201 Qua:
442 2127 586 2185 enim
611 2127 665 2180 in
692 2124 807 2178 loco
828 2117 989 2192 357
1005 2124 1150 2180 sunt,
1170 2110 1542 2171 continentur;
1559 2103 1713 2157 locus
1733 2094 1876 2152 enim

289 2221 557 2279 terminus
591 2225 675 2272 est
718 2189 1014 2283 ejuquuod
1061 2204 1304 2260 continet
1342 2204 1675 2255 contentum.
1710 2189 1879 2258 Quin-

289 2314 403 2370 imo
449 2312 634 2366 dicere
684 2306 739 2360 in
767 2303 1023 2359 omnibus
1056 2299 1220 2354 rebus
1257 2294 1434 2364 ipsam
1479 2302 1622 2350 esse,
1654 2283 1878 2339 multum

292 2403 476 2461 deﬁcit
524 2400 592 2455 ab
624 2398 745 2468 ejus
784 2393 1056 2449 inﬁnitate
1082 2402 1190 2459 qua
1227 2392 1426 2441 cuncta
1468 2376 1877 2450 complectitur;

294 2512 400 2551 non
431 2494 575 2549 enim
609 2499 820 2547 tantum
850 2495 934 2542 est
965 2484 1016 2541 in
1041 2479 1318 2543 omnibus,
1342 2489 1529 2530 verum
1558 2471 1723 2528 etiam
1749 2482 1881 2522 con-

295 2591 433 2644 tinet
454 2585 748 2647 universa;
778 2590 953 2647 neque
983 2581 1193 2629 tantum
1215 2567 1477 2633 continet,
1500 2576 1690 2617 verum
1718 2559 1881 2613 etiam

295 2681 634 2753 complexum
670 2688 888 2739 omnem
926 2667 1201 2726 inﬁnitum
1234 2662 1469 2720 excedit.
1504 2657 1885 2714 lncumbamus

297 2780 485 2847 itaque
534 2770 895 2829 orationibus.
936 2777 1043 2820 non
1090 2769 1151 2816 ut
1194 2759 1364 2815 Deum
1406 2754 1761 2815 deducamus,
1790 2748 1883 2803 sed

297 2881 358 2926 ut
388 2839 493 2942 ipsi
520 2867 702 2939 potius
733 2862 799 2920 ad
835 2861 1003 2916 Deum
1037 2855 1389 2910 adducantur.
1424 2847 1490 2903 Et
1526 2844 1744 2901 adducit
1770 2839 1883 2909 pri-

298 2971 448 3023 mum
494 2957 802 3029 exemplum
852 2950 1055 3025 gentile
1106 2962 1174 3004 ex
1212 2946 1481 3027 llotnero;
1514 2934 1887 3011 pulcherrime

303 3066 484 3114 autem
532 3053 586 3108 id
638 3021 801 3106 rebus
848 3021 1049 3103 divinis
1077 3021 1488 3096 accommodat;
1543 3028 1711 3085 tradit
1741 3024 1885 3111 enim

1965 710 2059 764 τοῦ
2092 706 2226 763 Θεοῦ
2260 702 2617 777 εὐεργεσιῶν,
2660 699 2903 773 δηλονότι
2933 699 3032 767 τὴν
3064 694 3157 749 τοῦ
3197 688 3411 761 ἀγαθοῦ
3449 689 3577 741 ὀνο-

1969 802 2203 873 μασίαν,
2239 792 2687 865 ἐπισκεψώμεθα,
2721 791 2821 862 τὴν
2854 788 3091 860 ὰρχικὴν
3134 785 3314 854 πάσης
3364 780 3567 847 ἁγαθό-

1965 868 2128 964 τητος
2153 888 2315 959 ἁγίαν
2341 884 2569 958 Τριάδα,
2604 883 2706 955 τὴν
2732 879 2913 945 πάσας
2944 877 3044 941 τὰς
3075 873 3330 949 προνοίας
3364 868 3578 937 ἑαυτῆς

1967 982 2186 1052 άγαθῶς
2247 977 2611 1047 ἐκφαίνουσαν
2668 970 3141 1040 ἐπικαλεσάμενοι.
3195 963 3317 1036 Χρὴ
3386 963 3580 1014 τοίνυν

1968 1050 2139 1144 ἡμᾶς,
2174 1070 2295 1132 ταῖς
2329 1067 2518 1136 εὐχαῖς
2560 1062 2998 1136 προαγομένους,
3037 1058 3134 1111 καὶ
3179 1054 3383 1127 μᾶλλον
3435 1050 3581 1119 πλη-

1972 1139 2276 1229 σιάζοντας,
2309 1158 2451 1213 κατὰ
2482 1157 2572 1210 τό’
2613 1156 2924 1225 Ἑγγίσατε
2955 1148 3105 1219 πρὸς
3135 1147 3235 1218 μὲ,
3267 1145 3368 1199 καὶ
3394 1139 3582 1211 ἐγγιῶ

1970 1257 2120 1326 πρὸς
2151 1253 2331 1324 ἡμᾶς,
2352 1250 2517 1321 Λέγει
2534 1252 2779 1319 Κύριος,
2819 1241 3071 1316 μυεῖσθαι
3101 1238 3201 1303 τὰς
3236 1238 3368 1308 περὶ
3400 1232 3579 1304 αὐτὴν

1970 1348 2200 1421 δωρεὰς,
2226 1348 2283 1399 ἐν
2315 1344 2395 1415 τῷ
2437 1341 2670 1412 πάσχειν
2705 1338 2905 1409 μᾶλλον
2932 1334 3121 1398 αὐτὰς,
3153 1334 3189 1404 ἢ
3223 1333 3283 1385 ἐν
3313 1329 3395 1400 τῷ
3438 1345 3581 1399 μαν-

1973 1420 2152 1496 θάνειν
2176 1455 2190 1469 ⁸
2234 1436 2329 1490 καὶ
2365 1435 2473 1507 γὰρ
2504 1433 2641 1502 αὐτὴ
2673 1430 2772 1502 μὲν
2810 1431 2947 1483 πᾶσι
2984 1426 3266 1498 πάρεστιν,
3302 1423 3367 1475 οὐ
3392 1420 3583 1474 πάντα

1972 1536 2029 1589 δὲ
2077 1533 2251 1607 ταύτῃ
2288 1531 2574 1600 πάρεστιν,
2624 1526 2723 1579 ὅσα
2764 1521 2964 1595 δηλαδὴ
3004 1521 3062 1573 ἐν
3106 1521 3173 1590 τῇ
3210 1517 3321 1570 τῶν
3366 1517 3581 1585 γηΐνων

1974 1626 2083 1693 ἕξει
2115 1624 2210 1680 καὶ
2241 1624 2308 1694 τῇ
2341 1621 2449 1674 τῶν
2481 1616 2757 1688 λογισμῶν
2791 1612 3117 1669 ἐπιθολώσει
3152 1608 3583 1680 ἁπομακρύνον-

1974 1738 2100 1776 ται·
2135 1721 2225 1773 ὅτε
2252 1719 2310 1772 δὲ
2339 1718 2406 1771 δι’
2429 1715 2597 1787 εὐχῆς
2624 1714 2720 1767 καὶ
2750 1712 2828 1785 νῷ
2859 1707 3239 1778 ἀνεπιθολώτῳ
3275 1704 3583 1774 ἐπιτήδειοι

1976 1814 2236 1886 γινόμεθα
2268 1812 2405 1884 πρὸς
2436 1811 2535 1882 τὴν
2567 1807 2715 1862 θείαν
2746 1806 2963 1869 ἕνωσιν,
2998 1803 3121 1856 τότε
3154 1801 3455 1871 πάρεσμεν
3488 1797 3585 1849 καὶ

1977 1911 2139 1980 ἡμεῖς
2161 1908 2321 1977 αὐτῇ.
2356 1899 2797 1965 Κατασκευάζων
2828 1900 2885 1953 δὲ
2912 1897 2993 1963 τὸ,
3027 1898 3110 1951 ὅτι
3145 1896 3276 1950 πᾶσι
3316 1892 3582 1963 πάρεστι,

1907 1974 1948 2029 Β
1980 1974 2177 2075 {nan-
2349 1999 2451 2052 οὐκ
2483 1998 2541 2050 ἐν
2584 1995 2735 2067 τόπῳ
2766 1993 2935 2055 ἐστὶν,
2972 1992 3058 2043 ἵνα
3103 1988 3201 2041 καὶ
3245 1988 3363 2058 ἀπῇ
3406 2001 3582 2047 τινος.

1979 2094 2013 2164 ἢ
2035 2092 2117 2155 είς
2148 2091 2310 2162 ἕτερα
2343 2088 2402 2154 ἐξ
2433 2087 2607 2142 ἄλλων
2643 2085 2907 2157 μεταστῇ.
2933 2081 3017 2136 Τὰ
3041 2080 3152 2152 γὰρ
3184 2079 3243 2132 ἐν
3274 2078 3454 2148 τόπῳ,
3483 2093 3582 2128 πε-

1982 2186 2252 2258 ριέχονται
2274 2199 2288 2213 ο
2325 2182 2422 2236 καὶ
2453 2180 2618 2242 τόπος
2652 2178 2770 2230 ἐστὶ
2803 2176 2977 2247 πέρας
3008 2173 3103 2227 τοῦ
3132 2171 3492 2242 περιέχοντος
3523 2168 3584 2221 τὸ

1981 2279 2391 2352 περιεχόμενον.
2441 2273 2600 2328 Ἀλλὰ
2646 2271 2744 2326 καὶ⁹
2786 2269 2947 2323 τοῦτο
2992 2268 3054 2322 τὸ
3101 2267 3282 2335 λέγειν
3322 2264 3385 2317 ἐν
3413 2265 3584 2316 πᾶσιν

1983 2369 2121 2427 εἶναι
2172 2370 2374 2442 αὐτὴν,
2427 2367 2563 2441 πρὸς
2616 2365 2677 2419 τὸ
2730 2359 3124 2435 περιληπτικδν
3177 2358 3278 2429 τῆς
3324 2354 3584 2425 ἀπειρίας

1983 2468 2198 2538 ἐκείνης
2249 2465 2386 2519 πολύ
2436 2460 2813 2518 ἀπολείπεται.
2862 2456 2998 2512 Οὐδὲ
3044 2452 3154 2524 γὰρ
3187 2450 3350 2523 μόνον
3385 2449 3446 2501 ἐν
3480 2448 3585 2499 πᾶ-

1986 2560 2070 2613 σίν
2103 2561 2272 2621 ἐστιν,
2307 2554 2446 2609 ἀλλὰ
2474 2553 2569 2608 καὶ
2603 2553 2783 2607 πάντα
2799 2546 3194 2621 περιλαμϐάνει
3214 2583 3227 2596 .
3263 2543 3377 2595 Καὶ
3400 2541 3461 2593 οὐ
3492 2539 3587 2609 μό-

1985 2669 2075 2706 νον
2108 2647 2529 2722 περιλαμδάνει,
2566 2644 2701 2700 ἀλλὰ
2734 2644 2829 2697 καὶ
2859 2643 2920 2695 τὸ
2952 2641 3054 2712 τῆς
3084 2634 3431 2709 περιλήψεως
3460 2632 3586 2686 ἐπέ-

1988 2761 2143 2798 κεινα
2185 2740 2411 2813 ἄπειρόν
2458 2741 2594 2794 ἐστι.
2643 2738 2837 2791 Τοίνυν
2887 2733 2982 2788 καὶ
3032 2728 3420 2799 ὰνανεύσωμεν
3468 2726 3586 2787 tui;

1988 2836 2195 2906 εὐχαῖς,
2227 2834 2326 2903 οὐχ
2357 2832 2446 2885 ἵνα
2470 2831 2531 2885 τὸ
2563 2831 2718 2883 Θεῖον
2746 2827 3091 2897 κατάξωμεν,
3118 2820 3231 2876 ἀλλ’
3265 2820 3358 2875 ἵνα
3388 2817 3586 2890 μᾶλλον

1989 2927 2126 2999 πρὸς
2158 2925 2291 2979 αὐτὸ
2323 2922 2666 2996 ἀναχθῶμεν.
2701 2921 2813 2974 Καὶ
2856 2916 3125 2990 λαμϐάνει
3151 2913 3373 2985 πρῶτον
3407 2909 3588 2981 παρά-

1990 3020 2187 3089 δειγμα
2231 3015 2539 3080 Ἑλληνικὸν
2575 3016 2639 3067 ἐκ
2674 3012 2769 3067 τοῦ
2821 3011 3083 3084 Ὀμήρου,
3116 3002 3499 3079 προσαρμόζει
3537 3001 3589 3054 δὲ

1991 3111 2150 3165 τοῦτο
2171 3112 2284 3172 τοῖς
2299 3108 2463 3172 θείους
2488 3105 2867 3175 παγκάλλιστα
2890 3120 2903 3134 ·
2926 3102 3074 3170 λέγει
3090 3100 3200 3170 γὰρ
3222 3100 3454 3160 ἐκεῖνος,
3476 3111 3591 3148 acto

306 3282 433 3311 νιου
467 3282 657 3294 ἰ’-*νην-
687 3282 764 3288 --ν
810 3282 821 3284 ν
1109 3282 1118 3287 -
1171 3282 1185 3291 .

306 3350 337 3388 a
375 3344 522 3389 terra
557 3328 804 3388 elevans,
847 3320 1075 3374 alternis
1109 3314 1327 3385 quidem
1370 3302 1892 3380 apprehensionibus

2053 3317 2095 3370 ις
2130 3296 2319 3369 σειρᾶς
2351 3294 2494 3349 οὕτω
2526 3291 2898 3363 διακειμένης,
2934 3289 2963 3342 ὁ
2996 3286 3135 3340 κατὰ
3174 3284 3370 3356 μικρὸν
3400 3282 3589 3336 ἑαυτὸν

306 3426 522 3481 videtur
549 3419 696 3475 illam
742 3420 993 3469 catenam
1028 3409 1093 3459 ad
1132 3418 1192 3459 se
1225 3402 1469 3465 trahere,
1497 3398 1612 3466 ipse
1643 3409 1774 3451 vero
1799 3406 1894 3463 po-

308 3515 418 3570 tius
462 3511 516 3566 in
570 3506 739 3562 altum
788 3498 1000 3557 tollitur
1031 3493 1236 3549 sensim
1267 3487 1616 3546 ascendendo
1644 3496 1661 3539 z
1694 3484 1775 3538 sic
1801 3480 1893 3550 qui

311 3610 526 3663 intense
576 3610 720 3665 orat,
764 3612 860 3665 per
888 3607 1074 3664 opera,
1108 3603 1227 3658 qua:
1258 3597 1451 3640 manus
1480 3590 1661 3642 vocat,
1695 3574 1896 3630 sensim

312 3712 370 3756 et
413 3692 693 3768 operando
720 3701 774 3746 et
814 3684 1088 3757 precando
1113 3690 1348 3735 mentem
1382 3688 1536 3730 suam
1567 3669 1804 3740 applicat
1832 3668 1898 3721 ad

315 3792 507 3848 Deum.
559 3786 657 3841 Sin
702 3796 835 3838 vero
866 3792 1080 3840 manus,
1110 3773 1221 3844 jam
1273 3770 1325 3823 in
1377 3767 1545 3821 altum
1598 3759 1838 3821 adducti,
1868 3773 1897 3811 a

314 3894 506 3943 catena
542 3878 828 3937 solvimus.
864 3888 931 3928 cx
964 3868 1074 3925 alto
1104 3863 1438 3927 decidimus;
1474 3872 1597 3913 nam
1645 3856 1770 3908 dum
1802 3850 1901 3903 ad-

318 3980 589 4036 ducimur,
621 3972 788 4027 etiam
824 3968 935 4023 Deo
963 3962 1243 4018 adhaerere
1284 3954 1569 4011 debemus.
1603 3944 1793 4004 Simile
1821 3949 1904 3998 est.

319 4072 375 4127 in
404 4066 551 4132 navi,
585 4071 644 4117 ut
692 4067 1093 4131 cognoscamus
1145 4056 1383 4104 mentem
1426 4051 1671 4097 nostram
1709 4049 1901 4091 navem

321 4174 462 4227 esse,
515 4170 637 4228 quae
676 4154 801 4206 vita:
848 4146 1009 4218 hujus
1053 4141 1233 4197 ventis
1284 4137 1554 4208 agitatur;
1589 4145 1741 4184 mare
1770 4139 1905 4182 vero

324 4225 469 4307 hanc
505 4225 673 4300 vitam
704 4242 888 4297 multis
918 4232 1335 4304 tempestatibus
1381 4225 1665 4288 refertam,
1694 4233 1903 4289 petram

324 4356 455 4397 vero
494 4339 797 4402 Christum,
842 4345 1007 4401 quem
1036 4328 1164 4382 dttm
1195 4317 1682 4394 apprehendimus,
1716 4318 1908 4369 incon-

326 4435 469 4491 cussi
517 4438 926 4503 permanemus,
956 4419 1025 4475 ad
1068 4418 1243 4488 ipsum
1289 4423 1401 4468 tam
1438 4412 1604 4465 vitam
1637 4422 1797 4480 quam
1825 4406 1908 4458 vi-

328 4524 489 4582 vendi
536 4521 801 4577 rationem
842 4513 1163 4585 dirigentes.
1196 4507 1542 4577 Quapropter
1579 4510 1705 4558 ante
1747 4513 1909 4555 omne

328 4631 487 4687 opus,
518 4609 816 4686 praesertim
849 4613 977 4661 ante
1008 4614 1222 4658 omnem
1253 4598 1320 4654 de
1346 4596 1457 4651 Deo
1484 4606 1814 4655 sermonem,
1842 4591 1921 4644 ab.

1994 3392 2094 3454 τῆς
2122 3390 2226 3463 γῆς
2257 3388 2552 3458 κουφίζων,
2585 3386 2697 3439 είτε
2737 3386 2860 3446 ταῖς
2901 3380 3216 3453 ἀμοιϐαίαις
3252 3376 3587 3448 ὲπιδράξεσι,

1996 3483 2147 3536 δοκεῖ
2176 3481 2274 3552 μὲν
2298 3478 2582 3534 καθέλκειν
2610 3476 2710 3548 τὴν
2735 3477 2942 3546 σειρὰν,
2967 3472 3129 3535 αὐτὸς
3151 3470 3208 3524 δὲ
3234 3468 3436 3541 μᾶλλον
3459 3468 3589 3540 πρὸς

2000 3577 2131 3648 ὕψος
2165 3574 2376 3644 αἴρεται
2412 3574 2479 3644 τῇ
2512 3569 2653 3625 κατὰ
2703 3568 2895 3640 μικρὸν
2934 3564 3195 3621 ἀναϐάσει
3219 3581 3230 3592 '
3261 3562 3406 3616 obrui
3448 3561 3590 3615 καὶὸ

1999 3668 2233 3732 ἐκτενῶς
2272 3664 2710 3738 προσευχόμενος
2743 3660 2830 3716 διὰ
2860 3660 2971 3713 τῶν
2997 3657 3271 3731 πράξεων,
3305 3655 3372 3720 ἃς
3408 3658 3588 3729 χεῖρας

2002 3761 2176 3824 καλεῖ,
2202 3763 2267 3832 τῇ
2294 3758 2434 3813 κατὰ
2464 3758 2657 3841 μικρὸν
2681 3756 2910 3830 ἐργασίᾳ
2936 3754 3031 3807 καὶ
3054 3754 3331 3825 προσευχῇ
3356 3752 3452 3805 τὸν
3473 3750 3589 3804 νοῦν

2003 3851 2169 3907 αὐτοῦ
2197 3850 2519 3919 ἁναλέγεται
2552 3839 2689 3921 πρὸς
2717 3845 2869 3900 Θεόν.
2911 3843 3040 3898 Ἐὰν
3070 3843 3127 3896 δέ
3151 3841 3250 3905 τὰς
3278 3842 3469 3911 χεῖρας
3499 3839 3590 3911 τῆς

2004 3945 2191 4014 σειρᾶς
2216 3936 2953 4010 ἁπολύσωμενάναγόμενοι,
2985 3936 3258 4003 πίπτομεν
3295 3932 3354 3998 ἐξ
3393 3930 3587 4000 ὕψουςο

2005 4039 2059 4089 ἐν
2084 4035 2193 4108 γὰρ
2213 4033 2291 4105 τῷ
2311 4030 2607 4103 ἀνάγεσθαι
2636 4030 2731 4083 καλ⁸
2751 4027 2846 4083 τοῦ
2877 4027 3013 4082 Θεοῦ
3036 4025 3328 4097 ὀφείλομεν
3356 4023 3588 4095 ἔχεσθαι.

2005 4130 2079 4183 Τὸ
2112 4128 2244 4182 αὐτὸ
2271 4127 2364 4181 καὶ
2397 4125 2524 4197 περὶ
2561 4124 2660 4196 τῆς
2696 4122 2844 4194 νηὸς,
2876 4122 2966 4175 ἴνα
2996 4120 3278 4191 νοήσωμεν
3323 4116 3460 4171 ναῦν
3498 4116 3589 4187 τὴν

2006 4223 2162 4295 ἡμῶν
2201 4222 2456 4282 διάνοιαν,
2505 4215 2860 4289 ριπιζομένην
2898 4216 3011 4278 τοῖς
3049 4212 3143 4267 τοῦ
3186 4210 3305 4284 βίου
3335 4209 3553 4281 ἀνέμοις
3575 4224 3587 4239 ο

2009 4315 2282 4369 θάλασσαν
2326 4312 2384 4365 δὲ
2418 4310 2514 4364 τὸν
2555 4309 2669 4381 βίον
2707 4308 2868 4363 αὐτὸν
2898 4307 3137 4378 γέμοντα
3165 4304 3379 4358 πολλῶν
3402 4300 3591 4375 χειμὼ-

2008 4424 2113 4462 νων
2136 4425 2149 4438 ·
2178 4406 2382 4478 πέτραν
2404 4404 2460 4457 δὲ
2487 4401 2578 4455 τὸν
2602 4394 2859 4473 Χριστὸν,
2883 4399 2942 4452 ὃν
2964 4398 3289 4472 κρατοῦντες
3315 4396 3589 4451 ἁσάλευτοι

2008 4497 2333 4570 διαμένομεν
2351 4536 2366 4559 ,
2408 4493 2545 4565 πρὸς
2576 4491 2736 4545 αὐτὸν
2769 4490 2859 4544 τὸν
2889 4490 3001 4561 βίον
3023 4489 3182 4562 ἡμῶν
3208 4488 3353 4543 κατὰ
3378 4487 3476 4558 τὴν
3502 4502 3589 4537 πο-

2010 4586 2213 4641 λιτείαν
2260 4582 2530 4645 ἕλκοντες.
2574 4579 2665 4633 Διὸ
2713 4580 2805 4633 καὶ
2858 4580 2965 4651 πρὸ
3009 4579 3209 4642 παντὸς
3254 4579 3589 4651 πράγματος,

329 4710 582 4765 oratione
609 4696 977 4759 inchoandum
1003 4702 1107 4758 est,
1140 4705 1248 4746 non
1273 4697 1329 4743 ut
1361 4686 1427 4741 ad
1454 4698 1550 4739 nos
1575 4681 1913 4737 attrahamus

2053 4678 2219 4733 ,ἄλλον
2259 4675 2317 4730 δέ
2356 4674 2456 4745 τῆς
2482 4672 2777 4757 θεολογίας,
2807 4671 2886 4725 δεῖ
2925 4670 3265 4744 ἀπάρχεσθαι
3285 4670 3387 4741 τῆς
3418 4667 3589 4739 εὐχῆς,

333 4804 593 4858 virtutem
644 4795 821 4859 illam,
851 4803 975 4862 qua:
1006 4787 1208 4856 ubique
1255 4791 1312 4837 et
1359 4793 1628 4850 nusquam
1669 4786 1913 4849 prmsens

336 4906 421 4952 est
477 4892 654 4964 (adest
692 4887 837 4943 enim
886 4880 1106 4949 ubique,
1158 4875 1285 4947 quia
1328 4879 1583 4944 penetrat
1634 4868 1910 4931 universa,

339 4995 602 5051 nusquam
648 4991 778 5031 vero
821 4971 994 5035 adest,
1027 4964 1283 5038 quoniam
1329 4962 1511 5018 nuiltts
1543 4962 1690 5017 locus
1719 4958 1916 5029 dignus

339 5083 425 5129 cst
459 5050 577 5143 ejus
615 5066 902 5137 requiete),
936 5061 1027 5118 sed
1066 5068 1125 5114 ut
1154 5073 1252 5114 nos
1288 5054 1391 5127 ipsi
1420 5054 1742 5116 excitemus,
1776 5050 1917 5105 Deo-

344 5180 448 5238 que
505 5160 896 5232 conjungamus
953 5154 1154 5214 divinis
1206 5144 1817 5208 commemorationibus
1862 5154 1917 5197 et

342 5253 801 5316 invocationibus.

416 5349 445 5421 ς
490 5347 555 5402 ll.
606 5347 786 5416 Atque
831 5342 921 5397 hic
972 5340 1207 5394 fortasse
1250 5334 1409 5392 nobis
1457 5330 1729 5387 reddenda
1782 5327 1919 5381 ratio

346 5419 438 5504 sit,
465 5456 583 5505 cur,
613 5454 736 5493 cum
768 5434 1000 5506 inclytus
1031 5429 1360 5485 llierotheus
1394 5424 1690 5493 theologica
1721 5419 1922 5492 princi-

348 5536 434 5603 pia
479 5531 781 5601 collegerit,
826 5543 946 5593 nos,
995 5526 1150 5597 quasi
1206 5523 1292 5577 illa
1350 5536 1463 5576 non
1489 5516 1817 5578 suﬁicerent,
1847 5514 1921 5568 uti

349 5629 451 5682 alia
502 5626 797 5695 opuscula,
843 5623 923 5677 sic
968 5630 1023 5674 et
1069 5626 1391 5688 praesentem
1438 5615 1580 5667 hunc
1632 5617 1920 5663 tractatum

2015 4773 2113 4843 οὐχ
2157 4770 2246 4825 ἵνα
2286 4764 2641 4839 ἐφελξώμεθα
2679 4766 2778 4837 τὴν
2819 4763 3132 4835 ἁπανταχοῦ
3186 4762 3471 4836 παροῦσαν
3511 4759 3592 4815 καὶ

2016 4858 2255 4934 οὐδαμοῦ
2293 4859 2542 4931 δύναμιν,
2576 4857 2831 4931 (πάρεστι
2864 4856 2973 4929 γὰρ
3009 4853 3310 4927 πανταχοῦ,
3348 4857 3435 4909 ὅτι
3474 4855 3591 4907 πᾶσι

2016 4956 2210 5027 διήκει,
2242 4951 2478 5025 οὐδαμοῦ
2508 4951 2585 5015 δὲ,
2617 4951 2703 5004 ὅτι
2729 4950 2902 5015 οὐδεὶς
2931 4949 3081 5017 ἄξιος
3116 4949 3279 5013 τόπος
3310 4949 3414 5020 τῆς
3437 4962 3590 5001 wa-

2022 5048 2273 5112 παύσεως
2304 5045 2469 5101 αὐτοῦ
2561 5044 2675 5099 ἀλλ’
2712 5045 2797 5097 ἵνα
2840 5043 3233 5116 ἐγχειρίσωμεν
3262 5042 3488 5105 ἑαυτοὺς
3512 5039 3591 5094 καὶ

2020 5143 2098 5213 τῷ
2138 5142 2278 5213 Θείῳ
2313 5140 2604 5211 ἐνώσωμεν
2637 5140 2755 5204 ταῖς
2785 5137 2957 5202 θείαις
2986 5138 3226 5209 μνήμαις
3255 5136 3352 5190 καὶ
3379 5132 3589 5204 ἐπικλή-

2024 5254 2163 5289 σεσι.
2616 5242 2619 5245 ’

2095 5330 2205 5401 §II.
2228 5330 2335 5382 Καὶ
2355 5326 2513 5382 τοῦτο
2528 5327 2572 5381 δ’
2595 5326 2724 5392 ἴσως
2745 5322 3143 5396 ἀπολογοῦμεν,
3169 5322 3252 5375 ὅτι
3277 5320 3372 5376 τοῦ
3396 5317 3585 5375 κλεινοῦ

2037 5423 2298 5495 Ἰεροθέου
2315 5422 2413 5487 τὰς
2434 5418 2753 5489 θεολογικὰς
2796 5415 3161 5488 στοιχειώσεις
3188 5414 3584 5483 συναγαγόντος,

2025 5516 2188 5587 ἡμεῖς
2220 5514 2278 5567 δὲ
2307 5508 2769 5583 συνεγραψάμεθα
2797 5507 2963 5571 ἄλλας
2990 5523 3049 5559 τε
3078 5506 3479 5576 πραγματείας,
3507 5497 3587 5553 καὶ

2027 5606 2229 5675 ταύτην
2268 5603 2367 5676 τὴν
2396 5600 2693 5671 θεολογίαν,
2718 5599 2793 5664 ὡς
2818 5598 2916 5670 οὐχ
2945 5594 3144 5650 ἱκανῶν
3174 5595 3397 5649 ἐκείνων
3414 5592 3579 5647 ὄντων.

426 5808 535 5877 (36)
576 5805 707 5861 Vide
749 5801 969 5859 Scholia
1001 5799 1057 5857 S.
1095 5797 1342 5863 Maximi,
1378 5804 1509 5850 tom.
1544 5790 1608 5859 ll,
1636 5806 1757 5862 cap.
1793 5789 1826 5844 ’5
1864 5787 1939 5845 De
1977 5782 2177 5843 divinis
2221 5783 2538 5839 nominibus.
