3752 6292
186 264 292 324 689

790 262 878 318 DE
906 262 1161 320 DlV'lNlS
1200 259 1602 324 NOMINIBUS,
1637 258 1794 317 CAP.
1821 259 1906 315 111.
1943 291 2011 302 -
2047 259 2398 316 PARAPHR.
2436 258 2909 317 PACHYMER.’E.

3351 243 3458 304 6θο

186 377 295 430 Καὶ
319 377 431 448 γάρ
457 376 620 450 εἴπερ
649 376 855 440 ἐκεῖνος
878 376 1006 450 περὶ
1032 375 1237 430 τούτων
1258 374 1668 448 λεπτομερεστέλ

1984 375 2240 445 alegicum
2268 375 2784 446 conscripseﬂ'mus.
2819 374 3034 432 Etenim
3075 375 3121 430 si
3157 375 3248 432 ille
3275 376 3346 434 de
3380 371 3466 428 his

169 464 385 538 ἠξίωσε
411 469 661 535 διελθεῖν,
690 470 791 523 οὐκ
825 469 892 524 ἂν
930 471 1092 542 ἡμεῖς
1126 471 1208 534 είς
1234 468 1488 523 τοσοῦτον
1517 468 1553 540 ἢ
1583 467 1779 540 μανίας

173 553 208 624 ἧ
239 560 561 634 σκαιότητος
588 561 942 634 ἐληλύθαμεν,
971 562 1046 626 ὼς
1073 562 1324 634 οίηθῆναι
1349 560 1627 615 ἐπιϐαλεῖν
1665 561 1780 624 τοῖς

184 651 347 718 θείοις
382 653 976 727 ἐπιστημονικώτερον,
1002 653 1142 708 ὥστε
1174 653 1257 718 δὶς
1293 654 1364 709 τά
1404 652 1546 708 αύτά
1578 652 1778 721 λέγειν,

183 747 275 800 καὶ
325 748 534 802 ἀδικεῖν
579 748 730 818 φίλον
774 749 888 820 ἅμα
937 749 1032 802 καὶ
1077 747 1396 802 διδάσκαλον
1420 764 1434 778 ·
1490 745 1585 801 καὶ
1630 746 1779 818 ἡμᾶς

180 838 338 906 τέως,
363 843 492 906 τοὺς
513 841 653 914 μετά
678 841 770 896 τὸν
806 841 1072 914 μακάριον
1095 840 1308 895 Παῦλον
1340 838 1777 912 μαθητευθέντας

181 932 350 1004 αὑτῷ,
391 933 738 1006 ὑφαρπάζειν
769 934 837 988 τά
874 934 1084 990 ἐκείνου
1124 934 1220 988 καὶ
1252 933 1328 999 ὡς
1372 933 1478 988 ἴδια
1519 933 1772 1004 γράφειν.

194 1023 332 1080 Ἀλλ’
362 1026 553 1098 ἐπειδὴ
588 1026 968 1100 πρεσϐυτικῶς
1008 1026 1103 1080 καὶ
1146 1025 1583 1097 ἐπιστημονικῶς
1623 1020 1777 1077 εἶπεν

180 1120 409 1184 ἐκεῖνος,
453 1119 550 1172 καὶ
593 1119 892 1191 συντόμους
929 1119 1022 1173 καὶ
1060 1117 1451 1189 κεφαλαιώδεις
1490 1118 1590 1182 τὰς
1633 1116 1776 1170 διδα-

182 1209 407 1274 σκαλίας
449 1211 772 1282 πεποίηκεν,
801 1211 1219 1283 ἐγκελευόμενος
1261 1211 1384 1265 καθ’
1413 1211 1645 1265 ἕκαστον
1682 1210 1776 1262 καὶ

177 1304 331 1374 ἡμῖν’
369 1303 468 1357 καὶ
503 1305 618 1367 τοῖς
657 1303 866 1376 ἑτέροις
894 1305 1002 1358 τῶν
1024 1304 1284 1360 νεοτελῶν
1308 1304 1495 1375 ψυχῶν
1513 1303 1772 1384 διδασκά-

178 1393 308 1460 λοις,
341 1395 464 1450 καθ’
489 1397 614 1450 ὅσον
652 1397 730 1450 ἔνι
767 1397 1072 1465 ἀναπτύξαι
1097 1398 1192 1452 καὶ
1225 1397 1497 1470 διακρῖναι
1523 1396 1622 1460 τὰς
1652 1413 1774 1449 συν-

176 1488 408 1554 οπτικάς
446 1487 546 1542 καὶ
591 1488 660 1542 δι’
687 1489 864 1559 ὀλίγον
888 1490 1186 1563 ἐκφράσεις
1206 1489 1308 1561 τῆς
1332 1489 1535 1553 ἐνιαίας
1563 1487 1772 1542 ἐκείνου

177 1582 270 1634 καὶ
307 1582 658 1654 νοερωτάτης
699 1583 983 1654 δυνάμεως
1007 1600 1020 1613 ’
1063 1584 1161 1638 καὶ
1207 1582 1465 1646 πολλάκις
1504 1582 1650 1654 ἡμᾶς
1690 1581 1772 1645 εἰς

176 1672 306 1726 αὑτὸ
328 1673 492 1727 τοῦτο
518 1675 614 1727 καὶ
641 1675 704 1728 σὺ
732 1675 1092 1748 προέτρεψας,
1112 1675 1534 1739 ἁνταποστείλας
1558 1673 1653 1728 καὶ
1669 1674 1771 1744 τὴν

177 1761 356 1832 βίϐλον
379 1763 570 1818 αὐτοῦ.
600 1764 787 1838 Ταύτῃ
811 1747 1015 1820 mm
1045 1765 1205 1837 ἡμεῖς
1234 1767 1326 1821 τὸν
1357 1767 1456 1838 μὲν
1485 1766 1638 1836 ἆγιον
1679 1766 1766 1819 Ἱε-
1797 1747 1840 1804 Β

179 1854 379 1924 ρόθεον,
407 1855 484 1920 ὼς
507 1855 732 1910 τελείων
761 1857 1009 1912 διανοιῶν
1039 1857 1376 1923 διδάσκαλον,
1406 1860 1518 1923 τοῖς
1542 1858 1767 1922 τελείοις

173 1946 531 2020 ἀφορίζομεν,
564 1950 658 2003 καὶ
689 1950 760 2004 τὰ
787 1951 997 2005 ἐκείνου
1027 1951 1205 2021 λόγια,
1230 1951 1305 2015 ὡς
1333 1950 1562 2023 δεύτερα
1590 1951 1766 2020 λόγια,

175 2038 308 2109 πρὸς
328 2037 400 2092 τά
422 2039 542 2094 θεῖα
565 2042 660 2094 καὶ
689 2042 811 2114 ἱερά
832 2042 940 2096 τῶν
965 2043 1280 2098 ἀποστόλων
1309 2043 1766 2116 παραγγέλματα,

172 2129 366 2212 ἔχομεν
390 2148 408 2162 ο
438 2133 560 2196 τοῖς
585 2133 644 2186 δὲ
675 2134 795 2187 καθ’
824 2135 972 2206 ἡμᾶς
999 2136 1220 2192 ,ἀτελέσι
1256 2136 1327 2192 τά
1362 2137 1482 2190 θεῖα
1520 2135 1771 2208 παραδώ-

173 2239 355 2294 σομεν,
382 2223 683 2293 ἀναλόγους
705 2229 820 2291 τοῖς
839 2227 1177 2293 διδασκάλοις
1207 2231 1340 2301 ἡμῖν
1368 2229 1496 2293 τοὺς
1525 2229 1770 2302 μαθητὰς

170 2309 404 2382 ἔχοντες.
465 2314 695 2370 Ὀπόσον
733 2316 791 2369 δὲ
831 2316 945 2389 ἔχει
983 2317 1191 2382 ἐκεῖνος
1225 2319 1288 2373 τὸ
1328 2319 1533 2374 τέλειον
1553 2359 1568 2383 ,
1617 2322 1675 2374 ἐν
1724 2313 1770 2388 ᾧ

169 2401 351 2474 ἐστιᾷν
373 2404 599 2477 ἐτέρους
620 2407 719 2479 τὴν
740 2408 965 2481 στερεὰν
987 2409 1215 2482 τροφὴν,
1235 2411 1371 2466 ὅπου
1403 2427 1466 2480 γε
1489 2413 1585 2467 καὶ
1609 2413 1771 2484 ἡμεῖς

169 2493 438 2567 λεγόμεθα
462 2497 681 2565 τέλειοι,
699 2499 774 2564 ὡς
797 2501 896 2572 τῆς
925 2502 1179 2574 τοιαύτης
1205 2505 1430 2575 στερεᾶς
1451 2505 1657 2577 τροφῆς
1683 2522 1772 2576 με·

168 2588 544 2661 ταλαμϐάνειν
580 2591 911 2666 ὴξιωμένοι;
957 2595 1165 2667 Ὀρθῶς
1193 2591 1284 2650 οῦν
1316 2597 1544 2668 εἴπομεν
1572 2597 1770 2671 τὺ,τὴν

173 2681 266 2750 μὲν
305 2683 648 2756 αὑτοπτικὴν
690 2688 784 2740 καὶ
822 2688 1277 2753 ἀνεπικάλυπτον,
1303 2691 1396 2744 καὶ
1417 2690 1766 2761 ἐμφανεστέ-

171 2790 266 2844 ραν
307 2775 680 2848 κατανόησιν,
719 2780 812 2832 καὶ
852 2778 950 2852 τὴν
993 2779 1338 2854 κεφαλαιώδη
1384 2780 1766 2846 διδασκαλίαν,

170 2864 544 2937 πρεσϐυτικῆς
589 2867 796 2921 δεῖσθαι
834 2868 1118 2939 δυνάμεως
1142 2887 1154 2899 ·
1199 2871 1300 2942 τὴν
1337 2870 1395 2924 δὲ
1440 2870 1767 2944 διασάφησιν

168 2956 257 3010 καὶ
288 2957 609 3030 ἐκμάθησιν
635 2959 897 3032 ἁρμόζειν
921 2963 1035 3026 τοῖς
1067 2962 1385 3033 ὑφειμένοις
1419 2964 1570 3034 ἡμῖν.
1617 2965 1768 3018 Ἐπι-

166 3052 463 3124 τετήρηται
503 3051 635 3120 γοῦν
661 3053 818 3128 ἡμῖν,
851 3052 992 3106 ὥστε
1018 3054 1120 3107 ὅσα
1148 3052 1213 3125 δὴ
1253 3055 1442 3126 σαφῶς
1478 3057 1630 3132 παρὰ
1669 3058 1763 3112 τοῦ

167 3141 306 3197 θείου
361 3143 632 3216 Ίεροθέου
664 3144 1064 3218 διηυκρίνηται,
1097 3146 1338 3220 μηδόλως
1372 3149 1760 3224 ἐγκεχειρηκέ-

167 3254 249 3290 ναι
273 3238 370 3292 καὶ
390 3227 505 3291 οἷον
530 3239 816 3308 φαίνεσθαι
840 3239 1182 3310 ταὺτολογεῐν
1203 3258 1217 3272 ·
1245 3241 1313 3296 τά
1341 3241 1399 3296 δὲ
1425 3245 1761 3308 συνοπτικῶς

165 3329 431 3401 εἰρημένα
471 3329 670 3400 ἐκείνῳ
725 3329 916 3401 (τοῦτο
957 3330 1066 3404 γὰρ
1113 3331 1314 3400 ἔξωθεν
1353 3333 1759 3406 προσληπτέον)

163 3415 518 3492 λεπτοτέραις
569 3422 799 3487 ἐννοίαις
843 3423 1121 3493 ἐκφαίνειν
1147 3440 1161 3456 °
1203 3425 1364 3480 τοῦτο
1400 3426 1510 3500 γάρ
1552 3427 1668 3482 ἐστι
1699 3428 1762 3482 τὺ

165 3514 522 3586 ζητούμενον,
565 3515 596 3569 ὃ
642 3517 700 3569 ἐν
736 3515 813 3586 τῷ
837 3516 981 3570 τέλει
1027 3516 1124 3570 τοῦ
1147 3517 1310 3587 λόγου
1339 3520 1609 3590 ἐπήγαγε.
1645 3520 1761 3574 Νῦν

164 3607 216 3660 δὲ
245 3611 324 3675 εις
347 3611 484 3673 τοὺς
519 3609 780 3676 ἐπαίνους
814 3610 910 3664 τοῦ
941 3611 1134 3682 ἀνδρὸς
1165 3613 1442 3680 εἰσελθὼν,
1476 3617 1627 3681 ὅπως
1667 3620 1763 3673 καὶ

163 3701 316 3755 ὁποῖα
351 3697 500 3774 ἦσαν
533 3702 601 3757 τά
634 3705 762 3776 παρ’
797 3704 961 3759 αὑτοῦ
1009 3707 1324 3780 ὑμνούμενα
1371 3713 1428 3766 ἐν
1469 3712 1549 3784 τῷ
1585 3713 1762 3784 καιρῷ

163 3795 258 3864 τῆς
287 3797 454 3865 ἁγίας
478 3796 746 3851 Θεοτόκου
777 3801 1107 3871 κοιμήσεως,
1140 3802 1282 3856 κατὰ
1310 3805 1610 3859 ἐνδιάθετον
1633 3808 1763 3878 σχῆ-

166 3902 258 3954 μα,
281 3887 559 3958 τεχνικῶς
591 3881 702 3941 οἷον
731 3889 1024 3944 ἐπελάθετο
1057 3891 1160 3962 τῆς
1197 3893 1292 3946 τοῦ
1319 3894 1481 3964 λόγου
1511 3897 1763 3968 συμφρά-

164 3996 317 4044 σεως,
349 3980 449 4034 καί
475 3996 647 4051 φησιν
670 3997 683 4012 ·
726 3981 879 4037 Ἐπεὶ
910 3984 1005 4036 καὶ
1044 3986 1175 4058 παρ’
1201 3987 1386 4052 αὐτοῖς
1426 3991 1539 4052 τοῖς
1571 3987 1761 4062 θεολή-

163 4088 312 4136 πτοις
335 4073 621 4143 πατράσιν
643 4073 752 4144 (ὅτε
784 4077 1156 4149 συμπαρῆμεν
1184 4079 1412 4145 ἐκείνοις
1439 4081 1532 4134 καὶ
1556 4082 1736 4153 ἡμεῖς,

110 4203 112 4206 .
162 4163 218 4214 ἐν
247 4163 326 4234 τῷ
356 4163 542 4236 καιρῷ
570 4165 672 4235 τῆς
698 4168 1010 4240 κοιμήσεως
1034 4171 1134 4244 τῆς
1160 4173 1433 4243 παναγίας
1463 4174 1762 4247 Δεσποίνης

163 4254 312 4324 ἡμῶν
355 4256 638 4321 θεοτόκου,
683 4258 858 4313 ἐδόκει
904 4261 961 4314 δὲ
1002 4265 1146 4318 κατά
1183 4265 1284 4337 τὴν
1327 4265 1476 4319 θείαν
1519 4265 1760 4337 ὑμνῆσαι

169 4348 281 4413 τοὺς
316 4351 588 4422 ίεράρχας
617 4350 694 4415 ὡς
729 4351 960 4419 ἕκαστος
987 4355 1102 4428 εἶχε
1132 4359 1418 4430 δυνάμεως
1457 4362 1558 4434 τὴν
1596 4360 1758 4414 ἀπει-

1881 467 2220 524 euucleatius
2263 467 2537 524 disserere
2593 467 2875 534 voluisset,
2928 483 3208 537 nunquam
3253 483 3319 525 ea
3366 484 3468 522 nos

1878 559 2094 616 insania
2137 558 2478 614 steliditasve
2506 559 2778 629 cepisset,
2811 569 2872 615 ut
2898 559 2990 615 illo
3016 561 3240 616 doctius
3269 575 3370 616 nos
3401 559 3468 612 de

1879 651 2081 706 divinis
2121 651 2268 720 loqui
2317 665 2476 720 posse
2511 661 2850 721 putaremus,
2891 661 3053 723 atque
3083 653 3222 709 adeo
3255 647 3342 709 bis
3363 666 3461 707 ea-

1879 744 2001 801 dem
2037 746 2352 816 repetende,
2377 755 2433 801 et
2462 748 2639 802 amico
2668 745 2830 802 simul
2866 755 2922 800 et
2959 744 3281 817 pneccpteri
3315 744 3465 800 hanc

1881 837 2133 906 injuriam
2181 839 2512 903 faceremus,
2563 851 2641 905 ut,
2673 855 2794 916 cum
2829 839 2946 909 ejus
2985 850 3105 910 post
3142 841 3200 896 Β.
3235 839 3465 895 Paulum

1878 930 2130 1000 discipuli
2193 931 2483 996 fuerimus,
2540 933 2656 1001 ejus
2718 933 2926 1002 scripta
2977 934 3137 989 nobis
3187 947 3287 1005 per
3343 933 3468 1004 pla-

1877 1021 2024 1094 gium
2065 1022 2232 1095 348
2258 1040 2686 1095 usurparemus;
2727 1026 2822 1083 sed
2849 1025 3113 1096 quoniam
3155 1026 3244 1081 ille
3281 1025 3462 1096 gravi-

1877 1121 1963 1170 ter
1984 1124 2041 1170 et
2062 1117 2201 1172 scite
2231 1115 2301 1172 de
2347 1117 2433 1172 liis
2473 1118 2725 1187 loquens,
2753 1117 3082 1187 compendio
3115 1128 3172 1174 et
3219 1127 3462 1173 summ-

1877 1207 1976 1263 tim
2011 1207 2299 1263 doctrinas
2341 1223 2470 1262 suas
2516 1209 2764 1277 tradidit,
2797 1208 2997 1278 jnbeus
3047 1224 3168 1275 nos,
3219 1209 3466 1278 aliosque

1875 1297 2157 1352 mdiorum
2189 1298 2365 1352 adlmc
2393 1297 2705 1352 animorum
2738 1307 3127 1367 praeceptores,
3157 1295 3462 1366 sigillatim,

1874 1389 2053 1458 quoad
2087 1387 2202 1443 fieri
2241 1395 2442 1458 potest,
2485 1387 2783 1459 explanare
2826 1401 2894 1442 ac
2935 1387 3271 1456 distinguere
3306 1401 3460 1442 cem.

1872 1482 2166 1554 pendiosas
2213 1481 2339 1536 illas
2373 1481 2685 1551 brevesque
2711 1481 3094 1537 euarratioues
3126 1481 3293 1536 unita:
3317 1479 3466 1535 illius

1871 1587 1938 1629 ac
1974 1573 2432 1643 spiritualissimte
2463 1572 2720 1641 virtutis;
2747 1573 2879 1642 quin
2910 1581 2966 1628 et
3002 1574 3120 1642 ipse
3158 1583 3212 1629 tu
3246 1588 3468 1644 quoque

1872 1666 2190 1738 frequenter
2241 1683 2344 1725 nos
2392 1669 2460 1722 ad
2511 1667 2616 1722 bee
2660 1669 2989 1723 adhortatus
3031 1682 3116 1731 es,
3166 1677 3226 1724 et
3261 1667 3462 1723 librum

1866 1761 1984 1832 ejus
2033 1759 2192 1816 nobis
2239 1760 2524 1816 remisisti.
2550 1758 2896 1830 Quapropter
2934 1769 3035 1816 ues‘
3075 1771 3297 1831 quoque
3336 1775 3466 1815 sau-

1867 1861 2014 1908 ctum
2059 1853 2439 1918 Hierotlieum,
2475 1861 2732 1923 tauquam
2771 1851 3145 1923 perfectarutn
3195 1852 3464 1907 mentium

1867 1954 2280 2014 praeceptorem,
2305 1943 2568 2013 perfectis
2606 1944 2978 2012 assignamus,
3011 1955 3068 1999 et
3099 1943 3274 2013 ipsius
3311 1944 3462 1998 dicta

1871 2047 2131 2107 tanquam
2182 2035 2352 2091 altera
2403 2034 2627 2091 oracula
2653 2075 2670 2102 ,
2701 2034 2999 2090 secundum
3038 2037 3224 2092 divina
3270 2051 3460 2092 sacra-

1870 2145 1980 2202 que
2001 2129 2376 2199 apostolorum
2401 2129 2631 2198 scripta,
2665 2127 3040 2192 mstimamus;
3069 2143 3168 2185 nos
3196 2143 3328 2184 vero
3357 2145 3462 2185 no-

1868 2223 1966 2278 stri
1998 2222 2266 2280 similibus
2299 2221 2640 2291 imperlectis
2665 2237 2754 2278 res
2776 2223 2992 2278 divinas
3014 2223 3454 2291 explicabimus;

1869 2315 2027 2372 nobis
2069 2315 2500 2386 praeceptoribus
2549 2329 2656 2368 non
2702 2313 2985 2370 absimiles
3031 2313 3325 2384 discipulos
3361 2315 3460 2370 ba-

1867 2411 2078 2468 bcutes.
2130 2408 2358 2476 Quanta:
2405 2424 2534 2464 vero
2592 2409 2708 2480 ipse
2751 2417 2837 2464 est
2887 2408 3279 2479 perfectionis,
3330 2425 3456 2466 cum

1869 2506 2034 2562 etiam
2060 2504 2198 2560 alios
2224 2503 2402 2558 solido
2433 2503 2560 2558 cibo
2587 2505 2819 2571 nutriat,
2846 2511 2970 2559 cum
3004 2519 3108 2560 nos
3137 2505 3304 2560 etiam
3334 2519 3460 2575 per-

1870 2597 1994 2652 fecti
2018 2594 2372 2666 appellentur,
2398 2595 2443 2649 si
2475 2594 2782 2649 istiusmodi
2814 2594 2993 2650 solido
3019 2592 3145 2649 cibo
3171 2594 3320 2650 vesci
3359 2611 3459 2649 ne.

1870 2690 1956 2746 bis
1977 2689 2226 2745 licuerit?
2250 2688 2444 2744 Merito
2475 2688 2661 2757 itaque
2689 2688 2945 2754 dicimus,
2979 2689 3046 2742 ad
3074 2687 3246 2759 ipsaet
3277 2703 3374 2757 per
3397 2703 3460 2743 se

1872 2780 2255 2843 intuitionem,
2298 2787 2356 2834 et
2401 2792 2507 2831 non
2560 2775 2858 2831 revelatam
2913 2773 3460 2845 manil‘estioremque

1871 2870 2308 2940 intelligentiam,
2339 2876 2397 2920 et
2441 2865 2798 2922 summarium
2843 2863 3152 2920 doctrinam
3181 2865 3336 2919 senili
3369 2864 3456 2919 fa-

1868 2963 2074 3019 cultate
2099 2977 2238 3033 epus
2263 2976 2406 3024 esse,
2438 2959 2883 3028 explanationem
2919 2967 3101 3017 autem
3132 2965 3188 3013 et
3215 2955 3457 3026 explica-

1871 3056 2068 3110 tionem
2102 3054 2258 3108 nobis
2287 3060 2346 3104 ιιι
2367 3052 2719 3106 inferioribus
2742 3051 3059 3104 convenire.
3091 3049 3456 3102 Observatum

1868 3147 2050 3215 itaque
2093 3162 2122 3199 a
2179 3145 2336 3200 nobis
2357 3181 2374 3209 ,
2415 3153 2474 3197 nt
2495 3156 2834 3211 quascunque
2863 3139 3012 3194 clare
3044 3153 3075 3192 ιι
3104 3137 3232 3194 divo
3264 3137 3456 3192 lliero-

1866 3243 1990 3295 tlieo
2033 3238 2291 3295 distincta
2342 3245 2473 3292 sunt
2517 3250 2585 3291 ne
2626 3234 2846 3304 quidem
2895 3231 3120 3287 omnino
3153 3232 3452 3302 attingere-

1865 3347 2006 3396 mns,
2049 3347 2116 3386 ne
2143 3331 2548 3401 quodammodo
2578 3329 2722 3384 idem
2766 3328 2962 3381 iterato
3005 3325 3190 3380 dicere
3233 3323 3456 3378 videre-

1864 3429 2016 3494 iuur;
2049 3407 2169 3496 quae
2191 3439 2321 3481 vero
2351 3424 2466 3495 ipse
2493 3421 2878 3493 compendiose
2904 3419 3131 3476 tradidit
3152 3421 3281 3490 (hoc
3307 3419 3454 3474 enim

1861 3514 2246 3586 excipiendum
2274 3513 2380 3584 est)
2409 3513 2802 3569 minutioribus
2843 3510 3224 3580 iutelligeutiis
3264 3509 3458 3580 expla-

1863 3622 2154 3674 naremus;
2203 3620 2329 3661 nam
2380 3606 2484 3662 ltnc
2523 3615 2608 3661 est
2653 3606 2797 3676 quod
2829 3606 3115 3674 quaeritur,
3158 3611 3216 3656 ut
3250 3602 3305 3658 in
3348 3603 3457 3658 line

1859 3701 2126 3757 orationis
2147 3700 2378 3755 addidit.
2405 3698 2560 3754 Nunc
2593 3713 2722 3754 vero
2751 3699 2851 3753 viri
2887 3699 3078 3752 laudes
3106 3697 3452 3767 aggrediens,

1859 3808 2100 3862 quanam
2128 3793 2369 3857 ratione,
2397 3802 2453 3846 et
2484 3791 2667 3860 qualia
2715 3792 2785 3846 ab
2827 3790 2945 3860 ipse
2974 3801 3182 3844 sancta:
3211 3788 3456 3857 Deiparie

1860 3886 2280 3943 obdermitionis
2309 3895 2556 3954 tempore
2585 3883 2802 3938 laudata
2832 3884 2966 3948 sint,
2993 3883 3234 3937 ostendit
3273 3882 3455 3936 artill-

1859 3976 2009 4030 ciose
2037 3975 2152 4044 ipsa
2186 3973 2440 4044 loquendi
2473 3971 2732 4039 formula,
2768 3972 3038 4028 orationis
3074 3987 3140 4028 ea
3181 3973 3456 4040 composi-

1862 4070 2064 4125 tionem
2091 4067 2356 4136 eli‘ugere,
2385 4075 2440 4122 et
2482 4066 2560 4120 ait
2589 4083 2604 4120 :
2633 4065 2768 4122 Cum
2819 4065 3077 4122 Patribus
3126 4065 3235 4121 illis
3265 4065 3454 4120 divine

1861 4164 2072 4233 Spiritu
2096 4162 2293 4218 amatis
2323 4165 2402 4233 (et
2431 4176 2532 4216 nos
2561 4161 2692 4230 ipsis
2721 4161 3063 4232 adessemus)
3089 4170 3332 4230 tempore
3357 4159 3454 4216 eb-

1860 4256 2212 4313 dermitionis
2250 4257 2618 4311 sanctissima:
2668 4256 2902 4311 dominre
2944 4265 3144 4312 nostra:
3183 4257 3452 4324 Deipam,

1859 4349 2268 4420 placuissetque
2322 4359 2449 4419 post
2499 4348 2803 4404 contuitum
2855 4351 3066 4406 sanctis
3119 4351 3454 4407 antistitibus

163 4439 463 4511 ροδύναμον
488 4440 806 4514 άγαθότητα
831 4443 933 4516 τῆς
979 4445 1282 4522 θεαρχικῆς
1319 4449 1622 4514 ἀσθενείας,

1959 4469 1961 4485 ›
1991 4440 2137 4497 virili
2162 4441 2360 4512 cuique
2384 4457 2506 4510 suo,
2531 4443 2741 4500 inﬁnita
2767 4445 3010 4516 petentia
3039 4445 3322 4516 praeditam
3358 4445 3441 4499 di-

161 4531 408 4587 ἐκουσίου
443 4531 692 4605 δηλονότι
715 4533 810 4588 τοῦ
840 4536 976 4590 Θεοῦ
1003 4539 1134 4613 ἄχρι
1159 4541 1360 4614 σαρκὸς
1384 4545 1558 4615 χωρὶς
1577 4543 1759 4613 ἀμαρ-

161 4622 277 4687 τίας
317 4625 805 4694 συγκαταϐάσεως,
852 4628 1073 4684 πάντων
1118 4633 1340 4705 ἐκράτει
1384 4635 1496 4688 τῶν
1541 4637 1760 4705 ίερομυ-

161 4713 298 4767 στῶν
334 4717 366 4769 ό
407 4715 587 4787 μέγας
623 4717 898 4789 ’1ερόθεος,
923 4720 1045 4786 ὅλος
1078 4723 1158 4777 ὣν
1195 4722 1387 4796 ὥσπερ
1427 4725 1660 4796 ἔκδημος
1697 4725 1762 4778 ἐκ

160 4804 250 4858 τοῦ
278 4809 564 4882 σώματος,
586 4807 704 4872 ὅλος
731 4809 1085 4883 ἐξιστάμενος
1112 4815 1305 4868 ἐαυτοῦ
1327 4817 1387 4869 ἐν
1407 4820 1522 4882 τοῖς
1549 4816 1758 4888 ὕμνοις,

161 4900 251 4952 καὶ
272 4901 508 4972 πάσχων
529 4899 630 4971 τὴν
663 4902 798 4973 πρὸς
823 4903 891 4957 τὰ
929 4904 1246 4978 ὑμνούμενα
1273 4911 1578 4973 κοινωνίαν,
1609 4910 1761 4982 παρὰ

161 4991 374 5047 πάντων
413 4992 511 5046 καὶ
553 4992 664 5044 τῶν
709 4994 1005 5066 γνωρίμων
1055 4999 1151 5052 καὶ
1190 4999 1302 5052 τῶν
1343 5000 1418 5071 μὴ
1464 5002 1759 5072 γνωρίμων

159 5080 455 5156 θεόληπτος
484 5083 752 5155 ἐκρίνετο.
789 5087 861 5140 Ἣ
882 5087 1014 5156 γοῦν
1042 5089 1202 5145 τοῦτο
1240 5091 1410 5161 λέγει,
1447 5093 1600 5165 παρὰ
1625 5094 1761 5148 πάν-

159 5191 264 5230 των
306 5178 402 5231 καὶ
449 5177 564 5231 τῶν
590 5179 971 5247 γινωσκόντων
1009 5185 1104 5238 καὶ
1131 5184 1242 5238 τῶν
1279 5184 1353 5256 μὴ
1381 5187 1762 5254 γινωσκόντων

161 5269 320 5324 αὑτόν
345 5287 361 5301 ·
395 5269 456 5342 ἢ,
490 5271 633 5341 ὅπερ
659 5272 754 5326 καὶ
788 5275 1057 5343 κρεῖττον,
1090 5275 1149 5330 οὑ
1188 5275 1298 5347 γάρ
1332 5271 1475 5342 εἷπε,
1505 5277 1608 5331 οὐκ
1643 5278 1760 5347 ἐγι-

161 5361 401 5417 νώσκετο
418 5401 436 5426 ,
482 5361 600 5416 ἀλλ’
647 5363 750 5415 οὑκ
797 5365 1203 5434 ἐπεγινώσκετο
1226 5384 1239 5398 ·
1287 5366 1616 5436 ἐγινώσκετο
1661 5372 1760 5442 μὲν

161 5451 304 5523 λέγει
356 5455 492 5528 παρ’
539 5453 786 5520 ἐκείνων,
828 5456 1070 5528 δηλονότι
1102 5459 1296 5524 οἵτινες
1325 5461 1624 5529 ἐγίνωσκον
1661 5464 1762 5533 τὴν

160 5545 264 5599 τῶν
293 5547 612 5619 λεγομένων
641 5546 902 5620 δύναμιν·
937 5551 1038 5605 οὑκ
1081 5553 1518 5622 ἐπεγιγνώσκετο
1546 5556 1603 5609 δὲ
1631 5559 1762 5628 παρ’

163 5634 419 5704 ἐκείνων,
449 5639 651 5703 οἵτινες
682 5640 781 5711 οὑχ
809 5635 911 5695 οἷοί
941 5661 1000 5696 τε
1028 5639 1169 5715 ἦσαν
1200 5645 1479 5699 ἐπιϐαλεῖν
1517 5645 1595 5717 τῷ
1639 5647 1760 5718 ὕψει

164 5728 266 5785 τῶν
304 5731 518 5802 ὕμνων.
571 5731 850 5804 Ἐφαίνετο
880 5735 1010 5807 γοῦν
1041 5737 1334 5811 θεόληπτος
1368 5739 1638 5804 κάκείνοις
1669 5741 1760 5796 καὶ

1863 4537 2004 4592 vina:
2031 4536 2423 4593 imbecillitatis
2453 4538 2755 4594 bonitatem
2794 4540 3126 4604 collaudare,
3163 4542 3216 4595 id
3238 4548 3323 4594 est
3352 4556 3448 4596 vo-

1863 4629 2160 4685 luntariam
2212 4631 2735 4688 condescensionem
2790 4631 2884 4686 Dei
2931 4646 3104 4702 usque
3148 4634 3215 4686 ad
3245 4646 3450 4701 corpus

1864 4723 2067 4794 absque
2107 4733 2356 4793 peccato,
2386 4735 2614 4780 caeteros
2637 4724 2956 4779 sacerdotes
2982 4724 3282 4793 superabat
3328 4739 3450 4778 ma-

1865 4831 2002 4886 gnus
2033 4814 2378 4882 Hieretbeus,
2409 4826 2556 4871 totus
2587 4816 2992 4886 quodammodo
3031 4832 3058 4868 ιι
3095 4829 3326 4882 corpore
3355 4816 3447 4870 ab-

1864 4909 2083 4972 ductus,
2120 4917 2268 4962 totus
2296 4918 2453 4962 extra
2489 4923 2548 4962 se
2582 4908 2795 4978 positus
2827 4910 2880 4962 in
2923 4907 3144 4979 hymnis
3173 4923 3240 4962 ac
3272 4907 3450 4962 laudi-

1865 4999 1986 5066 bus,
2021 5015 2312 5068 rerumque
2351 5015 2490 5068 quas
2537 4999 2792 5054 laudabat
2838 4999 3175 5054 consortium
3211 4999 3446 5069 patiens,

1865 5095 1936 5148 ab
1963 5094 2221 5149 omnibus
2255 5103 2366 5148 tam
2405 5093 2552 5148 notis
2581 5109 2745 5162 quam
2780 5093 2978 5163 ignotis
3005 5092 3190 5148 divino
3219 5091 3453 5146 Numine

1865 5186 2081 5243 alllatus
2102 5186 2554 5242 censebatur.Vel
2588 5187 2771 5254 itaque
2795 5187 2897 5240 lioc
2920 5183 3074 5249 dicit,
3097 5186 3165 5239 ab
3191 5185 3446 5240 omnibus

1867 5289 1975 5334 tam
2010 5280 2076 5335 iis
2098 5280 2189 5350 qui
2221 5281 2395 5351 ipsum
2417 5277 2584 5351 359
2605 5286 2888 5341 noverant,
2912 5291 3076 5345 quant
3104 5277 3195 5345 qui
3221 5279 3448 5330 non-n04

1865 5379 2094 5439 verant;
2127 5372 2212 5428 vel
2251 5374 2450 5442 potius,
2483 5386 2588 5424 non
2621 5371 2757 5424 dixit
2787 5371 2930 5440 quod
2965 5371 3315 5434 noscebatur,
3350 5369 3444 5423 sed

1865 5482 1971 5521 non
2021 5467 2494 5536 coguescebatnr;
2535 5465 2804 5536 siquidem
2849 5464 2918 5518 ab
2959 5463 3084 5528 illis,
3115 5461 3316 5532 inquit,
3346 5477 3447 5516 no-

1866 5561 2141 5622 scebatur,
2171 5560 2262 5628 qui
2295 5560 2546 5614 videlicet
2591 5567 2858 5614 noverant
2898 5571 3086 5611 eorum
3128 5571 3248 5621 qua:
3291 5555 3445 5609 dice-

1867 5648 2067 5704 bautur
2097 5650 2369 5716 valerem;
2399 5666 2504 5707 non
2530 5649 2961 5720 ceguesccbatur
2989 5657 3171 5703 autem
3209 5648 3278 5703 ab
3313 5645 3442 5710 illis,

1867 5743 1960 5813 qui
1992 5743 2220 5798 istarqu
2259 5743 2477 5799 laudum
2506 5741 2882 5799 celsitudinem
2915 5741 3183 5812 attingere
3214 5756 3321 5796 non
3352 5753 3448 5792 va-
