3742 6300
289 250 384 309 691

1462 256 1519 315 S.
1558 258 1858 317 DIONYSII
1887 263 2352 324 AREOPAGITZE

3453 258 3562 339 592

285 368 497 424 lehant.
524 368 825 424 Videbatur
866 368 1044 440 itaque
1080 369 1265 425 divino
1302 371 1532 427 Numine
1563 374 1779 430 amatus

2021 381 2195 447 μύτοις.
2244 384 2503 450 ⁹Εκείνοις
2543 388 2670 457 μὲν,
2723 391 2799 453 ὡς
2830 391 3070 446 συνιοῦσι
3106 394 3199 448 καὶ
3236 395 3562 469 ἐπιστήμην

288 461 396 516 illis
423 470 479 516 et
504 461 606 517 his.
634 460 743 515 illis
769 462 1010 531 quidem,
1040 473 1301 532 tanquam
1329 466 1564 521 consciis
1591 481 1655 521 ac
1682 467 1863 521 scien-

290 550 437 606 tibus
465 552 641 621 ipsum
669 566 789 607 esse
821 553 1007 616 talem;
1042 554 1125 608 his
1154 568 1305 618 vero,
1338 564 1596 625 tauquam
1636 572 1741 612 non
1775 558 1860 612 in-

290 641 651 713 telligentihus
686 658 805 714 qua:
841 646 1185 712 dicebautur,
1210 656 1378 717 atque
1416 648 1536 703 ideo
1579 650 1862 705 existinm-

287 731 441 801 bant,
492 732 580 788 illa
625 735 805 789 divina
850 737 1097 804 quasdam
1144 754 1269 794 esse
1296 754 1419 809 quae
1454 741 1601 812 vulgi
1641 751 1859 812 captum

286 838 623 897 superarent,
658 839 713 885 et
744 830 944 885 divinis
995 840 1205 885 tantmn
1245 848 1548 904 eorumque
1593 835 1861 891 similibus

285 919 423 975 viris
459 908 623 991 digna
665 921 867 977 forent.
898 922 1215 977 Divinarum
1252 940 1417 995 porro
1462 926 1682 981 laudum
1723 927 1857 983 ista-

286 1028 407 1068 rum
439 1023 652 1084 partem
690 1016 931 1085 aliquam
960 1033 1045 1071 me
1072 1019 1172 1073 abs
1203 1027 1258 1074 te
1294 1020 1568 1076 audivisse
1597 1023 1856 1077 memini:

288 1113 496 1159 tantam
540 1106 850 1162 divinorum
891 1124 1082 1164 curam
1143 1110 1327 1181 geris,
1356 1118 1415 1166 ut
1465 1126 1742 1183 nunquam
1769 1111 1857 1168 illa

287 1197 659 1267 perfunctorie
697 1215 1009 1270 percurras.

360 1290 390 1361 ς
428 1290 515 1346 lll.
559 1292 738 1363 Atque
769 1304 825 1349 ut
855 1295 1022 1350 multa
1054 1296 1374 1353 omittamus
1401 1312 1522 1368 qua:
1544 1298 1705 1370 vulgo
1733 1308 1863 1355 sunt

1969 473 2207 543 σχοῦσιν,
2228 476 2309 529 ὅτι
2337 477 2576 542 τοιοῦτός
2598 480 2732 532 ἐστι·
2756 481 2965 547 τούτοις
2983 485 3058 550 δὲ,
3102 485 3176 551 ὡς
3205 488 3279 559 μὴ
3313 490 3565 545 συνιοῦσι

1967 563 2038 617 τὰ
2064 564 2350 637 λεγόμενα,
2385 570 2678 625 κάντεῦθεν
2708 570 2827 625 θεῖά
2855 591 2977 630 τινα
2999 579 3241 649 κρίνουσι
3261 580 3446 634 ταῦτα
3472 584 3565 635 καὶ

1968 657 2109 728 ὑπὲρ
2148 659 2274 723 τοὺς
2313 660 2566 725 πολλοὺς,
2610 664 2705 717 καὶ
2751 664 2934 736 μόνοις
2971 667 3095 733 ἀξια
3121 672 3232 735 τοῖς
3262 669 3440 735 θείοις
3470 674 3565 725 καὶ

1968 749 2090 802 κατ’
2125 751 2329 807 ἐκεῖνον
2366 755 2641 828 ἀνδράσιν.
2687 758 2779 812 Ἐκ
2810 758 2919 813 τῶν
2953 759 3135 832 ὓμνων
3164 763 3295 831 γοῦν
3329 766 3566 817 ἐκείνων

1968 837 2083 896 οἶδα
2121 844 2429 912 ἐπακούσας
2475 850 2733 915 πολλάκις
2773 854 2867 905 καὶ
2908 854 3058 925 παρά
3087 854 3179 908 σοῦ
3212 856 3354 929 μέρη
3384 858 3520 911 τινά
3547 874 3563 887 ’

1968 933 2139 998 οὕτως
2192 936 2335 1007 ἔχεις
2395 939 2632 1013 σπουδὴν
2673 943 2755 1006 είς
2810 941 2880 996 τὰ
2942 942 3094 1009 θεῖα,
3150 945 3291 999 ὥστε
3354 946 3439 1019 μὴ
3501 948 3565 998 ἐκ

1966 1027 2245 1098 παρέργου
2276 1030 2586 1100 λογίζεσθαι
2615 1033 2807 1088 ταῦτα.

2039 1295 2066 1369 §
2093 1298 2182 1351 111.
2214 1299 2322 1354 Καὶ
2346 1302 2432 1356 ἴνα
2460 1320 2540 1357 σοι
2580 1307 3003 1382 παραλείψωμεν
3042 1310 3111 1365 τὰ
3154 1311 3324 1367 πολλά
3352 1314 3438 1379 ὡς
3463 1316 3567 1388 ἀρ-

287 1398 529 1450 arcana,
577 1385 787 1456 tibique
837 1396 999 1453 nota,
1044 1388 1130 1444 vel
1184 1390 1307 1445 ideo
1339 1402 1465 1445 nota
1498 1392 1624 1462 quia
1657 1406 1785 1447 arca

2021 1406 2107 1460 ςτα
2132 1393 2244 1456 τοῖς
2281 1393 2515 1460 πολλοῖς,
2539 1397 2630 1451 καί
2652 1415 2732 1452 σοι
2758 1402 3073 1472 ἐγνωσμένα
3091 1444 3106 1467 ,
3153 1405 3186 1475 ἢ
3229 1405 3361 1475 γοῦν
3386 1385 3566 1475 ἐγνω-

289 1476 666 1547 mysticaque,
705 1478 791 1533 vel
836 1478 933 1535 tibi
986 1492 1110 1535 nota
1163 1491 1423 1551 tauquam
1473 1499 1635 1554 supra
1671 1484 1863 1556 vulgus

286 1568 596 1637 exsistettti,
628 1585 694 1625 ac
719 1571 932 1635 divino,
960 1572 1059 1627 hoc
1079 1573 1567 1643 impraesentiarum
1585 1576 1818 1633 dicimus
1845 1594 1861 1632 :

287 1662 583 1731 quomodo,
614 1678 738 1718 cum
784 1666 985 1720 multos
1013 1665 1172 1720 vellet
1206 1666 1495 1731 instruere,
1523 1677 1576 1721 et
1602 1679 1868 1739 quotquot

290 1763 501 1821 poterat
541 1754 609 1808 ad
650 1754 743 1810 Dei
794 1756 998 1812 cultum
1041 1760 1364 1823 traducere,
1416 1759 1664 1830 plurimis
1695 1761 1868 1816 modis

289 1861 578 1915 superasse
625 1847 888 1916 plurimos
922 1853 1282 1921 prmeptores
1321 1866 1509 1907 sacros
1536 1891 1553 1918 ,
1600 1869 1627 1906 a
1671 1853 1869 1923 quibus

291 1949 349 1991 ut
379 1938 596 1994 divinus
624 1938 883 2009 Magister
907 1941 1306 2007 celebrabatur,
1340 1945 1479 1998 adeo
1504 1953 1561 1997 ut
1588 1959 1866 2014 nunquam

292 2040 443 2085 tanto
470 2032 569 2085 soli
602 2033 787 2087 conati
815 2033 985 2088 simus
1012 2035 1247 2091 obtueri.
1282 2036 1407 2107 Agit
1433 2036 1499 2091 de
1528 2036 1674 2092 illius
1714 2053 1866 2093 com-

290 2126 654 2195 positionibus
708 2143 773 2183 ae
828 2129 1093 2199 scriptis,
1152 2131 1294 2185 unde
1345 2131 1517 2196 dicit,
1577 2132 1653 2187 ita
1712 2134 1871 2188 nobis

291 2220 495 2274 conscii
535 2235 753 2289 sumus,
792 2222 1049 2291 quoniam
1084 2223 1236 2289 juxta
1270 2225 1456 2279 tritunt
1494 2225 1662 2281 illud:
1697 2224 1872 2281 Nosce

291 2322 341 2365 to
369 2312 580 2379 ipsum,
626 2313 696 2367 ita
740 2314 806 2367 de
851 2314 1010 2368 nobis
1047 2317 1314 2373 sentimus
1339 2356 1353 2378 .
1396 2331 1461 2372 ac
1499 2318 1544 2371 si
1576 2332 1643 2374 ne
1668 2318 1871 2374 divinis

290 2405 510 2474 quidem
566 2407 931 2476 intelligendis
955 2447 972 2473 ,
1007 2422 1073 2462 ne
1102 2409 1277 2463 dicam
1321 2410 1680 2481 eloquendis,
1724 2414 1875 2469 sulli-

293 2512 420 2551 oere
449 2512 760 2567 possumus.
793 2499 1018 2553 Multum
1050 2515 1179 2555 vero
1207 2515 1237 2555 a
1269 2512 1584 2558 sanctorum
1626 2506 1870 2560 virorum

295 2589 483 2643 habitu
514 2598 678 2661 atque
707 2592 937 2647 scientia
972 2593 1273 2663 distamus;
1306 2597 1434 2666 quin
1463 2612 1530 2652 eo
1559 2613 1671 2668 pra:
1706 2598 1870 2653 nimia

297 2680 558 2751 religione
581 2684 799 2740 adducti
832 2700 1042 2751 sumus,
1074 2699 1129 2742 ut
1158 2689 1224 2743 de
1253 2688 1455 2745 divinis
1485 2692 1619 2747 nihil
1645 2694 1873 2748 omnino

1975 1479 2186 1550 σμένα,
2227 1484 2309 1537 ὅτι
2337 1487 2474 1539 εἰσὶν
2526 1487 2739 1561 ἄρρητα
2787 1491 2880 1545 καὶ
2935 1494 3282 1569 μυπικάδῆ
3335 1498 3423 1552 ὁτι
3482 1499 3567 1551 σοὶ

1969 1572 2305 1645 ἐγνωσμένα,
2343 1576 2419 1641 ὡς
2458 1578 2571 1632 δντι
2600 1579 2740 1653 ὑπὲρ
2782 1583 2911 1647 τοὺς
2949 1584 3174 1651 πολλοὺς
3196 1627 3211 1651 ,
3255 1588 3351 1641 καὶ
3386 1588 3563 1659 Beier

1966 1663 2125 1718 τοῦτο
2154 1667 2290 1739 πρὸς
2314 1669 2374 1722 τὸ
2400 1671 2571 1741 παρὸν
2596 1672 2828 1744 λέγομεν
2844 1692 2858 1707 ο
2892 1676 3032 1742 πῶς,
3058 1679 3148 1732 ὅτε
3185 1683 3301 1745 τοῖς
3337 1681 3567 1745 πολλοῖς

1969 1756 2158 1825 ἤθελεν
2195 1760 2485 1833 ὁμιλῆσαι,
2532 1765 2626 1818 καὶ
2667 1767 2825 1832 ὅσους
2855 1763 2927 1840 ἦν
2954 1769 3178 1825 δυνατὸν
3208 1771 3443 1843 μετάξαι
3483 1775 3567 1837 εἰς

1970 1850 2297 1917 θεοσέϐειαν,
2332 1854 2589 1927 ὑπερεῖχε
2617 1858 2744 1921 τοὺς
2792 1860 3019 1926 πολλοὺς
3064 1863 3173 1917 τῶν
3206 1865 3369 1935 ίερῶν
3404 1866 3564 1918 διδα-

1973 1941 2187 1995 σκάλων
2215 1944 2355 1999 κατά
2394 1945 2622 2013 πολλοὺς
2664 1950 2919 2022 τρόπους,
2963 1948 3045 2017 οἷς
3091 1954 3158 2009 ἂν
3186 1956 3513 2028 σεμνύναιτο
3539 1962 3568 2012 ό

1972 2034 2114 2098 θεῖος
2141 2035 2461 2103 διδάσκαλος
2484 2080 2497 2105 ,
2543 2041 2683 2095 ὥστε
2722 2044 2823 2098 οὐκ
2867 2047 2931 2101 ἀν
2973 2064 3102 2101 ποτε
3140 2048 3279 2121 πρὸς
3316 2051 3567 2105 τοιοῦτον

1970 2126 2121 2195 ἦλιον
2161 2128 2430 2184 ἀντωπεῖν
2476 2133 2930 2208 ἐνεχειρήσαμεν
2976 2139 3214 2211 δηλονότι
3255 2141 3323 2197 τά
3366 2145 3567 2216 ἐκείνῳ

1974 2217 2357 2291 συντεθειμένα
2382 2222 2562 2292 λέγει,
2601 2225 2783 2290 καθὼς
2819 2229 3026 2293 ἐκεῖνος
3062 2225 3217 2295 εἷπε,
3266 2235 3566 2304 προστιθέ-

1977 2326 2127 2379 μενοι
2166 2328 2179 2341 ·
2208 2311 2400 2385 Ἡμεῖς
2446 2315 2554 2386 γὰρ
2576 2316 2716 2371 κατά
2738 2318 2797 2371 τό
2817 2336 2831 2349 ο
2859 2319 3049 2375 Γνῶθι
3071 2323 3321 2388 σαυτόν,
3350 2326 3567 2378 ἑαυτῶν

1973 2404 2360 2477 αἰσθανόμεθα,
2390 2407 2467 2473 ὼς
2492 2408 2615 2463 οὔτε
2644 2411 2831 2483 νοῆσαι
2858 2413 3058 2479 ἱκανῶς
3100 2415 3169 2469 τά
3211 2415 3329 2469 θεῖα
3353 2419 3567 2490 χωροῦ-

1977 2514 2097 2567 μεν,
2125 2496 2248 2552 οὔτε
2282 2501 2473 2554 εἰπεῖν.
2504 2503 2697 2575 Πόρῤω
2720 2505 2778 2558 δέ
2804 2507 2972 2576 ἐσμεν
2997 2508 3097 2579 τῆς
3123 2506 3289 2574 ¹ἐξεως
3317 2512 3414 2564 καὶ
3440 2513 3569 2565 ἐπι-

1976 2591 2189 2664 στήμης
2218 2592 2327 2648 τῶν
2356 2594 2517 2666 ίερῶν
2541 2596 2751 2669 ἀνδρῶν
2774 2614 2786 2627 ·
2818 2599 3019 2671 πολλὴν
3043 2600 3153 2673 γὰρ
3180 2602 3246 2657 ἂν
3272 2604 3567 2659 εὐλάϐειαν

1974 2684 2195 2756 εἴχομεν
2232 2688 2327 2740 καὶ
2368 2689 2449 2752 είς
2486 2688 2549 2742 τὸ
2590 2689 2833 2761 μηδόλως
2870 2691 3089 2745 ἀκούειν
3133 2693 3166 2764 ἢ
3209 2693 3394 2763 λέγειν
3428 2698 3567 2767 περὶ

295 2775 484 2829 audire
514 2776 599 2831 vel
626 2776 774 2848 loqui
805 2772 1158 2845 auderemus,
1189 2797 1295 2836 non
1330 2792 1539 2838 tantum
1568 2785 1633 2840 de
1659 2785 1725 2839 iis
1750 2801 1791 2856 (ιι

2021 2775 2082 2828 ὒν
2125 2775 2282 2831 θείων
2306 2818 2320 2843 ,
2360 2778 2433 2851 μὴ
2458 2779 2539 2832 ὅτι
2577 2796 2641 2849 γε
2679 2781 2773 2835 ἐπὶ
2811 2784 2923 2846 τοῖς
2961 2784 3342 2855 ἀγνοουμένοις
3364 2826 3378 2850 ,
3423 2785 3568 2840 ἀλλά

298 2974 438 3025 mus,
464 2960 567 3015 nisi
600 2961 759 3017 nobis
786 2977 1108 3031 persuasum
1130 2976 1298 3032 esset,
1329 2970 1471 3023 haud
1494 2985 1707 3039 aequum
1726 2984 1870 3036 esse,

297 3065 479 3103 rerum
510 3052 818 3107 divinarum
849 3071 1014 3124 quam
1045 3058 1269 3127 quilibet
1312 3075 1436 3114 cum
1472 3062 1652 3116 divina
1694 3063 1869 3131 gratia

294 3145 508 3212 assequi
535 3154 732 3214 potest,
766 3149 1050 3203 scientiam
1080 3150 1356 3222 negligere
1381 3170 1395 3219 ;
1425 3155 1501 3208 uti
1523 3154 1871 3221 manifestum

297 3236 355 3288 lit
384 3250 449 3290 ex
488 3251 555 3291 eo
602 3238 697 3308 qui
734 3240 998 3296 talentum
1050 3257 1156 3297 non
1213 3245 1565 3312 expenderet.
1616 3246 1757 3312 Quin
1816 3247 1871 3301 id

301 3328 474 3389 ipsum
506 3328 663 3383 nobis
699 3344 916 3400 quoque
954 3336 1308 3398 persuadent,
1346 3335 1635 3404 pulchrum
1679 3352 1874 3407 nempe

298 3434 421 3471 esse
448 3434 574 3474 cum
604 3420 727 3477 aliis
753 3423 1039 3478 scientiam
1086 3442 1239 3481 suam
1289 3430 1693 3484 communicare
1716 3470 1732 3493 ,
1772 3446 1873 3485 na-

302 3516 495 3571 turalia
527 3518 835 3573 divinorum
870 3522 1187 3590 angelorum
1219 3523 1489 3578 desideria
1520 3564 1536 3589 ,
1585 3527 1711 3579 dum
1744 3541 1876 3581 eon-

306 3610 609 3664 venientem
650 3626 863 3681 semper
892 3614 1129 3668 divinam
1173 3615 1690 3686 contemplationem
1734 3619 1877 3674 desi-

302 3703 526 3765 derant;
579 3717 680 3757 nec
730 3717 837 3771 non
887 3705 1054 3758 etiam
1105 3704 1413 3761 divinarum
1471 3706 1873 3777 Scriptttrarum

300 3795 575 3848 ordinatio
596 3835 612 3860 ,
644 3796 772 3848 dum
805 3796 1059 3864 prohibet
1085 3799 1301 3867 quidem
1335 3814 1397 3853 ea
1429 3816 1548 3869 quae
1578 3816 1739 3870 supra
1776 3818 1877 3859 nos

302 3897 428 3940 sunt
458 3888 734 3943 curiosius
782 3889 1084 3958 inquirere,
1138 3892 1295 3946 sicuti
1347 3872 1626 3963 Sapientia
1681 3896 1874 3950 Sirach

302 3980 494 4033 suadet
517 4000 529 4035 :
570 3980 774 4033 Alliam
801 3991 851 4034 te
879 3996 942 4034 ne
971 3982 1262 4052 qttwrieris,
1290 3993 1337 4036 el
1360 3984 1709 4053 profundiore
1740 3995 1788 4039 te
1814 4003 1878 4040 ne

302 4075 549 4128 sci-uteris
593 4073 627 4129 '.
686 4073 850 4145 350
911 4075 1162 4145 Prmcipit
1224 4092 1354 4131 vero
1391 4116 1408 4142 ,
1481 4087 1539 4131 ut
1603 4078 1878 4134 discamus

303 4184 364 4217 t-u
401 4180 521 4233 qua:
544 4180 831 4233 possumus
854 4205 869 4229 ,
914 4174 973 4218 ut
1016 4168 1232 4221 divinus
1276 4166 1429 4236 jubet
1456 4170 1767 4236 Apostolus,
1799 4170 1881 4222 di-

305 4271 433 4310 cens
457 4275 471 4311 :
509 4253 574 4306 Et
602 4271 718 4323 qua:
744 4255 943 4308 audisti
970 4273 1002 4309 a
1031 4272 1130 4323 me,
1160 4258 1272 4311 Iure
1303 4260 1607 4312 commenda
1635 4260 1879 4327 ﬁdelibus

305 4347 600 4400 hominibus
632 4358 693 4399 ω.
764 4346 1070 4401 Istiusmodi
1132 4349 1353 4404 monitis
1410 4365 1615 4404 morem
1683 4367 1878 4421 geren-

306 4452 386 4491 tes
422 4479 437 4500 ,
516 4440 695 4507 quoad
753 4438 1071 4507 possibilem
1128 4439 1436 4495 divinorum
1498 4443 1872 4498 inventionem

304 4533 547 4586 animum
596 4547 703 4587 non
731 4532 1129 4601 despondentes
1153 4571 1170 4597 ,
1206 4533 1302 4588 sed
1330 4544 1385 4588 et
1415 4534 1536 4589 illos
1560 4535 1651 4605 qui
1685 4546 1872 4590 nostro

307 4625 527 4679 modulo
582 4638 647 4677 ac
693 4622 953 4677 facultate
1001 4623 1315 4677 sublimiora
1364 4639 1564 4693 capere
1613 4634 1878 4694 possunt,

306 4719 510 4773 auxilio
531 4719 746 4773 destitui
775 4732 879 4772 non
905 4715 1163 4784 ferentes,
1186 4733 1306 4772 cum
1330 4718 1497 4788 aliqui
1519 4732 1583 4773 ex
1608 4720 1710 4773 hac
1732 4717 1883 4772 lnnni

309 4820 557 4880 reptante
582 4809 827 4863 doctrina
863 4819 1072 4873 nostra,
1098 4809 1280 4864 studio
1299 4824 1363 4863 ac
1385 4811 1735 4865 meditatione
1762 4826 1881 4874 sua,
1898 4796 1911 4808 ’

308 4913 529 4967 possent
552 4903 617 4956 ad
641 4902 1014 4957 sublimiorem
1038 4901 1274 4971 aliquam
1296 4901 1540 4956 notitiam
1565 4903 1885 4967 ascendere,

310 5010 406 5047 nos
426 4994 571 5061 ipsos
593 5009 694 5064 ope
714 4995 894 5048 divina
915 4993 1291 5057 excitavimus,
1314 5004 1365 5049 et
1393 4994 1634 5049 anintum
1658 4996 1724 5049 ad
1753 4995 1888 5051 scri-

313 5087 544 5139 bendum
572 5086 915 5156 appulimus,
942 5085 1074 5139 nihil
1101 5085 1318 5155 quidem
1356 5087 1482 5140 novi
1512 5102 1577 5143 ac
1611 5088 1885 5158 peregrini

312 5179 508 5237 all'erre
537 5187 591 5232 et
616 5178 891 5247 explicare
921 5186 1331 5247 praesumentes,
1368 5179 1463 5233 sed
1502 5178 1888 5233 minutioribus

311 5271 575 5323 duntaxat
616 5270 1008 5339 quzestionihus
1037 5285 1122 5336 ea,
1152 5286 1270 5341 qua:
1300 5272 1607 5325 summatim
1634 5286 1663 5325 a
1696 5280 1888 5328 sancto

311 5361 607 5430 divinoque
640 5362 756 5416 viro
781 5362 856 5433 (id
890 5374 967 5417 est
997 5363 1163 5426 enim,
1194 5382 1225 5417 a
1249 5380 1365 5417 vere
1399 5358 1883 5431 llierotheo)‘dicta

313 5465 437 5508 snnt
476 5466 807 5523 exponentes
834 5496 849 5517 ,
894 5466 943 5508 et
980 5456 1222 5524 pluribus
1252 5458 1408 5523 plana
1439 5457 1720 5514 facientes.

394 5609 410 5648 ¹
444 5610 590 5666 ίίςΗὶ
646 5627 724 5671 tlt,
756 5612 842 5664 2‘2.
924 5624 961 5650 ιιι
988 5610 1023 5664 ll
1053 5612 1188 5667 Τὶηι.
1230 5630 1286 5677 ll,
1323 5614 1371 5668 '2.

182 2898 185 2899 ν
295 2868 607 2935 ignoramus
630 2908 647 2936 ,
696 2886 885 2926 verum
917 2872 1080 2929 etiam
1120 2875 1186 2929 de
1222 2875 1288 2930 iis
1316 2891 1436 2938 qum
1465 2888 1658 2934 exacte
1691 2894 1787 2934 nos

2021 2868 2071 2920 αὶ
2097 2868 2191 2922 ἐπὶ
2216 2872 2329 2934 τοῖς
2349 2870 2593 2942 ἀκριϐῶς
2620 2875 3042 2946 γινωσκομένοις
3068 2879 3219 2949 ἡμῖν,
3247 2880 3294 2931 εί
3322 2878 3399 2950 μὴ
3423 2879 3567 2932 κατά

1978 2959 2102 3013 νοῦν
2130 2960 2348 3032 εἴχομεν
2370 3002 2385 3026 ,
2412 2963 2494 3016 ὅτι
2519 2964 2579 3016 ού
2607 2964 2812 3018 δίκαιόν
2850 2968 2997 3020 ἐστιν
3038 2967 3261 3039 ἀμελεῖν
3291 2968 3395 3037 τῆς
3420 2969 3567 3021 ἐνδε-

1978 3052 2215 3124 χομένης
2230 3053 2339 3110 τῶν
2366 3053 2525 3108 θείων
2554 3054 2827 3124 γνώσεως,
2855 3051 2923 3128 ἧς
2953 3058 3181 3121 ἕκαστος
3212 3058 3476 3129 μετέσχεν
3502 3060 3567 3111 ἐκ

1975 3141 2077 3213 τῆς
2102 3142 2251 3207 θείας
2276 3144 2495 3216 χάριτος
2513 3163 2525 3176 ·
2554 3145 2647 3198 καὶ
2670 3144 2826 3217 δῆλον
2850 3148 2913 3201 ἐκ
2940 3148 3032 3202 τοῦ
3076 3149 3149 3220 μὴ
3189 3147 3564 3220 ἐπεξεργασα-

1981 3237 2144 3308 μένου
2168 3237 2229 3291 τὸ
2249 3238 2527 3293 τάλαντον.
2557 3242 2667 3295 Καὶ
2692 3244 2770 3306 είς
2812 3242 2970 3296 τοῦτο
3007 3245 3153 3315 ἡμᾶς
3194 3236 3419 3297 ἔπεισαν
3438 3285 3452 3308 ,
3481 3246 3566 3298 τίει

1978 3328 2143 3383 καλόν
2168 3330 2287 3383 ἐστι
2311 3330 2509 3403 δηλαδὴ
2533 3332 2596 3384 τὸ
2624 3334 2957 3404 μεταδιδόναι
2985 3336 3080 3388 καὶ
3106 3335 3319 3404 ἑτέροις
3347 3336 3449 3407 τῆς
3475 3339 3562 3391 ἐν·

1977 3419 2273 3492 δεχομένης
2312 3420 2567 3489 γνώσεως
2590 3463 2605 3487 ,
2647 3426 2700 3477 αἱ
2738 3426 2963 3493 φυσικαὶ
3002 3426 3216 3495 ἐφέσεις
3255 3426 3365 3479 τῶν
3407 3426 3567 3481 θείων

1978 3514 2227 3583 ἀγγέλων
2254 3516 2522 3585 ἐφετικῶς
2564 3517 2652 3570 ἀεὶ
2689 3517 3001 3588 γλιχόμεναι
3041 3519 3139 3589 τῆς
3177 3520 3565 3592 προσηκούσης

1980 3611 2132 3676 θείας
2166 3612 2436 3685 θεωρίας·
2481 3614 2575 3666 καὶ
2620 3612 2757 3686 αὑτὴ
2796 3613 2860 3685 δὴ
2901 3616 2935 3687 ἡ
2976 3614 3086 3668 τῶν
3130 3615 3294 3669 θείων
3332 3616 3565 3689 Γραφιῖη

1978 3702 2239 3769 διάταξις,
2272 3704 2653 3776 ἀποτρέπουσα
2682 3706 2778 3776 μὲν
2804 3705 3277 3778 πολυπραγμονεῖν
3318 3708 3387 3761 τὰ
3426 3709 3564 3780 ὑπὲρ

1979 3794 2146 3864 ἡμᾶς,
2174 3793 2250 3856 ὡς
2282 3794 2316 3864 ἡ
2337 3791 2509 3863 Σοφία
2535 3793 2628 3847 τοῦ
2660 3794 2861 3866 Σειράχ
2888 3795 3225 3865 παραινοῦσα
3247 3813 3261 3826 ·
3306 3796 3564 3867 Ύψηλό-

1979 3884 2117 3951 septi
2131 3900 2247 3939 σου
2268 3884 2356 3955 μὴ
2390 3884 2562 3951 ζήτει,
2594 3887 2691 3939 καὶ
2719 3886 3022 3955 ,ϐαθύτερά
3050 3904 3167 3941 σου
3188 3888 3274 3957 μὴ
3304 3890 3522 3957 ἐρεύνα
3544 3907 3557 3921 ·

1978 3975 2357 4047 προτρέπουσα
2401 3976 2459 4029 δὲ
2503 3978 2583 4040 είς
2640 3977 2709 4031 τὰ
2751 3977 2891 4031 κατά
2929 3976 3191 4049 δύναμιν,
3235 3979 3313 4044 ὼς
3356 3982 3386 4034 ὁ
3430 3980 3564 4044 θεῖος

1994 4068 2313 4133 ’Λπόστολος
2359 4067 2800 4140 διακελευόμενος
2822 4086 2836 4100 ·
2889 4070 2998 4125 Καὶ
3042 4071 3080 4123 ἁ
3120 4070 3395 4139 ἤκουσας
3434 4076 3562 4139 παρ’

1912 4203 1954 4258 D
1982 4161 2128 4229 ἐμοῦ
2147 4201 2162 4225 ,
2210 4162 2394 4215 ταῦτα
2435 4162 2705 4230 παράθου
2750 4162 2986 4230 πιστοῖς
3033 4164 3385 4233 ἀνθρώποις.
3438 4168 3566 4230 Ταῖς

1984 4253 2259 4319 τοιαύταις
2285 4253 2595 4324 πειθόμενοι
2623 4255 2989 4325 παραινέσεσι,
3034 4257 3170 4327 πρὸς
3200 4256 3299 4328 τὴν
3343 4258 3560 4328 ἐφικτὴν

1986 4345 2095 4398 τῶν
2138 4344 2296 4398 θείων
2338 4344 2556 4416 εὕρεσιν
2605 4344 2678 4416 μὴ
2733 4345 3244 4411 ἀποδειλιάσαντες,
3295 4348 3433 4402 ἀλλά
3476 4350 3559 4403 καὶ

1986 4436 2113 4499 τοὺς
2143 4434 2222 4488 ἔτι
2255 4435 2584 4506 δυναμένους
2612 4438 2692 4501 είς
2720 4436 2789 4489 τὰ
2820 4437 3102 4507 κρείττονα
3136 4437 3230 4490 καὶ
3262 4438 3559 4511 ὑψηλότερα

1988 4530 2086 4600 τῆς
2114 4529 2385 4601 ἡμετέρας
2408 4528 2574 4594 ἕξεως
2598 4530 2693 4582 καὶ
2717 4529 2996 4601 δυνάμεως
3023 4529 3375 4603 ἀναδραμεῖν,
3408 4531 3561 4602 ἀϐοη-

1991 4622 2184 4694 θήτους
2211 4622 2272 4675 οὐ
2302 4620 2558 4693 φέροντες
2599 4621 2915 4674 καταλιπεῖν
2942 4621 3018 4685 ὡς
3045 4621 3205 4692 τυχὸν
3224 4661 3239 4685 ,
3271 4624 3338 4675 ἐκ
3362 4623 3557 4692 ταύτης

1990 4719 2053 4791 δὴ
2098 4717 2198 4788 τῆς
2224 4716 2498 4788 ἡμετέρας
2525 4715 2841 4788 χαμερποῦς
2882 4714 3226 4780 διδασκαλίας
3268 4716 3559 4787 ἀναχθτίξσε⁶

1994 4811 2117 4864 σθαι
2148 4809 2445 4881 μελλόντων
2475 4808 2635 4862 τινῶν
2659 4811 2738 4872 είς
2762 4807 3099 4878 ὑψηλοτέραν
3125 4807 3349 4876 γνῶσιν,
3370 4808 3558 4879 μελέτῃ

1992 4923 2051 4957 τε
2080 4905 2172 4957 καὶ
2202 4902 2425 4973 σπουδῇ,
2455 4902 2550 4955 καῖ¹
2574 4905 2641 4973 τῇ
2669 4900 2789 4972 θεία
2812 4901 3084 4971 συνάρσει,
3118 4900 3441 4973 καθήκαμεν
3473 4902 3557 4953 καὶ

1993 4996 2316 5066 ἐνεϐάλομεν
2343 4995 2567 5058 ἑαυτοὺς
2592 4996 2671 5057 είς
2703 4993 2800 5065 τὴν
2846 4984 3129 5066 ἐγγραφὴν
3154 5034 3168 5058 ,
3208 4993 3328 5046 νέον
3366 4995 3464 5065 μέν
3488 5010 3555 5045 τοι

1995 5089 2086 5140 καὶ
2132 5086 2280 5151 ξένον
2321 5086 2381 5140 οὐ
2421 5084 2725 5156 τολμῶντες
2764 5086 3101 5158 εἰσηγεῖσθαι
3146 5085 3241 5140 καὶ⁵
3260 5085 3552 5145 διδάσκειν,

1990 5179 2341 5251 λεπτοτέραις
2381 5180 2438 5232 δὲ
2487 5178 2761 5245 ὲξετάσεσι
2802 5178 2871 5231 τά
2916 5177 3252 5242 συνοπτικιῖκ
3304 5176 3551 5249 εἰρημένα

1990 5273 2066 5342 τῷ
2092 5273 2220 5344 ἱερῷ
2241 5274 2336 5326 καὶ
2367 5272 2496 5343 θείῳ
2515 5272 2669 5342 ἀνδρὶ
2690 5270 2868 5343 (τοῦτο
2891 5274 2999 5344 γὰρ
3024 5275 3139 5326 ἐστι
3165 5273 3247 5335 τὺ,
3276 5271 3358 5337 τῷ
3385 5271 3552 5332 ὄντως

2003 5367 2297 5437 Ἰεροθέφ)
2343 5365 2797 5430 ἀναπτύσσοντες,
2839 5367 2931 5418 καὶ
2963 5365 3095 5437 δῆλα
3143 5357 3421 5428 ποιοῦντες
3452 5360 3549 5421 τοῖς

1995 5459 2253 5513 πλείοσιν.
