3742 6308
333 227 434 285 695

1504 235 1564 290 S.
1606 234 1911 293 DlONYSll
1945 236 2408 297 AREOPAGITIE

3501 244 3607 301 επ

333 352 472 421 priis
501 363 685 405 rerum
724 352 1026 408 rationibus
1058 351 1438 423 illustrantur;
1479 370 1808 425 rursumque
1854 355 1905 409 in

2098 359 2188 411 ,εἷα
2228 358 2704 429 διαπορθμεύουσι.
2733 360 2843 417 Καὶ
2880 361 2979 434 τὴν
3018 361 3192 435 μονὴν
3221 363 3289 419 ἐκ
3317 362 3427 434 τῆς
3470 363 3607 433 ἀτα-

332 456 395 495 ριι
425 457 546 512 qua:
592 442 699 497 illis
741 454 969 513 cegnata
1022 453 1153 499 sunt
1203 461 1298 500 sua
1350 462 1577 502 munera
1631 447 1902 502 derivant.

334 532 669 589 Mausionem
722 550 938 605 quoque
988 552 1021 590 a
1069 537 1316 593 bonitate
1373 538 1612 604 habent;
1662 540 1792 610 quin
1849 549 1906 593 et

332 641 523 681 earum
554 626 782 682 firmitas
808 629 970 693 hinc,
1004 639 1058 685 et
1089 630 1364 686 stabilitas
1385 670 1401 695 ,
1430 643 1485 685 et
1512 632 1860 686 conservatio
1890 670 1904 693 ,

334 718 706 789 bonorumque
735 720 997 790 pabulum
1024 724 1258 791 pendet;
1298 732 1357 779 et
1401 724 1530 777 dum
1562 723 1709 777 illam
1741 738 1907 792 appe-

333 819 471 877 tunt,
504 817 611 863 tam
635 819 694 864 ut
719 813 847 874 sint,
884 828 1045 881 quam
1076 822 1132 868 ut
1160 813 1301 870 bene
1334 814 1468 880 sint,
1505 815 1774 879 obtinent,
1807 830 1906 870 ncc

329 913 435 952 non
467 900 566 968 illi,
600 911 865 971 quantum
914 904 1002 959 fas
1056 915 1180 972 est,
1231 906 1687 973 conformantur,
1743 917 1911 976 atque

329 991 455 1045 boni
494 993 733 1060 speciem
776 1009 888 1064 prae
916 1011 974 1051 se
1004 995 1208 1064 ferunt,
1239 1007 1317 1065 et,
1360 997 1516 1066 juxta
1563 999 1697 1070 legis
1739 999 1911 1055 dieta-

328 1096 474 1148 meu,
504 1082 795 1163 inferiores
825 1102 956 1142 suos
986 1087 1252 1141 donorum
1286 1103 1355 1143 ex
1377 1104 1590 1145 summo
1618 1090 1759 1145 bouo
1784 1102 1910 1160 pro-

329 1176 667 1232 manantium
704 1179 997 1249 participes
1028 1180 1283 1236 reddunt.

2015 445 2238 517 θότητος
2262 446 2474 518 ἔχουσι’
2508 448 2601 501 καὶ
2625 450 2832 520 ἵδρυσις
2857 451 3049 515 αὑταῖς
3076 451 3283 506 ἐκεῖθέν
3322 452 3472 515 ἐστι,
3514 454 3606 505 καὶ

2016 541 2230 611 συνοχὴ,
2260 542 2354 595 καὶ
2396 540 2627 614 φρουρὰ,
2674 542 2770 596 καὶ
2811 542 3028 597 horia"
3064 544 3178 599 τῶν
3212 543 3480 613 ἀγαθῶν,
3515 547 3605 597 καὶ

2014 633 2184 703 αὐτῆς
2212 633 2515 705 ἐφιέμεναι,
2543 636 2637 689 καὶ
2659 636 2719 689 τὸ
2747 632 2883 689 εἶναι
2916 637 3009 690 καὶ
3029 634 3090 690 τδ
3120 632 3179 691 εὖ
3214 633 3356 690 εἶναι
3387 637 3604 709 ἔχουσι,

2015 726 2269 797 καὶπρὸς
2292 728 2460 801 αὐτὴν
2477 727 2553 793 ὡς
2586 729 2808 799 ἐφικτὸν
2846 728 3289 802 ἀποτυπούμεναι
3333 731 3433 783 καὶ
3472 732 3608 799 ἀγα-

2015 821 2239 887 θοειδείς
2283 824 2388 876 είσι
2425 823 2518 875 καὶ
2556 825 2677 888 ταῖς
2711 823 2828 894 μετ’
2872 822 3041 887 αὐτὰς
3084 822 3439 878 κοινωνοῦσιν
3465 823 3549 888 ὡς
3582 826 3609 876 ὁ

2014 914 2156 978 θεῖος
2181 914 2378 985 Θεσμὺς
2411 915 2734 987 ὑφηγεῖται,
2775 914 2884 968 τῶν
2928 916 3008 979 είς
3049 912 3218 978 αὑτὰς
3251 915 3319 968 ὲκ
3354 914 3608 983 τάγαθοῦ

2008 1007 2476 1079 ηδιαφοιτησάντων
2501 1007 2708 1080 δώρων.

1874 1317 2010 1395 §u.

382 1456 511 1514 Inde
530 1458 633 1513 illis
652 1461 871 1517 ordines
886 1466 1371 1533 supermundiales.
1385 1466 1548 1543 352
1560 1484 1748 1524 carum
1769 1469 1910 1523 inter

326 1566 383 1605 se
424 1551 863 1622 conjunctioues,
900 1564 1105 1613 mutua:
1140 1560 1523 1628 susceptiones
1545 1599 1561 1623 ,
1614 1559 1909 1615 inconfusa:

2098 1460 2335 1516 Ἐκεῖθεν
2374 1462 2567 1526 αὑταῖς
2605 1462 2661 1516 αἱ
2705 1460 3064 1533 ὑπερκόσμιοι
3097 1459 3316 1526 τάξεις,
3361 1458 3421 1512 αἱ
3470 1455 3607 1527 arpi;

2014 1556 2214 1621 ἑαυτὰς
2245 1552 2486 1620 ὲνώσεις,
2514 1556 2572 1608 αἱ
2600 1556 2659 1609 ὲν
2681 1554 2938 1627 ἀλλήλαις
2979 1553 3252 1625 χωρήσεις
3275 1592 3288 1616 ,
3330 1552 3387 1603 αἱ
3426 1548 3606 1616 ἀσύγο

326 1645 729 1713 distinctiones,
760 1646 989 1705 virtutes
1017 1650 1132 1706 istae
1158 1652 1360 1722 quibus
1404 1650 1693 1708 inferiores
1730 1652 1906 1707 addu-

2098 1666 2163 1702 ιοι
2190 1648 2511 1719 διακρίσεις,
2537 1647 2594 1700 αἱ
2620 1646 2755 1719 πρὸς
2776 1645 2879 1710 τάς
2900 1646 3178 1717 κρείττους
3200 1641 3547 1711 ἀναγωγικαὶ
3562 1639 3607 1669 ⁷³

327 1748 527 1793 cuntur
551 1741 621 1794 ad
649 1740 981 1811 superiores,
1015 1746 1367 1814 providentiae
1405 1750 1751 1819 superiorum
1800 1750 1908 1807 cir-

327 1848 395 1887 ca
432 1832 745 1901 inferiores,
778 1835 1072 1905 cujuslibet
1101 1839 1361 1895 virtutum
1410 1858 1632 1898 suarqu
1676 1859 1905 1898 conser-

327 1925 599 1993 vationes,
630 1936 685 1982 et
710 1928 1079 1986 immutabiles
1100 1932 1151 1985 in
1178 1932 1499 2003 semetipsas
1519 1934 1905 1998 revelationes.

326 2024 518 2079 eadem
573 2033 736 2095 atque
787 2040 997 2081 summa
1048 2028 1247 2084 summi
1306 2028 1431 2083 boui
1500 2030 1808 2094 desideria.
1853 2041 1909 2085 et

323 2133 665 2187 quaecunque
695 2117 799 2172 alia
827 2118 881 2173 in
916 2128 1152 2175 tractatu
1189 2120 1262 2175 De
1294 2123 1706 2190 proprietatibus
1753 2133 1909 2191 atque

322 2210 595 2264 ordinibus
636 2210 944 2279 angelorum
988 2227 1019 2266 a
1062 2213 1222 2267 nobis
1271 2224 1399 2268 sunt
1446 2224 1904 2281 commemorata;

321 2303 569 2373 quiuitno
597 2304 759 2359 etiam
791 2319 910 2375 qua:
937 2305 1003 2358 ad
1038 2304 1318 2359 cmicstcm
1352 2305 1716 2362 bicrarcbiam
1777 2318 1907 2373 spe-

325 2406 496 2465 ctant,
517 2396 851 2467 utangelica
877 2396 1259 2463 Iustrationes,
1292 2399 1750 2466 supermundanae
1786 2397 1909 2453 illu-

323 2488 657 2543 minationes
710 2489 987 2557 totiusque
1036 2489 1299 2560 angelicae
1355 2489 1709 2560 perfectionis
1768 2506 1905 2546 con-

322 2579 638 2644 summatio,
668 2594 738 2635 ex
769 2580 1059 2635 universali
1092 2596 1255 2636 causa
1309 2580 1609 2652 fontalique
1662 2581 1907 2636 bonitate

325 2672 767 2743 proficiscuntur,
802 2687 871 2727 ex
903 2688 1005 2743 qua
1036 2673 1200 2729 etiam
1253 2673 1487 2745 ipsemet
1533 2673 1705 2737 forma
1751 2671 1905 2728 boni-

322 2764 452 2820 tatis
486 2764 618 2834 ipsis
648 2765 773 2819 data
804 2774 910 2831 est,
937 2778 1370 2834 concessumque
1394 2805 1410 2831 ,
1445 2775 1503 2819 ut
1542 2764 1801 2819 latentem
1846 2764 1903 2818 in

323 2868 383 2910 se
432 2854 734 2910 bonitatem
789 2852 1003 2908 valeant
1054 2854 1387 2923 enuntiare,
1453 2853 1903 2926 sintque.angeli

2008 1742 2117 1795 τῶν
2161 1740 2471 1812 ὐφειμένων
2516 1739 2794 1810 δυνάμεις,
2829 1740 2884 1791 αἱ
2929 1738 3056 1809 περὶ
3088 1735 3156 1791 τά
3195 1734 3425 1805 δεύτερα

2009 1852 2147 1888 νοιαι
2192 1834 2301 1888 τῶν
2351 1832 2773 1905 πρεσϐυτέρων,
2824 1831 2881 1885 αἱ
2932 1829 3044 1883 τῶν
3091 1829 3307 1883 οἰκείων
3359 1826 3607 1894 ἑκάστης

2008 1926 2290 1997 δυνάμεως
2312 1925 2578 1997 φρουραὶ,
2615 1923 2712 1977 καὶ
2735 1921 2864 1994 περὶ
2900 1920 3101 1985 ἑαυτὰς
3120 1921 3167 1952 ⁷⁸
3209 1920 3608 1991 ἀμετάπτωτοι

2012 2018 2324 2085 συνελίξεις,
2351 2018 2406 2071 αί
2431 2017 2560 2089 περὶ
2600 2016 2699 2086 τὴν
2736 2014 2925 2085 ἔφεσιν
2958 2011 3196 2082 τάγαθοῦ
3230 2010 3605 2081 ταύτότητες,

2010 2113 2102 2166 καὶ
2150 2111 2450 2184 ἀκρότητες
2472 2149 2488 2175 ,
2528 2110 2624 2164 καὶ
2665 2110 2767 2164 ὅσα
2814 2107 2950 2162 ἄλλα
2996 2105 3210 2178 εἴρηται
3256 2103 3395 2175 πρὸς
3443 2103 3607 2174 ἡμῶν

2008 2207 2067 2258 ἐν
2089 2202 2169 2275 τῷ
2190 2203 2330 2271 Περὶ
2358 2202 2478 2256 τῶν
2504 2200 2839 2272 ἀγγειιικῶν
2865 2197 3172 2265 ὶδιοτήτων
3206 2196 3302 2249 καὶ
3332 2194 3564 2258 τάξεων
3585 2212 3602 2224 ·

2009 2298 2145 2352 ἀλλά
2171 2299 2266 2352 καὶ
2288 2299 2389 2351 ὅσα
2409 2297 2511 2368 τῆς
2535 2294 2790 2368 οὐρανίας
2812 2292 3097 2368 ίεραρχίας
3136 2290 3287 2344 ἐστὶν
3308 2330 3325 2354 ,
3352 2290 3405 2341 αἱ
3434 2289 3605 2355 ἀγγε-

2008 2390 2302 2462 λοπρεπεῖς
2344 2390 2657 2461 καθάρσεις,
2704 2388 2758 2442 αἱ
2802 2385 3159 2457 ὑπερκόσμιοι
3202 2379 3603 2453 φωταγωγίαι,

2010 2487 2105 2538 καὶ
2128 2485 2201 2538 τά
2218 2482 2573 2555 τελεσιουργά
2591 2482 2636 2513 ⁷⁸
2676 2481 2777 2551 τῆς
2813 2476 2950 2551 ὅλης
2991 2474 3287 2548 ἀγγελικῆς
3326 2472 3603 2543 τελειότη-

2007 2598 2118 2646 τος,
2144 2582 2209 2634 ἑκ
2231 2581 2331 2651 τῆς
2356 2578 2636 2633 παναιτίου
2660 2578 2754 2631 καὶ
2792 2573 3033 2647 πηγαίοις
3070 2572 3217 2625 ἐστὶν
3237 2568 3600 2639 ἀγαθάτητος.

2008 2672 2069 2742 ἐξ
2092 2668 2160 2747 ἦς
2187 2674 2282 2728 καὶ
2312 2673 2374 2727 τὸ
2412 2671 2724 2741 ἁγαθοειδὲς
2763 2669 2952 2732 αὐταῖς
2989 2662 3237 2737 ἐδωρήθη
3260 2702 3276 2729 ,
3301 2659 3398 2716 καὶ
3422 2658 3489 2712 τὸ
3512 2659 3603 2711 ἐκ·

2008 2767 2224 2837 φαίνειν
2249 2768 2309 2820 ὲν
2333 2766 2555 2828 ἑαυταῖς
2581 2763 2680 2833 τὴν
2704 2760 2942 2834 κρυφίαν
2964 2758 3298 2827 ἀγαθότητα,
3325 2754 3423 2808 καὶ
3458 2748 3600 2806 εἶναι

2006 2858 2270 2929 ἀγγέλους
2292 2858 2481 2929 ὥσπερ
2495 2852 2883 2926 ὲξαγγελτικάς
2906 2856 2922 2872 ⁸
2949 2852 3046 2923 τῆς
3063 2849 3214 2914 θείας
3230 2848 3391 2919 σιγῆς
3409 2846 3482 2910 ’⁸,
3505 2842 3602 2898 καὶ

322 2947 469 3003 velut
498 2947 826 3016 interpretes
850 2946 1016 3003 divini
1050 2947 1253 3003 silentii
1280 2990 1296 3014 ,
1326 2942 1397 3004 ἐι
1450 2956 1709 3018 tanquam
1751 2950 1902 3006 clara

2098 2972 2117 3008 ν
2156 2952 2311 3023 φῶτα
2356 2950 2501 3023 φανά
2536 2949 2630 3004 τοῦ
2676 2950 2736 3003 ὲν
2776 2946 2989 3010 ἀδύτοις
3027 2944 3180 3009 ὄντος
3222 2941 3600 3013 ἑρμηνευτικά

322 3036 551 3104 lumina,
583 3055 705 3109 qua:
736 3041 787 3095 in
819 3039 997 3108 adytis
1028 3039 1288 3097 latentem
1328 3040 1589 3097 indicant.
1628 3039 1900 3099 Praaterea

2098 3045 2509 3117 >6ε6λημένας⁹.
2554 3041 2714 3097 Ἀλλὰ
2738 3042 2832 3095 καὶ
2860 3041 2975 3113 μετ’
2997 3039 3239 3115 ἐκείνους
3259 3036 3389 3099 τοὺς
3416 3035 3599 3106 ἱεροὺς

321 3149 445 3209 post
470 3155 657 3195 sacras
686 3141 817 3195 istas
846 3147 1174 3207 sanctasque
1206 3147 1442 3205 mentes,
1468 3139 1663 3194 animae
1687 3155 1905 3211 quoque

2098 3180 2103 3192 .
2139 3140 2324 3208 ἁγίους
2346 3138 2494 3203 νόας,
2535 3137 2591 3191 αἱ
2621 3135 2792 3207 ψυχώ⁵
2832 3134 2926 3188 καὶ
2964 3134 3066 3187 ὅσα
3098 3129 3291 3202 ψυχῶν
3316 3129 3364 3161 ⁷⁷
3388 3130 3595 3201 ἀγαθὰ.

323 3247 389 3287 ac
438 3230 693 3302 quaelibet
738 3230 1043 3309 animarum
1097 3229 1234 3284 bona
1285 3240 1413 3285 sunt
1456 3245 1554 3299 per
1602 3231 1901 3287 bonitatem

322 3322 493 3387 illam,
525 3337 647 3390 quae
676 3336 838 3377 omne
886 3322 1089 3375 bonum
1141 3332 1394 3391 superat;
1448 3322 1570 3376 inde
1616 3323 1900 3391 prownit,

322 3413 444 3468 illas
474 3411 750 3468 intellectu
782 3413 1035 3481 praeditas
1054 3426 1198 3479 esse,
1218 3413 1386 3466 vitam
1417 3413 1623 3469 habere
1647 3414 1903 3469 substan-

323 3504 507 3559 tialem
534 3542 552 3569 ,
595 3504 963 3572 corruptionis
1018 3515 1296 3574 expertem
1323 3544 1338 3569 ,
1387 3513 1446 3559 ut
1493 3520 1614 3561 esse
1664 3507 1903 3563 habeant

320 3612 447 3653 cum
476 3595 685 3668 angelis
713 3611 1023 3664 commune,
1050 3597 1368 3667 possintque
1401 3597 1468 3652 ad
1494 3612 1682 3654 eorum
1712 3600 1900 3655 viven-

321 3690 377 3744 di
425 3690 693 3745 rationem
741 3689 1030 3759 aspirare,
1080 3704 1312 3759 quorum
1359 3690 1526 3746 ductu
1573 3692 1782 3761 optimo
1832 3693 1900 3748 ad

319 3783 589 3838 bonorum
617 3780 861 3837 omnium
887 3796 1160 3838 summum
1192 3784 1391 3843 bonum
1442 3794 1897 3855 promoveantur,

319 3885 484 3946 atque
518 3888 585 3931 ex
612 3875 803 3932 eodem
833 3877 1271 3947 promanantium
1302 3877 1765 3933 illuminationum
1796 3894 1899 3948 pro

318 3982 479 4044 captu
522 3988 623 4030 suo
651 3974 949 4044 participes
984 3973 1236 4039 evadant,
1276 3973 1513 4044 donique
1550 3974 1896 4037 boniformis,

317 4075 575 4137 quantam
609 4075 855 4138 possunt,
889 4074 1093 4121 sortem
1132 4065 1446 4135 accipiant,
1470 4075 1529 4121 et
1557 4081 1897 4136 quaecunque

316 4160 421 4213 alia
453 4160 506 4214 in
543 4168 776 4214 tractatu
805 4159 884 4213 De
915 4159 1096 4213 anima
1130 4168 1257 4212 sunt
1290 4173 1320 4211 a
1358 4158 1518 4213 nobis
1547 4167 1892 4213 enumerata.

318 4253 507 4319 l’orro,
537 4253 580 4306 si
612 4254 679 4307 de
719 4252 1005 4308 animabus
1052 4267 1271 4324 quoque
1319 4251 1534 4307 ratione
1576 4252 1895 4307 carentibus

316 4343 716 4398 animalibusve
746 4342 1098 4413 loquendum,
1147 4361 1266 4415 qua:
1294 4346 1376 4399 vel
1422 4358 1606 4398 aerem
1653 4352 1893 4409 tranant,

318 4446 592 4491 terramve
619 4444 928 4504 permeant,
958 4442 1051 4489 aut
1079 4435 1229 4489 humi
1262 4444 1496 4505 reptant,
1527 4436 1611 4490 vel
1644 4436 1697 4489 iu
1735 4440 1894 4504 quis
1928 4425 1972 4482 Ι)

314 4528 478 4581 vitam
533 4532 718 4597 agunt,
768 4535 865 4579 aut
907 4526 1181 4595 amphibia
1234 4537 1401 4592 sunt,
1452 4526 1537 4581 vel
1587 4528 1688 4581 sub
1747 4536 1892 4581 terra

314 4618 621 4683 recondita,
654 4627 816 4687 atque
846 4618 901 4672 in
931 4632 1162 4672 caverna
1196 4618 1404 4683 vivunt,
1440 4616 1521 4673 vel
1554 4632 1893 4687 quaecunque

312 4708 638 4778 simpliciter
687 4709 869 4763 anima
918 4708 1105 4765 seusili
1155 4710 1371 4781 vitaque
1419 4719 1722 4779 praestant,
1776 4711 1891 4766 bazc

312 4802 503 4872 utique
531 4802 713 4856 omnia
745 4803 910 4858 etiam
939 4819 1036 4874 per
1064 4804 1311 4859 eamdem
1346 4804 1642 4859 bonitatem
1682 4813 1738 4860 et
1768 4804 1889 4858 ani.

314 4903 555 4959 mantur,
586 4902 641 4948 et
672 4894 1043 4951 viviﬁcantur.
1094 4896 1299 4951 Planta:
1324 4896 1577 4953 similiter
1602 4912 1794 4954 omnes
1821 4913 1890 4951 ex

309 4987 501 5041 eodem
547 4986 690 5041 bono
728 4987 1042 5041 nutritivam
1098 4988 1520 5059 motabilemque
1568 4987 1739 5043 vitam
1794 4989 1890 5042 ba-

2004 3235 2095 3303 διὰ
2140 3234 2239 3307 τὴν
2281 3232 2626 3304 ὑπεράγαθόν
2665 3234 2816 3285 ἐστιν
2872 3227 3215 3299 ἀγαθότητα·
3280 3226 3344 3279 τὸ
3404 3224 3597 3297 νεκρὰς

2006 3330 2176 3393 αὑτὰς
2214 3324 2376 3392 εἶναι,
2420 3327 2480 3380 τὸ
2517 3325 2663 3397 ἔχειν
2695 3324 2794 3396 τὴν
2832 3320 3064 3393 οὐσιώδη
3104 3319 3249 3391 ζωὴν
3289 3317 3599 3390 ἀνώλεθρον

2006 3420 2139 3473 αὐτὸ
2160 3419 2222 3472 τὸ
2248 3414 2407 3478 εἶναι,
2433 3417 2527 3470 καὶ
2548 3414 2809 3469 δύνασθαι
2843 3414 2979 3485 πρὸς
3001 3411 3099 3475 τὰς
3128 3407 3429 3479 ἀγγελικὰς
3466 3407 3598 3461 ἀνα-

2004 3511 2318 3582 τεινομένας
2344 3508 2509 3574 ζωὰς,
2535 3509 2602 3562 δι’
2625 3506 2806 3561 αὐτῶν
2828 3506 2904 3570 ὡς
2926 3504 3146 3574 ἀγαθῶν
3172 3501 3594 3573 καθηγεμόνων,

2006 3604 2100 3659 ἐπὶ
2139 3603 2236 3674 τὴν
2282 3603 2502 3657 πάντων
2521 3602 2566 3632 ⁷⁸
2609 3599 2829 3669 ἀγαθῶν
2873 3596 3215 3669 ἀγαθαρχίαν
3256 3593 3593 3662 ἀνάγεσθαι,

2004 3694 2098 3749 καὶ
2130 3693 2240 3747 τῶν
2263 3692 2474 3747 ἐκεῖθεν
2509 3690 2919 3762 ἐκϐλυζομένων
2953 3686 3272 3759 ὲλλάμψεων
3309 3688 3355 3719 ⁷⁸
3382 3688 3442 3740 ὲν
3470 3705 3595 3759 μετ-

2001 3786 2160 3857 ουσία
2199 3785 2445 3855 γίνεσθαι
2490 3782 2632 3837 κατά
2658 3782 2755 3855 τὴν
2802 3781 2952 3852 σφῶν
2992 3773 3323 3849 ἀναλογίαν,
3358 3781 3455 3833 καὶ
3499 3780 3594 3849 τῆς

2000 3879 2095 3933 τοῦ
2156 3875 2565 3947 ἀγαθοειδοῦςἰο
2614 3877 2822 3947 δωρεᾶς
2869 3876 2970 3945 ὅση
3020 3873 3249 3945 δύναμις
3307 3873 3591 3944 μετέχειν,

2002 3974 2097 4028 καὶ
2126 3974 2229 4027 ὅσα
2265 3971 2401 4026 ἄλλα
2440 3970 2575 4042 πρὸς
2602 3969 2758 4041 ἡμῶν
2794 3970 2853 4022 ὲν
2883 3970 2997 4032 τοῖς
3032 3966 3176 4034 Περὶ
3212 3964 3427 4035 ψυχῆς
3454 3965 3593 4033 ἀπη-

2004 4065 2283 4137 ρίθμηται.
2330 4063 2491 4117 Ἀλλά
2520 4064 2615 4117 καὶ
2645 4064 2773 4134 περὶ
2799 4062 2998 4125 αὐτῶν,
3032 4062 3081 4113 εί
3112 4059 3216 4131 χρὴ
3246 4059 3420 4127 φάναι
3440 4099 3457 4123 ,
3485 4056 3590 4110 τῶν

1999 4158 2210 4227 ἀλόγων
2237 4158 2447 4229 ψυχῶν,
2485 4156 2518 4228 ἢ
2548 4154 2701 4220 ζώων
2723 4195 2738 4217 ,
2780 4156 2883 4209 ὅσα
2921 4154 3014 4208 τὸν
3053 4152 3193 4224 ἀέρα
3228 4151 3458 4222 τέμνει,
3500 4149 3588 4203 καὶ

1997 4252 2099 4304 ὅσα
2119 4252 2213 4305 ἐπὶ
2236 4251 2340 4321 γῆς
2366 4248 2558 4320 βαίνει,
2592 4249 2685 4301 καὶ
2704 4248 2805 4301 ὅσα
2831 4248 2910 4311 εἰς
2939 4246 3045 4317 γῆν
3073 4244 3384 4307 ἐκτέταται,
3412 4239 3587 4295 καὶτὰ

2000 4345 2059 4396 ὲν
2094 4343 2251 4395 ὕδασι
2296 4342 2397 4412 τὴν
2445 4338 2618 4411 ζωὴν,
2662 4339 2696 4409 ἢ
2738 4337 3017 4410 ἁμφιϐίως
3059 4335 3314 4407 λαχόντα,
3352 4335 3449 4388 καὶ
3493 4333 3587 4387 ὅσα

2003 4437 2109 4492 ὑπὸ
2146 4436 2250 4506 γῆν
2290 4434 2748 4505 ὲγκεκαλυμμένα
2789 4430 2855 4503 ζῇ
2902 4431 2997 4485 καὶ
3033 4428 3462 4501 ἐγκεχωσμένα,
3497 4426 3587 4482 καὶ

2003 4527 2190 4591 ἁπλῶς
2212 4529 2312 4581 ὅσα
2334 4526 2432 4597 τὴν
2466 4524 2788 4597 αἰσθητικὴν
2825 4523 2939 4595 ἔχει
2976 4522 3151 4594 ψυχὴν
3172 4563 3186 4587 ,
3227 4521 3260 4591 ἢ
3290 4520 3471 4593 ζωὴν,
3499 4520 3586 4573 καὶ

2003 4618 2176 4674 ταῦτα
2216 4617 2390 4669 πάντα
2426 4614 2515 4668 διὰ
2554 4614 2790 4686 τάγαθὸν
2806 4615 2849 4645 ⁸³
2884 4612 3159 4683 ὲψιέχωται
3196 4611 3290 4665 καὶ
3325 4608 3580 4674 ἐζώωται.

2003 4710 2110 4763 Καὶ
2134 4708 2275 4779 φυτά
2297 4708 2353 4761 δὲ
2375 4707 2554 4762 πάντα
2580 4707 2677 4778 τὴν
2699 4706 2998 4779 θρεπτικὴν
3021 4706 3117 4760 καὶ
3156 4703 3448 4774 κινητικὴν
3479 4702 3582 4772 ἔχει

2002 4802 2180 4874 ζωὴν,
2206 4803 2271 4854 ὲκ
2291 4798 2533 4869 τάγαθοῦ
2553 4816 2567 4830 ⁸
2600 4799 2697 4853 καὶ
2717 4799 2818 4870 ὅση
2838 4800 2883 4830 δ’
2915 4797 3121 4868 ἄψυχος
3161 4797 3253 4849 καὶ
3292 4794 3471 4860 ἄςωος
3499 4793 3580 4847 οὐ·

2001 4896 2109 4958 σία,
2150 4894 2240 4948 διὰ
2276 4892 2515 4963 τάγαθόν
2545 4894 2663 4945 ἐστι
2688 4932 2702 4956 ,
2746 4892 2840 4945 καὶ
2877 4891 2945 4944 δι’
2982 4889 3113 4943 αὐτὸ
3152 4888 3253 4958 τῆς
3293 4887 3577 4948 εὐσιὼδονς

1996 4989 2161 5053 ἕξεως
2196 4988 2407 5059 ἔλαχεν.

312 5082 483 5146 bent;
538 5079 775 5151 denique
830 5082 1138 5137 substantia
1182 5096 1523 5153 quascunque
1569 5083 1749 5137 anima
1795 5082 2014 5153 vitaque
2041 5095 2229 5149 caret,
2270 5098 2365 5152 per
2420 5081 2551 5137 illud
2614 5079 2791 5150 ipsum
2838 5080 3040 5134 bonum
3089 5075 3345 5140 exsistit,
3397 5087 3428 5126 .1
3476 5084 3571 5142 quo

309 5181 366 5227 et
396 5178 601 5230 statum
632 5187 790 5231 suum
821 5174 1237 5231 substantialem
1270 5176 1528 5237 obtinuit.

1606 5353 1842 5409 νΑιιιΑε
1879 5332 2294 5410 LECTIONES.

393 5535 437 5615 7f
466 5536 566 5615 mi
587 5536 863 5615 ὲστίακσις,
892 5536 969 5615 _l\_l.
999 5536 1088 5615 Sp.
1129 5551 1179 5591 et
1227 5538 1440 5615 refectio
1472 5540 1750 5615 bonorum.
1777 5540 1925 5615 ᾗσι-,ε
1982 5544 2029 5587 ει
2101 5534 2246 5615 Cibus
2297 5538 2570 5602 bonorum.
2644 5544 2696 5615 ζ’
2724 5541 3019 5615 ἀναγωγάςί
3075 5538 3186 5615 καί,
3237 5537 3294 5591 S.
3356 5536 3421 5615 _""
3446 5531 3555 5615 περὶ

307 5606 498 5669 αὑτάς,
535 5607 597 5661 5.
628 5608 686 5662 Ρ.
723 5608 811 5661 Sc.
892 5608 935 5639 ⁷⁸
961 5609 1389 5680 τελεσιουργικά.
1472 5611 1517 5642 ⁷⁸
1544 5610 1746 5684 πηγῆς,
1775 5610 1840 5665 Μ.
1888 5612 1943 5666 S.
1983 5613 2091 5666 P."
2120 5612 2309 5683 ψυχῶν
2329 5617 2499 5680 ἐστιν,
2543 5614 2602 5667 υ.
2639 5613 2729 5668 Sc.
2765 5606 2887 5669 Sat".

313 5677 357 5710 ’³
386 5676 730 5748 ὲκλάίιψεων,
774 5677 829 5731 Ρ.
934 5680 977 5710 ⁸ο
1018 5680 1242 5747 ἀγαθοῦ.
1343 5684 1384 5714 ⁸¹
1430 5680 1487 5733 τὸ
1530 5680 1750 5746 ἀγαθόν,
1801 5681 1857 5736 l’.
1954 5684 1997 5715 ⁸³
2038 5684 2137 5737 ὅσα
2170 5685 2226 5754 ἡ,
2257 5684 2323 5738 Μ.
2355 5685 2414 5739 S.

313 5677 357 5710 ’³
386 5676 730 5748 ἐκλάίιψεων,
774 5677 829 5731 Ρ.
934 5680 977 5710 ⁸ο
1018 5676 1263 5747 ἀγαθοῦ.⁷
1343 5684 1384 5714 ⁸¹
1430 5680 1487 5733 τὸ
1530 5676 1750 5746 ἀγαθόν,
1801 5681 1857 5736 l’.

2980 5614 3026 5642 7“
3061 5611 3278 5665 πάντων
3314 5607 3441 5673 τῶν,
3498 5604 3552 5657 υ.
