3752 6296
118 308 218 365 697

1202 303 1291 359 DE
1325 290 1582 360 DtVtNtS
1626 302 2029 373 NOMINIBUS,
2063 305 2216 363 CAP.
2252 305 2321 359 ιν

3303 308 3411 367 698

1654 441 1683 515 ς
1720 440 1834 501 ιιι.

188 593 251 655 Ei
288 591 354 646 δὲ
385 593 487 647 καὶ
525 590 668 663 ὑπὲρ
701 590 879 667 πάντα
920 589 990 643 τά
1022 588 1151 644 ὄντα
1189 574 1593 659 ἐστὶνῶσπερ
1630 581 1670 639 οἱ

1929 584 2053 653 Quod
2080 585 2125 640 si
2150 595 2330 638 autem
2361 600 2524 654 supra
2562 602 2647 641 res
2673 564 2864 643 oiimes
2909 588 2981 644 sit
3009 588 3111 661 (uti
3142 604 3272 647 vere
3300 593 3411 656 est)

116 683 255 753 ἐστι)
305 681 577 751 τάγαθὸν,
626 679 717 735 καὶ
751 680 814 735 τὸ
846 681 1082 735 ἀνείδεον
1116 680 1400 735 εἰδοποιεῖ·
1428 680 1520 733 καὶ
1538 681 1600 733 ἐν
1620 678 1721 735 αὐ-

115 773 190 846 τῷ
213 774 367 846 μόνῳ
398 773 500 828 καὶ⁵
530 772 595 828 τὸ
631 771 913 828 ἀνούσιοψ
950 772 1138 837 οὐσίας
1175 771 1446 843 ὑπερϐολή
1467 788 1481 801 ·
1524 770 1618 825 καὶ
1653 766 1719 822 τὸ

115 867 289 931 ἇζωον
316 865 674 937 ὑπερέχουσα
710 864 825 935 ζωή
850 880 866 896 θ
904 864 998 917 καὶ
1030 863 1092 916 τὸ
1114 863 1274 917 ἄνουν
1309 861 1651 932 ὑπερέχουσα
1668 859 1718 891 ⁸³

116 957 297 1027 σοφία,
330 958 434 1012 καὶ
471 958 579 1012 ὅσα
613 960 675 1011 ὲν
715 955 939 1028 τάγαθῷ
982 956 1083 1027 τῆς
1121 954 1234 1016 τῶν
1269 952 1526 1008 ἀνειδέων
1567 951 1719 1005 ἐστὶν

116 1050 464 1122 ύπεροχικῆς
487 1049 782 1113 είδοποιίας
801 1065 815 1081 ·
844 1049 940 1102 καί⁵
974 1049 1024 1102 εἰ
1062 1047 1283 1118 θεμιτὸν
1324 1045 1488 1115 φάναι
1507 1085 1521 1109 ,
1546 1045 1719 1113 τάγα-

115 1140 204 1194 θοῦ
243 1141 346 1194 τοῦ
394 1142 544 1213 ὑπὲρ
580 1141 761 1195 πάντα
792 1140 865 1195 τά
904 1139 1065 1206 ὄντα,
1108 1140 1201 1193 καὶ
1250 1137 1384 1192 αὐτὸ
1424 1137 1485 1191 τὸ
1537 1137 1613 1210 μὴ
1654 1136 1719 1189 ὃν

111 1233 326 1301 ἐφίεται
351 1275 367 1298 ,
419 1235 519 1289 καὶ
571 1233 867 1304 φιλονεικεῖ
909 1251 1025 1298 πως
1067 1236 1128 1288 ὲν
1164 1214 1391 1301 τάγαθῷ
1441 1230 1536 1285 καθ.
1580 1230 1715 1283 αὐτὸ

108 1319 244 1377 εἶναι
279 1365 296 1389 ,
360 1314 447 1396 τῷ
511 1325 683 1391 ὅντως
740 1325 1052 1397 ύπερουσίῳ
1082 1365 1097 1391 ,
1153 1322 1298 1379 κατά
1344 1321 1443 1394 τὴν
1494 1323 1714 1376 πάντων

108 1414 430 1486 ἀφαίρεσιν.
1182 1418 1185 1421 ’

1827 676 2027 733 bonum
2055 677 2257 745 ipsum,
2287 686 2344 733 et
2366 678 2509 747 quod
2543 678 2777 735 informe
2823 688 2933 744 est,
2986 680 3222 750 format;
3263 692 3322 738 et
3351 680 3407 736 in

1827 768 1946 840 ipso
1973 768 2089 825 solo
2114 769 2168 824 id
2192 769 2336 840 quod
2381 770 2685 826 substantia
2737 781 2909 838 caret,
2960 774 3277 831 substantia:
3318 750 3411 833 est

1826 859 2185 929 excellentia;
2212 859 2358 931 quod
2407 860 2646 919 inanimo
2673 872 2779 928 est,
2807 863 2914 917 vita
2946 874 3029 919 est
3061 865 3406 937 praasttuttis-

1798 954 1998 1020 sima;
2030 962 2084 1009 et
2106 953 2251 1023 quod
2276 954 2476 1010 mentis
2495 969 2693 1023 expers
2713 965 2797 1010 est
2820 995 2837 1019 ,
2861 955 3022 1027 353
3045 972 3299 1026 suprema
3322 968 3409 1014 est

1824 1042 2120 1112 sapientia,
2157 1051 2213 1099 et
2239 1058 2581 1115 quaecunque
2615 1045 2666 1098 iu
2710 1047 2854 1100 bono
2884 1055 3035 1107 sunt,
3068 1062 3246 1101 rerum
3277 1056 3408 1102 sunt

1822 1133 2137 1190 inl'ormium
2205 1137 2669 1204 supereminentis
2741 1137 3174 1207 etformationis;
3221 1149 3318 1215 et,
3355 1145 3403 1196 si

1808 1226 1964 1305 dictu
1994 1225 2077 1282 fas
2105 1227 2198 1290 sit,
2232 1226 2365 1283 illud
2392 1228 2569 1299 ipsqu
2616 1232 2762 1300 quod
2800 1247 2907 1287 non
2945 1242 3052 1297 est,
3087 1233 3230 1288 illius
3255 1234 3405 1305 quod

1818 1336 1980 1390 supra
2016 1336 2103 1375 res
2133 1336 2329 1377 omnes
2356 1335 2442 1377 est
2466 1364 2482 1391 ,
2513 1324 2639 1378 boni
2672 1326 2944 1397 desiderio
2985 1336 3198 1381 tenetur
3223 1369 3239 1392 ,
3269 1326 3403 1397 quin

1810 1402 1982 1469 etiam
2011 1413 2064 1468 in
2095 1414 2240 1468 bono
2283 1428 2411 1468 vere
2452 1417 2968 1484 supersubstautiali
3016 1434 3115 1492 per
3157 1419 3403 1473 omnium

1817 1505 2148 1563 ablutionem
2179 1519 2300 1562 esse
2324 1508 2624 1563 contendit.

1680 1674 1706 1746 §
1742 1671 1856 1734 IV.

186 1815 336 1870 Ἀλλ’
380 1816 526 1885 ὅπερ
575 1813 723 1883 ἡμᾶς
792 1812 853 1866 ἐν
901 1810 1052 1884 μέσῳ
1108 1781 1468 1884 τιαραδραμὺν
1512 1810 1668 1865 διαπὲ

1924 1814 2024 1881 ed,
2082 1812 2228 1885 quod
2290 1810 2343 1866 in
2398 1810 2579 1867 medio
2647 1813 3054 1883 praeterlapsum
3117 1836 3218 1879 nos
3258 1828 3405 1883 emr-

107 1924 268 1979 φευγε
289 1947 305 1971 ,
372 1905 475 1958 καλ⁸
512 1903 622 1957 τῶν
669 1902 936 1975 οὐρανίων
971 1902 1156 1975 ἀρχῶν
1198 1903 1292 1956 καὶ¹
1345 1902 1707 1976 ἀποπερατιῖ»

109 2019 240 2054 οεων
263 2000 312 2031 3‘
345 1996 503 2052 αἰτία
547 1992 804 2065 τάγαθὸν,
830 1993 929 2065 τῆς
957 1993 1221 2059 ἀπθαυξοῦς
1251 1993 1343 2046 καὶ
1376 1992 1513 2056 ὅλως
1552 1991 1707 2046 ἀναλ-

107 2091 329 2145 λοιώτου
369 2088 584 2159 ταύτης
621 2084 807 2149 οὐσίας
835 2085 902 2151 ⁸⁸,
932 2087 1027 2141 καὶ
1059 2084 1169 2139 τῶν
1207 2084 1450 2154 ἀψόφων,
1478 2084 1529 2137 εί
1562 2081 1705 2137 οὕτω

106 2185 204 2257 χρὴ
234 2186 429 2255 φάναι,
456 2184 559 2253 τῆς
581 2182 971 2254 παμμεγέθους
1000 2182 1059 2235 ού
1070 2180 1392 2253 ρανοπορίας
1415 2180 1701 2251 κινήσεων,

108 2280 195 2332 καὶ
214 2278 328 2332 τῶν
354 2277 627 2349 ἀστρῴων
638 2277 868 2345 τάξεων,
889 2277 982 2330 καὶ
996 2275 1361 2347 εύπρεπειῶν,
1378 2276 1474 2329 καὶ
1486 2275 1699 2345 φώτων,

106 2372 194 2443 κα)
226 2370 523 2441 ἱδρύσεων,
556 2369 651 2423 καὶ
672 2370 771 2441 τῆς
798 2368 956 2423 ἐνίων
982 2369 1227 2440 ἀστέρων
1251 2368 1298 2399 ⁸⁸
1333 2366 1702 2441 μεταϐατικῆς

105 2462 520 2535 πλυκινησίας,
544 2461 640 2515 καὶ
668 2460 769 2531 τῆς
797 2460 906 2514 τῶν
933 2460 1027 2515 δύο
1049 2461 1235 2531 φωστή
1247 2477 1375 2531 ρων,
1408 2458 1502 2523 οὓς
1522 2458 1593 2511 τά
1616 2457 1703 2511 λά.

104 2570 193 2622 για
232 2554 399 2607 καλεῖ
438 2552 732 2623 μεγάλους,
760 2550 870 2605 ἀπὸ
896 2549 1006 2604 τῶν
1036 2550 1216 2603 αὐτῶν
1245 2552 1326 2615 είς
1346 2549 1416 2603 τὰ
1442 2548 1582 2603 αύτά
1604 2566 1702 2602 πε-

106 2645 351 2717 ριοδικῆς
394 2646 941 2711 ἀποκαταστάσεως,
993 2643 1115 2699 καθ’
1163 2643 1230 2708 ἃς
1283 2645 1338 2697 αἱ
1382 2644 1514 2714 παρ’
1569 2644 1702 2715 ἡμῖν

104 2742 305 2813 ἡμέραι
329 2741 430 2794 καὶ
461 2740 658 2807 νύκτες
697 2739 1032 2813 ὁριζόμεναι,
1069 2739 1163 2794 καὶ
1188 2740 1379 2811 μῆνες,
1404 2740 1499 2793 καὶ
1522 2740 1700 2793 ἐνιαυ-

102 2834 182 2887 τοὶ
228 2833 620 2906 μετρούμενοι,
663 2834 763 2898 τὰς
797 2833 893 2888 τοῦ
940 2833 1135 2906 χρόνον
1176 2832 1406 2887 καὶτῶν
1436 2833 1494 2886 ὲν
1522 2832 1699 2904 χρόνῳ

103 2920 369 2986 reuinci;
413 2922 661 2995 κινήσεις
691 2921 1031 2994 ἀφορίζουσι,
1064 2921 1161 2976 καὶ
1181 2922 1225 2954 ⁸⁷
1253 2920 1570 2993 ἀριθμοῦσι,
1606 2923 1699 2975 καὶ

102 3013 354 3066 τάττουσι
404 3012 503 3066 καὶ
547 3013 851 3085 συνέχουσι.
885 3013 951 3066 Τί
991 3013 1038 3067 δ’
1076 3013 1124 3045 ³⁸
1162 3014 1229 3069 ἀν
1264 3031 1350 3080 τις
1392 3013 1526 3086 φαίη
1570 3014 1699 3085 περὶ

102 3109 267 3182 αὐτῆς
316 3109 443 3164 καθ’
483 3109 657 3181 αὐτὴν
683 3110 783 3181 τῆς
824 3109 1053 3182 ἡλιακῆς
1078 3110 1329 3177 ἀκτῖνος;
1363 3111 1429 3165 ἐκ
1455 3109 1697 3178 τάγαθοῦ

104 3204 207 3275 γὰρ
238 3203 301 3257 τὸ
333 3203 475 3274 φῶς,
513 3204 608 3256 καὶ
629 3201 796 3256 είκὼν
824 3203 928 3275 τῆς
956 3204 1294 3278 ἀγαθότητος
1314 3222 1327 3236 ⁸
1358 3204 1440 3259 διὸ
1461 3207 1557 3260 καὶ
1589 3224 1701 3278 φω-

103 3309 237 3345 τωνυ
245 3292 428 3365 μικῶς
444 3293 698 3365 ὑμνεῖται
709 3292 966 3365 τάγαθὸν,
980 3295 1056 3360 ὡς
1072 3296 1129 3349 ἐν
1144 3296 1312 3351 εικόνι
1328 3296 1702 3369 τὸάρχέτυπον

102 3384 521 3457 ὲκφαινόμενον.
568 3386 656 3451 Ὡς
700 3387 808 3460 γὰρ
846 3390 880 3459 ἡ
920 3388 1022 3459 τῆς
1054 3389 1269 3443 πάντων
1297 3390 1553 3443 ἐπέκεινα
1580 3390 1699 3459 Osd-

102 3495 261 3548 τητος
301 3476 586 3549 ἀγαθὸτης
608 3478 716 3531 ἀπὸ
748 3479 857 3532 τῶν
878 3480 1170 3533 ἀνωτάτων
1197 3481 1243 3514 θ’
1272 3481 1368 3534 καὶ
1390 3482 1699 3554 πρεσϐυτά-

103 3588 205 3624 των
233 3568 458 3634 οὐσιῶν,
503 3568 633 3642 ἄχρι
662 3570 772 3624 τῶν
792 3572 1039 3643 ἐσχάτων
1077 3572 1275 3644 διήκει,
1311 3575 1405 3628 καὶ¹
1436 3575 1516 3629 ἔτι
1558 3575 1701 3648 ὑπὲρ

107 3662 280 3727 πάσας
318 3662 462 3727 ἐστὶ,
520 3663 657 3734 μήτε
700 3662 808 3717 τῶν
851 3662 964 3716 ἄνω
1010 3662 1328 3732 φθανουσῶν
1374 3665 1547 3737 αὐτῆς
1598 3667 1699 3739 τὴν

106 3747 400 3827 ὑπεροχὴν,
447 3755 588 3825 μήτε
633 3753 743 3807 τῶν
786 3753 937 3808 κάτω
973 3753 1072 3826 τὴν
1108 3756 1371 3828 περιοχὴν
1398 3757 1701 3814 διαόαινου-

107 3845 231 3909 σῶν,
279 3844 422 3899 ἀλλά
467 3845 563 3899 καὶ
599 3844 823 3916 φωτίζει
850 3846 919 3900 τά
946 3847 1219 3918 δυνάμενα
1255 3850 1452 3913 πάντα,
1486 3851 1579 3904 καὶ
1606 3853 1701 3923 δη-

106 3941 374 4009 μιουργεῖ,
393 3939 492 3991 καὶ
522 3937 668 4002 ζωοῖ,
690 3940 784 3991 καὶ
808 3938 1041 4010 συνέχει,
1078 3941 1171 3994 καὶ
1191 3941 1582 4014 τελεσιουργεί,
1608 3944 1701 3997 καὶ

107 4030 299 4103 μέτρον
346 4031 600 4084 ἐπὶτῶν
630 4031 820 4097 ὄντων,
869 4032 964 4085 καὶ
992 4032 1148 4097 αίὼν,
1182 4034 1278 4087 καὶ
1308 4035 1563 4108 ἀριθμὸς,
1604 4037 1699 4090 καὶ

104 4124 269 4190 τάξις,
310 4126 406 4179 καὶ
444 4126 712 4197 περιοχὴ,
758 4125 851 4178 καὶ
891 4127 1063 4191 αἰτία,
1112 4128 1209 4180 καὶ
1235 4128 1420 4193 τέλος·
1464 4129 1607 4183 οὕτω
1636 4130 1699 4204 δὴ

106 4218 195 4269 καὶ
222 4220 254 4288 ἡ
284 4217 387 4289 τῆς
422 4216 577 4281 θείας
607 4218 944 4290 ἀγαθότητος
972 4219 1221 4292 ἐμφανὴς
1247 4219 1432 4285 εἰκὼν,
1460 4222 1490 4275 ὁ
1527 4222 1699 4293 μέγας

105 4299 276 4371 οὗτος,
326 4308 424 4360 καὶ
470 4306 807 4379 ὀλολαμπὴς,
867 4309 963 4361 καὶ
1013 4307 1283 4380 ἀείφωτος
1334 4311 1506 4383 ἥλιος,
1556 4312 1700 4366 κατά

106 4397 393 4452 πολλοστὸν
437 4400 710 4472 ἀπήχημα
750 4400 1013 4470 τάγαθοῦ,
1059 4404 1152 4455 καὶ
1194 4403 1373 4458 πάντα
1407 4405 1509 4457 ὅσα
1542 4404 1697 4476 μετέ-

105 4509 216 4561 χειν
272 4492 436 4546 αύτοῦ
496 4492 740 4557 δύναται,
794 4493 1041 4562 φωτίζει,
1088 4496 1183 4549 καὶ
1230 4496 1696 4567 ύπερηπλωμένον

105 4584 212 4657 ἔχει
246 4587 307 4640 τὸ
337 4587 478 4657 φῶς,
519 4587 600 4651 είς
630 4587 805 4641 πάντα
842 4586 1091 4653 ὲξαπλῶν
1122 4588 1214 4641 τὸν
1242 4588 1438 4660 ὁρατὸν
1465 4589 1688 4660 κόσμον,

103 4680 211 4732 ἀνω
238 4697 296 4732 τε
340 4681 436 4732 καὶ
477 4678 649 4743 κάτω,
680 4679 780 4744 τὰς
808 4678 918 4733 τῶν
947 4679 1162 4733 οἰκείων
1203 4681 1438 4734 ἀκτίνων
1478 4683 1653 4750 αὐγάς
1672 4699 1685 4713 ο

105 4770 195 4822 καὶ
223 4770 276 4822 εί
305 4788 358 4823 τι
399 4770 581 4823 αύτῶν
602 4771 662 4823 ού
703 4772 922 4842 μετέχει
941 4811 955 4835 ,
984 4771 1144 4824 τοῦτο
1172 4772 1233 4824 ού
1266 4772 1367 4842 τῆς
1403 4773 1690 4844 ἁδρανείας

104 4860 139 4931 ἢ
164 4863 258 4935 τῆς
294 4863 639 4936 βραχύτητος
668 4867 783 4920 ἐστι
814 4867 917 4939 τῆς
952 4866 1287 4939 φωτιστικῆς
1316 4866 1488 4921 αὑτοῦ
1517 4867 1691 4920 διαδό-

107 4969 256 5019 σεως,
294 4955 431 5009 ἀλλά
460 4956 570 5010 τῶν
594 4956 683 5011 διὰ
710 4958 1059 5031 φωτοληψίας
1096 4958 1579 5031 ἀνεπιτηδειὸτητα
1615 4960 1689 5032 μὴ

104 5043 522 5120 ἀναπλουμένων
562 5049 609 5081 ’θ
658 5050 740 5115 είς
778 5050 877 5123 τὴν
905 5052 1085 5122 φωτὸς
1123 5052 1434 5124 μετουσίαν.
1473 5050 1690 5122 Ἀμέλει

104 5135 268 5192 πολλά
312 5141 425 5205 τῶν
471 5140 647 5206 οὕτως
677 5142 911 5213 ἑχόντων
942 5146 976 5215 ή
1020 5145 1178 5210 ἀκτὶς
1206 5145 1580 5210 διαϐαίνουσα,
1619 5146 1689 5200 τά

107 5232 218 5295 μετ’
250 5234 435 5287 ἐκεῖνα
466 5234 713 5303 φωτίζει,
753 5236 847 5290 καὶ
889 5238 1051 5292 οὐδέν
1092 5240 1208 5292 ἐστι
1250 5239 1360 5293 τῶν
1389 5238 1602 5311 ὁρατῶν
1626 5234 1687 5294 οὗ

179 5376 205 5406 ³
224 5368 360 5426 Gen.
404 5386 444 5437 ι,
484 5371 569 5426 l6.

1809 1917 1987 1979 gerat,
2037 1904 2346 1962 caelestium
2401 1902 2567 1957 etiam
2608 1904 3002 1974 principiorum
3029 1921 3084 1963 et
3112 1915 3410 1976 snbtermi-

1809 2000 2088 2055 nationum
2111 2012 2278 2053 causa
2305 2005 2392 2051 est
2434 1996 2660 2061 bonum,
2704 1996 2833 2051 item
2884 2001 3208 2060 substantia:
3243 2008 3407 2077 hujus

1808 2091 2057 2146 caelestis
2087 2104 2209 2160 qua:
2239 2103 2346 2142 non
2374 2096 2608 2157 augetur
2634 2103 2809 2157 neque
2840 2089 3137 2159 minuitur,
3165 2105 3221 2151 et
3245 2099 3405 2167 peni-

1809 2193 1898 2239 tus
1952 2199 2058 2238 non
2116 2184 2394 2248 variatur,
2435 2191 2492 2236 ct
2540 2190 2782 2236 motuum
2845 2185 3087 2244 caelestis
3142 2188 3403 2248 curriculi

1806 2276 2121 2343 vastissimi,
2168 2291 2275 2331 non
2307 2274 2645 2337 sonantium,
2688 2275 2733 2330 si
2778 2275 2852 2330 ita
2892 2277 3036 2346 loqui
3078 2290 3315 2349 oportet,
3346 2292 3404 2338 et

1803 2369 2057 2423 ordinum
2086 2366 2478 2431 stellarum,'et
2508 2365 2997 2436 pulchritudinum,
3025 2379 3082 2425 et
3104 2370 3400 2442 luminum,

1800 2470 1857 2516 et
1888 2462 2207 2517 inlixionum
2256 2474 2470 2525 earum,
2526 2468 2581 2514 et
2617 2459 2934 2530 multiplicis
2969 2477 3160 2519 cursus
3189 2474 3397 2535 vagati.-

1803 2554 1874 2609 tis
1932 2554 2297 2623 quorumdam
2334 2552 2574 2607 siderum
2606 2591 2621 2616 ,
2669 2561 2726 2607 et
2755 2554 2986 2611 duorum
3022 2556 3397 2627 luminaria,

1802 2661 1922 2715 (pun
1982 2645 2267 2715 Scriptura
2346 2652 2507 2700 vocat
2577 2659 2776 2717 magna
2812 2656 2839 2684 ιι
2876 2686 2893 2712 ,
2965 2648 3276 2719 circuitus,
3341 2662 3400 2707 et

1800 2739 2016 2805 co‘dem,
2068 2740 2211 2793 unde
2260 2736 2508 2808 profecta
2559 2746 2727 2801 sunt,
2794 2740 3143 2806 reversionis,
3197 2743 3401 2812 quibus

1805 2830 1948 2899 apud
1998 2845 2098 2884 uos
2128 2828 2244 2884 dies
2268 2838 2326 2884 et
2361 2839 2555 2884 noctes
2597 2829 3047 2899 distinguuntur;
3083 2842 3138 2887 et
3182 2849 3399 2890 menses

1798 2929 1965 2990 atque
1989 2920 2117 2974 anui
2147 2919 2354 2975 deiiniti
2389 2920 2535 2989 ipsos
2578 2930 2758 2975 motus
2786 2923 3075 2991 temporis,
3111 2932 3166 2985 et
3205 2941 3393 2981 eorum

1803 3027 1923 3083 qua:
1944 3012 1997 3065 in
2040 3021 2288 3083 tempore
2310 3020 2462 3077 sunt,
2487 3012 2694 3069 circqu
2723 3014 3002 3071 confectos
3034 3016 3395 3087 distinguunt,

1805 3116 2118 3169 numerant,
2144 3105 2405 3160 ordinant
2440 3112 2494 3161 et
2524 3107 2828 3161 continent.
2861 3105 3003 3174 Quid
3026 3118 3207 3164 autem
3239 3112 3395 3166 dica-

1806 3207 1893 3252 tur
1921 3197 1988 3251 de
2012 3197 2243 3266 ipsemet
2272 3196 2426 3252 radio
2456 3196 2629 3252 solis?
2652 3213 2683 3251 a
2725 3214 2939 3265 summo
2962 3200 3112 3256 enim
3143 3203 3285 3261 bono
3314 3203 3396 3257 lu-

1792 3306 1928 3359 men
1975 3288 2357 3361 proﬁciscitur,
2400 3299 2455 3346 et
2498 3292 2679 3361 imago
2727 3290 2987 3346 bonitatis
3023 3300 3154 3354 est;
3204 3306 3396 3363 quam-

1805 3388 1995 3441 obrem
2053 3384 2278 3440 nomine
2320 3383 2541 3439 luminis
2580 3383 2781 3439 bonum
2817 3385 3091 3450 laudatur,
3135 3394 3393 3455 tauquam

1804 3484 2062 3550 appareat
2090 3478 2326 3548 primum
2358 3476 2640 3544 exemplar
2675 3474 2728 3553 in
2760 3476 3017 3547 imagine.
3056 3476 3210 3533 Sicut
3246 3480 3392 3533 enim

1799 3558 2024 3630 bonitas
2052 3571 2358 3628 divinitatis
2380 3586 2502 3640 qua:
2529 3585 2696 3641 supra
2720 3572 2901 3627 omnia
2926 3580 3033 3638 cst,
3065 3587 3094 3625 a
3121 3574 3394 3642 supremis

1802 3675 1856 3720 ct
1883 3664 2314 3736 provectissimis
2341 3662 2658 3735 substantiis
2685 3679 2857 3733 usque
2882 3664 2948 3717 ad
2969 3672 3245 3719 extremas
3268 3679 3392 3732 pero

1802 3758 1971 3819 vadit.
2005 3766 2061 3812 et
2090 3759 2267 3813 adhuc
2298 3769 2460 3824 supra
2492 3770 2681 3812 omnes
2714 3765 2817 3822 est,
2848 3757 2923 3810 ita
2945 3765 3003 3810 ut
3028 3770 3204 3825 neque
3227 3771 3391 3823 supeo

1802 3852 1977 3905 riores
2035 3864 2207 3919 usque
2261 3852 2329 3904 ad
2394 3850 2538 3905 illius
2602 3848 2984 3919 excellentiam
3045 3849 3391 3917 pertingant;

1802 3957 1902 3997 nec
1949 3941 2237 3996 inferiores
2286 3940 2406 4011 ejus
2463 3941 2727 3995 ambitum
2781 3947 3193 4008 pertranseant;
3257 3937 3388 4007 quin

1802 4033 1982 4104 potius
2010 4034 2194 4087 omnia
2234 4046 2356 4101 quae
2400 4029 2696 4085 illuminari
2736 4037 2968 4099 possunt
3000 4028 3290 4092 illuminat,
3335 4037 3391 4082 et

1800 4135 1980 4191 creat,
2010 4135 2065 4180 et
2095 4124 2265 4179 Vitam
2298 4124 2413 4190 dat,
2442 4132 2496 4178 et
2521 4122 2784 4187 continet,
2810 4132 2865 4176 et
2888 4121 3123 4191 perlicit,
3157 4128 3214 4175 et
3239 4133 3390 4173 men-

1801 4236 1927 4276 sura
1959 4229 2039 4273 cst
2062 4232 2249 4274 eorum
2282 4233 2402 4288 qua:
2426 4224 2575 4281 sunt,
2619 4226 2672 4271 et
2698 4230 2896 4282 navum,
2938 4222 2992 4270 et
3022 4228 3302 4278 numerus,
3334 4222 3392 4267 et

1800 4312 1957 4375 ordo,
1999 4320 2052 4362 et
2081 4307 2422 4378 complexus,
2447 4317 2502 4364 et
2527 4322 2717 4372 causa,
2744 4316 2909 4376 atque
2937 4306 3091 4373 tiuis;
3116 4294 3197 4360 sic
3221 4303 3387 4358 etiam

1802 4405 1992 4472 ingens
2029 4403 2160 4467 iste,
2214 4411 2271 4455 et
2315 4410 2460 4456 totus
2502 4399 2819 4471 splendidus
2857 4414 2917 4454 ac
2954 4413 3172 4473 semper
3202 4395 3390 4451 lucens

1800 4498 1881 4553 sul
1929 4497 2106 4566 imago
2152 4508 2409 4564 expressa
2439 4503 2525 4549 est
2558 4493 2755 4548 divina:
2784 4490 3070 4557 bonitatis,
3110 4498 3390 4560 quatenus

1801 4576 2184 4647 tenuissimum
2215 4588 2347 4656 quid
2392 4584 2539 4640 illius
2583 4585 2707 4642 boni
2748 4584 2802 4639 in
2841 4598 2908 4638 eo
2929 4580 3117 4653 procul
3145 4589 3384 4651 resonat,

1798 4696 1857 4742 et
1894 4681 2073 4737 omnia
2102 4693 2369 4750 quantum
2406 4678 2735 4747 participare
2760 4684 2990 4744 possunt
3030 4672 3292 4736 illustrat,
3329 4682 3387 4724 et

1802 4777 1979 4828 lumen
2025 4772 2190 4825 liabet
2232 4783 2395 4837 supra
2433 4775 2743 4828 extensum,
2794 4764 2937 4833 quod
2984 4764 3036 4817 in
3071 4763 3384 4819 universum

1802 4865 2060 4919 mundum
2094 4859 2187 4932 qui
2220 4859 2493 4922 cernitur,
2542 4868 2654 4923 tum
2696 4855 3057 4925 superiorem,
3105 4862 3217 4907 tum
3249 4848 3385 4907 infe-

1796 4960 2019 5025 riorem,
2071 4954 2361 5026 spleadore
2413 4938 2691 5007 radiorum
2740 4962 2966 5003 suorum
3012 4944 3381 5015 multiplicat;

1787 5062 1847 5110 et
1874 5050 2078 5129 siquid
2104 5063 2229 5105 eum
2269 5060 2374 5101 non
2404 5042 2718 5114 participat,
2751 5055 2858 5096 non
2883 5048 2968 5095 est
2991 5039 3045 5093 in
3084 5053 3247 5093 causa
3280 5038 3385 5099 im-

1791 5126 2060 5202 becillitas
2107 5152 2203 5196 aut
2248 5138 2486 5195 tenuitas
2534 5132 2814 5189 facultatis
2866 5129 3227 5196 illuminandi,
3285 5126 3386 5203 sed

1790 5240 1970 5309 potius
2000 5251 2115 5291 rem
2148 5236 2316 5306 ipsam
2346 5247 2451 5287 non
2493 5243 2615 5285 esse
2638 5212 2954 5297 expeditam
2984 5222 3051 5277 ad
3084 5222 3380 5293 participa-

1401 5512 1637 5569 VARLE
1674 5513 2081 5571 LECTIONES.

198 5653 241 5685 ”
265 5653 665 5726 ύπαιρηχοῦσα.

769 5654 813 5686 ⁸³
839 5653 1310 5724 ύποπερατώσεων
1357 5656 1487 5719 legit
1510 5656 1785 5712 Maximus
1823 5654 2179 5714 Scholiastcs.

2278 5657 2325 5729 ⁸ί³
2348 5655 2584 5729 εὐρείας
2624 5652 2708 5729 vel
2757 5651 3005 5729 εὐροίαςι
3032 5648 3074 5702 ῐ)
3137 5645 3205 5729 lii“.

110 5716 419 5808 κῖένιαὲἓυνρί
723 5726 766 5756 ⁸⁷
806 5716 1124 5808 άφτξρίξάυῗξ
1149 5726 1205 5779 δὲ
1248 5728 1361 5794 καί,
1394 5716 1493 5796 Μή
1536 5728 1679 5787 forte
1706 5746 1765 5782 τε
1790 5728 2100 5801 legendum.
2180 5728 2224 5760 ⁸⁸
2251 5727 2309 5781 δέ
2335 5716 2626 5787 ηυίιοειίιι
2661 5724 2719 5781 S.
2757 5716 2941 5780 P.'Sc.
2971 5719 3071 5776 δεῖ
3156 5718 3199 5749 ³³
3233 5716 3373 5771 ἀνω·

112 5793 263 5859 τάτω,
292 5797 351 5851 1).
379 5796 438 5851 I’.
520 5796 571 5828 π
596 5793 1049 5867 ἀναπαυομένων,
1080 5796 1135 5850 S.
