3742 6318
107 329 216 386 7m
1189 338 1279 394 DE
1315 333 1568 393 DIVINIS
1599 332 1997 399 NOMINIBUS,
2032 330 2186 390 CAP.
2226 330 2312 390 IV.
3277 329 3384 388 τοι

101 447 344 502 ἐκείνων
385 448 573 523 ὥσπερ
609 451 1028 525 ἀπογενομένων
1054 456 1099 489 ’⁸
1133 457 1328 526 φωτὸς,
1371 456 1467 510 καὶ
1498 454 1637 527 μᾶλλ

1869 455 2130 512 adiocrem
2165 451 2546 524 splendorem;
2574 452 2788 519 deinde,
2821 463 3079 524 tanquam
3101 459 3384 522 «It-gustato

101 535 440 605 ἐφιεμένων,
496 538 697 608 μᾶλλον
737 542 934 615 ἑαυτὴν
973 544 1253 611 ἐνδιδόναι,
1296 548 1390 600 καὶ
1429 549 1638 619 περισσά

1869 549 2030 613 mine,
2085 555 2141 602 et
2183 543 2362 602 oculis
2398 541 2512 612 jam
2566 546 2740 615 magis
2786 555 2904 614 post
2949 543 3382 616 degustatloncm

97 625 469 697 ἐπιλάμπειν,
502 631 584 682 ὅτι
613 631 911 705 ἠγάπησαν
945 635 1078 690 πολῦ
1103 654 1117 668 ο
1164 639 1258 691 καὶ
1286 639 1372 692 ἀεὶ
1399 637 1638 692 ἀνατείνε

1869 655 1988 695 men
2021 637 2434 708 appetentibus,
2456 637 2628 704 magis
2645 652 2703 691 se
2733 637 3007 708 impertit,
3031 647 3086 691 et
3109 635 3387 706 eatpimins

95 716 348 790 αὑτὰς⁹⁹
376 721 470 774 ἐπὶ
497 720 564 775 τὰ
593 722 811 794 πρόσω,
843 727 985 781 κατὰ
1005 727 1105 798 τὴν
1135 729 1286 800 σφῶν
1309 729 1389 794 εἰς
1415 729 1638 783 ἀνανευσ

1869 729 2016 800 lget;
2051 729 2177 798 quia
2212 727 2520 783 dilexerunt
2551 729 2777 783 multum
2817 740 2880 790 νς
2929 745 2994 784 ac
3036 739 3256 798 semper
3293 741 3386 782 eas

94 807 424 881 ἀναλογίαν.

1803 821 2030 877 nllerius
2053 819 2306 891 provehit
2343 820 2696 892 proportione
2729 821 2898 877 studii
2930 836 3120 878 earum
3152 821 3222 876 ad
3246 818 3388 888 aspl-

1799 915 2054 972 ciendum
2093 928 2154 969 su
2165 929 2334 969 rsum.

1659 1057 1688 1132 ς
1719 1053 1826 1114 v1.

176 1186 302 1252 Φῶς
323 1183 416 1245 οὗν
461 1195 648 1266 νοητὸν
673 1195 887 1266 λέγεται
915 1199 976 1255 τὸ
1003 1201 1143 1274 ὑπὲρ
1174 1204 1284 1258 πᾶν
1319 1204 1434 1274 φῶς
1465 1203 1691 1274 ἀγαθὸν.

93 1280 182 1344 ὡς
235 1285 394 1350 ἀκτὶς
447 1291 656 1361 πηγαῖα
723 1293 816 1346 καὶ
877 1295 1292 1368 ὑπερσλύζουσα
1342 1299 1651 1370 φωτοχυσία
1671 1337 1692 1365 ,

95 1375 288 1430 πάντα
315 1376 406 1431 τὸν
443 1379 810 1454 ὑπερκόσμιον
844 1386 938 1440 καὶ
969 1389 1328 1461 περικόσμιον
1377 1391 1577 1453 η’,καὶ
1606 1391 1696 1459 ἑτ-

96 1463 336 1538 κόσμιον
371 1470 516 1536 νοῦν,
551 1473 615 1526 ἐκ
660 1473 754 1528 τοῦ
801 1475 1164 1550 πληρώματος
1213 1481 1380 1552 αὐτῆς
1425 1480 1698 1552 καταλάμ-

95 1572 308 1621 πουσα,
353 1563 568 1628 καὶτὰς
589 1565 781 1637 νοερὰς
829 1567 1008 1624 αὐτῶν
1044 1569 1170 1635 ὅλας
1199 1569 1565 1636 ἁνανεάζουσα
1604 1573 1693 1626 δυ-

92 1647 321 1718 νάμεις,
365 1655 457 1705 καὶ
489 1655 697 1721 πάντας
740 1659 1071 1732 περιέχουσα
1103 1663 1119 1694 ¹
1161 1663 1240 1734 τῷ
1270 1663 1690 1737 ὕπερτετάσϐαι,

93 1740 196 1792 καὶ
227 1743 446 1797 πάντων
477 1747 820 1820 ὑπερέχουσα
845 1751 923 1823 τῷ
961 1754 1337 1826 ὑπερκεῖσθαι·
1363 1759 1458 1812 καὶ
1485 1757 1692 1824 ἁπλῶς.

1869 1201 2075 1257 Lumen
2154 1200 2321 1272 igitur
2411 1198 2728 1257 intellectile
2794 1198 2997 1253 dicitur
3068 1195 3201 1252 illud
3286 1196 3384 1249 ho-

1799 1311 1928 1352 num
1975 1293 2122 1364 quod
2175 1303 2262 1348 cst
2302 1308 2463 1362 supra
2509 1307 2672 1346 omne
2717 1291 2920 1355 lumen,
2975 1300 3231 1359 tanquam
3263 1287 3385 1344 fons

1800 1385 2081 1439 radiorum
2151 1391 2209 1438 et
2269 1381 2465 1437 eiusio
2535 1381 2758 1438 luminis
2823 1382 3097 1438 inundans
3165 1397 3381 1436 omnem

1799 1484 2032 1530 mentem
2096 1472 2628 1544 supramundanam,
2707 1481 2764 1529 et
2813 1474 3380 1536 circummnndanam,

1798 1575 1853 1622 et
1891 1567 2221 1622 mundanam
2250 1581 2315 1622 ex
2347 1565 2686 1634 plenitudine
2724 1579 2821 1619 sna
2855 1565 3184 1628 illuminans,
3214 1575 3272 1621 et
3299 1575 3380 1619 to-

1802 1668 1886 1713 tas
1925 1673 2112 1712 earum
2157 1656 2450 1713 facultates
2483 1657 2823 1728 intelligendi
2871 1671 3161 1718 renovans.
3190 1666 3245 1712 et
3266 1672 3387 1712 om-

1803 1751 1898 1806 ites
1929 1752 2216 1806 continens
2238 1792 2255 1817 ,
2286 1763 2558 1821 quatenus
2587 1767 2753 1820 supra
2785 1767 2975 1806 omnes
3011 1752 3289 1816 tenditur;
3328 1760 3387 1805 et

92 1833 286 1885 πᾶσαν
326 1835 426 1904 τῆς
476 1841 810 1911 φωτιστικῆς
853 1843 1134 1920 δυνάμεως
1175 1846 1275 1918 τὴν
1323 1847 1580 1920 κυρείαν,
1621 1857 1638 1908 ε

1869 1841 2061 1897 mnibus
2107 1841 2467 1909 antecellens,
2516 1853 2792 1913 quatenus
2835 1857 3002 1911 supra
3035 1855 3226 1896 omnes
3255 1850 3384 1906 stat,

91 1923 412 1994 ἀρχίφωτος
432 1929 525 1982 καὶ
552 1931 894 2004 ὑπέρψωτος,
919 1918 987 1989 ’ἐν
1015 1937 1180 2008 ἑαυτῇ
1212 1918 1569 2004 συλλαϐοῦσα,
1600 1941 1695 1995 καὶ

91 2015 463 2088 ὑπερέχουσα,
511 2023 604 2076 καὶ
635 2026 960 2097 προέχουσα,
1004 2030 1098 2083 καὶ
1134 2029 1203 2084 τὰ
1255 2031 1418 2103 νοερὰ
1459 2034 1553 2086 Stai
1583 2032 1691 2087 τὰ¹

87 2106 294 2177 λογικᾶ
338 2113 513 2168 πάντα
552 2118 879 2187 συνάγουσα,
934 2123 1028 2176 καὶ
1079 2123 1241 2196 ἀολλῆ
1281 2125 1531 2180 ποιοῦσα.
1581 2129 1693 2183 Καὶ

89 2202 205 2273 γὰρ
237 2202 430 2278 ὥσπερ
468 2209 500 2280 ὴ
532 2210 723 2278 ἄγνοια
753 2213 1058 2289 διαιρετικὴ
1103 2218 1213 2271 τῶν
1257 2219 1692 2293 πεπλανημένων

88 2293 271 2356 ἐστὶν,
304 2296 476 2362 οὕτως
503 2301 535 2372 ἡ
570 2300 665 2354 τοῦ
693 2306 882 2376 νοητοῦ
913 2308 1090 2378 φωτὸς
1121 2311 1414 2382 παρουσία,
1449 2329 1693 2382 συναγω-

87 2383 188 2450 γδς
214 2388 312 2440 καὶ
353 2390 581 2464 ἑνωτικὴ
606 2393 715 2448 τῶν
749 2397 1133 2468 φωτιζομένων
1165 2401 1314 2466 ἐστὶ,
1362 2403 1457 2457 καὶ
1483 2403 1693 2459 τελειω-

83 2479 246 2549 τικὴ,
283 2481 377 2534 καὶ
425 2481 506 2536 ἔτι
559 2483 580 2515 ³
641 2487 1036 2562 ὲπιστρεπτικὴ
1096 2491 1230 2561 πρὸς
1276 2492 1338 2546 τὸ
1387 2494 1557 2560 ὅντως
1607 2495 1689 2562 ὃν,

83 2571 199 2622 ἀπὸ
224 2572 336 2624 τῶν
371 2574 580 2629 πολλῶν
613 2577 968 2652 δοξασμάτων
995 2584 1420 2656 ἐπιστρέφουσα,
1471 2589 1567 2641 καὶ⁵
1593 2587 1694 2654 τὰς

85 2661 348 2727 ποικίλας
385 2664 557 2735 ὄψεις,
599 2667 631 2739 ἢ
673 2670 1008 2744 κυριώτερον
1036 2674 1232 2737 εἰπεῖν,
1261 2675 1580 2743 φαντασίας,
1607 2678 1690 2743 εἰς

88 2753 227 2823 μίαν
281 2753 453 2827 ἀληθῆ
500 2756 595 2809 καὶ
641 2758 909 2830 καθαρὰν,
963 2762 1056 2814 καὶ
1098 2761 1346 2832 μονοειδῆ
1385 2762 1688 2833 συνάγουσα

84 2845 316 2912 γνῶσιν,
346 2847 440 2900 καὶ
471 2848 588 2914 ἐνὸς
615 2851 709 2904 καὶ
745 2851 1006 2906 ἐνωτικοῦ
1033 2853 1209 2923 φωτὸς
1234 2853 1586 2925 ἐμπιπλῶσα.

1798 1945 1964 2005 atque
1992 1934 2322 2004 simpliciter
2352 1949 2573 1989 omnem
2608 1932 2974 2004 principatum
3018 1929 3383 1996 illutninandi,

1797 2035 2056 2096 tanquam
2097 2027 2356 2098 princeps
2383 2024 2628 2090 luminis,
2659 2035 2712 2080 et
2748 2040 3078 2096 snpraquam
3109 2023 3292 2077 lumen
3326 2020 3380 2076 in

1795 2133 1856 2172 se
1903 2117 2360 2187 comprehensum
2401 2116 2589 2184 habet,
2633 2127 2688 2172 et
2737 2132 3067 2187 supraquam
3110 2115 3295 2178 habet,
3328 2123 3386 2168 et

1795 2207 2102 2277 prmhabet,
2151 2217 2317 2278 atque
2357 2207 2810 2264 omnia'ratioue
2848 2216 2904 2262 et
2949 2215 3134 2262 mente
3176 2205 3382 2260 utentia

1796 2311 2120 2370 congregat,
2151 2309 2206 2355 et
2236 2301 2288 2355 in
2323 2316 2493 2355 unum
2521 2300 2768 2369 copulat.
2798 2299 3012 2354 Etenim
3053 2299 3196 2355 sicut
3227 2298 3383 2370 igno-

1803 2394 1977 2446 rantia
2015 2400 2274 2446 errantes
2309 2392 2546 2457 dirimit;
2582 2391 2663 2446 sic
2693 2392 2960 2446 adventus
2988 2391 3214 2446 luminis
3245 2406 3380 2447 con-

1799 2493 1986 2552 gregat
2026 2490 2082 2536 et
2119 2482 2345 2552 copulat
2385 2481 2740 2548 illuntinatos,
2787 2481 3113 2551 perlicitque
3154 2496 3273 2548 eos,
3323 2491 3382 2537 et

1798 2574 1864 2628 ad
1899 2573 1952 2627 id
1982 2575 2128 2644 quod
2157 2588 2288 2629 vere
2328 2585 2412 2630 cst
2439 2574 2736 2638 convertit,
2759 2587 2788 2627 a
2819 2574 3009 2628 nmltis
3043 2572 3382 2642 opinationi-

1795 2663 1897 2719 bus
1922 2679 2018 2719 eos
2048 2679 2353 2730 revocans,
2391 2681 2457 2721 ac
2492 2666 2682 2722 varios
2724 2677 3000 2736 aspectus,
3037 2663 3141 2730 vel,
3183 2674 3241 2720 ut
3265 2680 3383 2720 nta-

1791 2757 1873 2829 gis
1904 2760 2126 2829 proprie
2153 2760 2334 2815 dicam
2363 2803 2378 2827 ,
2420 2761 2571 2815 varia
2601 2759 2653 2814 in
2681 2773 2848 2813 unam
2895 2773 3080 2813 veram
3109 2771 3162 2815 et
3189 2773 3379 2828 puram

1787 2864 1855 2905 ac
1889 2849 2194 2920 simplicem
2223 2850 2596 2921 cognitionem
2621 2851 2927 2916 contrahit,
2951 2860 3007 2905 et
3039 2866 3148 2906 uno
3167 2851 3380 2905 lumine

1787 2944 1986 3001 unilico
2014 2943 2225 3016 implet.

1606 3097 1635 3171 ε
1689 3093 1832 3156 vn.

152 3257 334 3312 Τοῦτο
373 3256 606 3326 τάγαθὸν
633 3257 881 3329 ὑμνεῖται
923 3251 1059 3330 πρὸς
1084 3258 1194 3314 τῶν
1225 3259 1386 3333 ἱερῶν
1413 3259 1638 3331 Θεολόγα

1869 3258 1972 3316 [loc
2011 3259 2144 3316 item
2195 3260 2398 3317 bonum
2445 3259 2704 3316 laudatur
2741 3275 2772 3314 a
2803 3259 2982 3317 sacris
3018 3261 3284 3334 theologis
3313 3273 3374 3320 ut

82 3350 181 3400 καὶ
223 3346 304 3411 ὡς
345 3346 529 3411 καλὸν,
558 3349 653 3402 καὶ
677 3349 753 3414 ὡς
791 3348 1005 3414 κάλλος,
1036 3350 1131 3404 καὶ
1155 3345 1231 3414 ὡς
1258 3351 1446 3424 ἀγάπη
1474 3353 1569 3406 καὶ
1609 3352 1684 3418 ὡς

79 3440 401 3512 ἀγαπητὸν,
443 3441 536 3493 καὶ
559 3441 681 3498 ὅσαι
708 3443 866 3498 ἄλλαι
911 3444 1207 3516 εὐπρεπεῖς
1225 3447 1336 3499 εἱσι
1359 3447 1458 3517 τῆς
1496 3446 1687 3501 καλλο-

83 3533 248 3588 ποιοῦ
297 3533 392 3587 καὶ
433 3537 877 3608 κεχαριτωμένης
924 3537 944 3568 ⁸
993 3538 1325 3610 ὡραιότητος
1368 3539 1681 3612 Θεωνυμίαι.

84 3629 157 3681 Τδ
189 3627 254 3682 δὲ
292 3627 458 3681 καλὸν
499 3629 593 3682 καὶ
617 3627 810 3694 καλλος
849 3629 1146 3702 διαιρετέον
1187 3631 1281 3684 ἐπὶ
1305 3631 1402 3704 τῆς
1424 3633 1481 3684 ἐν
1508 3632 1589 3686 ἐνὶ
1615 3632 1684 3688 τὰ

81 3722 181 3775 ὅλα
207 3720 592 3793 συνειληφυίας
618 3723 796 3786 αἰτίας
816 3739 830 3752 ·
878 3722 1052 3776 ταῦτα
1077 3723 1188 3796 γὰρ
1213 3725 1306 3778 ἐπὶ
1337 3725 1438 3796 μὲν
1461 3724 1570 3777 τῶν
1597 3704 1684 3780 διί-

82 3829 198 3866 των
241 3813 501 3866 ἁπάντων
529 3814 550 3844 ⁸
587 3814 668 3876 εἰς
704 3812 939 3884 μετοχὰς
962 3814 1058 3867 καὶ
1089 3813 1385 3886 μετέχοντα
1408 3815 1682 3887 διαιροῦν-

83 3921 199 3969 τες,
248 3903 412 3958 καλὸν
457 3904 555 3975 μὲν
597 3899 737 3958 εἶναι
782 3903 1012 3977 λέγομεν
1051 3906 1114 3960 τὸ
1155 3907 1380 3971 κάλλους
1421 3908 1646 3980 μετέχον
1663 3948 1680 3974 ,

86 3997 287 4060 καλλος
328 3995 385 4049 δὲ
409 3995 510 4067 τὴν
547 3996 782 4068 μετοχὴν
807 3997 906 4068 τῆς
929 3997 1252 4051 καλλοποιοῦ
1283 3997 1392 4053 τῶν
1416 3999 1552 4054 ὅλων
1579 4017 1680 4053 κα-

86 4087 193 4142 λῶν
218 4089 420 4151 αἰτίας.
461 4087 534 4141 Τὸ
559 4087 616 4141 δέ
643 4087 965 4160 ὑπερούσιον
991 4089 1155 4143 καλὸν
1182 4091 1378 4156 καλλος
1404 4092 1504 4163 μὲν
1527 4092 1681 4162 λέγε-

84 4199 198 4246 ται,
229 4181 320 4236 διὰ
359 4182 460 4254 τὴν
484 4182 579 4236 ἀπ’
605 4181 771 4236 αὑτοῦ
802 4184 935 4237 πᾶσι
974 4186 1088 4247 τοῖς
1111 4180 1231 4238 οὖσι
1259 4185 1681 4257 μεταδιδομένην

85 4275 306 4338 οἰκείως
351 4275 566 4346 ἑκάστῳ
590 4273 854 4347 καλλονὴν
873 4314 888 4338 ,
927 4275 1020 4329 καὶ
1046 4276 1122 4341 ὡς
1143 4277 1242 4350 τῆς
1269 4278 1486 4333 πάντων
1513 4279 1678 4350 εὐαρ-

87 4366 320 4437 μοστιας
355 4367 453 4419 καὶ
497 4365 726 4436 ἀγλαΐας
763 4366 954 4431 αἴτιον,
996 4368 1154 4440 δίκην
1193 4369 1369 4438 φωτὸς
1419 4369 1680 4440 ἐναστρά-

85 4477 223 4512 πτον
251 4459 274 4491 ⁸
301 4459 475 4512 ἅπασι
520 4457 621 4522 τὰς
667 4459 1020 4524 καλλοποιοὺς
1049 4460 1152 4531 τῆς
1192 4462 1436 4532 πηγαιας
1464 4463 1679 4527 ἀκτῖνος

1789 3350 2079 3423 pulchrum
2107 3361 2164 3409 et
2194 3363 2252 3407 ut
2281 3352 2652 3423 pulchritudo,
2680 3361 2738 3407 et
2775 3362 2833 3406 ut
2863 3353 3086 3409 dilectio
3113 3366 3170 3411 et
3197 3365 3257 3410 ut
3285 3357 3374 3412 di-

1788 3441 2013 3509 lectum,
2059 3452 2116 3500 et
2161 3460 2503 3516 quaecunque
2552 3446 2656 3500 alia
2705 3453 2833 3500 sunt
2887 3447 3069 3499 divina
3126 3448 3370 3516 nomina,

1786 3533 1987 3602 quibus
2035 3535 2152 3605 ipse
2197 3537 2483 3608 speciosus
2526 3538 2692 3592 decor
2725 3547 2780 3591 et
2807 3537 3036 3592 effector
3061 3537 3372 3608 pulchritu-

1785 3625 1932 3682 dinis
1979 3627 2243 3685 decenter
2313 3631 2652 3686 nominatur.
2719 3630 3018 3686 Pulchrum
3076 3641 3258 3688 autem
3314 3644 3370 3689 et

1785 3718 2130 3788 pulchritudo
2177 3731 2308 3778 sunt
2358 3723 2740 3792 distinguenda
2783 3723 2838 3778 in
2870 3739 3035 3780 causa
3064 3738 3187 3794 qua:
3243 3725 3370 3778 uui-

1787 3823 1942 3863 versa
1983 3809 2039 3865 in
2081 3827 2188 3868 uno
2245 3813 2524 3883 complexa
2591 3825 2711 3881 est;
2755 3814 2869 3869 lucc
2909 3814 3060 3870 enim
3106 3815 3159 3870 in
3189 3815 3372 3886 omni-

1787 3897 1888 3954 bus
1936 3901 2126 3967 rebus,
2183 3902 2238 3957 in
2277 3904 2730 3974 participationcs
2781 3916 2838 3961 et
2885 3907 2939 3961 in
2984 3907 3368 3977 participantia

1784 3991 2118 4061 dividentes,
2176 3995 2464 4065 pulchrum
2497 3995 2716 4064 quidem
2749 3996 3002 4061 dicimus,
3051 3999 3196 4067 quod
3244 3998 3366 4068 pul-

1783 4086 2110 4142 claritudinis
2164 4087 2439 4157 particeps
2494 4095 2620 4153 est;
2691 4087 3154 4158 pulchritudinem
3214 4104 3364 4155 vero,

1785 4179 2260 4250 participationem
2307 4196 2490 4236 causa:
2539 4182 2724 4236 omnia
2775 4180 3002 4250 pulchra
3045 4180 3364 4238 efﬁcientis.

1783 4273 1962 4343 Ipsum
1993 4281 2172 4326 autem
2199 4271 2485 4340 pulchrum
2522 4273 2994 4344 superessentiale
3020 4274 3369 4345 pulchritudo

1781 4367 2002 4436 quidem
2047 4359 2376 4435 appellatur,
2431 4375 2658 4435 propter
2705 4364 2850 4419 illam
2905 4365 3366 4436 pulchritudinem

1781 4473 1946 4526 quam
1996 4456 2160 4511 rcbus
2205 4455 2466 4511 omnibus
2515 4471 2615 4526 pro
2651 4457 2918 4528 cujusque
2961 4458 3178 4512 modqu
3217 4474 3369 4514 com-

84 4550 254 4605 αὑτοῦ
297 4549 631 4622 μεταδόσεις,
670 4552 764 4605 καὶ
787 4551 864 4616 ὡς
910 4553 1086 4606 πάντα
1120 4553 1257 4625 πρὸς
1295 4553 1457 4607 ἐαυτὸ
1482 4553 1638 4608 καλοῦ

1869 4550 2051 4616 micat,
2090 4548 2144 4602 in
2189 4557 2453 4618 quantum
2497 4557 2582 4604 est
2622 4564 2790 4604 causa
2832 4551 3011 4605 omnis
3057 4550 3364 4620 pulchritu-

85 4642 234 4712 (ὅθεν
278 4615 374 4697 καὶ
395 4639 625 4714 κάλλος
651 4641 902 4713 λέγεται)
946 4643 1041 4696 καὶ
1075 4615 1176 4707 ὡς.
1203 4615 1300 4696 ὅλα
1335 4645 1394 4698 ἐν
1430 4643 1573 4708 ὅλοις
1599 4645 1638 4697 sl

1869 4639 1930 4695 Iis
1959 4656 2025 4694 ac
2052 4643 2383 4708 venustatis,
2411 4642 2539 4696 dum
2579 4639 2744 4713 356
2773 4643 2935 4698 rebus
2965 4641 3218 4697 omnibus
3247 4641 3364 4712 pul-

83 4733 252 4787 ταὺτὸ
276 4733 528 4801 συνάγον.
557 4733 736 4787 Καλὸν
761 4733 818 4786 δὲ
845 4733 921 4798 ὡς
944 4734 1226 4803 πάγκαλον
1250 4733 1368 4805 ἅμα
1393 4735 1488 4788 καὶ
1511 4735 1673 4806 ὑπέρ-

85 4827 274 4892 καλον,
322 4827 417 4880 καὶ
438 4826 526 4880 ἀεὶ
550 4825 630 4892 δν,
658 4826 796 4880 κατὰ
821 4827 890 4880 τὰ
914 4826 1054 4880 αὐτὰ
1079 4828 1174 4880 καὶ
1199 4825 1461 4892 ὡσαύτως
1485 4829 1669 4894 καλὸν,

86 4919 179 4972 καὶ
199 4917 328 4972 οὔτε
354 4918 698 4989 γιγνόμενον,
740 4917 864 4971 οὔτε
887 4917 1274 4989 ἀπολλύμενον,
1303 4916 1425 4971 οὔτε
1451 4919 1676 4985 αὐξανό-

89 5029 249 5080 μενον
271 5013 315 5076 ⁷,
356 5009 480 5063 οὔτε
522 5009 726 5080 φθίνον,
756 5010 877 5063 οὐδὲ
914 5011 979 5081 τῇ
1025 5010 1121 5081 μὲν
1155 5008 1354 5074 καλὸν,
1394 5011 1458 5080 τῇ
1499 5009 1557 5062 δὲ
1597 5011 1676 5064 ai-

87 5103 272 5175 σχρον,
315 5102 436 5156 οὐδὲ
478 5102 601 5156 τοτὲ
645 5103 764 5174 μὲν,
789 5101 910 5156 τοτὲ
929 5103 987 5154 δὲ
1010 5101 1094 5166 οὓ,
1123 5102 1244 5155 οὐδὲ
1291 5103 1429 5172 πρὸς
1465 5104 1562 5174 μὲν
1586 5103 1668 5170 τὸ,

85 5195 248 5248 καλὴν
263 5233 280 5259 ,
307 5194 447 5265 πρὸς
468 5194 526 5247 δὲ
541 5193 622 5258 τὸ,
653 5195 876 5266 αἰσχρόν
899 5211 913 5225 ο
933 5193 1054 5248 οὔτε
1071 5194 1202 5248 ἔνθα
1225 5195 1344 5266 μὲν,
1371 5195 1498 5250 ἔνθα
1512 5196 1568 5250 δὲ
1584 5195 1668 5262 οὒ,

160 5369 186 5408 ν
221 5355 358 5410 an.
388 5368 484 5416 vn,
516 5353 606 5411 47.

1781 4734 2036 4790 chrilicas
2082 4732 2302 4788 fontalis
2344 4733 2430 4788 sui
2474 4734 2611 4789 radii
2654 4733 3077 4789 distributiones
3125 4733 3262 4787 lucis
3306 4733 3361 4786 in

1781 4843 1988 4884 morem
2030 4826 2202 4893 amat,
2235 4829 2529 4898 omniaque
2573 4826 2641 4880 ad
2682 4841 2743 4882 se
2795 4825 2971 4890 καλεῖ,
3007 4826 3060 4880 id
3106 4834 3359 4881 estnos-at

1781 4922 1954 4990 (unde
1981 4931 2038 4976 et
2059 4920 2279 4986 κάλλος,
2321 4922 2373 4976 id
2391 4931 2473 4976 est
2501 4919 2873 4987 pulchritudo,
2910 4915 3134 4985 dicitur)
3163 4925 3218 4972 et
3243 4925 3359 4970 tota

1780 5013 1833 5068 in
1868 5014 1998 5070 totis
2043 5017 2202 5086 quasi
2236 5017 2290 5070 in
2335 5029 2396 5069 se
2440 5012 2667 5081 colligit.
2707 5009 3006 5066 Pulchrum
3039 5025 3168 5065 vero
3196 5023 3362 5064 voca-

1779 5115 1890 5171 tur,
1923 5108 2071 5177 quod
2103 5123 2171 5163 ex
2199 5106 2346 5161 omni
2375 5113 2532 5176 parte
2567 5103 2853 5174 pulchrum
2876 5104 2950 5159 sit
2970 5112 3024 5158 et
3046 5102 3168 5172 plus
3187 5117 3356 5166 quam

1777 5200 2085 5271 pulchrum,
2116 5211 2172 5257 et
2195 5211 2453 5270 tanquam
2479 5211 2697 5269 semper
2717 5197 3021 5262 exsistcns,
3051 5196 3354 5253 secundum

1370 5518 1606 5578 VARIA‘J
1664 5521 2074 5580 LECTIONES.
2119 5566 2134 5580 .

148 5680 196 5756 ’ξ
234 5681 721 5756 απογευρσαμὲνων,
754 5680 821 5736 Μ.
900 5684 956 5756 "7
978 5683 1194 5756 ἑαυτάς,
1224 5682 1285 5736 Ι).
1369 5685 1436 5716 ‘°°
1463 5685 1805 5756 ἐπικόσμιον,
1835 5687 1891 5741 D.
1921 5686 1984 5740 Po
2064 5689 2076 5718 '
2105 5685 2480 5748 διαὸαἰνουσα,
2511 5684 2566 5741 S.
2587 5684 2648 5741 P.
2693 5687 2712 5717 ¹
2739 5679 3011 5756 posterius
3033 5677 3236 5756 canon
3267 5689 3348 5756 est

88 5749 136 5800 in
169 5752 229 5803 1).
267 5751 327 5803 l’.
437 5751 458 5782 ³
486 5749 562 5806 ἔτι
591 5772 692 5808 nun
734 5756 891 5808 hath
928 5755 982 5808 ὃ.
1015 5753 1071 5809 i’.

89 5818 334 5892 ξομενον,
381 5820 440 5876 ι).

1179 5765 1194 5786 δ
1223 5755 1674 5827 κεχαρισμένης,
1719 5756 1786 5811 Μ.

1886 5761 1906 5790 ⁸
1935 5757 2042 5810 τῶν
2086 5757 2310 5834 νοητῶν,
2360 5759 2422 5812 Μ.
2457 5757 2512 5813 S.
2617 5760 2635 5788 “
2665 5751 3078 5824 ἀπαστράπτον,
3112 5753 3174 5808 ι).
3208 5753 3345 5808 ταὺ-
