3752 6302
389 305 497 362 705

1567 290 1625 340 S.
1665 286 1825 343 DlON
1834 285 1964 341 YSll
2000 278 2464 342 AREOPAGITIE

3547 271 3652 324 τοι

383 421 579 481 eadem
611 425 667 475 et
708 414 900 481 eodem
945 412 1107 469 modo
1146 409 1472 482 pulchrum,
1521 422 1697 477 neque
1733 408 1865 464 lacu

2174 419 2276 454 τισι
2304 402 2402 471 μὲν
2428 400 2448 429 ⁸
2469 396 2528 450 ὃν
2554 395 2740 457 καλὸν,
2762 394 2871 448 τισὶ
2894 393 2950 447 δὲ
2974 391 3034 446 οὗ
3062 390 3224 445 καλόν
3249 406 3262 421 ο
3294 387 3495 452 ἀλλ’ὡς
3520 389 3656 441 αὐτὸ

388 529 564 585 neque
592 500 969 575 destructum,
1027 518 1208 575 neque
1252 517 1576 573 augescens,
1640 515 1817 571 neque
1877 500 1970 558 de—

384 618 657 668 crescens.
710 615 815 656 nec
858 615 925 655 ex
962 606 1121 669 parte
1153 612 1267 653 una
1309 594 1623 665 pulchrum,
1666 601 1721 648 et
1758 608 1825 650 ex
1861 592 1967 646 alia

386 709 585 765 turpe,
633 707 810 764 neque
866 691 1005 747 alias
1044 688 1265 760 quidem
1305 686 1593 759 pulchrum
1655 684 1791 755 alias
1842 698 1970 740 vero

353 791 495 863 {non
520 809 535 857 ;
565 802 748 859 neque
773 786 842 842 ad
872 786 981 841 hoc
1012 782 1328 855 pulchrum,
1347 790 1404 837 et
1440 781 1507 836 ad
1538 779 1669 835 illud
1699 778 1975 837 inconcin-

372 872 554 948 l'num;
615 894 792 951 neque
862 878 952 933 hic
1006 877 1221 946 quidem
1263 875 1359 939 ita,
1417 872 1544 928 alibi
1607 887 1736 929 vero
1792 872 1971 937 aliter,

374 967 485 1029 'nee
517 982 576 1028 ut
607 972 734 1027 aliis
778 969 1100 1032 formosum,
1136 965 1261 1021 aliis
1299 980 1429 1021 vero
1468 964 1753 1029 deforme;
1795 962 1888 1017 sed
1917 970 1975 1014 ut

356 1048 359 1053 λ
390 1063 564 1130 ipsum
596 1059 899 1116 secundum
921 1073 1003 1123 se,
1034 1067 1197 1127 alque
1225 1068 1412 1110 serum
1445 1052 1735 1116 uniforme,
1762 1063 1977 1120 semper

387 1155 656 1210 cxs'stcns
672 1136 984 1220 pulchrum,
1007 1158 1172 1218 atque
1188 1148 1469 1203 fontanam
1498 1143 1739 1199 universi
1765 1141 1974 1213 pulchri

384 1244 852 1316 pulchritudinem
874 1243 929 1296 in
950 1241 1130 1311 seipso
1162 1240 1467 1295 eminentcr
1490 1234 1814 1304 anticipans,
1841 1247 1979 1303 pra:-

389 1338 734 1404 habensque.
780 1333 837 1389 ln
872 1333 988 1403 ipsa
1018 1331 1166 1387 enim
1205 1340 1403 1385 natura
1433 1326 1667 1397 simplici
1690 1342 1755 1380 ac
1782 1341 1976 1396 super-

390 1425 627 1481 naturaii
671 1424 1025 1495 pulchrorum
1076 1420 1455 1475 universorum
1511 1418 1689 1473 onmis
1741 1416 1979 1488 pulchri-

393 1522 543 1585 tudo,
600 1529 655 1575 et
713 1535 876 1575 omne
922 1500 1208 1588 pulchrum
1274 1512 1626 1567 nnilormiter
1678 1510 1977 1567 secundum

272 1622 275 1625 '
358 1675 361 1678 ς
392 1630 616 1677 causam
644 1612 996 1684 praeexsistit.
1027 1610 1102 1664 Ex
1138 1610 1243 1666 huc
1273 1607 1393 1675 ipso
1422 1606 1649 1676 pulchro
1679 1605 1840 1660 rebus
1862 1618 1981 1658 om-

394 1709 558 1764 nibus
596 1707 861 1777 obtingit,
896 1716 954 1761 ut
980 1705 1093 1759 sint
1124 1701 1341 1772 singula
1373 1700 1673 1756 secundum
1704 1697 1980 1767 propriam

2069 497 2192 552 καθ’
2222 494 2383 549 ἑαυτὸ
2410 492 2527 565 μεθ’
2565 487 2760 543 ἑαυτοῦ
2794 488 2815 520 ⁸
2851 485 3120 558 μονοειδὲς
3143 484 3231 538 ἀεὶ
3261 482 3323 538 ὃν
3359 481 3533 547 καλὸν,
3560 482 3657 534 καὶ

2068 592 2146 656 ὡς
2171 591 2371 653 παντὸς
2410 586 2575 643 καλοῦ
2607 586 2707 663 τὴν
2732 584 2975 656 πηγαίαν
3012 579 3276 651 καλλονὴν
3318 576 3657 650 ὑπεροχικῶς

2072 686 2132 739 ὲν
2174 681 2351 753 ἑαυτῷ
2389 679 2642 753 προέχον.
2672 678 2753 749 Τῇ
2798 675 2907 747 γὰρ
2953 673 3096 744 ἁπλῇ
3141 673 3235 725 καὶ
3260 671 3526 744 ὑπερφυεῖ
3546 670 3652 726 τῶν

2072 776 2209 831 ὅλων
2250 771 2430 828 καλῶν
2469 771 2628 841 φύσει
2670 770 2823 821 πᾶσα
2862 764 3092 836 καλλονὴ
3133 762 3230 817 καὶ
3259 764 3371 816 πᾶν
3398 761 3551 816 καλὸν
3584 765 3647 827 ⁸ο,

2073 868 2318 931 ὲνοειδῶς
2360 866 2483 919 κατ’
2531 863 2710 918 αἰτίαν
2758 858 3195 932 πῳῦφέπηκεν.
3257 856 3357 909 Ἐκ
3380 854 3472 908 τοῦ
3498 853 3655 908 καλοῦ

2073 962 2263 1017 τούτου
2307 962 2441 1014 πᾶσι
2479 960 2593 1022 τοῖς
2636 952 2755 1010 οὖσι
2780 955 2843 1009 τὸ
2867 949 3005 1009 εἰναι
3026 994 3040 1017 ,
3070 952 3209 1006 κατά
3235 952 3328 1006 τὸν
3360 952 3551 1006 οἰκεῖον
3571 950 3656 1004 λό-

2074 1071 2171 1126 γον
2188 1054 2394 1109 ’ἐκαστα
2437 1048 2599 1113 καλά,
2626 1049 2721 1103 καὶ
2757 1046 2849 1101 διὰ
2872 1044 2935 1098 τὸ
2972 1043 3136 1098 καλὸν
3171 1043 3228 1095 αἱ
3258 1040 3476 1095 πάντων
3503 1042 3658 1108 ἐφαρ-

2081 1148 2264 1222 μογαί,
2315 1147 2410 1200 καὶ
2456 1143 2650 1214 φιλίαι,
2697 1142 2794 1194 καὶ
2832 1136 3138 1193 κοινωνίαιο
3182 1133 3278 1187 καὶ
3312 1131 3391 1204 τῷ
3429 1130 3568 1201 καλῷ
3589 1130 3659 1183 τὰ

2078 1245 2255 1299 πάντα
2286 1242 2491 1312 ἥνωται
2509 1257 2522 1271 ο
2565 1238 2658 1291 xai.
2682 1233 2826 1307 ἀρχὴ
2864 1232 3080 1286 πάντων
3118 1228 3178 1282 τὸ
3204 1227 3391 1290 καλὸν,
3419 1225 3493 1289 ὡς
3514 1242 3661 1295 ποιῇ-

2076 1335 2228 1390 τικὸν
2256 1333 2447 1398 αἴτιον,
2491 1331 2584 1385 καί
2610 1326 2794 1383 κινοῦν
2826 1324 2895 1380 τὰ
2922 1322 3019 1377 ὅλα
3043 1363 3057 1388 ,
3087 1322 3183 1376 καὶ
3218 1317 3445 1388 συνέχον
3470 1315 3544 1387 τῷ
3565 1316 3660 1385 τῆς

2078 1428 2285 1491 οἰκείας
2309 1423 2571 1494 καλλονῆς
2592 1420 2755 1494 ἔρωτι
2779 1435 2792 1449 υ
2823 1415 2917 1470 καὶ
2945 1414 3119 1485 πέρας
3146 1411 3391 1474 πάντων,
3418 1408 3510 1462 καί⁵
3534 1408 3661 1475 ἁγα-

2081 1519 2274 1590 πητὸν,
2303 1518 2379 1582 ὡς
2402 1514 2617 1569 τελικὸν
2642 1511 2816 1566 αἴτιον
2841 1506 2956 1581 (τοῦ
2982 1504 3147 1561 καλοῦ
3174 1503 3287 1575 γὰρ
3308 1502 3473 1556 ἓνεκα
3499 1501 3664 1554 πάντα

2080 1608 2350 1683 γίγνεται)
2367 1626 2379 1639 ·
2412 1608 2506 1662 καὶ
2531 1599 3055 1678 παραδειγματικὸν,
3083 1598 3164 1652 ὅτι
3191 1596 3314 1650 κατ’
3341 1594 3475 1648 αὐτὸ
3502 1594 3667 1649 πάντα

2082 1703 2400 1778 ἀφορίζεται
2423 1718 2436 1732 ·
2475 1699 2556 1754 διὸ
2580 1699 2675 1753 καί¹
2712 1694 2909 1750 ταύτόν
2934 1695 3050 1747 ἐστι
3072 1688 3296 1760 τάγαθῷ
3324 1687 3363 1718 ¹¹
3389 1685 3450 1738 τὸ
3478 1684 3670 1749 καῐδν,

398 1802 665 1856 rationem
683 1774 946 1871 pulchra;
979 1806 1035 1853 et
1066 1806 1293 1867 propter
1322 1791 1611 1865 pulchrum
1636 1800 1761 1845 sunt
1791 1806 1878 1846 om

2194 1774 2311 1849 ’τοῦ
2365 1790 2534 1847 καλοῦ
2585 1790 2681 1844 καὶ
2727 1782 2936 1856 ἀγαθοῦ
2987 1784 3030 1814 ¹¹
3090 1780 3233 1834 κατά
3286 1779 3468 1832 πᾶσαν
3501 1774 3668 1829 αἰτίαν

393 1893 771 1963 congruentia:
803 1930 820 1958 ,
874 1900 929 1946 et
980 1888 1257 1952 amicitim,
1309 1896 1365 1940 et
1410 1883 1975 1948 communicationes;

392 1996 448 2040 et
482 2000 581 2054 per
626 1982 917 2052 pulchrum
960 1987 1153 2035 cuncta
1184 1976 1626 2048 conjnnguntur;
1669 1982 1830 2043 atque
1859 1970 1980 2043 pul-

391 2078 584 2131 chrum
627 2082 715 2130 est
755 2073 999 2128 omnium
1033 2054 1383 2142 principium,
1421 2076 1479 2121 ut
1519 2082 1683 2123 causa
1717 2064 1977 2129 eliiciens,

390 2175 450 2220 et
496 2179 761 2230 movens,
820 2174 876 2218 et
950 2162 1206 2217 universa
1271 2161 1504 2231 prepriae
1564 2156 1981 2229 pulchritudinis

393 2270 581 2312 amore
603 2257 925 2323 continens;
957 2264 1091 2308 etut
1119 2253 1244 2317 ﬁnis
1271 2252 1540 2316 omnium,
1566 2261 1729 2320 atque
1759 2249 1809 2303 id
1838 2247 1980 2318 quod

392 2349 681 2421 appetitur
712 2358 975 2418 tanquam
1012 2361 1181 2401 causa
1217 2344 1396 2399 linalis
1426 2347 1575 2416 (nam
1614 2340 1829 2413 pulchri
1854 2355 1981 2409 gra-

396 2443 469 2497 tia
512 2450 712 2496 cuneta
745 2440 905 2506 ﬁunt)
934 2450 990 2494 et
1017 2436 1373 2508 exemplaris,
1419 2435 1546 2505 quia
1580 2434 1880 2491 secundum
1916 2432 1981 2486 il-

366 2566 369 2567 ν
397 2530 488 2586 lud
524 2532 710 2587 omnia
758 2530 1118 2586 deﬁniuntur.
1172 2528 1543 2596 Quamobrem
1572 2526 1713 2589 idem
1745 2534 1829 2578 est
1858 2518 1981 2594 pul-

396 2627 589 2680 chrum
635 2635 800 2696 atque
834 2624 1084 2703 bonum,
1138 2620 1396 2692 quoniam
1453 2619 1635 2676 omnia
1679 2618 1977 2672 secundum

394 2736 612 2777 munem
667 2734 890 2777 causam
924 2717 1219 2788 pulchrum
1251 2723 1306 2769 et
1354 2713 1553 2767 bonum
1596 2719 1895 2784 appetunt;
1926 2721 1981 2766 ct

396 2813 532 2868 nihil
555 2822 639 2868 est
667 2813 723 2867 in
755 2802 935 2866 rerum
968 2818 1186 2871 natura,
1221 2808 1349 2877 quin
1383 2805 1669 2877 pulchrum
1699 2814 1753 2859 et
1776 2803 1978 2859 bonum

399 2904 710 2975 participet.
756 2901 984 2957 Audebo
1010 2900 1172 2955 etiam
1221 2899 1325 2954 hoc
1364 2899 1567 2961 dicere,
1591 2897 1642 2952 id
1682 2896 1828 2966 quod
1873 2912 1979 2952 non

394 3008 499 3064 est,
539 2996 827 3067 pulchrum
856 3003 912 3048 et
943 2994 1145 3049 bonum
1173 2992 1528 3063 participare;
1563 3002 1691 3045 tunc
1721 2990 1867 3047 enim
1896 2995 1983 3045 est

401 3091 581 3161 ipsum
610 3089 901 3160 pulchrum
932 3100 988 3145 et
1015 3090 1239 3152 bonum,
1269 3086 1491 3157 quando
1515 3085 1567 3140 in
1591 3084 1701 3141 Deo
1730 3084 1982 3139 laudatur

2082 1889 2259 1943 πάντα
2284 1887 2494 1957 ἐφίεται
2512 1900 2526 1913 ·
2556 1883 2651 1937 καὶ
2679 1880 2779 1935 οὐκ
2806 1878 2921 1930 ἔστι
2943 1893 2997 1928 τι
3026 1874 3134 1927 τῶν
3156 1873 3349 1936 ὄντων,
3384 1869 3414 1924 ὃ
3445 1868 3519 1941 μὴ
3544 1884 3666 1937 μετ-

2081 1982 2196 2054 έχει
2233 1977 2329 2034 τοῦ
2371 1976 2539 2033 καλοῦ
2568 1975 2663 2028 καὶ
2703 1968 2929 2041 ἀγαθοῦ.
2960 1966 3237 2039 Τολμήσει
3278 1964 3340 2019 δὲ
3390 1963 3486 2017 καὶ
3524 1958 3673 2013 τοῦτο

2081 2052 2257 2127 εἰπεῖν
2306 2071 2334 2123 ὁ
2379 2070 2557 2139 λόγος,
2604 2068 2685 2120 ὅτι
2729 2064 2823 2119 καὶ
2851 2063 2911 2116 τὸ
2939 2062 3013 2135 μὴ
3049 2060 3108 2113 ὃν
3140 2057 3366 2130 μετέχει
3392 2055 3487 2109 τοῦ
3514 2052 3671 2107 καλοῦ

2082 2166 2177 2219 καὶ
2221 2163 2426 2233 ἀγαθοῦ
2456 2202 2472 2227 ,
2515 2160 2638 2213 τότε
2678 2158 2789 2230 γὰρ
2831 2156 2925 2209 καὶ
2951 2152 3082 2233 apt?)
3110 2149 3275 2205 καλὸν
3326 2148 3425 2202 καὶ
3461 2144 3672 2215 ἀγαθὸν,

2081 2254 2209 2307 ὅταν
2234 2226 2292 2306 ὲν
2316 2250 2437 2323 Θεῷ
2460 2226 2610 2304 κατά
2634 2226 2734 2319 τὴν
2759 2226 2997 2301 ’πάντων
3025 2234 3672 2313 ἁφαίρεσινΙὺπερουσίως

2082 2341 2319 2417 ὕμνηται
2368 2344 2431 2397 ¹³.
2481 2342 2652 2397 Τοῦτο
2694 2340 2755 2394 τὸ
2777 2340 2835 2392 ἓν
2874 2339 2918 2371 ίδ
2943 2336 3146 2408 ἀγαθὸν
3170 2334 3266 2389 καὶ
3293 2332 3461 2386 καλὸν
3493 2328 3673 2390 ἑνικῶς

2046 2482 2049 2485 λ
2083 2438 2198 2491 ἐστι
2242 2436 2462 2491 πάντων
2497 2434 2607 2488 τῶν
2649 2432 2858 2487 πολλῶν
2898 2430 3079 2486 καλῶν
3104 2428 3200 2483 καὶ
3236 2425 3465 2495 ἀγαθῶν
3490 2422 3671 2477 αἴτιον.

2095 2533 2191 2585 Ἐκ
2211 2531 2402 2586 τούτου
2430 2531 2474 2563 ³³
2498 2530 2668 2584 πᾶσαι
2691 2528 2799 2582 τῶν
2822 2526 2992 2580 ὄντων
3010 2524 3065 2577 αἱ
3090 2520 3378 2583 οὺσιὼδεις
3399 2516 3671 2589 ὑπάρξεις,

2082 2630 2135 2681 αἱ
2161 2625 2404 2689 ὲνώσεις,
2444 2625 2501 2677 αἱ
2536 2622 2856 2694 διακρίσεις,
2884 2620 2938 2671 αἱ
2966 2614 3320 2686 ταύτότητες,
3351 2613 3409 2665 αἱ
3434 2609 3669 2680 ἑτερότη-

2080 2735 2192 2783 τες,
2219 2721 2273 2773 αἰ
2299 2717 2635 2789 ὁμοιότητες,
2660 2716 2715 2767 αἰ
2739 2709 3144 2783 ἀνομοιότητες,
3183 2706 3241 2759 αἰ
3271 2701 3554 2760 κοινωνίαι
3573 2697 3670 2752 τῶν

2082 2811 2341 2865 ἐναντίων
2385 2810 2451 2874 ιθ,
2498 2810 2552 2863 αἱ
2595 2803 2923 2877 ἀσυμμιξίαι
2962 2801 3073 2854 τῶν
3100 2796 3429 2870 ἡνωμένων,
3464 2795 3519 2848 αἰ
3560 2790 3672 2860 7:96-

2082 2923 2224 2961 νοιαι
2249 2904 2359 2957 τῶν
2382 2901 2721 2973 ὑπερτέρων,
2745 2899 2800 2953 αἰ
2828 2894 3176 2965 ἀλληλουχίαι
3199 2890 3312 2945 τῶν
3327 2888 3669 2961 ὁμοστοίχων,

2084 2999 2141 3051 αἰ
2168 2994 2497 3067 ἐπιπροφαί
2515 2992 2625 3045 τῶν
2652 2986 3113 3058 καταδεεστέρων,
3138 2984 3194 3037 αἱ
3222 2983 3447 3036 πάντων
3484 2975 3673 3032 ἑαυτῶν

2083 3086 2452 3160 φρουρητικαὶ
2499 3087 2593 3139 καὶ
2638 3080 3030 3155 ἀμετακίνητοι
3076 3076 3241 3149 μοναί⁹
3286 3073 3387 3128 καί
3432 3069 3668 3143 ἱδρύσεις.

382 3193 565 3251 'supra
610 3181 998 3248 substantiam,
1048 3179 1345 3234 auferendo
1396 3178 1672 3232 universa.
1738 3176 1864 3230 Deni

2188 3174 2381 3243 ιαῦθις
2418 3178 2475 3231 αἱ
2520 3177 2741 3231 πάντων
2784 3175 2840 3227 ὲν
2869 3173 3036 3225 πᾶσιν
3078 3167 3300 3230 οἰκείως
3344 3164 3560 3232 ἑκάστῳ
3584 3178 3670 3213 κοι-

400 3273 503 3329 hoc
537 3289 702 3326 unum
745 3273 950 3328 bonum
977 3280 1031 3327 et
1057 3271 1342 3341 pulchrum
1381 3268 1729 3339 singulariter
1751 3276 1834 3323 est
1860 3282 1980 3323 om-

384 3365 553 3420 .nium
586 3364 882 3422 multorum
915 3365 1266 3434 pulchrorum
1289 3370 1344 3418 et
1380 3361 1645 3415 bonormn
1689 3377 1877 3416 causa.
1905 3363 1980 3417 lix

402 3459 508 3513 hoc
529 3471 709 3513 rerum
740 3455 987 3512 omnium
1011 3453 1402 3510 substantiales
1430 3454 1790 3517 exsistentiaa,
1820 3454 1980 3511 unio-

403 3563 524 3615 nes,
553 3548 961 3615 distinctiones,
996 3546 1338 3613 identitates,
1377 3545 1738 3611 dit'ersltates,
1774 3545 1982 3601 fmdera

374 3642 809 3698 'contrariorum
841 3683 858 3707 ,
927 3655 1114 3697 rerum
1165 3638 1441 3694 unitarum
1507 3638 1982 3708 impermistioncs,

386 3732 763 3802 providentia:
803 3735 1176 3802 superiorum,
1229 3740 1418 3786 mutua
1476 3732 1749 3786 consortia
1802 3722 1984 3785 rerum

388 3840 529 3901 'quae
554 3839 679 3885 sunt
708 3826 952 3897 ejusdem
978 3826 1212 3890 ordinis,
1249 3822 1641 3880 conversiones
1670 3824 1984 3879 inferiorum

403 3924 760 3993 onmiumqne
816 3919 1266 3988 suimctipsorum
1336 3918 1774 3973 eonservatrices
1824 3915 1985 3988 357

2084 3272 2295 3339 νωνίαι,
2323 3270 2417 3326 καὶ
2440 3267 2774 3341 ὲφαρμογαί,
2800 3265 2894 3318 καὶ
2922 3261 3220 3333 ἀσύγχυτοι
3256 3257 3457 3327 φιλίαι,
3482 3254 3573 3308 καὶ
3595 3253 3671 3321 ἀρ

2090 3364 2269 3438 μονίαι
2296 3363 2392 3417 τοῦ
2431 3362 2655 3425 παντὸς,
2682 3360 2737 3413 αἰ
2762 3360 2821 3411 ὲν
2842 3355 2921 3428 τῷ
2947 3354 3111 3409 παντί
3139 3350 3500 3421 συγκράσεις,
3525 3344 3613 3400 καὶ
3635 3344 3670 3374 ’⁷

2088 3459 2146 3512 αἰ
2215 3456 2489 3511 ἀδιάλυτοι
2535 3451 2756 3523 συνοχαὶ
2815 3449 2927 3503 τῶν
2994 3447 3185 3509 ὄντων,
3236 3445 3293 3498 αἰ
3347 3439 3672 3496 ἀνέκλειπτα

2088 3548 2331 3621 διαδοχαὶ
2353 3548 2463 3602 τῶν
2490 3544 2791 3617 γινομένων
2810 3581 2825 3606 ,
2855 3542 2911 3595 αἰ
2939 3538 3160 3601 στάσεις
3189 3536 3391 3601 πᾶσαι,
3416 3534 3510 3587 καὶ
3532 3531 3586 3584 αἰ
3608 3545 3675 3581 κι-

2087 3640 2275 3713 ἳήσεις
2300 3641 2356 3692 αἰ
2380 3636 2491 3691 τῶν
2517 3637 2678 3701 νοῶν,
2706 3636 2761 3689 αἰ
2785 3632 2895 3688 τῶν
2914 3628 3125 3703 ψυχῶν,
3154 3629 3210 3682 αἱ
3235 3626 3352 3681 τῶν
3380 3626 3638 3695 σωμάτων
3654 3636 3669 3647 '

2092 3737 2284 3798 στάσις
2332 3734 2443 3805 γάρ
2490 3734 2608 3786 ἐστι
2652 3731 2788 3784 πᾶσι
2837 3728 2930 3782 καὶ
2968 3725 3206 3794 κίνησις,
3248 3722 3315 3775 τὸ
3342 3721 3486 3791 ὑπὲρ
3512 3720 3674 3772 πᾶσαν

2093 3826 2284 3881 στάσιν
2335 3827 2431 3880 καὶ
2476 3826 2660 3878 πᾶσαν
2710 3823 2926 3890 κίνησιν
2974 3816 3220 3886 ὲνιδρὺον
3258 3815 3499 3868 ἕκαστον
3534 3812 3588 3864 ὲν
3608 3806 3673 3875 τῷ

2092 3915 2285 3971 ἑαυτοῦ
2311 3917 2474 3989 λόγῳ,
2519 3915 2614 3968 καὶ
2634 3911 2817 3967 κινοῦν
2841 3909 2934 3962 ἐπὶ
2952 3908 3053 3979 τὴν
3078 3905 3289 3959 οἰκείαν
3318 3905 3556 3976 κίνησιν.

406 4019 884 4089 immutabilesque
919 4017 1231 4072 mansiones
1259 4031 1324 4070 ae
1351 4014 1664 4069 ﬁrmitates.
1702 4014 1767 4069 Et
1802 4031 1994 4070 rursus
2027 4016 2274 4070 omnium
2307 4010 2358 4068 in
2390 4012 2646 4068 onmibus
2684 4023 2783 4079 pro
2838 4005 3107 4075 cujusque
3163 4000 3506 4072 proprietate
3531 4009 3669 4051 com-

408 4113 714 4180 muniones,
753 4122 808 4167 et
834 4110 1231 4180 congruentlzn,
1267 4103 1682 4177 in‘confusaeque
1708 4107 1987 4174 amicitize,
2018 4118 2076 4161 et
2102 4106 2490 4163 consensiones
2513 4105 2773 4167 universi,
2803 4116 2901 4157 nec
2927 4116 3036 4156 non
3065 4111 3249 4153 rerum
3311 4096 3367 4149 in
3408 4093 3513 4150 hoc
3563 4088 3671 4143 uni-

407 4220 567 4260 verso
629 4201 1207 4273 contemperationes,
1248 4200 1769 4271 indissolubilcsqne
1835 4201 2173 4271 complexus,
2228 4208 2282 4254 et
2332 4213 2521 4253 eorum
2571 4210 2691 4267 qua:
2754 4196 2891 4251 llunt
2946 4200 3224 4267 perpetuae
3274 4187 3671 4244 successiones.

409 4306 589 4351 status
630 4310 846 4359 oumes,
891 4306 1186 4364 motusque
1244 4293 1536 4359 mentium,
1601 4294 1931 4357 animorum,
1994 4306 2331 4365 corporum;
2390 4298 2565 4347 status
2632 4289 2778 4345 enim
2831 4297 2917 4343 est
2967 4284 3230 4341 omnibus
3283 4292 3456 4350 atque
3504 4288 3668 4334 motus

408 4389 555 4462 quod
595 4390 741 4444 omni
793 4401 940 4445 statu
978 4397 1239 4456 uultuque
1271 4385 1524 4457 superius
1559 4394 1783 4443 exstans
1815 4427 1831 4453 ,
1884 4399 1996 4441 rem
2034 4382 2338 4455 quamlibet
2364 4383 2418 4437 in
2450 4382 2669 4453 prepria
2701 4380 2911 4436 ratione
2938 4379 3140 4443 lirmat,
3172 4383 3230 4429 et
3282 4373 3354 4428 ad
3414 4368 3671 4443 propriam

407 4485 596 4556 dirigit
624 4482 937 4540 motionem.
1624 4472 1627 4473 ⁷
2688 4466 2691 4469 ⁷

1926 4635 2151 4712 δνιιι.

485 4819 729 4889 Denique
746 4817 947 4873 divina:
970 4823 1183 4871 mentes
1212 4814 1466 4869 dicuntur
1499 4807 1705 4865 moveri
1751 4804 1967 4865 circula‘

2184 4800 2278 4854 Καὶ
2305 4796 2570 4859 κινεῖσθαι
2601 4797 2699 4867 μὲν
2722 4796 2777 4851 οἱ
2799 4795 2930 4850 θεῖοι
2949 4795 3198 4863 λέγονται
3234 4794 3380 4859 νόες,
3419 4791 3666 4853 κυκλικῶς

410 4918 545 4972 riter
603 4911 1018 4983 quidem,.dum
1072 4907 1623 4979 priueipiotineqne
1676 4899 1994 4965 carentibus

410 5008 625 5081 pulchri
655 5007 895 5076 bonique
917 5002 1301 5074 splendoribus
1326 4999 1627 5060 uniuutur;
1655 4995 1867 5049 directe
1896 5006 1995 5045 au-

413 5099 815 5171 tenm-quando
859 5100 927 5153 ad
976 5094 1299 5150 inferiorum
1349 5087 1748 5162 providentiam
1806 5097 1998 5155 proce-

411 5187 573 5249 dunt,
624 5196 770 5242 recte
814 5184 1002 5241 omnia
1053 5181 1375 5253 dirigenda;
1406 5177 1627 5247 oblique
1676 5189 1828 5239 vero,
1865 5174 1995 5228 dum

415 5278 773 5336 inferioribus
819 5275 1163 5334 consulentes
1206 5275 1260 5330 in
1293 5272 1487 5330 eodem
1529 5280 1677 5326 statu
1733 5274 1998 5336 perpetuo

2098 4897 2200 4968 μὲν
2226 4894 2506 4966 ὲνούμενοι
2529 4894 2650 4955 ταῖς
2676 4891 2933 4963 ἀνάρχοις
2961 4888 3054 4943 καὶ
3085 4886 3477 4959 ἀτελευτήτοις
3504 4886 3669 4954 ἐλλάμ-

2095 4987 2221 5058 ψεσι
2247 4986 2343 5040 τοῦ
2384 4983 2549 5040 καλοῦ
2584 4984 2681 5038 καὶ
2708 4980 2915 5049 ἀγαθοῦ
2942 4998 2955 5010 ·
2988 4982 3118 5034 xcmf~
3133 4978 3357 5038 εὐθεῖαν
3384 4981 3464 5043 δὲ,
3492 4978 3666 5033 ὁπόταν

2097 5080 2361 5152 προΐωσιν
2382 5080 2426 5110 ¹⁸
2455 5078 2536 5142 εἰς
2577 5076 2678 5148 τὴν
2720 5074 2830 5129 τῶν
2860 5072 3170 5143 ὑφειμένων
3198 5072 3486 5143 πρόνοιαν,
3511 5068 3669 5137 εὐθείᾳ

2098 5172 2168 5227 τά
2196 5173 2373 5226 πάντα
2414 5169 2791 5242 περαίνοντες·
2839 5165 3147 5227 ὲλικοειδῶς
3199 5164 3279 5229 δὲ,
3319 5167 3406 5219 ὅτι
3436 5167 3527 5219 καὶ
3552 5178 3665 5231 προ·

2098 5264 2346 5328 νοοῦντες
2368 5261 2476 5316 τῶν
2501 5259 2961 5331 καταδεεστέρων,
2992 5257 3407 5327 ἀνεκφοιτήτως
3443 5257 3665 5328 μένουσιν

1725 5430 1958 5485 VARle
1993 5427 2400 5485 LECTIONES.

482 5596 504 5626 “
531 5592 564 5664 ἢ
588 5594 700 5647 τισὶ
744 5593 865 5663 μέν,
902 5594 962 5647 D.

422 5662 484 5716 D.
523 5662 652 5718 item
681 5662 828 5719 tum.

421 5752 529 5788 νων
541 5772 547 5783 .

1066 5598 1087 5627 θ
1126 5595 1249 5649 καθ’
1272 5594 1403 5647 αὐτὸ

1448 5595 1564 5664 μεθ’
1596 5593 1781 5664 αὑτοῦ,
1812 5594 1872 5646 D.
1903 5592 1959 5647 8.
2040 5593 2083 5625 ¹⁰
2113 5593 2413 5661 πάγκαλον,
2441 5590 2498 5643 8.
2577 5589 2615 5664 ί]
2645 5588 2721 5664 τῷ
2748 5586 3051 5664 ἀγαθῷλ8.

998 5641 2029 5739 mimis?s;"b.?:;aa.'.'a;j.t
2060 5641 2482 5739 εν;”ίί;””ίίἰςς
2791 5641 2849 5713 ί».

631 5735 669 5765 ⁸⁷
700 5734 793 5788 καί
818 5751 925 5790 non
950 5748 1034 5793 es:
1063 5738 1118 5794 Et:
1157 5738 1218 5792 ἰ).
1246 5737 1302 5793 8.
1345 5736 1404 5791 Ρ.
1576 5737 1699 5791 Sar.
1738 5738 1778 5768 ιδ
1806 5736 2082 5806 προῖδωσι,
2116 5735 2173 5788 D.

3136 5588 3178 5619 ²²
3210 5587 3305 5639 καὶ
3331 5585 3427 5640 τοῦ
3453 5581 3658 5655 ἀγαθοῦ..

2952 5659 2996 5691 ¹⁶
3022 5658 3204 5715 subdit
3237 5656 3299 5715 S.
3342 5652 3658 5728 διακεκριμέ-
