3752 6314
69 335 155 390 705
1148 327 1237 381 DE
1270 323 1526 381 DlVlNlS
1556 322 1958 389 NOMINIBUS,
1994 322 2150 381 CAP.
2186 321 2285 383 IV.
3254 324 3347 379 Ιθδ

68 451 115 503 ἑν
148 448 450 520 ταύτότητι
497 449 631 520 περὶ
672 448 734 502 τὸ
760 447 862 517 τῆς
908 446 1242 517 ταύτότητος
1287 445 1463 498 αἴτιον
1495 444 1655 497 καλὸν

1833 453 2013 504 nitent,
2045 443 2256 495 circum
2289 442 2488 496 bonum
2520 452 2574 498 et
2609 442 2922 514 pulchrum,
2950 440 3199 511 ejusdem
3230 454 3352 495 soa-

66 542 143 593 xai.
167 540 399 608 ἀγαθὸν,
439 539 837 613 ἀκαταλήκτως
860 539 904 571 ¹⁹
932 536 1402 609 περιχορεύοντες.

1767 544 1853 591 tus
1876 546 2130 593 causam.
2168 548 2390 602 semper
2419 549 2479 591 SC
2503 545 2811 593 νοτεαηιθδ.

1608 694 1789 769 δικ.

119 848 305 919 Ψυχῆς
332 846 396 900 δὲ
432 845 652 917 κίνησίς
682 844 816 908 ἐστι,
850 843 1081 914 κυκλικὴ
1116 844 1213 915 μὲν
1248 845 1282 914 ἡ
1322 844 1403 907 εἰς
1451 842 1651 915 ἑαυτὴν

63 942 247 1005 εἴσοδος
272 940 390 993 ἀπὸ
412 939 529 992 τῶν
561 938 686 1005 ἔξω,
714 939 930 994 καὶτῶν
951 956 1035 993 vos
1046 939 1153 1012 ρῶν
1178 939 1349 1010 αὐτῆς
1369 938 1653 1009 δυνάμεων

64 1038 91 1106 ἡ
115 1032 348 1104 ένοειδὴς
385 1031 687 1098 συνέλιξις,
720 1031 908 1103 ὥσπερ
938 1031 994 1085 ἐν
1018 1049 1125 1085 τινι
1154 1032 1343 1102 κύκλῳ
1370 1030 1433 1083 τὸ
1471 1030 1655 1083 ἀπλα-

66 1126 142 1189 νὲς
157 1125 290 1196 αὐτῇ
322 1124 683 1196 δωρουμένη,
704 1125 798 1177 καὶ
821 1122 928 1176 ἀπὸ
945 1122 1054 1177 τῶν
1083 1123 1294 1177 πολλῶν
1312 1121 1425 1175 τῶν
1453 1120 1655 1189 ἔξωθεν

66 1218 216 1288 αὐτὴν
279 1216 706 1288 ἐπιστρέφουσα
759 1216 854 1270 καὶ
913 1215 1237 1284 συνάγουσα,
1293 1213 1509 1287 πρῶτον
1574 1214 1655 1278 εἰς

68 1312 265 1383 ἑαυτὴν,
332 1308 464 1365 εἶτα
516 1303 595 1375 ὡς
641 1310 843 1383 ὲνοειδῆ
899 1310 1220 1381 γενομένην,
1281 1305 1479 1362 ἐνοῦσα
1532 1308 1655 1371 ταῖς

68 1402 263 1468 ἐνιαὶως
287 1401 619 1475 ἡνωμέναις
646 1401 928 1473 δυνάμεσι,
958 1402 1054 1454 καὶ
1083 1401 1255 1467 οὕτως
1281 1400 1374 1454 ἐπὶ
1404 1401 1466 1455 τὸ
1492 1399 1655 1455 καλὸν

66 1498 144 1549 καὶ
186 1494 398 1565 ἀγαθὸν
436 1492 880 1565 χειραγωγοῦσα,
917 1492 980 1547 τὸ
1015 1494 1154 1565 ὑπὲρ
1201 1493 1380 1548 πάντα
1406 1492 1475 1547 τά
1505 1492 1655 1556 ὅντα,

64 1589 141 1641 καὶ
174 1586 231 1642 ἒν
283 1588 385 1642 καὶ
434 1587 661 1651 ταύτὸν,
714 1586 808 1639 κα)⁸
848 1584 1085 1656 ἄναρχον
1129 1584 1225 1638 καὶ
1273 1584 1650 1657 ἀτελεύτητον.

72 1682 402 1745 Έλικοειδῶς
447 1681 511 1735 δὲ
562 1682 596 1751 ὴ
646 1678 793 1750 ψυχὴ
839 1680 1069 1732 κινεῖται
1118 1679 1239 1732 καθ’
1265 1680 1390 1734 ὅσον
1438 1679 1655 1743 οἰκείως

1827 843 2008 898 Animi
2043 854 2222 899 autem
2272 854 2452 900 motus
2498 844 2825 900 orbiculoris
2876 853 2960 900 est
3006 844 3123 915 ejus
3154 846 3222 901 ab
3258 862 3354 903 cx-

1760 937 1969 991 traneis
2030 938 2084 992 in
2149 938 2509 1009 semetipsum
2564 937 2848 1003 introitus,
2898 916 3351 1011 spiritaliumqnc

1759 1028 1928 1098 ipsius
1968 1028 2291 1085 facultatum
2345 1029 2602 1084 unimoda
2639 1029 2885 1097 inﬂexio,
2927 1044 3071 1101 qum,
3098 1034 3254 1103 quasi
3292 1034 3344 1087 in

1761 1123 1969 1178 circulo
2004 1123 2171 1177 ﬁxum
2198 1131 2253 1179 et
2276 1123 2345 1178 ab
2375 1122 2521 1178 omni
2555 1136 2747 1179 errore
2790 1125 3018 1181 liberum
3061 1134 3267 1181 motum
3297 1128 3344 1181 ei

1764 1216 1979 1280 tribuit,
2010 1226 2067 1271 et
2091 1231 2121 1271 a
2149 1215 2336 1271 multis
2361 1213 2526 1271 rebus
2553 1216 2834 1272 extraneis
2871 1217 3049 1288 ipsum
3080 1222 3354 1275 convertit

1763 1325 1829 1366 ac
1868 1309 2074 1381 colligit
2104 1308 2341 1381 primum
2371 1308 2438 1362 ad
2469 1322 2546 1368 se.
2584 1308 2803 1376 deinde,
2845 1311 3001 1379 quasi
3037 1310 3152 1379 jam
3188 1314 3355 1367 unius

1765 1404 1908 1460 modi
1942 1402 2216 1467 eﬂ‘ectum,
2259 1401 2570 1471 conjunCtis
2616 1417 2724 1458 uno
2775 1405 2938 1459 modo
2994 1403 3354 1461 facultatibus
3418 1398 3424 1405 ’

1764 1496 2067 1567 coniungit,
2101 1502 2268 1565 atque
2296 1494 2371 1548 ita
2403 1495 2623 1550 demum
2650 1495 2717 1550 ad
2746 1494 3034 1565 pulchrum
3057 1512 3121 1551 ac
3144 1498 3347 1554 bonum

1764 1589 2109 1655 manuducit,
2148 1587 2297 1657 quod
2336 1602 2502 1657 Supra
2543 1588 2728 1645 omnia
2759 1603 2882 1654 quae
2923 1598 3054 1644 sunt
3085 1598 3144 1645 et
3183 1606 3351 1647 unum

1764 1691 1819 1737 et
1846 1682 2010 1747 idem,
2052 1689 2106 1733 et
2136 1680 2256 1735 sine
2285 1679 2559 1751 principio
2602 1688 2657 1735 et
2679 1681 2801 1736 sine
2833 1682 2941 1739 line
2980 1689 3084 1736 est.
3118 1680 3353 1751 Oblique

66 1776 211 1848 ἑαυτῇ
232 1774 336 1838 τὰς
373 1774 539 1838 θείας
581 1771 918 1844 ἐλλάμπεται
964 1771 1215 1841 γνώσεις,
1243 1772 1304 1824 ού
1335 1772 1537 1843 νοερῶς
1564 1773 1655 1825 καὶ

1835 1788 1895 1828 ro
1922 1772 2097 1826 cietur
2127 1772 2365 1839 animus,
2393 1773 2615 1841 quando
2640 1788 2739 1841 pro
2769 1782 2934 1842 captu
2964 1788 3068 1828 suo
3116 1773 3359 1833 notioni-

64 1868 261 1933 ὲνιαιως
294 1869 366 1933 ²⁰,
413 1866 563 1921 ἀλλά
612 1865 846 1934 λογικῶς
878 1864 973 1917 καὶ
1026 1863 1355 1930 διεξοδικῶς,
1402 1863 1496 1916 καὶ
1546 1858 1656 1916 οἷον

67 1963 384 2034 συμμίκτοις
417 1961 521 2016 καὶ
552 1960 945 2032 μεταϐατικαῖς
967 1961 1009 1992 ²¹
1035 1960 1223 2031 ὲνεργε
1234 1958 1356 2022 ίαις.
1379 1956 1507 2029 ,Τὴν
1532 1956 1655 2010 κατ’

66 2058 259 2110 εὐθεῖαν
298 2056 382 2121 δὲ,
418 2056 558 2108 ὅταν
584 2054 685 2107 οὐκ
719 2054 799 2119 εἰς
846 2053 1045 2125 ἑαυτὴν
1088 2050 1334 2105 εἰσιοῦσα
1360 2051 1455 2104 καὶ
1500 2052 1653 2122 ἑνικῇ

66 2148 325 2219 νοερότητι
356 2149 406 2178 ²²
439 2145 762 2216 κινουμένη,
793 2144 972 2215 (τοῦτο
995 2144 1125 2213 γάρ,
1156 2142 1231 2206 ὼς
1262 2140 1421 2212 ἔφην,
1449 2141 1568 2194 έστὶ
1594 2141 1655 2195 τὸ

67 2240 187 2294 κατά
212 2239 427 2294 κύκλον
449 2236 489 2307 ·)
509 2236 649 2290 ἀλλά
674 2236 812 2309 πρὸς
837 2235 908 2289 τὰ
936 2236 1063 2308 περὶ
1082 2233 1281 2307 ἑαυτὴν
1304 2234 1350 2265 ³³
1367 2233 1652 2305 προϊοῦσα,

66 2334 142 2386 καὶ
161 2332 269 2386 ἀπὸ
291 2330 410 2385 τῶν
447 2330 676 2396 ἔξωθεν,
711 2329 903 2401 ὥσπερ
928 2328 1035 2381 ἀπό
1061 2344 1223 2381 τινων
1249 2327 1532 2399 συμϐόλων
1554 2343 1654 2379 πε-

65 2427 423 2499 ποικιλμένων
451 2426 552 2478 καὶ
580 2420 1073 2493 πεπληουσμένων,
1092 2420 1202 2487 ,ἐπὶ
1226 2419 1323 2485 τὰς
1356 2420 1533 2485 ἁπλᾶς
1560 2420 1655 2474 καὶ

64 2520 332 2591 ἡνωμένας
363 2519 643 2585 ἀνάγεται
670 2517 922 2590 Θεωρίας.

1758 1864 1861 1918 bus
1908 1861 2112 1917 divinis
2145 1861 2478 1930 illustratur,
2508 1879 2617 1918 non
2648 1864 2882 1934 spiritali
2927 1866 3150 1935 quidem
3195 1865 3358 1920 unito

1763 1954 1940 2014 modo,
1986 1953 2081 2009 sed
2116 1953 2410 2023 cogitando
2456 1962 2514 2008 et
2566 1954 2931 2011 discurrendo
2957 1958 3119 2025 quasi
3149 1959 3355 2027 permi-

1760 2046 1862 2102 stis
1904 2045 2175 2115 ﬂuxisque
2225 2045 2558 2102 actionibus.
2610 2045 2828 2103 Directe
2878 2063 3010 2106 vero
3074 2060 3351 2115 moretur.

1760 2140 1983 2208 quando
2008 2154 2116 2195 non
2142 2138 2208 2193 ad
2242 2138 2484 2210 seipsum
2511 2138 2839 2210 ingreditur,
2877 2154 3056 2211 neque
3081 2141 3351 2212 singulari

1761 2240 1913 2287 motu
1953 2229 2182 2301 spiritali
2210 2228 2385 2286 fertur
2416 2228 2567 2302 (nam
2592 2230 2683 2286 hic
2717 2241 2898 2287 motus
2931 2232 3223 2289 circularis
3242 2244 3352 2301 est,

1761 2330 1819 2375 ut
1846 2321 2005 2391 dixi),
2043 2321 2142 2377 sed
2173 2321 2239 2376 ad
2267 2336 2329 2376 ea
2354 2336 2474 2390 qua:
2497 2320 2600 2392 ipsi
2633 2322 2812 2377 vicina
2834 2332 2963 2378 sunt
2982 2325 3351 2395 progreditur,

1760 2423 1817 2470 et
1848 2430 1879 2469 a
1910 2414 2077 2470 rebus
2106 2414 2370 2481 externis,
2405 2430 2513 2470 non
2542 2430 2701 2471 secus
2735 2430 2801 2471 ac
2824 2418 2998 2487 signis
3023 2417 3353 2487 quibusdam

1766 2507 1936 2563 variis
1960 2522 2025 2563 ac
2064 2506 2480 2578 multiplicibus,
2513 2509 2581 2563 ad
2604 2508 2881 2579 simplices
2911 2518 2967 2566 et
3009 2511 3194 2567 unitas
3221 2526 3356 2568 cou-

1762 2600 2147 2671 templationes
2175 2610 2490 2655 revocatur.

1630 2739 1777 2813 §X.

124 2890 342 2944 Τούτων
385 2885 512 2951 οὖν,
542 2888 639 2941 καὶ
666 2887 776 2940 τῶν
807 2887 1079 2958 αἰσθητῶν
1126 2888 1186 2941 ὲν
1209 2886 1347 2957 τῷδε
1372 2884 1452 2957 τῷ
1495 2885 1659 2941 παντὶ

66 2983 215 3053 τριῶν
267 2984 582 3056 κινήσεων,
615 2982 710 3035 καὶ
743 2981 924 3053 πολλῷ
978 2980 1242 3053 πρότερον
1274 2979 1385 3033 τῶν
1423 2980 1656 3034 ἑκάστου

1840 2885 2039 2942 llarum
2072 2885 2236 2956 igitur
2276 2885 2459 2950 trium,
2484 2886 2563 2942 uti
2599 2896 2657 2943 et
2700 2888 3008 2956 sensilium,
3042 2889 3097 2944 iu
3138 2891 3243 2946 hac
3268 2907 3357 2947 re-

1769 2995 1887 3035 rum
1914 2979 2272 3034 universitate
2304 2978 2628 3047 motionum,
2679 2989 3035 3051 statuumque
3081 2998 3144 3038 ac
3177 2985 3348 3040 ﬁrmi-

70 3076 230 3146 μονῶν
279 3078 382 3131 καὶ
439 3074 706 3138 στάσεων,
740 3075 835 3128 καὶ
879 3073 1140 3147 ἱδρύσεων
1177 3073 1348 3128 αἴτιόν
1384 3074 1525 3140 ἐστι,
1564 3074 1655 3127 καὶ

1833 3085 1936 3130 tum
1977 3088 2166 3137 causa,
2207 3080 2264 3128 et
2312 3072 2661 3127 conservatio
2714 3081 2769 3127 et
2821 3074 2967 3139 linis,
3011 3085 3096 3128 es:
3148 3075 3356 3131 bonum

70 3168 359 3237 συνοχικὺν,
392 3169 496 3221 καὶ
528 3166 704 3237 πέρας
724 3166 785 3220 τὸ
830 3165 994 3220 καλὸν
1040 3166 1135 3219 καὶ
1160 3166 1383 3235 ἀγαθὸν,
1428 3165 1490 3220 τὸ
1518 3166 1661 3239 ὑπὲρ

69 3261 234 3314 πᾶσαν
264 3262 313 3293 ³⁸
342 3260 548 3313 στάσιν
576 3258 671 3311 καὶ
714 3257 957 3329 κίνησιν·
989 3257 1126 3311 διὺ²⁶
1164 3258 1315 3311 πᾶσα
1350 3256 1537 3322 στάσις
1567 3257 1663 3310 καὶ

68 3352 287 3425 κίνησις,
340 3353 449 3409 καὶ
491 3351 554 3419 ἐξ
577 3345 661 3414 οὗ,
709 3351 803 3405 καὶ
850 3351 908 3404 ἐν
951 3344 997 3419 ᾧ
1026 3351 1093 3414 ³⁸,
1126 3351 1220 3404 καὶ
1264 3351 1344 3414 εἰς
1374 3349 1422 3414 ὃ,
1458 3350 1553 3403 καὶ
1601 3343 1662 3405 οὗ

68 3445 235 3500 ἕνεκα.
264 3448 380 3501 Καὶ
413 3445 533 3517 γὰρ
576 3443 635 3511 ἐξ
662 3443 852 3508 αὐτοῦ,
882 3444 976 3499 καὶ
1003 3445 1071 3498 δι’
1110 3444 1297 3510 αὑτοῦ,
1344 3446 1439 3500 καὶ
1481 3445 1660 3508 οὐσία,

70 3536 150 3587 καὶ
171 3535 284 3609 ζωὴ
318 3538 505 3597 πᾶσα,
532 3534 629 3587 καὶ
651 3532 743 3587 νοῦ
771 3534 866 3587 καὶ
891 3534 1090 3607 ψυχῆς,
1120 3536 1215 3589 καὶ
1235 3536 1415 3607 πάσης
1447 3535 1664 3607 φύσεως

69 3627 117 3677 αἱ
152 3626 553 3698 σμικρότητες,
607 3625 663 3677 αἰ
716 3624 980 3696 ἱσότητες,
1019 3626 1083 3679 ai’
1112 3624 1550 3699 μεγαλειότητες,
1593 3626 1665 3681 τά

72 3715 232 3788 μέτρα
254 3720 468 3780 πάντα,
507 3715 603 3769 καὶ
625 3714 681 3768 αἱ
703 3715 811 3769 τῶν
839 3716 1008 3770 ὄντων
1038 3716 1344 3785 ἀναλογίαι,
1364 3718 1459 3771 καὶ
1486 3718 1662 3788 ἁρμο-

70 3809 186 3873 νίαι,
217 3812 317 3864 καὶ
350 3810 617 3883 κράσεις,
650 3808 707 3861 αἱ
740 3809 1016 3880 ὁλότητες,
1053 3808 1127 3864 τά
1174 3810 1336 3883 μέρη,
1371 3812 1482 3866 πᾶν
1511 3810 1571 3863 ἒν
1595 3812 1662 3875 ’⁷,

70 3904 153 3955 καὶ
197 3903 535 3975 πλῆθος,-αἱ
594 3901 867 3966 συνδέσεις
914 3901 1023 3957 τῶν
1082 3901 1285 3974 μερῶν,
1345 3904 1403 3958 αἱ
1465 3902 1665 3967 παντὸς

72 3995 293 4068 πλήθους
332 3995 594 4061 ὲνὼσεις,
628 3997 683 4049 αἱ
737 3996 1074 4068 τελειότητες
1126 3998 1236 4051 τῶν
1276 3998 1565 4071 ὁλοτήτων,
1603 3998 1666 4053 τὸ

72 4088 231 4153 ποιὸν,
262 4089 328 4143 τὸ
366 4088 564 4153 ποσὸν,
595 4088 657 4141 τὸ
688 4088 937 4159 πηλίκον,
966 4090 1027 4144 τὸ
1062 4090 1310 4163 ἄπειρον,
1349 4092 1407 4145 αἱ
1444 4090 1667 4163 συγκρί-

75 4194 197 4244 σεις,
236 4182 293 4235 αἱ
324 4178 665 4252 διακρίσεις,
713 4181 865 4234 πᾶσα
905 4180 1152 4252 ἀπειρία,
1204 4183 1313 4236 πᾶν
1369 4183 1565 4255 πέρας,
1614 4184 1666 4238 οἱ

70 4270 443 4341 ὅροιπάντες,
478 4273 541 4325 αἱ
572 4272 776 4338 τάξεις,
804 4273 862 4325 αἱ
883 4274 1170 4345 ὑπεροχαὶ,
1203 4274 1275 4328 τά
1303 4278 1561 4347 στοιχεῖα,
1598 4276 1668 4331 τὰ

72 4364 199 4436 εἴδη,
248 4369 406 4421 πᾶσα
456 4363 640 4429 οὐσία,
686 4366 835 4418 πᾶσα
882 4364 1133 4437 δύναμις,
1186 4369 1335 4422 πᾶσα
1389 4368 1665 4440 ἐνέργεια,

73 4458 209 4510 πᾶσα
243 4460 383 4526 ἕξις,
422 4458 581 4512 πᾶσα
609 4455 880 4528 αἴσθησις,
934 4460 1042 4522 πᾶς
1071 4459 1249 4530 λόγος,
1283 4462 1435 4515 πᾶσα
1460 4461 1669 4533 νόησις,

75 4554 212 4605 πᾶσα
256 4552 474 4623 ἐπαφὴ,
536 4550 687 4603 πᾶσα
738 4551 1059 4623 ὲπιστήμη,’
1101 4556 1253 4607 πᾶσα
1301 4554 1526 4618 ἕνωσις·
1572 4555 1671 4609 καὶ

72 4636 269 4705 ἁπλῶς,
301 4641 414 4693 πᾶν
445 4636 510 4691 ὃν
553 4637 619 4690 ὲκ
646 4636 740 4692 τοῦ
776 4639 940 4692 καλοῦ
980 4641 1077 4693 καὶ
1100 4641 1330 4712 ἀγαθοῦ,
1363 4642 1460 4696 καὶ
1487 4645 1545 4698 ὲν
1588 4643 1669 4715 τῷ

76 4729 212 4801 καλῷ
239 4732 334 4785 καὶ
356 4728 559 4801 ἀγαθῷ
588 4729 728 4793 ἐστι,
770 4731 866 4784 καὶ
905 4731 985 4794 εἰς
1012 4727 1073 4784 τὸ
1125 4731 1294 4787 καλὸν
1330 4732 1424 4786 καὶ
1462 4733 1669 4804 ἀγαθὸν

74 4822 458 4898 ἐπιστρέφεται
485 4842 499 4855 ο
555 4824 648 4878 καὶ
676 4825 854 4879 πάντα
884 4824 983 4878 ὅσα
1030 4826 1148 4880 ἐστὶ
1208 4827 1305 4880 καὶ
1351 4823 1395 4855 ³⁸
1427 4823 1668 4892 γίνεται,

74 4914 152 4969 διὰ
186 4918 248 4972 τὸ
268 4918 442 4973 καλὸν
469 4916 568 4972 καὶ
602 4916 805 4986 ἀγαθόν
837 4919 955 4971 ἐστι
986 4918 1080 4971 καὶ
1118 4918 1353 4988 γίνεται,
1401 4918 1498 4971 καὶ
1531 4919 1670 4991 πρὸς

76 5007 195 5061 αὐτὸ
224 5009 409 5064 πάντα
457 5008 585 5080 ὁρᾷ,
621 5009 714 5061 καὶ
742 5009 834 5061 ὑπ’
865 5006 1029 5061 αὑτοῦ
1058 5011 1292 5064 κινεῖται
1317 5008 1412 5062 καὶ
1446 5009 1670 5080 συνέχε-

77 5118 177 5167 ται,
214 5105 310 5158 καὶ
359 5101 533 5158 αὐτοῦ
590 5102 772 5166 ἕνεκα,
822 5102 915 5156 καὶ
961 5102 1028 5156 δι’
1060 5103 1216 5166 αὐτὸ,
1269 5103 1365 5157 καί
1412 5103 1472 5154 ὲν
1518 5099 1670 5172 αύτῷ

78 5196 215 5249 πᾶσα
262 5197 416 5268 ἀρχὴ
476 5193 970 5266 παραδειγματικὴ,
1018 5194 1209 5266 τελικὴ
1259 5199 1327 5260 ³³,
1381 5196 1671 5268 ποιητικὴ,

80 5284 260 5359 εἰδικη,
312 5285 687 5358 στοιχειώδης,
744 5286 837 5339 καὶ
894 5285 1079 5349 ἁπλῶς
1128 5288 1283 5341 πᾶσα
1322 5285 1489 5358 ἀρχὴ,
1516 5291 1669 5343 πᾶσα

82 5380 285 5451 συνοχὴ,
315 5381 427 5434 πᾶν
463 5379 638 5449 πέρας
658 5395 672 5408 ⁸
716 5378 759 5410 ³⁰
790 5377 823 5448 ἦ
858 5378 943 5432 ἴνα
973 5378 1254 5434 συλλαϐὼν
1284 5379 1443 5442 εἴπω,
1486 5380 1670 5434 πάντα

1769 3168 1901 3224 illud
1938 3166 2255 3237 pulchrum,
2286 3165 2433 3235 quod
2474 3171 2557 3221 est
2584 3179 2749 3235 supra
2800 3175 3006 3221 Statum
3038 3181 3357 3223 omnemac

1768 3273 1998 3330 motum,
2029 3274 2127 3331 per
2154 3260 2323 3332 quod,
2352 3269 2410 3315 et
2437 3274 2507 3315 ex
2536 3273 2667 3329 quo,
2698 3267 2756 3315 et
2783 3260 2853 3314 ad
2888 3273 3051 3329 quem
3097 3268 3154 3317 et
3198 3260 3358 3331 cujus

1766 3357 1964 3425 gratia,
1997 3363 2173 3411 status
2201 3352 2383 3410 omnis
2426 3366 2492 3409 ac
2543 3362 2723 3408 motus
2752 3352 2989 3409 exsistit.
3019 3352 3235 3408 Etenim
3287 3369 3356 3409 ex

1768 3449 1920 3519 ipso;
1948 3456 2003 3503 et
2026 3460 2124 3517 per
2146 3445 2348 3515 ipsum,
2381 3452 2440 3500 et
2466 3444 2802 3510 substantia,
2835 3442 3003 3515 358
3023 3452 3079 3498 et
3104 3444 3218 3498 vita
3232 3458 3363 3499 sonu-

1768 3542 1858 3597 nis
1902 3551 1958 3597 et
2010 3540 2212 3599 mentis
2249 3539 2551 3602 etanimte,
2602 3545 2768 3609 atque
2819 3540 3090 3593 universa)
3144 3546 3364 3593 naturae

1766 3637 2087 3707 parvitates,
2153 3632 2541 3704 mqualitates;
2597 3632 3027 3703 magnitudines,
3088 3645 3365 3686 mensura:

1767 3726 2039 3789 ninnium,
2068 3732 2124 3780 et
2163 3738 2353 3781 rerum
2392 3725 2801 3794 proportiones,
2850 3730 2906 3778 et
2955 3729 3279 3785 concentus,
3305 3728 3364 3775 et

1767 3818 2173 3883 concrctioues,
2224 3822 2361 3881 tota,
2390 3823 2601 3884 partes,
2653 3829 2817 3870 omne
2857 3828 3026 3868 unum
3065 3820 3124 3866 et
3168 3811 3363 3866 multi—

1774 3906 1930 3972 tudo,
1986 3905 2403 3975 coniunctiones
2447 3908 2710 3976 partium,
2758 3904 2939 3959 omnis
2995 3902 3366 3959 multitudinis

1767 3997 2172 4070 capulatioues,
2208 3995 2581 4067 perfectiones
2624 4006 2888 4060 notorum,
2951 3995 3132 4064 quale,
3192 4009 3368 4064 quau-

1769 4100 1907 4158 tum,
1948 4105 2112 4162 quam
2156 4105 2418 4161 magnum
2451 4100 2550 4145 aut
2577 4104 2833 4159 parvum,
2876 4087 3179 4153 inﬁnitum,
3215 4103 3368 4143 coui-

1769 4199 1837 4255 pa
1846 4183 2111 4251 rationes,
2125 4182 2528 4255 separationes,
2542 4182 2725 4239 omnis
2746 4182 3008 4247 inﬁnitas,
3023 4181 3203 4237 omnis
3218 4182 3368 4248 linis,

1773 4278 2124 4335 deﬁnitiones
2156 4293 2387 4344 omnes,
2412 4279 2655 4344 ordines,
2684 4277 3048 4344 excellentiae,
3072 4276 3370 4345 elementa,

1776 4375 1991 4438 formae,
2034 4371 2219 4427 omnis
2266 4371 2597 4436 substantia,
2626 4370 2810 4427 omnis
2863 4370 3096 4427 facultas
3121 4372 3239 4426 sive
3270 4387 3368 4441 po.

1701 4476 1747 4536 ι)
1779 4473 1969 4529 testas,
2000 4462 2183 4519 omnis
2234 4462 2403 4529 actio,
2426 4464 2607 4517 omnis
2652 4461 2898 4529 habitus,
2934 4463 3114 4517 omnis
3148 4477 3365 4529 sensus,

1777 4559 1959 4615 omnis
2017 4557 2183 4623 ratio,
2230 4556 2411 4614 omnis
2472 4555 2873 4626 intelligentia,
2926 4557 3109 4612 omnis
3165 4565 3365 4621 tactus,

1776 4649 1957 4709 omnis
2015 4650 2268 4714 scicntia,
2315 4650 2496 4706 omnis
2544 4649 2857 4721 copulatio;
2911 4660 2967 4704 et
3020 4648 3365 4718 simpliciter,

1778 4744 1942 4800 omne
1971 4743 2118 4814 quod
2148 4758 2218 4799 ex
2260 4744 2493 4816 pulchro
2515 4752 2569 4799 et
2618 4745 2759 4798 bono
2803 4740 3049 4808 exsistit,
3085 4750 3141 4795 et
3168 4741 3221 4794 in
3251 4738 3372 4808 pul-

1781 4838 1919 4893 cbro
1944 4847 2001 4893 et
2025 4840 2169 4891 bono
2198 4847 2305 4905 est,
2329 4846 2386 4892 et
2416 4836 2484 4891 ad
2511 4834 2796 4907 pulchrum
2824 4844 2878 4889 et
2906 4836 3109 4889 bonum
3136 4847 3366 4889 conver-

1781 4924 1951 4990 titur;
1990 4933 2049 4979 et
2091 4938 2432 4995 quacunque
2478 4935 2608 4980 sunt
2657 4933 2710 4979 et
2769 4924 2926 4991 lium,
2975 4934 3198 4994 propter
3246 4924 3368 4994 pul-

1781 5014 1979 5071 cbrum
2013 5023 2070 5071 et
2092 5015 2295 5072 bonum
2344 5026 2472 5072 sunt
2501 5026 2557 5073 et
2584 5017 2740 5081 nunt,
2776 5026 2835 5071 et
2876 5026 3073 5071 cuncta
3108 5018 3160 5071 in
3190 5016 3370 5086 ipsum

1782 5107 2087 5171 intuentur,
2150 5118 2207 5163 et
2263 5108 2335 5164 ab
2393 5108 2512 5178 ipso
2579 5116 2867 5162 moventur
2920 5116 2976 5161 et
3031 5118 3370 5161 conservan-

1787 5209 1903 5265 tur,
1934 5209 1992 5255 et
2029 5200 2201 5270 ipsius
2231 5200 2411 5273 gratia
2440 5210 2497 5258 et
2536 5210 2764 5272 propter
2793 5200 2972 5270 ipsum
3024 5204 3084 5253 et
3132 5201 3188 5255 in
3250 5199 3374 5268 ipso

1782 5307 1950 5349 mune
1989 5292 2318 5365 principium
2350 5296 2685 5364 exemplare,
2732 5294 2913 5357 ﬁnale,
2961 5293 3231 5358 eﬂiciens,
3261 5293 3373 5346 l'or-

1783 5382 1949 5451 male,
1976 5387 2285 5453 materiale,
2309 5400 2364 5443 et
2389 5387 2624 5458 denique
2640 5402 2802 5442 omne
2818 5386 3173 5457 principium,
3190 5385 3371 5442 otnuis

1382 5531 1622 5591 VARI/IS
1659 5534 2079 5596 LECTIONES.

149 5678 188 5708 “
212 5678 638 5749 ἀκαταλήπτως,
805 5676 848 5707 ²⁰
874 5678 1265 5749 καὶᾉμονίμως,
1304 5677 1362 5730 Ρ.

1445 5679 1488 5758 ’.⁸
1516 5680 2057 5758 συμμεταὸατικαῖς,
2084 5682 2152 5758 β,
2189 5757 2192 5758 ν
2225 5687 2277 5758 ’ξ
2294 5685 2594 5758 ἑτερότητι,
2620 5685 2684 5740 D.
2711 5756 2731 5758 _
2754 5687 2800 5718 ’³
2828 5686 2954 5758 περὶ⁵
2981 5683 3170 5755 αὑτήν,
3204 5682 3257 5736 D.
3297 5681 3369 5738 Μ.

85 5745 124 5775 ’³
146 5750 238 5828 καὶ
279 5744 768 5828 ύπὲρμξπῇσανηΜ.
845 5748 890 5828 ξδ
915 5744 1204 5828 δι’ἐοῦςξξ.
1224 5817 1245 5828 ⁸
1286 5751 1331 5780 ²⁶
1356 5744 1704 5828 sttbjiii_ig'Lttit
1827 5750 1906 5828 P._
1924 5754 1985 5807 ll.
2013 5744 2105 5806 καὶ
2127 5744 2481 5828 διὀὗζίιιὶοά
2508 5744 2673 5812 liabet
2698 5756 2815 5822 Sc.,
2856 5744 2948 5813 sed
2981 5744 3372 5828 prmiohuittil,

82 5818 168 5871 καὶ
194 5821 249 5873 ἐν
394 5813 465 5851 ’²⁷
495 5816 567 5871 Μ.
621 5816 757 5890 μέρη
788 5818 960 5871 πάντα
989 5817 1065 5871 ἓν.
1150 5819 1196 5851 ³⁸
1222 5817 1336 5873 ἔστι
1365 5834 1422 5871 τε
1454 5813 1665 5885 καίξι).

1751 5824 1796 5854 ³9
1828 5821 2177 5892 τελειωτική,
2208 5827 2263 5880 5.
2294 5826 2386 5881 SC.
2468 5829 2512 5860 ³⁰
2543 5828 2659 5881 καί-
