3752 6302
392 303 501 358 707

1532 300 1595 358 S.
1636 299 1937 355 DIONYSII
1973 294 2441 353 AREOPAGITE

3558 301 3651 358 708

395 419 759 483 conservatio,
787 418 968 474 omnis
1005 417 1160 479 linis;
1193 425 1273 481 et.
1306 425 1365 471 ut
1397 415 1711 471 summatim
1769 416 1973 476 dicam.

2125 413 2147 467 λ
2179 417 2306 470 ὄντα
2333 415 2396 467 ἐκ
2427 410 2522 465 τού
2554 410 2721 465 καλοῦ
2748 410 2845 466 καὶ
2866 412 3070 481 ἀγαθοῦ
3089 429 3103 444 ·
3132 414 3229 468 καὶ
3260 413 3442 468 πάντα
3483 414 3544 468 τὰ
3567 417 3651 469 οὐκ

394 512 574 565 omnia
623 526 743 580 qua:
770 517 1008 571 snakes
1039 508 1266 578 pulebro
1296 516 1354 562 et
1392 508 1535 561 bono
1581 507 1880 569 exsistunt,
1918 514 1975 559 et

396 604 575 657 oumia
606 617 724 670 qua:
755 618 861 654 non
893 612 1041 664 sunt,
1080 602 1134 653 in
1170 599 1401 668 pulchro
1440 608 1494 652 et
1538 596 1682 651 bono
1709 605 1838 649 sunt
1886 610 1979 649 su-

400 693 971 765 prasubstantialitcr;
1009 701 1063 746 et
1103 702 1185 746 cst
1230 692 1474 745 omnium
1527 689 1850 760 principium
1883 703 1978 743 su-

398 800 659 856 praquam
702 784 1029 856 principiale
1060 793 1115 839 et
1158 782 1281 838 ﬁnis
1309 798 1640 853 supraquam
1669 781 1975 852 perfectus;

401 875 664 938 Quoniam
690 888 754 925 ex
779 874 912 941 ipso,
936 883 982 925 et
1008 889 1097 936 per
1122 872 1312 940 ipsum,
1336 882 1383 923 et
1406 872 1463 929 iu
1488 875 1622 939 ipso,
1646 880 1696 922 et
1718 868 1785 921 ad
1810 868 1982 937 ipsum

398 965 599 1029 omnia,
642 965 786 1018 sicut
827 964 908 1018 ait
939 963 1220 1034 Scriptura
1244 952 1305 1019 ἐι,
1336 960 1618 1017 Universis
1657 960 1825 1032 igitur
1861 959 1983 1031 pul-

396 1058 589 1111 chrum
636 1066 693 1110 et
730 1056 934 1111 bonum
978 1056 1339 1110 desiderabile
1369 1064 1423 1110 et
1456 1054 1692 1109 amabile
1722 1063 1806 1109 est
1826 1060 1882 1107 et
1912 1052 1981 1106 ab

396 1151 669 1207 universis
691 1150 970 1222 diligitur;
996 1160 1050 1205 et
1074 1159 1296 1221 propter
1317 1149 1516 1219 ipsum,
1534 1156 1589 1201 et
1613 1148 1789 1218 ipsius
1811 1161 1975 1203 causa

389 1252 446 1298 et
473 1242 734 1300 inferiora
762 1252 950 1299 amant
978 1244 1284 1314 superiora,
1310 1242 1676 1297 convertendo
1706 1257 1766 1297 se
1787 1239 1854 1295 ad
1876 1255 1972 1305 ea;

388 1345 446 1393 et
471 1353 594 1408 quae
617 1345 747 1393 sunt
770 1336 1010 1407 ejusdem
1042 1334 1253 1390 ordinis
1278 1343 1463 1390 amant
1488 1333 1709 1399 similia.
1736 1348 1974 1389 commu-

407 1422 671 1489 nicando;
708 1431 763 1476 et
820 1421 1029 1491 majora
1084 1422 1321 1485 minora,
1374 1421 1708 1491 providendo
1759 1424 1877 1487 eis;
1929 1432 1983 1477 et

402 1510 612 1578 singula
661 1511 865 1581 scipsa,
921 1512 1299 1565 conservando
1350 1526 1448 1572 se;
1493 1520 1549 1564 et
1596 1511 1804 1575 omnia,
1867 1512 1983 1582 pul-

403 1604 597 1657 cbrum
652 1613 708 1657 et
769 1604 971 1657 bomnn
1027 1604 1351 1673 expetendo,
1409 1604 1618 1658 faciunt
1662 1615 1721 1659 ct
1767 1606 1980 1670 volunt.

403 1710 740 1764 qttaecunquc
783 1695 991 1748 faciunt
1018 1704 1072 1748 et
1099 1695 1305 1749 volunt.
1337 1694 1477 1759 Quin
1509 1704 1563 1749 et
1598 1696 1700 1750 boc
1732 1712 1860 1751 vere
1887 1714 1981 1751 att-

404 1788 596 1840 demus
649 1786 850 1850 dicere,
904 1788 1047 1854 quod
1102 1790 1217 1857 ipse
1246 1789 1337 1855 qui
1384 1798 1466 1841 est
1496 1789 1739 1841 omnium
1785 1804 1977 1852 causa.

404 1886 625 1945 propter
648 1878 1027 1931 excellentiam
1066 1877 1329 1933 bonitatis
1360 1877 1540 1930 omnia
1591 1889 1760 1944 amat,
1796 1880 1977 1934 omnia

404 1966 558 2031 facit,
592 1967 772 2020 omnia
809 1967 1042 2036 perlicit.
1075 1968 1259 2021 omnia
1302 1968 1567 2032 continet,
1614 1969 1797 2023 omnia
1841 1986 1978 2025 eon-

405 2058 567 2111 vertit
595 2059 660 2111 ad
691 2074 786 2122 se;
819 2068 979 2113 etest
1013 2060 1225 2113 divinus
1273 2076 1430 2113 amor
1480 2061 1653 2113 bonus
1707 2062 1831 2116 boni
1863 2079 1983 2131 pro-

403 2158 522 2216 pter
547 2146 763 2201 bonum.
794 2147 907 2215 Ipse
935 2148 1079 2202 enim
1108 2164 1263 2203 amor
1291 2149 1533 2214 divinus,
1558 2151 1647 2219 qui
1680 2152 1977 2207 bonitatem

405 2240 457 2292 in
510 2240 578 2294 iis
625 2255 744 2310 qua:
796 2250 922 2294 sunt
977 2251 1253 2311 cperatur,
1294 2243 1422 2311 qu?a
1459 2242 1612 2311 prius
1666 2243 1878 2298 exstitit
1926 2246 1978 2299 in

405 2330 545 2384 bono
567 2330 859 2400 superlatc,
892 2348 997 2385 non
1027 2332 1153 2386 sivit
1176 2333 1351 2402 ipsum
1385 2335 1435 2386 iu
1462 2349 1523 2387 se
1555 2335 1673 2388 siue
1706 2335 1837 2391 fletu
1868 2353 1985 2391 ma-

2081 509 2230 572 ὄντα,
2270 504 2608 576 ὑπερουσὶως
2637 504 2694 555 ἐν
2720 502 2799 574 τῷ
2832 503 2981 574 καλῷ
3023 505 3117 558 καὶ
3145 504 3338 576 ἀγαθῷ
3358 523 3371 535 ·
3422 507 3516 560 καὶ
3555 506 3651 559 ἐστι

2082 601 2302 654 πάντων
2328 597 2491 668 ἀρχὴ,
2524 597 2619 649 καὶ
2647 595 2820 667 πέρας
2836 595 3189 667 ὑπεράρχιον,
3215 598 3311 650 καὶ
3339 598 3642 669 ὑπερτελές.

2084 694 2214 744 "0n
2254 691 2323 754 ἐξ
2372 689 2580 749 αὐτοῦ,
2616 688 2711 741 κιιί
2748 688 2824 740 δι’
2860 688 3070 752 αὐτοῦ,
3120 687 3307 742 καὶέν
3344 692 3526 759 αὐτῷ,
3570 695 3652 746 καὶ

2080 782 2166 843 εἰς
2209 780 2357 835 αὐτὸ
2390 781 2431 811 ³¹
2485 780 2556 833 τὰ
2608 778 2825 839 πάντα,
2874 777 2950 842 ῶς
2996 796 3160 850 φησιν
3205 782 3234 833 6
3284 780 3435 851 ἱερὸς
3485 781 3653 850 λόγος’

2081 873 2255 926 Πᾶσιν
2312 865 2406 923 οὖν
2471 869 2589 922 ἐστι
2642 868 2702 922 τὸ
2750 866 2913 920 καλὸν
2949 867 3041 921 καὶ
3081 867 3307 936 ἀγαθὸν,
3343 870 3551 940 ἐφετὸν,
3576 872 3655 923 xa‘t

2084 962 2336 1037 ἐραστὺν,
2380 962 2475 1014 καὶ
2527 961 2841 1033 ἀγαπητόνο
2887 961 2981 1015 καὶ
3023 961 3094 1015 δι’
3146 962 3300 1026 αὐτὸ,
3357 964 3454 1016 καὶ
3510 964 3653 1017 αὐτοῦ

2080 1056 2268 1119 ἕνεκα,
2301 1055 2394 1107 καλ⁸
2420 1052 2492 1105 τὰ
2520 1053 2669 1123 ἥττω
2715 1052 2825 1106 τῶν
2875 1053 3199 1125 κρειττόνων
3238 1055 3654 1126 ἐπιστρεπτικῶς

2083 1148 2272 1220 ἐρῶσι,
2299 1148 2394 1201 καὶ
2416 1146 2749 1210 κοινωνικῶς
2765 1146 2835 1200 τά
2852 1147 3147 1217 όμόστοιχα
3168 1147 3279 1201 τῶν
3302 1148 3586 1218 ὁμοταγῶν
3601 1150 3653 1211 ³¹,

2083 1243 2179 1296 καὶ
2222 1240 2293 1294 τά
2339 1241 2574 1312 κρείττω
2606 1240 2651 1271 ³³
2691 1238 2800 1293 τῶν
2847 1239 3084 1311 ⁴ἡττόνων
3149 1240 3550 1312 προνοητικῶς,
3580 1244 3656 1295 καὶ

2083 1332 2222 1385 αύτά
2253 1331 2463 1385 ἐαυτῶν
2486 1331 2691 1384 ἕκαστα
2737 1330 3091 1393 συνεκτικῶς,
3122 1332 3218 1385 καὶ
3250 1330 3433 1384 πάντα
3458 1331 3549 1383 τοῦ
3577 1350 3655 1384 κα-

2083 1425 2177 1491 λοῦ
2204 1426 2298 1479 καί
2326 1422 2533 1493 ἀγαθοῦ
2567 1423 2852 1494 ἐφιέμενα,
2890 1425 3032 1475 ποιεῖ
3057 1423 3152 1475 καί
3200 1423 3456 1493 βούλεται
3504 1426 3657 1477 πάντα

2083 1519 2184 1572 ὅσα
2221 1520 2368 1571 ποιεῖ
2396 1518 2491 1570 καὶ
2531 1515 2800 1587 βούλεται.
2833 1515 3279 1586 Παρῤησιάσεται
3312 1516 3371 1569 δὲ
3403 1517 3496 1569 καὶ
3523 1514 3658 1569 τοῦτο

2085 1613 2258 1664 εἰπεῖν
2284 1611 2312 1662 6
2341 1609 2546 1680 ἀληθὴς
2569 1608 2746 1677 λόγος,
2777 1608 2859 1661 ὅτι
2888 1607 2981 1659 καὶ
3016 1607 3177 1670 αὐτὸς
3200 1607 3230 1659 ὁ
3257 1608 3479 1661 πάντων
3512 1608 3657 1673 αἴτιος

2083 1702 2150 1756 δι’
2182 1702 2519 1772 ἀγαθότητος
2545 1699 2850 1773 ὑπερϐολὴν
2892 1699 3110 1753 πάντων
3136 1700 3259 1771 ἐρᾷ,
3301 1700 3482 1753 πάντα
3514 1703 3656 1762 ποιεῖ,

2082 1795 2259 1849 πάντα
2278 1793 2495 1857 τελειοῖ,
2528 1792 2704 1846 πάντα
2739 1793 2973 1864 συνέχει,
3006 1792 3182 1845 πάντα
3212 1789 3558 1862 ἐπιστρέφει,
3581 1793 3660 1844 καὶ

2080 1884 2199 1938 ἔστι
2232 1884 2327 1938 καὶ
2351 1886 2380 1938 6
2408 1884 2551 1948 θεῖος
2583 1884 2629 1915 ³³
2654 1882 2794 1955 ἔρως
2835 1883 3038 1951 ἀγαθὸς
3071 1880 3282 1949 ἀγαθοῦ
3330 1881 3423 1936 διά
3461 1882 3522 1935 τὸ
3545 1883 3661 1949 ἁγα-

2082 1977 2192 2031 θόν.
2231 1977 2402 2040 Αὐτὸς
2446 1974 2557 2048 γάρ
2596 1976 2625 2028 6
2665 1975 2998 2046 ἁγαθοεργδς
3035 1975 3144 2028 τῶν
3198 1974 3372 2029 ὅντων
3420 1974 3574 2045 ἔρως,
3614 1975 3661 2025 ἐν

2081 2066 2307 2138 τάγαθῷ
2363 2065 2485 2119 καθ’
2537 2065 2844 2137 ὑπερϐολὴν
2895 2064 3290 2136 προῦπάρχων,
3342 2065 3447 2117 οὐκ
3503 2062 3662 2115 εἴασεν

2082 2158 2244 2211 αὑτὸν
2277 2158 2469 2225 ἄγονον
2500 2157 2559 2210 ἐν
2604 2154 2783 2227 ἐαυτῷ
2814 2154 3016 2227 μένειν,
3058 2155 3279 2227 ἐκίνησε
3312 2155 3370 2207 δὲ
3415 2154 3570 2207 αὐτὸν
3597 2156 3663 2216 εἰς

2088 2248 2152 2301 τὸ
2186 2248 2649 2318 πρακτικεύεσθαι
2687 2246 2828 2302 κατά
2875 2247 2976 2318 τὴν
3006 2246 3262 2300 ἀπάντων
3310 2244 3596 2317 γενητικὴν
3627 2246 3664 2275 ³⁵

2094 2340 2197 2393 ὖπε
2208 2341 2423 2412 ρϐολήν.

404 2436 558 2488 nere,
582 2423 676 2477 sed
716 2424 894 2493 potius
939 2424 1107 2478 movit
1166 2439 1288 2478 cunt
1339 2425 1408 2479 ad
1470 2428 1806 2494 operandntn
1846 2428 2144 2485 secundum
2200 2432 2578 2488 excellentiam
2615 2431 2834 2487 virtutis
2892 2446 3002 2487 suae
3041 2432 3285 2485 onmium
3332 2445 3515 2485 rerum
3552 2428 3664 2483 effc-

402 2517 610 2572 ctrieis.

1932 2665 1960 2739 ᾗ
1993 2662 2108 2724 XI.

473 2805 639 2877 359
688 2804 873 2875 Neque
903 2821 1034 2860 vero
1096 2824 1196 2863 nos
1244 2811 1533 2882 quisquam
1581 2821 1735 2883 putet
1786 2822 1979 2868 contra

406 2897 699 2971 Scriptura:
749 2902 1130 2956 auctoritatem
1187 2905 1389 2959 amoris
1428 2921 1623 2959 nomen
1676 2904 1980 2960 celebrare.

2162 2809 2271 2864 Καὶ
2316 2810 2388 2882 μή
2418 2828 2502 2875 τις
2532 2810 2680 2882 ἡμᾶς
2710 2810 2907 2865 οἰέσθω
2944 2808 3096 2881 παρὰ
3144 2808 3214 2862 τὰ
3263 2808 3422 2877 λόγια
3464 2808 3559 2879 τὴν
3584 2808 3660 2860 τοῦ

2088 2899 2291 2973 ἔρωτος
2328 2901 2642 2972 ἐπωνυμίαν
2678 2901 3021 2972 πρεσϐεύειν.
3069 2901 3226 2954 Ἐστι
3269 2900 3370 2970 μὲν
3403 2900 3512 2971 γὰρ
3555 2900 3657 2954 ἄλο

405 2992 503 3047 Est
517 2993 661 3047 enim
683 3009 711 3047 a
729 2993 939 3050 ratione
969 2994 1226 3059 alienum,
1254 3007 1313 3050 nt
1340 2999 1556 3067 opinor,
1581 3008 1635 3052 et
1661 2996 1979 3063 absurdum,

2127 3010 2206 3057 ον,
2231 2992 2307 3057 ὡς
2336 2988 2511 3064 οἶμαι,
2561 2993 2656 3045 καὶ
2700 2992 2885 3046 σκαιὸν
2922 2993 2987 3057 ³⁸,
3022 2992 3084 3045 τὸ
3114 2992 3189 3063 μὴ
3219 2994 3286 3063 τῇ
3325 2992 3552 3062 δυνάμει
3580 2989 3658 3043 τοῦ

404 3100 511 3140 non
538 3086 644 3141 vim
676 3087 847 3153 ipsam
893 3087 1126 3142 instituti
1179 3091 1489 3153 attendere,
1520 3090 1616 3145 sed
1650 3091 1851 3155 verba;
1886 3105 1986 3143 ne-

401 3180 510 3245 que
533 3176 638 3233 hoc
668 3178 947 3248 proprium
975 3189 1272 3235 esteorum
1307 3181 1396 3249 qui
1443 3197 1529 3237 res
1572 3181 1789 3236 divinas
1825 3182 1985 3237 intel-

404 3266 570 3337 ligere
598 3269 844 3338 cupiunt.
888 3270 982 3324 sed
1013 3286 1178 3327 sonos
1217 3272 1387 3327 exiles
1439 3282 1809 3342 ancupantur,
1856 3288 1985 3329 eos-

405 3359 645 3427 demque
679 3362 1022 3416 extrinsecus
1071 3376 1203 3416 aure
1248 3372 1405 3417 tenus
1448 3364 1777 3425 admittunt.
1808 3380 1988 3435 neque

404 3450 548 3506 scire
573 3452 779 3515 volunt,
822 3453 951 3522 quid
983 3452 1355 3519 hujuscemodi
1388 3455 1558 3510 dictio
1589 3456 1885 3525 signiﬁcet,
1933 3467 1990 3514 et

404 3556 643 3611 quonam
672 3542 831 3596 modo
860 3544 981 3597 aliis
1011 3545 1180 3598 etiam
1217 3545 1398 3600 verbis
1422 3542 1903 3615 aequipollentibns
1930 3562 1988 3605 et

402 3635 794 3704 explanatoriis
834 3637 907 3690 sit
952 3636 1297 3708 exponenda,
1339 3638 1434 3693 sed
1467 3639 1666 3695 addicti
1702 3651 1831 3696 sunt
1875 3641 1986 3696 elc-

404 3728 604 3781 mentis
653 3743 717 3782 ac
766 3726 925 3783 lineis
963 3743 1086 3797 qua:
1135 3728 1363 3800 intelligi
1402 3745 1509 3784 non
1539 3739 1787 3800 possunt,
1821 3733 1986 3803 sylla-

405 3818 597 3886 bisque
614 3827 669 3874 et
686 3819 878 3874 verbis
904 3819 1219 3890 incognitis.
1247 3837 1365 3890 qua:
1396 3821 1611 3877 illorum
1644 3824 1984 3881 intellectum

403 3909 627 3965 minime
683 3910 911 3976 feriunt,
957 3914 1053 3967 sed
1101 3926 1261 3968 extra
1295 3916 1504 3969 circum
1543 3916 1692 3971 labra
1728 3927 1782 3974 et
1826 3934 1986 3975 aures

405 4012 592 4055 eorum
633 4011 1006 4072 perstrepunt,
1039 4003 1195 4071 quasi
1239 4020 1344 4059 non
1399 4005 1562 4060 liceat
1605 4016 1842 4077 quatuor
1890 4024 1988 4077 per

405 4091 491 4147 bis
512 4094 619 4146 duo
644 4096 985 4164 signiﬁcare,
1024 4105 1117 4151 ant
1154 4097 1434 4166 simplices
1481 4099 1652 4155 lineas
1684 4116 1783 4171 per
1814 4102 1985 4157 lineas

408 4194 610 4242 rectas.
635 4196 729 4239 aut
757 4197 1071 4241 maternum
1102 4189 1278 4241 solum
1307 4205 1405 4258 per
1428 4192 1692 4261 patrium,
1723 4204 1816 4248 aut
1840 4195 1983 4249 aliud

408 4273 687 4340 quodlibet
711 4289 808 4344 per
834 4277 885 4328 id
910 4279 1053 4344 quod
1086 4277 1137 4331 in
1163 4279 1416 4348 plurimis
1438 4284 1707 4339 orationis
1735 4288 1984 4355 partibus

2093 3084 2297 3139 σκοποῦ
2345 3085 2652 3157 προσέχειν,
2687 3083 2821 3136 ἀλλά
2864 3084 2983 3147 ταῖς
3008 3082 3186 3149 λέξεσι
3208 3098 3224 3112 ⁸
3259 3083 3355 3136 καὶ
3384 3082 3542 3135 τοῦτο
3579 3080 3659 3133 οὐκ

2090 3174 2207 3229 ἔστι
2258 3174 2369 3229 τῶν
2399 3175 2469 3229 τὰ
2517 3174 2633 3227 θεῖα
2664 3176 2808 3227 νοεῖν
2848 3173 3143 3227 ἐθελόντων
3184 3172 3338 3236 ἴδιον,
3389 3172 3526 3225 ἀλλά
3569 3170 3659 3223 τῶν

2089 3268 2256 3340 ἦχους
2302 3267 2495 3337 ψιλοὺς
2542 3267 2954 3337 εἰσδεχομένων,
3009 3266 3104 3320 καὶ
3149 3264 3377 3329 τούτους
3416 3266 3542 3335 ἄχρι
3568 3266 3659 3316 τῶν

2090 3357 2246 3411 ὢτων
2273 3357 2613 3421 ἀδιαϐάτους,
2645 3356 2843 3424 ἔξωθεν
2872 3356 3226 3427 συνεχόντων,
3261 3355 3361 3409 καὶ
3414 3357 3513 3409 ούκ
3556 3354 3657 3407 ἐθε-

2089 3448 2289 3502 λόντων
2318 3450 2360 3481 ³⁷
2390 3449 2608 3512 εἰδέναι,
2648 3449 2701 3503 τί
2748 3448 2846 3520 μὲν
2895 3452 2929 3520 ἡ
2981 3448 3160 3503 τοιάδε
3214 3448 3364 3515 λέξις
3406 3446 3656 3520 σημαίνει.

2090 3541 2210 3606 πῶς
2242 3543 2299 3596 δὲ
2350 3543 2520 3615 αὐτὴν
2555 3543 2661 3614 χρὴ
2714 3543 2808 3596 καὶ
2838 3542 2906 3596 δι’
2945 3543 3147 3615 ἐτέρων
3194 3541 3552 3612 ὀμοδυνάμων
3583 3536 3658 3591 καὶ

2090 3635 2579 3707 ἐκφαντικωτέρων
2609 3635 2652 3665 ³⁸
2682 3634 2880 3701 λέξεων
2902 3634 3257 3705 διασαφῆσαι,
3300 3631 3658 3704 προσπασχόν-

2087 3742 2198 3779 των
2244 3723 2301 3778 δὲ
2358 3724 2662 3794 στοιχείοις,
2700 3725 2795 3777 καὶ
2847 3724 3134 3794 γραμμαῖς
3189 3722 3444 3792 ἀνοήτοις
3476 3720 3540 3780 ³³,
3584 3716 3660 3769 καὶ

2092 3816 2401 3880 συλλαϐαῖς,
2431 3817 2525 3870 καὶ
2554 3814 2765 3881 λέξεσιν
2802 3811 3121 3882 ἀγνώστοις,
3159 3811 3235 3883 μὴ
3280 3809 3659 3868 διαϐαινούσαις

2092 3910 2174 3973 εἰς
2201 3908 2263 3962 τὸ
2281 3909 2381 3979 τῆς
2398 3907 2579 3979 ψυχῆς
2597 3906 2777 3960 αὐτῶν
2795 3906 3001 3977 νοερὸν,
3026 3904 3139 3957 ἀλλ’
3164 3903 3269 3968 ἔξω
3290 3903 3424 3975 περί
3442 3902 3511 3955 τά
3528 3901 3656 3972 χείλη

2090 4000 2185 4052 καὶ
2217 3998 2318 4061 τάς
2362 3998 2533 4060 ἀκοὰς
2584 3996 2762 4049 αὐτῶν
2803 3993 3319 4066 διαϐομϐουμέναις,
3355 3993 3544 4063 ῶσπερ
3577 3992 3655 4043 οὐκ

2091 4090 2211 4159 ἐξόν
2235 4090 2326 4143 τὸν
2352 4090 2594 4160 τέσσαρα
2641 4089 2871 4161 ἀριθμὸν
2900 4088 2988 4142 διά
3017 4086 3111 4140 τοῦ
3140 4087 3224 4150 δὶς
3254 4085 3351 4139 δύο
3376 4084 3653 4156 σημαίνειν.

2090 4183 2125 4255 ἢ
2164 4182 2234 4235 τά
2264 4181 2631 4253 εὐθύγραμμα
2658 4181 2747 4234 διὰ
2795 4180 2904 4233 τῶν
2928 4178 3358 4253 ὁρθογράμμων,
3395 4178 3429 4241 ἢ
3453 4178 3548 4248 τὴν
3574 4190 3657 4245 pf;-

2090 4273 2247 4345 τρίδα
2295 4272 2385 4325 διά
2415 4273 2514 4343 τῆς
2544 4269 2875 4342 πατρίδος,ἢ
2905 4268 3093 4340 ’ἐτερόν
3143 4285 3196 4320 τι
3234 4268 3279 4299 ⁸³
3314 4266 3424 4319 τῶν
3471 4264 3656 4322 πολλοῖς

406 4365 700 4433 mquivalet
730 4385 746 4421 :
780 4383 902 4422 cum
938 4381 1084 4425 recta
1113 4372 1254 4425 ratio
1286 4374 1498 4442 doceat,
1531 4378 1832 4446 elementis,
1876 4382 1979 4455 syl-

2125 4366 2186 4419 οῦ
2231 4364 2387 4434 λόγου
2444 4366 2633 4436 μέρεσι
2682 4362 2849 4416 ταύτὸ
2880 4360 3288 4434 σημαινόντων’
3323 4361 3445 4414 δέον
3487 4357 3656 4412 εἰδέναι

407 4454 563 4520 labis,
596 4456 945 4519 dictionibus.
977 4462 1227 4532 scriptis.
1257 4466 1551 4536 verbisque
1598 4484 1697 4524 nos
1733 4472 1809 4526 uti
1857 4488 1988 4543 pro-

406 4558 525 4618 pter
549 4564 763 4614 sensus.
789 4552 927 4607 adeo
958 4562 1017 4607 ut
1044 4569 1165 4609 emn
1198 4558 1378 4611 anima
1423 4569 1609 4615 nostra
1646 4562 1985 4632 intelligendi

407 4638 759 4694 facultatibus
784 4641 963 4697 fertur
998 4644 1053 4698 in
1093 4662 1155 4699 ea
1185 4661 1307 4716 qua:
1342 4649 1617 4704 intellectu
1672 4654 1985 4723 percipiun-

408 4735 516 4791 tnr,
551 4736 660 4783 tum
712 4729 916 4786 [rustra
948 4750 1144 4790 sensus
1179 4752 1282 4791 una
1319 4753 1445 4793 cum
1484 4740 1783 4797 sensilibus
1826 4746 1983 4798 adbi-

405 4821 669 4887 beantur;
718 4824 862 4880 sicut
912 4827 1077 4885 etiam
1140 4829 1285 4884 vires
1343 4832 1702 4903 intelligendi.
1763 4828 1981 4905 quando

405 4913 586 4967 anima
610 4914 722 4981 jam
752 4916 1037 4972 dcil'ormis
1067 4919 1258 4974 eﬂecta
1290 4937 1384 4991 per
1415 4923 1651 4992 ignotam
1692 4926 1971 4994 unionem,

406 5002 544 5058 lucis
574 5006 864 5063 inaccessae
906 5011 1073 5065 radiis
1099 5014 1407 5067 exoculatis
1454 5016 1611 5083 quasi
1658 5013 1896 5082 jactibns
1926 5032 1985 5071 se

402 5092 620 5163 ingerit.
650 5098 882 5162 Quando
910 5111 1095 5155 autent
1127 5118 1282 5158 meus
1311 5119 1409 5173 per
1435 5105 1650 5159 sensilia
1688 5108 1869 5163 studet
1918 5109 1982 5163 ad

405 5189 882 5257 contentplattices
932 5191 1055 5247 illas
1107 5194 1500 5267 intelligentias
1543 5199 1804 5266 excitari,
1848 5217 1987 5270 pra:-

477 5328 503 5368 (ι
535 5317 688 5376 Rom.
718 5338 794 5387 XI,
818 5322 908 5377 56.

2088 4462 2232 4519 κατά
2254 4464 2346 4517 τὸν
2390 4462 2549 4533 ὀρθὸν
2577 4462 2753 4531 λόγον,
2785 4461 2865 4514 ὅτι
2901 4459 3184 4531 στοιχείοις
3223 4460 3321 4513 καί
3371 4458 3650 4517 συλλαϐαῖς,

2088 4559 2183 4611 καὶ
2207 4555 2408 4622 λέξεσι,
2444 4556 2538 4608 καί
2563 4557 2821 4625 γραφαῖς,
2853 4555 2947 4606 καὶ
2974 4551 3153 4619 λόγοις
3185 4551 3450 4623 χρώμεθα
3475 4550 3557 4605 διὰ
3575 4546 3652 4607 τὰς

2087 4651 2387 4723 αἰσθήσεις,
2413 4648 2488 4712 ὡς
2514 4650 2642 4702 ὅταν
2673 4648 2831 4719 ἡμῶν
2859 4650 2892 4719 ἡ
2940 4646 3087 4718 ψυχὴ
3114 4650 3236 4709 ταῖς
3273 4650 3490 4717 νοεραῖς
3524 4646 3651 4712 ἐνερ-

2084 4745 2260 4815 γείαις
2284 4741 2377 4795 ἐπὶ
2395 4740 2464 4794 τὰ
2500 4739 2666 4811 νοητά
2697 4742 2950 4801 κινεῖται,
2984 4739 3237 4810 περιτταί
3285 4737 3427 4810 μετά
3472 4738 3571 4790 τῶν
3594 4736 3651 4787 αἰ-

2088 4834 2300 4907 σθητῶν
2331 4834 2387 4888 αἱ
2416 4832 2696 4904 αἰσθήσεις
2714 4848 2727 4861 ·
2756 4829 2945 4903 ὥσπερ
2969 4831 3062 4883 καὶ
3085 4832 3141 4882 αῖ
3188 4830 3376 4901 νοεραὶ
3402 4829 3648 4899 δυνάμεις.

2089 4930 2217 4983 ὅταν
2280 4928 2313 5000 ἡ
2361 4926 2507 4999 ψυχὴ
2558 4924 2800 4996 θεοειδὴς
2856 4922 3121 4995 γινομένη
3181 4923 3246 4988 ⁸³,
3302 4924 3372 4976 δι’
3436 4922 3649 4979 ἐνὼσεως

2088 5020 2366 5089 ἀγνώστου
2410 5022 2529 5083 ταῖς
2578 5018 2672 5072 τοῦ
2719 5016 3012 5089 ἀπροσίτου
3060 5016 3239 5086 φωτὸς
3299 5017 3512 5069 ἀκτῖσιν
3554 5016 3649 5066 ἐπι·

2088 5112 2281 5185 ϐάλλῃ,
2309 5116 2428 5176 ταῖς
2460 5109 2796 5183 ἀνομμάτοις
2843 5108 3138 5171 ἐπιϐολαῖς.
3192 5108 3361 5160 Ὅταν
3395 5108 3461 5178 δὴ
3494 5109 3521 5159 6
3548 5101 3646 5157 νοῦς

2088 5204 2177 5258 διὰ
2201 5205 2309 5258 τῶν
2343 5203 2621 5276 αἰσθητῶν
2648 5201 3020 5256 ἀνακινεῖσθαι
3045 5200 3251 5271 σπεύδῃ
3282 5200 3422 5270 πρὸς
3464 5200 3645 5269 θεωρη-

1709 5439 1947 5497 νΑιιιΑς
1984 5444 2396 5506 LECTIONES.

478 5574 521 5601 "
552 5572 862 5666 ξέῖξιξδτάςιν
919 5574 977 5632 Po
1016 5576 1088 5663 ,ιλ
1162 5580 1206 5611 ε’
1234 5579 1530 5666 meum
1584 5579 1655 5663 »ιο

1880 5583 1926 5613 ³³
1948 5587 2250 5656 κρείττονα,
2287 5587 2347 5643 Ι).
2426 5587 2471 5619 ³⁸
2519 5587 2614 5641 καὶ
2654 5587 2801 5643 ἔστιν
2832 5590 2861 5642 6
2892 5589 3053 5654 θεῖος,
3108 5590 3173 5650 Ρ.

3254 5592 3299 5625 ³⁸
3325 5591 3641 5663 γεννητική).

413 5646 472 5693 ¹³’
552 5644 746 5735 ’,ξέστξη
760 5646 863 5735 Et”,
887 5644 1321 5735 παράλοζῖννηῶς
1346 5644 1522 5735 οἶμαι.
1554 5651 1899 5735 καὶνείκαῖον,
1935 5644 1998 5710 δέ
2072 5660 2113 5689 ³⁷
2150 5660 2209 5710 οὺ
2241 5644 2526 5727 θελόντων,
2558 5661 2622 5713 ηδ.
2702 5662 2747 5692 ³⁸
2797 5644 3493 5735 ἐκφαντόρικωτέρωνξηέδ
3508 5644 3639 5729 mh;

409 5725 536 5773 τως,
568 5710 627 5764 D.
704 5710 980 5788 ³⁰’ὲτὲρων
1012 5735 1085 5784 τι,
1110 5710 1317 5775 ’Μέδοξ
1386 5710 1427 5751 δ”
1466 5710 1753 5795 γενομένη,
1779 5722 1833 5777 Ι).
