3752 6292
350 304 447 358 7H

1530 296 1589 352 S.
1626 294 1932 354 DIONYSII
1969 295 2439 356 ΑηΕοΡΑοιτιε

3554 301 3659 363 7.13

1854 442 1882 514 §
1917 439 2097 502 XIII.

423 586 521 643 Est
562 594 827 657 prmterea
880 586 1101 641 divinus
1148 572 1303 640 amor
1327 584 1653 651 cxstaticus,
1686 586 1779 655 qui
1830 600 1903 640 no

2205 603 2278 640 nt
2299 588 2357 640 δὲ
2384 588 2478 641 καὶ
2504 588 2826 651 ἐκστατικὸς
2848 590 2878 641 6
2901 587 3044 652 θεῖος
3068 587 3233 659 ἔρως,
3258 572 3370 641 οὐκ
3391 586 3501 641 ὲῶν
3525 588 3653 643 ἐαυ-
3677 585 3687 595 ’

354 681 484 736 sinit
514 693 638 734 esse
671 695 800 735 suos
836 693 932 735 eos
959 679 1049 750 qui
1099 686 1229 736 sunt
1273 689 1575 744 amatores,
1606 680 1699 735 sed
1746 693 1937 734 eorum

353 789 491 845 quos
513 781 722 828 amant.
747 773 927 843 Atque
953 773 1056 827 hoc
1083 770 1368 827 declarant
1391 772 1611 841 quidem
1632 772 1938 842 superiora,

352 882 475 939 qua:
499 866 827 921 inferiorum
856 866 1016 930 ﬁunt,
1038 881 1135 935 per
1159 866 1475 922 eorumdem
1504 865 1943 937 providentiam;

350 966 406 1012 et
437 972 563 1028 qum
608 955 852 1025 ejusdem
888 958 1109 1029 generis
1140 969 1289 1024 sunt,
1338 972 1440 1028 per
1482 966 1727 1013 mutuam
1761 956 1944 1012 cohae-

355 1047 625 1113 rentiam;
662 1058 716 1102 et
748 1047 1035 1113 inferiora,
1076 1063 1175 1116 per
1199 1045 1531 1101 diviniorem
1553 1048 1621 1101 ad
1651 1046 1943 1116 superiora

352 1138 789 1193 conversionem.
842 1136 1000 1194 Unde
1051 1138 1271 1193 divinus
1327 1136 1528 1194 Paulus
1591 1139 1779 1193 divino
1834 1139 1945 1194 isto

352 1245 540 1286 amore
562 1241 780 1301 captus,
797 1241 855 1286 et
874 1230 1097 1301 viriutis
1129 1232 1415 1286 exstaticae
1436 1232 1718 1303 particeps
1741 1234 1941 1302 factus,

351 1324 538 1377 divino
569 1338 666 1377 ore
690 1323 768 1377 ait
802 1340 817 1378 :
862 1320 990 1377 Vivo
1015 1340 1130 1392 ego,
1151 1322 1269 1392 jam
1303 1341 1406 1377 non
1432 1341 1549 1394 ego,
1580 1325 1702 1379 vivit
1736 1342 1857 1379 vero
1886 1325 1944 1379 in

353 1432 432 1469 me
468 1415 715 1470 Christus
754 1427 781 1455 ιι
808 1432 823 1479 ;
854 1426 1114 1485 tanquam
1148 1431 1310 1471 verus
1346 1428 1583 1482 amator,
1613 1426 1668 1473 et
1706 1419 1799 1489 qui
1850 1434 1945 1474 ex-

353 1508 543 1573 cessit,
594 1518 652 1563 ut
703 1507 820 1577 ipse
850 1508 950 1571 ait,
988 1509 1122 1572 Deo,
1157 1518 1215 1563 et
1250 1524 1359 1563 non
1407 1508 1522 1580 jam
1550 1510 1718 1563 vitam
1766 1524 1945 1574 suam,

353 1598 449 1651 sed
482 1598 652 1653 amati
710 1607 971 1666 tanquam
1030 1600 1386 1654 vehementer
1421 1599 1684 1655 dilectam
1730 1600 1942 1655 vivens.

355 1689 680 1745 Audendum
710 1700 797 1745 est
821 1692 927 1744 boc
958 1690 1129 1745 etiam
1166 1706 1266 1761 pro
1294 1692 1553 1757 veritate,
1588 1691 1772 1747 dicere
1798 1693 1944 1763 quod

362 1784 597 1852 ipsemet
647 1785 893 1839 omnium
944 1793 1155 1849 auctor,
1209 1784 1439 1855 pulchro
1482 1784 1641 1856 361
1701 1793 1757 1840 et
1799 1786 1946 1841 bono

352 1875 595 1927 omnium
652 1888 859 1941 amore,
930 1883 1159 1945 propter
1223 1877 1611 1931 excellentiam
1670 1890 1943 1932 summam

2047 681 2160 734 τῶν
2209 677 2351 735 εἶναι
2374 682 2501 744 τοὺς
2538 680 2798 747 ἐραστὰς,
2834 679 2970 733 ἀλλὰ
3004 679 3113 734 τῶν
3170 680 3496 751 ἐρωμένων.
3548 683 3654 735 Καὶ

2045 772 2287 843 δηλοῦσι,
2324 772 2393 826 τὰ
2441 773 2541 843 μὲν
2588 773 2865 845 ὑπέρτερα
2901 772 3004 842 τῆς
3052 772 3315 841 προνοίας
3353 772 3652 843 γιγνόμενα

2044 867 2157 921 τῶν
2183 866 2623 937 καταδεεστέρων
2645 883 2659 896 ·
2689 868 2787 921 καὶ
2831 866 2900 920 τὰ
2937 867 3233 937 όμόοτοιχα
3257 864 3363 936 τῆς
3408 864 3650 937 ἀλλήλων

2048 957 2283 1028 συνοχῆς
2302 974 2315 987 ·
2341 958 2437 1010 καὶ
2459 957 2529 1010 τὰ
2556 956 2823 1028 ὑφειμένα
2848 956 2950 1026 τῆς
2977 955 3113 1026 πρὸς
3137 956 3207 1009 τὰ
3233 953 3437 1026 πρῶτα
3464 953 3653 1007 θειοτέ-

2050 1065 2151 1118 ρας
2180 1049 2541 1119 ἐπιπροῄς.
2571 1049 2664 1101 Διὸ
2686 1049 2781 1102 καὶ
2812 1046 3025 1111 Παῦλος
3067 1048 3097 1099 6
3128 1046 3330 1117 μέγας,
3358 1047 3422 1098 ἐν
3448 1046 3650 1115 κατοχῇ

2044 1142 2141 1196 τοῦ
2166 1143 2313 1195 θείου
2340 1142 2583 1211 γεγονὼς
2609 1142 2831 1213 ἔρωτος,
2862 1143 2956 1195 καὶ
2992 1142 3093 1212 τῆς
3118 1140 3464 1211 ἐκετατικῆς
3489 1140 3648 1193 αὐτοῦ

2045 1234 2329 1303 δυνάμεως
2356 1232 2719 1304 μετειληφὼς,
2747 1231 2918 1304 ἐνθέῳ
2947 1232 3198 1303 στόματιο
3228 1231 3325 1285 Ζῶ
3358 1230 3501 1301 ἐγὼ,
3550 1248 3649 1301 φη-

2058 1330 2144 1383 σιν
2170 1372 2185 1393 ,
2209 1329 2321 1380 οὐχ
2347 1330 2456 1390 ἐτι,
2493 1325 2559 1393 ζῇ
2583 1326 2649 1379 δὲ
2680 1327 2749 1380 ἐν
2775 1326 2903 1395 ἐμοὶ
2948 1326 3205 1393 Χριστός
3223 1340 3239 1353 ο
3267 1324 3349 1387 ὡς
3378 1323 3585 1397 ἀληθὴς
3605 1325 3647 1356 ιι

2046 1420 2282 1495 ἐραστὴς
2310 1421 2404 1473 καὶ
2427 1418 2756 1487 ἐξεστηκὼς,
2786 1418 2862 1483 ὼς
2890 1418 3053 1481 αὑτός
3097 1435 3257 1489 φησι,
3284 1414 3369 1487 τῷ
3396 1417 3538 1488 Θεῷ,
3562 1419 3649 1471 καὶ

2046 1516 2107 1567 οὐ
2147 1514 2247 1585 τὴν
2274 1512 2467 1567 ἑαυτοῦ
2514 1511 2644 1577 ζῶν,
2676 1511 2811 1565 ἀλλὰ
2837 1512 2938 1583 τὴν
2980 1509 3075 1563 τοῦ
3120 1509 3364 1581 ὲραστοῦ
3410 1510 3559 1580 ζωὴν
3583 1510 3645 1573 ⁸³,

2046 1604 2123 1667 ὼς
2147 1603 2360 1674 σφόδρα
2408 1603 2717 1673 ἀγαπητήν.
2756 1599 3065 1671 τολμητέον
3091 1599 3149 1653 δὲ
3175 1600 3277 1653 καὶ
3325 1598 3492 1653 τοῦτο
3516 1601 3648 1671 ὑπὲρ

2046 1695 2311 1765 ἀληθείας
2356 1697 2552 1757 εἰπεῖν,
2601 1694 2685 1747 ὅτι
2712 1694 2807 1746 καὶ
2833 1692 2997 1756 αὐτὸς
3024 1694 3053 1746 6
3080 1692 3303 1746 πάντων
3334 1692 3532 1756 αἴτιος..
3576 1692 3649 1762 τῷ

2049 1787 2199 1858 καλῷ
2226 1788 2321 1842 καὶ
2353 1785 2545 1857 ἀγαθῷ
2568 1784 2679 1839 τῶν
2707 1784 2927 1838 πάντων
2967 1788 3014 1819 ³⁵
3041 1785 3205 1859 ἔρωτι
3239 1783 3313 1836 δι’
3342 1783 3645 1855 ὑπερϐολὴν

2045 1880 2150 1948 τῆς
2195 1877 2467 1950 ἐρωτικῆς
2494 1876 2849 1947 ἀγαθότητος,
2880 1873 2988 1940 ἔξω
3027 1874 3224 1927 ἑαυτοῦ
3248 1876 3489 1944 γίνεται,
3534 1878 3649 1941 ταῖς

353 1968 638 2021 amatoriae
652 1965 913 2021 bonitatis
936 1976 1089 2020 extra
1109 1983 1168 2022 se
1190 1983 1286 2037 per
1308 1967 1683 2039 providentias
1697 1969 1835 2023 omni

2166 1972 2221 2025 τὰ
2246 1971 2378 2026 ὂντα
2406 1971 2585 2025 πάντα
2612 1971 2911 2041 προνοίαις,
2936 1969 3032 2022 καὶ
3071 1962 3183 2021 οἷον
3221 1969 3532 2039 ἀγαθότητι
3562 1970 3648 2022 καὶ

356 2072 541 2111 rerum
567 2056 786 2113 exsistit
807 2066 861 2111 et
882 2058 1132 2114 bonitate
1160 2070 1327 2130 atque
1356 2058 1650 2113 dilectione
1679 2068 1735 2115 et
1757 2075 1946 2116 amore

353 2150 520 2205 veluti
569 2150 833 2205 delinitur
887 2163 942 2207 et
986 2152 1296 2209 oblectatur
1325 2166 1341 2205 :
1370 2161 1426 2207 et
1456 2165 1583 2207 cum
1639 2154 1714 2209 sit
1774 2168 1945 2224 supra

350 2242 533 2296 omnia
566 2252 621 2296 et
650 2258 718 2297 ex
743 2242 1000 2299 omnibus
1049 2254 1358 2314 exemptus,
1383 2241 1451 2297 ad
1487 2242 1673 2298 omnia
1703 2244 1949 2298 demitti-

354 2346 443 2387 tur
472 2337 771 2391 secundum
808 2344 1137 2407 potestatem
1190 2334 1810 2407 suprasubstantialem,
1836 2350 1945 2405 qua

352 2436 506 2481 extra
538 2441 597 2482 se
629 2443 735 2483 non
775 2429 1111 2498 cgrediendo
1133 2428 1267 2483 exit.
1300 2427 1450 2483 Hane
1474 2427 1544 2483 ob
1594 2444 1817 2484 causam
1848 2442 1945 2499 pe-

356 2520 445 2574 riti
502 2536 687 2576 rerum
746 2521 1058 2578 divinarum
1106 2522 1339 2578 zelotem
1390 2521 1544 2577 illum
1603 2529 1944 2591 nuncupant,

354 2614 501 2682 quod
541 2626 740 2683 magno
772 2624 828 2669 et
881 2616 1123 2687 benigno
1184 2630 1369 2671 rerum
1418 2628 1610 2671 amore
1671 2624 1942 2679 teneatur,

354 2723 560 2777 easque
585 2708 653 2762 ad
684 2708 855 2780 ipsius
888 2709 1145 2765 amatorii
1175 2708 1436 2764 desiderii
1456 2709 1630 2762 zelum
1653 2719 1944 2779 provocet,

355 2810 525 2871 atque
559 2802 699 2858 adeo
736 2804 1030 2874 semetipse
1082 2802 1487 2874 quodammodo
1518 2801 1753 2857 zelolem
1808 2818 1947 2873 pra:-

355 2906 485 2965 stet,
524 2906 584 2951 ut
614 2896 703 2953 cui
728 2912 819 2953 res
848 2898 1244 2954 desiderabiles
1276 2897 1386 2952 sint
1415 2896 1533 2951 zelo
1573 2897 1773 2967 dignm,
1803 2905 1859 2952 et
1887 2908 1946 2951 ut

355 2993 448 3059 qui
488 3008 692 3058 rerum,
750 2994 953 3063 quibus
976 2993 1250 3063 providet,
1297 2991 1419 3047 zelo
1450 2990 1744 3045 afﬁciatur.
1778 2989 1946 3045 Deni-

354 3102 461 3154 que
486 3088 709 3144 otnnino
740 3087 1030 3158 pulchrum
1060 3096 1221 3142 estet
1245 3087 1474 3152 bonum,
1503 3086 1767 3158 quidquid
1796 3102 1947 3141 ama-

357 3179 463 3235 bile
494 3191 578 3235 est
615 3190 674 3235 et
695 3196 875 3247 amor,
919 3189 975 3235 et
1028 3180 1079 3234 in
1113 3180 1345 3251 pulchro
1374 3181 1631 3251 bonoque
1666 3181 1945 3252 prtecollo-

355 3283 536 3341 catur,
571 3283 625 3328 et
647 3284 876 3344 propter
897 3272 1189 3344 pulchrum
1222 3280 1278 3328 et
1308 3273 1515 3328 bonum
1539 3283 1644 3339 est,
1672 3286 1725 3330 et
1750 3274 1830 3330 lit.

2048 2065 2325 2135 ἀγαπήσει
2354 2064 2449 2117 καὶ
2477 2062 2643 2133 ἔρωτι
2671 2062 2921 2131 θέλγεται
2941 2077 2957 2090 ⁸
2986 2060 3082 2113 καὶ
3096 2061 3163 2113 ἐκ
3183 2060 3284 2113 τοῦ
3302 2060 3453 2130 ὑπὲρ
3479 2062 3648 2114 πάντα

2048 2157 2142 2211 καὶ
2171 2158 2390 2210 πάντων
2436 2154 2775 2228 ἐξῃρημένου
2804 2154 2943 2224 πρὸς
2968 2154 3029 2207 τὸ
3071 2156 3132 2206 ἐν
3178 2154 3323 2206 πᾶσι
3350 2153 3648 2221 κατάγεται

2048 2250 2172 2303 κατ’
2219 2247 2549 2319 ἐκστατικὴν
2602 2245 2926 2317 ὑπερούσιον
2974 2244 3207 2317 δύναμιν
3255 2246 3649 2315 ἀνεκφοίτητον

2049 2339 2267 2394 ἑαυτοῦ.
2299 2339 2391 2392 Διὸ
2411 2341 2505 2393 καὶ
2531 2338 2777 2410 ζηλωτὴν
2804 2338 2966 2393 αὑτὸν
2989 2340 3037 2392 οἱ
3060 2338 3129 2391 τὰ
3150 2338 3273 2392 θεῖα
3292 2337 3463 2393 δεινοὶ
3483 2355 3647 2410 προσ-

2047 2430 2422 2502 αγορεύουσιν,
2446 2431 2523 2495 ὡς
2557 2431 2724 2484 πολὺν
2753 2431 2846 2484 τὸν
2870 2432 2950 2495 εἰς
2974 2430 3042 2484 τὰ
3067 2431 3198 2484 ὄντα
3214 2431 3427 2500 ἀγαθὸν
3453 2431 3645 2501 ἔρωτα,

2048 2525 2143 2578 καὶ
2167 2524 2244 2587 ὡς
2280 2524 2417 2593 πρὸς
2444 2522 2605 2595 ζῆλον
2643 2522 2924 2594 ἐγερτικὸν
2962 2522 3061 2593 τῆς
3088 2522 3339 2591 ἐφέσεως
3364 2522 3533 2577 αὐτοῦ
3554 2523 3646 2591 τῆς

2047 2615 2343 2688 ἐρωτικῆς,
2396 2616 2491 2668 καὶ
2539 2615 2613 2680 ὡς
2654 2614 2901 2685 ζηλωτὴν
2950 2614 3119 2667 αὑτὸν
3149 2616 3197 2646 ⁵⁸
3227 2615 3643 2680 ἀποδεικνύντα,

2047 2701 2092 2777 ᾧ
2109 2709 2156 2741 ⁸⁸
2180 2708 2355 2763 καὶτὰ
2378 2708 2662 2779 ἐφιέμενα,
2694 2707 2930 2779 ζηλωτὰ,
2956 2707 3049 2761 καὶ
3074 2708 3153 2773 ὡς
3179 2708 3298 2762 τῶν
3323 2707 3647 2781 προνοουμέ-

2048 2817 2155 2854 νων
2182 2799 2354 2854 ὃντων
2371 2840 2387 2863 ,
2419 2798 2567 2870 αὐτῷ
2608 2798 2885 2870 (ζηλωτῶν.
2916 2801 3025 2854 Καὶ
3050 2800 3189 2865 ὅλως
3232 2799 3335 2853 τοῦ
3363 2800 3534 2854 καλοῦ
3559 2801 3645 2854 καὶ

2050 2892 2261 2962 ἀγαθοῦ
2287 2896 2402 2946 ἐστι
2428 2893 2489 2945 τὸ
2521 2893 2773 2964 ἐραστὸν,
2797 2894 2890 2946 καὶ
2914 2896 2943 2947 6
2968 2892 3128 2964 ἔρως,
3162 2894 3260 2947 καὶ
3285 2894 3347 2946 ἐν
3385 2894 3474 2961 τῷ
3498 2893 3638 2963 καλῷ

2047 2988 2143 3041 καὶ
2169 2985 2360 3058 ἀγαθῷ
2385 2985 2703 3060 προῖδρυται
2727 3028 2743 3053 ,
2791 2988 2887 3041 καὶ
2911 2986 2997 3040 διὰ
3022 2986 3085 3040 τὸ
3125 2986 3295 3041 καλὸν
3326 2988 3425 3041 καὶ
3450 2986 3643 3056 ἀγαθόν

2048 3077 2164 3131 ἐστι
2202 3079 2296 3133 καὶ
2322 3079 2552 3147 γίνεται.

1856 3436 1884 3509 §
1921 3435 2093 3497 XIV.

430 3575 573 3643 Quid
599 3591 764 3647 porro
809 3577 1026 3632 tandem
1080 3576 1395 3649 signiﬁcare
1442 3576 1633 3633 volunt
1679 3577 1912 3649 theologi

2155 3582 2179 3635 ’ί
2204 3582 2261 3636 δὲ
2290 3582 2427 3647 ὅλως
2448 3584 2495 3636 οἱ
2520 3582 2758 3653 θεολόγοι
2807 3582 3144 3654 βουλόμενα,
3179 3584 3315 3636 ποτέ
3352 3584 3455 3655 μὲν
3478 3586 3637 3656 ἔρωτα

357 3685 485 3725 cum
510 3669 804 3740 aliquando
831 3671 1051 3740 quidem
1095 3671 1264 3726 Deum
1291 3680 1489 3726 vocant
1516 3686 1760 3729 amorem
1781 3683 1836 3729 et
1860 3675 1946 3730 di-

360 3763 673 3829 lectionem,
703 3764 1037 3834 quaudoque
1081 3779 1214 3820 vero
1241 3764 1532 3820 amabilem
1560 3774 1619 3819 et
1641 3764 1901 3822 dilectum
1925 3768 1949 3823 ξ’

356 3853 507 3910 Illius
526 3855 749 3924 quidem
791 3856 1031 3927 (scilicet
1069 3858 1280 3914 amoris
1302 3866 1356 3914 et
1380 3856 1710 3931 dilectionis)
1733 3870 1944 3928 auctor,

355 3962 411 4007 et
438 3962 698 4024 tanquam
727 3953 1031 4023 productor
1054 3970 1121 4010 ac
1164 3965 1460 4026 generator
1481 3966 1566 4011 est
1592 3973 1609 4023 ;
1639 3956 1741 4012 hoc
1762 3965 1943 4013 autem

358 4045 437 4116 (id
459 4054 544 4101 est
565 4047 820 4103 amabilis
845 4056 902 4103 et
927 4047 1181 4120 dilectus)
1231 4048 1351 4120 ipse
1376 4058 1477 4105 est.
1506 4047 1600 4106 Illo
1625 4049 1847 4119 quidem
1869 4048 1945 4121 (id

357 4147 445 4193 est
463 4152 654 4194 amore
678 4148 736 4194 et
759 4138 1075 4209 dilectione)
1104 4146 1375 4207 movetur,
1409 4141 1511 4195 boe
1536 4150 1720 4196 autem
1756 4141 1833 4213 (id
1861 4152 1945 4198 est

358 4238 421 4282 ut
443 4229 699 4283 amabilis
722 4239 779 4284 et
824 4230 1079 4303 dilectus)
1128 4241 1309 4287 movet
1338 4248 1354 4297 ;
1382 4232 1509 4301 quia
1537 4248 1599 4289 se
1627 4233 1743 4304 ipse
1770 4234 1944 4288 addu-

365 4320 471 4384 cit,
512 4329 569 4375 et
613 4320 718 4375 sibi
766 4322 1011 4388 adducit,
1037 4332 1091 4379 et
1122 4321 1325 4380 movet’.
1356 4322 1470 4378 llac
1518 4339 1699 4380 autem
1729 4325 1944 4381 ratione

357 4410 621 4465 dilectum
645 4421 703 4467 et
727 4414 1019 4469 amabilem
1066 4432 1192 4472 eum
1240 4428 1457 4486 vocant,
1508 4430 1770 4489 tanquam
1818 4419 1942 4487 pul-

358 4504 557 4559 chrum
582 4514 636 4559 et
662 4506 866 4560 bonum
893 4523 909 4567 :
938 4522 1181 4565 amorem
1216 4523 1349 4565 vero
1398 4525 1588 4565 rursus
1613 4518 1668 4565 et
1693 4509 1943 4566 dilectio-

359 4610 506 4661 nem,
544 4606 806 4665 tauquam
832 4597 938 4651 vim
989 4600 1306 4665 motricem,
1357 4610 1414 4655 et
1454 4615 1672 4656 sursum
1717 4601 1942 4657 trahen-

362 4696 468 4743 tem
495 4688 563 4742 ad
589 4702 672 4753 se,
700 4689 793 4758 qui
841 4690 991 4746 solus
1034 4700 1121 4747 est
1162 4692 1338 4763 ipsum
1366 4707 1466 4763 per
1493 4708 1553 4748 se
1575 4691 1860 4763 pulchrum
1888 4702 1943 4746 et

357 4783 585 4848 bonum,
611 4791 670 4837 et
700 4790 961 4851 tauquam
1011 4784 1514 4843 manifestationem
1541 4786 1624 4841 sui
1650 4786 1821 4855 ipsius
1844 4799 1943 4853 per

2053 3672 2147 3725 καὶ
2176 3672 2399 3745 ἀγάπην
2442 3674 2604 3729 αὐτόν
2628 3692 2781 3743 φασι,
2812 3676 2938 3729 ποτὲ
2958 3676 3016 3728 δέ
3047 3675 3283 3746 ἐραστὺν
3308 3678 3406 3728 καὶ
3433 3676 3637 3744 ἀγαπη-

2049 3765 2144 3820 τόν
2181 3782 2197 3831 ;
2229 3766 2338 3818 Τοῦ
2371 3768 2470 3836 μὲν
2496 3768 2606 3840 γὰρ
2632 3768 2823 3832 αἴτιος,
2870 3768 2965 3822 xai.
2994 3765 3185 3839 ὥσπερ
3208 3769 3535 3838 προϐολεὺς,
3558 3771 3638 3821 καὶ

2049 3860 2440 3932 ἀπογεννήτωρ
2462 3879 2475 3892 ·
2504 3863 2565 3916 τὸ
2594 3863 2651 3917 δὲ
2680 3864 2840 3927 αὑτός
2890 3865 3024 3917 ἐστι.
3076 3863 3187 3915 Καὶ
3238 3862 3320 3933 τῷ
3360 3863 3462 3933 μὲν
3490 3864 3637 3917 κινεῖ-

2048 3967 2162 4015 ται,
2190 3951 2271 4022 τῷ
2297 3952 2355 4005 δὲ
2376 3954 2551 4006 κινεῖ·
2581 3952 2616 4024 ἥ
2643 3955 2724 4007 ὅτι
2767 3954 2928 4017 αὐτὸς
2969 3952 3165 4006 ἐαυτοῦ
3191 3956 3287 4006 καὶ
3317 3954 3501 4024 ἐαυτῷ
3534 3956 3636 4006 ἐστι

2049 4045 2430 4116 προαγωγικδς
2467 4049 2561 4101 καὶ
2587 4047 2884 4119 κινητικός.
2921 4047 3108 4117 Ταύτῃ
3140 4047 3200 4100 δὲ
3231 4048 3525 4117 ἀγαπητὸν
3550 4048 3634 4118 μὲν

2050 4135 2142 4188 καὶ
2170 4136 2399 4205 ἐραστὺν
2421 4136 2553 4190 αὐτὸ
2570 4138 2616 4169 ⁸⁷
2644 4137 2921 4201 καλοῦσιν,
2965 4137 3041 4200 ὼς
3074 4136 3245 4189 καλὸν
3273 4140 3374 4192 καὶ
3408 4138 3629 4208 ἀγαθόν·

2048 4224 2229 4298 ἔρωτα
2250 4229 2309 4282 δέ
2332 4226 2489 4294 αὖθις
2545 4232 2639 4284 καὶ
2681 4232 2924 4302 ἀγάπην,
2968 4230 3044 4294 ὡς
3072 4232 3370 4303 κινητικὴν
3396 4232 3514 4303 ἅμα
3554 4228 3635 4283 καὶ

2047 4322 2125 4385 ὡς
2148 4322 2433 4390 ἀναγωγὺν
2463 4321 2693 4393 δύναμιν
2731 4322 2860 4376 ὄντα
2894 4322 2982 4391 ἐφ’
3012 4322 3231 4385 ἑαυτὸν,
3256 4323 3320 4376 τὸ
3357 4324 3520 4395 μόνον
3545 4324 3633 4377 οὑ-

2044 4417 2108 4470 τὸ
2135 4416 2203 4469 δι’
2232 4416 2393 4469 ἐαυτὸ
2441 4414 2601 4469 καλὸν
2653 4414 2749 4469 καὶ
2795 4414 3021 4484 ἀγαθὸν,
3048 4415 3144 4469 καὶ⁸
3166 4415 3366 4489 ὥσπερ
3390 4417 3633 4487 ἔκφανσιν

2046 4507 2176 4562 ὄντα
2204 4506 2397 4561 ἑαυτοῦ
2420 4507 2489 4560 δι’
2510 4506 2727 4571 ἐαυτοῦ,
2773 4506 2868 4560 καὶ
2891 4507 2990 4577 τῆς
3022 4506 3378 4580 ἐξῃρημένης
3404 4508 3633 4569 ἐνώσεως

2046 4599 2257 4670 ἀγαθὴν
2302 4597 2549 4670 πρόοδον,
2577 4599 2671 4651 καὶ
2695 4597 2962 4671 ἐρωτικὴν
3003 4599 3242 4671 κίνησιν,
3268 4601 3472 4673 ἁπλῆν,
3501 4602 3632 4654 αὐτοι

2046 4696 2292 4763 κίνητον,
2341 4692 2759 4764 αὐτενὲργητον,
2803 4692 3077 4764 προοῦσαν
3102 4694 3161 4745 ὲν
3188 4694 3443 4766 τάγαθῷ,
3469 4696 3559 4748 καὶ
3578 4698 3631 4747 ἐκ

2043 4785 2285 4857 τάγαθοῦ
2307 4789 2417 4849 τοίς
2438 4782 2590 4839 οὖσιν
2612 4785 3036 4858 ἐκὸλυζομένην,
3062 4787 3161 4839 καὶ
3184 4782 3347 4853 αὖθις
3378 4791 3461 4852 εἰς
3489 4790 3628 4855 τάγα-

356 4874 617 4943 seipsum,
643 4883 699 4929 et
727 4884 782 4929 ut
811 4876 1104 4948 benignum
1152 4896 1476 4951 processum
1525 4877 1746 4933 eximire
1793 4877 1838 4931 ill

2162 4877 2665 4949 ἐπιστρεφομένην.
2719 4878 2807 4930 Ἑν
2827 4870 2871 4945 ᾧ
2894 4877 2986 4930 καὶ
3029 4877 3091 4929 τὸ
3128 4878 3495 4952 ἀτελεύτητον
3524 4880 3628 4933 tau-

358 4964 595 5029 unionis,
619 4976 677 5019 et
702 4967 1029 5023 amatorium
1081 4948 1410 5036 motionem,
1467 4968 1795 5037 simplicem,

2168 4968 2261 5021 καὶ
2287 4948 2520 5038 ἄναρχον
2546 4967 2576 5020 6
2597 4965 2741 5030 θεῖος
2784 4965 2924 5038 ἔρως
2967 4966 3314 5021 ἐνδείκνυται
3364 4948 3627 5041 όιαφερὸνο

356 5070 420 5109 se
464 5056 741 5122 mobilem,
772 5073 870 5127 per
897 5074 958 5115 se
979 5073 1300 5131 aperantetr.
1324 5104 1340 5129 ,
1386 5061 1858 5132 praaexsistentcm
1885 5061 1938 5113 in

358 5149 521 5215 bono,
547 5159 601 5205 et
626 5165 694 5203 ex
720 5151 869 5207 bono
894 5154 945 5207 in
974 5168 1038 5208 ea
1084 5171 1208 5225 qua:
1253 5166 1384 5210 sunt
1433 5153 1850 5216 redundantem,
1876 5169 1944 5207 ac

361 5255 549 5296 rursus
574 5243 640 5297 ad
667 5243 869 5298 bonum
921 5256 1306 5303 revertentem.
1359 5245 1476 5315 Qua
1509 5245 1559 5300 in
1591 5260 1648 5299 re
1675 5254 1729 5299 et
1755 5244 1862 5299 line
1887 5255 1943 5300 et

428 5388 457 5416 ιι
482 5376 661 5432 Gaiat.
694 5394 755 5445 ιι,
795 5375 888 5432 20.

2048 5076 2177 5121 τως,
2203 5057 2393 5128 ὥσπερ
2417 5073 2501 5119 τις
2530 5055 2699 5118 ἀΐδιος
2734 5054 2951 5118 κύκλος,
2975 5053 3062 5106 διὰ
3107 5055 3372 5129 τάγαθὸν,
3402 5060 3467 5111 ἐκ
3489 5058 3627 5124 τάγα-

2051 5152 2167 5215 θοῦ,
2200 5151 2293 5205 καί
2316 5152 2373 5204 ἐν
2395 5148 2639 5219 τάγαθῷ,
2664 5150 2756 5202 καὶ
2782 5150 2860 5212 εἰς
2896 5148 3153 5216 τάγαθὸν,
3180 5152 3240 5203 ἐν
3267 5152 3502 5205 ἁπλανεῖ
3521 5166 3626 5202 συν-

2051 5246 2214 5313 ελίξει
2265 5242 2787 5315 περιπορευόμενος,
2832 5243 2927 5296 καὶ⁵
2952 5244 3009 5296 ἐν
3040 5243 3249 5315 ταύτῷ,
3304 5247 3401 5300 καὶ
3432 5241 3625 5302 κατὰτὸ

1639 5486 1879 5543 ἾΑΒΙᾸΞ
1948 5488 2357 5547 LECTIONES.

427 5660 475 5730 *ἡ
495 5657 731 5729 αληθῶς,
760 5657 805 5710 Μ
830 5659 952 5730 (Se.
1006 5640 1009 5643 ν
1044 5656 1091 5730 ⁵Ᾱ³
1114 5650 1712 5730 ζωὴνΔ,-ἁλλᾶητὴνητρζδ
1736 5652 2107 5730 ,ἐραστοῦ-ζῇν
2128 5653 2254 5730 ,_P._
2315 5652 2363 5730 ξδ
2388 5652 2498 5730 τῷν
2534 5654 2716 5710 καλῶν
2753 5658 2849 5710 καὶ
2881 5653 3105 5726 ἀγαθῶν
3126 5694 3142 5720 ,
3176 5654 3257 5727 τῷ
3294 5658 3533 5721 πάντων.
3556 5651 3615 5713 Μ.

370 5726 436 5799 τῷ
463 5721 596 5782 item
622 5731 778 5783 habet
816 5728 873 5783 S.
943 5729 987 5759 ⁵⁸
1020 5721 1226 5797 αὑτήν,
1249 5727 1315 5780 Μ.
1339 5723 1397 5777 l’.
1438 5721 1529 5776 Sc.
1566 5722 1611 5750 ⁸²
1637 5721 1703 5774 δι’
1731 5721 1864 5792 6,8.
1898 5727 1945 5793 ὅ,
1979 5721 2072 5780 P."
2126 5727 2168 5757 ⁵⁷
2198 5723 2385 5789 αὐτόν,
2419 5724 2481 5778 D.
2578 5800 2581 5803 _
