3752 6346
164 346 261 403 ηδ
1278 344 1367 398 DE
1398 341 1652 399 DlVlNlS
1684 340 2078 413 NOMINIBUS,
2112 348 2266 406 CAP.
2303 350 2391 407 tv.
3300 318 3422 412 "nt

147 464 279 518 αὐτὸ
309 463 383 525 ⁵⁸,
412 463 510 517 καὶ
555 460 761 536 προῖὼν
779 463 884 527 ἀεὶ,
911 462 1006 517 καὶ⁸
1033 462 1229 535 μένων,
1260 465 1355 517 καὶ
1377 464 1629 529 ἀποκαοιι

1941 469 2123 538 ncipio
2147 484 2207 524 se
2234 484 2423 524 carere
2445 469 2663 525 divinus
2695 486 2850 528 amor
2880 472 3210 532 excellenter
3233 448 3422 531 osten-

149 557 330 624 μενος.
359 551 551 608 Ταῦτα
576 555 670 609 καὶ
690 558 720 611 ό
735 553 939 618 κλεινὸς
961 552 1119 625 ἡμῶν
1144 553 1514 625 ίεροτελεστὴς
1537 554 1626 607 ὲνο

1939 593 1946 615 ,
1974 563 2232 625 tanquam
2260 557 2622 626 sempiternus
2660 561 2921 628 circulus,
2950 572 3173 635 propter
3196 563 3421 630 bonum,

118 645 475 715 ¹ὑφηγήσατο
512 646 652 700 κατὰ
698 647 825 709 τοὺς
875 643 1173 716 ἐρωτικοὺς
1223 642 1456 715 ὕμνους·
1511 638 1586 698 ὧν

1939 646 2103 711 bono,
2151 647 2203 701 in
2248 646 2416 713 bono,
2439 658 2494 703 et
2537 651 2605 704 ad
2634 650 2833 708 bonum
2881 654 3256 712 indeclinabili
3281 640 3420 713 con-

142 737 347 793 ἄτοπον
395 738 825 810 ἐπιμνησθῆναι,
860 738 955 791 καὶ
995 735 1107 792 οἷον
1153 737 1307 810 ίεράν
1334 754 1456 792 τινα
1496 748 1624 807 κεφο

1942 737 2095 793 sione
2137 738 2484 806 circumiens,
2514 741 2568 797 in
2594 743 2804 808 eodem,
2851 754 2908 802 et
2932 749 3228 804 secundum
3256 747 3422 815 idem,

142 829 413 884 ἐπιθεῖναι
441 830 523 902 τῷ
554 832 681 904 περὶ
704 831 904 903 ἔρωτος
928 830 1089 904 ἡμῶν
1112 829 1275 901 λόγῳ.

1942 832 2225 888 trocedens
2274 848 2516 905 semper,
2542 843 2597 889 et
2628 853 2876 907 manens,
2906 850 2962 895 et
2993 856 3267 897 remeans.
3299 840 3424 896 llaec

143 923 306 980 etiam
334 923 576 995 inclytus
604 934 787 978 uoster
814 924 868 977 in
896 924 1069 978 sacris
1110 922 1357 976 initiator
1382 921 1570 976 divino
1595 920 1803 991 Spiritu
1830 919 2045 977 aﬂlatus
2074 922 2127 975 iu
2183 924 2468 979 amatoriis
2523 925 2638 980 suis
2694 927 2915 997 hymnis
2969 930 3241 1000 esposuit,
3280 945 3419 1001 quos

148 1033 250 1073 non
280 1017 383 1071 abs
409 1031 469 1071 re
499 1016 662 1071 fuerit
711 1027 1167 1080 commemorare,
1212 1022 1270 1070 et
1312 1015 1469 1085 quasi
1517 1012 1736 1069 sacrum
1771 1013 2045 1083 quoddam
2076 1024 2242 1084 caput
2287 1014 2418 1073 huic
2461 1028 2651 1075 nostro
2699 1022 2940 1077 sermoni
2982 1022 3050 1078 de
3106 1037 3295 1105 amore
3333 1031 3421 1077 at-

149 1118 360 1165 luxere.

1698 1210 1727 1283 ς
1764 1210 1881 1268 xv.

232 1320 519 1392 ἰεροθέου
564 1322 672 1378 τοῦ
718 1322 1045 1411 ἀγιωτάτου
1092 1325 1163 1380 ἐκ
1208 1343 1330 1381 των
1371 1326 1664 1398 ἐρωτικῶν

833 1412 1055 1448 υιινων.

1941 1329 2006 1399 :2
2064 1327 2334 1383 ἥξει-ουιεὶ
2382 1327 2729 1448 sanctissimi.
2754 1332 2857 1387 viri
2902 1334 3058 1390 verba
3105 1354 3173 1393 ea:
3216 1340 3423 1411 hymnis

2477 1415 2601 1448 ama
2624 1416 2774 1448 arm-

833 1412 1055 1465 υμνων.

2477 1412 2774 1457 amaturus.

192 1546 298 1599 Τὸν
326 1545 534 1617 ἔρωτα,
559 1543 669 1597 εἴτε
696 1544 859 1609 θεῖον,
884 1543 995 1596 εἴτε
1024 1539 1335 1611 ἀγγελικδν,
1367 1540 1478 1594 εἴτε
1502 1537 1674 1612 νοερὸη

1927 1552 2174 1605 .morem,
2206 1537 2320 1593 sive
2347 1534 2617 1605 divinum,
2647 1542 2765 1595 sive
2801 1541 3131 1613 angelicum,
3157 1540 3274 1608 sive
3298 1537 3409 1619 spi-

128 1642 233 1695 εἵτε
264 1641 525 1712 ψυχικὸν,
572 1638 683 1692 εῐτε
713 1636 940 1707 φυσικὸν
990 1634 1260 1706 εἴποιμεν,
1300 1633 1567 1704 ἑνωτικήν
1588 1649 1610 1685 τ

1933 1628 2063 1693 ιΙθῐη,
2094 1630 2208 1684 sive
2232 1628 2548 1694 animalem,
2590 1630 2709 1686 sive
2749 1632 3056 1691 naturalem
3084 1637 3415 1714 dixerimus,

125 1732 215 1787 καὶ
240 1729 621 1803 συγκρατικὴν
659 1729 1002 1800 ἐννοήσωμεν
1042 1725 1292 1797 δύναμιν,
1318 1724 1388 1778 τὰ
1411 1724 1512 1795 μὲν
1537 1724 1607 1777 ὑπ

1922 1721 2247 1789 ιῳιεηιόοηι
2272 1720 2388 1775 sive
2415 1728 2741 1790 potestatem
2787 1726 3139 1794 copulantem
3180 1742 3238 1787 et
3259 1749 3404 1791 com-

124 1842 252 1897 τερα
278 1823 543 1878 κινοῦσαν
571 1822 666 1876 ἐπὶ
688 1821 946 1893 πρόνοιαν
989 1819 1101 1872 τῶν
1152 1816 1606 1888 καταδεεστέρων,

1932 1821 2138 1867 sentem
2185 1812 2573 1882 intelligamus,
2619 1816 2905 1883 superiora
2932 1820 3414 1888 quidem'moven-

122 1919 177 1971 δὲ
199 1918 504 1988 όμὸστοιχα
529 1915 693 1970 πάλιν
715 1916 796 1978 είς
842 1910 1163 1983 κοινωνικὴν
1206 1910 1583 1983 ἀλληλουχίαν,

1921 1924 1925 1957 ι
1953 1904 2019 1958 ad
2043 1904 2441 1975 providentiam
2470 1907 2795 1962 inferiorum
2824 1925 2841 1974 ;
2875 1924 2941 1965 ea
2974 1926 3103 1967 vero
3128 1930 3251 1983 quae
3274 1930 3403 1973 sunt

123 2012 206 2063 ἐπ’
227 2011 479 2081 ἐσχάτων
528 2007 597 2061 τὰ
642 2005 910 2078 ὑφειμένα
954 2005 1092 2078 πρὸς
1133 2003 1364 2076 τὴντῶν
1387 2003 1605 2075 κρειττόπ

1920 1993 2055 2050 idem
2088 1995 2322 2058 ordinis,
2348 1999 2415 2051 ad
2444 2007 2688 2052 mutuam
2732 2002 3314 2072 communicationem,
3345 2017 3402 2062 et

126 2102 213 2155 καί
240 2100 664 2172 ὑπερκειμένων
685 2097 1042 2168 ἐπιστροφήν.
1112 2114 1121 2133 ε
1340 2114 1347 2121 κ

1928 2089 2109 2145 issime
2134 2103 2196 2144 ea
2221 2105 2341 2160 qua:
2369 2100 2496 2146 sunt
2536 2088 2796 2146 inferiora
2822 2132 2839 2158 ,
2867 2092 2937 2147 ad
2967 2096 3399 2151 convertendutn

1815 2200 1876 2239 se
1903 2184 1971 2238 ad
1998 2181 2378 2252 praestantiora
2401 2190 2458 2236 et
2478 2182 2791 2249 przeposita.
3402 2178 3411 2197 “

1654 2282 1682 2355 ς
1720 2280 1864 2336 xw.

188 2407 309 2464 Τοῦ
338 2404 534 2461 αὐτοῦ
582 2404 653 2458 ἐκ
689 2402 809 2458 τῶν
843 2399 1043 2458 αὐτῶν
1075 2400 1372 2472 ἐρωτικῶν
1406 2401 1629 2473 ὓμνων.

1922 2399 2175 2471 Ejusdem
2212 2403 2369 2459 verba
2404 2421 2471 2460 ea:
2504 2407 2691 2465 iisdem
2728 2410 2936 2483 hymnis
2965 2415 3275 2471 amatoriis.
3304 2441 3311 2445 -

199 2554 424 2626 Ἐπειδὴ
453 2555 583 2618 τοὺς
607 2555 673 2607 ὲκ
717 2552 812 2605 τοῦ
848 2552 965 2615 ἐνὸς
1014 2549 1239 2616 πολλοὺς
1284 2550 1493 2622 ἔρωτας
1534 2549 1681 2603 διετά

1926 2546 2153 2613 μιοιιίεῐιι
2180 2562 2244 2601 ex
2272 2562 2379 2601 uno
2403 2562 2620 2602 amores
2662 2550 2859 2604 multos
2884 2552 3277 2621 ordinavimus,
3309 2543 3408 2608 ori

122 2650 309 2723 ξαμεν,
361 2649 495 2721 ἑξῆς
544 2646 850 2720 εἰρηκότες,
900 2640 1012 2698 οἶαι
1050 2645 1095 2676 ³⁸
1146 2644 1245 2714 μὲν
1286 2644 1340 2696 αἱ
1390 2641 1499 2694 τῶν
1550 2644 1604 2710 ὲγ

1911 2657 1942 2696 e
1969 2642 2301 2723 recensendo
2345 2640 2533 2710 quales
2582 2641 2943 2698 mundialium
2975 2653 3031 2699 et
3058 2656 3390 2715 supermun-

122 2746 296 2815 σμίων
330 2760 395 2796 τε
426 2741 523 2795 καὶ
566 2738 953 2811 ὑπερκοσμίων
1001 2734 1218 2809 ἐρώτων
1261 2734 1487 2804 γνώσεις
1513 2752 1570 2787 τε

1910 2733 2036 2785 lium
2095 2747 2344 2788 amorum
2401 2733 2650 2788 notiones
2678 2749 2744 2788 ac
2771 2734 3007 2790 virtutes
3037 2738 3392 2805 exsisterent,

118 2837 402 2908 δυνάμεις,
436 2827 482 2903 ᾧ
509 2832 835 2903 ὑπερέχουσι
860 2829 999 2883 κατὰ
1042 2829 1132 2881 τὸν
1164 2828 1491 2881 ἀποδοθέντα
1514 2827 1600 2881 τοῐ

1914 2826 2035 2888 bus,
2063 2825 2217 2895 juxta
2265 2827 2532 2879 rationem
2580 2826 2937 2895 assignatam,
2984 2829 3310 2897 spiritalium
3339 2841 3396 2885 et

118 2947 212 2997 γου
240 2928 472 2989 σκοπὸν,
502 2923 695 2978 αἰτῶν
742 2922 944 2995 νοερῶν
986 2940 1046 2975 τε
1088 2923 1182 2976 καὶ
1229 2921 1437 2990 νοητῶν
1491 2920 1600 2992 ὲρώ

1910 2916 2093 2971 ellectu
2148 2917 2499 2987 prwditorunt
2547 2933 2793 2973 amorum
2826 2920 3048 2975 ordines
3075 2920 3392 2977 distinctio-

118 3021 301 3088 τάξεις
323 3038 383 3073 τε
416 3021 513 3073 καὶ
533 3017 940 3088 διακοσμήσεις,
985 3014 1103 3086 μεθ’
1129 3015 1222 3079 οὓς
1246 3016 1291 3046 ⁸ο
1317 3015 1364 3067 oi
1401 3014 1600 3067 αὐτονότ

1909 3025 2019 3080 .que
2064 3009 2397 3080 praecellunt,
2440 3011 2586 3069 inter
2625 3024 2761 3080 quos
2786 3010 2860 3064 illi
2887 3014 2976 3081 qui
3010 2998 3391 3083 seipsiSintel-

120 3112 209 3164 καὶ
235 3111 374 3164 θεῖοι
399 3110 511 3161 τῶν
531 3107 700 3170 ὅντως
726 3107 843 3159 ἐκεῖ
867 3104 1045 3160 καλῶν
1092 3105 1310 3178 ἐρώτων
1357 3106 1457 3158 ὑπε
1467 3121 1602 3178 pacm

1910 3104 2026 3158 tiles
2048 3119 2112 3158 ac
2136 3103 2327 3170 divini,
2355 3104 2514 3160 bonis
2549 3104 2641 3174 qui
2672 3105 2787 3161 illic
2814 3121 2942 3161 vere
2963 3104 3092 3161 sunt
3114 3109 3392 3165 amoribus

119 3206 210 3258 καὶ
241 3205 378 3275 ἡμῖν
417 3200 637 3264 οἰκείως
671 3198 958 3271 ὖμνηνται.
1017 3196 1133 3253 Νῦν
1177 3194 1332 3262 αὖθις
1358 3199 1400 3230 ⁸¹
1425 3197 1597 3251 ἀναλα

1910 3195 2080 3263 :l'ecti,
2102 3205 2157 3251 et
2180 3211 2208 3249 a
2239 3196 2396 3252 nobis
2423 3197 2639 3266 proprie
2662 3197 2866 3252 laudati
2902 3207 3050 3254 sunt.
3099 3198 3256 3256 Modo
3290 3202 3392 3258 ite-

117 3315 207 3361 τες
236 3296 488 3357 ἅπαντας
511 3294 591 3357 είς
620 3292 712 3345 τδν
751 3292 847 3344 ἕνα
892 3291 985 3345 καὶ
1034 3291 1471 3363 συνεπτυγμένον
1509 3290 1599 3363 ἔρα

1912 3304 1935 3342 rt
1972 3287 2141 3343 altius
2202 3298 2539 3359 repetentes,
2598 3305 2788 3346 omnes
2834 3290 2888 3345 in
2948 3308 3116 3347 unum
3167 3292 3394 3364 conjun—

118 3388 210 3442 καὶ
256 3387 480 3439 πάντων
511 3383 690 3437 αὐτῶν
733 3381 945 3453 πατέρα
986 3381 1347 3454 συνελίξωμεν
1370 3384 1415 3414 ⁶¹
1462 3383 1578 3453 ἅμα

1912 3394 2072 3449 inque
2100 3396 2368 3447 amorem,
2401 3390 2457 3435 et
2478 3396 2666 3436 eorum
2697 3382 2940 3438 omnium
2970 3394 3250 3453 parentem
3272 3385 3385 3441 col-

118 3480 523 3548 συναγάγωμεν
553 3476 661 3530 ἀπὸ
701 3475 810 3529 τῶν
840 3474 1070 3551 πολλῶν,
1119 3475 1337 3547 πρῶτον
1362 3477 1443 3540 εἰς
1465 3474 1558 3528 δύο
1586 3493 1600 3528 ε

1909 3489 2047 3528 unus
2085 3474 2270 3539 simul,
2321 3484 2377 3529 et
2403 3473 2755 3530 conferamus
2779 3491 2847 3529 ex
2896 3476 3081 3532 multis
3111 3494 3128 3544 ;
3156 3478 3391 3548 primum

118 3572 405 3644 αιροῦντες
463 3569 641 3623 αὐτῶν
686 3568 784 3631 τὰς
827 3566 1094 3641 ἐρωτικὰς
1147 3566 1376 3620 καθόλου
1432 3567 1600 3637 δυνάμ

1916 3565 2052 3619 duas
2092 3579 2279 3620 eorum
2335 3567 2633 3622 amatorias
2681 3568 2907 3623 omnino
2953 3569 3102 3623 vires
3168 3564 3392 3625 contra-

116 3653 191 3715 ὧν
220 3660 538 3729 ἐπικρατεῖ,
569 3657 663 3709 καὶ
707 3657 1078 3728 προκατάρχει
1123 3655 1340 3719 πάντως
1376 3655 1421 3686 ⁸³
1455 3656 1489 3727 ἡ
1525 3658 1590 3708 ἐκ

1926 3667 2030 3723 tes,
2089 3657 2290 3730 quibus
2337 3662 2591 3717 omnibus
2647 3672 2870 3731 praestat
2915 3673 2970 3719 et
2999 3663 3279 3719 antecellit
3306 3666 3391 3719 iu—

118 3752 343 3806 πάντων
373 3749 631 3802 ἐπέκεινα
682 3747 885 3811 παντὸς
922 3747 1122 3819 ἔρωτος
1166 3748 1393 3818 ἄσχετος
1422 3749 1589 3812 αἰτία,

1907 3752 2211 3819 nprehensa
2255 3752 2348 3808 illa
2400 3756 2581 3809 omnis
2631 3756 2837 3811 amoris
2871 3770 3061 3823 causa,
3120 3757 3265 3827 quod
3317 3757 3389 3811 sit

118 3845 258 3917 πρὸς
294 3845 363 3915 ἢν
392 3840 732 3896 ἀνατείνεται
781 3840 1041 3911 συμφυῶς
1087 3838 1302 3912 ἑκάστῳ
1346 3840 1455 3895 τῶν
1494 3840 1600 3893 ὄντι

1908 3843 2066 3898 nibus
2127 3843 2396 3914 superior,
2428 3854 2481 3900 et
2506 3846 2574 3900 ad
2597 3859 2716 3900 eam
2766 3861 2866 3916 pro
2917 3846 3181 3917 cujusque
3226 3857 3390 3917 captu

117 3939 182 3990 ὲκ
200 3936 314 3991 τῶν
341 3936 512 3989 ὄντων
534 3934 788 3989 ἁπάντων
821 3932 997 3993 ὀλικδς
1020 3932 1179 3993 ἔρως.
1534 3996 1544 4003 η

1534 3996 1544 4003 η
1817 3942 1997 3988 rerum
2029 3937 2275 3990 omnium
2305 3937 2489 3994 totalis
2520 3952 2678 3992 amor
2718 3939 2924 3993 tendat.

1642 4038 1673 4111 ᾗ
1709 4044 1872 4102 XVII.

203 4184 323 4241 Τοῦ
355 4180 545 4236 αὐτοῦ
580 4178 651 4232 ἐκ
686 4175 805 4230 τῶν
837 4172 1036 4229 αὐτῶν
1070 4169 1362 4242 ἐρωτικῶν
1396 4169 1619 4239 ὕμνων.

1860 4182 1873 4189 ·-
2020 4157 2271 4229 Ejusdem
2306 4173 2373 4213 ea:
2407 4158 2595 4213 iisdem
2631 4156 2841 4227 hymnis
2877 4157 3178 4213 amatoriis.
3246 4178 3248 4180 ·

210 4302 351 4369 Ἀγε
382 4298 447 4369 δὴ
477 4298 570 4350 καὶ
608 4295 810 4359 ταύτας
833 4294 992 4349 πάλιν
1018 4294 1096 4356 είς
1127 4291 1186 4345 ἓν
1217 4293 1633 4361 συναγαγόντες,
1656 4295 1692 4347 εἰ

1920 4296 2014 4367 tge
2045 4311 2194 4361 vero,
2226 4297 2313 4352 bis
2347 4297 2542 4353 iterum
2569 4298 2623 4352 in
2652 4314 2817 4352 unum
2844 4297 3110 4365 collectis,
3136 4286 3402 4363 dieamus,

132 4409 336 4464 πωμεν
368 4391 435 4453 ⁸⁸,
468 4390 551 4443 ὅτι
581 4389 680 4460 μία
709 4388 792 4453 τίς
821 4390 969 4441 ἐστιν
1014 4386 1158 4457 ἁπλῆ
1205 4385 1488 4457 δύναμιςή
1518 4388 1614 4440 αὐτ

1920 4406 1993 4444 tm
2032 4405 2155 4447 esse
2204 4392 2503 4461 simplicem
2555 4393 2838 4459 virtutem,
2878 4407 2976 4463 per
3002 4407 3061 4448 se
3091 4402 3402 4448 moventem

134 4484 338 4558 νητικὴ
362 4484 500 4556 πρὸς
526 4482 789 4554 ἑνωτικήν
817 4498 936 4535 τινα
963 4482 1158 4552 κρᾶσιν
1185 4481 1251 4533 ὲκ
1295 4478 1532 4548 τάγαθοῦ
1564 4498 1616 4552 με

1914 4482 2097 4536 itivam
2146 4483 2431 4551 quamdam
2492 4484 2803 4540 mistionem
2832 4499 2900 4539 ex
2930 4485 3072 4540 bono
3122 4499 3293 4554 usque
3323 4483 3390 4536 ad

132 4577 236 4630 τοῦ
280 4575 392 4628 τῶν
422 4575 594 4629 ὄντων
641 4575 891 4645 ἐσχάτου,
917 4574 1012 4627 καὶ
1039 4572 1134 4625 ἀπ’
1162 4572 1369 4626 ἐκείνου
1412 4572 1574 4626 πάλιν
1603 4575 1614 4625 ἐ

1922 4588 2139 4627 .remum
2193 4588 2383 4629 eorum
2437 4592 2558 4646 qua:
2584 4579 2889 4641 exsistunt,
2920 4584 2975 4630 et
3004 4576 3071 4630 ab
3099 4574 3188 4629 illo
3216 4588 3404 4628 rursus

130 4668 229 4720 διὰ
275 4668 495 4720 πάντων
547 4667 628 4729 είς
666 4664 903 4733 τάγαθὸν
944 4664 1002 4731 ἐξ
1032 4664 1251 4735 ἑαυτῆς,
1283 4664 1377 4718 καὶ
1404 4664 1473 4718 δι’
1509 4666 1612 4718 ἑαυ·

1921 4674 2233 4734 tsequenter
2263 4680 2361 4736 per
2407 4667 2587 4721 omnia
2627 4671 2693 4725 ad
2725 4669 2951 4734 bonum,
2979 4682 3047 4722 ex
3076 4666 3275 4735 seipsa,
3307 4679 3403 4733 per

134 4760 235 4835 κιρ.)⁸
264 4761 348 4829 ἐφ’
367 4759 571 4830 ἑαυτῆς
599 4758 793 4829 ἑαυτὴν
827 4757 1225 4823 ἀνακυκλοῦσα,
1263 4759 1357 4812 καὶ
1406 4758 1486 4822 είς
1532 4760 1616 4811 tat

1920 4771 2106 4823 psam,
2138 4766 2195 4810 et
2224 4757 2276 4811 in
2305 4757 2487 4827 seipsa
2530 4759 2764 4830 seipsam
2822 4759 3214 4823 revolventem,
3258 4771 3316 4813 et
3335 4756 3402 4811 ad

132 4852 233 4905 ἀεὶ
257 4852 471 4917 ταύτῶς
504 4852 911 4923 ἀνελιττομένη.

1834 4849 2067 4919 seipsam
2090 4863 2306 4918 semper
2330 4848 2519 4903 eodem
2543 4851 2703 4906 modo
2730 4858 3119 4905 revertentem.

1586 5011 1615 5084 ς
1661 5004 1894 5072 xvnt.
1972 5098 1975 5101 _

184 5198 187 5201 γ
215 5157 412 5210 Καίτοι
445 5153 583 5225 φαίη
613 5171 699 5217 τις
719 5170 735 5184 ’
792 5155 856 5207 Ei
887 5154 1050 5207 πᾶσιν
1074 5154 1192 5207 ἐστὶ
1211 5154 1274 5208 τὸ
1293 5153 1453 5208 καλὸν
1478 5154 1573 5207 καὶ
1592 5154 1666 5222 ἀγ

1920 5156 2072 5227 Atqui
2119 5156 2316 5226 aliquis
2363 5153 2630 5223 obiiciat:
2673 5151 2729 5206 Si
2763 5150 3047 5222 pulchrum
3094 5156 3154 5203 et
3200 5148 3402 5202 bonum

142 5249 239 5302 θὸν
264 5247 503 5320 ὲραστὸν
529 5248 622 5299 καὶ
648 5246 838 5315 ἐφετὸν
880 5246 972 5300 καὶ
1012 5246 1294 5317 ἀγαπητὸν
1345 5245 1577 5317 (ἐφίεται
1620 5264 1624 5274 ί

1920 5244 2090 5300 mibus
2119 5245 2354 5301 amabile
2381 5253 2436 5300 et
2467 5241 2823 5299 desiderabile
2863 5250 3026 5312 atque
3047 5238 3303 5293 dilectum
3333 5235 3402 5290 sit

1431 5398 1667 5454 VARUE
1700 5398 2104 5457 LECTIONES.

219 5540 406 5610 "qua:
443 5538 514 5593 ab
549 5536 653 5593 hoc
671 5535 794 5610 loco
822 5536 1053 5610 ad_duas
1088 5536 1413 5610 paginas_et
1471 5536 1810 5610 dimidiatam
1875 5544 2003 5591 ante
2083 5536 2196 5610 haec
2248 5534 2409 5610 verba
2438 5573 2455 5599 ,
2509 5534 2625 5610 acab
2654 5530 2786 5586 αὐτὸ
2840 5530 2958 5583 ἐστι
3006 5525 3068 5580 τὸ
3116 5525 3403 5610 εἰδοποιόν,

146 5603 529 5669 continentur.
560 5610 617 5663 in
667 5607 948 5676 impressis
986 5603 1268 5673 codicibus
1311 5606 1580 5669 deerant,
1644 5606 1846 5661 habent
1914 5605 2188 5661 manuscri
2236 5606 2311 5667 ti,
2357 5613 2569 5659 veteres
2598 5603 2750 5673 inter
2794 5613 2939 5655 retes
2997 5609 3407 5669 expresserunt.

146 5682 203 5714 "
221 5683 360 5728 ὅσαι-
417 5679 482 5728 Ρ.
554 5676 626 5709 ’⁸ο
651 5675 774 5728 καθ’
802 5676 919 5728 οὓς.
958 5677 1015 5728 Ρ.
1117 5676 1275 5728 "mi.
1326 5674 1421 5728 νῦν
1481 5672 1658 5728 αὖθις.
1708 5674 1766 5728 Ρ.
1822 5676 1915 5728 Sc.
2026 5677 2071 5709 “
2100 5620 2463 5728 O’UKgéEthEV.
2499 5671 2556 5728 S.
2634 5671 2680 5707 ⁵³
2705 5617 2943 5728 πέντων,
2986 5667 3043 5723 S.
3086 5667 3131 5712 "1‘
3154 5667 3381 5728 είπομεν

145 5682 203 5807 ἕ
221 5683 385 5808 ὅσονῗο
416 5679 482 5734 Ρ.
520 5667 626 5709 ”⁶⁰
651 5667 774 5731 me"
802 5676 919 5744 οὓς,
958 5668 1015 5733 Ρ.
1117 5678 1157 5709 ⁸⁸
1182 5676 1275 5730 καὶ
1326 5674 1421 5733 νῦν
1481 5667 1658 5740 αὖθις,
1708 5674 1766 5732 Ρ.
1822 5676 1915 5737 Sc.
2026 5677 2071 5709 “
2100 5667 2463 5747 συλλέξωμεν,
2499 5671 2556 5729 S.
2598 5670 2599 5673 “
2634 5671 2680 5707 ⁵³
2705 5667 2943 5735 πᾶντων,
2986 5667 3043 5723 S.
3073 5667 3131 5712 "’1‘
3154 5667 3381 5739 είπομεν

197 5764 291 5809 .et
373 5767 484 5805 ten.

359 5847 639 5907 Ρηιιοι..
678 5844 793 5903 Gn.
836 5842 939 5904 ΙΙΙ.
3089 5833 3168 5892 23
