3742 6310
342 300 455 359 ,⁵115
1501 288 1558 345 S.
1597 286 1820 342 DIONY!

2102 285 2392 343 tPAGszE
2458 310 2464 316 -
3376 266 3381 269 ’
3471 272 3580 323 τις

350 412 645 481 (desiderat
671 410 813 477 enim
844 408 969 463 illud
990 407 1162 461 etiam
1190 404 1243 458 id
1267 402 1411 471 quod
1439 417 1542 455 non
1574 402 1813 463 exsistit,

2104 400 2159 453 ιῦ
2187 400 2280 453 καὶ
2301 399 2363 452 τὸ
2396 398 2470 470 μὴ
2501 395 2580 460 ὃν,
2631 394 2705 459 ὡς
2754 393 2988 466 εῐρηται,
3018 390 3111 443 καὶ
3140 388 3438 458 φιλονεικεῖ
3464 403 3582 447 πως

351 480 553 566 dictum
579 510 682 564 est,
705 509 759 554 et
783 499 965 568 aliquo
997 496 1153 552 modo
1179 496 1233 549 in
1274 495 1391 562 ipso
1435 508 1555 547 esse
1584 492 1829 547 contendi

2106 491 2236 561 ιὺτῷ
2266 492 2310 522 ⁸³
2350 486 2488 543 εἶναι
2506 506 2520 521 ·
2544 490 2639 542 καὶ
2665 488 2793 540 αύτό
2821 489 2936 539 ὲστι
2959 486 3020 538 τὸ
3054 484 3317 537 εἰδοποιὸν
3350 482 3451 535 καὶ
3469 480 3584 533 τῶν

338 592 599 661 quoniam
629 588 787 660 363
835 590 1010 657 ipsum
1056 595 1139 641 est
1167 585 1309 654 quod
1344 584 1569 638 formam
1603 582 1761 636 rebus
1793 581 1816 633 ti

2107 580 2256 633 ιδέων
2278 621 2293 644 ,
2329 580 2425 632 καὶ
2473 579 2559 631 ἐπ’
2608 577 2773 630 αὐτοῦ
2824 577 2918 629 καὶ
2949 576 3010 628 τὸ
3046 575 3119 647 μὴ
3148 574 3207 627 ὃν
3234 573 3585 644 ῦπερουσίως

351 699 437 738 ma
484 682 801 737 carentibus
858 678 1072 741 tribuit,
1122 686 1181 732 et
1213 677 1266 731 in
1326 675 1443 745 ipso
1477 674 1641 727 etiam
1681 671 1733 725 id
1760 686 1829 740 qu

2115 688 2213 724 ιται
2250 671 2345 723 κα)⁸
2371 670 2543 740 ἐστι’)
2580 668 2696 732 πῶς
2727 670 2761 738 ἡ
2782 666 3031 737 δαιμονία
3057 665 3262 737 πληθὺς
3302 665 3407 716 οὐκ
3440 661 3593 729 ἐφίε-

338 786 455 827 ·ιιοη
490 779 591 833 est,
620 782 780 838 supra
830 766 1126 821 essentiam
1157 764 1373 829 dicitur,
1401 771 1455 817 et
1482 761 1614 829 est),
1640 773 1816 828 quoml

2114 760 2207 813 τοῦ
2240 761 2401 814 καλοῦ
2428 762 2522 815 καὶ
2554 759 2779 829 ἀγαθοῦ,
2810 758 3072 829 πρόπολος
3096 758 3152 810 δὲ
3176 752 3333 818 οὖσα,
3364 754 3586 823 καὶτῆς

349 869 505 917 turba
535 861 838 916 daemonum
874 872 981 913 non
1026 856 1230 925 expetit
1278 856 1379 909 hoc
1422 852 1703 923 pulchrum
1728 851 1827 906 etl

2115 852 2295 925 ελικῆς
2318 853 2444 925 περὶ
2464 852 2560 923 τὴν
2606 852 2788 920 ἔφεσιν
2816 849 3050 918 τάγαθοῦ
3096 846 3427 916 ταύτότητος
3458 846 3590 897 ἀπο-

347 970 497 1017 num,
534 953 627 1007 sed
660 951 816 1005 allixa
844 948 1107 1009 materiae,
1146 957 1308 1013 atque
1336 946 1405 1000 ab
1440 943 1529 999 illo
1552 952 1717 1007 statu,
1746 957 1825 1011 qm

2110 948 2343 1006 πωκυία,
2386 943 2567 997 κακῶν
2597 944 2846 996 ἁπάντων
2872 941 3017 994 αἰτία
3038 939 3130 992 καὶ
3156 939 3321 1007 ἑαυτῇ
3344 937 3447 989 καὶ
3470 939 3588 999 τοῖς

348 1044 526 1114 angeli
560 1044 611 1096 in
636 1043 759 1096 boni
794 1041 1126 1111 appetitione
1153 1038 1417 1099 obtinent,
1447 1035 1714 1104 prolapsa,
1744 1050 1824 1089 cat

2111 1055 2182 1100 οις
2227 1037 2435 1105 γίνεται
2456 1036 2522 1099 ⁸⁸,
2554 1035 2654 1088 ὅσα
2706 1031 3035 1086 κακύνεσθαι
3080 1029 3293 1096 λέγεται
3324 1044 3337 1089 ;
3374 1026 3501 1087 πῶς
3526 1026 3589 1077 δὲ

2006 1128 2140 1192 ὅλως
2159 1129 2223 1180 ὲκ
2242 1124 2477 1195 τάγαθοῦ
2518 1124 2795 1197 παραχθὲν
2828 1122 2887 1175 τὸ
2926 1120 3195 1191 δαιμόνιον
3243 1117 3438 1187 φῦλον,
3484 1117 3591 1168 οὐκ

347 1225 489 1280 verti
536 1224 932 1293 depravarique
980 1219 1281 1274 dicuntur?
1306 1228 1397 1272 aut
1446 1216 1715 1285 quomodo
1740 1231 1825 1284 ger

2112 1237 2151 1273 ιν
2200 1218 2509 1287 ἁγαθοειδές
2537 1234 2552 1283 ;
2582 1217 2614 1287 ἢ
2646 1216 2782 1279 πῶς,
2811 1213 3009 1283 ἀγαθὸν
3036 1217 3099 1267 ὲκ
3140 1210 3375 1283 τάγαθοῦ
3425 1226 3590 1281 γεγο-

344 1320 677 1382 Λπδηιοιιιηη,
710 1332 775 1369 ex
799 1314 1018 1369 omnino
1068 1312 1211 1365 bono
1246 1310 1596 1380 productum,
1645 1308 1771 1363 boni
1802 1307 1822 1361 f

2143 1297 2405 1381 ἠλλοιώθη
2432 1327 2446 1374 ;
2476 1310 2569 1363 xui
2593 1308 2645 1362 τί
2677 1308 2739 1361 τὸ
2782 1304 3025 1361 κακῦναν
3063 1303 3212 1364 αὐτὸ,
3247 1301 3340 1354 καὶ
3366 1300 3514 1361 ὅλως
3536 1297 3600 1350 τί

354 1426 438 1464 ma
463 1418 613 1464 caret
638 1408 661 1461 ?
686 1407 767 1462 vel
792 1405 1060 1475 quomodo
1087 1403 1287 1457 bonum
1311 1416 1376 1455 ex
1404 1402 1543 1455 bono
1565 1399 1767 1454 factum
1793 1416 1832 1453 π

2117 1400 2270 1452 κακόν
2299 1402 2413 1452 ἐστι
2442 1415 2456 1463 ;
2489 1399 2582 1451 καὶ¹
2620 1400 2685 1451 ὲκ
2722 1397 2866 1460 τίνος
2899 1394 3074 1466 ἀρχῆς
3131 1393 3356 1462 ὑπέστη,
3389 1390 3493 1444 καὶ
3526 1391 3595 1440 ἐν

353 1512 526 1556 talum
562 1501 691 1556 est?
727 1509 784 1554 et
811 1498 943 1568 quid
992 1504 1076 1551 est
1107 1493 1252 1564 quod
1305 1492 1434 1546 illud
1471 1491 1829 1560 depravavit?

2142 1493 2250 1545 τῶν
2283 1492 2452 1545 ὄντων
2480 1490 2595 1544 ἐστι
2624 1507 2639 1555 ;
2691 1489 2785 1542 καὶ⁸
2832 1487 2949 1552 πῶς
2982 1490 3010 1540 ὁ
3033 1486 3233 1553 ἀγαθὸς
3252 1484 3382 1537 αὐτὸ
3409 1500 3598 1552 παρα-

351 1592 610 1662 quidnam
658 1591 823 1644 etiam
877 1587 1079 1643 malum
1131 1584 1266 1639 est?
1307 1592 1363 1637 et
1385 1598 1450 1636 ex
1496 1597 1603 1651 quo
1650 1582 1829 1652 princi}

2124 1586 2203 1635 εῖν
2233 1581 2537 1654 ἠϐουλήθης
2568 1581 2685 1643 πῶς
2731 1580 2786 1633 δὲ
2838 1577 3117 1649 βουληθεὶς
3153 1573 3390 1645 ⁴Ιγδυνήθη
3422 1590 3438 1637 ;
3472 1567 3599 1625 Καὶ

353 1661 643 1737 constitit?
672 1690 727 1736 et
760 1693 995 1749 quanam
1038 1678 1092 1732 in
1143 1690 1199 1729 re
1226 1673 1497 1728 exsistit?
1539 1682 1593 1726 et
1643 1686 1831 1741 quomd

2120 1676 2148 1740 ξ
2172 1674 2336 1743 ἄλλης
2371 1672 2544 1736 αἰτίας
2573 1672 2633 1724 τὸ
2668 1671 2854 1732 κακὸν,
2873 1669 2953 1733 τίς
2975 1668 3134 1739 ἑτέρα
3149 1669 3256 1729 τοῖς
3281 1661 3400 1717 οὖσι
3433 1663 3596 1732 παρὰ

353 1736 531 1830 bonus
563 1774 691 1827 illud
736 1736 1037 1843 producere
1077 1766 1289 1821 voluit?
1330 1765 1601 1834 quomodo
1650 1736 1778 1819 item
1814 1780 1831 1817 ι

2124 1736 2247 1816 αθὸν
2289 1736 2436 1816 αἰτία
2466 1780 2480 1828 ;
2516 1762 2633 1825 πῶς
2659 1761 2736 1825 δὲ,
2772 1762 2867 1813 καὶ
2890 1736 3149 1830 Προνοέας
3176 1757 3355 1827 οὔσης,
3378 1755 3502 1807 ἔστι
3527 1753 3602 1805 τὸ

356 1867 473 1919 leus
508 1866 680 1934 potuit
708 1866 732 1918 ?
761 1863 911 1930 Quod
947 1862 994 1915 si
1020 1859 1219 1914 malum
1244 1857 1472 1911 exsistat
1499 1870 1561 1910 ex
1591 1855 1695 1909 alia
1718 1870 1834 1910 caus

2123 1854 2260 1924 δν,ἢ
2304 1855 2585 1924 γινόμενον
2636 1852 2791 1915 ὅλως,
2823 1851 2855 1921 ἢ
2908 1849 2986 1922 μὴ
3023 1847 3407 1919 ἀναιρούμενον
3444 1845 3601 1909 ςκαὶ

359 1971 608 2027 quaenam
660 1954 761 2007 alia
806 1966 982 2006 rerum
1027 1962 1192 2003 causa
1245 1957 1350 2011 est,
1404 1955 1600 2015 praeter
1663 1944 1837 2000 bonun

2011 1947 2127 2011 πῶς
2160 1945 2368 2016 ἐφίεταί
2388 1963 2440 1998 τι
2467 1945 2577 1997 τῶν
2594 1944 2763 1996 ὄντων
2789 1939 2954 1995 αὐτοῦ
2983 1939 3131 2011 παρά
3160 1936 3396 2006 τάγαθόν
3424 1952 3439 1998 ;

356 2047 628 2119 quomodo
662 2059 791 2099 vero
831 2043 992 2097 etiam
1024 2049 1274 2095 exstante
1316 2036 1655 2092 Providentia
1681 2045 1764 2091 est
1790 2034 2008 2099 malum,
2038 2049 2128 2091 aut
2164 2036 2383 2093 omnino
2415 2037 2659 2102 factum,
2680 2043 2771 2089 aut
2828 2048 2935 2088 nou
2991 2031 3205 2101 penitus
3266 2026 3551 2082 sublatum
3574 2025 3606 2078 ?

354 2139 624 2212 quomodo
647 2137 808 2193 etiam
846 2149 1031 2189 eorum
1058 2147 1176 2202 qua:
1197 2139 1321 2185 sunt
1344 2128 1621 2200 quidpiam
1646 2142 1756 2197 pne
1784 2128 1926 2182 bono
1954 2128 2086 2182 illud
2120 2127 2325 2198 expetit
2355 2126 2378 2180 ’ἒ

1851 2260 2091 2334 ᾗΧΙΧ.

428 2423 553 2479 Haec
579 2418 813 2475 fortasse
862 2412 1064 2468 dixerit
1089 2409 1181 2478 qui
1212 2408 1314 2461 ista
1368 2403 1662 2476 ignorabit.
1694 2417 1794 2459 nos
1825 2416 1906 2457 au-

2118 2398 2269 2452 ἀῦτα
2299 2397 2395 2468 μὲν
2422 2390 2516 2449 οὖν
2548 2394 2677 2457 ἴσως
2708 2392 2825 2463 ὲρεῑ
2856 2388 3060 2443 τοιόσδε
3084 2389 3126 2421 ⁸⁷
3157 2385 3378 2458 ἀπορῶν
3400 2386 3596 2454 λόγος,

361 2526 471 2570 tem
505 2525 628 2567 eum
674 2504 1012 2575 rogabimus,
1060 2510 1121 2552 ut
1170 2494 1416 2550 attendat
1462 2491 1704 2556 veritati,
1759 2489 1839 2559 idq

2127 2494 2177 2553 ῖς
2213 2488 2269 2542 δὲ
2298 2485 2597 2556 ἀξιώσομεν
2623 2485 2667 2515 ⁸⁸
2693 2483 2851 2536 αὑτὸν
2874 2484 2952 2544 εἰς
2968 2480 3067 2552 τὴν
3095 2480 3205 2533 τῶν
3246 2480 3602 2549 πραγμάτων

365 2605 601 2673 primum
623 2598 806 2652 dicere
833 2608 938 2648 non
973 2588 1321 2644 verebimur:
1351 2583 1547 2638 Malum
1573 2598 1678 2645 non
1700 2595 1824 2637 esse

2125 2583 2273 2634 θειαν
2312 2578 2657 2639 ἀποϐλέπειν,
2710 2575 2802 2628 καὶ
2857 2572 3073 2643 πρῶτόν
3111 2585 3174 2639 γε
3225 2570 3379 2623 τοῦτο
3414 2572 3602 2622 εἰπεῖν

364 2660 507 2751 bono
533 2705 549 2754 ;
581 2702 643 2741 ac
665 2685 708 2739 si
740 2699 807 2738 ex
836 2683 979 2737 bono
1010 2688 1113 2743 est,
1164 2692 1268 2732 nou
1317 2689 1438 2730 esse
1484 2674 1681 2728 malum
1709 2686 1842 2739 λιπες

2124 2668 2528 2742 βρησιασόμεθα·
2561 2667 2634 2718 Τὸ
2662 2665 2845 2743 κακὸν.
2863 2663 2961 2717 ούκ
2990 2661 3133 2714 ἔστιν
3160 2663 3224 2713 ὲκ
3252 2660 3496 2728 τάγαθοῦ
3527 2662 3602 2724 θ’,

319 2814 323 2820 ι
364 2781 509 2836 enim
533 2776 671 2847 ignis
705 2784 789 2831 est
824 2773 1172 2840 refrigerare,
1226 2781 1398 2836 neque
1444 2765 1568 2819 boui
1619 2763 1797 2817 facere

2150 2758 2197 2809 ei
2232 2757 2296 2808 ὲκ
2324 2752 2556 2822 τάγαθοῦ
2590 2754 2759 2814 ἐστιν,
2797 2752 2856 2803 οῦ
2889 2750 3085 2803 κακόν·
3116 2749 3235 2801 οὐδὲ
3271 2749 3381 2819 γὰρ
3420 2750 3605 2820 πυρὸς

362 2874 524 2925 bona.
552 2867 609 2924 Si
646 2866 809 2921 etiam
845 2878 906 2918 ea
944 2839 1063 2930 qua:
1093 2867 1243 2922 sunt,
1298 2855 1477 2911 omnia
1523 2869 1592 2908 ex
1633 2852 1774 2907 bono
1803 2868 1840 2907 ει

2127 2845 2321 2916 ιιύχειν,
2356 2843 2478 2897 οὔτε
2517 2842 2719 2911 ἀγαθοῦ
2744 2841 2805 2894 τὸ
2830 2840 2902 2911 μὴ
2923 2839 3134 2908 τάγαθά
3159 2840 3450 2909 παράγειν.
3486 2841 3605 2892 Καὶ

364 2968 580 3034 (natura
634 2958 779 3014 enim
830 2929 971 3010 boni,
998 2961 1102 3014 est,
1156 2948 1455 3018 producere
1482 2954 1536 2999 et
1563 2958 1842 2999 conservat

2128 2937 2174 2990 τὰ
2212 2936 2339 2989 ὄντα
2370 2936 2546 2989 πάντα
2570 2936 2635 2987 ὲκ
2657 2929 2891 3001 τάγαθοῦ
2917 2972 2931 2995 ,
2963 2930 3144 3000 (φύσις
3172 2930 3278 3000 γὰρ
3302 2930 3379 2999 τῷ
3401 2932 3606 3001 ἀγαθῷ

348 1130 435 1189 e's't
462 1134 722 1189 malorum
749 1132 986 1187 omnium
1015 1142 1122 1185 tam
1144 1129 1244 1183 sibi
1272 1143 1429 1197 quam
1473 1127 1616 1191 aliis,
1645 1143 1761 1195 quae
1786 1142 1909 1195 per-

366 3052 493 3106 mali
520 3059 727 3113 autem,
778 3058 1125 3111 corrumpere
1156 3055 1218 3094 ac
1249 3036 1530 3108 perdere),
1572 3034 1703 3089 nihil
1737 3049 1925 3091 eorum

365 3159 487 3214 qua:
513 3150 639 3197 sunt
660 3155 728 3194 ex
755 3137 898 3193 malo
929 3143 1034 3197 est,
1058 3149 1123 3187 ac
1150 3146 1216 3186 ne
1239 3132 1416 3199 ipsum
1452 3127 1669 3195 quidem
1724 3126 1927 3180 malum

366 3237 494 3300 erit,
526 3231 790 3302 siquidem
836 3228 1001 3282 etiam
1026 3224 1126 3278 sibi
1159 3221 1357 3276 malum
1404 3226 1568 3274 esset.
1621 3216 1773 3283 Quod
1824 3217 1928 3272 nisi

371 3325 442 3379 ita
476 3326 569 3388 sit,
617 3319 818 3376 malum
868 3316 1086 3372 omnino
1117 3313 1317 3369 malum
1360 3326 1468 3364 non
1494 3309 1614 3371 erit,
1645 3310 1737 3364 sed
1768 3310 1930 3363 habet

369 3413 661 3485 quamdam
687 3409 835 3473 boni,
888 3407 1185 3461 secundum
1218 3418 1382 3473 quam
1413 3404 1639 3469 omnino
1663 3409 1769 3465 est,
1802 3415 1930 3470 par-

372 3516 501 3561 tem.
527 3504 593 3557 Et
619 3501 668 3556 si
692 3516 755 3555 ea
782 3513 901 3569 qua:
929 3505 1055 3552 sunt
1100 3495 1381 3565 pulchrum
1420 3495 1730 3561 bonumque
1770 3505 1932 3560 appe—

372 3606 513 3663 tunt,
539 3605 945 3664 etquaecunque
981 3595 1165 3658 agunt,
1199 3596 1420 3657 propter
1453 3586 1504 3639 id
1547 3585 1691 3654 quod
1731 3585 1930 3638 bonum

372 3691 609 3754 videtur,
659 3686 888 3749 faciunt,
939 3681 1227 3750 omnisque
1287 3694 1469 3733 rerum
1530 3677 1759 3732 intentio
1809 3691 1931 3731 cum

374 3778 700 3849 principium
733 3766 858 3830 'tum
905 3774 1065 3828 ﬁnem
1116 3774 1313 3825 bonum
1344 3776 1552 3838 spectat
1580 3766 1736 3836 (nihil
1765 3768 1931 3831 enim,

375 3868 501 3926 mali
547 3877 799 3921 naturam
849 3860 1165 3930 spectando,
1206 3858 1337 3912 facit
1360 3871 1422 3911 ea
1447 3871 1567 3925 qum
1600 3855 1772 3924 facit),
1796 3869 1932 3925 quo-

376 3976 501 4015 nam
525 3968 686 4030 pacto
711 3957 818 4011 erit
850 3953 1047 4009 malum
1076 3952 1126 4004 iu
1154 3965 1333 4004 rerum
1368 3960 1580 4012 natura,
1607 3949 1689 4002 vel
1714 3948 1935 4001 omnino

374 4051 600 4105 exsistat
620 4043 946 4117 ejuscemodi
967 4042 1091 4095 boni
1115 4040 1351 4109 appetitu
1376 4037 1728 4092 destitutum?
1755 4037 1938 4090 Enim-

2025 3029 2087 3084 τὸ
2109 3032 2375 3099 παράγειν
2413 3028 2508 3082 καὶ
2538 3026 2727 3092 σώζειν
2752 3044 2766 3057 ·
2798 3025 2874 3096 τῷ
2897 3026 2951 3078 δὲ
2970 3025 3121 3095 κακῷ
3143 3026 3201 3078 τὸ
3225 3026 3470 3097 φθείρειν
3502 3030 3605 3078 καί

2027 3120 2338 3189 dimittit-2w.)
2386 3118 2536 3172 οὐδέν
2578 3120 2692 3171 ἐστι
2746 3117 2854 3170 τῶν
2878 3117 3043 3169 ὅντων
3073 3118 3136 3169 ἐκ
3156 3117 3246 3170 τοῦ
3268 3118 3438 3170 κακοῦ
3459 3136 3473 3147 ο
3504 3121 3607 3171 καὶ

2028 3214 2148 3269 οὐδὲ
2182 3214 2312 3267 αὐτὸ
2341 3213 2493 3266 ἔσται
2517 3211 2561 3242 ⁷⁸
2594 3212 2655 3263 τὸ
2679 3210 2865 3272 κακὸν,
2909 3209 3064 3280 εἴπερ
3106 3210 3199 3262 καὶ
3220 3209 3392 3279 ἐαυτῷ
3424 3212 3609 3262 κακὸν

2029 3308 2134 3379 εἴη.
2169 3307 2279 3359 Καὶ
2327 3306 2375 3358 εἰ
2412 3304 2486 3376 μὴ
2540 3303 2715 3367 τοῦτο,
2767 3302 2825 3354 ού
2873 3301 3044 3369 πάντη
3099 3300 3265 3353 κακὸν
3298 3299 3361 3353 τὸ
3402 3302 3609 3365 κακὸν,

2030 3400 2143 3453 ἀλλ’
2178 3399 2291 3468 ἔχει
2320 3397 2441 3449 τινά
2464 3393 2722 3463 τάγαθοῦ,
2752 3393 2874 3445 καθ’
2906 3392 2969 3461 ἣν
3013 3391 3147 3455 ὅλως
3190 3392 3326 3455 ἐστὶ,
3377 3394 3605 3463 μοῖραν.

2030 3493 2139 3545 Καὶ
2168 3493 2215 3543 εἰ
2239 3490 2305 3542 τὰ
2336 3489 2462 3542 ὄντα
2503 3487 2597 3539 τοῦ
2637 3484 2797 3538 καλοῦ
2844 3485 2934 3536 καὶ
2980 3481 3183 3551 ἀγαθοῦ
3235 3482 3465 3551 ἐφίεται,
3505 3486 3607 3536 καὶ

2032 3584 2206 3637 πάντα
2242 3583 2342 3635 ὅσα
2370 3583 2512 3634 ποιεῖ
2542 3578 2626 3631 διὰ
2652 3578 2712 3630 τὸ
2731 3575 2921 3629 δοκοῦν
2946 3574 3146 3643 ἀγαθὸν
3185 3577 3345 3637 ποιεῖ,
3371 3575 3467 3625 καὶ
3494 3576 3607 3636 πᾶς

2030 3680 2060 3732 ὁ
2086 3676 2194 3729 τῶν
2243 3675 2408 3728 ὄντων
2443 3672 2641 3734 σκοπὸς
2680 3670 2851 3741 ἀρχὴν
2881 3670 2992 3739 ἕχει
3032 3669 3126 3721 καὶ
3162 3666 3311 3730 τέλος
3339 3667 3609 3734 τάγαθὸν,

2035 3770 2205 3841 (οὐδὲν
2229 3769 2270 3799 ⁷¹
2296 3765 2425 3838 γὰρ,
2477 3766 2555 3828 εἰς
2583 3764 2680 3834 τὴν
2717 3762 2810 3815 τοῦ
2856 3760 3026 3814 κακοῦ
3068 3760 3229 3831 φύσιν
3267 3759 3609 3818 ἀποϐλέπον.

2034 3862 2176 3914 ποιεῖ
2202 3858 2238 3912 ἀ
2267 3856 2458 3925 ποιεῖ’)
2484 3846 2601 3919 πῶς
2642 3854 2793 3906 ἔσται
2822 3853 2885 3905 τὸ
2924 3852 3091 3905 κακὸν
3127 3854 3185 3905 ὲν
3226 3853 3339 3914 τοῖς
3367 3847 3539 3911 οὖσιν,
3564 3854 3605 3923 ἦ

2032 3950 2167 4013 ὅλως
2192 3948 2252 4001 ὃν
2278 3948 2377 4018 τῆς
2402 3945 2655 4016 τοιαύτης
2701 3942 2910 4011 ἀγαθῆς
2953 3940 3181 4012 ὀρέξεως
3200 3941 3245 3971 ⁷⁸
3274 3941 3604 4011 παρῃρημέ-

2035 4058 2166 4106 νον;
2204 4039 2314 4092 Καὶ
2338 4040 2385 4091 ει
2415 4036 2483 4089 τὰ
2513 4036 2638 4088 ὄντα
2684 4034 2859 4086 πάντα
2896 4034 2961 4084 ὲκ
2984 4030 3242 4099 τάγαθοῦ,
3285 4030 3382 4082 καὶ
3426 4032 3604 4097 τάγα-

377 4154 508 4194 vero
536 4138 697 4207 si_res
723 4149 913 4189 omnes
941 4148 1003 4187 ex
1034 4133 1175 4186 bono
1200 4133 1330 4190 sint,
1374 4129 1680 4196 bonumque
1729 4126 1800 4181 sit
1842 4141 1855 4180 ε

2147 4132 2191 4162 ⁷³
2216 4130 2467 4183 ἐπέκεινα
2506 4127 2613 4180 τῶν
2658 4125 2844 4188 ὄντων,
2892 4123 3007 4175 ἔστι
3057 4123 3151 4192 μὲν
3181 4123 3237 4174 ὲν
3260 4121 3485 4191 τάγαθῷ
3515 4123 3607 4174 καὶ

379 4246 474 4299 pra
503 4245 592 4284 res
622 4229 791 4297 ipsas,
823 4225 874 4279 id
922 4222 1064 4292 quod
1114 4237 1221 4274 non
1270 4229 1376 4282 est,
1428 4219 1543 4287 jam
1578 4220 1630 4272 in
1667 4217 1807 4272 bono
1830 4232 1857 4271 e

2128 4222 2199 4293 μὴ
2225 4220 2303 4283 ὃν,
2333 4220 2391 4273 ὃν
2412 4236 2426 4249 ·
2458 4218 2518 4270 τὸ
2541 4216 2597 4269 δὲ
2636 4215 2803 4269 κακὸν
2836 4212 2958 4265 οὔτε
2982 4213 3040 4265 ὃν
3062 4215 3223 4264 ἐστιν·
3260 4214 3308 4264 εἰ
3332 4211 3390 4263 δὲ
3416 4211 3516 4283 μὴ,
3544 4213 3603 4263 οὗ

381 4324 579 4378 malum
622 4335 756 4375 vero
779 4332 1124 4388 nequaquam
1153 4324 1232 4370 est
1261 4331 1277 4381 ;
1305 4315 1550 4383 alioquin
1585 4328 1688 4367 non
1715 4321 1797 4367 est
1823 4328 1855 4381 p

2129 4281 2213 4383 βτῆ
2240 4281 2402 4365 κακὸν
2442 4308 2564 4362 οὔτε
2617 4308 2689 4379 μὴ
2727 4306 2813 4359 ὅνο
2847 4306 2996 4358 οὐδὲν
3040 4304 3148 4375 γὰρ
3187 4303 3333 4357 ἔσται
3361 4303 3424 4356 τὸ
3453 4281 3607 4357 καθό-

383 4425 452 4465 ne
484 4408 708 4471 malum,
754 4423 856 4461 nec
880 4407 933 4460 id
962 4405 1104 4475 quod
1132 4419 1237 4459 non
1281 4412 1403 4469 est;
1438 4402 1568 4457 nihil
1591 4402 1734 4457 enim
1756 4402 1858 4456 erit

2130 4428 2132 4447 ι
2168 4402 2239 4474 μὴ
2265 4402 2343 4464 ὃν,
2374 4403 2420 4453 εἱ
2460 4398 2533 4470 μὴ
2576 4400 2633 4451 ἐν
2668 4394 2886 4466 τάγαθῷ
2913 4394 3051 4448 κατά
3082 4394 3141 4447 τὸ
3169 4394 3495 4464 ύπερούσιον
3531 4394 3608 4446 λέ-

382 4500 525 4571 quod
571 4497 798 4553 omnino
850 4510 956 4550 non
1013 4504 1137 4559 est,
1197 4493 1298 4548 nisi
1356 4492 1651 4547 secundum
1719 4492 1860 4546 modi

2130 4507 2205 4543 το.
2238 4488 2283 4519 ⁷⁸
2304 4489 2377 4539 Τὸ
2408 4487 2505 4557 μὲν
2526 4482 2617 4539 οῦν
2642 4484 2839 4552 ἀγαθὸν
2867 4482 3021 4536 ἔσται
3047 4484 3139 4535 καὶ
3182 4481 3274 4534 τοῦ
3321 4483 3513 4546 ἁπλῶς
3533 4484 3608 4535 δν-

384 4590 672 4662 quemdam
717 4585 1223 4656 supraessentialem
1266 4584 1323 4647 in
1352 4584 1492 4637 bono
1541 4597 1664 4637 esse
1702 4582 1936 4636 dicatur.

384 4687 588 4740 Bonum
619 4683 780 4753 igitur
827 4683 948 4744 erit,
1005 4688 1059 4735 et
1109 4694 1175 4735 eo
1216 4680 1358 4750 quod
1403 4678 1623 4732 omnino
1660 4687 1763 4743 est,
1795 4685 1848 4731 et
1877 4690 1942 4731 eo

385 4780 527 4849 quod
557 4777 720 4849 365
745 4793 847 4833 non
885 4786 989 4842 est,
1018 4775 1188 4831 multo
1214 4775 1363 4845 prius
1408 4785 1464 4829 et
1504 4774 1749 4843 superius
1795 4772 1945 4825 loca-

390 4883 522 4926 tum.
541 4869 734 4924 Malum
759 4879 937 4922 autem
962 4884 1059 4923 nec
1081 4868 1133 4922 iu
1160 4866 1225 4920 iis
1242 4875 1325 4920 est
1355 4880 1474 4934 quae
1500 4874 1645 4929 sunt,
1666 4878 1763 4917 nec
1794 4862 1846 4915 in
1881 4862 1945 4915 iis

388 4977 507 5032 qua:
556 4976 662 5015 non
720 4968 865 5024 sunt,
898 4957 992 5013 sed
1021 4956 1269 5012 eoetiam
1320 4952 1463 5024 quod
1495 4967 1601 5007 non
1628 4960 1732 5014 est,
1766 4963 1947 5004 remo-

391 5054 498 5105 tius
524 5063 605 5106 est
633 5068 661 5104 a
693 5052 853 5115 bono,
880 5060 1135 5120 tanquam
1196 5048 1428 5102 alienum
1503 5059 1568 5099 ac
1595 5044 1775 5099 minus
1824 5055 1942 5095 ens.

393 5138 547 5193 Unde
569 5141 725 5209 igitur
752 5151 839 5195 est
866 5138 1062 5194 malum
1093 5139 1117 5192 ?
1146 5139 1288 5192 dicet
1312 5135 1529 5205 aliquis.
1564 5132 1622 5187 Si
1654 5131 1800 5185 enim
1823 5144 1941 5183 ma-

2040 4596 2131 4642 τος
2151 4579 2243 4631 καὶ
2271 4576 2363 4630 τοῦ
2399 4576 2471 4647 μὴ
2492 4576 2641 4639 ὄντος
2666 4572 2842 4643 πολλῷ
2868 4573 3129 4643 πρότερον
3157 4571 3419 4642 ύπεριδρυ
3427 4573 3604 4643 μένον.

2047 4670 2120 4723 Τὸ
2158 4671 2213 4723 δὲ
2242 4669 2407 4722 κακὸν
2444 4667 2564 4720 οὗτε
2595 4669 2651 4719 ὲν
2687 4669 2799 4729 τοῖς
2847 4660 3014 4726 οὖσιν,
3045 4662 3167 4717 οὔτε
3194 4665 3253 4717 ὲν
3292 4668 3407 4727 τοῖς
3425 4666 3501 4735 μὴ
3529 4662 3608 4719 οὗ·

2048 4779 2150 4825 σιν,
2184 4760 2317 4813 ἀλλὰ
2351 4760 2445 4813 καὶ
2472 4757 2634 4811 αὑτοῦ
2665 4757 2710 4788 ⁷⁸
2738 4754 2830 4808 τοῦ
2864 4754 2937 4825 μὴ
2978 4754 3126 4817 ὄντος
3178 4753 3377 4824 μᾶλλον
3408 4757 3609 4826 ἀπέχον

2046 4850 2302 4919 τάγαθοῦ,
2335 4848 2608 4919 ἀλλότριον
2633 4847 2681 4878 ⁷⁸
2716 4845 2811 4899 καὶ
2855 4843 3260 4913 ἀνουσιὼτερον.
3302 4845 3478 4897 Πόθεν
3518 4843 3609 4898 οὖν

2047 4944 2162 4994 ἐστι
2182 4941 2243 4993 τὸ
2270 4938 2434 4992 κακόν
2462 4953 2475 5001 ;
2507 4936 2647 4989 εἴποι
2672 4951 2771 4997 τις.
2801 4934 2865 4986 Εἰ
2887 4932 2994 5004 γὰρ
3031 4932 3104 5003 μὴ
3151 4932 3264 4985 ἐστι
3308 4933 3370 4985 τὸ
3420 4936 3604 4997 κακὸν,

2050 5031 2215 5103 ἀρετὴ
2249 5031 2341 5084 καὶ
2382 5028 2548 5082 κακία
2574 5025 2791 5086 ταύτὸν,
2840 5025 2935 5076 καὶ
2967 5026 3000 5093 ή
3034 5025 3179 5076 πᾶσα
3211 5026 3276 5093 τῇ
3306 5024 3424 5097 ὅλῃ,
3456 5026 3551 5078 καὶ
3575 5029 3607 5095 ἡ

2048 5126 2105 5175 ὲν
2128 5123 2280 5193 μέρει
2301 5124 2367 5191 τῇ
2390 5117 2687 5189 ἀναλόγῳ⁷⁷
2705 5133 2719 5147 ⁸
2757 5115 2792 5186 ἢ
2819 5115 2939 5167 οὐδὲ
2966 5114 3026 5168 τὸ
3044 5117 3123 5185 ’τῇ
3168 5116 3335 5185 ἀρετῇ
3378 5116 3610 5186 μαχόμε-

1645 5303 1878 5363 V'ARl/E
1912 5297 2312 5357 LECTIONES.

463 5474 510 5506 “
541 5476 598 5528 ὲν
623 5471 819 5542 ἑαυτῷ,
854 5471 910 5527 S.
950 5471 1009 5542 ξ).
1086 5471 1131 5542 ’ἒ
1159 5470 1396 5542 γίνεται,
1408 5484 1521 5542 non
1550 5477 1631 5523 est
1663 5466 1803 5542 in__S.

395 5543 511 5609 θοῦ,
548 5544 606 5597 ι).
706 5537 917 5606 "em,
948 5540 1005 5595 S.
1081 5537 1282 5593 τίούδέ.
1379 5538 1423 5570 ⁷³
1442 5537 1625 5603 ἕξεως.

1720 5536 1768 5567 ⁷³
1793 5536 1883 5589 καὶ
1910 5533 1971 5586 τὸ
1993 5533 2192 5601 ἀγαθόν
2217 5571 2233 5596 ,
2271 5531 2337 5583 Μ.

1988 5465 2029 5495 ’τ
2053 5463 2207 5526 αὐτὸς
2228 5461 2305 5523 δέ,
2342 5458 2411 5513 M.
2430 5457 2474 5488 ⁸⁸
2494 5455 2573 5510 sic
2596 5453 2655 5509 S.
2675 5450 2924 5574 Putro...
2949 5462 3143 5530 σωμεν.
3169 5448 3214 5480 α’
3239 5450 3304 5502 ὲκ
3346 5451 3442 5504 τοῦ
3470 5452 3605 5519 ἀγα-

1993 5533 2192 5590 ἀγαθόν
2217 5571 2233 5590 ,
2271 5531 2337 5583 Μ.
2432 5528 2479 5558 ’⁵
2513 5526 2598 5579 hic
2652 5525 2703 5575 in
2783 5562 2796 5577 .
2832 5532 3124 5590 quaternio
3166 5524 3353 5574 deerat
3384 5563 3399 5585 ,
3447 5536 3603 5590 quem

2432 5528 2479 5558 ’⁵
2513 5526 2598 5579 hic
2652 5525 2703 5575 in
2729 5519 2796 5577 M.
2832 5519 3123 5589 quaternio
3166 5524 3353 5574 deerat
3384 5563 3399 5585 ,
3447 5536 3603 5589 quem

397 5587 754 5693 paginmnltiﬂc
783 5587 1181 5681 qunatitordccim
1206 5587 1655 5677 complectuntur.
1730 5606 1778 5685 τ’
1797 5587 2011 5669 τούτου,
2180 5587 2231 5633 τί
2255 5604 2309 5655 In
2342 5600 2400 5655 S.
2434 5595 2494 5651 ιι.
2551 5591 2645 5647 Sc.
2710 5587 2861 5645 deest
2889 5592 2987 5645 hoc
3019 5587 3259 5642 verbum.
3336 5593 3379 5623 "
3409 5587 3477 5663 τῇ
3506 5589 3606 5643 ὰνά

399 5679 571 5742 λόγον.
600 5682 656 5737 S.
686 5679 747 5737 P.
