3752 6306
160 338 264 396 747

1209 339 1297 393 DE
1330 336 1584 395 DIVINIS
1614 338 2010 405 NOMINIBUS,
2066 341 2217 396 CAP.
2253 340 2341 399 IV.

3278 355 3378 409 718

150 476 244 514 νον
264 459 421 511 ἔσται
456 457 643 512 κακόν.
674 458 864 511 Καίτοι
900 455 1116 509 ὲναντία
1145 455 1460 527 σωφροσύνη
1481 458 1573 509 καὶ
1600 458 1674 509 ἀκ

1823 462 1929 516 lum
1965 477 2071 515 non
2098 471 2204 526 est,
2227 462 2398 516 virtus
2436 471 2492 517 et
2526 462 2717 518 vitium
2776 464 2920 520 idem
2978 476 3106 521 sunt
3130 468 3377 539 (propor-

151 554 330 615 λασία.
354 554 453 607 καὶ
479 551 783 621 δικαιοσύνη
807 550 901 603 καὶ
933 548 1131 603 ἀδικία.
1163 549 1270 601 Καὶ
1297 547 1357 599 οὑ
1388 547 1553 617 δήπου
1577 547 1717 600 κατά

151 647 241 699 τὸν
264 646 476 699 δίκαιον
518 644 611 697 καλ⁵
640 642 730 695 τὸν
768 640 948 695 ἄδικόν
996 656 1158 709 φημι,
1185 638 1278 692 καὶ
1313 638 1406 691 τὸν
1462 638 1717 709 σώφρονα

150 735 245 787 καὶ
268 734 359 787 τὸν
388 734 704 787 ἀκόλαστον·
733 730 865 785 ἀλλὰ
886 730 978 784 καὶ
1004 728 1109 800 πρὸ
1133 729 1228 798 τῆς
1256 726 1359 792 ἔξω
1387 728 1716 799 φαινομένης

146 826 242 878 τοῦ
270 824 529 897 ἐναρέτου
579 823 712 894 πρὸς
756 821 847 875 τὸν
891 819 1261 889 ἀντικείμενον
1304 818 1631 882 διαστάσεως
1657 820 1714 872 ὲν

154 918 285 988 αὐτῇ
338 915 521 986 πολλῷ
568 915 827 987 πρότερον
860 916 925 984 τῇ
968 912 1111 983 ψυχῇ
1154 910 1375 964 καθόλου
1400 911 1713 982 διεστήκασι

156 1007 256 1060 τῶν
281 1007 493 1076 ἀρετῶν
520 1006 577 1059 αἱ
602 1004 807 1065 κακίαι,
848 1005 941 1058 καὶ⁸
982 1004 1117 1075 πρὸς
1154 1003 1244 1056 τὸν
1285 1002 1436 1071 λόγον
1462 1002 1530 1056 τά
1566 1002 1711 1069 πάθη

154 1100 450 1163 στασιάζει,
478 1099 572 1151 καὶ
592 1100 656 1150 ὲκ
681 1096 882 1150 τούτων
908 1097 953 1128 ⁷⁸
980 1098 1189 1168 ἀνάγκη
1216 1096 1396 1150 δοῦναί
1411 1114 1463 1150 τι
1486 1096 1561 1167 τῷ
1584 1100 1715 1166 ἀγα-

151 1190 226 1260 θῷ
251 1189 424 1244 κακὸν
444 1189 705 1243 ἐναντίον.
736 1189 809 1241 Οὐ
836 1188 944 1260 γὰρ
968 1186 1143 1257 ἑαυτῷ
1176 1188 1407 1255 τάγαθὸν
1449 1189 1709 1251 ἐναντίον,

152 1282 259 1341 ἀλλ’
290 1282 369 1345 ὡς
402 1280 515 1334 ἀπὸ
542 1281 669 1349 μιᾶς
709 1279 900 1349 ἀρχῆς,
929 1279 1023 1331 καὶ
1055 1278 1172 1341 ἑνὸς
1204 1277 1421 1347 ἔκγονον
1448 1279 1493 1310 ⁷⁹
1516 1278 1709 1343 αίτίου,

150 1369 419 1440 κοινωνία,
445 1369 542 1421 καὶ
567 1368 796 1439 ὲνότητι,
827 1368 920 1421 καὶ
951 1366 1102 1437 φιλία
1125 1366 1320 1437 χαίρει.
1362 1366 1470 1419 Καὶ
1506 1367 1627 1419 οὐδὲ
1652 1366 1712 1420 τὸ

149 1463 359 1515 ἔλαττον
394 1458 620 1527 ἀγαθὸν,
653 1459 731 1529 τῷ
778 1458 981 1530 μείζονι
1031 1457 1297 1511 ἐναντίον·
1337 1455 1459 1509 οὔτε
1506 1456 1611 1529 γὰρ
1650 1457 1711 1510 τὸ

145 1549 301 1624 ἧττον
333 1552 540 1625 θερμὸν
572 1553 606 1622 ἢ
630 1550 832 1621 ψυχρὸν
878 1548 955 1619 τῷ
1007 1548 1207 1602 πλείονι
1238 1548 1495 1602 ἐναντίον.
1523 1548 1710 1602 Ἔστιν

146 1639 233 1696 οὖν
262 1646 452 1706 ἐντοῖς
481 1639 621 1705 οὖσι,
656 1642 750 1694 καὶ
788 1640 848 1692 ὅν
899 1640 1032 1701 ἐστι,
1082 1638 1175 1692 καὶ
1218 1638 1571 1691 ἀντιτέθειται
1617 1639 1709 1692 καὶ

148 1732 466 1801 ἡναντίωται
491 1728 713 1798 τάγαθῷ
739 1727 800 1780 τὸ
821 1725 1004 1780 κακόν.
1049 1726 1157 1777 Καὶ
1185 1724 1440 1795 εἶ’φθορά
1466 1725 1579 1776 ἐστι
1600 1723 1707 1775 τῶν

1820 553 1964 607 tione
1983 552 2191 605 scilicet
2235 553 2399 606 totius
2422 553 2488 607 ad
2520 562 2714 619 totum,
2742 563 2795 609 et
2817 557 2987 625 partis
3010 559 3077 611 ad
3107 564 3374 629 partem),

1816 651 1910 695 aut
1936 642 2127 697 saltem
2161 642 2213 695 id
2256 643 2401 711 quod
2460 644 2642 698 virtuti
2694 656 2960 715 repugnat
2994 664 3099 702 non
3127 651 3233 704 erit
3263 669 3375 705 ma-

1817 731 1946 785 lum.
1978 733 2139 801 Atqui
2193 734 2462 787 contraria
2516 744 2641 789 sunt
2702 741 3055 806 temperantia
3086 751 3144 795 et
3174 743 3371 798 intem-

1814 824 2085 887 perantia,
2135 823 2345 891 justitia
2395 836 2449 877 et
2507 824 2791 891 iniustitia.
2849 826 3033 898 Neque
3089 846 3218 887 vero
3250 834 3372 890 dico

1814 912 1934 968 illus
1962 927 2084 967 esse
2121 914 2442 978 contrarias,
2486 914 2537 969 in
2572 929 2829 985 quantum
2859 922 3124 989 prodeunt
3156 938 3183 976 a
3222 925 3372 992 Iusto

1813 1014 1867 1059 et
1898 1005 2114 1071 injuste,
2141 1015 2196 1059 et
2236 1021 2265 1058 a
2316 1017 2652 1077 temperante
2698 1019 2859 1079 atque
2925 1013 3367 1084 intemperante;

1814 1109 2000 1148 verum
2030 1095 2193 1148 etiam
2245 1097 2393 1163 prius
2440 1113 2603 1167 quam
2647 1100 2746 1153 viri
2796 1100 2948 1169 probi
2998 1103 3066 1158 ab
3121 1106 3368 1176 improbo

1811 1184 2171 1253 discrepantia
2205 1186 2337 1242 foris
2385 1188 2816 1260 appareat,'jam
2850 1195 2899 1247 in
2953 1197 3068 1262 ipso
3119 1200 3301 1253 animo
3332 1216 3365 1254 α

1812 1276 2102 1331 virtutibus
2145 1279 2274 1333 vitia
2329 1280 2664 1350 discrepant,
2686 1293 2742 1338 et
2790 1300 2819 1338 a
2866 1287 3073 1341 ratione
3103 1290 3370 1346 dissident

1812 1366 2247 1435 perturbationes
2281 1385 2296 1434 ;
2330 1381 2657 1440 quapropter
2708 1377 3017 1430 necessario
3058 1380 3367 1434 conceden—

1811 1456 1937 1509 dum
1974 1466 2080 1521 est,
2133 1458 2331 1512 malum
2386 1459 2601 1528 aliquod
2651 1475 2771 1516 esse
2828 1464 2969 1519 bono
3007 1467 3364 1520 contrarium.

1809 1546 1992 1616 Neque
2013 1548 2154 1602 enim
2187 1550 2285 1604 sibi
2336 1550 2532 1605 bonum
2580 1553 2914 1607 contrarium
2945 1563 3049 1618 est,
3082 1556 3177 1609 sed
3214 1567 3273 1610 ut
3297 1557 3371 1617 ab,

1809 1656 1916 1695 uno
1964 1641 2229 1710 principio
2279 1656 2494 1710 unaque
2538 1659 2701 1697 caiisa
2757 1646 3057 1713 profectum
3119 1663 3365 1702 commu-

1810 1732 1989 1795 nione,
2042 1731 2439 1801 conjunctione,
2494 1733 2843 1804 amicitiaque
2905 1740 3120 1807 gaudet.
3180 1736 3387 1807 Neque

146 1826 327 1889 ὄντων,
382 1825 487 1877 οὐκ
542 1822 789 1876 ἐκϐάλλει
857 1820 1011 1872 τοῦτο
1080 1817 1176 1871 τοῦ
1224 1812 1360 1870 εἶναι
1410 1816 1472 1869 τὺ
1519 1814 1674 1869 κακὸι

1807 1821 1969 1876 etiam
1992 1821 2168 1876 minus
2199 1823 2398 1876 bonum
2426 1823 2609 1891 majori
2637 1827 2957 1880 adversatur
2985 1844 3000 1892 ;
3031 1829 3154 1896 quia
3188 1844 3365 1899 neque

145 1918 253 1971 ἀλλ’
300 1917 455 1970 ἔσται
510 1916 605 1968 καὶ
633 1914 761 1967 αὐτὸ
782 1910 862 1976 δν,
892 1911 983 1964 καὶ
1015 1910 1181 1963 ὄντων
1213 1908 1606 1978 γενεσιουργόν.
1636 1908 1674 1958 Ἰ

1810 1911 1861 1965 id
1899 1913 2039 1980 quod
2071 1914 2247 1967 minus
2271 1913 2506 1968 calidum
2538 1924 2629 1969 aut
2660 1916 2917 1986 frigidum
2940 1928 3043 1983 est,
3071 1921 3239 1989 magis
3268 1937 3365 1975 ca-

144 2015 257 2085 οὐχὶ
290 2015 550 2077 πολλάκις
574 2015 605 2085 ἡ
629 2011 781 2066 τοῦδε
817 2009 990 2081 φθορὰ
1017 2007 1171 2061 τοῦδε
1195 2006 1436 2075 γίγνεται
1457 2005 1666 2073 γένεσις

1807 2001 1914 2055 lido
1939 2001 2197 2070 frigidove
2226 2004 2613 2060 contrariatur.
2667 2004 2763 2059 Est
2791 2008 2954 2076 igitur
2978 2009 3029 2063 in
3054 2025 3236 2064 rerum
3265 2026 3361 2064 tta-

146 2105 248 2162 Καὶ
268 2106 418 2157 ἔσται
437 2104 499 2157 τὸ
534 2102 700 2155 κακὸν
725 2103 803 2164 είς
835 2099 931 2170 τὴν
964 2098 1056 2151 τοῦ
1097 2095 1291 2159 παντὸς
1318 2095 1671 2165 συμπλήρωσι

1803 2100 1945 2155 tura,
1995 2099 2182 2162 estque
2240 2093 2463 2163 aliquid,
2494 2105 2549 2151 et
2575 2100 2865 2165 opponitur
2908 2109 3071 2169 atque
3098 2101 3359 2155 adversa-

145 2195 444 2259 συντελοῦν,
486 2195 581 2249 καὶ
616 2193 695 2264 τῷ
734 2192 838 2263 ὅλῳ
862 2191 922 2243 τὸ
958 2189 1033 2262 μὴ
1080 2188 1265 2250 ἀτελὲς
1290 2182 1427 2239 εἶναι
1456 2185 1521 2237 δι’
1540 2185 1674 2238 ἑαυτι

1802 2188 1892 2234 tur
1924 2179 2065 2235 bono
2104 2182 2323 2238 malum.
2355 2184 2419 2238 Et
2443 2193 2558 2239 esto
2606 2188 2882 2255 corruptio
2911 2189 2984 2243 sit
3008 2204 3214 2253 rerum,
3248 2205 3357 2243 non

145 2286 535 2356 παρεχόμενον.

1799 2281 1976 2326 tamen
2007 2274 2112 2327 hoc
2133 2275 2347 2343 penitus
2393 2277 2722 2332 exterminat
2767 2278 2963 2332 malum
2987 2294 3017 2333 e
3047 2294 3226 2333 rerum
3253 2295 3354 2331 ua-

144 2353 406 2438 ευτἠζὲέιι
428 2375 538 2428 erit
576 2372 703 2427 illud
728 2371 892 2426 etiam
919 2367 1141 2437 aliquid,
1172 2376 1226 2422 et
1261 2365 1328 2420 ad
1359 2378 1536 2419 rerum
1589 2362 1831 2417 conferet
1890 2363 2313 2430 generationem.
2376 2353 2572 2413 Annon
2653 2366 2962 2436 frequenter
3018 2370 3177 2423 unius
3243 2383 3360 2423 cor-

142 2469 316 2537 ruptio
364 2466 595 2521 alterius
648 2475 731 2519 est
776 2460 1099 2533 generatio?
1137 2457 1295 2527 Atqui
1351 2456 1549 2510 malum
1596 2455 1699 2508 hoc
1733 2452 1891 2506 modo
1918 2452 1983 2506 ad
2008 2453 2238 2507 universi
2270 2452 2654 2523 plenitudinem
2699 2460 2980 2526 conducet,
3038 2474 3103 2515 ae
3156 2475 3253 2528 per
3298 2474 3361 2514 se

141 2559 328 2626 faciet,
359 2568 419 2613 ut
450 2572 631 2613 rerum
659 2555 980 2610 universitas
1006 2566 1111 2606 non
1143 2550 1214 2606 sit
1254 2546 1589 2617 imperfecta,

1633 2701 1661 2773 §
1691 2700 1835 2760 XX.

211 2882 365 2953 Ἐρεῖ
390 2880 447 2934 δὲ
478 2879 615 2951 πρὸς
640 2878 809 2932 ταῦτα
842 2878 871 2930 ὁ
897 2872 1098 2947 ἀληθὴς
1124 2870 1298 2938 λόγος,
1342 2869 1423 2921 ὅτι
1452 2864 1513 2918 τὸ
1536 2861 1674 2917 κακδη

1870 2861 1950 2915 Ad
1988 2859 2100 2914 haec
2128 2869 2308 2913 autem
2364 2874 2489 2914 vera
2542 2862 2681 2915 ratio
2732 2862 3099 2929 respondebit,
3152 2870 3353 2925 malum

136 2968 168 3047 ᾔ
193 2950 364 3028 κακὸν
388 2972 433 3005 ⁸ο
454 2950 712 3041 οὐδεμίαν
757 2968 941 3022 οὐσίαν
965 2966 999 3035 ἢ
1018 2963 1228 3032 γένεσιν
1262 2960 1403 3012 ποιεῖ
1419 2998 1433 3021 ,
1460 2956 1617 3028 μόνον

1800 2967 1907 3021 qua
1943 2951 2143 3004 malum
2192 2950 2322 3005 nihil
2352 2950 2597 3006 conferre
2622 2952 2689 3006 ad
2718 2955 3012 3009 essentiam
3046 2966 3139 3011 aut
3171 2972 3352 3013 rerum

129 3068 360 3120 κακύνει
387 3066 481 3119 καὶ
528 3063 735 3133 φθείρει
771 3061 830 3113 τὸ
859 3059 944 3113 ἐπ’
957 3056 1101 3127 αὐτῷ
1119 3054 1217 3125 τὴν
1244 3051 1351 3104 τῶν
1381 3050 1546 3103 ὄντων
1577 3045 1674 3099 ὑπό

1812 3044 2241 3113 generationem,
2295 3043 2413 3108 sed,
2462 3052 2722 3112 quantum
2754 3045 2806 3098 in
2851 3046 2967 3113 ipso
3017 3056 3123 3110 est,
3169 3064 3368 3103 rerum

130 3176 343 3212 στασιν.
366 3159 430 3209 Et
448 3156 506 3209 δὲ
531 3152 903 3224 γενεσιουργόν
932 3167 1013 3212 τις
1034 3148 1164 3201 αὐτὸ
1181 3142 1317 3199 εἶναι
1343 3142 1489 3209 λέγει
1508 3141 1574 3202 ⁸¹,
1607 3156 1674 3191 κα

1799 3134 2156 3189 substantiam
2190 3142 2395 3187 tantum
2449 3135 2745 3202 depravare
2797 3145 2959 3204 atque
3003 3138 3240 3194 abolere.
3294 3142 3353 3195 Si

129 3251 193 3319 τῇ
226 3247 420 3300 τούτου
464 3244 640 3314 φθορᾷ
660 3242 737 3312 τῷ
765 3242 933 3312 ἑτέρῳ
981 3238 1173 3291 διδόναι
1221 3235 1448 3304 γένεσιν,

1799 3227 1920 3295 quis
1962 3234 2141 3279 autem
2198 3224 2414 3289 dixerit,
2466 3226 2568 3279 hoc
2609 3226 2727 3293 ipso
2783 3241 2962 3280 rerum
3004 3230 3349 3296 generatioui

128 3312 245 3385 τέον
275 3312 516 3402 ἀληθῶς,
548 3312 646 3398 οὐχ
749 3326 920 3398 φθορά
946 3327 990 3357 ⁸³
1023 3326 1201 3378 δίδωσι
1239 3322 1469 3391 γένεσιν,
1518 3318 1629 3373 ἀλλ’

1799 3316 2127 3379 subservire,
2158 3316 2281 3369 dum
2310 3316 2535 3371 alterius
2578 3317 2925 3385 corruptione
2947 3328 3165 3387 praestat
3193 3320 3351 3375 alteri

135 3416 228 3486 μὲν
254 3417 434 3488 φθορά
472 3414 567 3468 καὶ
617 3415 782 3468 κακὸν
838 3414 1044 3485 φθείρει
1074 3413 1166 3466 καὶ
1194 3412 1240 3443 ⁸³
1262 3408 1483 3464 κακύνει
1514 3408 1690 3480 μόνον,

126 3508 337 3573 γένεσις
373 3508 435 3560 δὲ
482 3508 579 3560 καὶ
622 3505 775 3558 οὐσία
815 3505 901 3559 διὰ
940 3504 1001 3558 τὸ
1052 3503 1254 3573 ἀγαθὸν
1306 3503 1570 3571 γίγνεται,
1599 3500 1693 3554 καὶ

126 3597 357 3651 ἔσταιτὸ
382 3597 553 3649 κακὸν
589 3595 759 3666 φθορά
791 3595 887 3665 μὲν
911 3595 977 3648 δι’
1029 3594 1205 3657 ἑαυτὸ,
1246 3591 1618 3662 γενεσιουργδν
1637 3590 1693 3644 δὲ

127 3690 214 3743 διὰ
242 3689 305 3742 τὸ
337 3687 548 3757 ἀγαθόν
569 3703 585 3716 ο
618 3688 712 3739 καὶ
794 3687 890 3757 μὲν
912 3684 1077 3739 κακὸν
1118 3684 1240 3737 οὔτε
1274 3683 1332 3739 ὃν
1354 3682 1475 3735 οὔτε
1526 3682 1691 3734 ὅντων

128 3778 443 3851 ποιητικόν*
475 3775 635 3829 διὰδὲ
667 3775 727 3829 τὸ
751 3775 949 3843 ἀγαθὸν
980 3775 1068 3830 καὶ
1106 3773 1188 3839 ὃν,
1231 3774 1323 3827 καὶ
1371 3772 1573 3840 ἀγαθὸν
1608 3771 1689 3835 ὃν,

127 3870 215 3922 καὶ
236 3868 466 3937 ἀγαθῶν
489 3866 785 3937 ποιητικόν.
814 3864 1095 3918 Μᾶλλονδὲ
1122 3864 1239 3917 οὐδὲ
1264 3864 1371 3935 γὰρ
1402 3864 1551 3915 ἔσται
1570 3862 1615 3892 ⁸³
1630 3860 1691 3913 τὺ

121 3960 252 4012 αὐτὸ
268 3959 417 4013 κατά
428 3958 489 4011 τὸ
502 3957 634 4010 αὐτὸ
654 3958 745 4009 καὶ
760 3955 959 4025 ἀγαθὸν
973 3955 1065 4009 καὶ
1082 3954 1269 4015 κακὸν,
1280 3953 1398 4005 οὐδὲ
1417 3951 1507 4004 τοῦ
1526 3948 1688 4003 αὑτοῦ

121 4049 298 4121 φθορὰ
323 4050 425 4103 καὶ
447 4048 662 4117 γένεσις
690 4048 723 4117 ή
749 4046 883 4117 αὐτὴ
907 4044 1043 4098 κατὰ
1061 4044 1121 4097 τὸ
1144 4043 1273 4096 αὐτὸ
1297 4042 1539 4112 δύναμις,
1566 4039 1689 4093 οὔτε

122 4138 511 4207 αὐτοδύναμις,
534 4135 567 4205 ἢ
588 4134 910 4206 αὑτοφθορά·
929 4134 989 4187 τὸ
1007 4134 1104 4203 μὲν
1128 4130 1426 4185 αὑτοκακὸν
1448 4130 1569 4183 οὕτε
1606 4129 1685 4194 ὃν,

117 4227 239 4281 οὔτε
265 4230 498 4297 ἀγαθὸν,
533 4225 657 4280 οὕτε
681 4226 1071 4297 γενεσιουργὸν,
1098 4223 1219 4277 οὔτε
1245 4225 1410 4278 ὄντων
1436 4224 1529 4283 καὶ
1551 4224 1689 4290 ἀγα-

120 4319 225 4373 θῶν
252 4320 541 4391 ποιητικόν
563 4335 578 4349 ⁶
606 4317 667 4371 τὸ
711 4317 766 4370 δὲ
812 4318 1032 4385 ἀγαθὸν,
1061 4319 1118 4370 ὲν
1151 4311 1231 4380 οἷς
1258 4318 1353 4387 μὲν
1379 4317 1446 4370 ἂν
1494 4315 1689 4380 τελέως

118 4411 438 4483 ἐγγένηται,
488 4409 670 4462 τέλεια
717 4412 876 4472 ποιεῖ,
927 4408 1019 4462 καὶ
1066 4409 1259 4478 ἀμιγῆ,
1288 4408 1380 4461 καὶ
1424 4407 1689 4477 ὁλόκληρα

116 4500 296 4567 ἁγαθά
319 4518 334 4532 ’
362 4499 441 4553 τὰ
465 4500 519 4553 δὲ
546 4496 708 4571 ἦττον
733 4500 896 4554 αὑτοῦ
927 4499 1215 4571 μετέχοντα
1241 4500 1333 4553 καὶ
1357 4500 1517 4569 ἀτελῆ
1542 4501 1689 4551 ἐστιν

1791 3408 2144 3476 genituram;
2187 3406 2614 3474 respondendum
2666 3406 2869 3475 utique,
2932 3424 3037 3462 non
3086 3420 3359 3478 quatenus

1790 3496 2089 3565 corrumpit
2124 3496 2385 3567 perlicere
2430 3496 2857 3567 generationem,
2910 3500 3035 3568 quia
3074 3510 3347 3568 quatenus

1790 3590 2091 3658 corrumpit
2136 3587 2334 3641 malum
2366 3597 2469 3651 est,
2504 3603 2625 3641 nam
2674 3598 2734 3642 ut
2780 3590 2862 3645 sic
2891 3598 3096 3644 tantum
3120 3592 3354 3646 destruit

1790 3695 1855 3737 ac
1888 3681 2169 3749 depravat,
2218 3692 2343 3733 cum
2370 3679 2654 3749 generatio
2680 3688 2735 3734 et
2759 3680 2996 3733 essentia
3027 3695 3124 3749 per
3146 3681 3361 3735 bonum.

1790 3769 1965 3824 ﬂant:
1997 3780 2160 3839 atque
2209 3770 2343 3824 adeo
2397 3772 2599 3823 malum
2649 3786 2714 3824 ex
2760 3785 2821 3824 se
2847 3771 3064 3839 quidem
3091 3772 3194 3824 erit
3222 3787 3349 3827 cor-

1790 3863 1990 3931 ruptio,
2021 3863 2292 3916 subservit
2319 3872 2497 3915 autem
2529 3862 2867 3930 generationi
2898 3875 2992 3929 per
3017 3860 3069 3915 id
3098 3863 3243 3930 quod
3262 3864 3352 3916 bo-

1791 3967 1915 4006 num
1942 3962 2047 4016 est,
2077 3954 2319 4022 adeoque
2343 3966 2448 4021 qua
2495 3951 2694 4004 malum
2728 3967 2902 4019 neque
2933 3966 3018 4008 res
3039 3961 3146 4015 est,
3171 3969 3351 4024 neque

1789 4058 1874 4097 res
1904 4044 2176 4112 producit,
2223 4043 2318 4097 sed
2368 4057 2465 4112 per
2494 4042 2692 4096 bonum
2733 4051 2787 4096 et
2812 4057 2899 4098 res
2924 4052 3011 4098 est
3038 4053 3093 4098 et
3120 4045 3344 4112 bonum,

1788 4134 2140 4208 producitque
2225 4136 2384 4188 bona.
2460 4134 2713 4201 Quinimo
2785 4150 2891 4190 non
2965 4137 3072 4190 erit
3128 4138 3345 4206 quidem

1789 4230 1925 4285 idem
1959 4228 2146 4281 eadem
2173 4224 2333 4295 365
2368 4238 2436 4279 ex
2479 4238 2629 4294 parte
2677 4234 2732 4281 et
2778 4228 2976 4282 bonum
3017 4235 3073 4281 et
3121 4227 3345 4292 malum,

1789 4334 1967 4388 neque
2041 4321 2229 4373 eadem
2276 4319 2510 4386 potentia
2567 4318 2668 4373 sub
2719 4319 2906 4374 eadem
2958 4319 3168 4375 ratione
3224 4336 3349 4376 cor-

1788 4411 1964 4479 ruptio
2034 4417 2089 4463 et
2150 4408 2470 4476 generatio,
2530 4423 2703 4477 neque
2760 4411 2872 4478 ipsa
2922 4411 3041 4476 vis,
3092 4422 3182 4465 aut
3229 4412 3346 4480 ipsa

1788 4500 2096 4568 corruptio;
2134 4500 2306 4567 ipsum
2338 4501 2481 4554 enim
2543 4502 2744 4554 malum
2799 4517 2975 4569 neque
3005 4511 3109 4565 est,
3168 4517 3345 4570 neque

117 4590 319 4657 ἀγαθὰ,
350 4591 452 4644 καὶ
480 4590 793 4661 μεμιγμένα
836 4590 926 4643 διὰ
948 4590 1044 4661 τὴν
1071 4590 1303 4659 ἔλλειψιν
1345 4589 1438 4643 τοῦ
1462 4589 1674 4657 ἀγαθοῦ.

1799 4592 1990 4644 bonum
2023 4599 2124 4650 est,
2166 4604 2339 4658 neque
2363 4590 2659 4657 generandi
2688 4590 2792 4642 vim
2821 4589 3001 4654 habet,
3029 4603 3203 4656 neque
3231 4603 3343 4647 res.

120 4680 224 4733 Kal.
248 4682 353 4734 οὐκ
380 4682 501 4734 ἐστι
526 4679 752 4734 καθόλου
780 4680 839 4733 τὸ
859 4680 1023 4733 κακὸν
1047 4679 1168 4732 οὔτε
1194 4681 1391 4749 ἀγαθὸν
1413 4681 1534 4734 οὔτε
1559 4682 1693 4747 ἁγα-

117 4767 334 4823 θοποιόν
358 4787 373 4800 ·
423 4769 562 4823 ἀλλά
592 4769 655 4821 τὸ
708 4769 901 4839 μᾶλλον
954 4764 1171 4840 ἢῆττον
1215 4770 1294 4840 τῷ
1320 4771 1505 4840 ἀγαθῷ
1552 4770 1691 4840 πλη-

119 4860 301 4923 σιάζον
348 4860 637 4927 ἀναλόγως
684 4859 834 4912 ἐσται
881 4859 1079 4926 ἀγαθόν
1122 4859 1202 4891 ⁸⁸”
1252 4859 1477 4929 ἐπείπερ
1528 4861 1559 4928 ἡ
1602 4857 1692 4911 διὰ

119 4951 334 5004 πάντων
361 4950 611 5021 φοιτῶσα
638 4948 900 5018 παντελὴς
925 4949 1192 5019 ἀγαθότης
1216 4950 1274 5002 οὑ
1303 4950 1458 5020 μέχρι
1485 4948 1690 5018 μόνον⁸⁶

116 5045 281 5111 χωρεῖ
328 5042 447 5094 τῶν
474 5042 604 5113 περὶ
650 5041 815 5113 αὐτὴν
855 5032 1180 5109 παναγάθων
1224 5040 1438 5102 οὐσιῶν,
1463 5039 1696 5092 ἐκτείνε-

114 5152 199 5188 ται
219 5138 280 5190 δὲ
322 5137 463 5209 ἄχρι
491 5136 602 5191 τῶν
626 5137 888 5206 ἐσχάτων,
921 5139 1041 5199 ταῖς
1087 5137 1185 5207 μὲν
1209 5135 1401 5197 ὀλικῶς
1425 5133 1690 5204 παροῦσα,

115 5228 230 5289 ταῖς
254 5228 316 5280 δὲ
341 5226 682 5298 ὑφειμένως,
707 5226 894 5291 ἄλλαις
941 5227 997 5279 δὲ
1040 5228 1299 5297 ἐσχάτως,
1348 5225 1423 5287 ὡς
1468 5225 1695 5278 ἕκαστον

1795 4695 1968 4750 neque
1990 4682 2130 4736 bona
2161 4679 2322 4744 facit;
2351 4681 2550 4735 bonum
2582 4691 2762 4736 autem
2788 4682 3202 4750 quibuscunque
3223 4695 3347 4748 per-

1790 4772 1932 4829 fecte
1957 4774 2118 4837 inest,
2152 4773 2339 4827 eadem
2391 4781 2447 4826 et
2500 4772 2741 4842 perfecta
2780 4782 2840 4827 et
2884 4773 3151 4840 simplicia
3182 4779 3344 4839 atque

1791 4867 2003 4936 integra
2030 4866 2167 4920 bona
2200 4866 2564 4935 reddit;-qua3
2598 4880 2727 4919 vero
2751 4865 2929 4919 minus
2960 4865 3138 4933 ipsum
3168 4866 3342 4933 parti-

1790 4959 1995 5028 cipant,
2026 4955 2337 5025 imperfecta
2372 4956 2509 5009 bona
2542 4963 2671 5011 sunt
2706 4964 2761 5009 et
2811 4955 3091 5024 permista,
3122 4965 3345 5024 prepter

1792 5048 1916 5103 boni
1948 5047 2327 5116 privationem.
2355 5046 2461 5101 Sed
2522 5052 2719 5100 malum
2747 5046 2959 5115 penitus
2982 5059 3090 5100 non
3116 5054 3217 5113 est,
3244 5051 3344 5098 rie-

1791 5150 1898 5206 que
1926 5138 2124 5191 bonum
2161 5150 2335 5204 neque
2386 5136 2684 5190 beuetieum
2732 5145 2856 5200 est;
2890 5151 3074 5191 velum
3114 5135 3166 5190 id
3197 5134 3339 5204 quod

1792 5227 1967 5295 magis
1999 5225 2080 5282 vel
2108 5227 2290 5282 minus
2331 5228 2727 5296 apprOpiuquat
2778 5227 2935 5292 bono,
2974 5241 3071 5291 pro
3093 5240 3191 5279 sua
3219 5240 3342 5294 por-

1390 5380 1622 5436 VARIAE
1657 5380 2055 5436 LECTIONES.

173 5525 219 5556 "'
251 5525 367 5578 κάκ
402 5520 634 5583 τούτων,
674 5518 808 5574 S.P.
884 5520 930 5554 "
958 5519 1195 5587 ἔγγονον,
1226 5519 1283 5574 S.
1314 5517 1375 5587 Ρ.
1404 5518 1466 5570 D.

120 5592 178 5643 ι).
207 5592 559 5664 φθείρεινΡ.
668 5590 715 5621 ⁸⁸
740 5589 947 5664 φθείρει
981 5589 1107 5664 γάρ,
1146 5590 1205 5643 P.

1564 5517 1609 5549 ⁸⁸
1642 5517 1776 5571 καθὸ
1807 5516 1994 5578 κακόν,
2011 5515 2073 5570 Ρ.

1317 5586 1375 5620 ⁸⁸
1390 5589 1497 5659 ἄρα
1526 5586 1724 5659 ἔσται,

2176 5515 2219 5586 ’ξί
2254 5510 2422 5583 λέγοι,
2452 5514 2509 5568 S.
2539 5514 2600 5569 P.
2632 5513 2694 5567 D.
2770 5514 2815 5586 θ’
2845 5514 2919 5586 ὡς
2951 5513 3051 5565 οὐκ
3146 5511 3338 5586 φθορά,

1889 5587 1937 5617 ⁸⁸
2032 5584 2254 5664 ἀγαθόν,
2286 5576 2538 5664 fit-quens
2567 5596 2745 5664 autem
2776 5584 2931 5663 hujus
2957 5576 3187 5664 nominis
3219 5576 3338 5661 cum

117 5654 665 5728 articulo'scripturze
708 5654 940 5728 varietas
986 5654 1037 5712 in
1059 5654 1489 5725 exemplaribus,
1522 5658 1573 5708 in
1605 5657 1721 5728 aliis
1754 5657 1813 5708 τὸ
1844 5656 2064 5723 ἀγαθὸν.
2088 5654 2179 5705 τοῦ
2210 5654 2433 5728 ἀγαθοῦ,
2465 5664 2596 5719 etc.,
2619 5654 2862 5728 integre:
2895 5654 3093 5728 innali‘is
3116 5656 3341 5728 concise

118 5734 367 5794 τάγαθὸν,
396 5718 666 5796 τάγαθοῦ,
691 5726 927 5795 τάγαθῷ.
964 5729 1138 5781 Semel
1163 5718 1503 5785 adinonuisse
1526 5726 1770 5791 sulliciat,
1803 5718 1924 5779 cum
1949 5740 2136 5778 sensus
2167 5718 2270 5776 non
2304 5726 2557 5778 varietur.
2640 5723 2685 5755 ⁸⁸
2718 5722 2911 5790 μόνων,
2946 5722 3002 5777 S.
3034 5718 3093 5774 P.
3113 5721 3176 5774 ι).
