3742 6318
356 335 467 390 719

1533 329 1591 385 S.
1626 324 1927 383 DIONYSH
1963 325 2430 386 AREOPAGITAE
2546 330 2549 335 ’

3528 323 3629 376 τεο

358 456 509 510 tione
541 454 737 508 bomnn
768 451 906 514 erit;
938 464 1059 503 nam
1102 449 1344 520 perfecta
1407 448 1650 508 bonitas,
1676 461 1799 514 qua:

2154 447 2207 515 ἧς
2236 447 2480 517 μετέχειν
2504 446 2723 499 δύναται
2748 443 2859 497 τῶν
2880 444 3067 499 ὅντων.
3091 444 3201 497 Καὶ
3222 444 3295 497 τά
3324 443 3429 513 μὲν
3454 442 3632 510 πάντη

361 545 544 600 omnia
601 558 661 599 se
691 542 963 608 diﬂ'undil,
1013 558 1118 597 non
1172 541 1348 594 solum
1378 539 1447 594 ad
1493 539 1616 593 illas
1671 539 1931 607 Optimas,

362 651 484 704 qua:
516 633 617 703 ipsi
647 632 838 687 vicina;
878 644 1024 695 sunt,
1086 631 1361 686 essentias
1418 631 1684 695 dimanat,
1741 628 1836 683 sed
1866 627 1935 681 ad

363 737 637 781 extremas
667 741 840 794 usque
871 725 1241 794 protenditur,
1292 724 1415 777 aliis
1466 722 1684 791 quidem
1736 736 1795 776 se
1825 730 1936 775 tota

362 833 627 890 praesens,
659 818 781 872 aliis
826 828 1006 872 antem
1066 816 1311 871 inferiori
1370 816 1554 879 modo,
1602 824 1766 884 atque
1814 811 1936 867 aliis

360 909 571 973 intimo,
607 923 706 977 pro
725 920 887 977 captu
938 908 1151 962 scilicet
1198 906 1559 976 singulorum.
1600 904 1799 959 Eorum
1836 920 1938 959 au-

359 1012 470 1057 tem
506 1016 626 1071 qua:
649 1002 940 1065 exsistunt,
972 1000 1075 1053 alia
1106 1000 1325 1068 quidem
1354 998 1553 1052 bonum
1589 997 1749 1065 plane
1773 1000 1940 1066 parti-

361 1092 570 1161 cipant.
606 1091 710 1144 alia
738 1100 922 1144 autem
948 1105 1013 1145 eo
1043 1090 1217 1158 magis
1246 1088 1495 1144 minusve
1527 1089 1736 1156 privata
1763 1098 1891 1142 sunt
1920 1105 1935 1154 ;

361 1183 465 1236 alia
514 1195 646 1236 vero
702 1181 1007 1236 tenuiorem
1056 1178 1348 1247 quamdam
1412 1178 1539 1231 boni
1590 1180 1937 1250 prmsentiam

363 1271 688 1337 sortiuntur,
717 1271 839 1325 aliis
886 1270 1124 1338 denique
1172 1268 1301 1323 boni
1345 1268 1594 1322 ultimum
1650 1269 1938 1340 vestigium

360 1364 613 1437 obtingit.
649 1363 765 1419 Nisi
793 1364 938 1419 enim
979 1363 1181 1417 bonum
1212 1378 1310 1434 pro
1345 1362 1603 1431 cuiusque
1628 1373 1785 1431 captu
1827 1363 1942 1417 sin-

364 1456 507 1527 gulis
541 1455 779 1521 adesset,
812 1455 1000 1524 utique
1050 1454 1429 1523 antiquissima
1485 1453 1941 1523 divinissimaque

368 1555 574 1612 essent,
606 1562 725 1617 qua:
784 1548 1207 1602 novissimorur‘n
1256 1547 1417 1601 modo
1456 1547 1702 1601 ordinem
1734 1554 1939 1600 tenent.

366 1638 615 1706 Quonam
671 1647 852 1693 autem
902 1648 1063 1708 pacto
1090 1638 1206 1693 ﬁeri
1245 1648 1477 1707 poterat,
1508 1649 1565 1692 ut
1596 1638 1942 1693 uniformiter

366 1732 550 1785 omnia
584 1732 784 1786 bonum
826 1731 1244 1801 participarent.
1295 1747 1416 1786 cum
1449 1732 1701 1800 qua-libet
1736 1732 1802 1785 ad
1831 1746 1946 1787 om-

368 1824 644 1878 nimodam
678 1825 805 1878 boni
835 1825 1310 1895 participationem
1344 1825 1564 1879 minime
1588 1825 1697 1879 sint
1727 1841 1946 1886 accom-
1977 1815 2015 1870 Β

371 1913 632 1972 modata?
661 1915 817 1972 Nunc
852 1927 1035 1971 autem
1071 1917 1186 1972 haec
1242 1926 1323 1971 est
1366 1917 1623 1985 potentiae
1647 1918 1773 1972 boni
1804 1932 1945 1989 prae‘

368 2016 521 2062 Stans
553 2007 889 2078 magnitudo,
918 2017 975 2061 ut
1004 2023 1066 2062 ea
1098 2025 1316 2078 quoque
1345 2025 1465 2078 qua:
1517 2018 1643 2065 sunt
1676 2009 1820 2064 illius
1850 2023 1944 2062 ex-

368 2098 567 2168 pertia,
594 2099 723 2168 quin
760 2107 813 2151 et
846 2098 1019 2167 ipsam
1063 2098 1146 2151 sui
1202 2100 1560 2167 priVationem
1601 2099 1943 2162 corroboret,

371 2196 438 2249 ad
462 2196 637 2265 ipsum
690 2195 913 2248 omnino
973 2193 1431 2262 participandum.
1462 2191 1613 2257 Quod
1667 2193 1711 2247 si
1742 2261 1748 2267 .
1776 2191 1945 2246 conli-

371 2286 591 2341 dentius
622 2299 808 2338 verum
847 2276 1093 2353 proferre
1156 2282 1337 2345 liceat,
1391 2282 1480 2335 illa
1532 2282 1695 2335 etiam
1722 2296 1841 2350 qum
1871 2280 1943 2335 illi

372 2378 649 2433 contraria
683 2387 833 2440 sunt,
883 2376 1000 2446 ejus
1049 2376 1099 2429 vi
1132 2386 1187 2429 et
1218 2388 1345 2430 sunt
1401 2387 1456 2430 et
1490 2389 1788 2444 repugnare
1823 2389 1948 2445 pos—

373 2482 531 2537 sunt;
563 2481 658 2525 aut
687 2471 888 2538 potius,
917 2480 974 2523 ut
1001 2470 1312 2523 summatim
1335 2469 1540 2531 dicam,
1568 2483 1632 2521 ea
1666 2483 1786 2536 qua:
1819 2474 1948 2521 sunt

373 2566 577 2631 omnia,
606 2564 659 2618 in
678 2575 941 2634 quantum
977 2574 1127 2628 sunt,
1157 2574 1211 2617 et
1242 2564 1380 2618 bona
1432 2572 1487 2615 et
1510 2577 1577 2616 ex
1610 2563 1753 2617 bono
1782 2570 1947 2628 sunt;

377 2658 432 2712 in
458 2665 722 2726 quantum
764 2665 946 2710 autem
982 2655 1123 2709 bono
1147 2658 1357 2725 privata
1410 2664 1559 2717 sunt,
1608 2669 1781 2723 neque
1809 2653 1947 2708 bona

381 2754 531 2813 sunt,
570 2759 744 2812 neque
777 2746 1070 2803 exsistunt.
1110 2745 1163 2799 In
1198 2746 1410 2800 castoris
1436 2760 1630 2815 nempe
1674 2744 1947 2815 qualitati—

376 2839 499 2905 bus,
534 2838 682 2893 velut
709 2839 761 2893 in
786 2839 970 2894 calore
1009 2837 1091 2892 vel
1132 2837 1358 2908 frigore,
1409 2837 1498 2891 illa
1546 2852 1665 2907 qua:
1685 2834 1944 2893 calefacta

376 2931 599 2988 fuerunt
620 2947 907 3002 superesse
935 2944 1150 2999 quoque
1198 2940 1448 3000 possunt,
1478 2940 1766 3001 postquam
1803 2929 1952 2985 calor

378 3041 443 3081 ea
472 3025 732 3090 deseruit,
766 3022 1118 3093 plurima:th
1140 3038 1229 3078 res
1247 3023 1517 3077 exsistunt
1538 3037 1660 3077 cum
1690 3024 1815 3076 vita:
1836 3036 1947 3076 tum

378 3118 578 3174 mentis
602 3127 855 3187 expertes
880 3158 893 3179 ,
919 3117 1048 3185 quin
1078 3124 1132 3170 et
1200 3118 1318 3185 lpse
1357 3114 1522 3179 Deus,
1564 3129 1593 3167 a
1642 3116 1948 3170 substantia

383 3220 628 3265 secretus
645 3205 1250 3278 suprasubstantialiter
1270 3214 1447 3260 tamen
1470 3206 1700 3261 exsistit.
1728 3206 1795 3261 Et
1821 3207 1953 3260 sim-

383 3301 597 3372 pliciter
630 3302 682 3353 Zn
705 3300 957 3352 erunibus
993 3298 1140 3363 aliis,
1190 3300 1305 3352 sive
1339 3297 1558 3351 habitus
1607 3298 1837 3351 amissus
1860 3297 1955 3360 sit.

384 3392 499 3446 sive
531 3389 750 3460 penitus
794 3402 901 3443 non
962 3388 1143 3453 fuerit,
1198 3404 1287 3443 res
1332 3397 1510 3443 tamen
1564 3389 1692 3458 ipsa:
1720 3401 1870 3454 sunt,
1901 3399 1958 3446 et

386 3491 638 3538 constare
669 3490 936 3548 possunt;
971 3479 1112 3549 quod
1138 3487 1321 3533 autem
1359 3480 1499 3534 bono
1530 3495 1753 3549 prorsus
1778 3482 1957 3549 priva-

388 3588 502 3632 tum
528 3586 634 3641 est,
668 3576 718 3629 id
753 3590 1022 3643 nusquam
1058 3573 1167 3627 ullo
1198 3580 1360 3643 pacto
1382 3573 1547 3643 366
1578 3573 1665 3626 vel
1716 3575 1839 3643 fuit,
1871 3575 1962 3630 vel

387 3679 489 3729 est.
518 3666 604 3722 vel
634 3667 761 3733 erit,
788 3666 870 3719 vel
921 3680 1043 3719 esse
1095 3674 1295 3734 potest.
1352 3664 1527 3719 Veluti
1561 3664 1959 3733 intemperans,

386 3761 487 3816 etsi
517 3775 615 3830 per
659 3757 1157 3826 concupiscentiam
1205 3756 1636 3812 irrationabilem
1669 3756 1814 3811 bono
1850 3757 1959 3826 pri-

387 3864 548 3907 vatus
572 3852 667 3918 sit,
705 3862 935 3906 eatenus
963 3858 1144 3904 tamen
1188 3865 1293 3904 non
1325 3858 1433 3915 est,
1464 3863 1639 3919 neque
1660 3850 1957 3920 quidquam

389 3943 746 4014 concupiscit,
781 3943 875 3998 sed
930 3942 1094 3997 simul
1142 3943 1269 3997 boni
1316 3943 1591 4013 particeps
1624 3943 1843 3999 exsistit
1871 3958 1961 3997 se-

387 4038 622 4092 cundum
658 4035 855 4091 exilem
889 4035 1179 4103 quamdam
1209 4045 1417 4105 partem
1451 4034 1707 4090 amicitia:
1740 4044 1797 4090 et
1823 4050 1958 4089 con-

384 4130 705 4199 jnnctionis.
743 4129 825 4183 lra
856 4130 1022 4183 etiam
1052 4128 1179 4182 boni
1218 4129 1490 4197 particeps
1536 4129 1637 4184 hoc
1671 4129 1787 4198 ipso
1816 4129 1961 4197 quod

393 4233 665 4285 movetur,
710 4221 969 4289 cupitque
1010 4234 1073 4274 ea
1131 4235 1252 4290 qua:
1303 4221 1441 4274 mala
1488 4220 1745 4275 videntur
1798 4222 1864 4275 ad
1907 4220 1960 4276 id

392 4313 535 4382 quod
560 4311 687 4366 boni
716 4313 954 4382 speciem
981 4327 1093 4380 pra:
1147 4328 1206 4364 se
1249 4310 1355 4364 fert
1384 4312 1621 4379 dirigere
1651 4320 1706 4366 et
1731 4329 1960 4368 convcr-

395 4415 530 4459 tere.
570 4401 711 4469 Quin
737 4410 792 4456 et
821 4402 867 4455 is
889 4414 1106 4470 quoque
1159 4402 1251 4471 qui
1286 4403 1639 4456 deterrimam
1674 4402 1843 4457 vitam
1868 4418 1962 4459 exs

2034 535 2130 589 τοῦ
2153 535 2358 604 ἀγαθοῦ
2389 536 2627 606 μετέχει,
2673 533 2743 587 τά
2778 533 2835 586 δέ
2862 532 3062 604 μᾶλλον
3096 534 3191 587 καὶ
3214 528 3382 605 ἦττον
3408 533 3634 602 ἐστέρη-

2035 643 2148 690 ται,
2175 626 2247 679 τά
2269 626 2325 679 δέ
2350 625 2724 697 ἀμυδρατέραν
2770 624 2883 695 ἔχει
2930 622 3027 677 τοῦ
3074 623 3281 692 ἀγαθοῦ
3311 624 3633 693 μετουσίαν,

2037 718 2134 771 καὶ
2153 716 2332 781 ἀλλοις
2357 714 2501 769 κατά
2538 715 2765 786 ἔσχατον
2791 716 3058 785 ἀπήχημα
3109 716 3343 786 πάρεστι
3367 714 3633 782 τάγαθόν.

2038 814 2100 867 El
2126 811 2235 884 γάρ
2262 812 2334 883 μὴ
2358 810 2635 880 ἀναλόγως
2673 810 2887 879 ἐκάστῳ
2919 808 3156 877 τάγαθὸν
3204 808 3420 879 παρῆν,
3474 804 3547 878 ἦν
3572 808 3639 860 ἂν

2036 908 2107 963 τά
2161 909 2410 963 θειότατα
2476 908 2572 961 καὶ
2647 906 2997 979 πρεσϐύτατα
3050 904 3150 974 τὴν
3207 902 3317 955 τῶν
3382 901 3637 971 ἐσχάτων

2039 1002 2235 1074 ἔχοντα
2275 1001 2449 1067 τάξιν.
2498 999 2625 1064 Πῶς
2670 999 2729 1053 δέ
2776 999 2872 1053 καὶ
2919 994 2989 1068 ἦν
3033 995 3277 1057 δυνατδν,
3334 992 3637 1065 μονοειδῶς

2041 1096 2221 1150 πάντα
2249 1095 2497 1166 μετέχειν
2540 1091 2638 1147 τοῦ
2671 1089 2899 1159 ἀγαθοῦ,
2929 1091 3003 1161 μὴ
3032 1090 3208 1143 πάντα
3255 1087 3391 1140 ὅντα
3417 1084 3639 1147 ταῦτῶς

2041 1190 2121 1252 εἰς
2149 1187 2247 1259 τὴν
2268 1186 2452 1258 ὀλικὴν
2472 1186 2637 1241 αὑτοῦ
2668 1184 2881 1257 μέθεξιν
2914 1183 3196 1253 ἐπιτήδεια
3215 1179 3365 1244 ςΝῦν
3388 1180 3454 1233 δὲ
3476 1177 3643 1231 τοετὸ

2041 1280 2158 1332 ἐστι
2182 1278 2284 1349 τῆς
2307 1278 2401 1331 τοῦ
2429 1274 2635 1345 ἀγαθοῦ
2677 1272 2958 1345 δυνάμεως
2977 1273 3041 1326 τὸ
3071 1273 3114 1304 ⁸⁷
3164 1268 3511 1340 ὑπερϐάλλον
3539 1268 3641 1336 μέν

2041 1372 2217 1441 γεθος,
2243 1372 2322 1425 ὅτι
2347 1369 2528 1423 καὶτὰ
2554 1369 2749 1439 ἐστερη
2758 1367 2893 1439 μένα
2915 1366 3010 1419 καὶ
3032 1364 3132 1436 τὴν
3157 1362 3353 1416 ἑαυτοῦ
3370 1362 3421 1393 ⁸⁸
3439 1361 3641 1431 στέρη-

2044 1481 2127 1518 σιν
2150 1464 2395 1534 δυναμοῖ,
2424 1460 2567 1515 κατά
2585 1461 2648 1514 τὸ
2672 1460 2809 1523 ὅλως
2831 1456 2994 1512 αὑτοῦ
3032 1456 3297 1528 μετέχειν.
3316 1455 3433 1507 Καὶ
3453 1455 3504 1506 εἰ
3530 1452 3647 1522 χρὴ

2044 1554 2561 1628 παρρησιασάμενον
2606 1552 2782 1605 εἰπεῖν
2812 1549 3045 1622 τάληθῆ,
3094 1546 3191 1602 καὶ
3228 1545 3300 1599 τά
3346 1544 3645 1615 μαχόμενα

2044 1648 2193 1719 αὐτῷ
2214 1648 2281 1718 τῇ
2310 1645 2475 1701 αὑτοῦ
2519 1645 2745 1716 δυνάμει
2768 1644 2863 1698 καὶ
2887 1643 2999 1696 ἐστι
3042 1642 3138 1695 καὶ
3186 1638 3461 1710 μάχεσθαι
3481 1637 3646 1691 δύνω-

2045 1754 2167 1791 ται·
2205 1737 2404 1809 μᾶλλον
2423 1737 2502 1800 δὲ,
2531 1736 2617 1790 ἵνα
2661 1734 2936 1788 συλλαϐὼν
2956 1732 3116 1797 εἴπω,
3140 1732 3210 1786 τά
3246 1730 3375 1785 ὄντα
3429 1730 3646 1789 πάντα.

2046 1830 2168 1883 καθ’
2202 1830 2327 1883 ὅσον
2354 1830 2490 1893 ἐστι,
2519 1828 2613 1881 καὶ
2638 1826 2817 1897 ἀγαθά
2850 1827 2987 1890 ἐστι,
3013 1826 3108 1879 καὶ
3132 1826 3195 1878 ἐκ
3226 1822 3493 1892 τάγαθοῦ,
3540 1840 3651 1875 κα-

2046 1920 2200 1975 θόσον
2225 1920 2283 1974 δέ
2307 1920 2595 1992 ἐπέρηται
2619 1918 2714 1971 τοῦ
2734 1917 2962 1987 ἀγαθοῦ,
2980 1916 3102 1971 οὕτε
3128 1915 3328 1985 ἀγαθὰ,
3350 1912 3481 1968 οὔτε
3507 1913 3653 1967 ὂντα

2045 2011 2213 2065 ἐστίν.
2249 2011 2371 2064 Ἐπὶ
2402 2010 2499 2081 μὲν
2523 2010 2636 2084 γάρ
2653 2010 2767 2064 τῶν
2798 2008 2974 2064 ἀλλων
2998 2006 3186 2073 ἕξεων,
3213 2002 3328 2059 οἷον
3360 2001 3651 2075 θερμότηο

2044 2103 2202 2174 τοςῆ
2244 2101 2599 2173 ψυχρότητος,
2639 2102 2755 2155 ἐστι
2804 2100 2875 2154 τὰ
2921 2098 3328 2171 θερμανθέντα,
3354 2096 3453 2150 καὶ
3499 2098 3651 2150 ἀπο-

2047 2190 2339 2262 λειπούσης
2370 2192 2513 2246 αὑτά
2533 2194 2633 2264 τῆς
2672 2192 3028 2265 θερμότητος,
3062 2190 3155 2253 καὶ
3192 2189 3359 2260 ζωῆς,
3392 2189 3496 2241 καὶ
3518 2186 3652 2249 νοῦ,

2048 2285 2220 2340 πολλά
2238 2286 2347 2338 τῶν
2366 2284 2531 2338 ὄντων
2552 2286 2755 2356 ἄμοιρα
2774 2301 2789 2314 '
2816 2285 2909 2338 καὶ
2932 2282 3118 2346 οὐσίας
3141 2283 3170 2334 ὁ
3193 2281 3327 2344 Θεὸς
3348 2280 3653 2351 ἐξῄρηται,

2048 2379 2142 2434 καὶ
2166 2378 2314 2431 ἐστιν
2338 2378 2678 2449 ῦπερουσίως
2703 2379 2767 2432 ⁸⁹.
2824 2378 2931 2431 Καὶ
2991 2375 3196 2441 ἁπλῶς,
3246 2375 3338 2427 ἐπὶ
3392 2376 3498 2444 μὲν
3530 2374 3655 2425 τῶν

2048 2469 2223 2525 ἀλλων
2251 2469 2466 2523 πάντων
2490 2470 2557 2533 ’⁸,
2588 2469 2681 2523 καὶ
2709 2467 3051 2538 ἀπελθούσης
3104 2468 3140 2539 ἢ
3172 2466 3304 2538 μηδὲ
3341 2466 3655 2535 ἐγγενομέι

2050 2579 2149 2633 νης
2175 2562 2352 2634 πάντη
2380 2562 2481 2633 τῆς
2507 2561 2674 2628 ἕξεως
2716 2563 2785 2627 ’³,
2833 2560 2949 2614 ἐστι
2973 2557 3046 2613 τά
3067 2558 3216 2621 ὄντα,
3260 2558 3357 2610 καὶ
3408 2556 3657 2626 ὑφίστα-

2052 2653 2175 2707 σθαι
2198 2654 2450 2708 δύναται’
2481 2654 2541 2707 τὸ
2568 2654 2625 2707 δέ
2653 2653 2793 2707 κατά
2840 2653 3018 2706 πάντα
3050 2651 3248 2723 τρόπον
3288 2648 3385 2702 τοῦ
3432 2649 3656 2718 ἀγαθοῦ

2050 2743 2434 2817 ἐστερημένον,
2462 2746 2672 2817 ούδαμῆ
2729 2744 2982 2816 οὐδαμῶς
3015 2743 3139 2797 οὔτε
3169 2738 3258 2815 ἦν,
3305 2742 3433 2796 οὔτε
3471 2744 3653 2805 ἐστὶν,

2050 2833 2173 2889 οὔτε
2206 2835 2381 2900 ἔσται,
2404 2835 2530 2890 οὔτε
2556 2833 2698 2891 εἶναι
2742 2837 2987 2891 δύναται.
3016 2830 3141 2889 Οἷον
3166 2837 3212 2880 ’3
3245 2834 3274 2889 ὁ
3312 2834 3654 2896 ἀκόλαστος,

2051 2926 2101 2978 εἰ
2128 2926 2223 2979 κα)⁵
2255 2925 2546 2998 ἐστέρηται
2569 2925 2810 2995 τάγαθοῦ
2845 2925 2997 2991 κατά¹
3030 2927 3132 2997 τὴν
3166 2925 3211 2957 ³⁸
3235 2923 3429 2993 ἄλογον
3458 2924 3656 2978 ἐπιθυο

2054 3016 2202 3087 μίαν,
2233 3017 2292 3070 ἐν
2314 3016 2486 3087 τούτῳ
2516 3017 2615 3088 μὲν
2632 3017 2754 3071 οῦτε
2782 3019 2946 3082 ἐστὶν,
2975 3018 3098 3071 οὕτε
3131 3016 3297 3071 ὄντων
3334 3015 3610 3086 ἐπιθυμεῖ
3633 3057 3653 3081 ,

2057 3108 2273 3178 μετέχει
2320 3108 2379 3162 δέ
2408 3109 2557 3180 ὅμως
2607 3108 2846 3179 τάγαθοῦ
2896 3109 3015 3162 κατ’
3037 3109 3168 3161 αὐτὸ
3207 3108 3257 3140 ⁸³
3280 3107 3342 3160 τὸ
3380 3107 3488 3178 τῆς
3520 3106 3656 3159 ἐνώ-

1977 3169 2029 3282 C.
2057 3169 2304 3263 σεωςζιαὶ
2323 3169 2505 3269 φιλίας
2536 3169 2774 3272 ἀμυδρὸν
2801 3200 3094 3271 ἀπήχημα.
3122 3197 3229 3251 Καὶ
3248 3199 3276 3251 ὁ
3302 3169 3478 3268 θυμὸς
3521 3197 3582 3251 δὲ
3603 3200 3653 3229 ⁸³

2060 3289 2276 3361 μετέχει
2307 3290 2547 3359 τάγαθοῦ
2595 3293 2715 3344 κατ’
2753 3291 2885 3345 αὐτὸ
2916 3292 2977 3344 τὸ
3012 3287 3312 3350 κινεῖσθαι,
3367 3289 3466 3340 καὶ
3503 3288 3659 3366 egis-

2059 3379 2183 3435 σθαι
2203 3380 2276 3433 τὰ
2294 3380 2556 3437 δοκοῦντα
2580 3382 2726 3435 κακά
2756 3383 2894 3454 πρὸς
2942 3381 3003 3435 τὸ
3050 3380 3241 3443 δοκοῦν
3293 3379 3459 3433 καλὸν
3486 3381 3657 3451 ἀνορ-

2059 3471 2183 3524 θοῦν
2209 3471 2304 3525 καὶ
2345 3472 2716 3544 ἐπιστρέφειν.
2768 3474 2879 3529 Καὶ
2930 3472 3092 3537 αὐτὸς
3134 3474 3162 3526 ὁ
3197 3472 3298 3543 τῆς
3356 3473 3654 3543 χειρίστης

2059 3561 2207 3633 ζωῆς
2230 3563 2534 3633 ἐφιέμενος,
2563 3564 2639 3628 ὡς
2686 3563 2823 3629 ὅλως
2870 3563 3016 3635 ζωῆς
3060 3564 3366 3636 ἐφιέμενος,
3416 3566 3654 3635 καὶτῆς

2059 3660 2285 3732 ἀρίστης
2311 3661 2460 3732 αὐτῷ
2502 3661 2783 3732 δοκούσης,
2810 3663 2931 3716 κατ’
2965 3661 3096 3716 αὐτὸ
3125 3663 3187 3715 τὸ
3228 3662 3501 3732 ἐφίεσθαι,
3548 3667 3655 3718 καὶ

2060 3750 2203 3822 ζωῆς
2223 3752 2491 3821 ἐφίεσθαι,
2527 3753 2624 3806 καὶ
2651 3752 2786 3823 πρὸς
2819 3753 3049 3825 ἀρίστην
3090 3751 3234 3822 ζωὴν
3279 3754 3653 3818 ἀποσκοπεῖν,

2063 3851 2278 3921 μετέχει
2301 3850 2562 3920 τάγαθοῦ.
2608 3851 2720 3905 Καὶ
2760 3852 2810 3904 εἰ
2843 3852 3018 3924 πάντη
3050 3853 3286 3922 τάγαθὸν
3339 3853 3541 3928 ἀνέλῃς
3570 3857 3652 3919 ’⁸,

2059 3941 2183 3995 οὔτε
2216 3942 2376 3996 οὐσία
2400 3942 2573 4007 ἔσται,
2600 3940 2724 3995 οὔτε
2752 3943 2890 4013 ζωὴ,
2925 3942 3048 3998 οὔτε
3071 3945 3275 4015 ἔφεσις,
3321 3944 3450 3999 οὔτε
3480 3946 3649 4019 κίνη-

2063 4053 2166 4100 σις,
2194 4035 2316 4089 οὔτε
2341 4035 2467 4089 ἀλλο
2510 4035 2682 4090 οὐδέν.
2714 4037 2875 4089 ’Ὥστε
2900 4038 2996 4090 καὶ
3026 4038 3086 4090 τὸ
3129 4037 3375 4107 γίνεσθαι
3405 4041 3475 4093 ἐκ
3514 4041 3653 4110 φθο-

2065 4129 2162 4199 ρᾶς
2194 4129 2406 4196 γένεσιν
2452 4128 2553 4181 οὐκ
2601 4127 2716 4180 ἔστι
2769 4127 2939 4182 κακοῦ
2972 4129 3218 4201 δύναμις,
3279 4129 3397 4184 ἀλλ’
3416 4132 3648 4202 ἥττονος

2061 4220 2268 4289 ἀγαθοῦ
2293 4221 2585 4292 παρουσία,
2613 4222 2733 4275 καθ’
2766 4222 2891 4276 ὅσον
2922 4224 3023 4275 καὶ
3045 4224 3206 4287 νόσος
3235 4223 3473 4295 ἔλλειψίς
3521 4228 3645 4280 ἐστι

2060 4307 2285 4375 τάξεως,
2310 4310 2371 4363 οὐ
2412 4312 2594 4382 πάσης
2611 4328 2624 4341 ·
2682 4313 2732 4387 ει
2763 4312 2871 4384 γὰρ
2894 4314 3052 4367 τοῦτο
3076 4314 3320 4386 γένηται,
3342 4314 3469 4369 οὔτε
3496 4319 3531 4389 ἡ
3556 4319 3649 4371 νό-

2063 4416 2156 4464 σος
2178 4400 2316 4473 αύτὴ
2343 4402 2727 4473 ὑποστήσεται,
2790 4403 2940 4474 μένει
2965 4404 3025 4457 δὲ
3068 4405 3163 4458 καὶ
3184 4404 3332 4458 ἐστιν
3377 4407 3410 4477 ἡ
3460 4407 3646 4473 νόσος,

392 4496 550 4567 petit,
580 4493 752 4561 utqui
788 4494 1011 4547 omnino
1033 4493 1200 4545 vitam
1241 4494 1447 4561 cupiat,
1477 4502 1532 4547 et
1576 4495 1792 4561 quidem
1818 4510 1870 4565 οι

2169 4494 2245 4547 [αν
2279 4494 2474 4565 ἔχουσα
2495 4494 2593 4567 τὴν
2617 4496 2905 4567 ἐλαχίστην
2926 4496 3100 4564 τάξιν,
3123 4498 3216 4551 καὶ
3240 4499 3462 4569 ἐναῦτῇ
3496 4517 3647 4571 παρ-

395 4597 537 4644 lnam
570 4585 670 4655 ipsi
700 4585 893 4652 visam,
916 4598 982 4637 eo
1015 4585 1130 4653 ipso
1158 4586 1421 4654 appetitu,
1462 4595 1521 4638 ut
1546 4586 1672 4638 vitia
1693 4587 1958 4655 appetitu,

396 4678 487 4747 qui
521 4685 575 4731 et
592 4676 854 4747 optimam
887 4675 1053 4729 vitam
1088 4683 1317 4744 spectat,
1350 4674 1473 4729 boni
1504 4676 1777 4747 particeps
1805 4679 1958 4733 exsi-

394 4772 510 4827 stit.
545 4769 787 4839 Denique
813 4769 858 4822 si
893 4767 1095 4822 bonum
1156 4767 1375 4836 penitus
1426 4768 1733 4837 sustuleris,
1782 4785 1962 4840 neque

392 4863 635 4918 essentia
667 4861 795 4926 erit,
834 4874 1012 4929 neque
1066 4859 1197 4923 vita,
1252 4873 1426 4927 neque
1471 4860 1759 4928 appetitus,
1785 4877 1960 4931 neque

394 4960 595 5016 motus,
623 4965 801 5020 neque
830 4951 1129 5020 quidquam
1185 4949 1352 5007 aliud.
1395 4950 1599 5019 Itaque,
1628 4953 1769 5020 quod
1794 4954 1959 5009 etiam

392 5043 461 5094 ex
490 5039 847 5109 corruptione
880 5039 975 5092 ﬁat
1002 5039 1302 5109 generatio,
1334 5054 1438 5093 non
1473 5047 1557 5094 est
1584 5041 1709 5096 mali
1736 5042 1841 5108 vis,
1866 5044 1961 5100 sed

396 5134 626 5189 minoris
688 5133 814 5188 boni
864 5135 1191 5203 praesentia;
1239 5133 1380 5188 sient
1444 5134 1663 5190 morbus
1720 5137 1965 5195 defectus

395 5226 611 5294 quidem
638 5233 721 5279 est
746 5224 1175 5292 constitutionis,
1209 5223 1302 5279 sed
1335 5239 1441 5280 non
1497 5225 1799 5295 universae;
1836 5245 1959 5283 nam

2067 4586 2554 4657 UlepéVﬂ.'Tb
2610 4586 2719 4659 γὰρ
2785 4588 2959 4660 πάντη
3016 4588 3240 4660 ἄμοιρον
3291 4589 3387 4642 τοῦ
3432 4591 3646 4659 ἀγαθοῦ

2067 4677 2190 4731 οὔτε
2219 4678 2298 4744 ὃν,
2323 4677 2448 4731 οὔτε
2481 4680 2538 4733 ἐν
2561 4682 2673 4744 τοῖς
2697 4677 2816 4734 οὖσι
2833 4697 2849 4712 ·
2905 4682 2965 4735 τὸ
2991 4681 3048 4735 δὲ
3082 4682 3273 4753 μικτὸν
3293 4683 3383 4736 διὰ
3418 4684 3482 4737 τὸ
3509 4685 3646 4753 ἀγα-

2067 4770 2158 4824 θὸν
2182 4772 2238 4823 ἐν
2264 4772 2377 4835 τοῖς
2402 4767 2542 4835 οὖσι,
2567 4774 2661 4827 καὶ
2687 4773 2827 4827 κατά
2863 4772 3026 4827 τοῦτο
3067 4776 3125 4827 ἐν
3149 4777 3263 4839 τοῖς
3283 4771 3403 4829 οὖσι
3430 4778 3528 4830 καὶ
3548 4777 3640 4839 ὂν,

2067 4862 2189 4916 καθ’
2216 4863 2338 4916 ὅσον
2361 4863 2455 4915 τοῦ
2494 4863 2698 4933 ἀγαθοῦ
2728 4865 2961 4937 μετέχει.
3016 4866 3231 4920 Μᾶλλον
3283 4868 3340 4921 δὲ
3397 4868 3468 4921 τὰ
3514 4868 3644 4922 ὄντα

2069 4955 2246 5008 πάντα
2269 4954 2411 5008 κατά
2441 4956 2693 5010 τοσοῦτον
2717 4957 2871 5011 ἔσται
2907 4959 3104 5029 μᾶλλον
3157 4961 3251 5013 καὶ
3282 4956 3471 5033 ἦττον,
3518 4962 3641 5013 καθ’

2067 5046 2191 5100 ὅσον
2214 5047 2308 5100 τοῦ
2341 5048 2546 5118 ἀγαθοῦ
2599 5049 2846 5122 μετέχει·
2894 5053 2989 5105 καὶ
3035 5051 3147 5124 γὰρ
3199 5053 3296 5108 καὶ
3350 5054 3445 5107 ἐπὶ
3470 5054 3517 5086 ⁸⁷
3547 5052 3639 5105 τοῦ

2069 5138 2199 5191 αὐτὸ
2231 5136 2368 5194 εἶναι
2393 5141 2455 5194 τὸ
2476 5142 2697 5214 μηδαμῆ
2723 5142 2986 5215 μηδαμῶς
3010 5144 3071 5198 ὃν
3112 5144 3236 5198 οὔτε
3262 5146 3438 5199 ἔσται.
3475 5146 3551 5198 Τὸ
3581 5144 3639 5196 δὲ

2070 5231 2147 5303 πὴ
2174 5232 2271 5303 μὲν
2300 5233 2379 5299 ὃν,
2406 5236 2483 5307 πη
2509 5236 2566 5289 δέ
2594 5236 2668 5308 μὴ
2711 5236 2794 5308 ὃν,
2840 5236 2964 5292 καθ’
2988 5238 3112 5294 ὅσον
3144 5239 3243 5309 μὲν
3269 5238 3639 5292 ἀτωπέπτωκε

1668 5406 1905 5463 VARl/E
1942 5406 2347 5467 LECTIONES.

467 5560 516 5635 8"
538 5560 598 5635 τό
631 5574 734 5635 non
766 5570 851 5635 est
882 5561 931 5614 in
1104 5561 1149 5593 ⁸⁸
1171 5561 1356 5635 αὑτοῦ,
1392 5560 1453 5615 Ρ.
1518 5564 1563 5635 Ψ
1588 5563 1929 5635 ὑπερούσιος,
1963 5563 2021 5619 S.
2058 5565 2116 5619 P.
2155 5565 2278 5620 Sar.
2338 5568 2510 5635 ξλτῶν

2540 5569 2662 5639 μέν,
2691 5567 2757 5623 D.
2779 5568 2843 5625 P.
2874 5570 2988 5636 Sc.,
3025 5570 3302 5635 ἁπάντων,
3337 5568 3395 5624 S.
3473 5569 3518 5599 ⁹¹
3545 5569 3635 5639 καὶ

395 5628 739 5683 ἀπελθουσῶν
763 5632 848 5712 ,ῡῆ
896 5632 1027 5755 μηδὲ
1058 5633 1430 5702 ἐγγενομένων
1466 5634 1640 5705 πάντη
1666 5628 1775 5687 τῶν
1804 5628 1988 5700 ἕξεων,
2033 5635 2089 5689 8.
2165 5637 2208 5670 ’⁸
2234 5639 2262 5689 ὁ
2303 5633 2428 5703 οὖν,
2455 5637 2515 5693 Ρ.
2540 5628 2553 5639 ’
2591 5628 2751 5694 "Sta
2805 5642 2926 5712 τήν,
2959 5628 3021 5695 Β.
3099 5641 3143 5671 ’⁸
3175 5628 3317 5695 κατά
3348 5640 3549 5702 ταύτό,
3578 5638 3635 5693 5.

399 5702 442 5731 ³³
471 5700 527 5752 δέ
550 5716 653 5753 non
678 5712 760 5754 est
791 5718 842 5755 ιιι
868 5701 924 5755 S.
1001 5743 1015 5755 .
1039 5704 1127 5755 Sc.
1207 5704 1252 5734 ⁸⁸
1269 5703 1499 5755 ἀνέλοιε.
1529 5707 1770 5755 sequitur
1806 5717 2006 5755 tamen.
2042 5709 2088 5755 si
2118 5706 2224 5755 γὰο
2263 5708 2419 5755 τοῦτο
2447 5709 2689 5755 γένηται-
2726 5714 2776 5755 in
2816 5713 3070 5755 munitum
3103 5712 3404 5755 milicilms-
3480 5712 3524 5741 ”
3550 5710 3635 5755 ni

399 5702 442 5731 ³³
471 5700 527 5752 δέ
550 5716 653 5753 non
678 5712 760 5754 est
791 5702 842 5755 in

410 5766 537 5840 γάρ,
560 5786 665 5826 non
691 5781 774 5826 est
807 5773 860 5827 in
881 5771 1044 5840 P.,ut
1076 5789 1175 5829 nec
1202 5765 1470 5843 posterius
1502 5765 1675 5829 κάίίιι
1706 5775 1764 5829 S.

1039 5704 1127 5757 Sc.
1207 5703 1499 5781 ⁹⁶ἀνέλοις,
1529 5703 1770 5781 sequitur
1806 5717 2006 5772 tamen,
2042 5709 2088 5760 εἰ
2118 5706 2224 5777 γὰρ
2263 5708 2419 5762 τοῦτο
2447 5709 2691 5781 γένηται,
2726 5714 2776 5767 in
2816 5703 3070 5767 euntibus
3103 5712 3404 5767 codicibus.
3480 5712 3524 5741 ”
3550 5710 3637 5762 καὶ
