  <div class='ocr_page' id='page_1' title='image "/cluster/home/n/w/nwhite01/storage/ocr_20150623/3/hvd.32044014713192/368.png"; bbox 0 0 3752 6308; ppageno 0'>
   <div class='ocr_carea' id='block_1_1' title="bbox 176 331 272 393">
    <p class='ocr_par' dir='ltr' id='par_1_1' title="bbox 176 331 272 393">
     <span class='ocr_line' id='line_1_1' title="bbox 176 331 272 393; baseline 0 0"><span class='ocrx_word' id='word_1_1' title='bbox 176 331 272 393; x_wconf 66' lang='lat'><strong>7:21</strong></span> 
     </span>
    </p>
   </div>
   <div class='ocr_carea' id='block_1_2' title="bbox 1225 334 2365 399">
    <p class='ocr_par' dir='ltr' id='par_1_2' title="bbox 1225 334 2365 399">
     <span class='ocr_line' id='line_1_2' title="bbox 1225 334 2365 399; baseline -0.002 -5"><span class='ocrx_word' id='word_1_2' title='bbox 1225 339 1313 394; x_wconf 82' lang='lat' dir='ltr'><strong>DE</strong></span> <span class='ocrx_word' id='word_1_3' title='bbox 1348 334 1599 394; x_wconf 80' lang='lat' dir='ltr'><strong>DlViNlS</strong></span> <span class='ocrx_word' id='word_1_4' title='bbox 1649 334 2045 399; x_wconf 77' lang='lat' dir='ltr'><strong>NOMINIBUS,</strong></span> <span class='ocrx_word' id='word_1_5' title='bbox 2083 334 2238 392; x_wconf 85' lang='lat' dir='ltr'><strong>CAP.</strong></span> <span class='ocrx_word' id='word_1_6' title='bbox 2276 334 2365 392; x_wconf 80' lang='lat' dir='ltr'><strong>IV.</strong></span> 
     </span>
    </p>
   </div>
   <div class='ocr_carea' id='block_1_3' title="bbox 3318 332 3433 387">
    <p class='ocr_par' dir='ltr' id='par_1_3' title="bbox 3318 332 3433 387">
     <span class='ocr_line' id='line_1_3' title="bbox 3318 332 3433 387; baseline -0.009 0"><span class='ocrx_word' id='word_1_7' title='bbox 3318 332 3433 387; x_wconf 61' lang='grc' dir='ltr'>ξτες</span> 
     </span>
    </p>
   </div>
   <div class='ocr_carea' id='block_1_4' title="bbox 175 444 1657 524">
    <p class='ocr_par' dir='ltr' id='par_1_4' title="bbox 175 444 1657 524">
     <span class='ocr_line' id='line_1_4' title="bbox 175 444 1657 524; baseline -0.001 -16"><span class='ocrx_word' id='word_1_8' title='bbox 175 452 269 508; x_wconf 81' lang='grc' dir='ltr'><strong>τοῦ</strong></span> <span class='ocrx_word' id='word_1_9' title='bbox 315 454 404 511; x_wconf 68' lang='grc' dir='ltr'>ἀεὶ</span> <span class='ocrx_word' id='word_1_10' title='bbox 422 444 598 518; x_wconf 68' lang='grc' dir='ltr'>δνιος,</span> <span class='ocrx_word' id='word_1_11' title='bbox 631 447 903 507; x_wconf 71' lang='grc' dir='ltr'>οὐκέστι*</span> <span class='ocrx_word' id='word_1_12' title='bbox 935 453 1053 508; x_wconf 79' lang='grc' dir='ltr'>καθ’</span> <span class='ocrx_word' id='word_1_13' title='bbox 1077 456 1200 509; x_wconf 80' lang='grc' dir='ltr'>ὅσον</span> <span class='ocrx_word' id='word_1_14' title='bbox 1243 455 1300 508; x_wconf 82' lang='grc' dir='ltr'>δὲ</span> <span class='ocrx_word' id='word_1_15' title='bbox 1336 453 1432 508; x_wconf 88' lang='grc' dir='ltr'><strong>τοῦ</strong></span> <span class='ocrx_word' id='word_1_16' title='bbox 1455 453 1595 508; x_wconf 73' lang='grc' dir='ltr'>εἶναι</span> <span class='ocrx_word' id='word_1_17' title='bbox 1625 471 1657 524; x_wconf 87' lang='grc' dir='ltr'><strong>μ</strong></span> 
     </span>
    </p>
   </div>
   <div class='ocr_carea' id='block_1_5' title="bbox 1951 444 3433 524">
    <p class='ocr_par' dir='ltr' id='par_1_5' title="bbox 1951 449 3433 519">
     <span class='ocr_line' id='line_1_5' title="bbox 1951 449 3433 519; baseline 0 -17"><span class='ocrx_word' id='word_1_18' title='bbox 1951 460 2043 504; x_wconf 71' lang='grc' dir='ltr'><strong>οιε</strong></span> <span class='ocrx_word' id='word_1_19' title='bbox 2077 451 2219 506; x_wconf 91' lang='lat' dir='ltr'><strong>desit</strong></span> <span class='ocrx_word' id='word_1_20' title='bbox 2246 449 2589 515; x_wconf 93' lang='lat' dir='ltr'><strong>constitutio,</strong></span> <span class='ocrx_word' id='word_1_21' title='bbox 2622 463 2799 519; x_wconf 79' lang='lat' dir='ltr'><strong>neque</strong></span> <span class='ocrx_word' id='word_1_22' title='bbox 2830 450 3055 505; x_wconf 80' lang='lat' dir='ltr'><strong>morbus</strong></span> <span class='ocrx_word' id='word_1_23' title='bbox 3109 450 3225 518; x_wconf 86' lang='lat' dir='ltr'><strong>ipse</strong></span> <span class='ocrx_word' id='word_1_24' title='bbox 3250 451 3433 503; x_wconf 82' lang='lat' dir='ltr'><strong>subsi-</strong></span> 
     </span>
    </p>
   </div>
   <div class='ocr_carea' id='block_1_6' title="bbox 174 544 1755 618">
    <p class='ocr_par' dir='ltr' id='par_1_6' title="bbox 174 544 1755 618">
     <span class='ocr_line' id='line_1_6' title="bbox 174 544 1755 618; baseline -0.001 -16"><span class='ocrx_word' id='word_1_25' title='bbox 174 548 389 618; x_wconf 81' lang='grc' dir='ltr'><strong>εἰληφε,</strong></span> <span class='ocrx_word' id='word_1_26' title='bbox 424 547 569 601; x_wconf 80' lang='grc' dir='ltr'><strong>κατά</strong></span> <span class='ocrx_word' id='word_1_27' title='bbox 610 546 859 600; x_wconf 84' lang='grc' dir='ltr'>τοσοῦτον</span> <span class='ocrx_word' id='word_1_28' title='bbox 906 546 1042 612; x_wconf 66' lang='grc' dir='ltr'>ἔστι,</span> <span class='ocrx_word' id='word_1_29' title='bbox 1086 549 1181 601; x_wconf 74' lang='grc' dir='ltr'>καὶ</span> <span class='ocrx_word' id='word_1_30' title='bbox 1208 549 1273 603; x_wconf 79' lang='grc' dir='ltr'>τὸ</span> <span class='ocrx_word' id='word_1_31' title='bbox 1300 549 1438 614; x_wconf 77' lang='grc' dir='ltr'>ὅλως</span> <span class='ocrx_word' id='word_1_32' title='bbox 1471 544 1629 612; x_wconf 71' lang='grc' dir='ltr'>εἶναι,</span> <span class='ocrx_word' id='word_1_33' title='bbox 1660 548 1755 601; x_wconf 76' lang='grc' dir='ltr'>καὶ</span> 
     </span>
    </p>
   </div>
   <div class='ocr_carea' id='block_1_7' title="bbox 172 638 1757 712">
    <p class='ocr_par' dir='ltr' id='par_1_7' title="bbox 172 638 1757 712">
     <span class='ocr_line' id='line_1_7' title="bbox 172 638 1757 712; baseline -0.002 -18"><span class='ocrx_word' id='word_1_34' title='bbox 172 641 238 694; x_wconf 76' lang='lat' dir='ltr'><strong>&#39;rb</strong></span> <span class='ocrx_word' id='word_1_35' title='bbox 273 640 347 712; x_wconf 79' lang='grc' dir='ltr'><strong>μὴ</strong></span> <span class='ocrx_word' id='word_1_36' title='bbox 374 638 435 693; x_wconf 77' lang='grc' dir='ltr'>ὃν</span> <span class='ocrx_word' id='word_1_37' title='bbox 460 639 624 694; x_wconf 81' lang='grc' dir='ltr'>αὑτοῦ</span> <span class='ocrx_word' id='word_1_38' title='bbox 648 640 1038 711; x_wconf 76' lang='grc' dir='ltr'>διακρατεῖσιαι,</span> <span class='ocrx_word' id='word_1_39' title='bbox 1064 641 1161 695; x_wconf 69' lang='grc' dir='ltr'>καὶ</span> <span class='ocrx_word' id='word_1_40' title='bbox 1185 640 1529 706; x_wconf 77' lang='grc' dir='ltr'><strong>διασώζεται.</strong></span> <span class='ocrx_word' id='word_1_41' title='bbox 1562 639 1673 694; x_wconf 75' lang='grc' dir='ltr'><strong>Καὶ</strong></span> <span class='ocrx_word' id='word_1_42' title='bbox 1695 638 1757 692; x_wconf 78' lang='grc' dir='ltr'><strong>τὸ</strong></span> 
     </span>
    </p>
   </div>
   <div class='ocr_carea' id='block_1_8' title="bbox 176 730 1754 806">
    <p class='ocr_par' dir='ltr' id='par_1_8' title="bbox 176 730 1754 806">
     <span class='ocr_line' id='line_1_8' title="bbox 176 730 1754 806; baseline -0.002 -19"><span class='ocrx_word' id='word_1_43' title='bbox 176 733 370 796; x_wconf 78' lang='grc' dir='ltr'>κακὸν,</span> <span class='ocrx_word' id='word_1_44' title='bbox 397 733 460 786; x_wconf 65' lang='lat' dir='ltr'><strong>rb</strong></span> <span class='ocrx_word' id='word_1_45' title='bbox 492 733 592 803; x_wconf 76' lang='grc' dir='ltr'><strong>μὲν</strong></span> <span class='ocrx_word' id='word_1_46' title='bbox 617 733 793 806; x_wconf 85' lang='grc' dir='ltr'>πάντη</span> <span class='ocrx_word' id='word_1_47' title='bbox 828 733 923 787; x_wconf 86' lang='grc' dir='ltr'><strong>τοῦ</strong></span> <span class='ocrx_word' id='word_1_48' title='bbox 949 733 1157 802; x_wconf 79' lang='grc' dir='ltr'><strong>ἀγαθοῦ</strong></span> <span class='ocrx_word' id='word_1_49' title='bbox 1180 732 1601 796; x_wconf 81' lang='grc' dir='ltr'>ἀποπεπτωκδς,</span> <span class='ocrx_word' id='word_1_50' title='bbox 1628 730 1754 786; x_wconf 72' lang='grc' dir='ltr'>οὔτε</span> 
     </span>
    </p>
   </div>
   <div class='ocr_carea' id='block_1_9' title="bbox 174 819 1753 897">
    <p class='ocr_par' dir='ltr' id='par_1_9' title="bbox 174 819 1753 897">
     <span class='ocr_line' id='line_1_9' title="bbox 174 819 1753 897; baseline -0.001 -19"><span class='ocrx_word' id='word_1_51' title='bbox 174 827 236 879; x_wconf 82' lang='grc' dir='ltr'>ὲν</span> <span class='ocrx_word' id='word_1_52' title='bbox 267 827 384 888; x_wconf 80' lang='grc' dir='ltr'>τοῖς</span> <span class='ocrx_word' id='word_1_53' title='bbox 412 824 638 896; x_wconf 78' lang='grc' dir='ltr'>μᾶλλον,</span> <span class='ocrx_word' id='word_1_54' title='bbox 671 825 794 879; x_wconf 75' lang='grc' dir='ltr'>οὕτε</span> <span class='ocrx_word' id='word_1_55' title='bbox 851 827 909 879; x_wconf 77' lang='grc' dir='ltr'>ὲν</span> <span class='ocrx_word' id='word_1_56' title='bbox 951 824 1066 890; x_wconf 77' lang='grc' dir='ltr'>τοῖς</span> <span class='ocrx_word' id='word_1_57' title='bbox 1113 819 1291 897; x_wconf 83' lang='grc' dir='ltr'>ἦττον,</span> <span class='ocrx_word' id='word_1_58' title='bbox 1309 826 1511 896; x_wconf 75' lang='grc' dir='ltr'>ἀγαθὸν</span> <span class='ocrx_word' id='word_1_59' title='bbox 1527 823 1753 877; x_wconf 56' lang='lat' dir='ltr'><strong>&quot;gerat.</strong></span> 
     </span>
    </p>
   </div>
   <div class='ocr_carea' id='block_1_10' title="bbox 172 912 1757 986">
    <p class='ocr_par' dir='ltr' id='par_1_10' title="bbox 172 912 1757 986">
     <span class='ocr_line' id='line_1_10' title="bbox 172 912 1757 986; baseline 0 -17"><span class='ocrx_word' id='word_1_60' title='bbox 172 916 251 969; x_wconf 85' lang='lat' dir='ltr'><strong>Tb</strong></span> <span class='ocrx_word' id='word_1_61' title='bbox 275 916 352 986; x_wconf 85' lang='grc' dir='ltr'><strong>πῆ</strong></span> <span class='ocrx_word' id='word_1_62' title='bbox 384 916 484 986; x_wconf 77' lang='grc' dir='ltr'>μὲν</span> <span class='ocrx_word' id='word_1_63' title='bbox 508 916 738 984; x_wconf 75' lang='grc' dir='ltr'>ἀγαθὸν,</span> <span class='ocrx_word' id='word_1_64' title='bbox 766 912 845 984; x_wconf 79' lang='grc' dir='ltr'><strong>πῆ</strong></span> <span class='ocrx_word' id='word_1_65' title='bbox 895 912 953 966; x_wconf 83' lang='grc' dir='ltr'>δὲ</span> <span class='ocrx_word' id='word_1_66' title='bbox 981 912 1104 965; x_wconf 51' lang='grc' dir='ltr'><strong>κούκ</strong></span> <span class='ocrx_word' id='word_1_67' title='bbox 1148 916 1373 986; x_wconf 74' lang='grc' dir='ltr'>ἀγαθὸν,</span> <span class='ocrx_word' id='word_1_68' title='bbox 1402 916 1632 986; x_wconf 81' lang='grc' dir='ltr'>μάχεται</span> <span class='ocrx_word' id='word_1_69' title='bbox 1659 914 1757 986; x_wconf 82' lang='grc' dir='ltr'><strong>μὲν</strong></span> 
     </span>
    </p>
   </div>
   <div class='ocr_carea' id='block_1_11' title="bbox 173 1001 1758 1081">
    <p class='ocr_par' dir='ltr' id='par_1_11' title="bbox 173 1001 1758 1081">
     <span class='ocr_line' id='line_1_11' title="bbox 173 1001 1758 1081; baseline -0.001 -19"><span class='ocrx_word' id='word_1_70' title='bbox 173 1001 369 1079; x_wconf 78' lang='grc' dir='ltr'>ἀγαθῷ</span> <span class='ocrx_word' id='word_1_71' title='bbox 399 1024 529 1071; x_wconf 90' lang='grc' dir='ltr'>τινι,</span> <span class='ocrx_word' id='word_1_72' title='bbox 556 1009 656 1080; x_wconf 79' lang='grc' dir='ltr'><strong>οὐχ</strong></span> <span class='ocrx_word' id='word_1_73' title='bbox 679 1008 785 1081; x_wconf 83' lang='grc' dir='ltr'><strong>ὅλῳ</strong></span> <span class='ocrx_word' id='word_1_74' title='bbox 829 1010 886 1063; x_wconf 83' lang='grc' dir='ltr'>δὲ</span> <span class='ocrx_word' id='word_1_75' title='bbox 925 1007 1147 1079; x_wconf 84' lang='grc' dir='ltr'>τάγαθῷ</span> <span class='ocrx_word' id='word_1_76' title='bbox 1166 1024 1180 1039; x_wconf 87' lang='grc'><strong>·</strong></span> <span class='ocrx_word' id='word_1_77' title='bbox 1231 1010 1510 1080; x_wconf 84' lang='grc' dir='ltr'>κρατεῖται</span> <span class='ocrx_word' id='word_1_78' title='bbox 1556 1007 1614 1061; x_wconf 81' lang='grc' dir='ltr'>δὲ</span> <span class='ocrx_word' id='word_1_79' title='bbox 1665 1009 1758 1061; x_wconf 75' lang='grc' dir='ltr'><strong>καὶ</strong></span> 
     </span>
    </p>
   </div>
   <div class='ocr_carea' id='block_1_12' title="bbox 172 1096 1758 1171">
    <p class='ocr_par' dir='ltr' id='par_1_12' title="bbox 172 1096 1758 1171">
     <span class='ocr_line' id='line_1_12' title="bbox 172 1096 1758 1171; baseline -0.001 -18"><span class='ocrx_word' id='word_1_80' title='bbox 172 1099 311 1153; x_wconf 64' lang='grc' dir='ltr'>αὐτὸ</span> <span class='ocrx_word' id='word_1_81' title='bbox 334 1102 409 1171; x_wconf 75' lang='grc' dir='ltr'>τῇ</span> <span class='ocrx_word' id='word_1_82' title='bbox 433 1100 531 1153; x_wconf 86' lang='grc' dir='ltr'><strong>τοῦ</strong></span> <span class='ocrx_word' id='word_1_83' title='bbox 571 1099 778 1170; x_wconf 89' lang='grc' dir='ltr'>ἀγαθοῦ</span> <span class='ocrx_word' id='word_1_84' title='bbox 835 1097 1115 1171; x_wconf 76' lang='grc' dir='ltr'>μετουσίᾳ,</span> <span class='ocrx_word' id='word_1_85' title='bbox 1160 1100 1254 1152; x_wconf 74' lang='grc' dir='ltr'><strong>καὶ</strong></span> <span class='ocrx_word' id='word_1_86' title='bbox 1293 1096 1463 1151; x_wconf 81' lang='grc' dir='ltr'>οὺσιοῖ</span> <span class='ocrx_word' id='word_1_87' title='bbox 1511 1098 1607 1152; x_wconf 78' lang='grc' dir='ltr'>καὶ</span> <span class='ocrx_word' id='word_1_88' title='bbox 1659 1096 1758 1169; x_wconf 82' lang='grc' dir='ltr'>τὴν</span> 
     </span>
    </p>
   </div>
   <div class='ocr_carea' id='block_1_13' title="bbox 174 1186 1753 1262">
    <p class='ocr_par' dir='ltr' id='par_1_13' title="bbox 174 1186 1753 1262">
     <span class='ocr_line' id='line_1_13' title="bbox 174 1186 1753 1262; baseline -0.003 -19"><span class='ocrx_word' id='word_1_89' title='bbox 174 1186 375 1243; x_wconf 75' lang='grc' dir='ltr'>ἑαυτοῦ</span> <span class='ocrx_word' id='word_1_90' title='bbox 402 1190 659 1261; x_wconf 81' lang='grc' dir='ltr'><strong>στέρησιν</strong></span> <span class='ocrx_word' id='word_1_91' title='bbox 689 1190 751 1243; x_wconf 81' lang='grc' dir='ltr'>τὸ</span> <span class='ocrx_word' id='word_1_92' title='bbox 773 1189 996 1260; x_wconf 81' lang='grc' dir='ltr'>ἀγαθὸν,</span> <span class='ocrx_word' id='word_1_93' title='bbox 1021 1192 1088 1262; x_wconf 68' lang='grc' dir='ltr'>τῇ</span> <span class='ocrx_word' id='word_1_94' title='bbox 1120 1188 1256 1253; x_wconf 79' lang='grc' dir='ltr'><strong>ὅλως</strong></span> <span class='ocrx_word' id='word_1_95' title='bbox 1290 1187 1452 1242; x_wconf 78' lang='grc' dir='ltr'>αὑτοῦ</span> <span class='ocrx_word' id='word_1_96' title='bbox 1506 1186 1753 1258; x_wconf 77' lang='grc' dir='ltr'>μεθέξει·</span> 
     </span>
    </p>
   </div>
   <div class='ocr_carea' id='block_1_14' title="bbox 172 1278 1756 1353">
    <p class='ocr_par' dir='ltr' id='par_1_14' title="bbox 172 1278 1756 1353">
     <span class='ocr_line' id='line_1_14' title="bbox 172 1278 1756 1353; baseline -0.002 -19"><span class='ocrx_word' id='word_1_97' title='bbox 172 1280 353 1352; x_wconf 68' lang='grc' dir='ltr'><strong>*πάντη</strong></span> <span class='ocrx_word' id='word_1_98' title='bbox 379 1281 490 1353; x_wconf 87' lang='grc' dir='ltr'><strong>γάρ</strong></span> <span class='ocrx_word' id='word_1_99' title='bbox 515 1281 840 1346; x_wconf 78' lang='grc' dir='ltr'><strong>ἀπελθόντος</strong></span> <span class='ocrx_word' id='word_1_100' title='bbox 866 1281 960 1335; x_wconf 90' lang='grc' dir='ltr'><strong>τοῦ</strong></span> <span class='ocrx_word' id='word_1_101' title='bbox 1017 1281 1243 1351; x_wconf 79' lang='grc' dir='ltr'><strong>ἀγαθοῦ,</strong></span> <span class='ocrx_word' id='word_1_102' title='bbox 1291 1278 1412 1333; x_wconf 69' lang='grc' dir='ltr'>οὔτε</span> <span class='ocrx_word' id='word_1_103' title='bbox 1453 1279 1679 1333; x_wconf 79' lang='grc' dir='ltr'><strong>καθόλου</strong></span> <span class='ocrx_word' id='word_1_104' title='bbox 1703 1296 1756 1332; x_wconf 90' lang='grc' dir='ltr'>τι</span> 
     </span>
    </p>
   </div>
   <div class='ocr_carea' id='block_1_15' title="bbox 176 1371 1757 1445">
    <p class='ocr_par' dir='ltr' id='par_1_15' title="bbox 176 1371 1757 1445">
     <span class='ocr_line' id='line_1_15' title="bbox 176 1371 1757 1445; baseline -0.001 -19"><span class='ocrx_word' id='word_1_105' title='bbox 176 1373 329 1426; x_wconf 76' lang='grc' dir='ltr'>ἔσται</span> <span class='ocrx_word' id='word_1_106' title='bbox 354 1374 582 1442; x_wconf 78' lang='grc' dir='ltr'>ἀγαθὸν,</span> <span class='ocrx_word' id='word_1_107' title='bbox 609 1373 732 1427; x_wconf 73' lang='grc' dir='ltr'>οὔτε</span> <span class='ocrx_word' id='word_1_108' title='bbox 791 1376 1003 1445; x_wconf 77' lang='grc' dir='ltr'>μικτὸν,</span> <span class='ocrx_word' id='word_1_109' title='bbox 1048 1374 1171 1428; x_wconf 77' lang='grc' dir='ltr'>οὗτε</span> <span class='ocrx_word' id='word_1_110' title='bbox 1196 1373 1516 1427; x_wconf 78' lang='grc' dir='ltr'>αὐτόκακον.</span> <span class='ocrx_word' id='word_1_111' title='bbox 1561 1373 1624 1425; x_wconf 74' lang='lat' dir='ltr'><strong>Et</strong></span> <span class='ocrx_word' id='word_1_112' title='bbox 1647 1371 1757 1443; x_wconf 83' lang='grc' dir='ltr'><strong>γὰρ</strong></span> 
     </span>
    </p>
   </div>
   <div class='ocr_carea' id='block_1_16' title="bbox 174 1466 1755 1541">
    <p class='ocr_par' dir='ltr' id='par_1_16' title="bbox 174 1466 1755 1541">
     <span class='ocr_line' id='line_1_16' title="bbox 174 1466 1755 1541; baseline 0 -22"><span class='ocrx_word' id='word_1_113' title='bbox 174 1466 238 1519; x_wconf 76' lang='grc' dir='ltr'>τὸ</span> <span class='ocrx_word' id='word_1_114' title='bbox 268 1466 440 1523; x_wconf 80' lang='grc' dir='ltr'>κακὸν</span> <span class='ocrx_word' id='word_1_115' title='bbox 476 1467 665 1531; x_wconf 77' lang='grc' dir='ltr'>ἀτελές</span> <span class='ocrx_word' id='word_1_116' title='bbox 689 1470 836 1520; x_wconf 76' lang='grc' dir='ltr'>ἐστιν</span> <span class='ocrx_word' id='word_1_117' title='bbox 877 1468 1357 1541; x_wconf 71' lang='grc' dir='ltr'>ἀγαθὸν,ἀπουσίᾳ</span> <span class='ocrx_word' id='word_1_118' title='bbox 1388 1468 1643 1523; x_wconf 79' lang='grc' dir='ltr'><strong>παντελεῖ</strong></span> <span class='ocrx_word' id='word_1_119' title='bbox 1662 1467 1755 1520; x_wconf 84' lang='grc' dir='ltr'><strong>τοῦ</strong></span> 
     </span>
    </p>
   </div>
   <div class='ocr_carea' id='block_1_17' title="bbox 174 1560 1758 1630">
    <p class='ocr_par' dir='ltr' id='par_1_17' title="bbox 174 1560 1758 1630">
     <span class='ocr_line' id='line_1_17' title="bbox 174 1560 1758 1630; baseline -0.001 -16"><span class='ocrx_word' id='word_1_120' title='bbox 174 1560 385 1628; x_wconf 80' lang='grc' dir='ltr'>ἀγαθοῦ</span> <span class='ocrx_word' id='word_1_121' title='bbox 437 1561 534 1614; x_wconf 75' lang='grc' dir='ltr'><strong>καὶ</strong></span> <span class='ocrx_word' id='word_1_122' title='bbox 558 1561 619 1614; x_wconf 82' lang='grc' dir='ltr'><strong>τὸ</strong></span> <span class='ocrx_word' id='word_1_123' title='bbox 644 1561 854 1625; x_wconf 81' lang='grc' dir='ltr'>ἀτελὲς,</span> <span class='ocrx_word' id='word_1_124' title='bbox 884 1563 978 1615; x_wconf 74' lang='grc' dir='ltr'>καὶ</span> <span class='ocrx_word' id='word_1_125' title='bbox 1022 1562 1084 1615; x_wconf 76' lang='grc' dir='ltr'>τὸ</span> <span class='ocrx_word' id='word_1_126' title='bbox 1131 1562 1335 1615; x_wconf 81' lang='grc' dir='ltr'>τέλειον</span> <span class='ocrx_word' id='word_1_127' title='bbox 1376 1561 1580 1630; x_wconf 81' lang='grc' dir='ltr'>ἀγαθὸν</span> <span class='ocrx_word' id='word_1_128' title='bbox 1621 1560 1758 1614; x_wconf 80' lang='grc' dir='ltr'><strong>ἀπέ-</strong></span> 
     </span>
    </p>
   </div>
   <div class='ocr_carea' id='block_1_18' title="bbox 176 1653 1756 1724">
    <p class='ocr_par' dir='ltr' id='par_1_18' title="bbox 176 1653 1756 1724">
     <span class='ocr_line' id='line_1_18' title="bbox 176 1653 1756 1724; baseline 0.001 -20"><span class='ocrx_word' id='word_1_129' title='bbox 176 1668 303 1705; x_wconf 87' lang='grc' dir='ltr'>σται</span> <span class='ocrx_word' id='word_1_130' title='bbox 326 1669 341 1683; x_wconf 76' lang='grc' dir='ltr'><strong>ο</strong></span> <span class='ocrx_word' id='word_1_131' title='bbox 370 1654 467 1706; x_wconf 75' lang='grc' dir='ltr'><strong>καὶ</strong></span> <span class='ocrx_word' id='word_1_132' title='bbox 488 1654 613 1707; x_wconf 81' lang='grc' dir='ltr'>τότε</span> <span class='ocrx_word' id='word_1_133' title='bbox 642 1654 800 1724; x_wconf 80' lang='grc' dir='ltr'>μόνον</span> <span class='ocrx_word' id='word_1_134' title='bbox 825 1653 988 1707; x_wconf 76' lang='grc' dir='ltr'>ἔσται</span> <span class='ocrx_word' id='word_1_135' title='bbox 1016 1655 1111 1707; x_wconf 71' lang='grc' dir='ltr'><strong>καὶ</strong></span> <span class='ocrx_word' id='word_1_136' title='bbox 1155 1653 1453 1724; x_wconf 78' lang='grc' dir='ltr'>ὀφθήσεται</span> <span class='ocrx_word' id='word_1_137' title='bbox 1477 1653 1539 1706; x_wconf 84' lang='grc' dir='ltr'><strong>τὸ</strong></span> <span class='ocrx_word' id='word_1_138' title='bbox 1568 1653 1756 1717; x_wconf 77' lang='grc' dir='ltr'>κακὸν,</span> 
     </span>
    </p>
   </div>
   <div class='ocr_carea' id='block_1_19' title="bbox 178 1738 1757 1814">
    <p class='ocr_par' dir='ltr' id='par_1_19' title="bbox 178 1738 1757 1814">
     <span class='ocr_line' id='line_1_19' title="bbox 178 1738 1757 1814; baseline 0.002 -21"><span class='ocrx_word' id='word_1_139' title='bbox 178 1742 339 1812; x_wconf 73' lang='grc' dir='ltr'>ἡνίκα</span> <span class='ocrx_word' id='word_1_140' title='bbox 362 1745 477 1805; x_wconf 86' lang='grc' dir='ltr'>τοῖς</span> <span class='ocrx_word' id='word_1_141' title='bbox 504 1743 606 1814; x_wconf 84' lang='grc' dir='ltr'><strong>μὲν</strong></span> <span class='ocrx_word' id='word_1_142' title='bbox 654 1743 768 1797; x_wconf 78' lang='grc' dir='ltr'>ἐστι</span> <span class='ocrx_word' id='word_1_143' title='bbox 818 1744 986 1797; x_wconf 79' lang='grc' dir='ltr'>κακὸν</span> <span class='ocrx_word' id='word_1_144' title='bbox 1026 1738 1107 1807; x_wconf 76' lang='grc' dir='ltr'>οἷς</span> <span class='ocrx_word' id='word_1_145' title='bbox 1150 1745 1495 1813; x_wconf 79' lang='grc' dir='ltr'>ὴναντίωται,</span> <span class='ocrx_word' id='word_1_146' title='bbox 1550 1743 1658 1797; x_wconf 83' lang='grc' dir='ltr'><strong>τῶν</strong></span> <span class='ocrx_word' id='word_1_147' title='bbox 1699 1742 1757 1796; x_wconf 81' lang='grc' dir='ltr'>δὲ</span> 
     </span>
    </p>
   </div>
   <div class='ocr_carea' id='block_1_20' title="bbox 1858 545 3433 615">
    <p class='ocr_par' dir='ltr' id='par_1_20' title="bbox 1858 545 3433 615">
     <span class='ocr_line' id='line_1_20' title="bbox 1858 545 3433 615; baseline 0.001 -16"><span class='ocrx_word' id='word_1_148' title='bbox 1858 554 1999 608; x_wconf 83' lang='lat' dir='ltr'><strong>stet;</strong></span> <span class='ocrx_word' id='word_1_149' title='bbox 2028 545 2248 599; x_wconf 85' lang='lat' dir='ltr'><strong>morbus</strong></span> <span class='ocrx_word' id='word_1_150' title='bbox 2277 555 2459 599; x_wconf 87' lang='lat' dir='ltr'><strong>autem</strong></span> <span class='ocrx_word' id='word_1_151' title='bbox 2500 554 2683 599; x_wconf 89' lang='lat' dir='ltr'><strong>manet</strong></span> <span class='ocrx_word' id='word_1_152' title='bbox 2701 554 2756 602; x_wconf 88' lang='lat' dir='ltr'><strong>et</strong></span> <span class='ocrx_word' id='word_1_153' title='bbox 2783 546 3027 611; x_wconf 86' lang='lat' dir='ltr'><strong>exsistit,</strong></span> <span class='ocrx_word' id='word_1_154' title='bbox 3081 546 3134 599; x_wconf 90' lang='lat' dir='ltr'><strong>in</strong></span> <span class='ocrx_word' id='word_1_155' title='bbox 3163 558 3433 615; x_wconf 81' lang='lat' dir='ltr'><strong>quantum</strong></span> 
     </span>
    </p>
   </div>
   <div class='ocr_carea' id='block_1_21' title="bbox 1858 637 3431 701">
    <p class='ocr_par' dir='ltr' id='par_1_21' title="bbox 1858 637 3431 701">
     <span class='ocr_line' id='line_1_21' title="bbox 1858 637 3431 701; baseline -0.001 -10"><span class='ocrx_word' id='word_1_156' title='bbox 1858 647 1914 691; x_wconf 91' lang='lat' dir='ltr'><strong>et</strong></span> <span class='ocrx_word' id='word_1_157' title='bbox 1951 645 2154 691; x_wconf 86' lang='lat' dir='ltr'><strong>statum</strong></span> <span class='ocrx_word' id='word_1_158' title='bbox 2185 637 2386 701; x_wconf 85' lang='lat' dir='ltr'><strong>habet,</strong></span> <span class='ocrx_word' id='word_1_159' title='bbox 2426 646 2483 691; x_wconf 90' lang='lat' dir='ltr'><strong>et</strong></span> <span class='ocrx_word' id='word_1_160' title='bbox 2535 637 2814 692; x_wconf 87' lang='lat' dir='ltr'><strong>minimam</strong></span> <span class='ocrx_word' id='word_1_161' title='bbox 2850 638 3319 699; x_wconf 89' lang='lat' dir='ltr'><strong>constitutionem.</strong></span> <span class='ocrx_word' id='word_1_162' title='bbox 3378 638 3431 691; x_wconf 81' lang='lat' dir='ltr'><strong>in</strong></span> 
     </span>
    </p>
   </div>
   <div class='ocr_carea' id='block_1_22' title="bbox 1859 726 3433 799">
    <p class='ocr_par' dir='ltr' id='par_1_22' title="bbox 1859 726 3433 799">
     <span class='ocr_line' id='line_1_22' title="bbox 1859 726 3433 799; baseline 0.001 -18"><span class='ocrx_word' id='word_1_163' title='bbox 1859 744 1964 799; x_wconf 83' lang='lat' dir='ltr'><strong>qua</strong></span> <span class='ocrx_word' id='word_1_164' title='bbox 2008 726 2414 798; x_wconf 87' lang='lat' dir='ltr'><strong>quodammodo</strong></span> <span class='ocrx_word' id='word_1_165' title='bbox 2444 729 2706 785; x_wconf 62' lang='lat' dir='ltr'><strong>cohaeret.</strong></span> <span class='ocrx_word' id='word_1_166' title='bbox 2749 730 2900 796; x_wconf 84' lang='lat' dir='ltr'><strong>Quod</strong></span> <span class='ocrx_word' id='word_1_167' title='bbox 2935 731 3084 784; x_wconf 89' lang='lat' dir='ltr'><strong>enim</strong></span> <span class='ocrx_word' id='word_1_168' title='bbox 3109 732 3288 784; x_wconf 88' lang='lat' dir='ltr'><strong>omnis</strong></span> <span class='ocrx_word' id='word_1_169' title='bbox 3307 728 3433 784; x_wconf 86' lang='lat' dir='ltr'><strong>boni</strong></span> 
     </span>
    </p>
   </div>
   <div class='ocr_carea' id='block_1_23' title="bbox 1858 821 3437 893">
    <p class='ocr_par' dir='ltr' id='par_1_23' title="bbox 1858 821 3437 893">
     <span class='ocr_line' id='line_1_23' title="bbox 1858 821 3437 893; baseline 0.001 -19"><span class='ocrx_word' id='word_1_170' title='bbox 1858 836 2059 891; x_wconf 77' lang='lat' dir='ltr'><strong>expers</strong></span> <span class='ocrx_word' id='word_1_171' title='bbox 2083 830 2189 885; x_wconf 90' lang='lat' dir='ltr'><strong>est,</strong></span> <span class='ocrx_word' id='word_1_172' title='bbox 2219 822 2271 875; x_wconf 91' lang='lat' dir='ltr'><strong>id</strong></span> <span class='ocrx_word' id='word_1_173' title='bbox 2308 837 2485 891; x_wconf 90' lang='lat' dir='ltr'><strong>neque</strong></span> <span class='ocrx_word' id='word_1_174' title='bbox 2508 821 2711 891; x_wconf 87' lang='lat' dir='ltr'><strong>aliquid</strong></span> <span class='ocrx_word' id='word_1_175' title='bbox 2746 834 2852 887; x_wconf 89' lang='lat' dir='ltr'><strong>est,</strong></span> <span class='ocrx_word' id='word_1_176' title='bbox 2916 837 3093 892; x_wconf 89' lang='lat' dir='ltr'><strong>neque</strong></span> <span class='ocrx_word' id='word_1_177' title='bbox 3132 822 3186 877; x_wconf 94' lang='lat' dir='ltr'><strong>in</strong></span> <span class='ocrx_word' id='word_1_178' title='bbox 3217 823 3284 877; x_wconf 91' lang='lat' dir='ltr'><strong>iis</strong></span> <span class='ocrx_word' id='word_1_179' title='bbox 3314 836 3437 893; x_wconf 75' lang='lat' dir='ltr'><strong>qua:</strong></span> 
     </span>
    </p>
   </div>
   <div class='ocr_carea' id='block_1_24' title="bbox 1859 914 3436 987">
    <p class='ocr_par' dir='ltr' id='par_1_24' title="bbox 1859 914 3436 987">
     <span class='ocr_line' id='line_1_24' title="bbox 1859 914 3436 987; baseline 0 -18"><span class='ocrx_word' id='word_1_180' title='bbox 1859 924 1986 969; x_wconf 89' lang='lat' dir='ltr'><strong>sunt</strong></span> <span class='ocrx_word' id='word_1_181' title='bbox 2012 914 2260 980; x_wconf 80' lang='lat' dir='ltr'><strong>exsistit;</strong></span> <span class='ocrx_word' id='word_1_182' title='bbox 2292 914 2437 983; x_wconf 90' lang='lat' dir='ltr'><strong>quod</strong></span> <span class='ocrx_word' id='word_1_183' title='bbox 2469 924 2647 969; x_wconf 90' lang='lat' dir='ltr'><strong>autem</strong></span> <span class='ocrx_word' id='word_1_184' title='bbox 2701 916 2919 971; x_wconf 89' lang='lat' dir='ltr'><strong>mistum</strong></span> <span class='ocrx_word' id='word_1_185' title='bbox 2967 926 3073 982; x_wconf 89' lang='lat' dir='ltr'><strong>est,</strong></span> <span class='ocrx_word' id='word_1_186' title='bbox 3105 917 3159 971; x_wconf 86' lang='lat' dir='ltr'><strong>id</strong></span> <span class='ocrx_word' id='word_1_187' title='bbox 3212 927 3436 987; x_wconf 83' lang='lat' dir='ltr'><strong>propter</strong></span> 
     </span>
    </p>
   </div>
   <div class='ocr_carea' id='block_1_25' title="bbox 1859 1006 3428 1095">
    <p class='ocr_par' dir='ltr' id='par_1_25' title="bbox 1859 1006 3428 1095">
     <span class='ocr_line' id='line_1_25' title="bbox 1859 1006 3428 1095; baseline 0.001 -34"><span class='ocrx_word' id='word_1_188' title='bbox 1859 1007 2059 1061; x_wconf 83' lang='lat' dir='ltr'><strong>bonum</strong></span> <span class='ocrx_word' id='word_1_189' title='bbox 2076 1016 2171 1095; x_wconf 50' lang='grc' dir='ltr'>,εει</span> <span class='ocrx_word' id='word_1_190' title='bbox 2198 1007 2251 1059; x_wconf 89' lang='lat' dir='ltr'><strong>in</strong></span> <span class='ocrx_word' id='word_1_191' title='bbox 2276 1007 2461 1069; x_wconf 80' lang='lat' dir='ltr'><strong>rebus,</strong></span> <span class='ocrx_word' id='word_1_192' title='bbox 2486 1018 2543 1061; x_wconf 90' lang='lat' dir='ltr'><strong>et</strong></span> <span class='ocrx_word' id='word_1_193' title='bbox 2570 1006 2624 1060; x_wconf 86' lang='lat' dir='ltr'><strong>in</strong></span> <span class='ocrx_word' id='word_1_194' title='bbox 2652 1016 2858 1061; x_wconf 89' lang='lat' dir='ltr'><strong>tantum</strong></span> <span class='ocrx_word' id='word_1_195' title='bbox 2886 1009 2939 1062; x_wconf 87' lang='lat' dir='ltr'><strong>in</strong></span> <span class='ocrx_word' id='word_1_196' title='bbox 2992 1010 3155 1064; x_wconf 80' lang='lat' dir='ltr'><strong>rebus</strong></span> <span class='ocrx_word' id='word_1_197' title='bbox 3188 1011 3428 1076; x_wconf 80' lang='lat' dir='ltr'><strong>exsistit,</strong></span> 
     </span>
    </p>
   </div>
   <div class='ocr_carea' id='block_1_26' title="bbox 1858 1097 3435 1173">
    <p class='ocr_par' dir='ltr' id='par_1_26' title="bbox 1858 1097 3435 1173">
     <span class='ocr_line' id='line_1_26' title="bbox 1858 1097 3435 1173; baseline 0.002 -21"><span class='ocrx_word' id='word_1_198' title='bbox 1858 1106 2034 1160; x_wconf 84' lang='lat' dir='ltr'><strong>etest,</strong></span> <span class='ocrx_word' id='word_1_199' title='bbox 2067 1098 2121 1152; x_wconf 90' lang='lat' dir='ltr'><strong>in</strong></span> <span class='ocrx_word' id='word_1_200' title='bbox 2157 1109 2425 1167; x_wconf 88' lang='lat' dir='ltr'><strong>quantum</strong></span> <span class='ocrx_word' id='word_1_201' title='bbox 2455 1099 2577 1153; x_wconf 90' lang='lat' dir='ltr'><strong>boni</strong></span> <span class='ocrx_word' id='word_1_202' title='bbox 2631 1106 2717 1153; x_wconf 89' lang='lat' dir='ltr'><strong>est</strong></span> <span class='ocrx_word' id='word_1_203' title='bbox 2763 1100 3058 1173; x_wconf 83' lang='lat' dir='ltr'><strong>particeps.</strong></span> <span class='ocrx_word' id='word_1_204' title='bbox 3088 1097 3343 1166; x_wconf 79' lang='lat' dir='ltr'><strong>Quinimo</strong></span> <span class='ocrx_word' id='word_1_205' title='bbox 3369 1116 3435 1155; x_wconf 84' lang='lat' dir='ltr'><strong>ea</strong></span> 
     </span>
    </p>
   </div>
   <div class='ocr_carea' id='block_1_27' title="bbox 1858 1189 3436 1258">
    <p class='ocr_par' dir='ltr' id='par_1_27' title="bbox 1858 1189 3436 1258">
     <span class='ocr_line' id='line_1_27' title="bbox 1858 1189 3436 1258; baseline 0.003 -17"><span class='ocrx_word' id='word_1_206' title='bbox 1858 1201 1980 1255; x_wconf 67' lang='lat' dir='ltr'><strong>quae</strong></span> <span class='ocrx_word' id='word_1_207' title='bbox 2005 1196 2132 1241; x_wconf 89' lang='lat' dir='ltr'><strong>sunt</strong></span> <span class='ocrx_word' id='word_1_208' title='bbox 2160 1189 2375 1254; x_wconf 84' lang='lat' dir='ltr'><strong>omnia,</strong></span> <span class='ocrx_word' id='word_1_209' title='bbox 2413 1190 2465 1242; x_wconf 88' lang='lat' dir='ltr'><strong>in</strong></span> <span class='ocrx_word' id='word_1_210' title='bbox 2516 1197 2725 1241; x_wconf 90' lang='lat' dir='ltr'><strong>tantum</strong></span> <span class='ocrx_word' id='word_1_211' title='bbox 2780 1190 2952 1258; x_wconf 78' lang='lat' dir='ltr'><strong>magis</strong></span> <span class='ocrx_word' id='word_1_212' title='bbox 2980 1190 3222 1244; x_wconf 85' lang='lat' dir='ltr'><strong>minusve</strong></span> <span class='ocrx_word' id='word_1_213' title='bbox 3248 1200 3436 1257; x_wconf 85' lang='lat' dir='ltr'><strong>erunt,</strong></span> 
     </span>
    </p>
   </div>
   <div class='ocr_carea' id='block_1_28' title="bbox 1863 1279 3435 1347">
    <p class='ocr_par' dir='ltr' id='par_1_28' title="bbox 1863 1279 3435 1347">
     <span class='ocr_line' id='line_1_28' title="bbox 1863 1279 3435 1347; baseline 0.001 -13"><span class='ocrx_word' id='word_1_214' title='bbox 1863 1279 1913 1334; x_wconf 89' lang='lat' dir='ltr'><strong>in</strong></span> <span class='ocrx_word' id='word_1_215' title='bbox 1940 1288 2205 1346; x_wconf 82' lang='lat' dir='ltr'><strong>quantum</strong></span> <span class='ocrx_word' id='word_1_216' title='bbox 2253 1282 2319 1333; x_wconf 91' lang='lat' dir='ltr'><strong>ad</strong></span> <span class='ocrx_word' id='word_1_217' title='bbox 2373 1280 2501 1335; x_wconf 83' lang='lat' dir='ltr'><strong>boni</strong></span> <span class='ocrx_word' id='word_1_218' title='bbox 2549 1280 2885 1335; x_wconf 84' lang='lat' dir='ltr'><strong>consortium</strong></span> <span class='ocrx_word' id='word_1_219' title='bbox 2937 1283 3242 1347; x_wconf 76' lang='lat' dir='ltr'><strong>accedunt;</strong></span> <span class='ocrx_word' id='word_1_220' title='bbox 3308 1296 3435 1336; x_wconf 77' lang='lat' dir='ltr'><strong>nam</strong></span> 
     </span>
    </p>
   </div>
   <div class='ocr_carea' id='block_1_29' title="bbox 1860 1371 3438 1445">
    <p class='ocr_par' dir='ltr' id='par_1_29' title="bbox 1860 1371 3438 1445">
     <span class='ocr_line' id='line_1_29' title="bbox 1860 1371 3438 1445; baseline 0.004 -20"><span class='ocrx_word' id='word_1_221' title='bbox 1860 1374 2008 1442; x_wconf 87' lang='lat' dir='ltr'><strong>quod</strong></span> <span class='ocrx_word' id='word_1_222' title='bbox 2032 1371 2099 1425; x_wconf 91' lang='lat' dir='ltr'><strong>ad</strong></span> <span class='ocrx_word' id='word_1_223' title='bbox 2126 1371 2310 1441; x_wconf 90' lang='lat' dir='ltr'><strong>ipsum</strong></span> <span class='ocrx_word' id='word_1_224' title='bbox 2366 1381 2568 1428; x_wconf 88' lang='lat' dir='ltr'><strong>statum</strong></span> <span class='ocrx_word' id='word_1_225' title='bbox 2628 1376 2849 1439; x_wconf 87' lang='lat' dir='ltr'><strong>attinet,</strong></span> <span class='ocrx_word' id='word_1_226' title='bbox 2900 1374 2949 1428; x_wconf 94' lang='lat' dir='ltr'><strong>si</strong></span> <span class='ocrx_word' id='word_1_227' title='bbox 3004 1374 3438 1445; x_wconf 83' lang='lat' dir='ltr'><strong>ueutiqnamus-</strong></span> 
     </span>
    </p>
   </div>
   <div class='ocr_carea' id='block_1_30' title="bbox 1858 1466 3435 1537">
    <p class='ocr_par' dir='ltr' id='par_1_30' title="bbox 1858 1466 3435 1537">
     <span class='ocr_line' id='line_1_30' title="bbox 1858 1466 3435 1537; baseline 0.003 -20"><span class='ocrx_word' id='word_1_228' title='bbox 1858 1474 2097 1533; x_wconf 81' lang='lat' dir='ltr'><strong>quamve</strong></span> <span class='ocrx_word' id='word_1_229' title='bbox 2120 1466 2218 1531; x_wconf 89' lang='lat' dir='ltr'><strong>sit,</strong></span> <span class='ocrx_word' id='word_1_230' title='bbox 2260 1480 2362 1521; x_wconf 89' lang='lat' dir='ltr'><strong>nec</strong></span> <span class='ocrx_word' id='word_1_231' title='bbox 2403 1467 2511 1520; x_wconf 89' lang='lat' dir='ltr'><strong>erit</strong></span> <span class='ocrx_word' id='word_1_232' title='bbox 2552 1466 2792 1534; x_wconf 82' lang='lat' dir='ltr'><strong>quidem.</strong></span> <span class='ocrx_word' id='word_1_233' title='bbox 2820 1467 2971 1534; x_wconf 89' lang='lat' dir='ltr'><strong>Quod</strong></span> <span class='ocrx_word' id='word_1_234' title='bbox 3015 1479 3195 1521; x_wconf 90' lang='lat' dir='ltr'><strong>autem</strong></span> <span class='ocrx_word' id='word_1_235' title='bbox 3236 1470 3435 1537; x_wconf 83' lang='lat' dir='ltr'><strong>partim</strong></span> 
     </span>
    </p>
   </div>
   <div class='ocr_carea' id='block_1_31' title="bbox 1860 1556 3445 1627">
    <p class='ocr_par' dir='ltr' id='par_1_31' title="bbox 1860 1556 3445 1627">
     <span class='ocr_line' id='line_1_31' title="bbox 1860 1556 3445 1627; baseline 0.002 -18"><span class='ocrx_word' id='word_1_236' title='bbox 1860 1556 2080 1624; x_wconf 82' lang='lat' dir='ltr'><strong>quidem</strong></span> <span class='ocrx_word' id='word_1_237' title='bbox 2105 1566 2215 1620; x_wconf 92' lang='lat' dir='ltr'><strong>est,</strong></span> <span class='ocrx_word' id='word_1_238' title='bbox 2241 1557 2445 1626; x_wconf 87' lang='lat' dir='ltr'><strong>partim</strong></span> <span class='ocrx_word' id='word_1_239' title='bbox 2475 1567 2656 1612; x_wconf 89' lang='lat' dir='ltr'><strong>autem</strong></span> <span class='ocrx_word' id='word_1_240' title='bbox 2702 1572 2810 1612; x_wconf 85' lang='lat' dir='ltr'><strong>non</strong></span> <span class='ocrx_word' id='word_1_241' title='bbox 2850 1566 2957 1623; x_wconf 86' lang='lat' dir='ltr'><strong>est,</strong></span> <span class='ocrx_word' id='word_1_242' title='bbox 3002 1559 3055 1612; x_wconf 88' lang='lat' dir='ltr'><strong>id</strong></span> <span class='ocrx_word' id='word_1_243' title='bbox 3079 1568 3347 1627; x_wconf 83' lang='lat' dir='ltr'><strong>quatenus</strong></span> <span class='ocrx_word' id='word_1_244' title='bbox 3371 1560 3445 1612; x_wconf 81' lang='lat' dir='ltr'><strong>ab</strong></span> 
     </span>
    </p>
   </div>
   <div class='ocr_carea' id='block_1_32' title="bbox 1858 1650 3439 1722">
    <p class='ocr_par' dir='ltr' id='par_1_32' title="bbox 1858 1650 3439 1722">
     <span class='ocr_line' id='line_1_32' title="bbox 1858 1650 3439 1722; baseline 0 -17"><span class='ocrx_word' id='word_1_245' title='bbox 1858 1663 1925 1705; x_wconf 86' lang='lat' dir='ltr'><strong>eo</strong></span> <span class='ocrx_word' id='word_1_246' title='bbox 1955 1650 2095 1718; x_wconf 89' lang='lat' dir='ltr'><strong>quod</strong></span> <span class='ocrx_word' id='word_1_247' title='bbox 2121 1664 2339 1719; x_wconf 80' lang='lat' dir='ltr'><strong>semper</strong></span> <span class='ocrx_word' id='word_1_248' title='bbox 2377 1658 2465 1703; x_wconf 85' lang='lat' dir='ltr'><strong>est</strong></span> <span class='ocrx_word' id='word_1_249' title='bbox 2498 1650 2743 1715; x_wconf 81' lang='lat' dir='ltr'><strong>deﬂexit,</strong></span> <span class='ocrx_word' id='word_1_250' title='bbox 2770 1665 2878 1705; x_wconf 91' lang='lat' dir='ltr'><strong>non</strong></span> <span class='ocrx_word' id='word_1_251' title='bbox 2922 1660 3045 1717; x_wconf 87' lang='lat' dir='ltr'><strong>est;</strong></span> <span class='ocrx_word' id='word_1_252' title='bbox 3093 1651 3148 1706; x_wconf 92' lang='lat' dir='ltr'><strong>in</strong></span> <span class='ocrx_word' id='word_1_253' title='bbox 3174 1663 3439 1722; x_wconf 90' lang='lat' dir='ltr'><strong>quantum</strong></span> 
     </span>
    </p>
   </div>
   <div class='ocr_carea' id='block_1_33' title="bbox 1860 1741 3440 1809">
    <p class='ocr_par' dir='ltr' id='par_1_33' title="bbox 1860 1741 3440 1809">
     <span class='ocr_line' id='line_1_33' title="bbox 1860 1741 3440 1809; baseline 0.001 -17"><span class='ocrx_word' id='word_1_254' title='bbox 1860 1754 1993 1794; x_wconf 82' lang='lat' dir='ltr'><strong>vero</strong></span> <span class='ocrx_word' id='word_1_255' title='bbox 2014 1750 2189 1795; x_wconf 89' lang='lat' dir='ltr'><strong>status</strong></span> <span class='ocrx_word' id='word_1_256' title='bbox 2210 1751 2294 1794; x_wconf 87' lang='grc' dir='ltr'><strong>εει</strong></span> <span class='ocrx_word' id='word_1_257' title='bbox 2317 1741 2613 1807; x_wconf 82' lang='lat' dir='ltr'><strong>particeps,</strong></span> <span class='ocrx_word' id='word_1_258' title='bbox 2639 1749 2871 1794; x_wconf 86' lang='lat' dir='ltr'><strong>eatenus</strong></span> <span class='ocrx_word' id='word_1_259' title='bbox 2914 1749 3022 1805; x_wconf 90' lang='lat' dir='ltr'><strong>est,</strong></span> <span class='ocrx_word' id='word_1_260' title='bbox 3054 1750 3219 1809; x_wconf 84' lang='lat' dir='ltr'><strong>atque</strong></span> <span class='ocrx_word' id='word_1_261' title='bbox 3262 1749 3440 1795; x_wconf 86' lang='lat' dir='ltr'><strong>status</strong></span> 
     </span>
    </p>
   </div>
   <div class='ocr_carea' id='block_1_34' title="bbox 174 1813 1656 1907">
    <p class='ocr_par' dir='ltr' id='par_1_34' title="bbox 174 1813 1641 1907">
     <span class='ocr_line' id='line_1_34' title="bbox 174 1813 1641 1907; baseline -0.001 -18"><span class='ocrx_word' id='word_1_262' title='bbox 174 1832 252 1897; x_wconf 79' lang='grc' dir='ltr'>ὡς</span> <span class='ocrx_word' id='word_1_263' title='bbox 290 1813 517 1903; x_wconf 79' lang='grc' dir='ltr'>ἀγαθῶν</span> <span class='ocrx_word' id='word_1_264' title='bbox 568 1834 843 1907; x_wconf 71' lang='grc' dir='ltr'>ιξῄρηται,</span> <span class='ocrx_word' id='word_1_265' title='bbox 898 1834 1181 1905; x_wconf 86' lang='grc' dir='ltr'>Μάχεσθαι</span> <span class='ocrx_word' id='word_1_266' title='bbox 1230 1835 1340 1905; x_wconf 78' lang='grc' dir='ltr'>γὰρ</span> <span class='ocrx_word' id='word_1_267' title='bbox 1393 1833 1641 1907; x_wconf 79' lang='grc' dir='ltr'>ἀλλήλοις</span> 
     </span>
    </p>
   </div>
   <div class='ocr_carea' id='block_1_35' title="bbox 1954 1813 3436 1907">
    <p class='ocr_par' dir='ltr' id='par_1_35' title="bbox 1954 1834 3436 1905">
     <span class='ocr_line' id='line_1_35' title="bbox 1954 1834 3436 1905; baseline -0.001 -15"><span class='ocrx_word' id='word_1_268' title='bbox 1954 1851 1977 1890; x_wconf 87' lang='grc' dir='ltr'><strong>ε</strong></span> <span class='ocrx_word' id='word_1_269' title='bbox 2005 1846 2292 1905; x_wconf 74' lang='grc' dir='ltr'>ειίιιιιεειιιε</span> <span class='ocrx_word' id='word_1_270' title='bbox 2315 1834 2550 1903; x_wconf 84' lang='lat' dir='ltr'><strong>privatio</strong></span> <span class='ocrx_word' id='word_1_271' title='bbox 2569 1843 2626 1889; x_wconf 88' lang='lat' dir='ltr'><strong>et</strong></span> <span class='ocrx_word' id='word_1_272' title='bbox 2676 1834 2959 1888; x_wconf 90' lang='lat' dir='ltr'><strong>obtinetur</strong></span> <span class='ocrx_word' id='word_1_273' title='bbox 2979 1843 3037 1889; x_wconf 91' lang='lat' dir='ltr'><strong>et</strong></span> <span class='ocrx_word' id='word_1_274' title='bbox 3056 1842 3436 1889; x_wconf 84' lang='lat' dir='ltr'><strong>conservatur.</strong></span> 
     </span>
    </p>
   </div>
   <div class='ocr_carea' id='block_1_36' title="bbox 174 1927 1757 2000">
    <p class='ocr_par' dir='ltr' id='par_1_36' title="bbox 174 1927 1757 2000">
     <span class='ocr_line' id='line_1_36' title="bbox 174 1927 1757 2000; baseline -0.001 -18"><span class='ocrx_word' id='word_1_275' title='bbox 174 1928 317 1982; x_wconf 75' lang='grc' dir='ltr'><strong>αὐτά</strong></span> <span class='ocrx_word' id='word_1_276' title='bbox 344 1929 490 1983; x_wconf 86' lang='grc' dir='ltr'><strong>κατά</strong></span> <span class='ocrx_word' id='word_1_277' title='bbox 530 1928 600 1983; x_wconf 81' lang='grc' dir='ltr'>τὰ</span> <span class='ocrx_word' id='word_1_278' title='bbox 629 1929 769 1983; x_wconf 79' lang='grc' dir='ltr'>αὐτὰ</span> <span class='ocrx_word' id='word_1_279' title='bbox 819 1930 877 1985; x_wconf 84' lang='grc' dir='ltr'><strong>ἐν</strong></span> <span class='ocrx_word' id='word_1_280' title='bbox 904 1932 1067 1984; x_wconf 82' lang='grc' dir='ltr'>πᾶσιν</span> <span class='ocrx_word' id='word_1_281' title='bbox 1111 1928 1391 1983; x_wconf 84' lang='grc' dir='ltr'>ἀδύνατον.</span> <span class='ocrx_word' id='word_1_282' title='bbox 1429 1930 1544 1982; x_wconf 75' lang='grc' dir='ltr'><strong>οὐκ</strong></span> <span class='ocrx_word' id='word_1_283' title='bbox 1568 1931 1674 2000; x_wconf 78' lang='grc' dir='ltr'><strong>ἀρα</strong></span> <span class='ocrx_word' id='word_1_284' title='bbox 1698 1927 1757 1982; x_wconf 79' lang='grc' dir='ltr'>ὃν</span> 
     </span>
    </p>
   </div>
   <div class='ocr_carea' id='block_1_37' title="bbox 175 2020 459 2076">
    <p class='ocr_par' dir='ltr' id='par_1_37' title="bbox 175 2020 459 2076">
     <span class='ocr_line' id='line_1_37' title="bbox 175 2020 459 2076; baseline 0 -5"><span class='ocrx_word' id='word_1_285' title='bbox 175 2020 236 2072; x_wconf 83' lang='grc' dir='ltr'><strong>τὸ</strong></span> <span class='ocrx_word' id='word_1_286' title='bbox 268 2020 459 2076; x_wconf 85' lang='grc' dir='ltr'>κακόν.</span> 
     </span>
    </p>
   </div>
   <div class='ocr_carea' id='block_1_38' title="bbox 1858 1925 3433 1997">
    <p class='ocr_par' dir='ltr' id='par_1_38' title="bbox 1858 1925 3433 1997">
     <span class='ocr_line' id='line_1_38' title="bbox 1858 1925 3433 1997; baseline -0.003 -15"><span class='ocrx_word' id='word_1_287' title='bbox 1858 1928 2058 1982; x_wconf 71' lang='lat' dir='ltr'><strong>Malum</strong></span> <span class='ocrx_word' id='word_1_288' title='bbox 2081 1929 2250 1983; x_wconf 88' lang='lat' dir='ltr'><strong>etiam</strong></span> <span class='ocrx_word' id='word_1_289' title='bbox 2276 1928 2422 1997; x_wconf 90' lang='lat' dir='ltr'><strong>quod</strong></span> <span class='ocrx_word' id='word_1_290' title='bbox 2458 1928 2620 1981; x_wconf 89' lang='lat' dir='ltr'><strong>oumi</strong></span> <span class='ocrx_word' id='word_1_291' title='bbox 2667 1942 2733 1980; x_wconf 82' lang='lat' dir='ltr'><strong>ex</strong></span> <span class='ocrx_word' id='word_1_292' title='bbox 2784 1935 2940 1996; x_wconf 86' lang='lat' dir='ltr'><strong>parte</strong></span> <span class='ocrx_word' id='word_1_293' title='bbox 2980 1941 3009 1979; x_wconf 92' lang='lat' dir='ltr'><strong>a</strong></span> <span class='ocrx_word' id='word_1_294' title='bbox 3052 1925 3191 1981; x_wconf 88' lang='lat' dir='ltr'><strong>bono</strong></span> <span class='ocrx_word' id='word_1_295' title='bbox 3212 1925 3433 1991; x_wconf 78' lang='lat' dir='ltr'><strong>defecit,</strong></span> 
     </span>
    </p>
   </div>
   <div class='ocr_carea' id='block_1_39' title="bbox 1859 2023 3435 2093">
    <p class='ocr_par' dir='ltr' id='par_1_39' title="bbox 1859 2023 3435 2093">
     <span class='ocr_line' id='line_1_39' title="bbox 1859 2023 3435 2093; baseline 0 -17"><span class='ocrx_word' id='word_1_296' title='bbox 1859 2038 2036 2093; x_wconf 86' lang='lat' dir='ltr'><strong>neque</strong></span> <span class='ocrx_word' id='word_1_297' title='bbox 2058 2023 2201 2077; x_wconf 91' lang='lat' dir='ltr'><strong>inter</strong></span> <span class='ocrx_word' id='word_1_298' title='bbox 2223 2038 2286 2077; x_wconf 91' lang='lat' dir='ltr'><strong>ea</strong></span> <span class='ocrx_word' id='word_1_299' title='bbox 2314 2038 2433 2092; x_wconf 77' lang='lat' dir='ltr'><strong>qua:</strong></span> <span class='ocrx_word' id='word_1_300' title='bbox 2462 2023 2631 2091; x_wconf 80' lang='lat' dir='ltr'><strong>magis</strong></span> <span class='ocrx_word' id='word_1_301' title='bbox 2656 2038 2830 2091; x_wconf 84' lang='lat' dir='ltr'><strong>neque</strong></span> <span class='ocrx_word' id='word_1_302' title='bbox 2855 2024 3000 2077; x_wconf 86' lang='lat' dir='ltr'><strong>inter</strong></span> <span class='ocrx_word' id='word_1_303' title='bbox 3023 2038 3086 2077; x_wconf 82' lang='lat' dir='ltr'><strong>ea</strong></span> <span class='ocrx_word' id='word_1_304' title='bbox 3110 2039 3230 2091; x_wconf 67' lang='lat' dir='ltr'><strong>quae</strong></span> <span class='ocrx_word' id='word_1_305' title='bbox 3256 2023 3435 2076; x_wconf 88' lang='lat' dir='ltr'><strong>minus</strong></span> 
     </span>
    </p>
   </div>
   <div class='ocr_carea' id='block_1_40' title="bbox 177 2113 3434 2184">
    <p class='ocr_par' dir='ltr' id='par_1_40' title="bbox 177 2113 3434 2184">
     <span class='ocr_line' id='line_1_40' title="bbox 177 2113 3434 2184; baseline 0 -18"><span class='ocrx_word' id='word_1_306' title='bbox 177 2113 322 2167; x_wconf 87' lang='lat' dir='ltr'><strong>bona</strong></span> <span class='ocrx_word' id='word_1_307' title='bbox 347 2123 500 2179; x_wconf 88' lang='lat' dir='ltr'><strong>sunt,</strong></span> <span class='ocrx_word' id='word_1_308' title='bbox 527 2114 832 2181; x_wconf 88' lang='lat' dir='ltr'><strong>erit.Quod</strong></span> <span class='ocrx_word' id='word_1_309' title='bbox 860 2124 1037 2169; x_wconf 88' lang='lat' dir='ltr'><strong>autem</strong></span> <span class='ocrx_word' id='word_1_310' title='bbox 1060 2114 1257 2183; x_wconf 76' lang='lat' dir='ltr'><strong>partim</strong></span> <span class='ocrx_word' id='word_1_311' title='bbox 1280 2114 1499 2182; x_wconf 87' lang='lat' dir='ltr'><strong>quidem</strong></span> <span class='ocrx_word' id='word_1_312' title='bbox 1528 2113 1753 2179; x_wconf 91' lang='lat' dir='ltr'><strong>bonum,</strong></span> <span class='ocrx_word' id='word_1_313' title='bbox 1789 2117 1985 2184; x_wconf 88' lang='lat' dir='ltr'><strong>partim</strong></span> <span class='ocrx_word' id='word_1_314' title='bbox 2027 2130 2155 2171; x_wconf 80' lang='lat' dir='ltr'><strong>vero</strong></span> <span class='ocrx_word' id='word_1_315' title='bbox 2194 2130 2301 2170; x_wconf 90' lang='lat' dir='ltr'><strong>non</strong></span> <span class='ocrx_word' id='word_1_316' title='bbox 2338 2116 2539 2171; x_wconf 88' lang='lat' dir='ltr'><strong>bonum</strong></span> <span class='ocrx_word' id='word_1_317' title='bbox 2585 2125 2703 2181; x_wconf 89' lang='lat' dir='ltr'><strong>est,</strong></span> <span class='ocrx_word' id='word_1_318' title='bbox 2750 2116 2801 2168; x_wconf 92' lang='lat' dir='ltr'><strong>id</strong></span> <span class='ocrx_word' id='word_1_319' title='bbox 2836 2115 2997 2169; x_wconf 85' lang='lat' dir='ltr'><strong>alicui</strong></span> <span class='ocrx_word' id='word_1_320' title='bbox 3034 2117 3252 2184; x_wconf 89' lang='lat' dir='ltr'><strong>quidem</strong></span> <span class='ocrx_word' id='word_1_321' title='bbox 3294 2114 3434 2167; x_wconf 92' lang='lat' dir='ltr'><strong>bono</strong></span> 
     </span>
    </p>
   </div>
   <div class='ocr_carea' id='block_1_41' title="bbox 175 2208 3433 2283">
    <p class='ocr_par' dir='ltr' id='par_1_41' title="bbox 175 2208 3433 2283">
     <span class='ocr_line' id='line_1_41' title="bbox 175 2208 3433 2283; baseline 0.001 -25"><span class='ocrx_word' id='word_1_322' title='bbox 175 2208 532 2283; x_wconf 77' lang='lat' dir='ltr'><strong>adversatur,</strong></span> <span class='ocrx_word' id='word_1_323' title='bbox 576 2223 681 2262; x_wconf 92' lang='lat' dir='ltr'><strong>non</strong></span> <span class='ocrx_word' id='word_1_324' title='bbox 710 2218 890 2263; x_wconf 91' lang='lat' dir='ltr'><strong>tamen</strong></span> <span class='ocrx_word' id='word_1_325' title='bbox 921 2208 1021 2264; x_wconf 92' lang='lat' dir='ltr'><strong>toti</strong></span> <span class='ocrx_word' id='word_1_326' title='bbox 1064 2209 1231 2273; x_wconf 88' lang='lat' dir='ltr'><strong>bono,</strong></span> <span class='ocrx_word' id='word_1_327' title='bbox 1257 2209 1503 2279; x_wconf 79' lang='lat' dir='ltr'><strong>adeoque</strong></span> <span class='ocrx_word' id='word_1_328' title='bbox 1549 2218 1770 2265; x_wconf 86' lang='lat' dir='ltr'><strong>tenetur</strong></span> <span class='ocrx_word' id='word_1_329' title='bbox 1801 2210 1985 2280; x_wconf 88' lang='lat' dir='ltr'><strong>aliqua</strong></span> <span class='ocrx_word' id='word_1_330' title='bbox 2013 2210 2139 2265; x_wconf 88' lang='lat' dir='ltr'><strong>boni</strong></span> <span class='ocrx_word' id='word_1_331' title='bbox 2164 2211 2587 2273; x_wconf 86' lang='lat' dir='ltr'><strong>communione;</strong></span> <span class='ocrx_word' id='word_1_332' title='bbox 2639 2220 2804 2280; x_wconf 84' lang='lat' dir='ltr'><strong>atque</strong></span> <span class='ocrx_word' id='word_1_333' title='bbox 2848 2209 2950 2265; x_wconf 89' lang='lat' dir='ltr'><strong>hoc</strong></span> <span class='ocrx_word' id='word_1_334' title='bbox 2996 2210 3173 2279; x_wconf 81' lang='lat' dir='ltr'><strong>modo</strong></span> <span class='ocrx_word' id='word_1_335' title='bbox 3232 2211 3433 2263; x_wconf 89' lang='lat' dir='ltr'><strong>bonum</strong></span> 
     </span>
    </p>
   </div>
   <div class='ocr_carea' id='block_1_42' title="bbox 184 2290 3437 2374">
    <p class='ocr_par' dir='ltr' id='par_1_42' title="bbox 184 2290 3437 2374">
     <span class='ocr_line' id='line_1_42' title="bbox 184 2290 3437 2374; baseline 0.002 -23"><span class='ocrx_word' id='word_1_336' title='bbox 184 2300 269 2352; x_wconf 86' lang='lat' dir='ltr'><strong>sui</strong></span> <span class='ocrx_word' id='word_1_337' title='bbox 344 2303 515 2355; x_wconf 88' lang='lat' dir='ltr'><strong>etiam</strong></span> <span class='ocrx_word' id='word_1_338' title='bbox 565 2290 860 2370; x_wconf 85' lang='lat' dir='ltr'><strong>privationi</strong></span> <span class='ocrx_word' id='word_1_339' title='bbox 906 2314 1107 2359; x_wconf 90' lang='lat' dir='ltr'><strong>statum</strong></span> <span class='ocrx_word' id='word_1_340' title='bbox 1152 2301 1380 2361; x_wconf 86' lang='lat' dir='ltr'><strong>omnino</strong></span> <span class='ocrx_word' id='word_1_341' title='bbox 1424 2302 1517 2356; x_wconf 86' lang='lat' dir='ltr'><strong>dat</strong></span> <span class='ocrx_word' id='word_1_342' title='bbox 1554 2319 1654 2373; x_wconf 90' lang='lat' dir='ltr'><strong>per</strong></span> <span class='ocrx_word' id='word_1_343' title='bbox 1716 2303 1801 2358; x_wconf 90' lang='lat' dir='ltr'><strong>sui</strong></span> <span class='ocrx_word' id='word_1_344' title='bbox 1868 2305 2450 2366; x_wconf 84' lang='lat' dir='ltr'><strong>communicationem;</strong></span> <span class='ocrx_word' id='word_1_345' title='bbox 2520 2319 2645 2358; x_wconf 87' lang='lat' dir='ltr'><strong>nam</strong></span> <span class='ocrx_word' id='word_1_346' title='bbox 2702 2304 2846 2359; x_wconf 88' lang='lat' dir='ltr'><strong>bono</strong></span> <span class='ocrx_word' id='word_1_347' title='bbox 2900 2304 3117 2374; x_wconf 84' lang='lat' dir='ltr'><strong>penitus</strong></span> <span class='ocrx_word' id='word_1_348' title='bbox 3177 2302 3437 2357; x_wconf 80' lang='lat' dir='ltr'><strong>extermi-</strong></span> 
     </span>
    </p>
   </div>
   <div class='ocr_carea' id='block_1_43' title="bbox 180 2395 3440 2467">
    <p class='ocr_par' dir='ltr' id='par_1_43' title="bbox 180 2395 3440 2467">
     <span class='ocr_line' id='line_1_43' title="bbox 180 2395 3440 2467; baseline 0.002 -24"><span class='ocrx_word' id='word_1_349' title='bbox 180 2400 329 2455; x_wconf 85' lang='lat' dir='ltr'><strong>nato,</strong></span> <span class='ocrx_word' id='word_1_350' title='bbox 377 2407 556 2463; x_wconf 87' lang='lat' dir='ltr'><strong>neque</strong></span> <span class='ocrx_word' id='word_1_351' title='bbox 577 2395 802 2450; x_wconf 88' lang='lat' dir='ltr'><strong>omnino</strong></span> <span class='ocrx_word' id='word_1_352' title='bbox 844 2397 1144 2466; x_wconf 90' lang='lat' dir='ltr'><strong>quidquam</strong></span> <span class='ocrx_word' id='word_1_353' title='bbox 1197 2395 1398 2449; x_wconf 87' lang='lat' dir='ltr'><strong>bonum</strong></span> <span class='ocrx_word' id='word_1_354' title='bbox 1421 2395 1547 2459; x_wconf 90' lang='lat' dir='ltr'><strong>erit,</strong></span> <span class='ocrx_word' id='word_1_355' title='bbox 1593 2411 1767 2466; x_wconf 89' lang='lat' dir='ltr'><strong>neque</strong></span> <span class='ocrx_word' id='word_1_356' title='bbox 1806 2397 2255 2467; x_wconf 86' lang='lat' dir='ltr'><strong>mistum,ueque</strong></span> <span class='ocrx_word' id='word_1_357' title='bbox 2298 2398 2473 2467; x_wconf 85' lang='lat' dir='ltr'><strong>ipsum</strong></span> <span class='ocrx_word' id='word_1_358' title='bbox 2525 2397 2755 2451; x_wconf 81' lang='lat' dir='ltr'><strong>malum.</strong></span> <span class='ocrx_word' id='word_1_359' title='bbox 2803 2395 2862 2452; x_wconf 88' lang='lat' dir='ltr'><strong>Si</strong></span> <span class='ocrx_word' id='word_1_360' title='bbox 2917 2397 3062 2451; x_wconf 86' lang='lat' dir='ltr'><strong>enim</strong></span> <span class='ocrx_word' id='word_1_361' title='bbox 3126 2396 3326 2450; x_wconf 87' lang='lat' dir='ltr'><strong>malum</strong></span> <span class='ocrx_word' id='word_1_362' title='bbox 3365 2395 3440 2455; x_wconf 79' lang='lat' dir='ltr'><strong>sit</strong></span> 
     </span>
    </p>
   </div>
   <div class='ocr_carea' id='block_1_44' title="bbox 178 2486 3441 2561">
    <p class='ocr_par' dir='ltr' id='par_1_44' title="bbox 178 2486 3441 2561">
     <span class='ocr_line' id='line_1_44' title="bbox 178 2486 3441 2561; baseline 0.002 -24"><span class='ocrx_word' id='word_1_363' title='bbox 178 2486 455 2554; x_wconf 86' lang='lat' dir='ltr'><strong>quoddam</strong></span> <span class='ocrx_word' id='word_1_364' title='bbox 526 2488 729 2543; x_wconf 89' lang='lat' dir='ltr'><strong>bonum</strong></span> <span class='ocrx_word' id='word_1_365' title='bbox 790 2489 1193 2559; x_wconf 82' lang='lat' dir='ltr'><strong>imperfectum,</strong></span> <span class='ocrx_word' id='word_1_366' title='bbox 1235 2500 1459 2559; x_wconf 85' lang='lat' dir='ltr'><strong>propter</strong></span> <span class='ocrx_word' id='word_1_367' title='bbox 1508 2490 1878 2545; x_wconf 89' lang='lat' dir='ltr'><strong>omnimodam</strong></span> <span class='ocrx_word' id='word_1_368' title='bbox 1926 2490 2090 2561; x_wconf 79' lang='lat'><strong>367</strong></span> <span class='ocrx_word' id='word_1_369' title='bbox 2140 2491 2269 2545; x_wconf 90' lang='lat' dir='ltr'><strong>boni</strong></span> <span class='ocrx_word' id='word_1_370' title='bbox 2323 2491 2631 2546; x_wconf 84' lang='lat' dir='ltr'><strong>absentiam</strong></span> <span class='ocrx_word' id='word_1_371' title='bbox 2681 2501 2790 2546; x_wconf 88' lang='lat' dir='ltr'><strong>tam</strong></span> <span class='ocrx_word' id='word_1_372' title='bbox 2843 2489 3219 2559; x_wconf 83' lang='lat' dir='ltr'><strong>imperfectum</strong></span> <span class='ocrx_word' id='word_1_373' title='bbox 3276 2504 3441 2560; x_wconf 78' lang='lat' dir='ltr'><strong>quant</strong></span> 
     </span>
    </p>
   </div>
   <div class='ocr_carea' id='block_1_45' title="bbox 179 2577 3442 2655">
    <p class='ocr_par' dir='ltr' id='par_1_45' title="bbox 179 2577 3442 2655">
     <span class='ocr_line' id='line_1_45' title="bbox 179 2577 3442 2655; baseline 0.002 -27"><span class='ocrx_word' id='word_1_374' title='bbox 179 2577 489 2646; x_wconf 72' lang='lat' dir='ltr'><strong>perfectum</strong></span> <span class='ocrx_word' id='word_1_375' title='bbox 536 2581 738 2634; x_wconf 80' lang='lat' dir='ltr'><strong>bonum</strong></span> <span class='ocrx_word' id='word_1_376' title='bbox 785 2581 995 2650; x_wconf 89' lang='lat' dir='ltr'><strong>aberit;</strong></span> <span class='ocrx_word' id='word_1_377' title='bbox 1038 2593 1265 2653; x_wconf 89' lang='lat' dir='ltr'><strong>tumque</strong></span> <span class='ocrx_word' id='word_1_378' title='bbox 1328 2582 1503 2638; x_wconf 86' lang='lat' dir='ltr'><strong>solum</strong></span> <span class='ocrx_word' id='word_1_379' title='bbox 1564 2583 1674 2638; x_wconf 90' lang='lat' dir='ltr'><strong>erit</strong></span> <span class='ocrx_word' id='word_1_380' title='bbox 1715 2592 1771 2637; x_wconf 80' lang='lat' dir='ltr'><strong>et</strong></span> <span class='ocrx_word' id='word_1_381' title='bbox 1816 2582 2104 2655; x_wconf 82' lang='lat' dir='ltr'><strong>apparebit</strong></span> <span class='ocrx_word' id='word_1_382' title='bbox 2137 2582 2361 2650; x_wconf 90' lang='lat' dir='ltr'><strong>malum,</strong></span> <span class='ocrx_word' id='word_1_383' title='bbox 2393 2584 2617 2655; x_wconf 88' lang='lat' dir='ltr'><strong>quando</strong></span> <span class='ocrx_word' id='word_1_384' title='bbox 2653 2583 2776 2638; x_wconf 89' lang='lat' dir='ltr'><strong>aliis</strong></span> <span class='ocrx_word' id='word_1_385' title='bbox 2813 2582 3033 2652; x_wconf 89' lang='lat' dir='ltr'><strong>quidem</strong></span> <span class='ocrx_word' id='word_1_386' title='bbox 3078 2581 3276 2645; x_wconf 88' lang='lat' dir='ltr'><strong>malum</strong></span> <span class='ocrx_word' id='word_1_387' title='bbox 3334 2589 3442 2648; x_wconf 88' lang='lat' dir='ltr'><strong>est,</strong></span> 
     </span>
    </p>
   </div>
   <div class='ocr_carea' id='block_1_46' title="bbox 177 2654 3443 2746">
    <p class='ocr_par' dir='ltr' id='par_1_46' title="bbox 177 2654 3443 2746">
     <span class='ocr_line' id='line_1_46' title="bbox 177 2654 3443 2746; baseline 0.003 -25"><span class='ocrx_word' id='word_1_388' title='bbox 177 2654 379 2738; x_wconf 75' lang='lat' dir='ltr'><strong>quibus</strong></span> <span class='ocrx_word' id='word_1_389' title='bbox 419 2680 506 2727; x_wconf 90' lang='lat' dir='ltr'><strong>est</strong></span> <span class='ocrx_word' id='word_1_390' title='bbox 536 2674 912 2739; x_wconf 87' lang='lat' dir='ltr'><strong>contrarium,</strong></span> <span class='ocrx_word' id='word_1_391' title='bbox 957 2675 1025 2730; x_wconf 89' lang='lat' dir='ltr'><strong>ab</strong></span> <span class='ocrx_word' id='word_1_392' title='bbox 1069 2676 1194 2731; x_wconf 87' lang='lat' dir='ltr'><strong>aliis</strong></span> <span class='ocrx_word' id='word_1_393' title='bbox 1252 2686 1437 2732; x_wconf 89' lang='lat' dir='ltr'><strong>autem</strong></span> <span class='ocrx_word' id='word_1_394' title='bbox 1494 2685 1753 2746; x_wconf 87' lang='lat' dir='ltr'><strong>tanquam</strong></span> <span class='ocrx_word' id='word_1_395' title='bbox 1807 2675 1969 2730; x_wconf 88' lang='lat' dir='ltr'><strong>bouis</strong></span> <span class='ocrx_word' id='word_1_396' title='bbox 2015 2688 2363 2745; x_wconf 73' lang='lat' dir='ltr'><strong>segregatqu</strong></span> <span class='ocrx_word' id='word_1_397' title='bbox 2407 2654 2513 2731; x_wconf 88' lang='lat' dir='ltr'><strong>est.</strong></span> <span class='ocrx_word' id='word_1_398' title='bbox 2586 2674 2877 2745; x_wconf 75' lang='lat' dir='ltr'><strong>Nequeunt</strong></span> <span class='ocrx_word' id='word_1_399' title='bbox 2925 2673 3074 2729; x_wconf 81' lang='lat' dir='ltr'><strong>enim</strong></span> <span class='ocrx_word' id='word_1_400' title='bbox 3110 2673 3304 2729; x_wconf 86' lang='lat' dir='ltr'><strong>eadem</strong></span> <span class='ocrx_word' id='word_1_401' title='bbox 3353 2687 3443 2730; x_wconf 83' lang='lat' dir='ltr'><strong>se-</strong></span> 
     </span>
    </p>
   </div>
   <div class='ocr_carea' id='block_1_47' title="bbox 181 2766 2780 2845">
    <p class='ocr_par' dir='ltr' id='par_1_47' title="bbox 181 2766 2780 2845">
     <span class='ocr_line' id='line_1_47' title="bbox 181 2766 2780 2845; baseline 0.001 -23"><span class='ocrx_word' id='word_1_402' title='bbox 181 2767 429 2845; x_wconf 67' lang='lat' dir='ltr'><strong>cundum</strong></span> <span class='ocrx_word' id='word_1_403' title='bbox 480 2766 674 2822; x_wconf 86' lang='lat' dir='ltr'><strong>eadem</strong></span> <span class='ocrx_word' id='word_1_404' title='bbox 728 2767 871 2823; x_wconf 87' lang='lat' dir='ltr'><strong>inter</strong></span> <span class='ocrx_word' id='word_1_405' title='bbox 914 2783 975 2825; x_wconf 88' lang='lat' dir='ltr'><strong>se</strong></span> <span class='ocrx_word' id='word_1_406' title='bbox 1026 2770 1080 2826; x_wconf 89' lang='lat' dir='ltr'><strong>in</strong></span> <span class='ocrx_word' id='word_1_407' title='bbox 1131 2769 1385 2827; x_wconf 85' lang='lat' dir='ltr'><strong>omnibus</strong></span> <span class='ocrx_word' id='word_1_408' title='bbox 1432 2785 1759 2842; x_wconf 82' lang='lat' dir='ltr'><strong>repugnare.</strong></span> <span class='ocrx_word' id='word_1_409' title='bbox 1788 2768 1985 2824; x_wconf 80' lang='lat' dir='ltr'><strong>Malum</strong></span> <span class='ocrx_word' id='word_1_410' title='bbox 2016 2768 2199 2839; x_wconf 87' lang='lat' dir='ltr'><strong>itaque</strong></span> <span class='ocrx_word' id='word_1_411' title='bbox 2223 2783 2331 2823; x_wconf 87' lang='lat' dir='ltr'><strong>non</strong></span> <span class='ocrx_word' id='word_1_412' title='bbox 2353 2777 2436 2823; x_wconf 84' lang='lat' dir='ltr'><strong>est</strong></span> <span class='ocrx_word' id='word_1_413' title='bbox 2459 2783 2548 2825; x_wconf 86' lang='lat' dir='ltr'><strong>res</strong></span> <span class='ocrx_word' id='word_1_414' title='bbox 2570 2767 2780 2837; x_wconf 80' lang='lat' dir='ltr'><strong>aliqua.</strong></span> 
     </span>
    </p>
   </div>
   <div class='ocr_carea' id='block_1_48' title="bbox 1634 2916 2091 3021">
    <p class='ocr_par' dir='ltr' id='par_1_48' title="bbox 1634 2916 2091 3021">
     <span class='ocr_line' id='line_1_48' title="bbox 1634 2916 2091 3021; baseline 0 -32"><span class='ocrx_word' id='word_1_415' title='bbox 1634 2916 1938 3006; x_wconf 55' lang='lat' dir='ltr'><strong>‘5XXI.</strong></span> <span class='ocrx_word' id='word_1_416' title='bbox 2032 3010 2091 3021; x_wconf 10' lang='grc' dir='ltr'><strong>θ’</strong></span> 
     </span>
    </p>
   </div>
   <div class='ocr_carea' id='block_1_49' title="bbox 180 3072 1662 3154">
    <p class='ocr_par' dir='ltr' id='par_1_49' title="bbox 180 3072 1662 3145">
     <span class='ocr_line' id='line_1_49' title="bbox 180 3072 1662 3145; baseline 0.007 -19"><span class='ocrx_word' id='word_1_417' title='bbox 180 3093 187 3105; x_wconf 65' lang='grc' dir='ltr'><strong><em>τ</em></strong></span> <span class='ocrx_word' id='word_1_418' title='bbox 263 3072 427 3127; x_wconf 82' lang='grc' dir='ltr'>Ἀλλά</span> <span class='ocrx_word' id='word_1_419' title='bbox 451 3073 575 3127; x_wconf 77' lang='grc' dir='ltr'>οὐδὲ</span> <span class='ocrx_word' id='word_1_420' title='bbox 605 3074 667 3145; x_wconf 81' lang='grc' dir='ltr'>ὲν</span> <span class='ocrx_word' id='word_1_421' title='bbox 708 3077 822 3139; x_wconf 71' lang='grc' dir='ltr'>τοῖς</span> <span class='ocrx_word' id='word_1_422' title='bbox 875 3072 1024 3132; x_wconf 78' lang='grc' dir='ltr'>οὗσίν</span> <span class='ocrx_word' id='word_1_423' title='bbox 1057 3080 1171 3133; x_wconf 73' lang='grc' dir='ltr'>ἔστι</span> <span class='ocrx_word' id='word_1_424' title='bbox 1209 3079 1270 3134; x_wconf 63' lang='lat' dir='ltr'><strong>rb</strong></span> <span class='ocrx_word' id='word_1_425' title='bbox 1317 3082 1504 3137; x_wconf 72' lang='grc' dir='ltr'>κακόν.</span> <span class='ocrx_word' id='word_1_426' title='bbox 1544 3083 1603 3135; x_wconf 78' lang='lat' dir='ltr'><strong>El</strong></span> <span class='ocrx_word' id='word_1_427' title='bbox 1653 3099 1662 3114; x_wconf 89' lang='grc'><strong>·</strong></span> 
     </span>
    </p>
   </div>
   <div class='ocr_carea' id='block_1_50' title="bbox 1962 3072 3444 3154">
    <p class='ocr_par' dir='ltr' id='par_1_50' title="bbox 1962 3072 3444 3147">
     <span class='ocr_line' id='line_1_50' title="bbox 1962 3072 3444 3147; baseline -0.004 -14"><span class='ocrx_word' id='word_1_428' title='bbox 1962 3077 2076 3147; x_wconf 58' lang='lat' dir='ltr'><strong>inin</strong></span> <span class='ocrx_word' id='word_1_429' title='bbox 2102 3093 2171 3134; x_wconf 90' lang='lat' dir='ltr'><strong>ne</strong></span> <span class='ocrx_word' id='word_1_430' title='bbox 2205 3078 2371 3134; x_wconf 84' lang='lat' dir='ltr'><strong>rebus</strong></span> <span class='ocrx_word' id='word_1_431' title='bbox 2417 3076 2636 3147; x_wconf 88' lang='lat' dir='ltr'><strong>quidem</strong></span> <span class='ocrx_word' id='word_1_432' title='bbox 2659 3076 2800 3132; x_wconf 88' lang='lat' dir='ltr'><strong>inest</strong></span> <span class='ocrx_word' id='word_1_433' title='bbox 2836 3075 3060 3131; x_wconf 88' lang='lat' dir='ltr'><strong>malum.</strong></span> <span class='ocrx_word' id='word_1_434' title='bbox 3100 3073 3232 3128; x_wconf 76' lang='lat' dir='ltr'><strong>Nam</strong></span> <span class='ocrx_word' id='word_1_435' title='bbox 3258 3072 3303 3127; x_wconf 93' lang='lat' dir='ltr'><strong>si</strong></span> <span class='ocrx_word' id='word_1_436' title='bbox 3352 3085 3444 3127; x_wconf 86' lang='lat' dir='ltr'><strong>res</strong></span> 
     </span>
    </p>
   </div>
   <div class='ocr_carea' id='block_1_51' title="bbox 178 3163 1760 3236">
    <p class='ocr_par' dir='ltr' id='par_1_51' title="bbox 178 3163 1760 3236">
     <span class='ocr_line' id='line_1_51' title="bbox 178 3163 1760 3236; baseline 0.004 -17"><span class='ocrx_word' id='word_1_437' title='bbox 178 3166 358 3219; x_wconf 77' lang='grc' dir='ltr'>πάντα</span> <span class='ocrx_word' id='word_1_438' title='bbox 390 3163 464 3218; x_wconf 85' lang='grc' dir='ltr'><strong>τά</strong></span> <span class='ocrx_word' id='word_1_439' title='bbox 494 3164 627 3217; x_wconf 75' lang='grc' dir='ltr'>ὄντα</span> <span class='ocrx_word' id='word_1_440' title='bbox 672 3167 737 3218; x_wconf 85' lang='grc' dir='ltr'>ὲκ</span> <span class='ocrx_word' id='word_1_441' title='bbox 762 3166 1026 3234; x_wconf 88' lang='grc' dir='ltr'>τάγαθοῦ,</span> <span class='ocrx_word' id='word_1_442' title='bbox 1062 3170 1154 3223; x_wconf 74' lang='grc' dir='ltr'><strong>καὶ</strong></span> <span class='ocrx_word' id='word_1_443' title='bbox 1200 3170 1259 3224; x_wconf 82' lang='grc' dir='ltr'>ὲν</span> <span class='ocrx_word' id='word_1_444' title='bbox 1291 3174 1422 3224; x_wconf 76' lang='grc' dir='ltr'>πᾶσι</span> <span class='ocrx_word' id='word_1_445' title='bbox 1467 3175 1579 3234; x_wconf 85' lang='grc' dir='ltr'>τοῖς</span> <span class='ocrx_word' id='word_1_446' title='bbox 1618 3168 1760 3236; x_wconf 78' lang='grc' dir='ltr'>οὖσι,</span> 
     </span>
    </p>
   </div>
   <div class='ocr_carea' id='block_1_52' title="bbox 180 3260 1765 3333">
    <p class='ocr_par' dir='ltr' id='par_1_52' title="bbox 180 3260 1765 3333">
     <span class='ocr_line' id='line_1_52' title="bbox 180 3260 1765 3333; baseline 0.004 -19"><span class='ocrx_word' id='word_1_447' title='bbox 180 3261 276 3314; x_wconf 71' lang='grc' dir='ltr'><strong>καὶ</strong></span> <span class='ocrx_word' id='word_1_448' title='bbox 306 3260 491 3316; x_wconf 82' lang='grc' dir='ltr'>πάντα</span> <span class='ocrx_word' id='word_1_449' title='bbox 535 3260 783 3331; x_wconf 84' lang='grc' dir='ltr'><strong>περιέχει</strong></span> <span class='ocrx_word' id='word_1_450' title='bbox 824 3262 1081 3329; x_wconf 78' lang='grc' dir='ltr'>τάγαθὸν,</span> <span class='ocrx_word' id='word_1_451' title='bbox 1111 3262 1142 3333; x_wconf 75' lang='grc' dir='ltr'><strong>ἢ</strong></span> <span class='ocrx_word' id='word_1_452' title='bbox 1199 3264 1299 3317; x_wconf 79' lang='grc' dir='ltr'><strong>οὐκ</strong></span> <span class='ocrx_word' id='word_1_453' title='bbox 1332 3264 1483 3319; x_wconf 74' lang='grc' dir='ltr'>ἔσται</span> <span class='ocrx_word' id='word_1_454' title='bbox 1509 3266 1571 3320; x_wconf 80' lang='grc' dir='ltr'>τὸ</span> <span class='ocrx_word' id='word_1_455' title='bbox 1596 3265 1765 3321; x_wconf 74' lang='grc' dir='ltr'>κακὸν</span> 
     </span>
    </p>
   </div>
   <div class='ocr_carea' id='block_1_53' title="bbox 181 3348 1766 3430">
    <p class='ocr_par' dir='ltr' id='par_1_53' title="bbox 181 3348 1766 3430">
     <span class='ocr_line' id='line_1_53' title="bbox 181 3348 1766 3430; baseline 0.004 -25"><span class='ocrx_word' id='word_1_456' title='bbox 181 3352 241 3405; x_wconf 74' lang='grc' dir='ltr'>ἑν</span> <span class='ocrx_word' id='word_1_457' title='bbox 261 3355 375 3417; x_wconf 74' lang='grc' dir='ltr'>τοῖς</span> <span class='ocrx_word' id='word_1_458' title='bbox 394 3348 570 3416; x_wconf 79' lang='grc' dir='ltr'>οὖσιν,</span> <span class='ocrx_word' id='word_1_459' title='bbox 598 3352 630 3423; x_wconf 80' lang='grc' dir='ltr'>ἢ</span> <span class='ocrx_word' id='word_1_460' title='bbox 655 3354 713 3405; x_wconf 85' lang='grc' dir='ltr'>ὲν</span> <span class='ocrx_word' id='word_1_461' title='bbox 737 3352 958 3424; x_wconf 84' lang='grc' dir='ltr'>τάγαθῷ</span> <span class='ocrx_word' id='word_1_462' title='bbox 982 3354 1135 3409; x_wconf 70' lang='grc' dir='ltr'>ἔσται</span> <span class='ocrx_word' id='word_1_463' title='bbox 1153 3371 1167 3384; x_wconf 87' lang='grc'><strong>·</strong></span> <span class='ocrx_word' id='word_1_464' title='bbox 1194 3356 1291 3408; x_wconf 68' lang='grc' dir='ltr'><strong>καὶ</strong></span> <span class='ocrx_word' id='word_1_465' title='bbox 1324 3355 1432 3427; x_wconf 80' lang='grc' dir='ltr'><strong>μὴν</strong></span> <span class='ocrx_word' id='word_1_466' title='bbox 1456 3358 1513 3411; x_wconf 80' lang='grc' dir='ltr'>ὲν</span> <span class='ocrx_word' id='word_1_467' title='bbox 1544 3357 1766 3430; x_wconf 81' lang='grc' dir='ltr'>τάγαθῷ</span> 
     </span>
    </p>
   </div>
   <div class='ocr_carea' id='block_1_54' title="bbox 179 3442 1766 3522">
    <p class='ocr_par' dir='ltr' id='par_1_54' title="bbox 179 3442 1766 3522">
     <span class='ocr_line' id='line_1_54' title="bbox 179 3442 1766 3522; baseline 0.005 -26"><span class='ocrx_word' id='word_1_468' title='bbox 179 3444 285 3496; x_wconf 76' lang='grc' dir='ltr'>οὐκ</span> <span class='ocrx_word' id='word_1_469' title='bbox 307 3444 464 3497; x_wconf 75' lang='grc' dir='ltr'>ἔσται</span> <span class='ocrx_word' id='word_1_470' title='bbox 493 3443 612 3515; x_wconf 71' lang='grc' dir='ltr'>(καὶ</span> <span class='ocrx_word' id='word_1_471' title='bbox 644 3442 752 3515; x_wconf 88' lang='grc' dir='ltr'><strong>γάρ</strong></span> <span class='ocrx_word' id='word_1_472' title='bbox 783 3444 904 3499; x_wconf 83' lang='grc' dir='ltr'>οὐδὲ</span> <span class='ocrx_word' id='word_1_473' title='bbox 957 3445 1016 3499; x_wconf 77' lang='grc' dir='ltr'>ὲν</span> <span class='ocrx_word' id='word_1_474' title='bbox 1064 3447 1197 3518; x_wconf 76' lang='lat' dir='ltr'><strong>mp‘l</strong></span> <span class='ocrx_word' id='word_1_475' title='bbox 1238 3446 1298 3501; x_wconf 77' lang='grc' dir='ltr'>τὸ</span> <span class='ocrx_word' id='word_1_476' title='bbox 1352 3450 1614 3522; x_wconf 61' lang='grc' dir='ltr'>ψυχρόν)</span> <span class='ocrx_word' id='word_1_477' title='bbox 1645 3451 1766 3504; x_wconf 74' lang='grc' dir='ltr'>οὐδὲ</span> 
     </span>
    </p>
   </div>
   <div class='ocr_carea' id='block_1_55' title="bbox 180 3537 1768 3611">
    <p class='ocr_par' dir='ltr' id='par_1_55' title="bbox 180 3537 1768 3611">
     <span class='ocr_line' id='line_1_55' title="bbox 180 3537 1768 3611; baseline 0.006 -21"><span class='ocrx_word' id='word_1_478' title='bbox 180 3538 244 3591; x_wconf 80' lang='grc' dir='ltr'><strong>τὸ</strong></span> <span class='ocrx_word' id='word_1_479' title='bbox 266 3537 607 3592; x_wconf 82' lang='grc' dir='ltr'>κακύνεσθαι</span> <span class='ocrx_word' id='word_1_480' title='bbox 653 3537 731 3609; x_wconf 84' lang='grc' dir='ltr'>τῷ</span> <span class='ocrx_word' id='word_1_481' title='bbox 778 3539 871 3592; x_wconf 74' lang='grc' dir='ltr'><strong>καὶ</strong></span> <span class='ocrx_word' id='word_1_482' title='bbox 925 3539 987 3593; x_wconf 73' lang='grc' dir='ltr'>τὸ</span> <span class='ocrx_word' id='word_1_483' title='bbox 1017 3541 1186 3594; x_wconf 71' lang='grc' dir='ltr'>κακὸν</span> <span class='ocrx_word' id='word_1_484' title='bbox 1237 3542 1581 3611; x_wconf 63' lang='grc' dir='ltr'>ἀγαθύνοντι»</span> <span class='ocrx_word' id='word_1_485' title='bbox 1614 3542 1676 3598; x_wconf 73' lang='lat' dir='ltr'><strong>Et</strong></span> <span class='ocrx_word' id='word_1_486' title='bbox 1709 3546 1768 3600; x_wconf 80' lang='grc' dir='ltr'>δὲ</span> 
     </span>
    </p>
   </div>
   <div class='ocr_carea' id='block_1_56' title="bbox 182 3630 1770 3707">
    <p class='ocr_par' dir='ltr' id='par_1_56' title="bbox 182 3630 1770 3707">
     <span class='ocr_line' id='line_1_56' title="bbox 182 3630 1770 3707; baseline 0.004 -24"><span class='ocrx_word' id='word_1_487' title='bbox 182 3630 361 3694; x_wconf 76' lang='grc' dir='ltr'>ἔσται,</span> <span class='ocrx_word' id='word_1_488' title='bbox 393 3630 513 3694; x_wconf 82' lang='grc' dir='ltr'><strong>πῶς</strong></span> <span class='ocrx_word' id='word_1_489' title='bbox 535 3630 689 3683; x_wconf 78' lang='grc' dir='ltr'>ἔσται</span> <span class='ocrx_word' id='word_1_490' title='bbox 723 3632 783 3683; x_wconf 81' lang='grc' dir='ltr'>ὲν</span> <span class='ocrx_word' id='word_1_491' title='bbox 827 3631 1049 3703; x_wconf 85' lang='grc' dir='ltr'>τάγαθῷ</span> <span class='ocrx_word' id='word_1_492' title='bbox 1091 3632 1153 3686; x_wconf 82' lang='grc' dir='ltr'>τὺ</span> <span class='ocrx_word' id='word_1_493' title='bbox 1206 3635 1408 3699; x_wconf 86' lang='grc' dir='ltr'>κακὸν;</span> <span class='ocrx_word' id='word_1_494' title='bbox 1461 3637 1522 3690; x_wconf 82' lang='lat' dir='ltr'><strong>Et</strong></span> <span class='ocrx_word' id='word_1_495' title='bbox 1561 3636 1678 3707; x_wconf 74' lang='grc' dir='ltr'><strong>’μὲν</strong></span> <span class='ocrx_word' id='word_1_496' title='bbox 1709 3635 1770 3703; x_wconf 76' lang='grc' dir='ltr'><strong>ἐξ</strong></span> 
     </span>
    </p>
   </div>
   <div class='ocr_carea' id='block_1_57' title="bbox 184 3722 1769 3805">
    <p class='ocr_par' dir='ltr' id='par_1_57' title="bbox 184 3722 1769 3805">
     <span class='ocr_line' id='line_1_57' title="bbox 184 3722 1769 3805; baseline 0.006 -29"><span class='ocrx_word' id='word_1_497' title='bbox 184 3722 375 3787; x_wconf 70' lang='grc' dir='ltr'>αὐτοῦ,</span> <span class='ocrx_word' id='word_1_498' title='bbox 411 3722 615 3776; x_wconf 82' lang='grc' dir='ltr'>ἀτοπον</span> <span class='ocrx_word' id='word_1_499' title='bbox 649 3724 744 3776; x_wconf 73' lang='grc' dir='ltr'>καὶ</span> <span class='ocrx_word' id='word_1_500' title='bbox 776 3722 1041 3777; x_wconf 85' lang='grc' dir='ltr'>ἀδύνατον</span> <span class='ocrx_word' id='word_1_501' title='bbox 1061 3741 1075 3756; x_wconf 86' lang='grc'><strong>·</strong></span> <span class='ocrx_word' id='word_1_502' title='bbox 1119 3729 1202 3780; x_wconf 86' lang='grc' dir='ltr'><strong>οὐ</strong></span> <span class='ocrx_word' id='word_1_503' title='bbox 1263 3727 1511 3782; x_wconf 80' lang='grc' dir='ltr'>δύναται</span> <span class='ocrx_word' id='word_1_504' title='bbox 1562 3731 1611 3764; x_wconf 80' lang='lat'><strong><em>”</em></strong></span> <span class='ocrx_word' id='word_1_505' title='bbox 1636 3732 1769 3805; x_wconf 83' lang='grc' dir='ltr'>γὰρ,</span> 
     </span>
    </p>
   </div>
   <div class='ocr_carea' id='block_1_58' title="bbox 183 3811 1771 3886">
    <p class='ocr_par' dir='ltr' id='par_1_58' title="bbox 183 3811 1771 3886">
     <span class='ocr_line' id='line_1_58' title="bbox 183 3811 1771 3886; baseline 0.004 -22"><span class='ocrx_word' id='word_1_506' title='bbox 183 3812 262 3875; x_wconf 82' lang='grc' dir='ltr'>ὼς</span> <span class='ocrx_word' id='word_1_507' title='bbox 296 3815 330 3885; x_wconf 83' lang='grc' dir='ltr'>ὴ</span> <span class='ocrx_word' id='word_1_508' title='bbox 377 3813 486 3866; x_wconf 85' lang='grc' dir='ltr'>τῶν</span> <span class='ocrx_word' id='word_1_509' title='bbox 520 3811 731 3882; x_wconf 85' lang='grc' dir='ltr'>Λογίων</span> <span class='ocrx_word' id='word_1_510' title='bbox 777 3812 1007 3885; x_wconf 85' lang='grc' dir='ltr'>ἀλήθειά</span> <span class='ocrx_word' id='word_1_511' title='bbox 1053 3832 1207 3885; x_wconf 80' lang='grc' dir='ltr'>φησι,</span> <span class='ocrx_word' id='word_1_512' title='bbox 1239 3815 1493 3884; x_wconf 78' lang='grc' dir='ltr'><strong>δένδρον</strong></span> <span class='ocrx_word' id='word_1_513' title='bbox 1547 3818 1771 3886; x_wconf 71' lang='grc' dir='ltr'>ἀγαθὸν</span> 
     </span>
    </p>
   </div>
   <div class='ocr_carea' id='block_1_59' title="bbox 186 3902 1766 3977">
    <p class='ocr_par' dir='ltr' id='par_1_59' title="bbox 186 3902 1766 3977">
     <span class='ocr_line' id='line_1_59' title="bbox 186 3902 1766 3977; baseline 0.005 -23"><span class='ocrx_word' id='word_1_514' title='bbox 186 3902 460 3971; x_wconf 77' lang='grc' dir='ltr'>καρποὺς</span> <span class='ocrx_word' id='word_1_515' title='bbox 485 3903 789 3969; x_wconf 74' lang='grc' dir='ltr'>πονηροὺς</span> <span class='ocrx_word' id='word_1_516' title='bbox 816 3904 1009 3957; x_wconf 77' lang='grc' dir='ltr'>ποιεῖν</span> <span class='ocrx_word' id='word_1_517' title='bbox 1027 3921 1044 3934; x_wconf 86' lang='grc'><strong>·</strong></span> <span class='ocrx_word' id='word_1_518' title='bbox 1100 3906 1221 3958; x_wconf 78' lang='grc' dir='ltr'>οὐδὲ</span> <span class='ocrx_word' id='word_1_519' title='bbox 1248 3906 1355 3977; x_wconf 85' lang='grc' dir='ltr'>μὴν</span> <span class='ocrx_word' id='word_1_520' title='bbox 1379 3906 1440 3960; x_wconf 75' lang='grc' dir='ltr'>τὸ</span> <span class='ocrx_word' id='word_1_521' title='bbox 1483 3906 1766 3962; x_wconf 83' lang='grc' dir='ltr'>ἀνάπαλιν.</span> 
     </span>
    </p>
   </div>
   <div class='ocr_carea' id='block_1_60' title="bbox 189 3991 1771 4071">
    <p class='ocr_par' dir='ltr' id='par_1_60' title="bbox 189 3991 1771 4071">
     <span class='ocr_line' id='line_1_60' title="bbox 189 3991 1771 4071; baseline 0.005 -27"><span class='ocrx_word' id='word_1_522' title='bbox 189 3992 335 4045; x_wconf 79' lang='grc' dir='ltr'>Είδὲ</span> <span class='ocrx_word' id='word_1_523' title='bbox 379 3992 483 4043; x_wconf 75' lang='grc' dir='ltr'>οὐκ</span> <span class='ocrx_word' id='word_1_524' title='bbox 535 3991 597 4055; x_wconf 77' lang='grc' dir='ltr'><strong>ἐξ</strong></span> <span class='ocrx_word' id='word_1_525' title='bbox 643 3991 830 4057; x_wconf 77' lang='grc' dir='ltr'>αὑτοῦ,</span> <span class='ocrx_word' id='word_1_526' title='bbox 877 3993 936 4057; x_wconf 80' lang='grc' dir='ltr'><strong>ἐξ</strong></span> <span class='ocrx_word' id='word_1_527' title='bbox 991 3993 1155 4065; x_wconf 85' lang='grc' dir='ltr'>ἄλλης</span> <span class='ocrx_word' id='word_1_528' title='bbox 1198 3995 1437 4065; x_wconf 84' lang='grc' dir='ltr'>δηλονότι</span> <span class='ocrx_word' id='word_1_529' title='bbox 1470 3997 1644 4071; x_wconf 84' lang='grc' dir='ltr'>ἀρχῆς</span> <span class='ocrx_word' id='word_1_530' title='bbox 1675 4000 1771 4052; x_wconf 76' lang='grc' dir='ltr'><strong>καὶ</strong></span> 
     </span>
    </p>
   </div>
   <div class='ocr_carea' id='block_1_61' title="bbox 187 4082 1769 4160">
    <p class='ocr_par' dir='ltr' id='par_1_61' title="bbox 187 4082 1769 4160">
     <span class='ocr_line' id='line_1_61' title="bbox 187 4082 1769 4160; baseline 0.003 -23"><span class='ocrx_word' id='word_1_531' title='bbox 187 4083 403 4146; x_wconf 74' lang='grc' dir='ltr'>αἰτίαςο</span> <span class='ocrx_word' id='word_1_532' title='bbox 431 4083 526 4136; x_wconf 72' lang='grc' dir='ltr'><strong>καὶ</strong></span> <span class='ocrx_word' id='word_1_533' title='bbox 551 4082 715 4153; x_wconf 83' lang='grc' dir='ltr'>γάρῆ</span> <span class='ocrx_word' id='word_1_534' title='bbox 750 4082 811 4135; x_wconf 80' lang='grc' dir='ltr'>τὸ</span> <span class='ocrx_word' id='word_1_535' title='bbox 844 4084 1013 4138; x_wconf 74' lang='grc' dir='ltr'>κακὸν</span> <span class='ocrx_word' id='word_1_536' title='bbox 1045 4086 1110 4139; x_wconf 80' lang='grc' dir='ltr'><strong>ἐκ</strong></span> <span class='ocrx_word' id='word_1_537' title='bbox 1146 4085 1240 4138; x_wconf 88' lang='grc' dir='ltr'><strong>τοῦ</strong></span> <span class='ocrx_word' id='word_1_538' title='bbox 1267 4086 1473 4154; x_wconf 82' lang='grc' dir='ltr'>ἀγαθοῦ</span> <span class='ocrx_word' id='word_1_539' title='bbox 1510 4086 1685 4152; x_wconf 79' lang='grc' dir='ltr'>ἔσται,</span> <span class='ocrx_word' id='word_1_540' title='bbox 1735 4089 1769 4160; x_wconf 79' lang='grc' dir='ltr'>ἢ</span> 
     </span>
    </p>
   </div>
   <div class='ocr_carea' id='block_1_62' title="bbox 1864 3162 3445 3232">
    <p class='ocr_par' dir='ltr' id='par_1_62' title="bbox 1864 3162 3445 3232">
     <span class='ocr_line' id='line_1_62' title="bbox 1864 3162 3445 3232; baseline -0.007 -6"><span class='ocrx_word' id='word_1_541' title='bbox 1864 3184 2057 3226; x_wconf 90' lang='lat' dir='ltr'><strong>omnes</strong></span> <span class='ocrx_word' id='word_1_542' title='bbox 2081 3170 2194 3224; x_wconf 92' lang='lat' dir='ltr'><strong>sint</strong></span> <span class='ocrx_word' id='word_1_543' title='bbox 2217 3184 2283 3225; x_wconf 76' lang='lat' dir='ltr'><strong>ex</strong></span> <span class='ocrx_word' id='word_1_544' title='bbox 2316 3171 2485 3232; x_wconf 90' lang='lat' dir='ltr'><strong>bono,</strong></span> <span class='ocrx_word' id='word_1_545' title='bbox 2511 3167 2768 3224; x_wconf 87' lang='lat' dir='ltr'><strong>omnibus</strong></span> <span class='ocrx_word' id='word_1_546' title='bbox 2816 3166 2950 3221; x_wconf 90' lang='lat' dir='ltr'><strong>insit</strong></span> <span class='ocrx_word' id='word_1_547' title='bbox 2987 3166 3209 3229; x_wconf 88' lang='lat' dir='ltr'><strong>bonum,</strong></span> <span class='ocrx_word' id='word_1_548' title='bbox 3234 3162 3445 3219; x_wconf 81' lang='lat' dir='ltr'><strong>munia-</strong></span> 
     </span>
    </p>
   </div>
   <div class='ocr_carea' id='block_1_63' title="bbox 1866 3258 3443 3335">
    <p class='ocr_par' dir='ltr' id='par_1_63' title="bbox 1866 3258 3443 3335">
     <span class='ocr_line' id='line_1_63' title="bbox 1866 3258 3443 3335; baseline -0.004 -18"><span class='ocrx_word' id='word_1_549' title='bbox 1866 3280 1973 3335; x_wconf 90' lang='lat' dir='ltr'><strong>que</strong></span> <span class='ocrx_word' id='word_1_550' title='bbox 1998 3264 2302 3328; x_wconf 82' lang='lat' dir='ltr'><strong>contineat,</strong></span> <span class='ocrx_word' id='word_1_551' title='bbox 2346 3261 2547 3316; x_wconf 88' lang='lat' dir='ltr'><strong>malum</strong></span> <span class='ocrx_word' id='word_1_552' title='bbox 2573 3262 2762 3331; x_wconf 85' lang='lat' dir='ltr'><strong>utique</strong></span> <span class='ocrx_word' id='word_1_553' title='bbox 2808 3260 2892 3315; x_wconf 76' lang='lat' dir='ltr'><strong>vel</strong></span> <span class='ocrx_word' id='word_1_554' title='bbox 2919 3275 3026 3315; x_wconf 91' lang='lat' dir='ltr'><strong>non</strong></span> <span class='ocrx_word' id='word_1_555' title='bbox 3048 3259 3152 3315; x_wconf 87' lang='lat' dir='ltr'><strong>erit</strong></span> <span class='ocrx_word' id='word_1_556' title='bbox 3177 3258 3230 3312; x_wconf 91' lang='lat' dir='ltr'><strong>in</strong></span> <span class='ocrx_word' id='word_1_557' title='bbox 3259 3259 3443 3321; x_wconf 86' lang='lat' dir='ltr'><strong>rebus,</strong></span> 
     </span>
    </p>
   </div>
   <div class='ocr_carea' id='block_1_64' title="bbox 1869 3350 3448 3424">
    <p class='ocr_par' dir='ltr' id='par_1_64' title="bbox 1869 3350 3448 3424">
     <span class='ocr_line' id='line_1_64' title="bbox 1869 3350 3448 3424; baseline -0.004 -14"><span class='ocrx_word' id='word_1_558' title='bbox 1869 3357 1952 3411; x_wconf 79' lang='lat' dir='ltr'><strong>vel</strong></span> <span class='ocrx_word' id='word_1_559' title='bbox 1989 3358 2041 3411; x_wconf 92' lang='lat' dir='ltr'><strong>in</strong></span> <span class='ocrx_word' id='word_1_560' title='bbox 2091 3358 2237 3412; x_wconf 90' lang='lat' dir='ltr'><strong>bono</strong></span> <span class='ocrx_word' id='word_1_561' title='bbox 2280 3356 2421 3421; x_wconf 90' lang='lat' dir='ltr'><strong>erit;</strong></span> <span class='ocrx_word' id='word_1_562' title='bbox 2468 3354 2619 3424; x_wconf 90' lang='lat' dir='ltr'><strong>atqui</strong></span> <span class='ocrx_word' id='word_1_563' title='bbox 2670 3354 2724 3407; x_wconf 91' lang='lat' dir='ltr'><strong>in</strong></span> <span class='ocrx_word' id='word_1_564' title='bbox 2768 3353 2910 3407; x_wconf 91' lang='lat' dir='ltr'><strong>bono</strong></span> <span class='ocrx_word' id='word_1_565' title='bbox 2948 3366 3053 3407; x_wconf 91' lang='lat' dir='ltr'><strong>non</strong></span> <span class='ocrx_word' id='word_1_566' title='bbox 3095 3352 3204 3405; x_wconf 91' lang='lat' dir='ltr'><strong>erit</strong></span> <span class='ocrx_word' id='word_1_567' title='bbox 3247 3350 3448 3421; x_wconf 81' lang='lat' dir='ltr'><strong>(neque</strong></span> 
     </span>
    </p>
   </div>
   <div class='ocr_carea' id='block_1_65' title="bbox 1866 3440 3439 3520">
    <p class='ocr_par' dir='ltr' id='par_1_65' title="bbox 1866 3440 3439 3520">
     <span class='ocr_line' id='line_1_65' title="bbox 1866 3440 3439 3520; baseline -0.004 -17"><span class='ocrx_word' id='word_1_568' title='bbox 1866 3450 2011 3504; x_wconf 88' lang='lat' dir='ltr'><strong>enim</strong></span> <span class='ocrx_word' id='word_1_569' title='bbox 2055 3449 2110 3503; x_wconf 92' lang='lat' dir='ltr'><strong>in</strong></span> <span class='ocrx_word' id='word_1_570' title='bbox 2154 3449 2277 3520; x_wconf 76' lang='lat' dir='ltr'><strong>igne</strong></span> <span class='ocrx_word' id='word_1_571' title='bbox 2317 3445 2491 3517; x_wconf 81' lang='lat' dir='ltr'><strong>frigus</strong></span> <span class='ocrx_word' id='word_1_572' title='bbox 2516 3447 2658 3515; x_wconf 90' lang='lat' dir='ltr'><strong>est),</strong></span> <span class='ocrx_word' id='word_1_573' title='bbox 2692 3460 2791 3500; x_wconf 88' lang='lat' dir='ltr'><strong>nec</strong></span> <span class='ocrx_word' id='word_1_574' title='bbox 2833 3443 3116 3514; x_wconf 85' lang='lat' dir='ltr'><strong>depravari</strong></span> <span class='ocrx_word' id='word_1_575' title='bbox 3159 3440 3439 3513; x_wconf 89' lang='lat' dir='ltr'><strong>poteritid</strong></span> 
     </span>
    </p>
   </div>
   <div class='ocr_carea' id='block_1_66' title="bbox 1868 3534 3445 3611">
    <p class='ocr_par' dir='ltr' id='par_1_66' title="bbox 1868 3534 3445 3611">
     <span class='ocr_line' id='line_1_66' title="bbox 1868 3534 3445 3611; baseline -0.006 -17"><span class='ocrx_word' id='word_1_576' title='bbox 1868 3542 2012 3611; x_wconf 88' lang='lat' dir='ltr'><strong>quod</strong></span> <span class='ocrx_word' id='word_1_577' title='bbox 2038 3541 2201 3595; x_wconf 80' lang='lat' dir='ltr'><strong>etiam</strong></span> <span class='ocrx_word' id='word_1_578' title='bbox 2255 3539 2457 3594; x_wconf 88' lang='lat' dir='ltr'><strong>malmu</strong></span> <span class='ocrx_word' id='word_1_579' title='bbox 2529 3537 2731 3594; x_wconf 91' lang='lat' dir='ltr'><strong>bonum</strong></span> <span class='ocrx_word' id='word_1_580' title='bbox 2789 3536 2988 3592; x_wconf 86' lang='lat' dir='ltr'><strong>reddit.</strong></span> <span class='ocrx_word' id='word_1_581' title='bbox 3025 3535 3177 3602; x_wconf 90' lang='lat' dir='ltr'><strong>Quod</strong></span> <span class='ocrx_word' id='word_1_582' title='bbox 3220 3534 3264 3589; x_wconf 87' lang='lat' dir='ltr'><strong>si</strong></span> <span class='ocrx_word' id='word_1_583' title='bbox 3299 3535 3445 3597; x_wconf 90' lang='lat' dir='ltr'><strong>erit,</strong></span> 
     </span>
    </p>
   </div>
   <div class='ocr_carea' id='block_1_67' title="bbox 1870 3625 3445 3700">
    <p class='ocr_par' dir='ltr' id='par_1_67' title="bbox 1870 3625 3445 3700">
     <span class='ocr_line' id='line_1_67' title="bbox 1870 3625 3445 3700; baseline -0.006 -15"><span class='ocrx_word' id='word_1_584' title='bbox 1870 3633 2145 3700; x_wconf 88' lang='lat' dir='ltr'><strong>quomodo</strong></span> <span class='ocrx_word' id='word_1_585' title='bbox 2165 3632 2277 3686; x_wconf 90' lang='lat' dir='ltr'><strong>erit</strong></span> <span class='ocrx_word' id='word_1_586' title='bbox 2311 3632 2363 3685; x_wconf 90' lang='lat' dir='ltr'><strong>in</strong></span> <span class='ocrx_word' id='word_1_587' title='bbox 2404 3631 2549 3685; x_wconf 89' lang='lat' dir='ltr'><strong>bono</strong></span> <span class='ocrx_word' id='word_1_588' title='bbox 2610 3627 2852 3683; x_wconf 88' lang='lat' dir='ltr'><strong>malum?</strong></span> <span class='ocrx_word' id='word_1_589' title='bbox 2902 3627 2958 3681; x_wconf 84' lang='lat' dir='ltr'><strong>Si</strong></span> <span class='ocrx_word' id='word_1_590' title='bbox 3009 3625 3226 3695; x_wconf 90' lang='lat' dir='ltr'><strong>quidem</strong></span> <span class='ocrx_word' id='word_1_591' title='bbox 3262 3639 3326 3679; x_wconf 79' lang='lat' dir='ltr'><strong>ex</strong></span> <span class='ocrx_word' id='word_1_592' title='bbox 3379 3640 3445 3676; x_wconf 91' lang='lat' dir='ltr'><strong>eo</strong></span> 
     </span>
    </p>
   </div>
   <div class='ocr_carea' id='block_1_68' title="bbox 1869 3715 3443 3786">
    <p class='ocr_par' dir='ltr' id='par_1_68' title="bbox 1869 3715 3443 3786">
     <span class='ocr_line' id='line_1_68' title="bbox 1869 3715 3443 3786; baseline -0.004 -10"><span class='ocrx_word' id='word_1_593' title='bbox 1869 3732 1973 3786; x_wconf 90' lang='lat' dir='ltr'><strong>est,</strong></span> <span class='ocrx_word' id='word_1_594' title='bbox 2002 3721 2297 3777; x_wconf 85' lang='lat' dir='ltr'><strong>absurdum</strong></span> <span class='ocrx_word' id='word_1_595' title='bbox 2342 3721 2393 3775; x_wconf 94' lang='lat' dir='ltr'><strong>id</strong></span> <span class='ocrx_word' id='word_1_596' title='bbox 2434 3728 2517 3773; x_wconf 84' lang='lat' dir='ltr'><strong>est</strong></span> <span class='ocrx_word' id='word_1_597' title='bbox 2561 3732 2660 3773; x_wconf 88' lang='lat' dir='ltr'><strong>nec</strong></span> <span class='ocrx_word' id='word_1_598' title='bbox 2704 3718 2819 3771; x_wconf 77' lang='lat' dir='ltr'><strong>fieri</strong></span> <span class='ocrx_word' id='word_1_599' title='bbox 2864 3726 3077 3785; x_wconf 82' lang='lat' dir='ltr'><strong>potest:</strong></span> <span class='ocrx_word' id='word_1_600' title='bbox 3133 3715 3257 3769; x_wconf 82' lang='lat' dir='ltr'><strong>Non</strong></span> <span class='ocrx_word' id='word_1_601' title='bbox 3295 3716 3443 3769; x_wconf 92' lang='lat' dir='ltr'><strong>enim</strong></span> 
     </span>
    </p>
   </div>
   <div class='ocr_carea' id='block_1_69' title="bbox 1870 3806 3447 3882">
    <p class='ocr_par' dir='ltr' id='par_1_69' title="bbox 1870 3806 3447 3882">
     <span class='ocr_line' id='line_1_69' title="bbox 1870 3806 3447 3882; baseline -0.004 -16"><span class='ocrx_word' id='word_1_602' title='bbox 1870 3822 2036 3875; x_wconf 79' lang='lat' dir='ltr'><strong>potest</strong></span> <span class='ocrx_word' id='word_1_603' title='bbox 2079 3814 2161 3882; x_wconf 93' lang='lat' dir='ltr'><strong>(ut</strong></span> <span class='ocrx_word' id='word_1_604' title='bbox 2206 3810 2507 3881; x_wconf 72' lang='lat' dir='ltr'><strong>Scriptura:</strong></span> <span class='ocrx_word' id='word_1_605' title='bbox 2558 3809 2760 3864; x_wconf 77' lang='lat' dir='ltr'><strong>veritas</strong></span> <span class='ocrx_word' id='word_1_606' title='bbox 2805 3807 3058 3879; x_wconf 77' lang='lat' dir='ltr'><strong>testatur)</strong></span> <span class='ocrx_word' id='word_1_607' title='bbox 3108 3807 3267 3860; x_wconf 87' lang='lat' dir='ltr'><strong>arbor</strong></span> <span class='ocrx_word' id='word_1_608' title='bbox 3309 3806 3447 3859; x_wconf 75' lang='lat' dir='ltr'><strong>bona</strong></span> 
     </span>
    </p>
   </div>
   <div class='ocr_carea' id='block_1_70' title="bbox 1870 3898 3445 3973">
    <p class='ocr_par' dir='ltr' id='par_1_70' title="bbox 1870 3898 3445 3973">
     <span class='ocr_line' id='line_1_70' title="bbox 1870 3898 3445 3973; baseline -0.003 -17"><span class='ocrx_word' id='word_1_609' title='bbox 1870 3903 2037 3957; x_wconf 75' lang='lat' dir='ltr'><strong>malos</strong></span> <span class='ocrx_word' id='word_1_610' title='bbox 2059 3903 2265 3973; x_wconf 77' lang='lat' dir='ltr'><strong>[ructus</strong></span> <span class='ocrx_word' id='word_1_611' title='bbox 2301 3904 2477 3973; x_wconf 79' lang='lat' dir='ltr'><strong>facere</strong></span> <span class='ocrx_word' id='word_1_612' title='bbox 2502 3911 2568 3966; x_wconf 75' lang='grc' dir='ltr'>νς</span> <span class='ocrx_word' id='word_1_613' title='bbox 2620 3916 2719 3955; x_wconf 88' lang='lat' dir='ltr'><strong>nec</strong></span> <span class='ocrx_word' id='word_1_614' title='bbox 2766 3910 2977 3956; x_wconf 84' lang='lat' dir='ltr'><strong>contra.</strong></span> <span class='ocrx_word' id='word_1_615' title='bbox 3037 3898 3093 3952; x_wconf 85' lang='lat' dir='ltr'><strong>Si</strong></span> <span class='ocrx_word' id='word_1_616' title='bbox 3148 3914 3213 3952; x_wconf 79' lang='lat' dir='ltr'><strong>ex</strong></span> <span class='ocrx_word' id='word_1_617' title='bbox 3245 3913 3312 3951; x_wconf 91' lang='lat' dir='ltr'><strong>eo</strong></span> <span class='ocrx_word' id='word_1_618' title='bbox 3338 3914 3445 3953; x_wconf 86' lang='lat' dir='ltr'><strong>non</strong></span> 
     </span>
    </p>
   </div>
   <div class='ocr_carea' id='block_1_71' title="bbox 1871 3989 3448 4066">
    <p class='ocr_par' dir='ltr' id='par_1_71' title="bbox 1871 3989 3448 4066">
     <span class='ocr_line' id='line_1_71' title="bbox 1871 3989 3448 4066; baseline -0.006 -16"><span class='ocrx_word' id='word_1_619' title='bbox 1871 4005 1974 4064; x_wconf 82' lang='lat' dir='ltr'><strong>est,</strong></span> <span class='ocrx_word' id='word_1_620' title='bbox 2006 3997 2354 4066; x_wconf 90' lang='lat' dir='ltr'><strong>perspicuum</strong></span> <span class='ocrx_word' id='word_1_621' title='bbox 2396 4002 2479 4048; x_wconf 88' lang='lat' dir='ltr'><strong>est</strong></span> <span class='ocrx_word' id='word_1_622' title='bbox 2510 3993 2561 4047; x_wconf 87' lang='lat' dir='ltr'><strong>id</strong></span> <span class='ocrx_word' id='word_1_623' title='bbox 2592 3991 2898 4063; x_wconf 85' lang='lat' dir='ltr'><strong>profectum</strong></span> <span class='ocrx_word' id='word_1_624' title='bbox 2931 3989 3139 4045; x_wconf 86' lang='lat' dir='ltr'><strong>esseab</strong></span> <span class='ocrx_word' id='word_1_625' title='bbox 3160 3989 3267 4043; x_wconf 89' lang='lat' dir='ltr'><strong>alio</strong></span> <span class='ocrx_word' id='word_1_626' title='bbox 3292 3989 3448 4058; x_wconf 84' lang='lat' dir='ltr'><strong>prin-</strong></span> 
     </span>
    </p>
   </div>
   <div class='ocr_carea' id='block_1_72' title="bbox 1871 4082 3448 4159">
    <p class='ocr_par' dir='ltr' id='par_1_72' title="bbox 1871 4082 3448 4159">
     <span class='ocr_line' id='line_1_72' title="bbox 1871 4082 3448 4159; baseline -0.006 -14"><span class='ocrx_word' id='word_1_627' title='bbox 1871 4090 2017 4159; x_wconf 92' lang='lat' dir='ltr'><strong>cipio</strong></span> <span class='ocrx_word' id='word_1_628' title='bbox 2043 4099 2206 4158; x_wconf 88' lang='lat' dir='ltr'><strong>atque</strong></span> <span class='ocrx_word' id='word_1_629' title='bbox 2229 4104 2425 4155; x_wconf 88' lang='lat' dir='ltr'><strong>causa;</strong></span> <span class='ocrx_word' id='word_1_630' title='bbox 2488 4102 2611 4140; x_wconf 87' lang='lat' dir='ltr'><strong>nam</strong></span> <span class='ocrx_word' id='word_1_631' title='bbox 2657 4096 2753 4140; x_wconf 88' lang='lat' dir='ltr'><strong>aut</strong></span> <span class='ocrx_word' id='word_1_632' title='bbox 2804 4084 3007 4138; x_wconf 83' lang='lat' dir='ltr'><strong>malum</strong></span> <span class='ocrx_word' id='word_1_633' title='bbox 3039 4098 3107 4138; x_wconf 86' lang='lat' dir='ltr'><strong>ex</strong></span> <span class='ocrx_word' id='word_1_634' title='bbox 3150 4084 3290 4136; x_wconf 92' lang='lat' dir='ltr'><strong>bono</strong></span> <span class='ocrx_word' id='word_1_635' title='bbox 3318 4082 3448 4145; x_wconf 87' lang='lat' dir='ltr'><strong>erit,</strong></span> 
     </span>
    </p>
   </div>
   <div class='ocr_carea' id='block_1_73' title="bbox 186 4170 1668 4249">
    <p class='ocr_par' dir='ltr' id='par_1_73' title="bbox 186 4170 1668 4247">
     <span class='ocr_line' id='line_1_73' title="bbox 186 4170 1668 4247; baseline 0.005 -23"><span class='ocrx_word' id='word_1_636' title='bbox 186 4172 252 4225; x_wconf 82' lang='grc' dir='ltr'>τὸ</span> <span class='ocrx_word' id='word_1_637' title='bbox 288 4171 495 4241; x_wconf 80' lang='grc' dir='ltr'>ἀγαθὸν</span> <span class='ocrx_word' id='word_1_638' title='bbox 528 4174 593 4225; x_wconf 77' lang='grc' dir='ltr'><strong>ὲκ</strong></span> <span class='ocrx_word' id='word_1_639' title='bbox 625 4173 720 4226; x_wconf 90' lang='grc' dir='ltr'><strong>τοῦ</strong></span> <span class='ocrx_word' id='word_1_640' title='bbox 744 4174 917 4227; x_wconf 83' lang='grc' dir='ltr'>κακοῦ</span> <span class='ocrx_word' id='word_1_641' title='bbox 944 4192 956 4205; x_wconf 94' lang='grc'><strong>·</strong></span> <span class='ocrx_word' id='word_1_642' title='bbox 992 4176 1026 4246; x_wconf 78' lang='grc' dir='ltr'><strong>ἢ</strong></span> <span class='ocrx_word' id='word_1_643' title='bbox 1062 4178 1110 4229; x_wconf 83' lang='grc' dir='ltr'>εἰ</span> <span class='ocrx_word' id='word_1_644' title='bbox 1139 4176 1213 4247; x_wconf 83' lang='grc' dir='ltr'><strong>μὴ</strong></span> <span class='ocrx_word' id='word_1_645' title='bbox 1244 4170 1406 4230; x_wconf 83' lang='grc' dir='ltr'>τοῦτο</span> <span class='ocrx_word' id='word_1_646' title='bbox 1432 4177 1668 4244; x_wconf 67' lang='grc' dir='ltr'>δυνατὸν,</span> 
     </span>
    </p>
   </div>
   <div class='ocr_carea' id='block_1_74' title="bbox 1965 4170 3447 4249">
    <p class='ocr_par' dir='ltr' id='par_1_74' title="bbox 1965 4175 3447 4245">
     <span class='ocr_line' id='line_1_74' title="bbox 1965 4175 3447 4245; baseline -0.003 -14"><span class='ocrx_word' id='word_1_647' title='bbox 1965 4181 2193 4235; x_wconf 76' lang='lat' dir='ltr'><strong>,bonum</strong></span> <span class='ocrx_word' id='word_1_648' title='bbox 2224 4196 2291 4236; x_wconf 81' lang='lat' dir='ltr'><strong>ex</strong></span> <span class='ocrx_word' id='word_1_649' title='bbox 2317 4178 2489 4244; x_wconf 87' lang='lat' dir='ltr'><strong>malo;</strong></span> <span class='ocrx_word' id='word_1_650' title='bbox 2525 4177 2607 4232; x_wconf 86' lang='lat' dir='ltr'><strong>vel</strong></span> <span class='ocrx_word' id='word_1_651' title='bbox 2645 4178 2690 4233; x_wconf 89' lang='lat' dir='ltr'><strong>si</strong></span> <span class='ocrx_word' id='word_1_652' title='bbox 2738 4176 2789 4231; x_wconf 90' lang='lat' dir='ltr'><strong>id</strong></span> <span class='ocrx_word' id='word_1_653' title='bbox 2846 4175 2962 4229; x_wconf 82' lang='lat' dir='ltr'><strong>ﬁeri</strong></span> <span class='ocrx_word' id='word_1_654' title='bbox 3006 4190 3112 4230; x_wconf 86' lang='lat' dir='ltr'><strong>non</strong></span> <span class='ocrx_word' id='word_1_655' title='bbox 3143 4183 3343 4245; x_wconf 85' lang='lat' dir='ltr'><strong>potest.</strong></span> <span class='ocrx_word' id='word_1_656' title='bbox 3380 4188 3447 4227; x_wconf 78' lang='lat' dir='ltr'><strong>ex</strong></span> 
     </span>
    </p>
   </div>
   <div class='ocr_carea' id='block_1_75' title="bbox 188 4264 1670 4344">
    <p class='ocr_par' dir='ltr' id='par_1_75' title="bbox 188 4264 1670 4339">
     <span class='ocr_line' id='line_1_75' title="bbox 188 4264 1670 4339; baseline 0.007 -25"><span class='ocrx_word' id='word_1_657' title='bbox 188 4264 359 4336; x_wconf 74' lang='grc' dir='ltr'>ἀλλης</span> <span class='ocrx_word' id='word_1_658' title='bbox 397 4265 570 4336; x_wconf 86' lang='grc' dir='ltr'>ἀρχῆς</span> <span class='ocrx_word' id='word_1_659' title='bbox 604 4266 697 4318; x_wconf 75' lang='grc' dir='ltr'><strong>καὶ</strong></span> <span class='ocrx_word' id='word_1_660' title='bbox 730 4266 906 4330; x_wconf 80' lang='grc' dir='ltr'>αἰτίας</span> <span class='ocrx_word' id='word_1_661' title='bbox 955 4266 1106 4321; x_wconf 74' lang='grc' dir='ltr'>ἔσται</span> <span class='ocrx_word' id='word_1_662' title='bbox 1144 4270 1239 4322; x_wconf 70' lang='grc' dir='ltr'><strong>καὶ</strong></span> <span class='ocrx_word' id='word_1_663' title='bbox 1269 4269 1330 4322; x_wconf 82' lang='grc' dir='ltr'><strong>τὸ</strong></span> <span class='ocrx_word' id='word_1_664' title='bbox 1352 4270 1556 4339; x_wconf 84' lang='grc' dir='ltr'>ἀγαθὸν</span> <span class='ocrx_word' id='word_1_665' title='bbox 1587 4275 1670 4328; x_wconf 66' lang='grc' dir='ltr'><strong>καὶ</strong></span> 
     </span>
    </p>
   </div>
   <div class='ocr_carea' id='block_1_76' title="bbox 1964 4264 3446 4344">
    <p class='ocr_par' dir='ltr' id='par_1_76' title="bbox 1964 4268 3446 4344">
     <span class='ocr_line' id='line_1_76' title="bbox 1964 4268 3446 4344; baseline -0.007 -16"><span class='ocrx_word' id='word_1_666' title='bbox 1964 4288 1982 4328; x_wconf 87' lang='grc'><strong>)</strong></span> <span class='ocrx_word' id='word_1_667' title='bbox 2018 4274 2287 4344; x_wconf 88' lang='lat' dir='ltr'><strong>principio</strong></span> <span class='ocrx_word' id='word_1_668' title='bbox 2313 4283 2369 4327; x_wconf 88' lang='lat' dir='ltr'><strong>et</strong></span> <span class='ocrx_word' id='word_1_669' title='bbox 2397 4288 2559 4327; x_wconf 86' lang='lat' dir='ltr'><strong>causa</strong></span> <span class='ocrx_word' id='word_1_670' title='bbox 2593 4270 2825 4324; x_wconf 69' lang='lat' dir='ltr'><strong>exsistet</strong></span> <span class='ocrx_word' id='word_1_671' title='bbox 2860 4278 2971 4320; x_wconf 88' lang='lat' dir='ltr'><strong>tam</strong></span> <span class='ocrx_word' id='word_1_672' title='bbox 3026 4268 3229 4321; x_wconf 88' lang='lat' dir='ltr'><strong>bonum</strong></span> <span class='ocrx_word' id='word_1_673' title='bbox 3274 4281 3446 4337; x_wconf 88' lang='lat' dir='ltr'><strong>quam</strong></span> 
     </span>
    </p>
   </div>
   <div class='ocr_carea' id='block_1_77' title="bbox 190 4354 1672 4433">
    <p class='ocr_par' dir='ltr' id='par_1_77' title="bbox 190 4354 1672 4431">
     <span class='ocr_line' id='line_1_77' title="bbox 190 4354 1672 4431; baseline 0.006 -22"><span class='ocrx_word' id='word_1_674' title='bbox 190 4356 384 4410; x_wconf 78' lang='grc' dir='ltr'>κακόν.</span> <span class='ocrx_word' id='word_1_675' title='bbox 415 4356 573 4409; x_wconf 80' lang='grc' dir='ltr'>Πᾶσα</span> <span class='ocrx_word' id='word_1_676' title='bbox 598 4354 706 4426; x_wconf 77' lang='grc' dir='ltr'>γὰρ</span> <span class='ocrx_word' id='word_1_677' title='bbox 748 4355 877 4419; x_wconf 82' lang='grc' dir='ltr'>δυὰς</span> <span class='ocrx_word' id='word_1_678' title='bbox 900 4357 999 4411; x_wconf 78' lang='grc' dir='ltr'><strong>οὐκ</strong></span> <span class='ocrx_word' id='word_1_679' title='bbox 1020 4359 1183 4430; x_wconf 87' lang='grc' dir='ltr'>ἀρχὴ,</span> <span class='ocrx_word' id='word_1_680' title='bbox 1214 4360 1379 4431; x_wconf 86' lang='grc' dir='ltr'>μονάς</span> <span class='ocrx_word' id='word_1_681' title='bbox 1409 4363 1466 4417; x_wconf 84' lang='grc' dir='ltr'>δὲ</span> <span class='ocrx_word' id='word_1_682' title='bbox 1495 4363 1646 4420; x_wconf 72' lang='grc' dir='ltr'>ἔσται</span> <span class='ocrx_word' id='word_1_683' title='bbox 1670 4391 1672 4400; x_wconf 63' lang='grc' dir='ltr'>ι</span> 
     </span>
    </p>
   </div>
   <div class='ocr_carea' id='block_1_78' title="bbox 1967 4354 3449 4433">
    <p class='ocr_par' dir='ltr' id='par_1_78' title="bbox 1967 4360 3449 4433">
     <span class='ocr_line' id='line_1_78' title="bbox 1967 4360 3449 4433; baseline -0.005 -12"><span class='ocrx_word' id='word_1_684' title='bbox 1967 4367 2099 4422; x_wconf 92' lang='lat' dir='ltr'><strong>lum.</strong></span> <span class='ocrx_word' id='word_1_685' title='bbox 2124 4366 2282 4421; x_wconf 83' lang='lat' dir='ltr'><strong>Nulla</strong></span> <span class='ocrx_word' id='word_1_686' title='bbox 2333 4366 2483 4421; x_wconf 89' lang='lat' dir='ltr'><strong>enim</strong></span> <span class='ocrx_word' id='word_1_687' title='bbox 2532 4364 2773 4419; x_wconf 85' lang='lat' dir='ltr'><strong>dualitas</strong></span> <span class='ocrx_word' id='word_1_688' title='bbox 2801 4362 3118 4433; x_wconf 88' lang='lat' dir='ltr'><strong>principiat,</strong></span> <span class='ocrx_word' id='word_1_689' title='bbox 3146 4361 3241 4416; x_wconf 87' lang='lat' dir='ltr'><strong>sed</strong></span> <span class='ocrx_word' id='word_1_690' title='bbox 3270 4360 3449 4415; x_wconf 87' lang='lat' dir='ltr'><strong>unitas</strong></span> 
     </span>
    </p>
   </div>
   <div class='ocr_carea' id='block_1_79' title="bbox 192 4446 1674 4527">
    <p class='ocr_par' dir='ltr' id='par_1_79' title="bbox 192 4446 1634 4521">
     <span class='ocr_line' id='line_1_79' title="bbox 192 4446 1634 4521; baseline 0.008 -21"><span class='ocrx_word' id='word_1_691' title='bbox 192 4464 297 4518; x_wconf 87' lang='grc' dir='ltr'>σης</span> <span class='ocrx_word' id='word_1_692' title='bbox 337 4446 531 4512; x_wconf 80' lang='grc' dir='ltr'><strong>δυάδος</strong></span> <span class='ocrx_word' id='word_1_693' title='bbox 574 4448 739 4520; x_wconf 87' lang='grc' dir='ltr'>ἀρχή.</span> <span class='ocrx_word' id='word_1_694' title='bbox 787 4450 978 4504; x_wconf 83' lang='grc' dir='ltr'>Καίτοι</span> <span class='ocrx_word' id='word_1_695' title='bbox 1013 4450 1232 4513; x_wconf 87' lang='grc' dir='ltr'>ἀτοπον,</span> <span class='ocrx_word' id='word_1_696' title='bbox 1289 4453 1347 4521; x_wconf 74' lang='grc' dir='ltr'><strong>ἐξ</strong></span> <span class='ocrx_word' id='word_1_697' title='bbox 1388 4455 1505 4521; x_wconf 78' lang='grc' dir='ltr'>ἑνὸς</span> <span class='ocrx_word' id='word_1_698' title='bbox 1540 4459 1634 4512; x_wconf 80' lang='grc' dir='ltr'>καὶ</span> 
     </span>
    </p>
   </div>
   <div class='ocr_carea' id='block_1_80' title="bbox 1966 4446 3448 4527">
    <p class='ocr_par' dir='ltr' id='par_1_80' title="bbox 1966 4454 3448 4527">
     <span class='ocr_line' id='line_1_80' title="bbox 1966 4454 3448 4527; baseline -0.005 -15"><span class='ocrx_word' id='word_1_699' title='bbox 1966 4457 2330 4527; x_wconf 89' lang='lat' dir='ltr'><strong>tprincipium</strong></span> <span class='ocrx_word' id='word_1_700' title='bbox 2361 4456 2543 4512; x_wconf 92' lang='lat' dir='ltr'><strong>omnis</strong></span> <span class='ocrx_word' id='word_1_701' title='bbox 2587 4455 2888 4509; x_wconf 89' lang='lat' dir='ltr'><strong>dualitatis.</strong></span> <span class='ocrx_word' id='word_1_702' title='bbox 2941 4455 3106 4525; x_wconf 84' lang='lat' dir='ltr'><strong>Atqui</strong></span> <span class='ocrx_word' id='word_1_703' title='bbox 3150 4454 3448 4509; x_wconf 84' lang='lat' dir='ltr'><strong>absurdum</strong></span> 
     </span>
    </p>
   </div>
   <div class='ocr_carea' id='block_1_81' title="bbox 189 4539 1671 4622">
    <p class='ocr_par' dir='ltr' id='par_1_81' title="bbox 189 4539 1644 4617">
     <span class='ocr_line' id='line_1_81' title="bbox 189 4539 1644 4617; baseline 0.008 -25"><span class='ocrx_word' id='word_1_704' title='bbox 189 4540 361 4599; x_wconf 74' lang='grc' dir='ltr'>αὑτοῦ</span> <span class='ocrx_word' id='word_1_705' title='bbox 395 4539 490 4594; x_wconf 83' lang='grc' dir='ltr'>δύο</span> <span class='ocrx_word' id='word_1_706' title='bbox 509 4539 788 4603; x_wconf 83' lang='grc' dir='ltr'>παντελῶς</span> <span class='ocrx_word' id='word_1_707' title='bbox 821 4543 1037 4597; x_wconf 73' lang='grc' dir='ltr'>ἐναντία</span> <span class='ocrx_word' id='word_1_708' title='bbox 1076 4547 1323 4617; x_wconf 80' lang='grc' dir='ltr'>προϊέναι</span> <span class='ocrx_word' id='word_1_709' title='bbox 1354 4549 1450 4602; x_wconf 79' lang='grc' dir='ltr'>καὶ</span> <span class='ocrx_word' id='word_1_710' title='bbox 1482 4544 1644 4614; x_wconf 77' lang='grc' dir='ltr'>εἶναι,</span> 
     </span>
    </p>
   </div>
   <div class='ocr_carea' id='block_1_82' title="bbox 1970 4539 3452 4622">
    <p class='ocr_par' dir='ltr' id='par_1_82' title="bbox 1970 4545 3452 4620">
     <span class='ocr_line' id='line_1_82' title="bbox 1970 4545 3452 4620; baseline -0.004 -17"><span class='ocrx_word' id='word_1_711' title='bbox 1970 4565 2095 4620; x_wconf 67' lang='lat' dir='ltr'><strong>ique</strong></span> <span class='ocrx_word' id='word_1_712' title='bbox 2121 4560 2229 4614; x_wconf 90' lang='lat' dir='ltr'><strong>est,</strong></span> <span class='ocrx_word' id='word_1_713' title='bbox 2259 4565 2322 4603; x_wconf 78' lang='lat' dir='ltr'><strong>ex</strong></span> <span class='ocrx_word' id='word_1_714' title='bbox 2350 4566 2456 4604; x_wconf 90' lang='lat' dir='ltr'><strong>uno</strong></span> <span class='ocrx_word' id='word_1_715' title='bbox 2482 4559 2537 4604; x_wconf 87' lang='lat' dir='ltr'><strong>et</strong></span> <span class='ocrx_word' id='word_1_716' title='bbox 2564 4550 2755 4604; x_wconf 85' lang='lat' dir='ltr'><strong>eodem</strong></span> <span class='ocrx_word' id='word_1_717' title='bbox 2783 4548 2891 4602; x_wconf 91' lang='lat' dir='ltr'><strong>duo</strong></span> <span class='ocrx_word' id='word_1_718' title='bbox 2918 4562 3141 4618; x_wconf 88' lang='lat' dir='ltr'><strong>prorsus</strong></span> <span class='ocrx_word' id='word_1_719' title='bbox 3173 4545 3452 4600; x_wconf 89' lang='lat' dir='ltr'><strong>contraria</strong></span> 
     </span>
    </p>
   </div>
   <div class='ocr_carea' id='block_1_83' title="bbox 191 4632 1774 4715">
    <p class='ocr_par' dir='ltr' id='par_1_83' title="bbox 191 4632 1774 4715">
     <span class='ocr_line' id='line_1_83' title="bbox 191 4632 1774 4715; baseline 0.009 -31"><span class='ocrx_word' id='word_1_720' title='bbox 191 4632 364 4703; x_wconf 75' lang='grc' dir='ltr'>αὐτὴν</span> <span class='ocrx_word' id='word_1_721' title='bbox 389 4632 488 4703; x_wconf 82' lang='grc' dir='ltr'><strong>τὴν</strong></span> <span class='ocrx_word' id='word_1_722' title='bbox 508 4634 682 4703; x_wconf 81' lang='grc' dir='ltr'>ἀρχὴν</span> <span class='ocrx_word' id='word_1_723' title='bbox 726 4634 824 4704; x_wconf 76' lang='grc' dir='ltr'><strong>οὐχ</strong></span> <span class='ocrx_word' id='word_1_724' title='bbox 874 4635 1052 4707; x_wconf 80' lang='grc' dir='ltr'>ἁπλῆν</span> <span class='ocrx_word' id='word_1_725' title='bbox 1101 4640 1196 4693; x_wconf 82' lang='grc' dir='ltr'><strong>καὶ</strong></span> <span class='ocrx_word' id='word_1_726' title='bbox 1250 4641 1474 4707; x_wconf 79' lang='grc' dir='ltr'>ἑνιαίαν,</span> <span class='ocrx_word' id='word_1_727' title='bbox 1510 4643 1644 4697; x_wconf 87' lang='grc' dir='ltr'><strong>ἀλλά</strong></span> <span class='ocrx_word' id='word_1_728' title='bbox 1676 4662 1774 4715; x_wconf 82' lang='grc' dir='ltr'><strong>με·</strong></span> 
     </span>
    </p>
   </div>
   <div class='ocr_carea' id='block_1_84' title="bbox 192 4724 1773 4806">
    <p class='ocr_par' dir='ltr' id='par_1_84' title="bbox 192 4724 1773 4806">
     <span class='ocr_line' id='line_1_84' title="bbox 192 4724 1773 4806; baseline 0.009 -30"><span class='ocrx_word' id='word_1_729' title='bbox 192 4724 386 4795; x_wconf 79' lang='grc' dir='ltr'>ριστὴν</span> <span class='ocrx_word' id='word_1_730' title='bbox 442 4725 536 4778; x_wconf 75' lang='grc' dir='ltr'>καὶ</span> <span class='ocrx_word' id='word_1_731' title='bbox 580 4724 809 4797; x_wconf 81' lang='grc' dir='ltr'>δυοειδῆ,</span> <span class='ocrx_word' id='word_1_732' title='bbox 870 4729 963 4781; x_wconf 76' lang='grc' dir='ltr'><strong>καὶ</strong></span> <span class='ocrx_word' id='word_1_733' title='bbox 1005 4729 1252 4788; x_wconf 75' lang='grc' dir='ltr'>ἐναντίαν</span> <span class='ocrx_word' id='word_1_734' title='bbox 1305 4734 1492 4806; x_wconf 74' lang='grc' dir='ltr'>ἑαυτῇ,</span> <span class='ocrx_word' id='word_1_735' title='bbox 1551 4736 1647 4789; x_wconf 72' lang='grc' dir='ltr'>καὶ</span> <span class='ocrx_word' id='word_1_736' title='bbox 1677 4735 1773 4805; x_wconf 73' lang='grc' dir='ltr'><strong>ὴλ-</strong></span> 
     </span>
    </p>
   </div>
   <div class='ocr_carea' id='block_1_85' title="bbox 193 4815 1775 4894">
    <p class='ocr_par' dir='ltr' id='par_1_85' title="bbox 193 4815 1775 4894">
     <span class='ocr_line' id='line_1_85' title="bbox 193 4815 1775 4894; baseline 0.004 -19"><span class='ocrx_word' id='word_1_737' title='bbox 193 4815 521 4888; x_wconf 75' lang='grc' dir='ltr'>λοιωμὲνην.</span> <span class='ocrx_word' id='word_1_738' title='bbox 548 4818 658 4871; x_wconf 79' lang='grc' dir='ltr'><strong>Καὶ</strong></span> <span class='ocrx_word' id='word_1_739' title='bbox 712 4819 818 4891; x_wconf 83' lang='grc' dir='ltr'><strong>μὴν</strong></span> <span class='ocrx_word' id='word_1_740' title='bbox 867 4819 992 4873; x_wconf 69' lang='grc' dir='ltr'>οὔτε</span> <span class='ocrx_word' id='word_1_741' title='bbox 1037 4822 1132 4876; x_wconf 78' lang='grc' dir='ltr'>δύο</span> <span class='ocrx_word' id='word_1_742' title='bbox 1180 4826 1291 4879; x_wconf 84' lang='grc' dir='ltr'><strong>τῶν</strong></span> <span class='ocrx_word' id='word_1_743' title='bbox 1315 4825 1485 4881; x_wconf 76' lang='grc' dir='ltr'>ὄντων</span> <span class='ocrx_word' id='word_1_744' title='bbox 1527 4828 1775 4894; x_wconf 77' lang='grc' dir='ltr'>ἐναντίας</span> 
     </span>
    </p>
   </div>
   <div class='ocr_carea' id='block_1_86' title="bbox 193 4907 1775 4991">
    <p class='ocr_par' dir='ltr' id='par_1_86' title="bbox 193 4907 1775 4991">
     <span class='ocr_line' id='line_1_86' title="bbox 193 4907 1775 4991; baseline 0.009 -29"><span class='ocrx_word' id='word_1_745' title='bbox 193 4910 371 4982; x_wconf 83' lang='grc' dir='ltr'>ἀρχὰς</span> <span class='ocrx_word' id='word_1_746' title='bbox 394 4910 621 4965; x_wconf 83' lang='grc' dir='ltr'>δυνατὸν</span> <span class='ocrx_word' id='word_1_747' title='bbox 645 4907 805 4976; x_wconf 76' lang='grc' dir='ltr'>εἶναι,</span> <span class='ocrx_word' id='word_1_748' title='bbox 830 4914 927 4967; x_wconf 78' lang='grc' dir='ltr'><strong>καὶ</strong></span> <span class='ocrx_word' id='word_1_749' title='bbox 947 4915 1150 4981; x_wconf 84' lang='grc' dir='ltr'>ταύτας</span> <span class='ocrx_word' id='word_1_750' title='bbox 1181 4919 1241 4972; x_wconf 77' lang='grc' dir='ltr'>ἑν</span> <span class='ocrx_word' id='word_1_751' title='bbox 1273 4919 1551 4991; x_wconf 74' lang='grc' dir='ltr'>ἀλλήλαις,</span> <span class='ocrx_word' id='word_1_752' title='bbox 1587 4922 1684 4976; x_wconf 76' lang='grc' dir='ltr'><strong>καὶ</strong></span> <span class='ocrx_word' id='word_1_753' title='bbox 1716 4924 1775 4976; x_wconf 84' lang='grc' dir='ltr'>ὲν</span> 
     </span>
    </p>
   </div>
   <div class='ocr_carea' id='block_1_87' title="bbox 194 5000 1775 5081">
    <p class='ocr_par' dir='ltr' id='par_1_87' title="bbox 194 5000 1775 5081">
     <span class='ocr_line' id='line_1_87' title="bbox 194 5000 1775 5081; baseline 0.004 -26"><span class='ocrx_word' id='word_1_754' title='bbox 194 5000 273 5070; x_wconf 75' lang='grc' dir='ltr'>τῷ</span> <span class='ocrx_word' id='word_1_755' title='bbox 305 5002 492 5064; x_wconf 78' lang='grc' dir='ltr'>παντὶ,</span> <span class='ocrx_word' id='word_1_756' title='bbox 558 5002 653 5054; x_wconf 61' lang='grc' dir='ltr'><strong>καλ⁵</strong></span> <span class='ocrx_word' id='word_1_757' title='bbox 701 5004 1050 5074; x_wconf 82' lang='grc' dir='ltr'>μαχομένας·</span> <span class='ocrx_word' id='word_1_758' title='bbox 1087 5008 1137 5060; x_wconf 76' lang='grc' dir='ltr'>εἰ</span> <span class='ocrx_word' id='word_1_759' title='bbox 1203 5006 1313 5080; x_wconf 87' lang='grc' dir='ltr'>γὰρ</span> <span class='ocrx_word' id='word_1_760' title='bbox 1353 5008 1513 5062; x_wconf 82' lang='grc' dir='ltr'>τοῦτο</span> <span class='ocrx_word' id='word_1_761' title='bbox 1574 5009 1775 5081; x_wconf 85' lang='grc' dir='ltr'>δοθείη,</span> 
     </span>
    </p>
   </div>
   <div class='ocr_carea' id='block_1_88' title="bbox 194 5095 1775 5177">
    <p class='ocr_par' dir='ltr' id='par_1_88' title="bbox 194 5095 1775 5177">
     <span class='ocr_line' id='line_1_88' title="bbox 194 5095 1775 5177; baseline -0.004 -14"><span class='ocrx_word' id='word_1_762' title='bbox 194 5095 348 5151; x_wconf 61' lang='grc' dir='ltr'><strong>ἔσται</strong></span> <span class='ocrx_word' id='word_1_763' title='bbox 372 5096 467 5149; x_wconf 67' lang='grc' dir='ltr'><strong>καὶ</strong></span> <span class='ocrx_word' id='word_1_764' title='bbox 490 5097 519 5149; x_wconf 75' lang='grc' dir='ltr'><strong>ὅ</strong></span> <span class='ocrx_word' id='word_1_765' title='bbox 545 5095 680 5159; x_wconf 80' lang='grc' dir='ltr'><strong>Θεὸς</strong></span> <span class='ocrx_word' id='word_1_766' title='bbox 702 5097 801 5150; x_wconf 69' lang='grc' dir='ltr'><strong>οὐκ</strong></span> <span class='ocrx_word' id='word_1_767' title='bbox 842 5099 955 5170; x_wconf 80' lang='grc' dir='ltr'><strong>ἀπή</strong></span> <span class='ocrx_word' id='word_1_768' title='bbox 965 5117 1078 5170; x_wconf 84' lang='grc' dir='ltr'><strong>μων</strong></span> <span class='ocrx_word' id='word_1_769' title='bbox 1115 5101 1237 5155; x_wconf 81' lang='grc' dir='ltr'>οὐδὲ</span> <span class='ocrx_word' id='word_1_770' title='bbox 1260 5102 1416 5166; x_wconf 76' lang='grc' dir='ltr'>ἐκτὸς</span> <span class='ocrx_word' id='word_1_771' title='bbox 1438 5102 1775 5177; x_wconf 80' lang='grc' dir='ltr'>δυσχερείας,</span> 
     </span>
    </p>
   </div>
   <div class='ocr_carea' id='block_1_89' title="bbox 195 5186 1779 5264">
    <p class='ocr_par' dir='ltr' id='par_1_89' title="bbox 195 5186 1779 5264">
     <span class='ocr_line' id='line_1_89' title="bbox 195 5186 1779 5264; baseline 0.008 -25"><span class='ocrx_word' id='word_1_772' title='bbox 195 5186 358 5260; x_wconf 72' lang='grc' dir='ltr'>εἴπερ</span> <span class='ocrx_word' id='word_1_773' title='bbox 379 5186 466 5260; x_wconf 80' lang='grc' dir='ltr'><strong>εἴη</strong></span> <span class='ocrx_word' id='word_1_774' title='bbox 515 5205 572 5240; x_wconf 90' lang='grc' dir='ltr'><strong>τι</strong></span> <span class='ocrx_word' id='word_1_775' title='bbox 626 5190 720 5242; x_wconf 77' lang='grc' dir='ltr'>καὶ</span> <span class='ocrx_word' id='word_1_776' title='bbox 764 5190 913 5261; x_wconf 76' lang='grc' dir='ltr'>αὐτῷ</span> <span class='ocrx_word' id='word_1_777' title='bbox 967 5192 1028 5245; x_wconf 82' lang='grc' dir='ltr'>τὸ</span> <span class='ocrx_word' id='word_1_778' title='bbox 1058 5193 1339 5264; x_wconf 71' lang='grc' dir='ltr'>ἐνοχλοῦνο</span> <span class='ocrx_word' id='word_1_779' title='bbox 1380 5194 1570 5249; x_wconf 75' lang='grc' dir='ltr'>ἔπειτα</span> <span class='ocrx_word' id='word_1_780' title='bbox 1625 5196 1779 5251; x_wconf 72' lang='grc' dir='ltr'>ἔσται</span> 
     </span>
    </p>
   </div>
   <div class='ocr_carea' id='block_1_90' title="bbox 196 5275 1778 5356">
    <p class='ocr_par' dir='ltr' id='par_1_90' title="bbox 196 5275 1778 5356">
     <span class='ocr_line' id='line_1_90' title="bbox 196 5275 1778 5356; baseline 0.008 -27"><span class='ocrx_word' id='word_1_781' title='bbox 196 5275 376 5330; x_wconf 78' lang='grc' dir='ltr'>πάντα</span> <span class='ocrx_word' id='word_1_782' title='bbox 410 5277 625 5331; x_wconf 84' lang='grc' dir='ltr'>ἄτακτα</span> <span class='ocrx_word' id='word_1_783' title='bbox 658 5279 752 5332; x_wconf 75' lang='grc' dir='ltr'>καὶ</span> <span class='ocrx_word' id='word_1_784' title='bbox 782 5280 870 5334; x_wconf 66' lang='grc' dir='ltr'><strong>ἀεὶ</strong></span> <span class='ocrx_word' id='word_1_785' title='bbox 896 5282 1177 5353; x_wconf 81' lang='grc' dir='ltr'>μαχόμενα</span> <span class='ocrx_word' id='word_1_786' title='bbox 1197 5299 1212 5313; x_wconf 90' lang='grc'><strong>·</strong></span> <span class='ocrx_word' id='word_1_787' title='bbox 1236 5284 1413 5338; x_wconf 81' lang='grc' dir='ltr'>καίτοι</span> <span class='ocrx_word' id='word_1_788' title='bbox 1448 5285 1629 5356; x_wconf 84' lang='grc' dir='ltr'>φιλίας</span> <span class='ocrx_word' id='word_1_789' title='bbox 1646 5289 1778 5343; x_wconf 80' lang='grc' dir='ltr'>πᾶσι</span> 
     </span>
    </p>
   </div>
   <div class='ocr_carea' id='block_1_91' title="bbox 1882 4637 3455 4715">
    <p class='ocr_par' dir='ltr' id='par_1_91' title="bbox 1882 4637 3455 4715">
     <span class='ocr_line' id='line_1_91' title="bbox 1882 4637 3455 4715; baseline -0.004 -17"><span class='ocrx_word' id='word_1_790' title='bbox 1882 4642 2153 4715; x_wconf 77' lang='lat' dir='ltr'><strong>proﬁcisci</strong></span> <span class='ocrx_word' id='word_1_791' title='bbox 2182 4651 2238 4697; x_wconf 91' lang='lat' dir='ltr'><strong>et</strong></span> <span class='ocrx_word' id='word_1_792' title='bbox 2261 4644 2549 4706; x_wconf 78' lang='lat' dir='ltr'><strong>exsistere,</strong></span> <span class='ocrx_word' id='word_1_793' title='bbox 2577 4642 2828 4711; x_wconf 89' lang='lat' dir='ltr'><strong>idemque</strong></span> <span class='ocrx_word' id='word_1_794' title='bbox 2850 4640 3173 4711; x_wconf 90' lang='lat' dir='ltr'><strong>principium</strong></span> <span class='ocrx_word' id='word_1_795' title='bbox 3197 4653 3295 4693; x_wconf 92' lang='lat' dir='ltr'><strong>nec</strong></span> <span class='ocrx_word' id='word_1_796' title='bbox 3322 4637 3455 4692; x_wconf 77' lang='lat' dir='ltr'><strong>sim-</strong></span> 
     </span>
    </p>
   </div>
   <div class='ocr_carea' id='block_1_92' title="bbox 1882 4732 3456 4810">
    <p class='ocr_par' dir='ltr' id='par_1_92' title="bbox 1882 4732 3456 4810">
     <span class='ocr_line' id='line_1_92' title="bbox 1882 4732 3456 4810; baseline -0.006 -15"><span class='ocrx_word' id='word_1_797' title='bbox 1882 4740 2029 4810; x_wconf 82' lang='lat' dir='ltr'><strong>plex,</strong></span> <span class='ocrx_word' id='word_1_798' title='bbox 2050 4755 2150 4795; x_wconf 90' lang='lat' dir='ltr'><strong>nec</strong></span> <span class='ocrx_word' id='word_1_799' title='bbox 2172 4756 2339 4794; x_wconf 92' lang='lat' dir='ltr'><strong>unum</strong></span> <span class='ocrx_word' id='word_1_800' title='bbox 2366 4752 2508 4805; x_wconf 90' lang='lat' dir='ltr'><strong>esse,</strong></span> <span class='ocrx_word' id='word_1_801' title='bbox 2538 4738 2633 4793; x_wconf 89' lang='lat' dir='ltr'><strong>sed</strong></span> <span class='ocrx_word' id='word_1_802' title='bbox 2666 4738 2895 4793; x_wconf 81' lang='lat' dir='ltr'><strong>divisum</strong></span> <span class='ocrx_word' id='word_1_803' title='bbox 2928 4752 2992 4790; x_wconf 85' lang='lat' dir='ltr'><strong>ac</strong></span> <span class='ocrx_word' id='word_1_804' title='bbox 3023 4735 3239 4805; x_wconf 73' lang='lat' dir='ltr'><strong>duplex,</strong></span> <span class='ocrx_word' id='word_1_805' title='bbox 3261 4743 3321 4788; x_wconf 89' lang='lat' dir='ltr'><strong>et</strong></span> <span class='ocrx_word' id='word_1_806' title='bbox 3349 4732 3456 4788; x_wconf 89' lang='lat' dir='ltr'><strong>sibi</strong></span> 
     </span>
    </p>
   </div>
   <div class='ocr_carea' id='block_1_93' title="bbox 1885 4825 3456 4904">
    <p class='ocr_par' dir='ltr' id='par_1_93' title="bbox 1885 4825 3456 4904">
     <span class='ocr_line' id='line_1_93' title="bbox 1885 4825 3456 4904; baseline -0.005 -17"><span class='ocrx_word' id='word_1_807' title='bbox 1885 4831 1987 4904; x_wconf 88' lang='lat' dir='ltr'><strong>ipsi</strong></span> <span class='ocrx_word' id='word_1_808' title='bbox 2011 4830 2344 4886; x_wconf 87' lang='lat' dir='ltr'><strong>contrarium</strong></span> <span class='ocrx_word' id='word_1_809' title='bbox 2381 4845 2444 4883; x_wconf 88' lang='lat' dir='ltr'><strong>ac</strong></span> <span class='ocrx_word' id='word_1_810' title='bbox 2471 4843 2798 4899; x_wconf 79' lang='lat' dir='ltr'><strong>repugnans.</strong></span> <span class='ocrx_word' id='word_1_811' title='bbox 2849 4825 3034 4895; x_wconf 77' lang='lat' dir='ltr'><strong>Neque</strong></span> <span class='ocrx_word' id='word_1_812' title='bbox 3066 4841 3195 4879; x_wconf 84' lang='lat' dir='ltr'><strong>vero</strong></span> <span class='ocrx_word' id='word_1_813' title='bbox 3233 4825 3340 4879; x_wconf 91' lang='lat' dir='ltr'><strong>duo</strong></span> <span class='ocrx_word' id='word_1_814' title='bbox 3370 4840 3456 4879; x_wconf 82' lang='lat' dir='ltr'><strong>re-</strong></span> 
     </span>
    </p>
   </div>
   <div class='ocr_carea' id='block_1_94' title="bbox 1885 4915 3454 4994">
    <p class='ocr_par' dir='ltr' id='par_1_94' title="bbox 1885 4915 3454 4994">
     <span class='ocr_line' id='line_1_94' title="bbox 1885 4915 3454 4994; baseline -0.006 -16"><span class='ocrx_word' id='word_1_815' title='bbox 1885 4939 2004 4978; x_wconf 89' lang='lat' dir='ltr'><strong>rum</strong></span> <span class='ocrx_word' id='word_1_816' title='bbox 2035 4922 2301 4994; x_wconf 84' lang='lat' dir='ltr'><strong>principia</strong></span> <span class='ocrx_word' id='word_1_817' title='bbox 2333 4923 2633 4986; x_wconf 88' lang='lat' dir='ltr'><strong>contraria,</strong></span> <span class='ocrx_word' id='word_1_818' title='bbox 2678 4935 2797 4989; x_wconf 75' lang='lat' dir='ltr'><strong>qua:</strong></span> <span class='ocrx_word' id='word_1_819' title='bbox 2857 4919 2961 4974; x_wconf 90' lang='lat' dir='ltr'><strong>sibi</strong></span> <span class='ocrx_word' id='word_1_820' title='bbox 3011 4928 3205 4972; x_wconf 90' lang='lat' dir='ltr'><strong>mutuo</strong></span> <span class='ocrx_word' id='word_1_821' title='bbox 3228 4926 3284 4969; x_wconf 91' lang='lat' dir='ltr'><strong>et</strong></span> <span class='ocrx_word' id='word_1_822' title='bbox 3328 4915 3454 4969; x_wconf 91' lang='lat' dir='ltr'><strong>uni-</strong></span> 
     </span>
    </p>
   </div>
   <div class='ocr_carea' id='block_1_95' title="bbox 1884 5004 3457 5083">
    <p class='ocr_par' dir='ltr' id='par_1_95' title="bbox 1884 5004 3457 5083">
     <span class='ocr_line' id='line_1_95' title="bbox 1884 5004 3457 5083; baseline -0.006 -16"><span class='ocrx_word' id='word_1_823' title='bbox 1884 5029 2045 5068; x_wconf 71' lang='lat' dir='ltr'><strong>verso</strong></span> <span class='ocrx_word' id='word_1_824' title='bbox 2067 5014 2258 5078; x_wconf 89' lang='lat' dir='ltr'><strong>insint,</strong></span> <span class='ocrx_word' id='word_1_825' title='bbox 2286 5027 2527 5083; x_wconf 77' lang='lat' dir='ltr'><strong>pugnare</strong></span> <span class='ocrx_word' id='word_1_826' title='bbox 2550 5026 2770 5081; x_wconf 86' lang='lat' dir='ltr'><strong>quoque</strong></span> <span class='ocrx_word' id='word_1_827' title='bbox 2794 5010 3034 5079; x_wconf 85' lang='lat' dir='ltr'><strong>possint;</strong></span> <span class='ocrx_word' id='word_1_828' title='bbox 3073 5009 3119 5063; x_wconf 91' lang='lat' dir='ltr'><strong>si</strong></span> <span class='ocrx_word' id='word_1_829' title='bbox 3163 5008 3310 5061; x_wconf 90' lang='lat' dir='ltr'><strong>enim</strong></span> <span class='ocrx_word' id='word_1_830' title='bbox 3352 5004 3457 5059; x_wconf 90' lang='lat' dir='ltr'><strong>hoc</strong></span> 
     </span>
    </p>
   </div>
   <div class='ocr_carea' id='block_1_96' title="bbox 1884 5102 3458 5176">
    <p class='ocr_par' dir='ltr' id='par_1_96' title="bbox 1884 5102 3458 5176">
     <span class='ocr_line' id='line_1_96' title="bbox 1884 5102 3458 5176; baseline -0.007 -13"><span class='ocrx_word' id='word_1_831' title='bbox 1884 5107 2067 5171; x_wconf 89' lang='lat' dir='ltr'><strong>detur,</strong></span> <span class='ocrx_word' id='word_1_832' title='bbox 2094 5121 2161 5161; x_wconf 87' lang='lat' dir='ltr'><strong>ne</strong></span> <span class='ocrx_word' id='word_1_833' title='bbox 2190 5107 2333 5162; x_wconf 88' lang='lat' dir='ltr'><strong>Deus</strong></span> <span class='ocrx_word' id='word_1_834' title='bbox 2386 5105 2607 5176; x_wconf 89' lang='lat' dir='ltr'><strong>quidem</strong></span> <span class='ocrx_word' id='word_1_835' title='bbox 2638 5105 2756 5174; x_wconf 89' lang='lat' dir='ltr'><strong>ipse</strong></span> <span class='ocrx_word' id='word_1_836' title='bbox 2781 5103 3067 5157; x_wconf 89' lang='lat' dir='ltr'><strong>incolumis</strong></span> <span class='ocrx_word' id='word_1_837' title='bbox 3092 5102 3199 5155; x_wconf 72' lang='lat' dir='ltr'><strong>erit</strong></span> <span class='ocrx_word' id='word_1_838' title='bbox 3226 5113 3458 5153; x_wconf 80' lang='lat' dir='ltr'><strong>vacuus-</strong></span> 
     </span>
    </p>
   </div>
   <div class='ocr_carea' id='block_1_97' title="bbox 1886 5189 3458 5268">
    <p class='ocr_par' dir='ltr' id='par_1_97' title="bbox 1886 5189 3458 5268">
     <span class='ocr_line' id='line_1_97' title="bbox 1886 5189 3458 5268; baseline -0.005 -17"><span class='ocrx_word' id='word_1_839' title='bbox 1886 5212 1992 5268; x_wconf 90' lang='lat' dir='ltr'><strong>qtte</strong></span> <span class='ocrx_word' id='word_1_840' title='bbox 2018 5197 2288 5263; x_wconf 86' lang='lat' dir='ltr'><strong>molestia,</strong></span> <span class='ocrx_word' id='word_1_841' title='bbox 2326 5197 2601 5267; x_wconf 84' lang='lat' dir='ltr'><strong>siquidem</strong></span> <span class='ocrx_word' id='word_1_842' title='bbox 2624 5196 2697 5251; x_wconf 87' lang='lat' dir='ltr'><strong>sit</strong></span> <span class='ocrx_word' id='word_1_843' title='bbox 2722 5194 2925 5264; x_wconf 89' lang='lat' dir='ltr'><strong>aliquid</strong></span> <span class='ocrx_word' id='word_1_844' title='bbox 2955 5194 3100 5262; x_wconf 91' lang='lat' dir='ltr'><strong>quod</strong></span> <span class='ocrx_word' id='word_1_845' title='bbox 3127 5207 3250 5246; x_wconf 91' lang='lat' dir='ltr'><strong>eum</strong></span> <span class='ocrx_word' id='word_1_846' title='bbox 3282 5189 3458 5244; x_wconf 67' lang='lat' dir='ltr'><strong>oﬂ‘eu-</strong></span> 
     </span>
    </p>
   </div>
   <div class='ocr_carea' id='block_1_98' title="bbox 1888 5287 3457 5355">
    <p class='ocr_par' dir='ltr' id='par_1_98' title="bbox 1888 5287 3457 5355">
     <span class='ocr_line' id='line_1_98' title="bbox 1888 5287 3457 5355; baseline -0.005 -13"><span class='ocrx_word' id='word_1_847' title='bbox 1888 5290 2009 5355; x_wconf 85' lang='lat' dir='ltr'><strong>dat;</strong></span> <span class='ocrx_word' id='word_1_848' title='bbox 2036 5289 2234 5345; x_wconf 88' lang='lat' dir='ltr'><strong>deinde</strong></span> <span class='ocrx_word' id='word_1_849' title='bbox 2257 5300 2451 5345; x_wconf 89' lang='lat' dir='ltr'><strong>cuncta</strong></span> <span class='ocrx_word' id='word_1_850' title='bbox 2488 5298 2649 5342; x_wconf 89' lang='lat' dir='ltr'><strong>erunt</strong></span> <span class='ocrx_word' id='word_1_851' title='bbox 2673 5287 2980 5343; x_wconf 85' lang='lat' dir='ltr'><strong>inordinata</strong></span> <span class='ocrx_word' id='word_1_852' title='bbox 3008 5296 3331 5352; x_wconf 83' lang='lat' dir='ltr'><strong>semperque</strong></span> <span class='ocrx_word' id='word_1_853' title='bbox 3356 5294 3457 5349; x_wconf 65' lang='lat' dir='ltr'><strong>puo</strong></span> 
     </span>
    </p>
   </div>
   <div class='ocr_carea' id='block_1_99' title="bbox 190 5364 1672 5469">
    <p class='ocr_par' dir='ltr' id='par_1_99' title="bbox 190 5364 1663 5453">
     <span class='ocr_line' id='line_1_99' title="bbox 190 5364 1663 5453; baseline 0.007 -29"><span class='ocrx_word' id='word_1_854' title='bbox 190 5370 308 5433; x_wconf 79' lang='grc' dir='ltr'>τοῖς</span> <span class='ocrx_word' id='word_1_855' title='bbox 329 5364 451 5424; x_wconf 82' lang='grc' dir='ltr'>οὖσι</span> <span class='ocrx_word' id='word_1_856' title='bbox 477 5369 542 5423; x_wconf 83' lang='grc' dir='ltr'>τὸ</span> <span class='ocrx_word' id='word_1_857' title='bbox 565 5369 770 5440; x_wconf 83' lang='grc' dir='ltr'>ἀγαθὸν</span> <span class='ocrx_word' id='word_1_858' title='bbox 792 5372 1136 5443; x_wconf 84' lang='grc' dir='ltr'>μεταδίδωσι,</span> <span class='ocrx_word' id='word_1_859' title='bbox 1174 5377 1268 5430; x_wconf 69' lang='grc' dir='ltr'><strong>καὶ</strong></span> <span class='ocrx_word' id='word_1_860' title='bbox 1312 5376 1663 5453; x_wconf 75' lang='grc' dir='ltr'>αὐτοειρήνη,</span> 
     </span>
    </p>
   </div>
   <div class='ocr_carea' id='block_1_100' title="bbox 1978 5364 3460 5469">
    <p class='ocr_par' dir='ltr' id='par_1_100' title="bbox 1978 5371 3460 5451">
     <span class='ocr_line' id='line_1_100' title="bbox 1978 5371 3460 5451; baseline -0.005 -17"><span class='ocrx_word' id='word_1_861' title='bbox 1978 5382 2151 5447; x_wconf 78' lang='lat' dir='ltr'><strong>Intia;</strong></span> <span class='ocrx_word' id='word_1_862' title='bbox 2183 5381 2335 5451; x_wconf 88' lang='lat' dir='ltr'><strong>atqui</strong></span> <span class='ocrx_word' id='word_1_863' title='bbox 2371 5384 2575 5438; x_wconf 88' lang='lat' dir='ltr'><strong>bonum</strong></span> <span class='ocrx_word' id='word_1_864' title='bbox 2600 5397 2741 5437; x_wconf 82' lang='lat' dir='ltr'><strong>eum</strong></span> <span class='ocrx_word' id='word_1_865' title='bbox 2794 5380 2959 5437; x_wconf 89' lang='lat' dir='ltr'><strong>rebus</strong></span> <span class='ocrx_word' id='word_1_866' title='bbox 2985 5376 3237 5432; x_wconf 87' lang='lat' dir='ltr'><strong>oumibus</strong></span> <span class='ocrx_word' id='word_1_867' title='bbox 3264 5371 3460 5429; x_wconf 77' lang='lat' dir='ltr'><strong>amici—</strong></span> 
     </span>
    </p>
   </div>
   <div class='ocr_carea' id='block_1_101' title="bbox 270 5525 777 5587">
    <p class='ocr_par' dir='ltr' id='par_1_101' title="bbox 270 5525 777 5587">
     <span class='ocr_line' id='line_1_101' title="bbox 270 5525 777 5587; baseline -0.004 -6"><span class='ocrx_word' id='word_1_868' title='bbox 270 5534 299 5564; x_wconf 75' lang='grc' dir='ltr'><strong>ν</strong></span> <span class='ocrx_word' id='word_1_869' title='bbox 328 5525 522 5581; x_wconf 77' lang='lat' dir='ltr'><strong>Matth.</strong></span> <span class='ocrx_word' id='word_1_870' title='bbox 563 5538 659 5587; x_wconf 77' lang='lat' dir='ltr'><strong>vn,</strong></span> <span class='ocrx_word' id='word_1_871' title='bbox 693 5525 777 5579; x_wconf 79' lang='lat' dir='ltr'><strong>l8.</strong></span> 
     </span>
    </p>
   </div>
   <div class='ocr_carea' id='block_1_102' title="bbox 1492 5644 2163 5707">
    <p class='ocr_par' dir='ltr' id='par_1_102' title="bbox 1492 5644 2163 5707">
     <span class='ocr_line' id='line_1_102' title="bbox 1492 5644 2163 5707; baseline 0.013 -11"><span class='ocrx_word' id='word_1_872' title='bbox 1492 5644 1725 5700; x_wconf 64' lang='lat' dir='ltr'><strong>VARIZE</strong></span> <span class='ocrx_word' id='word_1_873' title='bbox 1759 5646 2163 5707; x_wconf 73' lang='lat' dir='ltr'><strong>I.ECT|ONES.</strong></span> 
     </span>
    </p>
   </div>
   <div class='ocr_carea' id='block_1_103' title="bbox 297 5803 1303 5877">
    <p class='ocr_par' dir='ltr' id='par_1_103' title="bbox 297 5803 1303 5877">
     <span class='ocr_line' id='line_1_103' title="bbox 297 5803 1303 5877; baseline -0.001 -16"><span class='ocrx_word' id='word_1_874' title='bbox 297 5807 345 5840; x_wconf 79' lang='lat'><strong>&quot;</strong></span> <span class='ocrx_word' id='word_1_875' title='bbox 379 5804 706 5877; x_wconf 77' lang='grc' dir='ltr'>ἀγαθοῖς-Τὸ</span> <span class='ocrx_word' id='word_1_876' title='bbox 743 5803 817 5858; x_wconf 77' lang='grc' dir='ltr'><strong>δέ.</strong></span> <span class='ocrx_word' id='word_1_877' title='bbox 897 5807 941 5837; x_wconf 59' lang='lat'><strong>99</strong></span> <span class='ocrx_word' id='word_1_878' title='bbox 969 5804 1218 5867; x_wconf 70' lang='grc' dir='ltr'>δυνατόν,</span> <span class='ocrx_word' id='word_1_879' title='bbox 1244 5804 1303 5860; x_wconf 80' lang='grc' dir='ltr'><strong>Ρ.</strong></span> 
     </span>
    </p>
   </div>
  </div>
