3742 6300
365 329 472 386 ’123

1540 325 1599 381 S.
1636 319 1933 379 DIONYSII
1970 314 2433 375 AREOPAGITE
3502 309 3589 366 7‘11

370 445 505 499 tiam
530 441 731 513 jungit,
778 441 1011 510 ideoque
1047 448 1104 494 ut
1135 440 1249 509 ipsa
1281 453 1410 509 pax,
1462 438 1721 507 pacisque
1752 437 1917 491 couci‘

2054 432 2386 506 είρηνόδωρος
2420 430 2668 500 ὑμνεῖται
2695 425 2829 497 πρὸς
2874 426 2984 479 τῶν
3024 423 3187 496 ἱερῶν
3209 423 3497 492 θεολόγων.
3520 425 3592 476 Διὶ

366 534 575 601 Iiatrix,
609 551 637 587 a
673 533 938 604 theologis
990 532 1198 587 sanctis
1247 531 1519 587 laudatur.
1550 528 1738 597 Itaque
1790 527 1936 582 bona

364 623 549 677 omnia
600 621 701 675 sibi
760 620 991 674 invicem
1041 618 1218 673 amica
1267 626 1477 673 suntet
1523 629 1786 679 consona,
1817 624 1939 669 tan-

366 723 527 777 quam
554 707 623 762 ab
651 722 755 761 una
783 707 889 760 vita
929 717 1245 777 propagata,
1290 715 1347 761 et
1395 707 1464 762 ad
1514 720 1683 761 unum
1733 705 1936 759 bonum

362 798 708 863 coordinata,
744 797 1064 868 placidaque
1091 839 1106 863 ,
1158 808 1319 869 atque
1350 798 1569 865 similia,
1597 807 1653 852 et
1692 797 1836 851 inter
1877 810 1937 851 se

359 888 594 943 aﬂ‘abilia
620 904 637 944 :
669 904 776 943 non
804 889 968 961 igitur
995 890 1046 943 in
1094 889 1203 944 Deo
1245 889 1444 943 malum
1469 897 1576 953 est,
1619 903 1796 958 neque
1820 903 1938 942 ma-

360 980 474 1033 lum
502 989 588 1035 est
618 981 748 1051 quid
782 981 1045 1036 divinum.
1076 979 1185 1035 Sed
1215 996 1317 1036 nec
1339 996 1405 1037 cx
1440 980 1552 1035 Deo
1581 980 1782 1034 malum
1816 987 1930 1046 est;

359 1083 457 1128 aut
484 1073 629 1129 enim
659 1073 837 1129 bonus
872 1089 980 1129 non
1008 1084 1112 1140 est,
1153 1074 1237 1129 vel
1287 1077 1430 1129 bona
1476 1072 1632 1137 facit,
1682 1072 1935 1142 bonaque

360 1168 652 1236 producit,
687 1176 743 1223 et
790 1182 897 1221 non
947 1168 1246 1239 aliquando
1270 1167 1488 1237 quidem
1521 1174 1575 1220 et
1601 1165 1807 1236 aliqua,
1830 1163 1933 1217 ali-

359 1258 583 1326 quando
603 1274 736 1316 vero
762 1274 893 1326 non,
918 1271 972 1315 et
1028 1276 1135 1314 non
1184 1259 1405 1323 omnia;
1438 1257 1543 1313 isto
1589 1257 1734 1312 enim
1776 1266 1935 1324 pacto

362 1352 600 1407 mutatio
635 1353 688 1408 in
741 1369 865 1409 eum
902 1355 1061 1409 cadet
1110 1363 1274 1423 atque
1330 1351 1707 1416 commutatio,
1766 1350 1931 1405 etiam

359 1441 508 1496 circa
538 1442 589 1496 id
614 1444 756 1511 quod
779 1444 1024 1499 omnium
1056 1445 1455 1500 divinissimum
1474 1454 1578 1511 est,
1606 1444 1657 1499 id
1684 1453 1769 1499 est
1800 1458 1934 1499 cau—

356 1548 497 1587 sam.
523 1534 681 1601 Quod
710 1536 757 1591 si
789 1552 919 1592 vero
943 1538 995 1592 in
1025 1538 1136 1593 Deo
1182 1540 1385 1594 bonum
1409 1538 1483 1593 sit
1528 1538 1645 1608 ipsa
1673 1536 1930 1593 substan-

364 1625 462 1691 tia,
486 1626 531 1680 si
555 1638 898 1697 permutetur
920 1631 1088 1703 368
1122 1648 1189 1687 ex
1244 1632 1386 1685 bono
1436 1630 1606 1696 Deus,
1640 1629 1933 1700 aliquando

354 1718 578 1783 quidem
610 1720 739 1785 erit,
797 1722 1089 1792 aliquando
1118 1739 1250 1778 vero
1299 1740 1406 1780 non
1463 1724 1588 1779 erit.
1646 1723 1703 1779 Si
1747 1733 1927 1779 autem

2040 527 2134 579 xui.
2180 524 2309 594 φίλα
2348 521 2581 592 τάγαθὰ,
2626 520 2723 573 καὶ
2776 519 3073 590 ἐναρμόνια
3112 517 3312 579 πάντα,
3365 516 3461 570 καὶ
3488 518 3595 586 μιᾶς

2040 617 2186 689 ζωῆς
2212 617 2429 685 ἔκγονα,
2462 617 2559 669 καὶ
2584 614 2721 685 πρὸς
2748 614 2807 668 ἓν
2839 612 3042 681 ἀγαθὸν
3067 610 3497 680 συντεταγμένα,
3519 611 3597 661 xui

2038 710 2305 783 προσηνῆ,
2330 710 2424 763 καὶ
2456 710 2637 779 ὃμοια,
2669 710 2762 762 καὶ
2796 708 3111 779 προσήγορα
3132 703 3390 775 ἀλλήλοις
3410 719 3425 731 ·
3477 701 3595 754 ὥστε

2036 805 2136 857 οὐκ
2161 804 2219 855 ὲν
2241 802 2360 874 Θεῴ
2396 802 2459 856 τὸ
2484 803 2672 863 κακὸν,
2696 803 2790 855 καὶ
2810 800 2872 854 τὸ
2910 799 3082 853 κακὸν
3106 799 3206 850 οὐκ
3230 796 3439 850 ἔνθεον.
3478 794 3595 847 Ἀλλ’

2036 895 2158 949 οὐδὲ
2182 896 2245 949 ὲκ
2273 893 2408 949 Θεοῦ
2433 895 2494 947 τὸ
2518 893 2719 947 κακόν⁸
2771 892 2804 963 ἢ
2832 890 2942 961 γὰρ
2975 891 3075 943 οὐκ
3099 888 3327 958 ἀγαθός,
3356 888 3394 957 ἢ
3422 884 3597 954 ἀγαθο-

2037 989 2212 1050 ποιεῖ,
2257 986 2352 1039 καὶ
2398 984 2579 1055 ἀγαθὰ
2626 984 2862 1055 παράγει
2885 1000 2900 1013 ’
2965 982 3061 1036 καὶ
3103 983 3164 1034 ού
3202 980 3337 1033 ποτὲ
3373 979 3493 1050 μὲν,
3521 977 3597 1030 καί

2032 1094 2175 1141 τινα,
2226 1076 2356 1131 ποτὲ
2385 1076 2442 1131 δὲ
2467 1075 2550 1141 οὒ,
2594 1076 2690 1129 καὶ
2733 1076 2793 1128 ού
2828 1074 3035 1129 πάντα·
3085 1071 3393 1144 μεταϐολὴν
3432 1066 3535 1138 γάρ
3550 1068 3597 1118 ὲν

2034 1168 2209 1241 τούτῳ
2235 1170 2483 1222 πείσεται
2514 1169 2607 1224 καὶ
2631 1168 2934 1232 ἀλλοίωσιν,
2962 1168 3057 1221 καὶ
3081 1167 3207 1237 περὶ
3230 1164 3372 1217 αὐτὸ
3393 1162 3456 1215 τὸ
3478 1162 3595 1214 πάν·

2033 1279 2143 1317 των
2183 1264 2477 1328 θειότατον,
2531 1264 2630 1337 τὴν
2680 1263 2878 1317 αἰτίαν.
2928 1263 2989 1314 Ei
3021 1261 3079 1314 δὲ
3122 1263 3179 1314 ὲν
3218 1258 3342 1328 Θεῷ
3382 1255 3597 1325 τάγαθὸν

2038 1355 2269 1427 ὒπαρξίς
2295 1357 2462 1417 ἐστιν,
2490 1355 2643 1408 ἔσται
2668 1356 2697 1408 ὀ
2724 1353 3073 1426 μεταϐάλλων
3096 1355 3161 1407 ὲκ
3211 1351 3459 1421 τάγαθοῦ
3484 1350 3597 1411 Θεὸς

2036 1449 2165 1501 ποτὲ
2195 1448 2295 1519 μὲν
2322 1446 2419 1512 ὢν,
2446 1447 2575 1500 ποτὲ
2594 1446 2650 1500 δὲ
2673 1447 2773 1501 οὐκ
2796 1446 2892 1500 ὢν.
2917 1447 2979 1499 El
3010 1446 3067 1499 δὲ
3092 1445 3307 1517 μεθέξει
3330 1444 3397 1498 τὸ
3418 1442 3598 1510 ἀγαθὸν

2034 1538 2170 1610 ἔχει,
2200 1540 2296 1593 καὶ
2316 1537 2377 1604 ἐξ
2407 1539 2595 1611 ἑτέρου
2624 1539 2756 1605 ἕξει,
2787 1540 2884 1593 καὶ
2911 1540 3041 1594 ποτὲ
3096 1541 3196 1611 μὲν
3217 1538 3357 1605 ἔξει,
3384 1538 3514 1590 ποτε
3550 1536 3597 1587 δὲ

2034 1633 2133 1703 οὐχ
2176 1629 2305 1697 ἕξει,
2338 1632 2453 1685 Οὐκ
2493 1632 2602 1704 ἀρα
2629 1634 2694 1685 ἐκ
2726 1631 2862 1685 Θεοῦ
2892 1632 2953 1686 τὸ
2991 1632 3182 1698 κακὸν,
3217 1630 3346 1686 οὔτε
3374 1632 3435 1685 ὲν
3459 1629 3597 1699 Θεῷ,

2033 1724 2155 1780 οὔτε
2185 1724 2390 1789 ἁπλῶς,
2422 1726 2543 1780 οὔτε
2569 1726 2707 1781 κατά
2734 1726 2944 1797 χρόνον.

355 1812 776 1883 participatione
848 1815 1049 1872 bonum
1101 1816 1337 1883 habeat,
1387 1815 1609 1871 habebit
1681 1816 1873 1886 utique
1920 1833 1988 1872 ex
2041 1817 2171 1883 alio,
2213 1828 2377 1888 atque
2430 1818 2566 1875 alias
2610 1821 2661 1875 id
2718 1821 2958 1886 habebit,
3008 1820 3144 1878 alias
3201 1836 3309 1877 non
3371 1818 3599 1874 habebit.

356 1904 558 1963 Malum
583 1908 747 1979 igitur
774 1922 875 1964 nec
903 1923 971 1965 ex
999 1908 1128 1973 Deo,
1173 1922 1274 1965 nec
1321 1908 1375 1963 in
1429 1907 1564 1973 Deo,
1610 1924 1784 1979 neque
1807 1910 2057 1975 omnino,
2076 1925 2254 1981 neque
2275 1919 2427 1967 certo
2453 1922 2715 1982 tempore.

1832 2071 1862 2145 ᾗ
1900 2069 2111 2133 XXII.

420 2218 562 2287 Quin
598 2235 664 2275 ne
700 2219 753 2273 in
782 2220 992 2291 angelis
1022 2221 1240 2290 quidem
1271 2222 1412 2278 inest
1443 2222 1669 2277 malum.
1700 2220 1758 2276 Si
1784 2226 1930 2277 enim
1965 2233 2006 2287 Β

350 2313 528 2368 bonus
554 2311 780 2383 angelus
799 2312 1037 2366 divinam
1062 2314 1307 2368 enuntiat
1335 2314 1657 2379 bonitatem,
1678 2314 1729 2369 id
1755 2315 1930 2385 ipsum

349 2404 625 2459 exsistens
660 2404 961 2459 secundum
1002 2405 1481 2475 participationem
1506 2408 1746 2462 secundo
1773 2407 1929 2462 ordi»

350 2512 445 2562 ne,
477 2498 622 2565 quod
669 2498 965 2551 secundum
1004 2511 1227 2552 causam
1254 2508 1335 2553 est
1360 2499 1412 2553 id
1436 2499 1580 2568 quod
1610 2500 1933 2553 enuntiatur

349 2589 552 2657 primo,
584 2598 734 2643 certe
765 2588 990 2658 angelus
1034 2599 1118 2644 est
1146 2590 1326 2662 imago
1358 2590 1477 2655 Dei,
1503 2600 1559 2646 et
1609 2593 1798 2647 arcani
1846 2591 1930 2646 lu-

350 2680 517 2735 minis
564 2679 886 2745 dcelaratio,
944 2678 1220 2752 speculum
1276 2698 1491 2753 purum,
1536 2683 1927 2748 clarissimum,

349 2772 649 2840 integrum,
677 2772 1108 2839 immaculatum,
1158 2774 1566 2841 intaminatum,
1598 2783 1764 2831 totam
1794 2775 1846 2829 in
1871 2790 1929 2830 se

350 2864 623 2934 recipiens
646 2864 716 2925 (si
759 2865 907 2920 dictu
960 2864 1042 2922 fas
1092 2868 1198 2939 est)
1256 2868 1727 2938 pulchritudinem
1765 2868 1926 2923 boni-

346 2956 541 3013 formis
581 2958 992 3025 deiformitatis,
1039 2960 1357 3033 liquidoque
1416 2964 1618 3035 (quoad
1676 2963 1792 3019 ﬁeri
1831 2979 1927 3033 po-

347 3051 479 3120 test)
523 3052 577 3106 in
607 3052 905 3123 semetipso
936 3052 1290 3123 resplendere
1323 3054 1530 3111 iaciens
1569 3054 1922 3111 secretissimi

348 3144 496 3200 illius
522 3145 729 3200 silentii
785 3146 1115 3211 bonitatem,
1146 3160 1310 3218 atque
1344 3150 1481 3206 adeo
1512 3165 1692 3221 neque
1719 3150 1927 3222 angelis

346 3238 491 3293 inest
515 3238 737 3303 malum;
759 3248 815 3291 at
844 3239 987 3306 quod
1011 3250 1328 3309 peccatores
1355 3242 1602 3311 puniant,
1626 3242 1749 3296 mali
1776 3252 1925 3302 sunt.

346 3332 553 3386 Eadem
576 3331 823 3401 profecto
867 3331 1082 3389 ratione
1114 3344 1461 3390 correctores
1492 3334 1923 3404 delinquentium

348 3424 473 3477 mali
501 3434 687 3486 erunt,
707 3423 847 3477 sicut
867 3434 921 3479 et
945 3426 1279 3490 sacerdotes,
1305 3427 1396 3496 qui
1422 3426 1711 3495 prolanum
1739 3442 1769 3479 a
1803 3443 1920 3498 my-

347 3515 531 3570 steriis
554 3515 758 3570 divinis
798 3527 1005 3570 arcent.
1034 3518 1199 3585 Atqui
1232 3532 1342 3571 non
1375 3516 1575 3570 malum
1611 3527 1695 3573 est
1717 3521 1921 3588 puniri,

346 3606 443 3661 sed
467 3605 718 3675 supplicii
748 3622 897 3660 reum
924 3606 1076 3671 ﬁeri;
1123 3608 1200 3661 uti
1231 3607 1399 3662 etiam
1419 3607 1656 3678 aliquem
1689 3626 1718 3664 a
1746 3611 1921 3667 sacris

343 3707 575 3769 propter
602 3698 870 3753 demerita
904 3699 1120 3754 excludi
1176 3700 1403 3756 tniuime
1434 3701 1634 3757 malum
1681 3714 1788 3767 est,
1825 3704 1919 3757 sed

346 3788 647 3845 sceleribus
675 3790 1050 3860 coinquinari,
1096 3800 1152 3844 et
1197 3791 1589 3848 sacratissimis
1640 3796 1920 3863 mysteriis

342 3882 629 3954 indignum
656 3884 831 3950 reddi,
858 3883 1176 3954 pessimum.

2118 2224 2260 2277 Ἀλλ’
2282 2224 2405 2278 οὔτε
2454 2228 2514 2281 ἐν
2558 2225 2813 2295 ἀγγέλοις
2856 2224 2974 2278 ἐστὶ
3022 2222 3091 2277 τὸ
3142 2224 3349 2299 madv,
3390 2225 3457 2279 Εί
3505 2222 3600 2293 γὰρ

2033 2317 2346 2387 ἐξαγγέλλει
2391 2317 2492 2389 τὴν
2538 2318 2847 2389 ἀγαθότητα
2884 2318 2982 2390 τὴν
3016 2318 3166 2373 θείαν
3207 2321 3237 2372 ὁ
3283 2316 3597 2387 ἀγαθοειδὴς

2032 2410 2284 2479 ἄγγελος,
2348 2412 2524 2465 ἐκεῖνο
2568 2411 2644 2464 ὢν
2695 2408 2835 2463 κατά
2878 2409 3095 2481 μέθεξιν
3137 2408 3437 2481 δευτέρως,
3476 2409 3599 2476 ὅπερ

2031 2505 2152 2557 κατ’
2172 2504 2353 2557 αἰτίαν
2375 2503 2437 2556 τὸ
2464 2502 2856 2575 ἀγγελλόμενον
2892 2500 3143 2573 πρώτως,
3174 2500 3340 2555 είκών
3369 2504 3484 2555 ἐστι
3512 2499 3595 2553 τοῦ

2030 2594 2167 2649 Θεοῦ
2201 2597 2267 2627 ¹⁰⁰
2297 2596 2324 2647 ὁ
2349 2595 2598 2665 ἄγγελος,
2633 2595 2945 2667 φανέρωσις
2978 2591 3072 2647 τοῦ
3121 2591 3369 2663 ἀφανοῦς
3400 2591 3595 2662 φωτὸς,

2030 2680 2295 2758 ἔσοπτρον
2324 2687 2642 2758 ἀκραιφνὲς,
2671 2686 3046 2748 διειδέστατον,
3074 2684 3377 2755 ἀλώϐητον,
3415 2684 3595 2755 ἄχραν-

2028 2791 2140 2842 τον,
2167 2776 2520 2849 ἀκηλίδωτον,
2552 2776 2921 2847 εἰσδεχόμενον
2964 2774 3092 2846 ὅλην
3116 2776 3186 2847 (εί
3216 2775 3378 2845 θέμις
3394 2772 3593 2842 εἰπεῖν),

2028 2871 2127 2942 τὴν
2148 2869 2461 2940 ὡραιότητα
2489 2870 2587 2941 τῆς
2612 2870 2955 2939 ἀγαθοτύπου
2988 2870 3299 2934 θεοειδείας,
3351 2871 3448 2924 καὶ
3480 2870 3594 2938 ἀμι-

2030 2961 2142 3032 γῶς
2167 2962 2487 3034 ἀναλάμπον
2512 2964 2569 3017 ὲν
2590 2963 2766 3034 ἑαυτῷ
2793 2962 3067 3035 (καθάπερ
3095 2959 3205 3016 οἷόν
3222 2962 3284 3015 τὲ
3311 2962 3480 3031 tam")
3506 2962 3593 3030 τὴν

2027 3056 2340 3129 ἀγαθότητα
2386 3057 2485 3127 τῆς
2515 3058 2573 3109 ὲν
2605 3054 2818 3118 ἀδύτοις
2870 3054 3031 3125 σιγῆς
3052 3070 3069 3084 ο
3116 3052 3219 3107 οὐκ
3261 3053 3374 3124 ἄρα
3402 3051 3521 3106 οὐδὲ
3543 3053 3591 3102 ὲν

2026 3150 2277 3219 ἀγγέλοις
2300 3150 2418 3203 ἐστὶ
2440 3150 2502 3203 τὸ
2528 3150 2716 3213 κακὸν,
2736 3148 2871 3202 ἀλλὰ
2897 3147 2974 3219 τῷ
3001 3147 3249 3213 κολάζειν
3272 3148 3403 3211 τοὺς
3433 3149 3592 3217 ἀμαρ-

2025 3243 2285 3307 τάνοντάς
2316 3244 2424 3295 είσι
2470 3242 2648 3296 κακοί.
2686 3242 2875 3314 Τούτῳ
2926 3240 3059 3310 γοῦν
3101 3241 3179 3312 τῷ
3217 3241 3364 3313 λόγῳ
3416 3241 3507 3295 καὶ
3548 3238 3589 3291 ol

2027 3337 2394 3411 σωφρονισταὶ
2448 3338 2556 3389 τῶν
2612 3334 3074 3407 πλημμελούντων
3122 3334 3311 3397 κακοὶ,
3376 3331 3590 3387 καὶτῶν

2028 3429 2218 3502 ἱερέων
2243 3430 2292 3482 oi
2316 3428 2408 3481 τὸν
2440 3427 2664 3498 βέϐηλον
2712 3426 2822 3478 τῶν
2843 3427 3001 3480 θείων
3053 3426 3365 3497 μυστηρίων
3416 3423 3590 3493 ἀπείρ-

2026 3538 2234 3590 γοντες.
2264 3520 2456 3573 Καίτοι
2480 3519 2602 3571 οὐδὲ
2622 3518 2685 3571 τὸ
2717 3517 3041 3582 κολάζεσθαι
3073 3518 3089 3548 ⁸
3135 3517 3326 3580 κακὸν,
3358 3514 3496 3569 ἀλλά
3538 3512 3591 3565 τὸ

2025 3610 2173 3677 ἀξιον
2202 3610 2453 3679 γενέσθαι
2476 3609 2771 3674 κολάσεως,
2819 3608 2941 3661 οὐδὲ
2971 3608 3037 3661 τὸ
3062 3610 3184 3662 κατ’
3205 3607 3364 3671 ἀξίαν
3408 3606 3586 3673 ἁπείρ⁸

2026 3702 2216 3772 γεσθαι
2237 3702 2346 3756 τῶν
2400 3702 2577 3773 ιερῶν,
2601 3701 2738 3755 ἀλλά
2783 3702 2846 3754 τὸ
2870 3702 3038 3773 ἐναγῆ
3085 3702 3180 3756 καὶ
3215 3701 3431 3771 ἀνίερον
3454 3696 3588 3768 γενέ-

2028 3796 2171 3863 σθαι,
2203 3797 2301 3851 καὶ
2326 3796 2435 3851 τῶν
2461 3797 2743 3867 ἀχράντων
2771 3795 3166 3867 ἀνεπιτήδειον.

1819 4004 1847 4076 §
1871 4000 2112 4062 XXIII.

418 4165 526 4220 Sed
552 4178 728 4235 neque
750 4166 1027 4221 dzemones
1068 4172 1262 4219 natura
1294 4179 1393 4221 sua
1437 4166 1566 4222 mali
1592 4176 1751 4231 sunt;
1788 4180 1917 4221 nam

345 4258 393 4311 si
419 4266 611 4311 natura
642 4258 767 4312 mali
810 4257 1017 4323 forent,
1044 4270 1220 4327 neque
1241 4271 1307 4312 ex
1333 4259 1475 4313 bono
1504 4270 1715 4325 essent,
1741 4273 1921 4328 neque

345 4351 403 4404 in
426 4359 621 4403 natura
648 4365 829 4404 rerum
853 4350 1207 4415 exsisterent,
1236 4365 1415 4420 neque
1454 4352 1618 4406 etiam
1653 4368 1718 4407 ex
1762 4352 1921 4407 bonis

347 4441 569 4506 mutati,
597 4443 643 4496 si
678 4451 873 4495 natura
928 4454 1257 4513 semperque
1298 4443 1424 4498 mali
1465 4452 1647 4498 erant.
1691 4442 1917 4509 Deinde,

346 4549 476 4588 num
504 4534 605 4589 sibi
646 4532 770 4587 mali
798 4543 947 4599 sunt,
972 4548 1039 4587 an
1068 4534 1229 4590 aliis?
1275 4534 1335 4590 Si
1365 4537 1492 4605 sibi,
1533 4539 1698 4592 etiam
1752 4538 1917 4608 seipsi

343 4626 617 4694 perimunt
640 4642 656 4691 ;
677 4626 759 4680 sin
787 4624 929 4690 aliis,
965 4626 1242 4694 quomodo
1293 4627 1636 4693 interimunt,
1663 4638 1760 4685 aut
1785 4631 1918 4698 quid

345 4717 1121 4779 interimunt?essentiamne,
1149 4732 1217 4771 an
1266 4720 1586 4788 potentiam,
1628 4736 1697 4776 an
1736 4723 1914 4775 actio-

342 4809 589 4864 nem?Si
620 4810 938 4874 essentiam,
998 4810 1236 4879 primum
1291 4811 1512 4879 quidem
1553 4825 1660 4865 non
1717 4822 1911 4868 contra

2109 4166 2246 4220 Ἀλλ’
2276 4167 2399 4221 οὔτε
2433 4168 2482 4221 οἱ
2536 4166 2789 4238 δαίμονες
2831 4162 2991 4236 φύσει
3028 4161 3225 4218 κακοίο
3272 4162 3365 4215 καὶ
3411 4160 3514 4230 γάρ
3540 4160 3582 4210 ει

2024 4258 2187 4329 φύσει
2213 4260 2394 4324 κακοὶ,
2423 4258 2549 4312 οὕτε
2597 4260 2662 4312 ὲκ
2706 4255 2968 4326 τάγαθοῦ,
3019 4253 3144 4308 οὔτε
3188 4254 3245 4306 ὲν
3275 4254 3388 4315 τοῖς
3419 4248 3579 4312 οὖσιν,

2025 4350 2149 4404 οὕτε
2179 4350 2285 4422 μὴν
2309 4350 2371 4415 ἐξ
2414 4351 2634 4421 ἀγαθῶν
2692 4348 3005 4422 μετέϐαλον,
3060 4347 3220 4417 φύσει
3251 4348 3342 4399 καὶ
3379 4346 3466 4399 ἀεὶ
3496 4360 3579 4396 κα-

2024 4444 2112 4498 κοὶ
2134 4444 2305 4509 ὄντες.
2338 4447 2568 4498 Ἔπειτα
2588 4446 2798 4509 ἑαυτοῖς
2837 4444 2942 4496 εἰσι
2970 4442 3152 4505 κακοὶ,
3176 4439 3211 4510 ἢ
3253 4440 3497 4509 ἑτέροις
3528 4435 3578 4486 EI

2029 4536 2129 4605 μὲν
2156 4535 2389 4600 ἑαυτοῖς,
2420 4535 2514 4587 καὶ
2542 4534 2855 4607 φθείρουσιν
2901 4532 3161 4595 ἑαυτούς’
3208 4533 3257 4583 εί
3300 4530 3357 4583 δὲ
3395 4528 3578 4587 ἄλλοις,

2026 4628 2142 4692 πῶς
2171 4627 2500 4699 φθείροντες,
2530 4628 2563 4700 ἢ
2590 4629 2642 4681 τί
2681 4627 2991 4699 φθείροντες
3014 4642 3030 4691 ;
3053 4624 3262 4687 οὐσίαν,
3290 4623 3323 4693 ἢ
3349 4622 3577 4691 δύναμιν,

2024 4720 2058 4791 ἢ
2094 4720 2408 4791 ἐνέργειανς
2440 4723 2503 4774 Ei
2554 4722 2654 4792 μὲν
2682 4720 2891 4783 οὐσίαν,
2940 4718 3156 4791 πρῶτον
3207 4716 3307 4788 μὲν
3358 4717 3421 4769 ού
3449 4711 3580 4783 παρὰ

2024 4801 2224 4880 φύσινο
2310 4811 2381 4865 τὰ
2445 4810 2554 4882 γάρ
2606 4811 2765 4881 φύσει
2831 4810 3082 4883 ἄφθαρτα
3140 4809 3202 4861 ού
3262 4807 3576 4879 φθείρουσιν,

342 4900 671 4956 naturamid
695 4901 937 4968 faciunt;
990 4918 1111 4970 qua:
1154 4901 1300 4957 enim
1345 4910 1539 4956 natura
1564 4917 1662 4957 sua
1691 4904 1917 4961 interire

2054 4903 2157 4956 λλά
2176 4903 2247 4957 τά
2271 4903 2496 4957 δεκτικά
2524 4902 2748 4973 φθορᾶς.
2810 4904 3039 4955 Ἔπειτα
3071 4901 3193 4954 οὐδὲ
3238 4900 3398 4953 τοῦτο
3436 4896 3578 4953 παντὶ

339 5008 448 5047 non
484 5002 728 5062 possunt,
756 5009 819 5049 ea
863 5012 966 5049 non
993 4995 1347 5062 interimunt,
1394 4998 1488 5051 sed
1534 5012 1595 5051 ea
1623 5014 1748 5068 qua:
1790 5014 1916 5053 cor-

342 5086 581 5154 ruptioni
625 5093 753 5138 sunt
777 5086 1033 5143 obnoxia.
1056 5087 1261 5142 Deinde
1283 5103 1349 5142 ne
1374 5088 1424 5141 id
1472 5087 1695 5157 quidem
1733 5090 1913 5143 omni-

338 5170 441 5225 hus
462 5180 517 5225 et
543 5174 769 5229 omnino
791 5173 994 5227 malum
1029 5185 1148 5240 est;
1194 5190 1296 5230 nec
1338 5191 1467 5232 vero
1490 5176 1788 5247 quidquam
1818 5192 1913 5233 eo-

338 5277 459 5317 rum
486 5278 609 5333 quac
630 5274 762 5320 sunt
788 5266 1293 5335 interit,quatenus
1322 5271 1562 5325 essentia
1605 5279 1766 5327 estet
1812 5289 1911 5327 na-

2023 4999 2117 5051 καὶ
2141 4997 2317 5069 πάντη
2344 4997 2511 5051 κακόν
2529 5014 2544 5027 °
2585 4997 2699 5051 ἀλλ’
2722 4996 2842 5049 οὐδὲ
2867 4994 3145 5067 φθείρεται
3174 5012 3230 5047 τι
3262 4994 3372 5047 τῶν
3406 4993 3574 5049 ὄντων.

2022 5089 2146 5142 καθ’
2174 5089 2202 5142 ὃ
2224 5091 2381 5143 οὐσία
2429 5090 2522 5143 καὶ
2571 5090 2753 5159 φύσις,
2791 5089 2929 5143 ἀλλά
2953 5091 3021 5160 τῇ
3073 5086 3306 5156 ἐλλείψει
3329 5086 3428 5156 τῆς
3455 5077 3576 5135 κατά

2022 5181 2184 5251 φύσιν
2208 5182 2434 5247 τάξεως,
2479 5185 2507 5235 ὁ
2544 5183 2645 5252 τῆς
2674 5181 2937 5255 ἁρμονίας
2976 5180 3071 5235 καὶ
3115 5180 3215 5251 τῆς
3258 5174 3575 5249 συμμετρίας

2020 5268 2175 5338 λόγος
2227 5271 2443 5325 ἀσθενεῖ
2469 5272 2648 5343 μένειν
2682 5271 2942 5337 ὡσαύτως
2971 5272 3126 5342 ἔχων.
3170 5270 3235 5323 Ἦ
3260 5270 3317 5322 δὲ
3348 5267 3575 5322 ἀσθένεια

338 5366 484 5421 tura,
513 5358 609 5414 sed
633 5359 848 5414 defectu
881 5361 1151 5416 naturalis
1195 5362 1427 5428 ordinis,
1461 5367 1833 5435 congruentia:
1856 5377 1908 5422 et

2054 5363 2080 5415 ύ
2105 5365 2373 5436 παντελής
2390 5381 2407 5395 ⁸
2456 5367 2504 5418 εί
2532 5364 2640 5436 γὰρ
2668 5364 2958 5437 παντελὴς,
2998 5365 3092 5417 καὶ
3122 5363 3222 5435 τὴν
3253 5360 3476 5433 φθορὰν,
3497 5354 3573 5409 καὶ

336 5452 748 5520 compositionis
782 5454 920 5508 ratio
943 5452 1280 5521 debilitatur,
1306 5471 1427 5511 cum
1453 5457 1506 5511 in
1534 5459 1726 5514 eodem
1764 5453 1909 5512 statu

2054 5457 2459 5529 ὸύποκείμενον
2490 5458 2687 5523 ἀνεῖλε,
2737 5460 2830 5513 καὶ
2885 5457 3035 5511 ἔσται
3071 5457 3105 5528 ἡ
3158 5454 3386 5528 τοιαύτη
3423 5451 3573 5526 φθορὰ

1621 5616 1855 5673 VARIE
1894 5618 2298 5677 LECTIONES.

446 5755 509 5784 ‘°°
538 5753 627 5805 τοῦ
652 5753 878 5823 ἀγαθοῦ,
910 5754 972 5807 D.
1073 5758 1082 5788 '
1121 5754 1390 5820 κολάζειν.
