3742 6352
222 344 343 402 795

1295 340 1382 399 ne
1410 339 1663 398 mvmts
1694 339 2090 404 NOMINIBUS,
2124 339 2276 396 CAP.
2312 337 2420 409 ιν..

3365 334 3467 389 728

227 464 332 515 καὶ
357 461 553 531 ἑαυτῆς
577 461 753 531 φθορά
771 475 787 490 ⁸
842 454 983 514 ὣῖςτε
1024 458 1086 513 τὸ
1109 458 1347 513 τοιοῦτον
1368 461 1429 513 οὐ
1471 459 1659 522 κακὸν,
1687 460 1705 511 ἐ

1992 470 2128 510 nere
2148 456 2390 510 deberet.
2449 452 2796 507 [inbecillitas
2838 461 3022 507 autem
3065 465 3173 506 non
3215 459 3300 505 est
3348 466 3470 519 per-

224 554 481 616 ἐλλειπές
508 550 743 620 ἀγαθόν·
789 550 852 604 τὸ
895 550 1007 622 γὰρ
1062 552 1236 622 πάντη
1281 551 1506 623 ἄμοιρον
1538 548 1632 603 τοῦ
1668 550 1808 617 ἀγα-

216 644 354 707 Θοῦ,
379 643 505 697 οὔτε
535 645 592 695 ἐν
626 645 739 706 τοῖς
773 637 924 695 οὖσιν
948 641 1097 695 ἐσται
1118 658 1133 671 ⁸
1156 640 1251 694 καὶ
1278 640 1405 712 περὶ
1429 640 1528 709 τῆς
1550 640 1629 703 είς
1646 637 1807 691 δύνα-

228 752 332 805 μιν
381 734 475 787 καὶ
535 734 813 804 ἐνέργειαν
868 730 1072 801 φθορᾶς
1126 730 1156 783 ὁ
1209 730 1369 794 αὐτὸς
1412 729 1587 797 λόγος.
1639 724 1806 793 Εἶτα,

223 826 424 889 πῶςοί
446 826 511 877 ἐκ
535 822 671 877 Θεοῦ
708 824 986 893 γενόμενοι
1024 819 1270 892 δαίμονές
1319 822 1424 873 εἱσι
1473 818 1632 872 κακοί
1664 834 1681 883 ;
1735 817 1809 870 Τὸ

221 915 344 986 γὰρ
375 915 572 984 ἀγαθὸν
636 913 814 983 ἀγαθὰ
839 913 1077 981 παράγει
1115 910 1209 964 καὶ
1256 910 1529 981 ὑφίστησι.
1593 906 1805 971 Καίτοι,

218 1006 477 1076 λέγονται
511 1008 688 1068 κακοὶ,
715 1006 845 1076 φαίη
870 1021 957 1069 τις
981 1004 1046 1058 ἂν
1072 1005 1161 1068 ¹·³,
1190 1003 1302 1057 ἀλλ’
1332 1005 1392 1057 οὐ
1422 1002 1555 1071 καθΊ
1579 1002 1608 1054 ὅ
1649 1002 1805 1064 εἰσιν,

224 1095 324 1166 (ἐκ
370 1095 608 1164 τάγαθοῦ
631 1095 739 1165 γάρ
779 1097 904 1157 είσι,
944 1094 1039 1147 καὶ
1059 1093 1269 1165 ἀγαθὴν
1320 1092 1510 1163 ἔλαχον
1560 1090 1805 1161 οὐσίανο)

215 1187 370 1241 ἀλλά
403 1187 523 1240 καθ’
547 1188 576 1239 ὅ
602 1187 702 1239 οὐκ
727 1186 887 1247 εἰσὶν,
913 1183 1367 1250 ἀσθενήσαντες
1394 1182 1488 1253 (ὠς
1536 1181 1607 1235 τὰ
1634 1182 1808 1250 Λόγιά

218 1277 389 1350 φησι)
438 1276 693 1345 τηρῆσαι
720 1275 835 1344 τὴν
863 1273 1093 1330 ἑαυτῶν
1114 1274 1312 1343 ἀρχὴν
1333 1321 1346 1333 ,
1381 1275 1466 1326 Ἐν
1520 1272 1627 1325 τίνι
1676 1271 1804 1341 γὰρ,

220 1364 357 1418 εἰπέ
404 1382 520 1436 μοι,
550 1364 877 1418 κακύνεσθαί
920 1382 1099 1435 φαμεν
1142 1365 1269 1428 τοὺς
1315 1363 1597 1433 δαίμονας,
1632 1364 1680 1415 εί
1731 1360 1805 1432 μὴ

217 1456 289 1507 ἑν
316 1458 383 1526 τῇ
414 1456 610 1508 παύσει
629 1455 729 1524 τῆς
750 1456 857 1508 τῶν
887 1455 1045 1508 θείων
1080 1453 1301 1524 ἀγαθῶν
1325 1453 1489 1518 ἕξεως
1539 1452 1631 1506 καὶ⁵
1657 1455 1806 1523 ἐνερ-

216 1548 415 1615 γείαςς
446 1546 617 1611 ἄλλως
645 1564 726 1608 τε,
756 1549 804 1600 ει
831 1546 988 1616 φύσει
1032 1547 1191 1600 κακοὶ
1210 1548 1259 1599 οἱ
1288 1547 1557 1615 δαίμονες,
1596 1546 1681 1598 ἀεὶ
1708 1561 1808 1597 κα-

216 1632 349 1686 κοί’
390 1632 566 1685 καίτοι
595 1633 656 1686 τὸ
694 1633 863 1687 κακὸν
891 1633 1120 1687 ἄστατον
1149 1635 1315 1687 ἐστιν.
1353 1632 1589 1697 Οὐκοῦν,
1632 1636 1680 1687 εί
1717 1635 1806 1688 αεὶ

216 1723 489 1788 ὡσαύτως
521 1724 755 1795 ἔχουσιν,
788 1726 847 1778 οὑ
886 1726 1077 1779 κακοί’
1110 1726 1172 1778 τὸ
1201 1725 1309 1796 γὰρ
1340 1726 1426 1779 ἀεὶ
1474 1726 1667 1778 ταύτὸν
1708 1725 1803 1778 τοῦ

1907 549 2079 614 fecta;
2108 562 2229 600 nam
2256 546 2303 601 si
2327 546 2552 601 omnino
2596 546 2832 614 perfecta
2865 543 3032 608 foret,
3060 553 3116 599 et
3164 544 3472 611 corruptio-

1908 656 2029 696 nem
2067 640 2243 707 ipsam
2298 648 2356 691 et
2415 636 2719 705 subjectum
2760 634 2876 703 ejus
2931 650 2963 690 e
3003 635 3182 691 medio
3234 633 3469 696 tolleret,

1905 743 2157 804 essetque
2213 732 2341 787 talis
2401 729 2680 800 corruptio
2732 728 2813 783 sui
2862 743 3081 798 quoque
3110 726 3472 798 ipsiusinter-

1911 819 2023 876 itus
2056 859 2073 885 ,
2169 824 2404 893 ideoque
2457 822 2621 877 etiam
2677 832 2737 875 ut
2781 821 2903 875 talis
2971 835 3074 874 non
3144 829 3289 875 esset
3350 834 3468 872 ma-

1908 914 2043 981 lum,
2061 915 2158 970 sed
2179 915 2439 970 deﬁciens
2464 914 2663 968 bonum
2686 927 2704 979 ;
2731 928 2856 967 nam
2885 912 3026 981 quod
3051 912 3276 966 omnino
3302 911 3470 983 369

1906 1019 2105 1076 expers
2129 1008 2254 1063 boui
2278 1017 2385 1073 est,
2416 1024 2483 1062 ne
2515 1005 2731 1075 quidem
2769 1022 2856 1061 res
2878 1006 3004 1067 erit,
3031 1006 3330 1073 eademque
3371 1020 3466 1057 ra-

1909 1100 1985 1153 tio
2013 1099 2080 1153 de
2107 1097 2416 1167 corruptela
2451 1096 2705 1164 potentia:
2755 1105 2809 1148 et
2844 1093 3105 1149 actionis.
3169 1092 3466 1159 Prmterea,

1906 1190 2177 1257 quomodo
2230 1189 2521 1252 daemones,
2572 1187 2664 1256 qui
2717 1186 2894 1241 enecti
2929 1194 3060 1239 sunt
3097 1200 3127 1238 a
3181 1183 3309 1247 Deo,
3338 1183 3468 1238 mali

1904 1291 2031 1335 sunt
2058 1281 2307 1334 ?Bonum
2330 1279 2472 1335 enim
2506 1280 2646 1334 bona
2663 1278 2868 1347 profert
2898 1288 2955 1331 et
2981 1276 3211 1331 stabilit.
3266 1275 3464 1329 Verum

1906 1369 2047 1424 dicet
2091 1369 2309 1439 aliquis,
2365 1383 2463 1424 eos
2509 1368 2680 1424 malos
2715 1366 2978 1436 appellari
3034 1382 3137 1421 non
3167 1366 3466 1421 secundum

1905 1461 2045 1529 quod
2070 1468 2195 1514 sunt
2223 1460 2309 1529 (ex
2334 1461 2473 1515 bono
2500 1460 2644 1515 enim
2666 1469 2812 1526 sunt,
2840 1459 3144 1528 bonamque
3174 1457 3353 1513 sortiti
3380 1472 3468 1517 es-

1905 1553 2195 1619 sentiam),
2229 1551 2321 1606 sed
2345 1568 2411 1607 ex
2432 1567 2498 1607 eo
2518 1551 2662 1621 quod
2694 1566 2798 1605 non
2828 1560 2974 1613 sunt,
3005 1551 3131 1618 quia
3156 1567 3258 1603 non
3290 1548 3477 1602 casto-5

1904 1644 2114 1696 dierum
2141 1650 2225 1711 (ut
2258 1640 2480 1711 Eloquia
2513 1642 2800 1709 testantur)
2834 1640 3193 1709 principatum
3222 1654 3378 1691 suum
3410 1650 3461 1689 ι.

1904 1730 1959 1786 In
1996 1746 2105 1801 quo
2130 1732 2299 1795 enim,
2327 1732 2413 1786 dic
2442 1731 2663 1795 amabo,
2698 1731 2971 1784 daemones
3018 1729 3348 1798 depravatos
3378 1726 3465 1780 di—

214 1815 430 1885 ἄγαθοῦ
450 1816 599 1870 ἴδιον.
644 1818 707 1869 Εί
727 1818 783 1871 δὲ
803 1818 903 1871 οὐκ
924 1818 1011 1872 ἀεὶ
1023 1818 1205 1880 κακοὶ,
1222 1817 1281 1870 οὐ
1306 1816 1463 1886 φῦσει
1491 1817 1692 1881 κακῶν

1988 1836 2101 1886 nus,
2154 1821 2259 1875 nisi
2309 1820 2457 1889 quod
2499 1820 2686 1875 divina
2746 1820 2889 1873 bona
2929 1818 3066 1872 velle
3101 1828 3157 1872 et
3202 1816 3466 1887 perlicere

215 1909 401 1981 ἐνδείᾳ
438 1908 545 1962 τῶν
566 1910 866 1978 ἀγγελικῶν
894 1910 1131 1978 ἀγαθῶν.
1156 1910 1264 1963 Καὶ
1295 1911 1354 1963 οὐ
1384 1912 1556 1981 πάντη
1580 1910 1796 1982 ἄμοιροι

1896 1914 2254 1969 destiterunt?
2279 1912 2543 1981 alioquin,
2579 1912 2623 1966 si
2657 1920 2852 1964 natura
2884 1910 3010 1963 mali
3041 1916 3225 1963 essent
3263 1906 3468 1961 daemo-

214 2000 319 2052 τοῦ
351 2000 573 2069 ἀγαθοῦ,
605 2001 724 2054 καθ’
746 2001 883 2054 ὃκαὶ
908 2001 1035 2065 εἰσὶ,
1056 2002 1148 2054 καὶ
1178 2001 1331 2066 ζῶσι,
1365 2002 1459 2054 καὶ
1487 2001 1683 2065 νοοῦσι,

1988 2044 2011 2073 .,
2043 2021 2257 2076 semper
2293 2006 2525 2060 fuissent
2578 2004 2740 2069 mali;
2785 2002 2935 2070 atqui
2965 2001 3165 2055 malum
3204 1999 3466 2054 instabile

212 2092 359 2157 ὅλως
386 2094 500 2146 ἐστί
547 2111 630 2158 τις
666 2096 722 2147 ἐν
750 2095 932 2157 αὐτοῖς
980 2093 1219 2162 ἐφέσεως
1255 2094 1505 2163 κίνησις*
1548 2094 1707 2147 κακοὶ
1736 2094 1794 2147 δὲ

213 2180 365 2238 ιῐναι
380 2184 624 2254 λέγονται
650 2185 738 2238 διὰ
762 2186 823 2239 τὸ
852 2186 1093 2239 ἀσθενεῖν
1115 2188 1241 2257 περὶ
1260 2187 1359 2257 τὴν
1380 2187 1519 2239 κατὰ
1535 2185 1694 2255 φύσιν
1717 2188 1797 2239 ὲν-

213 2275 459 2345 ιργειαν.
493 2276 824 2347 Παρατροπὴ
850 2272 941 2329 οὖν
984 2278 1128 2329 ἐστιν
1151 2277 1330 2340 αὐτοῖς
1359 2277 1419 2329 τὸ
1465 2278 1651 2341 κακὸν,
1700 2278 1793 2331 καὶ

208 2367 331 2420 ’τῶν
356 2368 735 2439 προσηκόντων
763 2370 944 2433 αὐτοῖς
973 2369 1214 2434 ἔκϐασις,
1265 2370 1357 2423 καὶ
1405 2371 1645 2435 ἀτευξία,
1696 2373 1794 2426 καὶ

210 2457 459 2521 ἀτέλεια,
493 2461 587 2512 καὶ
608 2459 899 2531 ἀδυναμία,
932 2462 1024 2514 καὶ
1052 2463 1149 2532 τῆς
1178 2460 1455 2533 σωζούσης
1478 2463 1577 2533 τὴν
1604 2464 1661 2515 ἐν
1688 2465 1790 2532 αὖ·

207 2554 333 2614 τοῖς
364 2552 670 2623 τελειότητα
713 2555 990 2626 δυνάμεως
1032 2557 1278 2611 ἀσθένεια
1304 2558 1397 2611 καὶ
1417 2558 1668 2630 ἀποφυγὴ
1699 2559 1792 2612 καὶ

210 2642 555 2708 ἀπόπτωσις.
587 2645 792 2709 Ἄλλως
814 2663 894 2709 τε,
924 2646 975 2699 τί
995 2648 1054 2699 τὸ
1072 2649 1127 2699 ἐν
1143 2648 1359 2720 δαίμοσι
1381 2646 1548 2703 κακόν
1572 2666 1586 2715 ;
1611 2649 1791 2719 Θυμὸς

210 2732 430 2801 ἄλογος,
459 2734 616 2799 ἄνους
660 2736 940 2807 ἐπιθυμία,
972 2740 1237 2806 φαντασία
1265 2740 1561 2811 προπετὴς.
1631 2740 1791 2793 Ἀλλά

207 2825 410 2889 ταῦτα,
448 2828 497 2879 εί
522 2828 613 2880 καὶ
650 2829 707 2881 ἐν
741 2829 986 2899 δαίμοσιν
1026 2832 1184 2895 εἰσὶν,
1216 2832 1508 2903 οὑηπάντη,
1537 2832 1661 2886 οὐδὲ
1691 2834 1785 2886 ἐπὶ

209 2917 453 2981 πάντων,
476 2918 597 2971 οὐδὲ
614 2918 752 2973 αὐτὰ
780 2920 899 2973 καθ’
920 2921 1065 2975 αὑτά
1087 2924 1251 2977 κακά.
1282 2925 1389 2976 Καὶ
1412 2923 1519 2995 γὰρ
1562 2924 1647 2992 ἐφ’
1669 2923 1787 2976 ἐτέ-

204 3025 330 3078 ρων
363 3007 513 3073 ζώων
538 3011 635 3081 οὐχ
659 3013 692 3081 η
722 3012 903 3081 σχέσις
926 3013 1147 3077 τούτων,
1178 3013 1289 3066 ἀλλ’
1314 3016 1345 3085 ἡ
1368 3013 1645 3085 ἀναίρεσίς
1670 3014 1789 3065 ἐστι

204 3099 310 3152 καὶ
336 3099 507 3171 φθορὰ
533 3102 610 3172 τῷ
626 3101 748 3173 ζώῳ
771 3104 811 3167 δ,
830 3106 921 3157 καὶ
938 3105 1104 3158 κακόν
1126 3123 1142 3137 ·
1169 3107 1203 3177 ἡ
1224 3107 1279 3160 δὲ
1298 3107 1482 3177 σχέσις
1508 3105 1669 3170 σώζει
1690 3106 1788 3159 καὶ

1893 2111 1998 2155 est.
2048 2099 2312 2170 Siitaque
2349 2112 2560 2164 semper
2597 2096 2785 2152 eodem
2824 2094 2983 2149 modo
3017 2108 3075 2148 se
3101 2091 3324 2158 liabent,
3360 2106 3463 2144 nun

1892 2201 2022 2247 sunt
2047 2192 2348 2259 mali;nam
2406 2189 2593 2244 eodem
2648 2186 2808 2242 modo
2846 2199 3062 2255 semper
3122 2200 3181 2240 se
3238 2184 3462 2247 habere,

1893 2282 2171 2354 proprium
2196 2291 2280 2337 est
2305 2280 2456 2335 boni.
2511 2280 2567 2334 Si
2602 2289 2782 2333 autem
2806 2293 2913 2332 non
2935 2290 3151 2345 semper
3180 2275 3331 2341 mali,
3365 2289 3465 2328 ne—

1892 2388 1996 2443 que
2026 2383 2217 2427 natura
2250 2371 2376 2425 mali
2418 2380 2566 2433 sunt,
2601 2369 2696 2424 sed
2722 2366 2937 2422 defectu
2965 2366 3336 2435 angelicorum
3365 2363 3464 2417 bo-

1892 2480 2109 2519 norum.
2160 2462 2343 2531 Neque
2389 2477 2516 2514 vero
2545 2462 2761 2529 penitus
2818 2468 3095 2528 expertes‘
3135 2458 3261 2512 boni
3308 2465 3461 2518 sunt,

1890 2566 2156 2626 quatenus
2187 2564 2332 2619 sunt,
2364 2555 2584 2617 vivunt,
2621 2551 2949 2624 intelligunt,
2978 2550 3198 2618 illisque
3236 2549 3463 2602 omnino

1891 2650 2032 2704 inest
2082 2648 2305 2717 quidam
2339 2659 2519 2700 mutus
2546 2643 2802 2699 desiderii
2830 2660 2845 2708 ;
2874 2641 3028 2711 pravi
3052 2650 3237 2696 autem
3263 2639 3455 2693 dicun-

1893 2752 2001 2803 tur,
2032 2749 2305 2808 quatenus
2362 2739 2412 2792 in
2467 2737 2703 2791 naturali
2736 2736 2951 2791 actione
2980 2744 3106 2789 sunt
3138 2731 3458 2787 imbecilles.

1891 2832 2213 2900 Depravatio
2256 2831 2421 2900 igitur
2471 2831 2552 2883 eis
2606 2829 2804 2882 malum
2857 2836 2962 2892 est,
3022 2838 3315 2893 rerumque
3352 2822 3460 2876 illis

1888 2923 2333 2979 convenientium
2364 2922 2605 2976 desertio
2628 2921 3041 2989 frustratioque,
3071 2926 3235 2985 atque
3258 2916 3459 2983 imper-

1888 3016 2053 3072 fectio
2083 3025 2139 3071 et
2202 3015 2564 3084 impotentia;
2605 3012 2989 3080 facultatisque
3042 3009 3094 3064 in
3139 3009 3221 3064 eis
3271 3008 3455 3079 perfe-

1887 3108 2125 3161 ctionem
2151 3105 2524 3162 conservantis
2556 3104 2872 3167 inllrmitas,
2904 3111 2958 3155 et
2982 3100 3201 3155 abaetio
3224 3140 3241 3167 ,
3272 3110 3327 3153 et
3374 3099 3456 3153 di-

205 3186 351 3243 εἶναι
385 3196 529 3245 ποιεῖ
550 3194 647 3265 τὴν
667 3193 835 3248 ταῦτα
857 3196 1085 3267 ἔχουσαν
1124 3198 1218 3250 τοῦ
1250 3198 1387 3261 ζώου
1445 3198 1625 3267 φύσιν.
1671 3204 1683 3251 l

1979 3197 2079 3251 sio.
2130 3195 2269 3263 Quid
2299 3211 2429 3252 vero
2452 3204 2719 3265 praeterea
2754 3194 2955 3248 malum
2987 3192 3042 3247 in
3075 3188 3457 3246 daemonibus!

200 3281 322 3353 ἄρα
342 3284 508 3337 κακὸν
534 3286 594 3337 τὸ
609 3286 881 3357 δαιμόνιον
902 3288 1085 3357 φῦλον,
1166 3292 1279 3343 ἐστι
1300 3290 1442 3343 κατά
1465 3289 1644 3360 φύσιν,
1668 3290 1787 3344 ἀλλ’

202 3368 244 3447 ᾖ
299 3375 399 3428 οὐκ
429 3376 564 3429 ἔστι.
609 3379 718 3432 Καὶ
749 3380 850 3432 οὐκ
880 3380 1143 3453 ἠλλοιώθη
1166 3382 1225 3434 τὸ
1251 3382 1403 3436 δοθὲν
1450 3385 1633 3449 αὐτοῖς
1664 3386 1785 3440 ὅλον

204 3466 430 3535 ἑγαθὸν,
458 3468 571 3522 ἀλλ’
596 3471 748 3525 αὐτοὶ¹
772 3471 865 3524 τοῦ
908 3473 1150 3537 δοθέντος
1177 3475 1634 3531 ἀποπεπτὼκασιν
1662 3478 1785 3531 ὅλου

197 3555 435 3624 ἀγαθοῦ.
462 3559 570 3611 Καὶ
588 3558 685 3623 τὰς
714 3558 959 3624 δοθείσας
1001 3561 1183 3626 αὐτοῖς
1216 3561 1511 3631 ἀγγελικάς
1554 3562 1781 3635 δωρεὰς,

196 3648 266 3699 οὗ
300 3649 505 3718 μήποτε
528 3649 698 3713 αὑτάς
724 3650 1046 3720 ὴλλοιῶσθαί
1103 3670 1280 3723 φαμεν
1305 3654 1326 3684 ⁵
1352 3671 1365 3684 ·
1392 3653 1507 3707 ἀλλ’
1536 3656 1643 3708 είσὶ
1691 3657 1784 3709 καὶ

197 3737 507 3810 ὁλόκληροι,
536 3741 629 3794 καὶ
657 3746 938 3812 παμφαεῖς
958 3744 1083 3807 είσι,
1126 3744 1229 3797 κᾶν
1252 3744 1404 3797 αὐτοὶ
1433 3744 1508 3816 μὴ
1556 3745 1779 3815 ὁρῶσιν,

197 3829 587 3899 ἐιπομὺσαντες
606 3831 785 3885 αὐτῶν
806 3834 828 3864 ⁸
844 3832 941 3896 τὰς
958 3832 1331 3902 ἀγαθοπτικάς
1347 3835 1622 3905 δυνάμεις.
1665 3837 1786 3893 "ne.

195 3936 262 3975 τε
286 3922 317 3974 ὅ
344 3924 469 3985 είσι,
501 3923 597 3976 καὶ
613 3925 676 3977 ἐκ
692 3924 929 3993 τάγαθοῦ
952 3929 1078 3989 εισι,
1105 3928 1198 3979 δια)⁸
1220 3927 1434 3995 ἀγαθοὶ,
1461 3929 1555 3981 καὶ
1572 3926 1666 3980 τοῦ
1684 3946 1782 3982 κα-

199 4011 301 4066 λοῦ
336 4014 429 4067 καὶ
454 4014 659 4082 ἀγαθοῦ
679 4017 940 4083 ἐφίενται,
955 4016 1049 4069 τοῦ
1070 4014 1231 4079 εἶναι,
1257 4020 1350 4071 καὶ
1370 4016 1489 4089 ζῇν,
1510 4020 1603 4073 καὶ
1618 4023 1777 4085 νοεῖν,

194 4104 311 4158 τῶν
330 4105 497 4160 ὄντων
518 4107 813 4179 ἐφιέμενον
849 4110 942 4162 καὶ
958 4112 1023 4180 τῇ
1049 4111 1320 4181 στερήσει,
1349 4112 1440 4164 καὶ
1455 4112 1710 4183 ἀποφυγῇ
1733 4114 1776 4176 ⁷,

195 4195 300 4250 καὶ
344 4196 656 4251 ἀποπτώσει
689 4198 799 4252 τῶν
847 4200 1230 4272 προσηκόντων
1287 4202 1469 4266 αὐτοῖς
1523 4203 1742 4271 ἀγαθῶν
1759 4244 1774 4269 ,

193 4283 447 4355 λέγονται
501 4288 691 4341 κακοί·
733 4287 824 4343 καί
871 4291 978 4342 εἰσι
1015 4290 1194 4353 κακοὶ,
1244 4290 1365 4343 καθ’
1416 4290 1446 4344 ὃ
1480 4292 1580 4345 οὐκ
1626 4292 1772 4345 εἰσί*

195 4379 300 4433 καὶ
341 4379 435 4432 τοῦ
492 4380 568 4451 μὴ
607 4379 758 4444 ὄντος
801 4382 1074 4452 ἐφιέμενοι
1102 4420 1118 4445 ,
1165 4381 1259 4434 τοῦ
1313 4382 1482 4436 κακοῦ
1510 4360 1777 4453 ἐφίενται.

1888 3287 2062 3342 Furor
2087 3288 2437 3352 irrationalis,
2488 3286 2926 3357 concupiscentia
2956 3285 3217 3349 demens,
3259 3281 3455 3349 imagi-

1887 3380 2035 3434 natio
2064 3395 2325 3449 prseceps.
2381 3381 2578 3435 Verum
2608 3379 2709 3433 ista
2738 3375 2960 3432 tametsi
2989 3373 3327 3430 daemonibus
3362 3373 3450 3425 in-

1885 3474 2014 3537 sint,
2041 3489 2145 3529 non
2173 3484 2351 3528 tamen
2382 3474 2658 3536 omnibus,
2704 3485 2882 3540 neque
2907 3469 3128 3525 omnino
3149 3466 3312 3522 etiam
3336 3464 3453 3533 ipsa

1884 3581 1984 3636 per
2012 3580 2074 3621 se
2103 3566 2244 3621 mala
2276 3575 2425 3621 sunt.
2453 3564 2663 3620 Etenim
2705 3564 2759 3618 in
2805 3562 2928 3618 aliis
2968 3558 3294 3614 animalibus
3345 3571 3452 3610 non

1885 3658 2189 3713 istiusmodi
2243 3657 2478 3727 ali‘ectio,
2518 3657 2612 3710 sed
2663 3654 2909 3724 ejusdem
2970 3650 3203 3723 privatio
3272 3652 3454 3718 potius

1884 3750 2136 3805 interitus
2161 3750 2384 3805 exsistit
2414 3747 2753 3811 animalium,
2800 3755 2855 3799 et
2904 3743 3101 3798 malum
3129 3758 3147 3808 ;
3174 3741 3293 3808 ipsa
3325 3754 3452 3793 vero

1880 3840 2095 3895 ali'ectio
2117 3856 2210 3909 per
2259 3854 2411 3895 suam
2442 3838 2810 3892 habitudinem
2853 3843 3059 3897 servat,
3081 3833 3145 3884 a'c
3170 3830 3453 3885 constituit

1880 3942 2131 3986 naturam
2161 3930 2413 3986 animalis
2438 3930 2562 3983 dum
2595 3928 2699 3983 ista
2730 3927 2913 3982 habet.
2964 3922 3081 3978 Non
3134 3921 3319 3991 itaque
3356 3936 3451 3989 ge-

1881 4038 1984 4077 nus
2026 4024 2329 4078 daemonum
2372 4019 2593 4075 exsistit
2644 4017 2869 4083 malum,
2930 4024 3198 4086 quatenus
3239 4021 3449 4067 natura:

1878 4128 1989 4169 sua:
2029 4111 2336 4181 respondet,
2376 4112 2471 4166 sed
2520 4120 2793 4180 quatenus
2839 4116 3123 4178 repugnat.
3154 4104 3341 4175 Neque
3362 4109 3448 4160 to-

1878 4214 1991 4259 tum
2042 4205 2265 4267 bonum,
2320 4203 2462 4271 quod
2522 4201 2632 4256 illis
2680 4213 3000 4256 concessum
3070 4206 3178 4263 est,
3230 4197 3453 4267 penitus

1874 4307 2124 4348 eversum
2162 4291 2407 4359 est;sed
2453 4290 2670 4361 ipsimet
2717 4306 2748 4344 a
2798 4298 2912 4345 toto
2962 4290 3125 4353 bono,
3176 4285 3324 4358 quod
3380 4287 3448 4341 iis

1879 4384 2135 4439 traditum
2166 4393 2309 4448 erat,
2356 4384 2699 4441 exciderunt.
2731 4379 2917 4452 Neque
2957 4376 3191 4437 dicimus
3238 4379 3447 4450 angeli-

1873 4488 1968 4529 cas
1996 4476 2173 4541 dotes,
2222 4490 2358 4544 quas
2383 4483 2731 4545 acceperant,
2760 4475 2979 4543 penitus
3003 4488 3241 4543 unquam
3270 4472 3442 4527 fuisse

192 4558 534 4627 immutatas,
563 4564 659 4619 sed
707 4568 1001 4620 etiamnum
1046 4566 1284 4636 integras
1330 4581 1452 4621 esse
1491 4567 1755 4636 planeque
1778 4567 2125 4637 conspicuas,
2165 4569 2418 4636 quamvis
2440 4568 2671 4637 .easipsi
2717 4566 2943 4621 minime
2993 4574 3247 4632 cernant,
3298 4565 3443 4633 quod

188 4653 412 4711 videndi
437 4654 578 4710 vires
600 4656 992 4723 abstruserint,
1023 4658 1222 4727 quibus
1249 4658 1389 4712 bona
1409 4674 1506 4714 sua
1533 4670 1757 4728 possent
1787 4660 2013 4716 intueri.
2057 4659 2239 4726 Quare
2267 4661 2415 4729 quod
2444 4661 2574 4724 sint,
2605 4669 2660 4713 et
2689 4673 2756 4713 ex
2783 4657 2928 4712 bono
2975 4669 3122 4721 sunt,
3181 4665 3239 4711 et
3290 4656 3437 4738 boni,

188 4754 250 4802 et
282 4744 565 4813 pulchrum
598 4745 1217 4818 bonumqueappetunt,
1274 4750 1402 4805 dum
1450 4758 1510 4804 et
1556 4763 1699 4815 esse,
1728 4759 1784 4805 et
1832 4750 2036 4814 vivere,
2082 4759 2137 4804 et
2191 4750 2500 4820 intelligere
2554 4765 2676 4819 quae
2717 4759 2845 4805 sunt
2886 4749 3238 4812 desiderant;
3279 4755 3441 4816 atque

187 4834 462 4889 bonorum
516 4835 647 4904 ipsis
693 4839 1102 4908 congruentium
1157 4840 1491 4910 privatione,
1549 4851 1605 4896 et
1645 4842 2006 4898 declinatione
2048 4840 2213 4912 37o
2258 4851 2426 4912 atque
2467 4842 2815 4912 prolapsioue
2862 4838 2989 4894 mali
3043 4838 3435 4900 nominantur;

188 4935 430 5000 suntque
478 4931 606 4987 mali
644 4934 946 4990 secundum
998 4934 1052 4991 id
1095 4935 1241 5006 quod
1286 4952 1393 4992 non
1444 4945 1618 5003 sunt,
1668 4936 1904 5008 dumque
1960 4937 2015 4993 id
2059 4936 2202 5007 quod
2253 4950 2361 4991 non
2413 4944 2496 4991 est
2539 4945 2840 5006 appetunt,
2888 4932 3086 4988 malum
3141 4938 3427 5003 appetunt.

1653 5121 1686 5194 ᾗ
1728 5117 1967 5180 XXIV.

271 5227 435 5282 Ἀλλά
460 5231 636 5304 ψυχάς
665 5248 749 5298 τις
784 5230 921 5291 εἶναι
958 5237 1103 5307 λέγει
1127 5239 1150 5272 ⁸
1181 5240 1392 5304 κακάς;
1420 5238 1482 5293 El
1514 5240 1631 5312 μὲν,
1677 5242 1749 5295 ὅτι

1955 5240 2134 5296 Verum
2223 5240 2432 5295 animas
2496 5238 2620 5306 quis
2700 5235 2873 5291 malas
2949 5236 3190 5291 dixerit?
3242 5236 3433 5307 Siqui-

184 5322 532 5391 συγγίνονται
570 5327 592 5358 ³
642 5330 830 5393 κακοῖς
885 5331 1251 5403 προνοητικῶς
1299 5350 1359 5387 τε
1408 5334 1502 5388 καὶ
1560 5350 1756 5388 σωστι-

264 5476 437 5533 ll'Jud.
468 5478 523 5534 6.

1867 5334 1988 5390 dem
2036 5335 2261 5399 idcirco,
2315 5333 2459 5403 quod
2516 5331 2675 5387 malis
2724 5329 2953 5402 provide
3019 5330 3423 5399 salubriterque

1457 5576 1696 5640 VARUE
1732 5577 2137 5636 LECTIONES.

256 5686 418 5766 ‘-'_dv
449 5702 562 5766 non
584 5696 667 5742 est
693 5688 745 5741 in
771 5687 938 5766 ειν.-
961 5690 982 5720 ⁸
1008 5689 1113 5743 τῶν
1148 5689 1319 5756 ζώων,
1354 5690 1411 5746 Ρ.
1490 5694 1511 5724 ⁸
1539 5692 1746 5766 φῶμεν,
1776 5692 1837 5748 D.
1920 5695 1939 5726 ⁵
1962 5695 2167 5748 ἑαυτῶν
2187 5736 2201 5761 ,
2234 5693 2293 5750 Ι).
2331 5695 2388 5751 S.
2420 5694 2477 5751 P.
2520 5695 2610 5751 Sc.

184 5754 231 5816 Ρ
329 5760 351 5793 '
384 5758 765 5826 συντείνονται,
801 5757 868 5814 \l.

2722 5697 2742 5729 ⁷
2764 5696 3131 5770 ἀποφοιτησει.
3209 5696 3229 5729 ⁸
3260 5696 3424 5769 λέγοι,
