3742 6342
331 336 434 390 “id?
1505 325 1564 381 S.
1602 323 1898 380 DIONYSII
1946 319 2411 377 AREOPAGITE
3496 317 3585 374 7‘38

325 448 546 513 adsint,
592 445 706 515 jam
757 445 859 499 hoc
891 456 997 496 non
1028 439 1228 495 malum
1276 448 1356 494 est
1380 479 1397 503 ,
1437 437 1528 494 sed
1566 450 1803 502 Donum.

2104 454 2153 501 ;,
2208 435 2367 488 τοῦτο
2404 435 2466 487 οὐ
2505 434 2672 488 κακὸν
2696 474 2711 498 ,
2742 434 2863 488 ἀλλ’
2909 434 3114 503 ἀγαθὸν
3137 474 3152 497 ,
3192 437 3296 489 καὶ
3328 437 3399 489 ὲκ
3428 438 3582 503 τάγα.

325 557 390 595 ex
440 539 621 604 bono,
658 529 972 602 malumque
1019 532 1221 587 bonum
1270 530 1524 586 faciente.
1577 529 1675 584 Sin
1733 531 1803 584 di:

2085 528 2096 581 ἱ
2121 567 2137 591 ,
2183 528 2278 581 τοῦ
2318 527 2410 581 καὶ
2437 527 2700 581 τὸκακὸν
2730 526 3111 596 ἀγαθύνοντος.
3138 528 3199 581 El
3225 527 3293 581 δὲ
3336 527 3405 580 τὸ
3432 525 3563 581 κακὺ

330 634 501 686 rimus
530 629 740 684 animas
797 624 1112 696 depravari,
1158 639 1267 694 quo
1326 622 1743 693 depraventur?
1789 639 1808 675 ι

2108 620 2198 673 θαι
2221 620 2398 691 ψυχάς
2427 638 2605 691 φαμεν
2636 620 2701 680 ³⁸,
2726 620 2785 674 ὲν
2811 620 2917 673 τίνι
2945 621 3299 684 κακύνονται,
3334 622 3390 674 εί
3429 622 3503 691 μὴ
3536 623 3586 675 ὲν

325 726 585 778 bonarum
616 718 963 773 aﬂ'ectionum
1013 718 1406 786 actionumque
1446 714 1687 781 defectu,
1720 730 1803 784 qui

2103 714 2202 768 τῶν
2233 715 2452 784 ἀγαθῶν
2486 715 2653 782 ἕξεων
2677 718 2770 771 καὶ
2793 716 3084 788 ἐνεργειῶν
3109 715 3380 786 ἐλλείψει,
3415 716 3509 769 καὶ
3525 716 3581 769 δι’

323 830 430 884 que
476 810 849 868 imbecillitate
879 824 975 864 sua
1006 809 1225 863 devtent
1266 817 1321 861 et
1350 806 1606 862 aberrent
1662 822 1691 861 a
1738 807 1799 860 «ἢ

2109 808 2207 861 ιίαν
2232 808 2513 862 ἀσθένειαν
2535 808 2759 881 ἀτευξίᾳ
2786 809 2879 863 καὶ
2934 808 3290 881 ἀπολισθήσει
3316 825 3335 875 ;
3372 808 3471 860 καὶ
3490 808 3587 877 γὰρ

323 907 463 975 Quin
517 914 575 961 et
622 919 804 960 aerem
861 904 1030 968 hunc,
1063 902 1156 971 qui
1214 900 1374 955 nobis
1413 899 1801 955 circumfundit

2129 902 2219 954 τὸν
2243 901 2383 973 ἀέρα
2407 901 2497 955 τὸν
2522 904 2562 934 ¹¹
2597 902 2725 973 περὶ
2751 903 2897 973 ἡμᾶς
2919 901 3250 955 ἐσκοτῶσθαι
3307 913 3497 970 φαμεν
3516 900 3587 953 ὲλ‹

322 996 539 1052 luminis
587 994 895 1051 defectione
925 1002 1090 1065 atque
1141 992 1388 1048 absentia
1425 992 1656 1046 dicimus
1696 992 1800 1046 obs

2108 1012 2167 1048 νει
2197 996 2290 1049 καὶ
2304 994 2539 1065 ἀπουσίᾳ
2556 994 2750 1063 φωτόςν
2774 995 2902 1048 αὐτὸ
2920 995 2978 1048 δὲ
2997 994 3059 1047 τὸ
3079 993 3196 1063 φῶς
3215 993 3316 1046 ἀεὶ
3338 992 3463 1061 φῶς
3480 993 3586 1045 ἐστι

322 1090 454 1156 rari,
511 1104 633 1145 cum
692 1089 783 1144 lux
850 1090 966 1159 ipsa
1013 1100 1229 1157 semper
1264 1085 1354 1140 lux
1416 1084 1511 1148 sit,
1554 1099 1674 1153 qua:
1720 1084 1792 1140 eti

2106 1090 2174 1144 ιαὶ
2205 1089 2267 1142 τὸ
2299 1089 2487 1153 σκότος
2515 1089 2766 1158 φωτίζον.
2806 1089 2920 1141 Ούκ
2937 1088 3046 1160 ἄρα
3070 1086 3191 1141 οὔτε
3220 1089 3280 1140 ὲν
3314 1086 3584 1156 δαίμοσιν,

320 1178 578 1233 tenebras
628 1177 887 1231 illustrat.
940 1176 1122 1243 Quare
1169 1190 1270 1230 nec
1302 1174 1355 1229 in
1401 1174 1798 1237 dazmonibusu

2108 1200 2121 1235 ε
2189 1184 2249 1236 ὲν
2279 1184 2411 1255 ἡμῖν
2466 1182 2529 1235 τὸ
2586 1181 2791 1248 κακὸν,
2844 1180 2921 1246 ὼς
2976 1182 3036 1234 ὃν
3087 1180 3292 1243 κακὸν,
3366 1179 3485 1232 ἀλλ’
3522 1178 3586 1239 ὡς

320 1271 374 1323 in
403 1264 559 1325 nobis
583 1268 655 1321 ita
681 1269 882 1322 malum
911 1278 1020 1333 est,
1044 1266 1201 1336 quasi
1236 1266 1439 1320 malum
1461 1266 1530 1320 sit
1560 1282 1649 1321 res
1676 1266 1798 1335 ειίιιι

2110 1272 2230 1343 ιιψις
2258 1275 2356 1327 καὶ
2386 1273 2593 1346 ἐρημία
2616 1272 2717 1344 τῆς
2758 1273 2867 1327 τῶν
2894 1273 3111 1327 οἰκείων
3144 1270 3381 1340 ἀγαθῶν
3408 1268 3588 1322 τελειό-

320 1362 416 1415 sed
484 1370 545 1414 ut
576 1361 821 1416 defectus
850 1370 906 1417 et
955 1360 1200 1415 carentia
1231 1356 1586 1430 perfectionis
1629 1362 1890 1415 bonorum
1999 1384 2184 1440 τητος,

319 1468 686 1523 ριὀρτιοτιιιιι.

1824 1610 1852 1682 §
1890 1609 2092 1668 XXV.

343 1798 346 1803 .
392 1751 601 1808 Verum
673 1768 775 1807 nec
819 1753 876 1809 in
944 1754 1266 1808 animalibus
1299 1754 1492 1814 _brutis
1543 1755 1742 1809 malum
1789 1770 1820 1808 e

2110 1754 2219 1812 Mt)?
2238 1758 2359 1812 οὐδὲ
2398 1760 2456 1811 ὲν
2485 1757 2641 1824 ζώοις
2662 1757 2878 1826 ἀλόγοις
2899 1757 3016 1810 ἐστὶ
3048 1758 3109 1811 τὸ
3137 1757 3333 1812 κακόν.
3380 1758 3447 1810 El
3490 1756 3588 1824 γὰρ

320 1842 455 1898 Nam
502 1842 551 1897 si
590 1841 859 1906 furorem,
902 1850 958 1899 et
1014 1843 1531 1913 concupiscentiam,
1590 1854 1798 1898 caetera"

2109 1858 2195 1926 ιῃς
2219 1854 2261 1884 ¹²
2284 1851 2475 1923 θυμὸν,
2500 1852 2594 1906 καὶ
2630 1850 2942 1922 ἐπιθυμίαν,
2972 1852 3063 1904 καὶ
3092 1842 3278 1915 τᾶλλα,
3305 1852 3417 1903 ὅσα
3447 1849 3587 1917 λέγει

319 1947 441 2003 ψιιε
494 1931 783 1998 dicuntur,
833 1932 929 1988 sed
990 1947 1097 1989 non
1148 1940 1277 1989 sunt
1333 1933 1655 2003 simpliciter
1705 1948 1797 1989 sua

2107 1988 2110 2003 ,
2134 1946 2227 1997 καὶ
2245 1944 2344 1996 οὐκ
2360 1942 2503 1996 ἐστιν
2525 1942 2708 2006 ἁπλῶς
2723 1946 2789 2013 τῇ
2812 1943 3015 1997 ἑαυτῶν
3034 1943 3192 2014 φύσει
3212 1943 3391 1997 κακά·
3411 1943 3473 1995 τὸ
3498 1942 3585 2012 μὲν

319 2035 514 2079 natura
572 2023 735 2089 mala,
775 2023 1097 2089 sustuleris,
1157 2024 1242 2081 leo
1285 2028 1536 2098 quidem,
1576 2025 1797 2085 fortitud

2105 2036 2162 2090 ὸν
2184 2036 2226 2066 ¹³
2247 2036 2340 2089 καὶ
2358 2034 2560 2105 γαῦρον
2580 2037 2608 2089 ὁ
2630 2034 2764 2088 λέων
2780 2035 3069 2105 ἀπολέσας,
3106 2037 3224 2090 οὐδὲ
3249 2035 3400 2099 λέων
3421 2034 3583 2086 ἔσται·

317 2118 681 2188 superbiaque
739 2119 1064 2188 deperdita,
1108 2120 1192 2175 leo
1243 2136 1367 2176 esse
1436 2122 1687 2186 desinet;
1747 2136 1795 2176 cz

2105 2129 2280 2201 ισηνὴς
2304 2128 2360 2183 δὲ
2382 2131 2514 2183 πᾶσι
2540 2129 2825 2201 γενόμενος
2845 2131 2873 2183 ὁ
2893 2129 3065 2195 κύων,
3092 2130 3190 2183 οὐκ
3225 2129 3387 2182 ἔσται
3415 2127 3583 2186 κύων,

317 2226 561 2280 quoque,
599 2212 644 2266 si
685 2211 919 2267 blandus
969 2213 1065 2267 fiat
1114 2214 1388 2281 omnibus,
1434 2229 1541 2271 non
1569 2215 1675 2269 erit
1722 2213 1895 2280 canis,

318 2316 439 2354 cum
501 2301 729 2371 vigilare
751 2302 906 2357 cauis
959 2306 1239 2373 proprium
1291 2306 1402 2372 sit,
1446 2313 1501 2358 et
1567 2305 1898 2360 domesticos

319 2393 645 2458 admittere,
700 2406 1066 2464 esternosque
1102 2395 1386 2465 repellere.
1448 2396 1636 2467 Itaque
1688 2407 1897 2453 natura:

318 2486 661 2553 lncorruptio
686 2501 1034 2556 nequaquam
1061 2488 1265 2542 malum
1290 2497 1394 2554 est,
1438 2475 1535 2545 sed
1561 2488 1681 2559 ejus
1707 2505 1897 2544 corru-

319 2576 915 2645 ptioetimliecillitas,
977 2588 1031 2634 et
1078 2579 1315 2635 defectio
1364 2597 1487 2636 cum
1549 2582 1889 2636 naturalium

320 2666 695 2733 allectionum,
727 2679 836 2724 tum
855 2671 1130 2726 actionum
1157 2681 1317 2742 atque
1350 2673 1633 2727 virtutum.
1667 2673 1821 2741 Quod
1848 2675 1893 2729 si

322 2775 413 2814 res
434 2775 626 2816 omnes
657 2762 710 2816 in
761 2772 1003 2833 tempore
1026 2778 1125 2837 per
1160 2765 1570 2835 generationem
1594 2782 1749 2821 suam
1801 2768 1898 2821 ha-

320 2854 487 2908 beant
519 2854 944 2923 perfectionem,
984 2856 1329 2941 imperfectio
1352 2856 1471 2927 jam
1518 2872 1627 2913 non
1684 2858 1792 2913 erit
1843 2858 1895 2912 in

2002 2222 2161 2293 εἴπερ
2192 2221 2350 2285 κυνὸς
2377 2222 2437 2275 τὸ
2459 2220 2786 2292 φυλακτικὸν
2818 2221 2881 2285 ¹⁸,
2919 2221 3011 2273 καὶ
3036 2221 3096 2273 τὸ
3120 2220 3309 2292 προσίε
3320 2220 3450 2272 σθαι
3497 2216 3585 2287 μὲν

2001 2314 2062 2368 τὸ
2090 2315 2312 2379 οἰκεῖον,
2367 2311 2690 2367 ἀπελαύνειν
2738 2312 2794 2365 δὲ
2815 2312 2878 2365 τὸ
2906 2312 3202 2386 ἀλλότριον.
3228 2313 3402 2365 Ὥστε
3422 2311 3485 2363 τὸ
3515 2310 3583 2381 μὴ

2003 2409 2320 2482 φθείρεσθαι
2354 2408 2452 2480 τὴν
2474 2407 2636 2478 φύσιν
2655 2409 2715 2461 ού
2747 2407 2935 2471 κακὸν,
2967 2407 3143 2478 φθορά
3174 2408 3230 2460 δὲ
3280 2406 3507 2475 φύσεως
3534 2405 3585 2457 ἀ-

2003 2504 2215 2558 σθένεια
2241 2504 2336 2558 καὶ
2359 2502 2591 2572 ἔλλειψις
2624 2504 2732 2558 τῶν
2777 2502 3021 2573 φυσικῶν
3079 2501 3263 2568 ἕξεων,
3294 2502 3401 2555 καὶ
3440 2501 3581 2570 ἐνερ-

2001 2595 2164 2665 γειῶν
2181 2596 2275 2649 καὶ
2295 2596 2594 2667 δυνάμεων.
2613 2598 2722 2650 Καὶ
2744 2598 2789 2648 εί
2820 2595 2996 2649 πάντα
3020 2593 3088 2647 τά
3112 2592 3203 2648 διὰ
3232 2594 3506 2664 γενέσεως
3530 2591 3583 2641 ὲν

2001 2687 2176 2759 χρόνῳ
2197 2685 2308 2757 ἔχει
2334 2687 2394 2740 τὸ
2429 2686 2653 2751 τέλειον,
2675 2687 2795 2741 οὐδὲ
2812 2686 2872 2738 τὸ
2898 2685 3083 2749 ἀτελὲς
3108 2686 3281 2756 πάντη
3303 2684 3464 2763 παρά
3482 2683 3578 2736 πᾶ.-

2004 2796 2104 2833 σαν
2138 2777 2236 2850 τὴν
2264 2778 2423 2848 φύσιν
2446 2780 2514 2835 ¹⁸.

322 2956 516 3013 natura
546 2946 825 3008 universa.

1796 3066 1823 3124 8
1856 3062 2092 3124 XXVI.

336 3191 342 3198 ί
391 3209 498 3265 Sed
550 3225 726 3279 neque
764 3209 823 3267 ln
871 3218 980 3265 tota
1017 3218 1211 3263 natura
1246 3208 1445 3263 malum
1492 3218 1600 3265 est.
1635 3209 1692 3265 Si
1745 3224 1812 3265 en

2094 3208 2213 3262 Αλλ*
2256 3208 2379 3263 οὐδὲ
2425 3212 2484 3263 ὲν
2534 3212 2602 3281 τῇ
2651 3209 2749 3283 ὅλῃ
2800 3208 2956 3279 φύσει
3001 3207 3063 3262 τὸ
3121 3208 3307 3261 κακόν.
3360 3208 3428 3261 Εἰ
3477 3202 3572 3274 γὰρ

319 3314 511 3357 omnes
574 3304 813 3358 rationes
884 3302 1159 3357 naturales
1236 3311 1363 3357 sunt
1417 3316 1448 3354 a
1517 3311 1708 3358 natura
1776 3318 1797 3356 υ

2092 3304 2269 3367 πάντες
2291 3303 2510 3371 φυσικοὶ
2531 3298 2676 3371 λόγοι
2702 3302 2853 3373 παρὰ
2872 3301 2971 3371 τῆς
2994 3301 3219 3355 καθόλου
3241 3300 3478 3371 φύσεως,
3495 3299 3570 3350 οὗ·

318 3394 542 3457 versali,
593 3395 860 3462 nihiljatn
919 3406 1004 3449 est
1080 3394 1155 3447 illi
1205 3395 1579 3459 contrarium;
1632 3396 1796 3463 singul

2118 3398 2265 3449 ἐστιν
2299 3397 2434 3468 αὐτῇ
2477 3395 2538 3449 τὸ
2586 3394 2855 3448 ὲναντίοψ
2894 3398 2959 3467 τῇ
2988 3394 3113 3448 καθ’
3156 3394 3392 3447 ἕκαστον
3421 3392 3495 3455 δὲ,
3520 3389 3570 3443 τὸ

321 3502 453 3542 vero
502 3498 707 3542 natura:
733 3488 876 3541 aliud
908 3488 1123 3557 quidem
1158 3487 1454 3542 secundum
1494 3497 1744 3541 naturam
1772 3504 1799 3543 e

2091 3505 2106 3538 ι
2138 3483 2279 3539 κατά
2304 3484 2464 3556 φύσιν
2490 3486 2661 3552 ἔσται,
2700 3485 2761 3539 τὸ
2793 3487 2850 3539 δὲ
2885 3487 2944 3538 ού
2993 3485 3135 3538 κατά
3170 3486 3351 3555 φύσιν.
3418 3482 3569 3553 Ἀλλῃ

322 3579 473 3648 aliud
524 3595 655 3634 vero
686 3596 791 3634 non
824 3580 930 3634 erit
960 3580 1255 3634 secundum
1283 3588 1554 3634 naturam.
1614 3580 1719 3633 Alii
1754 3596 1800 3633 ει

2092 3595 2112 3650 ρ
2134 3576 2261 3630 ἄλλο
2285 3577 2437 3649 παρά
2464 3576 2626 3647 φύσιν
2644 3595 2657 3607 ·
2700 3580 2791 3631 καὶ
2815 3577 2876 3631 τὸ
2904 3580 3032 3650 τῇδε
3057 3576 3201 3631 κατά
3227 3576 3413 3647 φύσιν,
3439 3577 3500 3647 τῇ
3522 3572 3570 3625 δὲ

320 3669 470 3726 aliud
526 3681 610 3726 est
635 3680 826 3725 contra
864 3679 1140 3736 naturam,
1186 3670 1438 3739 quodque
1471 3672 1596 3726 huic
1625 3681 1707 3727 est
1739 3688 1798 3725 na

2098 3670 2229 3742 ταρά
2249 3668 2428 3739 φύσιν.
2451 3666 2669 3735 Φύσεως
2686 3671 2743 3724 δὲ
2767 3672 2934 3725 κακία
2955 3671 3016 3723 τὸ
3036 3671 3187 3743 παρά
3202 3669 3390 3740 φύσιν,
3418 3672 3451 3739 ἡ
3472 3665 3576 3719 στέ-

322 3762 462 3827 rale,
490 3761 564 3817 illi
621 3773 811 3819 contra
846 3773 1093 3819 naturam
1116 3772 1219 3818 est.
1269 3761 1501 3823 Naturae,
1535 3779 1665 3819 vero
1698 3764 1790 3819 viti

2089 3782 2155 3827 τις
2169 3763 2278 3817 τῶν
2296 3764 2392 3836 τῆς
2415 3765 2817 3835 φύσεως.Ὧστε
2833 3766 2932 3819 οὐκ
2952 3764 3066 3817 ἐστι
3084 3764 3226 3836 κακὴ
3250 3763 3434 3833 φύσις,
3452 3755 3567 3813 ἀλλά

323 3864 429 3919 est,
462 3854 515 3910 ld
558 3856 704 3925 quod
736 3866 942 3911 naturae
968 3854 1300 3910 contrarium
1332 3864 1436 3919 est,
1464 3870 1695 3926 eamque
1719 3857 1800 3923 pri

2086 3852 2257 3930 ἱτοτῇ
2308 3857 2468 3928 φύσει
2503 3856 2690 3923 κακὸν,
2726 3857 2786 3911 τὸ
2822 3858 3103 3911 ἀδυνατεῖν
3144 3856 3213 3910 τὰ
3248 3856 3347 3927 τῆς
3380 3849 3564 3911 οἰκείας

323 3948 440 4006 suis
506 3934 885 4005 naturalibus.
928 3947 1044 4004 Non
1086 3957 1170 4003 est
1217 3948 1401 4017 itaque
1458 3958 1655 4003 natura
1724 3964 1801 4002 ma

1110 3957 1170 4002 :st
1217 3948 1401 4017 itaque
1458 3958 1655 4003 natura
1724 3949 1890 4014 mala;
2009 3948 2225 4018 φύσεως
2246 3950 2505 4005 ἐκτελεῖν.
2586 3936 2588 3941 ’

323 4044 419 4099 sed
485 4044 589 4099 hoc
660 4054 869 4098 natura:
942 4042 1143 4096 malum
1208 4050 1292 4094 cst
1364 4042 1506 4110 quod
1585 4057 1703 4096 eam
1766 4043 2021 4111 impotem
2068 4042 2278 4107 \Vreddit
2344 4043 2595 4114 explendi
2658 4059 2722 4098 ea
2790 4058 2911 4114 qua:
2974 4051 3103 4109 sunt
3175 4050 3385 4096 natura:l
3457 4052 3563 4108 pro-

324 4137 465 4207 pria.
2318 4130 2321 4131 ⁷

1770 4248 2111 4324 gxxvu.

401 4440 600 4494 Vennn
663 4451 763 4495 nec
823 4436 876 4489 in
926 4434 1243 4503 corporibus
1289 4436 1489 4490 malum
1549 4444 1652 4490 est.
1713 4433 1879 4489 Ρωάί-

2084 4431 2219 4487 ‘AD.’
2242 4431 2363 4486 οὐδὲ
2411 4435 2469 4487 ὲν
2518 4432 2734 4504 σώμασι
2780 4433 2843 4486 τὸ
2893 4432 3079 4486 κακόν.
3118 4426 3313 4501 Δῐσχος
3340 4430 3448 4501 γάρ
3484 4429 3560 4483 καὶ

328 4542 413 4587 tas
461 4530 607 4587 enim
649 4538 706 4583 et
755 4528 977 4582 morbus
1031 4526 1274 4582 defectus
1319 4527 1540 4597 quidam
1571 4527 1757 4583 forma:
1785 4543 1806 4580 ε

2084 4546 2155 4591 τος
2204 4527 2437 4599 ἔλλειψις
2471 4524 2648 4593 εἴδους
2685 4529 2778 4582 καὶ
2831 4527 3085 4600 στέρησις
3118 4526 3328 4593 τάξεως
3374 4543 3389 4557 ·
3426 4524 3562 4581 τοῦτο

326 4624 648 4693 ordinisque
703 4620 972 4691 privatio;
1032 4619 1163 4674 illud
1213 4628 1394 4675 autem
1437 4634 1544 4675 non
1587 4634 1896 4689 usquequa-

328 4733 432 4787 que
459 4716 661 4771 malum
692 4722 800 4778 est,
824 4714 918 4768 sed
946 4713 1124 4767 minus
1151 4713 1472 4782 pulchrum;
1500 4729 1623 4767 nam
1655 4714 1700 4768 si
1728 4713 1897 4769 omni-

329 4814 487 4867 moda
522 4806 944 4878 pulchritudinis
974 4816 1029 4862 et
1073 4805 1261 4860 formae
1287 4807 1602 4876 ordinisque
1635 4806 1895 4862 resolutio

329 4907 443 4968 Iiat,
500 4904 675 4974 ipsum
736 4917 955 4972 quoque
1000 4915 1196 4969 corpus
1221 4890 1381 4970 371
1413 4898 1681 4955 interibit.
1739 4898 1894 4964 Quod

326 5007 508 5051 autem
533 5010 733 5061 corpus
786 4994 982 5048 anima:
1044 5010 1149 5048 non
1197 4996 1270 5049 sit
1322 5008 1484 5048 causa
1537 4990 1778 5054 malitiae,
1808 4990 1891 5045 vel

326 5105 395 5143 ex
421 5103 488 5143 eo
508 5096 745 5153 constat,
776 5087 1035 5156 quoniam
1066 5086 1233 5140 etiam
1264 5085 1382 5139 sine
1419 5097 1650 5152 corpore
1686 5081 1888 5141 malitia

324 5183 501 5251 possit
540 5182 704 5237 alicui
762 5181 1060 5241 adbzerere,
1131 5178 1274 5247 utin
1336 5177 1674 5235 daemonibus
1716 5183 1897 5247 patet;

325 5272 593 5343 siquidem
626 5273 679 5326 id
717 5288 871 5341 reque
906 5269 1191 5340 spiritibus
1220 5280 1383 5339 atque
1416 5269 1705 5347 animabus
1736 5284 1899 5338 quam

2001 4622 2059 4675 δὲ
2087 4622 2147 4675 οὐ
2198 4622 2375 4692 πάντη
2427 4620 2614 4685 κακὸν,
2643 4619 2757 4673 ἀλλ’
2782 4614 2943 4692 ἦττον
2981 4618 3143 4672 καλὸν
3165 4634 3179 4647 ·
3229 4620 3278 4671 εί
3310 4617 3421 4690 γὰρ
3446 4631 3560 4670 παν-

2000 4715 2161 4787 τελὴς
2210 4714 2420 4784 γένοιτο
2465 4713 2619 4778 λύσις
2680 4712 2908 4777 κάλλους
2955 4714 3025 4777 ⁸⁷,
3073 4712 3167 4767 καὶ
3219 4705 3436 4776 εἴδους,
3486 4707 3563 4763 καὶ

1999 4806 2224 4872 τάξεως,
2251 4806 2531 4877 οἰχήσεται
2562 4806 2656 4859 καὶ
2704 4804 2834 4858 αὐτὸ
2876 4803 2943 4859 τὸ
2980 4804 3158 4876 σῶμα.
3194 4805 3333 4858 "Ott
3356 4803 3415 4856 δὲ
3460 4798 3559 4853 οὐδὲ

2001 4899 2196 4961 κακίας
2215 4897 2384 4952 αἴτιον
2399 4900 2465 4968 τῇ
2497 4897 2643 4969 ψυχῇ
2666 4898 2707 4929 ³⁸
2720 4897 2782 4959 τὸ
2798 4896 2975 4967 σῶμα,
2992 4897 3149 4967 δῆλον
3169 4897 3234 4957 ὲκ
3247 4895 3342 4949 τοῦ
3361 4891 3560 4967 δυνατὸν

2000 4987 2137 5043 εἶναι
2161 4990 2255 5043 καὶ
2279 4990 2404 5043 ἄνευ
2424 4988 2669 5060 σώματος
2691 4988 3130 5061 παρυφίστασθαι
3156 4988 3376 5050 κακίαν,
3395 4988 3558 5053 ὥσπερ

2005 5082 2061 5133 ὲν
2088 5081 2302 5153 δαίμοσι
2321 5098 2335 5111 ο
2358 5079 2515 5134 τοῦτο
2532 5082 2639 5152 γάρ
2659 5082 2774 5132 ἐστι
2801 5081 2841 5111 ⁸⁸
2867 5081 2962 5133 καὶ
2986 5081 3116 5144 νοῖς,
3134 5080 3227 5133 καὶ
3247 5079 3465 5149 ψυχαῖς,
3484 5073 3557 5129 καὶ

2009 5171 2225 5244 σώμασι
2247 5173 2434 5238 κακὸν,
2458 5173 2493 5243 ἡ
2517 5173 2615 5243 τῆς
2638 5171 2804 5240 ἕξεως
2823 5171 2931 5225 τῶν
2952 5171 3168 5225 οἰκείων
3181 5170 3401 5240 ἀγαθῶν
3422 5166 3556 5225 ἀσθέ-

2008 5282 2126 5319 νεια
2160 5264 2255 5318 καὶ
2278 5265 2617 5329 ἀπόπτωσις.

324 5364 645 5432 corporibus
675 5364 874 5418 malum
931 5370 1036 5428 est,
1066 5361 1114 5417 si
1150 5354 1527 5425 inﬁrmentur,
1548 5369 1602 5416 et
1635 5361 1701 5414 de
1730 5359 1997 5413 bonorum
2026 5373 2251 5413 suorum
2279 5365 2422 5413 statu
2457 5357 2835 5413 deturbentur.

1599 5512 1839 5570 VAle
1873 5511 2282 5569 LECTIONES.

396 5637 447 5708 ⁸⁸9
470 5637 678 5708 φῶμεν.
750 5639 789 5668 ¹¹
814 5636 904 5690 τὸν
935 5637 1092 5708 ἀέρας
1128 5639 1221 5692 καὶ
1250 5638 1361 5703 τόν,
1387 5637 1454 5692 Μ.
1535 5640 1575 5669 ¹¹
1607 5636 1835 5708 ἀνέλοις,
1863 5635 1925 5691 D.

332 5704 386 5758 in
416 5704 493 5762 Ι).
514 5704 572 5761 8.

332 5777 377 5810 ³⁸
405 5780 522 5833 ἐστι
551 5793 658 5835 non
689 5786 771 5835 est
799 5779 852 5834 iu
881 5778 955 5834 M.

751 5655 789 5668 ³·
814 5655 904 5690 τον
935 5655 998 5691 αε
1038 5655 1092 5703 αι
1128 5655 1221 5692 και
1250 5655 1361 5703 τον,
1388 5655 1454 5692 Μ.
1535 5655 1574 5669 ι-
1607 5655 1835 5699 ανελοις,
1863 5655 1925 5691 υ.
2038 5655 2080 5668 η
2111 5655 2334 5708 ανορειοπ

690 5708 732 5738 ¹⁸
759 5708 854 5781 καὶ
880 5708 940 5781 to
966 5655 1034 5781 ἐξ
1064 5710 1183 5781 μέν,
1212 5708 1267 5765 S.
1300 5710 1392 5764 καὶ
1427 5708 1485 5762 τὸ
1525 5709 1645 5762 τάδε
1708 5706 1845 5763 κατὰ
1881 5705 2062 5776 φύσιν,
2103 5707 2241 5771 τόδε,
2277 5706 2334 5762 Ρ.

2037 5636 2081 5668 ⁸³
2111 5636 2371 5708 ἀνδρεζον,
2403 5636 2463 5690 D.
2494 5635 2550 5690 P.
2597 5707 2600 5708 ν
2662 5638 2703 5708 ¹ν¹⁵
2727 5636 3032 5692 ὑλακτικόν.
3140 5635 3183 5708 ξ’
3216 5635 3316 5707 τήν
3363 5648 3464 5708 non
3489 5636 3552 5708 es!

2455 5709 2495 5739 ’7
2524 5707 2707 5773 καλοῦ,
2737 5708 2805 5763 Μ.
2864 5782 2865 5785 η
2890 5709 2929 5741 ’⁸
2957 5706 3217 5787 articulus
3243 5698 3391 5764 d'ccst
3420 5704 3467 5757 in
3497 5698 3557 5782 Μ.
