3742 6342
40 339 193 398 τερ
1196 340 1285 395 ne
1317 334 1569 398 DtVlNlS
1598 337 1997 407 somnusue,
2031 338 2181 400 CAP.
2222 340 2310 396 tv.
3268 353 3414 414 που

861 461 865 465 ’
1554 480 1582 553 §
1626 478 1920 541 xxvnt.

160 651 237 705 ’Δ
249 652 343 705 λλ’
369 650 490 706 οὐδὲ
534 649 597 703 τὸ
647 647 1109 721 πολυθρύλλητον·
1146 666 1166 700 ι
1208 648 1294 701 Ἐν
1340 647 1439 719 ὕλῃ
1486 646 1548 700 τὸ
1592 663 1638 700 κε

1904 646 1973 702 ed
2026 660 2204 715 neque
2255 645 2443 701 tritutn
2495 645 2670 702 illud:
2707 665 2725 698 ι
2769 637 2826 701 in
2878 646 3105 703 materia
3161 652 3382 707 malunt.

41 743 204 807 θεὸν,
265 744 349 808 ὥς
390 760 542 814 φασι,
572 742 694 795 καθ’
720 742 749 795 ὃ
778 741 878 812 ὕλη
900 758 913 770 ο
945 761 964 793 ι
1001 743 1095 795 καὶ
1126 740 1236 810 γάρ
1286 741 1381 794 καὶ
1420 741 1519 795 αὐτ

1905 739 2075 805 aiunt,
2110 750 2382 807 quatenus
2433 738 2659 793 materia
2724 752 2837 805 est;
2886 757 2906 792 ι
2969 756 3091 795 nam
3155 750 3209 797 et
3267 744 3379 811 ipsa

40 832 318 907 κόσμου
378 837 474 891 καὶ
532 834 758 898 κάλλους
815 837 911 887 καὶ
966 833 1140 897 εἴδους
1211 832 1324 904 ἔχει
1386 849 1518 904 μετολ

2027 830 2216 885 ,οόίιιίδ
2240 841 2296 884 et
2338 841 2567 887 ornatus
2626 831 2919 901 formaque
2979 835 3040 887 tit
3086 834 3413 903 particeps..
3502 872 3505 876 -

40 927 127 981 Εἰ
197 928 279 981 δὲ
311 929 524 982 τούτων
555 926 712 991 ἐκτὸς
739 921 874 980 οὖσα
900 928 937 998 ἡ
960 926 1083 997 ῦλη,
1113 924 1236 979 καθ’
1275 925 1472 996 ἑαυτὴν
1507 927 1518 979 i

1932 930 2092 974 uitem
2144 934 2391 975 seorsum
2450 922 2517 975 ab
2564 921 2650 976 his
2700 931 2893 992 suapte
2943 931 3136 978 natura
3206 934 3410 984 mute.

37 1014 205 1071 ἐστι
247 1021 357 1073 καὶ
381 1017 635 1081 ἀνείδεος,
664 1017 783 1081 πῶς
810 1020 957 1071 ποιεῖ
980 1035 1033 1070 τι
1066 1018 1099 1087 ὴ
1134 1017 1255 1089 ὕλη,
1290 1018 1323 1087 ή
1353 1017 1515 1089 μηδὲῆ

1928 1011 2243 1081 qualitatem
2305 1012 2503 1067 nullam
2552 1013 2901 1083 speciemque
2950 1015 3183 1081 obtinet,
3244 1032 3380 1087 quo-

42 1128 253 1182 σχειν
279 1111 544 1166 δύνασθαι
574 1110 697 1164 καθ’
726 1111 924 1182 ἑαυτὴν
946 1111 1145 1182 ἔχουσα
1166 1127 1181 1175 ;
1206 1109 1415 1175 Ἄλλως
1441 1127 1520 1175 τε,

1947 1116 2103 1178 pacto
2128 1109 2353 1163 materia
2377 1109 2671 1181 quidquam
2702 1120 2850 1180 agat,
2874 1123 2994 1178 qua!
3012 1124 3111 1164 nec
3130 1109 3182 1164 id
3205 1111 3380 1182 ipsum
3406 1157 3409 1166 .

36 1205 82 1273 ἡ
110 1202 252 1276 ὕλη
283 1203 458 1258 κακόν
482 1219 496 1269 ;
526 1203 588 1256 Ei
619 1203 717 1273 μὲν
740 1202 850 1275 γάρ
869 1203 1080 1274 οὐδαμῆ
1102 1202 1352 1272 οὐδαμῶς
1374 1204 1514 1256 ἐστιν

1939 1199 2121 1261 habet,
2147 1210 2207 1252 nt
2229 1201 2337 1268 pati
2367 1202 2537 1270 possit
2560 1199 2583 1253 Υ
2611 1199 2900 1268 Ρτιειοτθιι,
2927 1216 3170 1270 quonam
3195 1184 3366 1259 modo
3402 1260 3410 1273 ,

38 1295 311 1364 ἀγαθὸν
342 1294 465 1348 οὔτε
490 1295 691 1348 κακόν·
728 1296 778 1348 εί
802 1295 861 1347 δέ.
886 1312 1003 1358 πως
1039 1294 1119 1359 ὃν,
1148 1293 1221 1347 τά
1250 1294 1309 1346 δὲ
1351 1293 1483 1348 ὄντα
1513 1318 1516 1330 ι

1928 1292 2023 1353 :ria
2050 1293 2249 1346 malum
2294 1292 2486 1348 sit?Si
2518 1293 2665 1348 enim
2714 1294 3033 1363 neutiquam
3081 1278 3406 1369 nusquam-i

41 1389 127 1440 ὲκ
164 1385 464 1454 τάγαθοῦ,
490 1386 584 1438 καὶ
612 1385 748 1456 αὐτὴ
772 1388 836 1438 ὲκ
879 1383 974 1438 τοῦ
1011 1383 1217 1453 ἀγαθοῦ
1248 1383 1316 1437 ἂν
1338 1384 1446 1456 εἴη,
1476 1403 1519 1439 κε

1939 1393 2045 1453 est,
2106 1400 2284 1453 neque
2338 1386 2538 1440 bonum
2615 1402 2794 1457 neque
2875 1386 3078 1443 malum
3130 1400 3257 1453 est;
3292 1390 3408 1463 sin;

40 1480 122 1533 τὸ
172 1479 408 1548 ἀγαθὸν
427 1477 521 1532 τοῦ
543 1476 714 1530 κακοῦ
731 1475 1030 1547 ποιητικὸν,
1057 1475 1091 1547 ἢ
1114 1476 1175 1528 τὸ
1194 1475 1383 1539 κακὸν,
1405 1476 1518 1540 ὠςέ

1946 1479 2442 1547 quomodocunque
2470 1478 2872 1548 est,umniaque
2900 1494 3020 1549 quae
3049 1488 3265 1542 sunt,ex
3292 1480 3409 1551 bo-,

44 1572 308 1641 ἀγαθοῦ
349 1571 409 1625 ὃν
438 1613 452 1637 ,
486 1570 687 1641 ἀγαθόν
712 1588 726 1600 θ
763 1570 796 1641 ἢ
824 1570 884 1622 τὸ
913 1569 1083 1624 κακὸν
1111 1567 1206 1622 τοῦ
1246 1569 1452 1638 ἀγαθοῦ
1477 1588 1522 1623 πε

1927 1582 2047 1637 unt;
2094 1570 2282 1639 utique
2334 1570 2500 1626 etiam
2532 1571 2645 1642 ipsa
2673 1588 2743 1628 ex
2768 1573 2914 1629 bono
2952 1575 3081 1641 erit,
3109 1584 3274 1645 atque
3303 1575 3405 1645 ita,

44 1667 198 1728 κδν,
233 1665 271 1736 ἢ
310 1666 410 1719 καὶ
433 1665 494 1718 τὸ
525 1664 749 1736 ἀγαθὸν,
784 1662 862 1727 ὡς
899 1664 965 1715 ὲκ
1014 1660 1109 1715 τοῦ
1144 1661 1340 1728 κακοῦ,
1392 1664 1522 1717 κακέ

1908 1662 2107 1717 bonum
2153 1662 2353 1719 malum
2380 1661 2561 1730 allicit,
2593 1664 2678 1719 vel
2711 1677 2862 1721 certe
2917 1667 3139 1729 malum,
3179 1675 3372 1737 quate-

43 1758 165 1811 δῦο
201 1754 319 1811 α.ὖο
330 1776 379 1821 ις
398 1758 585 1828 ἀρχαὶ,
612 1758 707 1810 καὶ
731 1751 888 1810 αὗται
909 1754 1077 1826 ἄλλης
1100 1756 1229 1825 μιᾶς
1256 1755 1521 1827 ὲξημμένι

1928 1766 1984 1806 ex
2013 1753 2157 1806 bono
2186 1763 2290 1820 est,
2331 1754 2534 1809 bonum
2563 1755 2695 1820 erit,
2724 1756 2826 1810 nisi
2862 1756 3001 1811 forte
3026 1757 3230 1812 malum
3278 1759 3406 1817 bo-.

46 1851 294 1920 ρ-δφῆς.
332 1850 396 1902 Ei
423 1848 479 1902 δὲ
510 1847 813 1917 ἀναγκαίαν
843 1848 975 1917 φασὶ
993 1847 1092 1917 τὴν
1132 1845 1263 1917 ὓλην
1284 1847 1420 1919 πρὸς
1440 1865 1524 1919 συε

1903 1863 1916 1897 ι
1950 1845 2135 1909 faciat,
2159 1848 2406 1915 adeoque
2432 1848 2632 1903 bomnn
2659 1889 2675 1914 ,
2705 1860 2976 1920 quatenus
2999 1866 3063 1906 ex
3097 1852 3242 1907 malo
3269 1862 3380 1915 est,

51 1959 258 2012 ρωςιν
292 1939 393 1995 τοῦ
432 1940 628 2005 παντὸς
652 1940 880 2011 κόσμου,
916 1937 1034 2002 πῶς
1075 1940 1108 2010 ἡ
1156 1937 1255 2011 ὕλη
1298 1940 1507 2005 κακόν;

1900 1954 1988 1991 nm
2034 1938 2124 1995 sit.
2161 1937 2253 2013 Vel
2309 1939 2531 2003 iterum,
2578 1940 2689 1997 duo
2736 1952 2863 2013 sunt
2932 1944 3197 2013 principia
3251 1959 3375 2014 qua:

44 2000 188 2105 γὰρ
223 2034 293 2088 τὸ
324 2034 518 2097 κακὸν,
546 2000 644 2087 καὶ
679 2000 807 2085 ἄλλο
857 2000 917 2084 ἰδ
963 2000 1259 2099 ἀναγκαῖον
1285 2033 1351 2084 ³⁸.
1400 2000 1522 2097 Πῶς

1925 2036 2017 2083 net
2060 2030 2129 2084 ab
2158 2012 2265 2083 uno
2287 2029 2475 2099 aliquo
2500 2000 2613 2085 alio
2632 2010 2818 2102 capite
2851 2000 3186 2102 dependent.
3249 2000 3403 2099 iam,

46 2124 297 2191 ἀγαθὸς
333 2126 398 2177 ὲκ
424 2123 517 2177 τοῦ
568 2122 739 2176 κακοῦ
784 2122 1023 2193 παράγει
1072 2122 1194 2175 τινὰ
1244 2122 1380 2193 πρὸς
1430 2124 1524 2192 γέν

1903 2137 1914 2173 t
1961 2121 2005 2175 si
2069 2121 2349 2174 materiam
2427 2123 2495 2176 ad
2549 2124 2788 2177 universi
2848 2114 3381 2181 coasummationem

44 2216 86 2286 ἢ
160 2217 306 2279 πῶς
364 2216 529 2271 κακὸν
592 2216 653 2269 τὸ
712 2215 806 2269 τοῦ
853 2213 1057 2284 ἀγαθοῦ
1101 2214 1398 2286 δεόμενον;
1490 2234 1522 2286 φ

1897 2210 2150 2265 θεειπίεηι
2169 2211 2335 2267 fuisse
2358 2212 2563 2279 dicant,
2605 2216 2882 2285 quomodo
2913 2218 3142 2272 materia
3174 2219 3375 2273 malum

45 2300 182 2378 γὰρ
216 2307 329 2377 τὴν
359 2306 452 2359 τοῦ
509 2306 715 2375 ἀγαθοῦ
761 2305 924 2375 φύσιν
950 2304 1012 2358 τὸ
1049 2304 1237 2359 κακόν.
1287 2304 1413 2371 Πῶς
1433 2306 1523 2359 δὲί

1913 2303 2058 2357 aliud
2084 2305 2228 2357 enim
2249 2312 2335 2357 est
2363 2306 2564 2360 malum
2620 2321 2765 2371 esse,
2802 2309 2949 2363 aliud
2983 2312 3373 2367 necessarium.

45 2402 162 2454 καὶ
198 2399 409 2472 τρέφει
455 2399 554 2471 τὴν
598 2399 759 2470 φύσιν
815 2400 848 2471 ἡ
890 2398 992 2471 ῦλη
1040 2397 1185 2470 κακὴ
1231 2394 1414 2465 οὔσας
1454 2400 1516 2454 τὸ

1895 2397 2069 2451 nnodo
2099 2408 2280 2450 autem
2310 2398 2484 2456 bonus
2504 2398 2687 2468 aliqua
2716 2417 2782 2455 ex
2833 2400 2975 2456 malo
3003 2404 3236 2474 gignat?
3278 2413 3373 2459 aut

46 2494 284 2555 κακὸν,
403 2491 447 2523 ¹¹
476 2495 665 2555 κακὸν,
689 2490 903 2554 οὐδενός
940 2491 1058 2543 ἐστι
1106 2490 1443 2561 γεννητικὸν,
1486 2491 1518 2562 ἢ

1922 2489 2056 2541 nodo
2083 2486 2282 2541 malum
2314 2488 2383 2542 sit
2409 2488 2462 2542 id
2491 2491 2635 2557 quod
2666 2491 2807 2545 bono
2834 2493 3207 2547 necessarium
3238 2506 3318 2549 est
3350 2474 3400 2549 ?il

46 2584 306 2647 πτικὸν,
340 2584 373 2654 ἢ
401 2583 538 2647 ὅλως
580 2582 884 2655 ποιητικὸν,
915 2582 949 2652 ἢ
991 2581 1277 2635 σωστικόν.
1326 2583 1390 2635 Ei
1421 2582 1477 2636 δὲ
1498 2600 1524 2651 ιε

1889 2595 1977 2648 ipe
2003 2579 2207 2634 malum
2247 2580 2371 2635 boni
2422 2591 2674 2635 naturam
2719 2582 2873 2652 fugit.
2908 2583 3189 2649 Quomodo
3241 2602 3367 2643 vero

45 2676 255 2747 αὐτὴν
292 2675 393 2746 μὲν
419 2677 479 2728 οὐ
521 2678 693 2730 ποιεῖν
720 2676 915 2729 κακίαν
944 2677 1003 2728 ὲν
1034 2676 1251 2748 ψυχαῖς,
1268 2673 1523 2743 ὲφέλκεσθ

1898 2672 2009 2726 eria
2050 2682 2307 2726 naturam
2354 2673 2528 2742 gignit
2605 2687 2668 2728 ac
2738 2673 2934 2741 nutrit,
2966 2674 3012 2728 si
3067 2676 3205 2729 mala
3238 2676 3376 2731 est?

44 2769 279 2831 αὑτὰς,
328 2766 445 2831 πῶς
474 2767 627 2821 ἔσται
658 2768 817 2823 τοῦτο
842 2768 1040 2840 ἀληθές
1073 2785 1088 2835 ;
1123 2767 1315 2831 πολλαὶ
1344 2767 1453 2839 γὰρ
1498 2785 1522 2820 α

1894 2780 1981 2818 um
2031 2763 2196 2832 enim,
2222 2780 2328 2837 qua
2355 2774 2507 2834 parte
2535 2766 2734 2819 malum
2764 2778 2868 2830 est,
2904 2766 3039 2821 nihil
3072 2766 3249 2837 gignit
3274 2779 3372 2822 aut

44 2865 139 2925 εἰς
162 2861 246 2913 τὸ
278 2860 482 2928 ἀγαθὸν
511 2859 768 2931 βλέπουσι
792 2861 856 2915 ⁸³.
890 2861 1085 2915 Καίτοι
1126 2860 1245 2925 πῶς
1281 2860 1491 2927 ἐγίνετο
1521 2885 1522 2889 π

1884 2859 1975 2924 rit,
2007 2857 2241 2914 eliicitve
2296 2867 2391 2912 aut
2426 2858 2623 2912 salvat.
2676 2857 2829 2925 Quod
2884 2860 2931 2914 si
2973 2860 3178 2925 dicant,
3240 2875 3361 2914 eam

43 2954 163 3024 τῆς
199 2953 348 3024 ὕλης
368 2953 585 3017 πάντως
611 2952 782 3016 αὐτὰς
806 2954 886 3017 είς
920 2952 981 3005 τὸ
1032 2952 1204 3007 κακὸν
1257 2950 1521 3021 ὲφελκομέ

1891 2954 1997 3009 lem
2055 2952 2109 3007 in
2179 2952 2467 3007 animabus
2525 2951 2788 3006 malitiam
2849 2967 2954 3008 non
3008 2952 3369 3025 prOgignere,

49 3046 254 3099 Ἱὶστε
274 3046 380 3099 οὐκ
404 3044 465 3110 ἐξ
479 3045 610 3117 ὕλης
638 3048 698 3100 ὲν
716 3046 915 3117 ψυχαῖς
936 3046 997 3100 τὸ
1016 3045 1204 3109 κακὸν,
1223 3044 1338 3100 ἀλλ’
1359 3044 1418 3111 ἐξ
1438 3046 1527 3099 ἀτά

1911 3045 1976 3099 ad
2039 3043 2302 3098 malitiam
2348 3058 2442 3098 eas
2488 3043 2772 3110 instigare,
2806 3058 3043 3112 quonam
3104 3045 3264 3098 modo
3316 3048 3368 3099 id

48 3140 157 3193 καὶ
194 3138 317 3210 πλη
329 3138 567 3209 μμελοῦς
620 3140 889 3211 κινήσεως
926 3140 992 3192 ’⁸.
1024 3140 1088 3195 Ei
1118 3138 1176 3195 δὲ
1200 3138 1297 3192 καὶ
1334 3137 1492 3191 τοῦτό
1522 3159 1526 3182 ‹

1906 3155 1967 3191 un
1997 3137 2146 3192 erit?
2169 3152 2291 3191 cum
2344 3150 2409 3190 ex
2442 3135 2508 3189 iis
2564 3136 2814 3205 plurima:
2859 3139 3060 3192 bomnn
3091 3138 3384 3208 spectent.

45 3234 117 3301 τῇ
158 3230 283 3303 ὖλῃ
308 3232 522 3295 πάντως
537 3230 787 3296 ἕπεσθαι,
820 3232 919 3285 καὶ
966 3231 1239 3300 ἀναγκαία
1264 3232 1298 3302 ἡ
1318 3230 1523 3285 ἀστατο

1894 3229 1972 3295 υἱ,
1997 3246 2233 3300 quonam
2261 3239 2420 3300 pacto
2450 3227 2501 3281 id
2522 3228 2638 3282 lieri
2673 3229 2957 3297 potuisset,
2992 3230 3035 3282 si
3071 3231 3136 3283 ad
3168 3232 3370 3285 malum

46 3328 173 3388 τοῖς
193 3323 523 3391 sesama»;
554 3322 800 3395 ἱδρῦσθαι
832 3324 906 3396 μὴ
926 3323 1261 3394 δυναμένοις,
1286 3322 1404 3387 πῶς
1423 3323 1483 3376 τὸ
1499 3341 1524 3377 κ

1915 3324 2141 3377 materia
2194 3338 2418 3393 prorsus
2458 3322 2798 3376 inclinaret?
2848 3323 3211 3388 Quamobrem
3250 3340 3365 3378 Ina-

47 3417 396 3483 ἀναγκαῖον,
428 3414 548 3485 me
575 3416 871 3484 ἀναγκαῖον
891 3416 1058 3471 κακόν
1083 3432 1099 3481 ;

1931 3413 1984 3468 in
2040 3414 2323 3468 animabus
2351 3428 2454 3466 non
2483 3412 2700 3468 exsistit
2743 3429 2808 3468 ex
2849 3418 3072 3470 materia
3098 3458 3114 3482 ,
3151 3416 3248 3471 sed
3300 3432 3368 3471 ex

53 3508 393 3563 inordinate
432 3508 667 3575 quodam
726 3516 783 3561 et
852 3516 1117 3577 peccante
1179 3516 1353 3562 ntotn.
1400 3506 1557 3574 Quod
1611 3506 1659 3561 si
1718 3506 2060 3570 dicant,eas
2110 3504 2333 3558 omnino
2398 3504 2551 3574 sequi
2596 3507 2905 3568 materiam,
2967 3517 3131 3576 atque
3198 3502 3387 3560 male;

55 3602 215 3653 riam
250 3599 402 3654 illam
447 3600 753 3656 instabilem
785 3601 854 3657 iis
884 3616 1004 3657 esse
1044 3602 1409 3658 necessariam
1439 3641 1455 3666 ,
1487 3602 1577 3671 qui
1606 3601 1660 3654 in
1695 3600 2003 3670 semetipsis
2034 3598 2338 3654 consistere
2375 3611 2483 3652 non
2541 3605 2807 3667 possunt;
2838 3613 3073 3668 quanam
3158 3598 3336 3658 ration
3355 3598 3379 3652 ε

56 3699 285 3752 malum
340 3699 413 3753 sit
436 3700 851 3756 necessarium?
893 3698 977 3755 vel
1001 3700 1274 3769 quomodo
1312 3698 1364 3753 id
1391 3699 1533 3770 quod
1559 3698 1924 3753 necessarium
1959 3708 2044 3752 est
2079 3696 2151 3752 sit
2188 3695 2389 3750 malum
2419 3695 2443 3749 ?

1554 3861 1582 3933 ς
1621 3857 1859 3920 xx1x.

146 4025 303 4081 Ἀλλ’
354 4023 477 4079 οὐδὲ
520 4025 700 4090 τοῦτο,
727 4027 756 4080 ὅ
799 4044 1001 4099 φαμεν,
1053 4030 1089 4100 ή
1129 4027 1385 4099 στέρησις
1414 4026 1555 4082 κατά
1586 4026 1624 4082 δε

1897 4023 1963 4078 ed
2013 4036 2188 4091 neque
2242 4021 2498 4082 dicimus,
2547 4018 2910 4090 privationem
2961 4017 3013 4071 vi
3065 4030 3165 4070 sua
3221 4015 3367 4070 bono

54 4136 241 4190 ναμιν
294 4117 501 4171 οἰκείαν
552 4119 781 4189 μάχεται
828 4117 908 4190 τῷ
957 4118 1146 4189 ἀγαθῷ
1168 4135 1184 4150 ⁸
1234 4120 1269 4190 ἡ
1314 4118 1425 4190 γὰρ
1474 4136 1532 4173 πε

1886 4131 2119 4186 ngnare.
2163 4129 2288 4169 nam
2319 4111 2635 4169 omnimoda
2692 4110 2913 4183 quidem
2945 4108 3181 4179 privatio
3208 4122 3364 4177 pror-

55 4212 163 4284 λὴς
221 4210 505 4282 στέρησις,
548 4211 776 4265 καθόλου
824 4212 1130 4283 ἀδύναμος·
1177 4212 1210 4282 ἡ
1249 4211 1308 4265 δὲ
1352 4210 1533 4282 μερικί

1920 4211 2187 4278 impotens
2242 4215 2350 4271 est;
2411 4205 2662 4274 partialls
2722 4218 2852 4258 vero
2901 4218 3009 4259 non
3064 4200 3362 4257 secundum

58 4305 193 4359 καθ’
221 4304 251 4356 ὃ
278 4302 554 4375 στέρησις,
586 4303 702 4375 ἔχει
742 4304 843 4377 τὴν
876 4304 1123 4376 δύναμιν,
1172 4304 1309 4359 ἀλλά
1356 4306 1479 4359 καθ’
1511 4306 1536 4358 ὃ

1884 4303 1932 4373 2
1958 4301 2101 4372 quod
2134 4299 2373 4369 privatio
2413 4308 2498 4351 est
2526 4298 2632 4350 vim
2683 4297 2874 4359 habet,
2912 4293 3007 4350 sed
3056 4294 3362 4348 secundum

56 4395 351 4465 παντελής
386 4396 499 4447 ἐστι
524 4396 799 4467 στέρησις.
844 4398 1165 4469 Στερήσεως
1188 4396 1301 4470 γάρ
1332 4396 1431 4451 τοῦ
1461 4398 1532 4467 ἀγ

1886 4395 1915 4450 tl
1949 4408 2055 4448 non
2086 4402 2170 4447 est
2202 4391 2511 4446 omnimoda
2547 4391 2802 4460 privatiu.
2868 4388 2925 4443 Si
2960 4387 3108 4443 enim
3151 4386 3223 4440 sit
3245 4387 3364 4455 pri-

60 4487 308 4560 μερικῆς
325 4484 512 4558 οὔσης,
529 4485 682 4540 οῦπω
705 4488 871 4541 κακόν
890 4505 903 4519 ο
934 4489 1029 4542 καὶ
1050 4488 1371 4561 γενομένης,
1395 4489 1538 4560 καὶὴ

1877 4504 1917 4543 10
1949 4486 2072 4542 boni
2099 4485 2371 4557 partialis,
2404 4488 2644 4540 nondum
2673 4485 2876 4538 malum
2910 4495 3026 4550 est;
3051 4492 3109 4538 et
3137 4483 3185 4540 si
3205 4481 3355 4537 facta

58 4582 248 4658 κακοῦ
277 4580 441 4651 φύσις
462 4581 786 4654 ἀπελήλυθε.

1765 4583 1861 4647 sit,
1881 4580 1992 4651 iam
2020 4582 2185 4648 etiam
2213 4579 2341 4634 mali
2387 4588 2583 4635 natura
2617 4577 2898 4637 discessit.

1551 4742 1578 4816 ς
1615 4732 1824 4823 xxx.

129 4901 420 4956 Συνελὸντι
448 4902 504 4957 δὲ
533 4904 718 4973 φάναι.
746 4906 806 4958 τὸ
845 4905 1048 4976 ἀγαθὸν
1087 4907 1152 4959 ὲκ
1189 4906 1290 4976 τῆς
1323 4907 1451 4977 μιᾶς
1481 4907 1526 4939 ⁸³
1553 4924 1607 4960 κο

1874 4908 1936 4962 ed
1965 4914 2023 4962 ut
2082 4906 2396 4963 summatim
2439 4903 2641 4969 dicam,
2674 4904 2876 4959 bonum
2913 4919 2981 4958 ex
3042 4920 3149 4960 una
3204 4905 3352 4960 inte-

54 4994 155 5065 τῆς
192 4993 324 5063 ὅλης
353 4994 529 5060 αἰτίας
548 5012 562 5027 ο
596 4996 657 5049 τὸ
678 4997 736 5050 δὲ
767 4998 812 5029 ⁸⁸
833 4998 1002 5051 κακὸν
1033 5000 1097 5052 ἐκ
1128 4998 1338 5052 πολλῶν
1375 4998 1469 5052 καὶ
1493 5017 1532 5069 μ

1875 5017 1956 5071 [ue
2012 5017 2176 5057 causa
2252 5001 2491 5067 exsistit,
2548 4998 2750 5055 malum
2817 5009 2999 5054 autem
3052 5014 3117 5053 ex
3169 4998 3353 5055 multis

56 5080 173 5140 κῶν
210 5086 520 5157 ἐλλείψεων.
556 5084 707 5143 Οἶδεν
732 5093 760 5144 ὁ
785 5091 917 5155 Θεὸς
953 5092 1014 5145 τὸ
1056 5092 1225 5146 κακὸν
1269 5092 1301 5165 ἢ
1350 5092 1534 5161 ἁγαθὸγ

1868 5093 2191 5163 tialibusque
2218 5092 2544 5163 defectibus.
2611 5090 2881 5161 Cognovit
2946 5088 3090 5146 Deus
3144 5090 3346 5145 malum

58 5181 156 5233 καὶ
204 5181 338 5250 παρ’
360 5179 507 5250 αὐτῷ
550 5183 605 5234 αἱ
635 5181 803 5235 αἰτίαι
839 5182 949 5237 τῶν
998 5184 1202 5247 κακῶν,
1226 5183 1484 5255 δυνάμεις
1509 5202 1534 5237 ε

1866 5194 2144 5251 tonum,‘et
2179 5200 2347 5256 penes
2397 5184 2571 5253 ipsum
2608 5184 2878 5240 malorum
2903 5198 3085 5239 causa:
3110 5184 3344 5239 virtutes

56 5269 405 5339 ἀγαθοποιοί.
438 5272 501 5324 Εἰ
528 5271 583 5324 δὲ
613 5272 658 5302 ’⁸
684 5272 745 5325 τὸ
771 5272 938 5326 κακὸν
970 5274 1161 5338 ἀΐδιον,
1194 5275 1286 5328 καὶ
1311 5275 1534 5349 δημιουρ

1875 5288 1888 5333 t
1945 5278 2225 5335 beneﬁca.
2281 5277 2433 5344 Quod
2479 5276 2525 5331 si
2587 5278 2788 5332 malum
2842 5289 3104 5333 mternum
3159 5286 3267 5341 est,
3301 5280 3353 5322 (ει

58 5358 155 5415 καὶ
184 5358 430 5426 δύναται,
455 5362 549 5415 καὶ
571 5361 707 5427 ἔστι,
744 5362 836 5416 καὶ
856 5363 976 5437 δρᾷ,
1004 5365 1166 5419 πόθεν
1205 5366 1353 5438 αὐτῷ
1382 5366 1536 5421 ταῦτα

1874 5379 1929 5437 tt,
1958 5379 2012 5426 et
2033 5379 2231 5442 potest,
2261 5378 2316 5424 et
2344 5374 2450 5435 est,
2470 5376 2524 5423 et
2552 5369 2689 5440 agit,
2725 5372 2867 5425 unde
2891 5370 2939 5425 ei
2974 5371 3091 5425 haec
3119 5364 3352 5423 omnia?

1270 5547 1288 5555 —
1371 5526 1609 5585 unus
1645 5494 2052 5588 LECTIONEs.

130 5652 181 5684 ¹⁶
212 5652 309 5735 καὶἒ
334 5656 405 5735 si,
439 5653 510 5709 Μ.
546 5725 595 5735 __
622 5657 665 5689 ¹¹
691 5656 818 5735 ἀλλο
842 5673 1058 5735 nonest
1088 5665 1139 5719 in
1167 5666 1233 5720 Μ.
1333 5669 1379 5699 ²²
1402 5669 1555 5732 καθό,
1588 5669 1658 5724 Μ.
1696 5672 1784 5727 Sc.
1911 5673 1956 5704 ”
1982 5671 2350 5726 ἀποϐλέπουσι
2485 5672 2532 5704 ’⁸
2555 5669 2668 5724 ἀλλ’
2700 5667 2759 5735 ἐξ
2785 5668 2950 5724 αὐτοῦ
2990 5672 3226 5728 ἀτάκτου
3254 5671 3347 5728 καὶ

63 5723 519 5849 ﬁrmi-Efﬁcacia
546 5725 616 5781 M-
693 5729 821 5782 ’δὲκ
865 5734 992 5804 μιᾶς
1018 5751 1120 5793 non
1158 5740 1353 5794 habent
1382 5739 1436 5793 s.
1474 5723 1655 5795 PID.
1707 5723 1781 5775 ἠ
1804 5743 1860 5797 δέ
1896 5723 2346 5801 ιιοιῖὲὲιίὶέίΜζ
2390 5742 2429 5775 ιτ
2460 5723 3342 5816 ᾖἀγαοὸνξδξ1’.ίι)ξ”ἶ⁵ἶδ’ένιίοῖι
