3742 6300
420 304 522 363 75!
1528 334 1531 339 ·
1598 307 1659 364 S.
1698 260 1995 364 leNYSll
2028 304 2490 364 AREOPAGITIE
3567 306 3647 361 722

430 444 560 481 nmn
590 443 654 481 ex
682 425 871 481 bono?
912 439 978 479 an
1020 425 1162 481 bono
1206 442 1271 482 ex
1304 427 1489 483 malo?
1532 442 1599 481 an
1633 442 1763 482 vero
1785 429 1908 482 ιλιι-ἰ(

2166 472 2167 477 η
2196 428 2291 482 τοῦ
2322 427 2526 497 ἀγαθοῦ
2553 445 2567 493 ;
2590 427 2623 498 ἢ
2653 425 2731 497 τῷ
2754 423 2942 496 ἀγαθῷ
2964 425 3030 480 ὲκ
3064 422 3158 479 τοῦ
3184 422 3400 489 κακοῦ;
3429 422 3462 493 ἦ
3490 424 3644 493 ἀμψὶν

414 534 481 573 ex
517 533 677 572 causa
708 516 859 571 alia?
902 516 1077 574 Omne
1103 520 1248 589 quod
1282 520 1580 575 secundum
1612 529 1860 574 naturam
1887 539 1892 567 4

2185 519 2352 591 ἄλλης
2370 519 2551 582 αἰτίας
2573 536 2587 583 ;
2611 519 2726 571 ΙΙᾶν
2743 516 2805 570 τὸ
2827 515 2967 570 κατά
2991 514 3155 585 φύσιν
3170 515 3227 582 ἐξ
3244 514 3437 578 αἰτίας
3458 514 3644 585 ὡρισμέ-

414 626 486 666 ex
534 610 753 664 deﬁnita
783 624 947 665 causa
995 613 1287 678 nascitur;
1340 610 1540 667 malum
1582 619 1765 666 autem
1793 611 1892 665 sic

2166 629 2194 676 ς
2222 613 2479 681 γεννᾶται
2498 629 2515 644 ο
2550 613 2598 664 εἰ
2632 611 2692 664 δὲ
2713 610 2776 664 τὸ
2819 609 2990 664 κακὸν
3017 608 3255 663 ἀναίτιον
3286 608 3392 660 καὶ
3419 606 3643 676 ἀόριστον,

413 718 491 756 sa:
522 701 594 755 sit
648 715 714 754 ac
776 702 1113 762 delinitionis
1157 718 1393 774 expers,
1431 718 1538 757 non
1585 713 1667 757 est
1698 701 1891 758 secund

2184 703 2326 758 κατὰ
2350 704 2511 774 φύσιν
2528 719 2544 733 ο
2574 702 2695 756 οὐδὲ
2721 702 2830 774 γάρ
2857 703 2916 756 ὲν
2942 702 3012 773 τῇ
3045 700 3203 771 φύσει
3226 700 3291 753 τὸ
3319 697 3479 769 παρὰ
3507 697 3643 766 φύσιν,

412 806 704 865 naturam;
748 814 924 869 neque
975 799 1120 854 cnim
1152 809 1236 855 est
1268 800 1321 854 in
1375 813 1558 854 rerum
1601 807 1821 864 natura,
1849 813 1890 868 qi

2167 797 2218 850 δὲ
2238 796 2489 867 ἀτεχνίας
2513 796 2557 828 ³⁸
2579 795 2638 848 ὲν
2661 796 2728 865 τῇ
2751 793 2914 864 τέχνῃ
2939 792 3117 861 λόγος.
3149 786 3300 862 *Αρα
3337 790 3379 860 ἠ
3416 788 3554 858 ψυχὴ
3570 788 3645 839 τῶν

410 902 602 946 contra
643 900 897 946 naturam
928 900 1046 955 est,
1094 906 1269 961 neque
1294 893 1346 946 in
1383 901 1503 947 arte
1556 891 1698 945 ratio
1728 900 1813 946 est
1839 890 1888 944 in

2151 888 2281 943 ικῶν
2308 889 2477 951 αἰτία,
2496 887 2744 959 καθάπερ
2755 887 2819 940 τὸ
2841 882 3413 958 πῦρτοῦθερμαίνειν,
3450 882 3536 933 καὶ
3550 880 3629 932 πάν

413 982 522 1036 tiae.
581 980 719 1036 Num
750 996 884 1053 ergo
936 981 1119 1036 anima
1175 982 1444 1037 malorum
1497 997 1666 1038 causa
1699 982 1791 1047 sit,
1846 980 1890 1036 si

2194 978 2275 1043 οἷς
2303 979 2368 1032 ἂν
2405 978 2707 1048 γειτνιάσῃ,
2735 975 2932 1039 κακίας
2957 970 3417 1043 ἀναπίμπλησινς
3457 967 3645 1038 ἢάγαθὴ

414 1072 555 1144 ignis
582 1088 636 1130 v.
668 1089 720 1142 ε.
775 1072 994 1138 caloris,
1028 1082 1191 1144 atque
1225 1074 1431 1139 omnia,
1465 1074 1663 1143 quibus
1700 1088 1892 1144 approp

2169 1091 2196 1126 ν
2224 1073 2258 1142 ἡ
2305 1070 2407 1141 τῆς
2428 1070 2604 1141 ψυχῆς
2628 1068 2810 1139 φύσις,
2835 1069 2955 1131 ταῖς
2987 1066 3046 1119 δὲ
3080 1062 3409 1135 ἐνεργείαις,
3441 1059 3647 1145 mdth

412 1175 566 1236 quat,
621 1164 827 1221 malitia
872 1166 1045 1236 replet
1070 1167 1095 1222 ἲ
1123 1182 1190 1222 an
1226 1181 1355 1221 vero
1376 1168 1519 1222 bona
1548 1167 1770 1238 quidem
1798 1165 1885 1220 ani

2168 1181 2265 1227 τως
2281 1161 2413 1232 ἔχει,
2454 1159 2584 1213 ποτὲ
2601 1158 2659 1213 δὲ
2685 1158 2892 1222 οὖτωςς
2921 1157 2985 1209 Εἰ
3010 1155 3108 1229 μὲν
3139 1154 3300 1224 φύσει
3330 1152 3432 1205 καὶ
3458 1150 3516 1203 τὸ
3546 1144 3646 1201 εἶναι

411 1268 629 1325 natura,
664 1260 759 1313 sed
786 1258 840 1312 in
896 1258 1205 1314 actionibus
1261 1259 1377 1313 suis
1420 1257 1555 1313 alias
1586 1256 1809 1328 quidem
1866 1270 1889 1309 s

2169 1254 2264 1325 τῆς
2291 1252 2481 1315 κακὸν,
2514 1252 2608 1305 καὶ
2635 1248 2798 1302 πόθεν
2832 1248 2971 1319 αὐτῇ
3010 1246 3073 1300 τὸ
3102 1241 3275 1309 εἷναις
3317 1242 3355 1315 ἢ
3383 1244 3451 1295 ὲκ
3470 1241 3561 1311 τῆς
3582 1239 3647 1307 ετ,-

411 1350 550 1406 alias
598 1364 729 1403 Vero
763 1348 926 1404 aliter
965 1364 1023 1404 se
1058 1349 1268 1404 habet?
1321 1349 1378 1403 Si
1427 1358 1623 1404 natura
1679 1363 1774 1402 sua
1812 1357 1889 1402 sta

2162 1344 2423 1416 ουργικῆς
2449 1342 2557 1397 τῶν
2584 1341 2719 1395 ὅλων
2751 1341 2922 1395 ὄντων
2950 1337 3162 1407 ἀγαθῆς
3193 1335 3380 1398 αἰτίας
3405 1350 3421 1398 ;
3461 1330 3585 1383 Ἀλλ’
3608 1333 3640 1382 εἰ

410 1442 574 1496 etiam
605 1439 723 1509 ejus
764 1440 937 1494 malus
966 1448 1073 1504 est,
1105 1439 1251 1496 unde
1283 1451 1489 1495 statum
1525 1438 1767 1494 habuit?
1811 1453 1883 1493 an

2194 1435 2421 1507 ταύτης,
2442 1435 2559 1499 πῶς
2581 1435 2707 1488 κατ’
2731 1433 2916 1488 οὐσίαν
2934 1430 3103 1485 κακόν
3122 1446 3137 1495 ;
3170 1426 3361 1498 ἀγαθά
3380 1425 3493 1520 γάρ

414 1548 580 1588 causa
606 1533 746 1589 bona
778 1547 897 1600 qua:
922 1531 1168 1587 eﬂ'ectrix
1198 1541 1284 1586 est
1329 1546 1510 1587 rerum
1543 1531 1790 1586 omnium
1815 1530 1841 1585 Υ
1884 1532 1892 1583 ε

2171 1526 2297 1597 ύτης
2330 1524 2548 1594 ἔκγονα.
2588 1524 2653 1577 Εἰ
2703 1522 2761 1576 δὲ
2804 1524 2924 1586 ταῖς
2969 1518 3269 1592 ἐνεργείαις
3294 1556 3314 1582 ,
3364 1515 3489 1569 οὐδὲ
3531 1515 3649 1566 τοῦτο

412 1627 459 1679 si
491 1641 557 1679 ex
585 1641 673 1688 ea,
699 1624 974 1695 quomodo
1005 1624 1211 1679 malum
1234 1634 1316 1680 est
1342 1624 1641 1680 secundum
1659 1623 1890 1680 essentia

2172 1620 2483 1690 ετάὁλητον·
2508 1622 2557 1673 εἰ
2577 1618 2634 1672 δὲ
2654 1618 2750 1690 μὴ,
2767 1616 2931 1671 πόθεν
2957 1618 3013 1671 αἰ
3032 1614 3243 1686 ἀρεταὶ,
3266 1612 3349 1683 μὴ
3372 1609 3468 1665 καὶ
3493 1606 3650 1675 ἀγαθο-

411 1715 618 1771 Omnes
650 1714 796 1769 enim
814 1714 934 1785 ejus
956 1714 1187 1770 eil'ectus
1218 1714 1347 1770 boni
1375 1724 1526 1771 sunt.
1555 1714 1654 1769 Sin
1685 1728 1785 1783 per
1820 1729 1883 1768 ac

2170 1712 2274 1778 ῡοῦς
2316 1712 2489 1782 αὐτῆς
2545 1709 2873 1782 γινομένηςς
2917 1708 3181 1762 Λείπεται
3215 1703 3329 1775 ἄρα
3358 1740 3377 1766 ,
3425 1700 3487 1754 τὸ
3520 1696 3648 1751 κακὸν

415 1822 533 1873 nes,
566 1822 741 1877 neque
771 1807 873 1861 hoc
898 1817 984 1862 est
1009 1807 1352 1862 immutabile
1378 1826 1390 1872 ;
1423 1807 1666 1876 alioquin
1697 1808 1842 1861 unde
1874 1822 1893 1858 \

1812 1822 1842 1861 e
1874 1806 1988 1860 vir-
2020 1805 2061 1859 Β
2090 1806 2341 1860 ἀσθένεια
2372 1806 2470 1859 καὶ
2502 1803 2741 1873 ἔλλειψις
2768 1800 2864 1855 τοῦ
2893 1797 3098 1869 ἀγαθοῦ
3132 1792 3286 1851 εἶναι.

415 1907 558 1952 tutes
585 1899 687 1963 illi,
712 1899 815 1954 nisi
844 1900 1168 1955 bonil‘orntis
1200 1900 1345 1957 facta
1363 1900 1479 1958 sit?
1507 1900 1794 1970 Reliquum
1840 1909 1928 1957 est
1960 1901 2151 1971 igitur,
2191 1900 2392 1956 tnalum
2435 1912 2561 1955 esse
2598 1895 2926 1953 debilitatem
2970 1888 3263 1963 quamdam
3294 1883 3653 1943 defectionelr

412 2005 523 2061 que
552 2006 581 2044 a
606 1990 771 2047 bono.

1890 2105 1920 2179 ς
1967 2098 2210 2162 XXXI.

484 2290 760 2347 Bonorum
834 2307 1005 2348 causa
1069 2308 1175 2347 una
1233 2301 1339 2350 est.
1414 2292 1474 2349 Si
1561 2292 1705 2348 bono
1784 2290 1962 2345 malun

2172 2280 2286 2335 Τῶν
2323 2278 2543 2349 ἀγαθῶν
2579 2279 2643 2332 τὸ
2682 2276 2853 2332 αἴτιον
2882 2277 2962 2331 ἐν.
2991 2278 3055 2331 Εἰ
3100 2276 3178 2348 τῷ
3201 2275 3400 2348 ἀγαοῷ
3435 2275 3495 2329 τὺ
3520 2274 3650 2328 κακὸν

408 2396 496 2441 est
543 2386 923 2452 contrarium,
978 2387 1247 2441 malorum
1304 2402 1486 2443 causa:
1550 2386 1734 2441 multa:
1812 2400 1886 2441 Slll

2173 2375 2329 2427 ιντίον
2352 2413 2367 2437 ,
2421 2371 2515 2426 τοῦ
2558 2370 2729 2426 κακοῦ
2767 2370 2836 2424 τὰ
2879 2372 3027 2425 αἴτια
3081 2369 3292 2423 πολλόν
3346 2369 3412 2422 οὐ
3464 2369 3561 2439 μὴν
3602 2368 3651 2419 τὰ

412 2493 523 2532 non
571 2487 752 2534 tamen
782 2477 1079 2534 eﬂicientes
1143 2490 1273 2535 sunt
1310 2480 1577 2535 malorum
1632 2479 1872 2534 rationes

2170 2467 2348 2539 ιητικὰ
2367 2464 2474 2518 τῶν
2508 2464 2713 2529 κακῶν,
2753 2464 2913 2533 λόγοι
2947 2463 3041 2516 καὶ
3076 2464 3363 2533 δυνάμεις,
3415 2462 3527 2515 ἀλλ’
3552 2461 3648 2514 ἀδυ-

412 2568 723 2631 facultates,
768 2571 863 2624 sed
892 2569 1233 2640 impotentia,
1261 2581 1315 2626 et
1345 2572 1655 2640 inﬁrmitas,
1705 2582 1761 2627 et
1793 2572 1890 2627 inci

2172 2561 2282 2632 μία,
2329 2560 2421 2612 καὶ
2447 2557 2719 2622 ἀσθένεια,
2749 2560 2842 2611 καὶ
2886 2558 3030 2628 μίξις
3064 2556 3172 2610 τῶν
3203 2556 3477 2626 ἀνομοίων
3510 2553 3650 2623 ἀσύμ-

411 2676 545 2731 grua
569 2661 812 2730 qumdam
832 2664 1114 2731 permistio
1137 2680 1317 2720 rerum
1338 2665 1711 2721 dissimilium:
1729 2664 1867 2721 Mala

2171 2670 2314 2725 τρος.
2346 2651 2481 2705 Οῦτε
2509 2651 2740 2722 ἀκίνητα
2765 2650 2859 2703 καὶ
2883 2650 2968 2703 ἀεὶ
2994 2648 3253 2711 ὡσαύτως
3269 2648 3468 2719 ἔχοντα
3490 2645 3549 2699 τὰ
3579 2663 3649 2697 n-

414 2751 713 2808 lmmobilia
787 2764 950 2822 sunt,
996 2771 1176 2827 neque
1226 2775 1445 2831 semper
1474 2759 1664 2815 eodem
1727 2761 1888 2815 modo

2169 2766 2196 2810 ι,
2223 2746 2338 2800 ἀλλ’
2358 2745 2580 2818 ἄπειρα,
2599 2745 2694 2798 καί
2716 2744 2962 2816 ἀόριστα,
2983 2743 3079 2797 καὶ
3102 2744 3160 2795 ὲν
3176 2740 3361 2803 ἄλλοις
3387 2740 3647 2811 φερόμενα,

414 2846 635 2912 habent,
655 2848 751 2904 sed
786 2849 993 2905 infinita
1025 2863 1081 2907 et
1120 2829 1564 2921 indetert-ninata,
1592 2857 1644 2911 in
1676 2857 1798 2913 aliis
1828 2867 1892 2912 att

2169 2837 2431 2901 ὶτούτοις
2455 2837 2721 2908 ἀπείροις.
2769 2836 2993 2889 Πάντων
3030 2834 3125 2887 καί
3164 2833 3272 2886 τῶν
3308 2832 3502 2885 κακῶν
3541 2829 3647 2900 ἀρχὴ

412 2938 556 3006 aliis,
586 2940 762 3010 iisque
790 2942 1046 3008 infinitis,
1072 2946 1438 3005 diversimode
1469 2961 1759 3019 vagantur.
1820 2950 1890 3005 Ma

2170 2931 2196 2983 ,“ι
2224 2930 2374 2993 τέλος
2409 2928 2559 2982 ἔσται
2593 2929 2655 2982 τὸ
2695 2927 2931 2997 ἀγαθόν·
2971 2926 3066 2980 τοῦ
3114 2926 3224 2998 γάρ
3270 2923 3483 2993 ἀγαθοῦ
3521 2923 3648 3019 ἕνεκα

414 3047 533 3085 rum
564 3033 728 3088 etiam
766 3037 1008 3091 omnium
1058 3041 1389 3111 principium
1440 3051 1607 3112 atque
1641 3043 1764 3099 linis
1793 3045 1892 3099 bon

2170 3023 2283 3075 ιντα
2305 3022 2399 3074 καὶ
2418 3024 2518 3074 ὅσα
2541 3019 2741 3090 ἀγαθά,
2778 3020 2871 3073 καὶ
2904 3019 3005 3071 ὅσα
3034 3017 3250 3070 ἐναντία
3269 3034 3283 3047 ο
3314 3017 3417 3070 καὶ
3449 3014 3550 3085 γὰρ
3582 3008 3648 3062 καὶ

412 3136 497 3181 est
520 3144 537 3195 ;
564 3127 689 3182 boni
708 3128 851 3182 enim
879 3144 1043 3183 causa
1072 3140 1201 3185 sunt
1228 3132 1434 3198 omnia,
1459 3141 1516 3186 et
1549 3149 1672 3202 qum
1694 3134 1836 3188 bona
1867 3149 1890 3188 ε

2168 3104 2265 3167 ῦτα
2294 3114 2604 3186 πράττομεν
2642 3113 2703 3165 τὸ
2744 3110 2949 3181 ἀγαθὸν
2980 3109 3295 3174 ποθοῦντες·
3343 3108 3537 3180 (οὐδεὶς
3568 3103 3646 3211 γὰρ

411 3229 604 3289 etquae
638 3219 778 3274 mala
807 3236 821 3285 ;
862 3222 1063 3291 quippe
1088 3238 1211 3277 cum
1244 3222 1357 3277 haec
1379 3198 1595 3293 quoque
1626 3224 1753 3280 boni
1780 3225 1889 3280 desi

2168 3207 2243 3270 ;³⁰
2262 3205 2324 3259 τὸ
2374 3205 2541 3259 κακὸν
2594 3203 2917 3257 ἀποϐλέπων
2965 3200 3176 3255 ποιεῖά
3216 3200 3417 3270 ποιεῖ’)
3443 3198 3521 3251 διὸ
3554 3198 3646 3248 οὔτε

416 3309 499 3363 rio
520 3324 748 3380 agamus
778 3313 962 3383 (nemo
1022 3314 1167 3368 enim
1201 3314 1480 3384 praposito
1511 3292 1614 3370 sibi
1666 3317 1811 3372 malo
1860 3318 1894 3373 ιε

2168 3299 2402 3351 ιόστασιν
2422 3296 2533 3368 ἔχει
2561 3297 2622 3349 τὸ
2651 3295 2819 3349 κακὸν
2840 3334 2854 3359 ,
2885 3294 3021 3348 ἀλλά
3046 3293 3461 3366 παρυπόστασιν
3494 3292 3556 3354 ³⁸,
3575 3292 3646 3339 τοι)

414 3417 536 3471 quat:
566 3404 729 3475 facit)
750 3416 1111 3475 :quapropter
1134 3422 1311 3474 neque
1340 3408 1644 3463 substantia
1677 3412 1880 3467 malum

1850 3428 1880 3467 η
1912 3413 1997 3466 ηί,
2104 3388 2309 3459 ἀγαθοῦ
2340 3388 2503 3443 ἕνεκα
2530 3389 2623 3442 καὶ
2650 3387 2751 3460 ούχ
2784 3384 2977 3441 ἑαυτοῦ
3024 3385 3328 3457 γινόμενον.

416 3494 570 3558 titur,
608 3495 701 3550 sed
736 3496 1052 3553 substantia:
1082 3497 1380 3555 simulacro
1403 3540 1419 3566 ,
1458 3501 1589 3557 dum
1618 3503 1747 3560 boni
1803 3514 1993 3561 etnon

412 3584 503 3642 sui
526 3584 697 3656 ipsius
736 3588 912 3659 gratia
944 3590 1177 3659 geritur.

1887 3716 1915 3790 §
1956 3715 2229 3781 XXXII.

484 3887 627 3945 Malo
675 3896 850 3945 status
899 3891 1222 3948 tribuendus
1286 3902 1373 3949 est
1430 3909 1527 3967 per
1584 3896 1882 3964 accidens,
1944 3915 1962 3955 ε

2173 3902 2262 3976 Τῷ
2295 3904 2450 3976 κακῷ
2464 3905 2524 3959 τὸ
2557 3900 2696 3959 εἶναι
2727 3905 2907 3959 θετέον
2936 3904 3077 3959 κατὰ
3110 3903 3474 3976 συμϐεϐηκὸς,
3495 3901 3574 3956 καὶ
3593 3896 3640 3950 δι’

414 3993 637 4054 propter
695 3983 860 4048 aliud,
910 3996 968 4039 et
1017 4003 1122 4041 non
1181 4001 1251 4042 ex
1310 3989 1534 4059 proprio
1593 3990 1892 4060 principio;

2159 3998 2245 4060 .λο,
2273 3998 2368 4051 καὶ
2397 3999 2499 4051 οὐκ
2525 3998 2584 4064 ἐξ
2610 3997 2784 4069 ἀρχῆς
2805 3997 3013 4061 οἰκείας
3034 4014 3048 4027 ο
3075 3996 3215 4050 ὥστε
3247 3996 3309 4049 τὸ
3338 3995 3637 4065 γιγνόμενον.

414 4078 559 4142 quod
625 4075 756 4129 dum
826 4076 922 4143 iit,
977 4087 1187 4135 rectum
1257 4082 1480 4150 quidem
1548 4097 1671 4138 esse
1721 4084 1892 4139 videal

2163 4090 2254 4145 θδν
2275 4092 2373 4162 μὲν
2390 4087 2527 4145 εἶναι
2545 4090 2743 4154 δοκεῖν,
2765 4093 2845 4145 ὅτι
2864 4091 2958 4144 τοῦ
2982 4090 3187 4161 ἀγαθοῦ
3204 4082 3641 4159 ἓνεκαγίνεται,τῷ

414 4167 541 4234 quia
566 4166 727 4237 373
755 4167 883 4221 boni
942 4171 1117 4238 gratia
1166 4171 1256 4234 ﬁt,
1291 4187 1483 4226 revera
1533 4184 1715 4229 autem
1780 4187 1892 4231 rect

2162 4201 2205 4237 τι
2233 4184 2290 4236 δὲ
2315 4186 2414 4237 οῦκ
2444 4183 2602 4255 ὀρθὸν
2622 4180 2781 4249 εἶναι,
2804 4183 2936 4237 διότι
2951 4183 3013 4236 τὺ
3034 4182 3108 4254 μὴ
3120 4180 3322 4251 ἀγαθὸν
3341 4180 3535 4251 ἀγαθὸν
3556 4174 3640 4229 aid-

419 4271 523 4310 non
549 4257 653 4322 sit,
711 4259 1153 4329 quandoquidem
1190 4263 1241 4317 id
1274 4263 1472 4317 bonum
1506 4264 1814 4333 opinemur,
1849 4282 1897 4337 qt

2157 4271 2258 4324 :Ba.
2295 4271 2570 4325 Δέδεικται
2593 4272 2721 4326 ἄλλο
2733 4272 2793 4325 τὸ
2812 4272 3022 4342 ἐφετὸν,
3042 4273 3136 4326 καὶ
3149 4270 3277 4325 ἄλλο
3297 4273 3357 4326 τὸ
3377 4271 3635 4341 γινόμενον-

416 4350 615 4405 bonum
638 4366 745 4404 non
771 4362 875 4406 est.
903 4354 1195 4409 Ostensum
1218 4364 1303 4411 est
1326 4357 1472 4411 aliud
1496 4372 1617 4414 esse
1641 4364 1785 4428 quod
1814 4375 1894 4428 exl

2158 4362 2307 4416 ixoiiv
2332 4364 2392 4415 τὸ
2413 4364 2581 4417 κακὸν
2606 4364 2751 4436 παρὰ
2779 4365 2878 4437 τὴν
2896 4364 3033 4429 ὁδὸν,
3061 4366 3154 4418 καὶ
3173 4364 3326 4435 παρά
3343 4365 3437 4418 τὸν
3458 4359 3636 4416 σκοπὸν.

420 4444 571 4507 titur,
593 4452 648 4497 et
671 4442 815 4497 aliud
844 4447 988 4513 quod
1015 4448 1217 4515 agitur.
1281 4448 1483 4503 Malum
1525 4450 1713 4520 itaque
1744 4451 1898 4506 deﬂet

2158 4457 2188 4511 εὶ
2208 4455 2358 4527 παρά
2373 4456 2467 4528 τὴν
2484 4457 2665 4527 φύσιν,
2686 4460 2779 4511 καὶ
2798 4458 2947 4529 παρά
2968 4457 3064 4529 τὴν
3085 4458 3283 4521 αἰτίαν,
3303 4459 3397 4511 καὶ
3416 4454 3549 4526 παρὰ
3565 4449 3636 4519 τὴν

415 4551 447 4589 a
483 4535 567 4590 via
599 4546 793 4607 praater
826 4536 1203 4613 intentionem,
1228 4551 1430 4609 praeter
1454 4550 1729 4607 naturam,
1789 4558 1893 4612 pra:

2159 4549 2288 4621 »χὴν,
2306 4550 2402 4603 καί
2426 4550 2573 4620 παρά
2586 4549 2647 4602 τὸ
2664 4551 2835 4614 τέλος,
2855 4550 2948 4603 καὶ
2970 4549 3119 4621 παρά
3142 4550 3232 4602 τὸν
3254 4550 3401 4621 ὅρον,
3418 4550 3506 4604 καὶ
3522 4539 3637 4627 πσρᾶ

415 4644 658 4691 causam.
706 4638 905 4701 praeter
954 4633 1301 4703 principium,
1342 4645 1541 4704 praeter
1594 4636 1787 4701 linem,
1831 4650 1893 4689 ex

2156 4660 2190 4712 [ν
2214 4642 2484 4712 βούλησιν,
2513 4643 2606 4695 καὶ
2644 4642 2793 4714 παρά
2812 4640 2910 4713 τὴν
2945 4641 3260 4696 ὑπόστασιν.
3283 4643 3533 4714 Στέρησις
3556 4636 3634 4704 ἄρα

416 4725 736 4791 terminum,
771 4734 927 4781 extra
983 4727 1344 4790 voluntatem,
1403 4740 1560 4784 extra
1604 4730 1894 4785 substantia

2158 4734 2214 4787 τὶ
2235 4735 2296 4787 τὸ
2322 4734 2508 4798 κακὸν,
2524 4733 2618 4787 καὶ
2639 4733 2891 4803 ἔλλειψις,
2916 4734 3009 4786 καὶ
3024 4733 3296 4797 ἀσθένεια,
3315 4735 3412 4787 καὶ
3436 4734 3636 4798 ἀσυμμὲ

298 4896 313 4903 ’
417 4816 612 4874 Malum
644 4833 775 4889 ergo
798 4819 1031 4887 privatio
1057 4830 1161 4884 est,
1189 4831 1245 4876 et
1276 4820 1545 4887 delectus,
1592 4831 1646 4878 et
1675 4822 1776 4876 inii:

2154 4826 2241 4892 ›ία,
2254 4829 2347 4881 κειιί¹
2362 4826 2628 4898 ἁμαρτία,
2652 4827 2744 4879 καὶ
2760 4826 3017 4891 ἄσκοπον,
3035 4829 3128 4881 καὶ
3147 4826 3401 4891 ἀκαλλὲς,
3426 4825 3515 4880 καὶ
3527 4818 3632 4882 ἄξων

414 4908 913 4976 ctinconcinnitas,
947 4924 1003 4969 et
1053 4929 1231 4980 error,
1256 4924 1313 4970 et
1338 4914 1624 4971 frustratio
1654 4914 1829 4985 scopi,
1862 4932 1892 4986 p

2152 4939 2154 4959 ι
2185 4922 2253 4985 ³¹,
2280 4920 2373 4973 καὶ
2388 4920 2574 4983 ἄνουν,
2588 4917 2683 4973 καὶ
2708 4917 2919 4986 ἄλογον,
2934 4919 3025 4971 καὶ
3044 4919 3250 4982 ἀτελὲς,
3268 4918 3363 4971 καὶ
3378 4916 3630 4985 ἀνίδρυτονς

414 5000 760 5069 chritudinis,
788 5005 936 5070 vitae,
964 5006 1295 5074 intellectus,
1325 5010 1582 5076 rationis,
1609 5010 1892 5081 perfectio:

2151 5014 2190 5067 ιι
2209 5012 2465 5075 ἀναίτιον,
2488 5013 2581 5066 καὶ
2607 5012 2878 5085 ἀόριστον,
2909 5011 3001 5064 καὶ
3024 5009 3233 5078 ἄγονον,
3263 5010 3359 5062 καὶ
3376 5007 3533 5079 ἀργὸν
3557 4998 3629 5055 καὶ

416 5089 777 5161 fuittlatttetiti,
832 5113 1055 5164 causae;
1106 5110 1195 5155 est
1248 5101 1704 5169 interminatmn,
1760 5102 1894 5157 steri

2154 5104 2340 5175 ἱρανὲς,
2373 5103 2466 5157 καὶ
2490 5103 2740 5168 ἄτακτον,
2771 5103 2865 5155 καὶ
2888 5102 3156 5173 ἀνόμοιον,
3185 5101 3281 5153 καὶ
3322 5100 3550 5171 ἄπειρον,
3566 5088 3632 5145 καὶ

416 5182 584 5247 iners,
617 5184 970 5255 imbecillum,
1030 5191 1345 5258 confusum,
1367 5192 1659 5258 dissimile,
1692 5192 1894 5249 inﬁniti

2148 5193 2388 5257 ιοτεινὸν,
2408 5194 2501 5246 καὶ
2528 5192 2808 5257 ἀνούσιον,
2838 5193 2932 5246 καὶ
2966 5192 3098 5246 αὐτὸ
3134 5191 3397 5264 μηδαμῶς
3454 5178 3626 5261 μηδαμῆ

416 5276 793 5346 tenebrosum,
830 5291 973 5337 statu
997 5293 1170 5363 caret,
1201 5285 1490 5356 ipsumque
1520 5286 1669 5343 nullo
1702 5295 1890 5358 pacto,

2150 5287 2265 5359 θδὲν
2292 5287 2372 5340 δν·
2416 5284 2540 5350 Πῶς
2562 5286 2699 5351 ὅλως
2727 5286 2944 5340 δύναταί
2984 5304 3036 5338 τι
3062 5286 3123 5338 τὸ
3160 5285 3331 5339 κακὸν
3364 5286 3433 5355 τῇ
3458 5280 3568 5350 πρὸς
3586 5271 3628 5323 τδ

416 5384 715 5440 nusquam,
746 5384 802 5429 et
842 5376 975 5431 nihil
1022 5379 1258 5435 exsistit.
1291 5382 1573 5448 Quomodo
1610 5397 1744 5455 ergo
1775 5382 1894 5438 mali

2149 5379 2289 5433 ἀθὸν
2327 5378 2469 5450 μίξει
2493 5378 2537 5410 ³³
2561 5394 2576 5445 ;
2604 5378 2665 5432 τὸ
2693 5377 2803 5449 γάρ
2828 5379 3001 5449 πάντη
3044 5375 3139 5429 τοῦ
3193 5374 3397 5446 ἀγαθοῦ
3447 5374 3627 5446 ἄμοιρον

1713 5557 1952 5613 νΑῐῖΙᾹΞ
2001 5556 2405 5615 LECTIONES.

420 5669 677 5797 Θέὲέιοὺδὲ
705 5670 946 5745 ἄτεχνος,
980 5674 1050 5731 Μ.
1124 5676 1167 5709 ³ο
1185 5677 1262 5741 εἰς
1292 5691 1397 5733 non
1430 5686 1512 5732 est
1541 5678 1595 5733 in
1622 5675 1690 5732 M.
1762 5677 1799 5709 3’
1832 5677 2040 5733 duobus
2084 5674 2264 5731 verbis
2295 5673 2412 5745 lege
2441 5673 2566 5744 παρ’
2597 5672 2910 5738 ὑπόστασιν,
2945 5671 3018 5728 Μ.
3095 5669 3325 5737 ³²ἀζῶν,
3358 5669 3419 5725 Ρ.
3493 5664 3528 5699 ³³
3552 5674 3621 5734 μι-
