3752 6290
140 331 239 387 T53

1226 319 1313 374 DE
1344 316 1595 374 DIVINIS
1625 313 2016 377 NOMINIBUS,
2051 312 2203 371 CAP.
2242 312 2330 369 IV.

3268 308 3376 363 734

140 446 254 501 οὔτε
276 441 397 497 ἀστί
420 459 501 507 τι,
544 439 667 495 οὔτε
697 438 938 493 δύναται.
967 437 1075 490 Καὶ
1097 435 1205 506 γὰρ
1232 437 1280 488 εἰ
1302 434 1362 487 τὸ
1388 432 1588 500 ἀγαθὸν
1609 432 1698 483 καὶ

1816 429 2025 483 )muino
2054 426 2225 496 possit
2249 423 2450 493 aliquid
2478 421 2829 493 permistione
2853 419 3022 475 boni?
3046 420 3191 490 quod
3222 424 3367 478 enim

141 540 195 592 δν
219 540 354 598 ἐστι,
379 536 476 587 καὶ
508 531 779 604 βουλητὸν,
814 529 906 582 καὶ
945 527 1238 597 ὲνδύναμον
1265 526 1331 587 ³⁸,
1355 526 1445 578 καὶ
1473 522 1705 595 δραστή-

145 649 271 703 ριον,
302 627 421 691 πῶς
454 624 739 697 δυνήσεταί
779 640 832 675 τι
860 622 921 673 τὸ
958 620 1199 673 ἐναντίον
1236 616 1479 687 τάγαθῷ,
1521 616 1583 669 τὸ
1614 616 1703 667 οὑ-

144 720 255 781 σίας
280 719 323 749 ”
345 718 440 769 καὶ
471 716 796 786 βουλήσεως,
833 713 928 765 καὶ
953 712 1251 781 δυνάμεως,
1280 710 1373 762 καὶ
1423 708 1702 779 ἐνεργείας

140 809 534 882 ἐστερημένον,
562 808 635 861 Οὐ
670 808 843 860 πάντα
878 806 1011 857 πᾶσι
1041 805 1086 835 ³⁸
1114 804 1208 857 καὶ
1243 803 1417 872 πάντη
1452 801 1522 855 τά
1561 799 1699 854 αὐτὰ

139 902 272 955 κατά
299 902 362 953 τὸ
385 900 520 953 αὐτὸ
534 901 577 932 ³⁷
610 899 774 952 κακά.
811 897 1032 967 Δαίμονι
1060 895 1228 949 κακὸν
1247 896 1311 957 ³⁸,
1335 893 1396 947 τὸ
1425 892 1576 964 παρὰ
1607 893 1700 944 τὸν

138 993 421 1063 ἀγαθοειδῆ
452 989 579 1045 νοῦν
606 987 743 1043 εἶναι
760 1006 774 1020 ⁸
798 990 966 1061 ψυχῇ,
999 989 1064 1042 τὸ
1083 987 1234 1060 παρά
1261 985 1438 1054 λόγον’
1466 984 1697 1056 σώματι,

134 1085 190 1139 τὸ
222 1084 371 1156 παρᾶ
428 1083 613 1153 φύσιν.

1813 522 1938 577 boui
1966 535 2189 591 prorsus
2222 530 2419 588 expers
2448 524 2557 580 est,
2587 529 2762 584 neque
2786 522 2872 569 est
2900 513 3222 584 quidquam,
3270 530 3369 568 ne-

1808 626 1914 680 que
1939 611 2233 679 quidquam
2265 616 2462 677 potest.
2491 606 2700 661 Etenim
2725 609 2770 661 si
2800 608 2998 661 bonum
3030 615 3113 662 est
3141 607 3191 663 id
3224 609 3369 677 quod

1806 711 1911 766 est,
1952 712 2006 756 et
2035 700 2415 770 appetendum,
2439 707 2493 752 et
2538 698 2805 765 validum,
2830 709 2885 753 et
2906 698 3119 764 emeax,
3143 714 3368 768 quomo-

1806 794 1875 848 do
1899 793 2194 862 quidquam
2247 791 2419 859 possit
2448 790 2501 844 id
2530 791 2672 859 quod
2700 791 2840 845 bono
2877 792 3212 845 contrarium
3256 804 3367 858 est,

1802 900 1926 939 cum
1955 893 2010 938 et
2059 882 2296 937 essentia
2320 892 2529 946 careat,
2569 892 2625 937 et
2666 883 2962 947 voluntate,
3015 891 3073 937 et
3096 883 3361 952 potentia,

1804 986 1857 1029 et
1904 972 2163 1028 actione?
2196 970 2310 1026 Non
2342 970 2596 1027 omnibus
2622 972 2804 1027 omnia
2835 984 2891 1027 et
2919 971 3146 1028 omnino
3170 971 3361 1027 eadem

1802 1064 2097 1121 secundum
2127 1063 2267 1119 idem
2306 1064 2445 1119 mala
2501 1074 2648 1120 sunt.
2702 1063 2943 1120 Dzemoni
3004 1064 3203 1119 malum
3257 1072 3362 1130 εει,

1802 1158 1947 1227 quod
1978 1172 2007 1210 a
2037 1156 2177 1212 bona
2201 1165 2382 1211 mente
2423 1156 2706 1211 deflexerit
2733 1174 2749 1223 ;
2788 1157 2996 1223 animo,
3040 1156 3187 1227 quod
3215 1171 3247 1211 ι
3274 1172 3364 1212 ra-

1806 1244 1994 1309 tione;
2047 1243 2290 1313 corpori,
2320 1244 2459 1313 quod
2486 1259 2515 1297 a
2559 1254 2769 1299 natura.

1552 1397 1916 1473 sxxan

193 1572 321 1635 Πῶς
353 1570 494 1633 ὅλως
530 1568 601 1622 τά
626 1566 772 1621 κακά
811 1565 1073 1639 Προνοίας
1110 1564 1309 1635 οῦσης;
1354 1562 1467 1619 Οὐκ
1492 1560 1608 1615 ἔστι
1635 1560 1698 1614 τὸ

134 1663 313 1724 κακὸν,
343 1654 379 1733 ᾖ
403 1658 594 1723 κακὸν,
618 1657 739 1711 οὕτε
765 1657 843 1721 ὃν,
872 1656 993 1710 οὔτε
1020 1657 1077 1709 ὲν
1101 1658 1213 1719 τοῖς
1241 1650 1378 1708 οὖσι.
1413 1655 1521 1706 Καὶ
1544 1652 1695 1705 οὐδὲν

1868 1559 2152 1626 Quomodo
2170 1568 2426 1615 exstante
2446 1557 2789 1615 Providentia
2810 1560 2948 1615 mala
2970 1562 3365 1621 suutomnino!

1799 1650 2020 1717 Malum,
2053 1665 2161 1719 qua
2190 1650 2415 1717 malum,
2441 1666 2615 1721 neque
2642 1666 2749 1715 res,
2774 1666 2948 1721 neque
2979 1653 3035 1707 in
3068 1654 3228 1709 rebus
3253 1667 3359 1715 est.

130 1753 231 1805 τῶν
255 1752 429 1804 ὄντων
462 1750 610 1802 ἐστὶν
638 1748 969 1818 ἀπρονόητον
986 1763 999 1775 ·
1031 1745 1149 1798 οὐδὲ
1174 1745 1282 1815 γάρ
1307 1745 1420 1795 ἐστι
1442 1742 1503 1794 τὸ
1529 1740 1694 1794 κακον

1816 1740 1952 1795 iolla
1978 1743 2143 1797 etiam
2170 1756 2259 1797 res
2288 1740 2696 1799 Providentiam
2734 1742 2958 1815 effugit;
3003 1760 3177 1815 neque
3212 1747 3361 1800 enim

129 1842 203 1909 ὃν,
222 1844 422 1914 ἀμιγὲς
443 1842 686 1913 ὑπάρχον
708 1839 801 1891 τοῦ
828 1836 1051 1906 ἀγαθοῦ.
1075 1838 1183 1889 Καὶ
1206 1838 1253 1888 εί
1287 1833 1448 1906 μηδὲν
1470 1833 1576 1886 τῶν
1600 1832 1689 1883 δν-

125 1951 228 1986 των
256 1933 523 2003 ἀμέτοχον
571 1929 663 1982 τοῦ
707 1929 911 1997 ἀγαθοῦ
932 1969 945 1992 ,
976 1928 1143 1981 κακὸν
1165 1927 1221 1980 δὲ
1259 1929 1291 1997 ἡ
1332 1925 1562 1994 ἔλλειψις
1590 1923 1685 1976 τοῦ

125 2024 329 2092 ἀγαθοῦ
352 2065 367 2087 ,
400 2024 554 2077 οὐδὲν
581 2023 637 2076 δὲ
676 2021 784 2075 τῶν
819 2021 984 2074 ὄντων
1012 2018 1297 2089 ἐστέρηται
1338 2016 1563 2070 καθόλου
1594 2014 1687 2068 τοῦ

124 2114 347 2184 ἀγαθοῦ,
372 2115 432 2167 ὲν
460 2116 593 2167 πᾶσι
615 2115 725 2175 τοῖς
749 2108 898 2164 οὖσιν
926 2112 959 2181 ἡ
985 2109 1103 2161 θεία
1125 2108 1386 2179 Πρόνοια,
1418 2107 1513 2159 καὶ
1538 2105 1688 2161 οὐδὲν

122 2222 226 2261 των
249 2206 420 2259 ὄντων
445 2204 782 2276 ἀπρονόητον
801 2220 813 2235 ο
855 2200 990 2255 ἀλλά
1010 2202 1236 2263 καὶτοῖς
1260 2200 1562 2269 γινομένοις
1598 2215 1692 2251 κα-

122 2301 234 2362 κοῖς
259 2294 662 2365 ἀγαθοπρεπῶς
685 2297 717 2365 ἡ
744 2294 971 2364 Πρόνοια
995 2291 1287 2363 κέχρηται,
1311 2292 1449 2362 πρὸς
1473 2290 1570 2359 τὴν
1592 2290 1687 2342 αὺ-

120 2388 227 2440 τῶν
246 2427 263 2451 ,
290 2386 326 2457 ἢ
355 2386 560 2450 ἄλλων,
587 2384 619 2455 ἢ
652 2384 875 2458 ίδικὴνῆ
908 2385 951 2417 ³⁸
974 2385 1155 2454 κοινὴν
1173 2383 1457 2451 ὠφέλειαν,
1481 2383 1575 2436 καὶ
1601 2385 1684 2435 οἰ-

119 2477 565 2549 κείωςεὲκὰστου
617 2477 726 2529 τῶν
782 2475 949 2527 ὄντων
1010 2477 1245 2545 προνοεῖ.
1293 2475 1385 2527 Διὸ
1443 2476 1536 2527 καὶ
1594 2474 1684 2527 τὸν

117 2570 380 2623 είκαίονδο
404 2569 516 2622 τῶν
542 2568 749 2622 πολλῶν
774 2569 872 2621 οὑκ
893 2568 1263 2637 ἀποδεξόμεθα
1284 2567 1457 2635 λόγον,
1480 2568 1528 2619 οἳ
1552 2567 1684 2638 χρῆ-

116 2658 200 2712 ναί
220 2674 351 2726 φασι
375 2658 477 2727 τὴν
494 2658 754 2729 Πρόνοιαν
776 2658 868 2709 καὶ⁵
892 2656 1120 2719 ἄκοντας
1144 2658 1289 2726 ἡμᾶς
1319 2656 1411 2707 ὲπὶ
1434 2655 1528 2726 τὴν
1550 2656 1681 2725 ἀρε-

113 2749 210 2818 τὴν
234 2748 419 2817 ἀγεινο
449 2748 513 2801 τδ
538 2747 646 2818 γὰρ
685 2747 899 2818 φθεῖραι
932 2746 1091 2815 φύσιν
1117 2747 1217 2799 οὐκ
1247 2746 1361 2798 ἔστι
1394 2745 1677 2817 Προνοίας.

116 2839 275 2893 Ὅθεν
303 2840 380 2902 ὡς
406 2840 647 2910 Πρόνοια
668 2840 767 2909 τῆς
793 2840 1022 2893 ἑκάστου
1051 2838 1263 2907 φύσεως
1290 2837 1548 2907 σωστικὴ,
1570 2836 1680 2890 τῶν

112 2930 481 2999 αὖτοκινήτων
513 2930 590 2993 ὡς
612 2930 979 3000 αὑτοκινήτων
1005 2930 1254 2999 προνοεῖ,
1292 2929 1387 2981 καὶ
1408 2928 1518 2981 τῶν
1542 2928 1678 2983 ὅλων

111 3018 330 3070 καὶτῶν
354 3019 478 3071 καθ’
509 3019 736 3071 ἕκαστον
761 3018 974 3082 οἰκείως
990 3018 1033 3051 ⁸¹
1052 3018 1158 3093 ὅλῳ
1176 3020 1271 3071 καί
1289 3019 1522 3089 ἑκάστῳ,
1553 3018 1675 3072 καθ’

109 3108 229 3160 ὅσον
262 3111 295 3179 ὴ
325 3109 438 3161 τῶν
471 3109 882 3180 προνοουμένων
916 3108 1077 3178 φύσις
1119 3109 1420 3180 ἐπιδέχεται
1457 3110 1555 3174 τάς
1579 3110 1678 3180 τῆς
1703 3136 1746 3193 C

109 3194 230 3264 ὅλης
261 3198 357 3249 καὶ
384 3198 733 3268 παντοδαπῆς
758 3199 1012 3268 προνοίας
1036 3198 1381 3269 ὲκδιδομένας
1403 3200 1675 3268 ἀναλόγως

108 3284 316 3358 ἑκάστῳ
351 3289 719 3360 προνοητικάς
742 3289 1097 3361 ἀγαθότητας.

1792 1843 1875 1889 est
1914 1833 2112 1888 malum
2143 1833 2284 1901 quod
2328 1848 2435 1889 non
2485 1835 2557 1891 sit
2597 1837 2889 1891 admistum
2930 1837 3093 1891 bono.
3118 1837 3271 1904 Quod
3311 1838 3379 1892 si

1794 1924 1938 1978 nulla
1969 1938 2057 1978 res
2085 1923 2158 1978 sit
2190 1938 2392 1993 expers
2415 1924 2567 1998 boni,
2592 1925 2790 1980 malum
2808 1936 2989 1981 autem
3014 1928 3085 1982 sit
3113 1926 3359 1983 defectus

1790 2014 1941 2079 boni,
1975 2029 2099 2070 cum
2140 2015 2285 2070 nulla
2328 2032 2416 2072 res
2445 2018 2670 2073 omnino
2714 2017 2923 2087 privata
2967 2020 3041 2072 sit
3084 2017 3265 2085 bono,
3300 2018 3355 2071 in

1792 2108 1953 2161 rebus
1982 2107 2237 2162 omnibus
2274 2108 2456 2163 divina
2483 2124 2701 2179 quoque
2724 2109 3069 2165 Providentia
3097 2118 3216 2176 est,
3256 2126 3356 2164 nec

1750 2209 1754 2214 ‘
1791 2211 1878 2250 res
1923 2196 2030 2250 ulla
2059 2196 2462 2252 Providentiam
2497 2200 2741 2253 divinam
2771 2199 2993 2270 ell‘ugit;
3027 2200 3157 2270 quin
3187 2201 3355 2255 etiam

1790 2286 1859 2341 iis
1894 2288 1990 2355 qui
2030 2288 2156 2342 mali
2202 2299 2532 2355 evaserunt,
2587 2290 2655 2344 ad
2696 2291 2939 2359 ipsorum
2983 2300 3076 2345 aut
3120 2292 3352 2345 aliorum

1788 2379 2054 2447 privatam
2096 2380 2182 2435 vel
2235 2395 2577 2436 communem
2634 2382 2920 2437 utilitatem
2946 2422 2964 2447 ,
3004 2380 3366 2437 Providentia.

1785 2469 2013 2538 benigne
2052 2473 2224 2526 utitur
2244 2512 2261 2537 ,
2295 2474 2621 2544 proprieque
2651 2474 2877 2545 singulis
2907 2474 3067 2529 rebus
3092 2475 3352 2529 consulit.

1783 2561 2152 2628 Quamobrem
2186 2579 2386 2617 vanum
2421 2580 2725 2619 sermonem
2759 2565 3113 2635 plurimorum
3141 2580 3351 2632 nequa-

1782 2668 1944 2723 quam
1987 2655 2375 2724 approbamus,
2422 2657 2514 2725 qui
2544 2657 2736 2723 aiunt,
2763 2657 3004 2713 divinam
3050 2655 3350 2712 Providen-

1782 2744 1909 2797 tiam
1939 2760 2039 2800 nos
2074 2746 2155 2799 vel
2191 2747 2395 2800 invitos
2422 2746 2489 2799 ad
2523 2746 2779 2801 virtutem
2807 2748 3008 2802 debere
3034 2745 3345 2814 impellere;

1780 2850 1904 2889 nam
1955 2852 2059 2890 non
2108 2849 2193 2891 est
2243 2836 2603 2891 Providentia:
2659 2848 2909 2891 naturam
2941 2836 3164 2891 violare.
3203 2835 3343 2903 Qua-

1779 2936 2005 2996 propter
2034 2936 2291 2997 tanquam
2348 2926 2693 2982 Providentia
2717 2968 2732 2992 ,
2770 2944 2889 2997 quae
2921 2938 3129 2981 natura:
3158 2927 3343 2995 cujus-

1778 3032 1888 3087 que
1942 3018 2320 3071 conservatrix
2354 3018 2457 3083 sit,
2500 3017 2671 3074 libero
2706 3028 2852 3073 motu
2881 3019 3151 3086 pmditis,
3184 3026 3243 3071 ut
3280 3018 3346 3071 li-

1780 3108 1907 3163 bere
1938 3123 1998 3163 se
2028 3109 2392 3174 moventibus,
2419 3118 2475 3165 et
2500 3110 2771 3164 universis
2801 3125 2866 3164 ac
2898 3108 3149 3180 singulis,
3178 3109 3355 3169 modo.

1781 3198 2011 3268 quodam
2039 3199 2297 3253 universo
2332 3213 2397 3254 ac
2451 3198 2672 3254 cuilibet
2706 3200 2926 3269 proprio
2955 3198 3245 3269 prospicit,
3287 3197 3340 3250 in

1780 3299 2043 3357 quantum
2077 3304 2290 3355 eorum,
2324 3290 2522 3360 quibus
2561 3292 2908 3361 providetur,
2959 3300 3152 3344 natura
3191 3289 3340 3358 capit

1781 3379 2045 3435 universa:
2088 3390 2251 3449 atque
2283 3381 2583 3450 omnigenis:
2644 3382 2995 3453 providentia:
3046 3380 3337 3443 beneﬁcia,

1781 3485 1901 3540 qua:
1934 3471 2129 3541 cuique
2153 3486 2250 3541 pro
2279 3481 2444 3541 captu
2469 3487 2570 3527 suo
2599 3472 2819 3529 dantur.

1520 3623 1549 3696 §
1588 3623 1891 3687 XXXIV.

166 3770 277 3822 Οὐκ
310 3768 424 3841 ἀρα
450 3768 513 3823 ὃν
552 3770 611 3822 τὸ
646 3772 841 3836 κακὸν,
876 3773 996 3826 οὐδὲ
1032 3774 1090 3826 ὲν
1112 3777 1223 3839 τοῖς
1248 3772 1365 3830 οῦσι
1391 3778 1452 3831 τὸ
1478 3780 1665 3833 κακόν.

1842 3782 2007 3855 374
2033 3782 2149 3838 Non
2187 3783 2352 3854 igitur
2385 3784 2582 3839 malum
2611 3795 2696 3840 est
2728 3800 2816 3841 res
2840 3786 3042 3855 aliqua,
3074 3801 3250 3856 neque
3278 3789 3332 3842 in

102 3859 348 3931 οὐδαμοῦ
374 3861 490 3932 γὰρ
516 3862 579 3913 τὸ
603 3865 796 3930 κακὸν,
890 3866 1084 3918 κακόν·
1118 3858 1210 3920 καὶ
1246 3869 1307 3921 τὸ
1342 3869 1585 3937 γίνεσθαι
1609 3871 1671 3923 τὸ

1816 3876 1927 3929 ibus
1959 3876 2157 3930 malum
2188 3876 2422 3930 exsistit.
2453 3874 2735 3946 Nusquam
2784 3878 2930 3932 enim
2986 3879 3183 3931 malum
3222 3889 3330 3944 est,

101 3951 265 4003 κακὸν
290 3953 351 4005 οὐ
380 3952 527 4004 κατά
552 3952 776 4024 δύναμιν
796 3995 809 4019 ,
836 3954 971 4008 ἀλλὰ
994 3956 1060 4009 δι’
1084 3958 1384 4013 ἀσθένειαν.
1414 3961 1521 4013 Καὶ
1554 3964 1668 4025 τοῖς

1816 3982 1876 4019 ua
1912 3967 2148 4034 malum;
2181 3983 2281 4022 nec
2317 3969 2459 4038 quod
2496 3967 2695 4020 malum
2734 3969 2817 4030 lit,
2853 3968 2955 4022 hoc
2978 3983 3007 4021 a
3063 3977 3331 4038 potestate
3378 4008 3383 4013 -

99 4040 368 4111 δαίμοσιν,
395 4044 423 4095 ὃ
451 4044 552 4112 μέν
583 4046 710 4107 εἰσι,
738 4047 830 4097 καὶ
856 4048 921 4099 ἐκ
940 4048 1199 4117 τάγαθοῦ,
1223 4051 1316 4103 καὶ
1340 4051 1537 4119 ἀγαθόν
1557 4068 1573 4081 ·
1603 4052 1665 4105 τὸ

1816 4056 2154 4122 roﬁciscitur,
2215 4058 2311 4112 sed
2339 4059 2409 4112 ab
2452 4056 2843 4111 imbecillitate.
2871 4057 2948 4111 Ac
2972 4058 3330 4125 damouibus,

96 4130 151 4182 δὲ
176 4134 342 4185 κακὸν
369 4135 557 4197 αὐτοῖς
584 4135 649 4186 ὲκ
674 4136 772 4205 τῆς
797 4136 904 4189 τῶν
930 4139 1142 4192 οἰκείων
1171 4139 1392 4209 ἀγαθῶν
1418 4141 1667 4196 ἀποπτὼ-

1816 4148 1822 4201 |
1852 4148 2066 4215 quidem
2099 4150 2239 4218 quod
2272 4159 2436 4215 sunt,
2477 4158 2531 4202 et
2578 4163 2645 4202 ex
2675 4149 2814 4202 bono
2845 4157 2929 4202 est
2951 4187 2968 4212 ,
3005 4157 3059 4201 et
3087 4149 3286 4203 bonum
3309 4166 3335 4221 ;‘

98 4238 259 4311 σεως,
300 4225 397 4276 καὶ
425 4225 707 4289 ἀλλοίωσις
746 4229 779 4299 ἡ
826 4229 954 4300 περὶ
978 4230 1077 4300 τὴν
1102 4232 1403 4304 ταύτότητα
1438 4235 1532 4287 καὶ
1561 4234 1661 4305 τὴν

1816 4241 1989 4303 ιοιιιιη,
2015 4241 2157 4308 quod
2188 4241 2292 4295 illis
2317 4257 2382 4295 ex
2410 4242 2562 4311 lapstt
2593 4255 2622 4294 a
2648 4241 2879 4310 propriis
2913 4240 3073 4295 bonis
3102 4239 3341 4306 accidit,’

95 4310 205 4411 ἕξιν
247 4312 507 4365 ἀσθένεια
548 4313 648 4382 τῆς
692 4315 1069 4388 προσηκούσης
1107 4321 1288 4383 αὐτοῖς
1330 4322 1663 4393 ἀγγελοπρε-

1816 4342 1849 4386 il
1877 4330 2115 4398 ejusdem
2144 4341 2319 4387 status
2375 4310 2701 4401 habitusque
2729 4332 2991 4398 mutatio,
3025 4342 3079 4387 et
3108 4348 3327 4387 accom-

95 4404 227 4497 ⁸ι’ἰοῦς
247 4404 727 4497 τελειότητος.Καὶ
750 4408 988 4475 ἐφίενται
1014 4410 1108 4464 τοῦ
1130 4411 1357 4481 ἀγαθοῦ,
1376 4412 1496 4466 καθ’
1520 4413 1548 4466 ὃ
1567 4413 1660 4465 τοῦ
1692 4445 1698 4495 γ

1822 4426 1999 4481 odata:
2029 4426 2111 4480 eis
2141 4425 2347 4494 angelis
2378 4425 2552 4495 digna:
2577 4424 2929 4495 perfectionis
2961 4424 3321 4481 imbecillitas.

92 4486 255 4556 εἶναι,
302 4494 398 4546 καὶ
444 4492 574 4565 ζῇν,
623 4498 717 4549 καὶ
755 4502 896 4551 νοεῖν
939 4501 1209 4569 ἐφίενται·
1250 4504 1344 4555 καὶ
1382 4503 1517 4555 καθὸ
1558 4486 1698 4555 οὐκί

1816 4516 2239 4584 xpetunLetiani
2298 4520 2534 4582 bonum,
2581 4517 2634 4570 in
2691 4527 2949 4585 quantum
2980 4525 3034 4570 et
3070 4531 3223 4581 esse,
3268 4527 3327 4570 et

91 4583 328 4651 ἐφίενται
350 4585 395 4616 δ’
424 4585 523 4638 τοῦ
559 4587 761 4655 ἀγαθοῦ
782 4628 796 4651 ,
822 4590 915 4643 τοῦ
965 4593 1039 4664 μὴ
1064 4593 1215 4658 ὄντος
1250 4595 1518 4663 ἐφίενται·
1563 4593 1659 4645 καὶ

1819 4583 1963 4672 vere,
2000 4617 2054 4662 et
2102 4608 2407 4675 intelligere
2455 4583 2799 4673 desiderant;
2851 4617 2904 4664 et
2956 4609 3008 4662 in
3056 4617 3321 4676 quantum

89 4675 190 4768 οὐκ
241 4676 355 4729 ἔστι
410 4677 575 4731 τοῦτο
620 4678 835 4747 ἔφεσις,
877 4682 1013 4735 ἀλλά
1054 4685 1152 4756 τῆς
1206 4685 1375 4749 ὅντως
1420 4684 1657 4754 ἐφέσεως

1816 4716 1866 4752 in
1893 4708 2152 4768 expetunt
2183 4699 2387 4751 bonum
2411 4742 2425 4765 ,
2479 4700 2531 4753 id
2563 4701 2706 4767 quod
2748 4715 2853 4753 non
2904 4708 2987 4752 est
3025 4675 3318 4766 expetunt;

88 4764 349 4835 ἁμαρτία·
1758 4790 1906 4858 atqui
1933 4764 2037 4843 non
2062 4801 2144 4845 est
2181 4790 2285 4843 hoc
2314 4764 2607 4859 appetitus,
2638 4790 2734 4845 sed
2776 4804 2917 4845 verte
2962 4764 3318 4859 appetitionis

1758 4883 2008 4939 defectio.

1516 5043 1545 5117 §
1579 5042 1844 5104 XXXV.

154 5201 242 5255 Ἐν
276 5205 485 5273 γνώσει
511 5207 569 5260 δὲ
604 5208 1011 5280 ἁμαρτάνοντας
1044 5209 1292 5263 καλεῖτά
1320 5209 1489 5274 Λὸγια
1527 5210 1653 5273 τοὺς

1829 5208 1885 5261 lu
1918 5206 2145 5260 scientia
2172 5220 2304 5259 vero
2352 5212 2638 5274 peccantes
2704 5204 2986 5273 Scriptura
3023 5213 3181 5258 vocat
3219 5220 3313 5261 eos

85 5294 199 5363 περὶ
240 5298 344 5369 τὴν
387 5298 627 5370 ἄλγιστον
650 5300 745 5353 τοῦ
774 5302 979 5371 ἀγαθοῦ
1009 5303 1209 5373 γνῶσιν
1234 5302 1266 5373 ἢ
1293 5303 1391 5374 τὴν
1434 5302 1655 5372 ποίησιν

1816 5305 1847 5354 ii
1879 5303 2021 5355 circa
2052 5315 2195 5364 eam,
2222 5315 2341 5369 qua:
2369 5298 2537 5353 latere
2564 5314 2671 5353 non
2703 5305 2879 5366 petest
2899 5335 2916 5361 ,
2955 5296 3079 5351 boui
3125 5295 3313 5366 cogu’i-

1377 5488 1607 5543 VARIIE
1642 5486 2040 5545 LECTIONES.

624 5660 676 5743 ³⁵.
702 5662 795 5715 καὶ
825 5663 1029 5743 οὐσίας,
1204 5667 1247 5743 ’f
1274 5669 1603 5743 παντάπασι..
1678 5670 1719 5743 ³7
1752 5668 2095 5743 καὶ-κατὰτὸ
2115 5671 2265 5743 αὐτό,
2300 5669 2358 5743 Ρἐ
2430 5672 2480 5743 ,³⁸
2509 5672 2571 5725 τὸ
2599 5672 2785 5737 κακόν,
2812 5670 2868 5725 Ρ.
2948 5673 2989 5704 ³⁸
3019 5670 3055 5743 ἧ
3083 5686 3185 5725 non
3222 5681 3305 5725 est

135 5662 174 5696 ιι
197 5667 317 5696 ..ξιτ

196 5667 527 5737 εὑδῦναμον.
624 5667 667 5691 ³⁵
702 5667 795 5715 καὶ
825 5667 1029 5729 οὐσίας,
1065 5667 1127 5718 Μ.
1204 5667 1247 5697 ³⁸
1274 5669 1603 5722 παντάπασι.
1678 5670 1719 5701 ³⁷
1752 5668 1842 5721 καὶ
1876 5668 2011 5722 κατά
2036 5671 2095 5722 τὸ
2115 5671 2265 5731 αὐτό,
2300 5669 2358 5722 Ρ.
2438 5672 2480 5702 ³⁸

196 5774 204 5791 .
284 5738 330 5769 ⁵ο
362 5736 465 5791 καὶ
486 5733 578 5788 τὸν
598 5735 853 5802 μάταιον,
883 5738 947 5790 ιι.
1051 5735 1091 5767 ⁸⁸
1121 5736 1339 5807 ὁμοίως,
1375 5737 1439 5789 Μ.
1548 5740 1591 5769 ⁵³
1623 5740 1717 5793 καὶ
1737 5742 1785 5792 εί
1811 5740 1909 5794 οὐκ
1938 5740 2201 5811 ἐφίενται,
2237 5742 2294 5795 5.
2329 5739 2388 5793 Ρ.
2427 5740 2489 5795 ι).

82 5729 129 5785 in
148 5733 204 5791 P.
284 5738 330 5769 ⁵ο
362 5729 465 5791 καὶ
486 5733 578 5788 τὸν
598 5735 853 5802 μάταιον,
883 5738 947 5790 ιι.
