3752 6290
424 292 528 350 739
1583 286 1642 340 S.
1673 278 1882 340 DIONY
1891 284 1972 339 Sil
2035 279 2495 337 AREOPAGITIE
3550 279 3650 334 7.50

426 421 628 463 noctem
659 415 706 458 ι.
739 405 832 459 Sic
872 417 971 457 nec
1000 401 1099 464 lu;
1127 399 1216 454 illa
1255 397 1494 465 undique
1531 407 1731 452 terram
1778 397 2264 473 complectebatur.
2292 399 2415 466 quia
2459 399 2510 450 in
2544 411 2650 473 uno
2691 395 3069 473 hemispba-rio
3095 401 3210 473 erat
3253 391 3464 473 iumen,
3509 404 3561 473 e_t
3598 397 3646 446 iu

428 481 535 534 alio
562 479 822 536 tenebrae;
853 488 951 526 nec
980 486 1196 535 semper
1236 485 1301 521 ex
1353 464 1454 520 una
1483 479 1634 535 parte
1671 477 1789 522 erat
1821 464 1957 527 dies,
1991 478 2045 521 et
2074 483 2138 521 ex
2175 469 2279 520 alia
2311 464 2441 532 nox,
2473 469 2570 520 sed
2603 466 2655 521 in
2683 467 2877 522 eodem
2923 464 3308 532 hemisphaerio
3343 464 3645 518 secundum

427 563 587 602 unam
619 556 826 610 partem
867 540 1122 608 temporis
1152 547 1274 610 crat
1304 539 1418 610 dies
1443 539 1826 610 ethseciundum
1866 537 2026 590 aliam
2055 547 2172 590 erat
2199 553 2327 610 nox.

508 616 582 668 Ex
620 602 684 666 iis
710 614 914 679 itaqtte,
938 602 1060 676 quae
1086 625 1114 661 a
1149 608 1408 679 Dionysio
1439 605 1476 679 §_
1503 608 1568 660 IV
1595 609 1738 679 dicta
1771 616 1917 679 sunt.
1946 617 2093 679 patet
2115 622 2274 679 omne
2297 607 2474 679 lumen
2510 607 2656 679 quod
2687 605 2935 679 cernitur
2956 619 2983 657 a
3022 604 3132 656 Deo
3165 602 3371 655 factum
3403 617 3560 662 esse:
3594 615 3644 679 et

427 685 596 740 solem
629 697 750 735 esse
781 675 968 751 multis
991 680 1162 751 modis
1193 675 1600 751 et_rationibu_si
1629 677 1918 751 imaginem
1963 676 2221 751 boniiutis
2247 676 2361 751 Dei.
2395 675 2562 751 Simul
2586 677 2752 751 etiam
2793 676 3215 751 demoitstratum
3241 680 3348 751 est,
3383 675 3644 751 quemad-

426 754 663 811 modum.
695 765 816 803 cum
851 749 992 802 Deus
1021 747 1150 800 dixit
1187 747 1361 814 primo
1393 746 1502 808 die,
1530 744 1653 797 Fiat
1685 742 1778 797 lui:
1799 756 1850 807 ι,
1884 745 2056 797 lucem
2086 746 2226 798 illius
2253 745 2411 798 tridui
2446 745 2563 797 sine
2589 747 2759 811 ligura
2803 754 2852 795 et
2878 744 3123 814 tlillusam
3160 742 3365 814 coegii,
3395 749 3453 794 et
3483 742 3537 794 in
3581 742 3637 795 ll-

424 837 611 891 gnratn
642 820 780 888 globi
814 819 944 891 solis
974 811 1224 891 contulit.
1254 815 1646 891 praeliniens‘ci
1676 815 1943 891 circuitus
1965 824 2018 866 et
2051 817 2467 891 orbesuannuos.
2511 814 2651 868 Idem
2681 813 2920 891 osteudit
2947 813 3174 891 Basiiius
3200 813 3254 864 in
3287 811 3642 891 Hexaemero,

422 881 477 943 Et
506 881 834 958 Philoponus
867 888 1098 958 librotv_.
1139 886 1214 958 De
1247 881 1429 958 mundi
1463 883 1692 958 api/icio2
1721 898 1840 951 cap.
1881 883 1945 958 i6
1993 892 2043 933 ct
2084 883 2166 935 l7.
2204 883 2516 958 Notauvern,
2555 899 2666 958 rem
2713 881 2912 935 nullam
2935 883 3117 958 inagis
3153 897 3316 958 quam
3352 882 3537 934 lumen
3564 896 3642 934 re-

426 961 569 1014 ferre
605 951 856 1011 naturam
884 957 1032 1009 boni.
1063 954 1242 1010 Primo
1259 954 1493 1021 quidem,
1529 953 1652 1021 quia
1683 952 1856 1004 lumen
1892 953 1942 1004 in
1973 967 2168 1020 genere
2199 953 2439 1006 sensibili
2466 954 2814 1020 purissimum
2843 951 3449 1018 eminentissimnmque
3481 966 3638 1021 appa-

423 1042 525 1084 ret.
552 1028 822 1087 Secundo,
853 1026 1106 1078 facillime
1136 1020 1398 1082 omnium.
1419 1031 1474 1074 et
1503 1020 1832 1087 amplissime
1858 1034 2232 1088 mementoque
2262 1023 2531 1075 dilatatur.
2559 1022 2764 1086 Tertio,
2800 1021 3072 1074 innoxium
3103 1021 3344 1073 occurrit
3367 1020 3640 1080 omnibus.

424 1111 584 1164 atque
615 1106 883 1164 penetrat,
915 1105 966 1146 et
1001 1094 1333 1146 lenissimmu
1358 1103 1524 1160 atque
1566 1091 1977 1164 blandissimum
2013 1101 2117 1143 est.
2152 1092 2386 1164 Quarto.
2423 1093 2658 1145 calorem
2700 1106 2884 1164 secum
2926 1090 3031 1164 fert
3061 1089 3289 1164 almum,
3339 1091 3528 1164 omnia
3563 1091 3640 1164 lo-

423 1158 631 1220 veuteni
699 1176 752 1218 et
779 1171 1126 1232 generantem
1151 1173 1310 1230 atque
1337 1158 1660 1213 moventem.
1691 1160 1911 1232 Quinto,
1941 1159 2065 1211 dum
2095 1163 2248 1212 adest
2292 1160 2539 1232 inestque
2560 1162 2795 1232 cunctis,
2821 1160 3029 1232 anulla
3060 1160 3318 1232 inliciltt_r,
3350 1158 3482 1210 nulli
3513 1160 3638 1232 __r_ui-

427 1248 634 1291 scelur.
661 1227 926 1288 Similiter
959 1235 1128 1299 ipsum
1159 1227 1356 1284 bonum
1385 1239 1554 1300 totum
1583 1244 1758 1300 rerum
1788 1229 2028 1300 ordinem
2060 1227 2808 1300 supereminen'amplissime
2841 1229 3119 1300 dilatatur,
3165 1227 3369 1280 mulcet
3392 1237 3450 1300 et
3478 1227 3640 1280 allicit

425 1307 628 1362 omnia.
658 1305 792 1357 nihil
825 1296 1006 1369 cogit';
1037 1316 1272 1353 amorem
1295 1299 1449 1366 quasi
1477 1298 1708 1352 calorem
1730 1298 1889 1369 habet
1907 1298 2105 1365 ubique
2137 1298 2414 1363 comitem,
2440 1316 2546 1368 quo
2565 1296 2785 1368 singula
2819 1299 3018 1367 passim
3041 1296 3639 1369 inescantttr._ibonnm-

420 1390 525 1442 que
553 1373 780 1442 libenter
808 1365 1114 1442 asciscunt;
1143 1365 1340 1442 ubique
1379 1383 1554 1442 rerum
1601 1367 1966 1442 penetralibus
2000 1365 2504 1442 prmsetitissiimtni,
2533 1365 2920 1442 commercium
2949 1383 3069 1420 cmn
3104 1368 3265 1442 rebus
3299 1365 3513 1442 nullum
3543 1365 3637 1442 iia-

422 1435 535 1498 liet.
568 1441 828 1508 Denique,
859 1442 1000 1492 sicut
1041 1441 1213 1508 ipsum
1242 1439 1458 1508 bonum
1495 1436 1875 1508 inaestimabile
1899 1445 2197 1508 _est_atqne
2227 1437 2518 1508 inell'abile,
2575 1440 2646 1491 ita
2680 1441 2849 1491 l'ertne
2900 1439 3100 1495 lumen.
3127 1437 3228 1508 hoc
3267 1435 3416 1508 enim
3463 1435 3639 1508 nullus

421 1514 600 1565 adhuc
626 1505 1328 1578 philosophorumdeﬁnivit
1357 1522 1369 1555 :
1403 1507 1474 1578 ita
1506 1515 1564 1557 ut
1591 1520 1712 1558 cum
1741 1505 1872 1578 nihil
1899 1505 2100 1578 lumine
2135 1505 2336 1578 clarius
2369 1510 2459 1578 sit,
2503 1508 2636 1561 nihil
2665 1519 2844 1578 tanien
2869 1509 3119 1578 videatur
3139 1505 3470 1564 obscurius:
3505 1506 3640 1558 sicut

418 1591 473 1634 et
494 1574 690 1633 bonum
724 1590 774 1632 et
805 1578 1144 1632 notissimum
1180 1587 1261 1628 est
1287 1577 1528 1628 omnium
1551 1615 1566 1638 ,
1599 1583 1652 1627 et
1683 1574 1886 1640 pariter
1914 1575 2330 1643 ignotissimum.
2362 1577 2720 1642 Quamobrem
2752 1577 3047 1630 Jamblicus
3079 1575 3181 1628 huc
3210 1584 3496 1640 postremo
3518 1589 3638 1626 eon-

420 1649 581 1716 fugit,
615 1658 672 1700 ut
701 1649 875 1700 lumen
899 1659 1084 1700 actmu
1116 1645 1397 1713 quemdam
1429 1653 1483 1716 et
1509 1644 1797 1716 imaginem
1827 1647 2162 1716 perspicuam
2195 1645 2390 1699 divinae
2421 1647 2788 1716 intelligenda;
2821 1647 3150 1716 nominaret;
3180 1643 3636 1716 quemadmodum

419 1712 660 1772 euiicans
683 1732 713 1771 e
743 1719 857 1768 visu
892 1717 1092 1778 radius,
1120 1712 1202 1768 est
1234 1716 1395 1781 ipsius
1415 1713 1558 1765 visus
1589 1715 1786 1778 imago.
1819 1714 2275 1777 Quemadmodum
2301 1727 2500 1779 autem,
2519 1712 2668 1782 juxta
2697 1715 2994 1779 Platonem,
3020 1713 3099 1768 sol
3121 1721 3176 1782 et
3203 1712 3394 1765 oculos
3419 1723 3639 1782 generat

417 1798 469 1840 et
501 1788 732 1851 colores,
763 1785 1041 1854 oculisque
1073 1786 1177 1837 vim
1210 1785 1413 1854 praebet
1444 1798 1545 1854 qua
1580 1782 1814 1854 videant,
1847 1792 1899 1835 et
1943 1785 2210 1836 coloribus
2255 1800 2359 1853 qua
2416 1781 2720 1846 videantur,
2754 1795 2825 1854 et?
2858 1786 3116 1847 utrosque
3156 1781 3208 1834 in
3241 1797 3409 1854 unum
3442 1781 3639 1854 lumine

421 1850 752 1910 conciliante
782 1850 1093 1923 conjungit;
1128 1850 1222 1906 ita'
1251 1852 1391 1907 Deus
1423 1853 1488 1904 ad
1509 1851 2040 1923 intellectusomnes
2082 1850 2285 1922 resque
2325 1854 2693 1923 intelligibiles
2725 1867 2784 1907 se
2817 1853 3015 1906 habere
3036 1860 3300 1923 putatur.
3351 1850 3535 1923 Atque
3566 1852 3632 1903 ita

415 1926 631 1979 demum
675 1919 891 1978 excedit
920 1919 1031 1977 huic
1063 1923 1267 1983 omnia,
1296 1921 1741 1990 quemadmodum
1773 1921 1850 1972 sol
1871 1921 2068 1990 oculos
2095 1933 2150 1975 et
2173 1919 2403 1980 colores.
2450 1919 2708 1990 Denique,
2737 1924 2874 1975 sicut
2917 1922 3047 1977 nihil
3079 1919 3313 1974 alienius
3343 1930 3435 1972 est
3465 1936 3494 1972 a
3524 1919 3636 1972 luce

419 1994 608 2047 divina
637 2009 796 2061 quam
826 1994 1054 2047 materia
1090 1989 1609 2062 prorsus’iul‘ormis,
1641 1991 1710 2042 ita
1745 1989 1879 2062 nihil
1912 2005 1953 2062 _a
1977 1991 2097 2062 luce
2123 1991 2253 2045 solis
2281 1994 2539 2062 remotius
2565 1989 2651 2062 est
2677 2007 2838 2062 quam
2868 2001 3044 2055 terra;
3079 1993 3344 2062 quocirca
3379 2005 3634 2062 corpora.

417 2064 470 2117 in
493 2059 690 2130 quibus
723 2073 881 2116 terrae
903 2059 1141 2117 conditio
1179 2059 1454 2129 praevalet,
1491 2069 1746 2130 tauquam
1775 2059 1877 2112 luci
1911 2059 2272 2128 ineptissimo,
2309 2061 2486 2117 lumen
2518 2059 2723 2114 nullum
2753 2062 2898 2114 intus
2929 2061 3230 2127 accipiunt;
3266 2074 3374 2130 non
3406 2059 3537 2127 quia
3569 2061 3636 2112 sit

418 2129 690 2205 impotens
723 2132 1004 2205 lumen__ad
1036 2133 1458 2205 penetrauduinm;
1489 2129 1587 2205 hoc
1611 2129 1753 2181 cuitu
1786 2131 1912 2180 dum
1945 2145 2049 2205 non
2082 2129 2522 2205 iiitiutinatintus
2551 2131 2724 2205 lanam
2759 2139 2853 2205 aut
2881 2129 3084 2205 lolium,
3135 2129 3353 2205 interitu
3384 2139 3634 2205 penetrat

417 2197 686 2258 mo'mento
716 2197 1051 2273 crystallum,
1082 2200 1315 2273 alioquin
1344 2197 1609 2273 dilIicilius
1638 2206 1954 2265 penetrata;
1983 2199 2056 2251 ita
2090 2200 2328 2253 divinum
2361 2201 2538 2254 lumen
2564 2202 2729 2254 etiam
2755 2201 2810 2254 itt
2839 2201 3078 2254 tenebris
3109 2200 3308 2254 anima:
3339 2197 3508 2264 lucet,
3539 2199 3631 2252 sed

417 2277 650 2328 tenebrae
679 2271 848 2341 ipsum
885 2288 988 2324 ttott
1021 2271 1497 2341 comprehendunt.

485 2342 513 2413 §
546 2342 608 2397 ν.
637 2336 911 2413 Summum
931 2341 1292 2413 cuiniitonunt
1324 2339 1519 2389 dicitur
1546 2336 1720 2413 lumen
1751 2337 2073 2392 intellectile.
2129 2337 2375 2413 Disputat
2403 2338 2730 2413 D._Tho_mas
2759 2350 2917 2413 parte
2947 2353 2990 2403 t,
3021 2352 3115 2413 qu.
3144 2337 3240 2413 βλ
3269 2352 3323 2389 a.
3352 2352 3393 2399 ι,
3454 2346 3631 2413 utrum

418 2407 510 2466 In;
531 2413 748 2481 proprie
776 2412 828 2464 in
861 2408 1191 2481 spiritalibus
1224 2409 1475 2481 dicatur;
1503 2415 1557 2459 et
1584 2407 1641 2481 in
1670 2422 1912 2481 corpore»
1929 2410 2231 2481 respondet,
2274 2411 2415 2481 quod
2463 2410 2528 2463 de
2559 2407 2996 2481 aliquo’nomine
3039 2407 3343 2481 dupliciter
3380 2409 3634 2481 convenit

416 2477 584 2552 loqui,
618 2477 827 2552 scilicet
859 2477 967 2552 uno
1000 2479 1156 2552 modo
1187 2478 1480 2552 secundum
1515 2477 1743 2552 primam
1769 2477 2324 2552 ejusimpositiouem.
2346 2479 2472 2552 alio
2504 2479 2661 2552 modo
2688 2479 2982 2533 secundum
3015 2491 3169 2552 usum
3199 2477 3441 2552 nominis
3472 2492 3485 2538 ;
3520 2478 3624 2529 sic-

422 2543 504 2606 ut'
533 2543 681 2621 patet
706 2551 759 2604 itt
795 2549 1010 2621 nomine
1034 2547 1284 2621 visionis,
1308 2547 1450 2621 quod
1479 2547 1652 2612 primo
1675 2543 1991 2612 impositum
2010 2556 2094 2601 est
2123 2547 2628 2621 adsigniﬁcandum
2661 2559 2841 2621 actum
2869 2560 3062 2600 sensus
3093 2547 3264 2621 visus,
3288 2543 3629 2621 sed‘propter

415 2615 730 2690 dignitatem
763 2629 817 2690 et
843 2617 1226 2690 certitudinem
1275 2617 1428 2684 hujus
1469 2629 1690 2677 sensus.
1731 2629 2014 2690 extensum
2051 2626 2152 2690 _est
2198 2615 2300 2690 hoc
2358 2633 2576 2690 nomen,
2622 2617 2920 2690 secundum
2972 2628 3129 2690 usuin
3167 2615 3528 2690 loquentium,
3566 2616 3627 2690 ad

412 2681 627 2743 onmem
653 2687 1018 2761 cognitionem
1051 2687 1287 2761 aliornni
1322 2681 1610 2761 sensuum;
1647 2686 1964 2761 et_ult_eriu.s
1995 2685 2156 2761 etiam
2190 2688 2279 2761 __ad
2324 2686 2690 2761 cognitionem
2720 2685 3050 2761 inteileeius,
3076 2681 3245 2752 juxta
3273 2684 3408 2761 illud
3438 2704 3450 2736 ;
3480 2681 3626 2761 Beati

413 2762 610 2811 mundo
633 2753 810 2820 corde,
835 2754 1084 2825 quoniam
1116 2755 1216 2822 ipsi
1247 2753 1411 2825 Deum
1441 2754 1686 2806 videbunt
1714 2754 1762 2808 δ.
1796 2755 1861 2825 Ei
1895 2755 2144 2807 similiter
2170 2753 2455 2810 dicendum
2505 2766 2586 2810 est
2608 2757 2674 2810 de
2702 2757 2918 2809 nomine
2945 2755 3114 2818 lucis;
3153 2768 3276 2805 nam
3303 2753 3482 2822 primo
3508 2754 3624 2818 qui-

412 2831 531 2880 dem
555 2835 638 2882 est
675 2824 978 2880 institutum
1008 2825 1073 2876 ad
1099 2824 1519 2892 signiﬁcandum
1559 2825 1609 2875 id
1640 2825 1782 2890 quod
1834 2824 1965 2892 l'acit
2017 2825 2506 2879 manilestationem
2558 2827 2610 2878 in
2642 2840 2805 2879 sensu
2843 2828 3029 2888 visus;
3065 2828 3409 2890 postmodum
3432 2830 3621 2892 autem

408 2908 721 2958 extensum,
756 2891 1268 2970 adsigniﬁcanduui
1297 2906 1459 2970 omne
1493 2891 1620 2945 illud
1653 2895 1794 2970 quod
1820 2891 1950 2945 facit
1984 2895 2474 2970 tuattilestationem
2493 2895 2801 2970 secundum
2835 2909 3214 2970 quamcunque
3237 2891 3621 2970 cogtiiiiouem.

410 2968 466 3018 Si
497 2983 625 3034 ergo
671 2961 969 3033 accipiatur
1008 2977 1206 3034 nomen
1256 2961 1474 3034 luminis
1517 2965 1812 3034 secundum
1839 2978 1994 3014 suam
2047 2964 2271 3030 primam
2319 2965 2740 3034 impositionetn,
2787 2961 3155 3034 metaphorice
3197 2962 3251 3014 in
3292 2961 3624 3034 spiritalibus

412 3032 631 3096 dicitur,
663 3044 723 3087 ut
747 3032 1067 3086 Atnbrosius
1089 3033 1165 3106 ait
1191 3047 1206 3095 ;
1239 3033 1282 3086 si
1309 3041 1489 3106 autem
1521 3032 1839 3106 accipiatur,
1862 3035 2328 3106 secundutn_quod
2355 3032 2438 3106 eSt
2478 3035 2529 3087 iu
2545 3049 2657 3106 usu
2687 3033 3036 3106 loquentiunt_
3053 3033 3366 3106 ad_omuem
3399 3032 3623 3106 manife-

413 3105 701 3158 stationem
731 3112 1038 3173 extensuni,
1072 3102 1154 3154 sic
1185 3103 1397 3173 proprie
1428 3099 1480 3152 in
1528 3101 1873 3173 spiritalibus
1904 3102 2123 3155 dicitur.
2160 3099 2289 3157 Vide
2320 3103 2476 3173 plura
2524 3104 2592 3156 de
2645 3099 2773 3157 luce
2820 3101 2961 3171 apud
3007 3102 3071 3156 D.
3105 3101 3371 3154 Thomam
3408 3100 3464 3154 in
3497 3099 3624 3153 Sen-

409 3184 560 3238 tent,
593 3189 653 3236 tt.
693 3173 936 3227 distinct.
972 3171 1059 3228 15.
1085 3180 1278 3238 quaest.
1312 3171 1364 3230 l.
1394 3178 1498 3221 art.
1528 3170 1586 3222 ὃ.
2321 3170 2336 3173 ’
2758 3221 2765 3229 _

487 3242 514 3312 ς
552 3243 657 3296 VII.
699 3241 810 3312 Hoc
835 3244 961 3312 item
990 3243 1179 3312 bonum
1207 3239 1543 3312 laudanti-ut
1569 3239 1862 3306 pulchrum,
1895 3253 1996 3312 etc.
2021 3239 2156 3312 Nola
2187 3241 2274 3294 hic
2297 3255 2419 3294 Cum
2458 3241 2520 3294 Ι).
2551 3241 2783 3306 Thoma,
2811 3251 2966 3312 parte
2993 3258 3032 3304 ι,
3057 3249 3250 3310 quast.
3287 3240 3344 3306 5,
3378 3246 3540 3302 artic.
3571 3246 3619 3304 ι.

411 3307 692 3384 adi,quod
708 3311 987 3380 pulchrum
1009 3311 1282 3384 _etbo_num
1303 3309 1353 3360 in
1370 3307 1614 3384 subjecto
1629 3312 1846 3384 quidem
1864 3309 2142 3384 sintidem,
2169 3312 2495 3384 quiasuper
2513 3312 2754 3384 eamdem
2785 3307 2895 3364 rem
2913 3307 3228 3384 luiidautur,
3242 3312 3451 3366 scilicet
3473 3331 3625 3384 super

411 3378 656 3445 formam,
687 3378 740 3434 et
766 3389 981 3452 propter
1009 3380 1110 3452 hoc
1145 3378 1342 3430 bonum
1373 3378 1622 3452 laudatur
1652 3388 1708 3429 ut
1761 3378 2065 3452 pulchrum,
2087 3378 2422 3452 sed’ratione
2447 3381 2735 3452 differunt;
2768 3396 2888 3432 nam
2919 3382 3114 3434 bonum
3148 3384 3373 3449 proprie
3403 3378 3620 3452 respicit

409 3453 702 3516 appetitum
736 3445 844 3515 (est
868 3445 1014 3521 cuitu
1047 3449 1244 3521 bonum
1281 3445 1424 3521 quod
1454 3445 1632 3498 omnia
1656 3450 1930 3521 appetunt)
1957 3485 1973 3511 ,
1995 3458 2062 3521 et
2085 3448 2205 3502 ideo
2227 3452 2388 3503 habet
2419 3453 2688 3521 rationettt
2711 3450 2831 3503 linis
2859 3453 3004 3521 (nam
3043 3445 3322 3518 appetit—us
3351 3462 3440 3505 est
3474 3445 3618 3521 quam

407 3515 626 3590 quidam
653 3527 828 3570 motus
861 3518 926 3569 ad
951 3526 1126 3590 irem),
1151 3515 1436 3590 pulchrum
1466 3525 1647 3568 autem
1683 3518 1903 3590 respicit
1957 3518 2087 3590 vi_tn_
2117 3521 2540 3588 cognoscitivam
2577 3519 2828 3588 (pulchra
2857 3515 3000 3590 enim
3041 3515 3320 3582 dieuntur,
3361 3515 3619 3590 quae-visa

407 3584 669 3661 placent),
698 3585 1244 3661 undepulclirnmin
1277 3584 1457 3638 debita
1495 3587 1843 3652 proportione
1868 3587 2138 3661 consistit,
2164 3584 2288 3656 quia
2319 3603 2508 3642 sensus
2535 3584 2838 3661 delectatur
2870 3587 2923 3641 in
2973 3591 3138 3642 rebus
3173 3584 3624 3661 debite-propor-

411 3653 652 3719 iiouatis,
681 3656 821 3732 sicut
847 3656 902 3709 iu
930 3655 1032 3732 sibi
1059 3653 1370 3732 similibus;
1401 3668 1609 3732 uani-et
1636 3669 1828 3732 sensus
1872 3656 2010 3708 ratio
2047 3653 2292 3732 quaedam
2341 3668 2444 3721 est,
2470 3668 2534 3732 et,
2567 3659 2746 3732 omnis
2783 3658 2953 3732 virtus
2983 3660 3376 3732 cognoscitiva.
3404 3653 3480 3715 Ἐι
3504 3653 3621 3732 quia

407 3728 650 3798 cognitio
675 3725 734 3778 lit
759 3739 858 3794 per
885 3723 1364 3786 assimilationem,
1390 3723 1686 3776 similitudo
1713 3735 1890 3778 autem
1921 3723 2142 3794 respicit
2166 3729 2419 3793 lormam,
2448 3729 2729 3797 pulchrum
2753 3730 2970 3798 proprie
3000 3723 3235 3796 pertinet
3255 3732 3325 3783 ad
3363 3723 3622 3786 rationem

405 3810 581 3849 causae
611 3796 870 3849 formatis.

476 3864 674 3938 Ibidem
693 3863 986 3938 :_Dicu_ntur
1003 3865 1180 3938 omnia
1200 3865 1486 3938 secundum
1501 3879 1932 3938 omnemcausaut
1945 3864 2224 3938 pulchrum
2253 3878 2303 3921 et
2333 3869 2528 3920 bonum
2557 3876 2794 3936 appetere
2816 3883 2836 3932 ,°
2858 3866 2982 3936 quia
3001 3865 3168 3938 378
3189 3863 3332 3923 Deus
3355 3877 3442 3923 est
3469 3887 3622 3925 causa

405 3937 644 4007 omnium
674 3933 943 4007 elfectrix,
997 3936 1246 4007 quicum
1298 3936 1548 3988 oumibus
1585 3933 1896 4007 bonitatem
1947 3933 2003 3989 et
2047 3937 2506 4006 pulchritudinem
2553 3933 2706 3990 suam
2748 3933 3158 4002 communicat?
3201 3949 3258 3991 et
3311 3945 3446 4007 quia
3503 3942 3617 3995 ﬁnis

403 4005 676 4076 omniutn_;
708 4005 886 4056 omnia
925 4002 1069 4057 enim
1104 4007 1248 4056 facta
1286 4013 1431 4067 sunt,
1467 4002 1802 4076 utdiviuam
1834 4002 2128 4059 bonitatem
2163 4018 2214 4060 et
2256 4007 2731 4076 pulchritudinem,
2757 4016 2915 4076 proth
2944 4007 3194 4072 quaelibet
3220 4002 3481 4075 possunt,
3507 4014 3622 4065 imi-

406 4082 608 4127 tentur.
637 4074 734 4127 Est
765 4081 1027 4142 praeterea
1058 4088 1222 4146 causa
1250 4074 1584 4146 exemplaris
1610 4073 1785 4138 Deus;
1813 4079 1937 4143 quia
1962 4077 2144 4129 omnia
2193 4073 2506 4146 priusquam
2550 4073 2768 4139 herent,
2798 4085 2853 4128 et
2888 4075 3028 4128 inter
3051 4091 3110 4129 se
3130 4073 3622 4146 distinguerentur,

413 4149 464 4195 'm
501 4148 616 4211 ipso
647 4154 827 4210 erant,
857 4153 910 4197 et
946 4142 1244 4197 secundum
1284 4142 1523 4199 rationes
1559 4153 1613 4197 et
1639 4142 1966 4213 exemplaria
1997 4142 2238 4200 omnium
2268 4142 2386 4215 quae
2430 4148 2482 4200 iu
2531 4160 2591 4201 se
2620 4146 2873 4211 habebat,
2905 4147 3088 4200 omnia
3117 4145 3260 4200 facta
3302 4142 3362 4201 Et
3391 4142 3622 4206 discreta

403 4223 548 4266 συιιι.

475 4281 685 4354 Ibidem
703 4277 863 4354 paulo
893 4290 1015 4350 post
1045 4302 1057 4336 :
1087 4279 1257 4354 Tunc,
1282 4280 1473 4351 inquit,
1499 4293 1574 4337 est
1604 4282 1772 4350 ipsum
1801 4282 2078 4350 pulchrum
2106 4293 2154 4337 et
2185 4285 2396 4348 bonum,
2421 4284 2634 4353 quando
2675 4284 2729 4337 in
2752 4281 2862 4336 Deo
2903 4283 3159 4337 laudatur
3181 4302 3350 4354 supra
3381 4289 3624 4344 substan-

403 4365 564 4423 tiam,
586 4350 874 4423 auferendo
903 4355 1164 4423 universa.
1197 4350 1448 4423 Exponit,
1475 4355 1692 4423 quando
1721 4355 1863 4422 quod
1899 4369 2003 4407 non
2035 4364 2118 4406 est
2149 4350 2441 4423 participat
2477 4355 2764 4423 pulchrum
2791 4363 2847 4408 et
2903 4354 3128 4418 bonum,
3156 4350 3378 4422 quando
3415 4361 3623 4413 scilicet

403 4422 601 4496 aliquis
630 4421 762 4496 dicit
796 4433 811 4470 :
859 4436 878 4470 ε
915 4420 1029 4496 Hoc
1055 4437 1162 4476 tton
1196 4420 1473 4496 est'_Deus,
1495 4420 1606 4496 :uec
1634 4420 1785 4485 illud,
1818 4424 1914 4496 sed
1939 4431 2023 4476 est
2051 4438 2214 4492 supra
2249 4420 2401 4488 haec;
2443 4420 2592 4478 {hoc
2627 4425 2794 4496 igitur
2824 4439 2929 4478 non
2954 4420 3346 4496 esse_,alilatio,
3380 4428 3618 4496 inquam,

403 4490 674 4554 omnium,
704 4491 816 4543 sive
847 4494 1082 4560 negatio,
1108 4492 1396 4561 participat
1421 4493 1708 4562 pulchrum
1738 4500 1792 4544 et
1819 4495 2043 4546 bonum.
2068 4490 2331 4560 quatenus
2361 4496 2501 4548 Deus
2530 4490 2731 4548 dicitur
2764 4508 2870 4547 non
2893 4508 3034 4547 esse.
3065 4493 3250 4548 Potest
3283 4490 3475 4549 etiauf
3498 4490 3618 4560 dici,

405 4562 492 4613 hic
525 4576 630 4614 non
649 4573 783 4633 esse
816 4561 1062 4626 materia,
1093 4571 1150 4633 ut
1167 4561 1436 4633 dicisolet
1468 4580 1497 4616 a
1529 4563 1810 4633 Dionysio,
1839 4574 2110 4630 quatenus
2135 4577 2330 4633 expers
2352 4575 2433 4617 est
2470 4566 2708 4632 pulchrae
2738 4563 2944 4618 formae.
2973 4563 3157 4616 Potest
3189 4566 3321 4617 item
3348 4567 3483 4630 dici,
3516 4583 3611 4620 non

401 4645 524 4707 esse
556 4630 861 4707 malum,_ut
889 4634 1051 4707 etiam
1081 4631 1219 4707 alias
1241 4631 1536 4707 dicitur,3t
1571 4631 1674 4707 hoc
1697 4632 1862 4684 etiam
1887 4635 2175 4703 participat
2203 4630 2429 4698 bonum,
2455 4630 2584 4702 quia
2617 4636 2678 4687 lit
2705 4644 2923 4704 propter
2939 4635 3142 4703 aliquid
3164 4634 3310 4706 quod
3334 4637 3616 4707 pulchrum

401 4709 456 4753 ct
486 4700 685 4769 bonum
711 4699 944 4769 videtur.
969 4697 1047 4752 ita
1084 4701 1346 4754 Maximus
1377 4697 1846 4769 etPachymeres.

474 4768 503 4840 ς
537 4767 642 4822 Vlll
672 4777 728 4841 et
761 4766 850 4841 IX.
886 4769 1021 4822 Nota
1071 4770 1137 4841 S.
1175 4769 1488 4840 Dionysium
1527 4766 1851 4841 in'angelis
1889 4770 2051 4826 aliter
2083 4774 2361 4840 assignare
2393 4782 2506 4826 tres
2550 4783 2728 4829 motus
2767 4787 2928 4840 qttam
2961 4772 3014 4827 in
3044 4773 3268 4838 anima;
3311 4775 3455 4829 dicit
3481 4776 3611 4841 enim

404 4839 608 4911 motum
637 4839 962 4911 circularem
987 4840 1161 4910 angeli
1194 4839 1323 4893 esse
1339 4839 1634 4894 secundum
1667 4842 2087 4896 illuminationes
2119 4839 2324 4911 pulchri
2357 4854 2411 4896 et
2435 4843 2586 4906 boni,
2615 4839 2816 4897 motum
2842 4852 3020 4897 autem
3049 4844 3376 4898 circularem
3430 4839 3614 4900 animae

400 4909 693 4982 secundum
729 4908 879 4977 plura
912 4908 1260 4982 determinat.
1288 4912 1528 4974 Quorum
1549 4911 1781 4978 pritnum
1815 4923 1916 4972 est,
1953 4908 2204 4967 introiius
2227 4914 2416 4965 animae
2444 4914 2512 4964 ab
2533 4912 2893 4966 exterioribus
2925 4912 2989 4966 ad
3017 4913 3276 4982 seipsatn.
3307 4913 3612 4968 Secundum

400 4988 487 5053 est
510 4978 753 5053 quaedam
785 4980 1094 5053 convolutio
1124 4987 1380 5032 virtutum
1430 4982 1620 5048 ipsius,
1659 4993 1948 5053 perquam
1994 4987 2176 5037 anima
2222 4983 2493 5053 liberatur
2525 4985 2592 5036 ab
2633 4997 2820 5036 errore
2861 4992 2916 5035 et
2959 4978 3185 5036 externa
3233 4988 3607 5053 occupatione.

402 5046 645 5100 Tertium
674 5055 758 5100 est
797 5049 922 5100 unio
945 5050 1012 5101 ad
1044 5065 1106 5103 ea
1133 5064 1254 5122 qua:
1269 5064 1438 5122 supra
1451 5046 1520 5103 se
1550 5060 1695 5102 sunt.
1721 5046 1985 5103 Similiter
2009 5054 2170 5104 etiam
2204 5050 2511 5106 ditl‘erenter
2540 5054 2795 5106 describit
2825 5061 3030 5105 motum
3068 5065 3279 5105 rectum
3303 5046 3607 5122 utriusque;

403 5131 528 5170 nam
559 5126 764 5191 rectum
792 5127 997 5191 motum
1023 5121 1197 5188 angeli
1228 5120 1358 5191 dicit
1392 5135 1532 5183 esse,
1565 5121 1777 5188 quando
1817 5122 1882 5172 ad
1920 5122 2271 5176 inferioribus
2309 5125 2698 5191 providendum
2742 5123 3022 5190 procedit;
3053 5130 3255 5175 motum
3301 5120 3610 5177 autem—re-

404 5195 550 5261 ctum
578 5188 771 5261 anima:
801 5187 952 5256 ponit
985 5189 1036 5242 in
1056 5187 1283 5261 duobus.
1319 5189 1499 5261 i’ritno
1528 5191 1965 5261 quidemiuhoc
2003 5195 2144 5258 quod
2197 5196 2262 5244 ad
2308 5187 2539 5261 seipsatu
2590 5187 2908 5261 ingreditur,
2954 5195 3195 5246 secundo
3219 5201 3407 5246 autem
3436 5197 3488 5248 iu
3519 5195 3606 5248 hoc

401 5256 542 5330 quod
573 5257 640 5308 ab
666 5261 1038 5330 exterioribus
1071 5259 1139 5310 ad
1190 5258 1465 5330 simplices
1501 5256 2322 5330 contemplationesrevocatur.
2371 5256 2475 5315 Sed
2505 5272 2561 5314 et
2605 5256 2808 5316 tnotum
2849 5262 3128 5330 obliquum
3160 5264 3533 5318 diversimodc
3558 5281 3601 5315 tu

403 5327 644 5400 utrisque
667 5325 1026 5391 determinat;
1059 5343 1179 5378 nam
1203 5325 1481 5394 obliquum
1517 5325 1734 5400 motum
1756 5331 1825 5400 in
1849 5329 2057 5398 angelis
2093 5336 2339 5400 assignat
2362 5347 2429 5385 ex
2455 5332 2576 5396 hoc,
2608 5333 2749 5399 quod
2775 5325 3124 5385 inferioribus
3154 5335 3530 5397 consulentes,
3559 5334 3604 5385 iu

402 5396 594 5470 eodem
620 5405 764 5447 statu
793 5406 1055 5470 perpetuo
1083 5407 1307 5470 manent
1335 5400 1481 5470 circa
1513 5399 1715 5463 Deum;
1743 5396 2021 5466 obliquum
2047 5415 2175 5454 vero
2206 5396 2409 5455 titotutu
2458 5396 2650 5454 animai:
2676 5402 2915 5468 assignat
2948 5416 3016 5454 ex
3049 5415 3134 5466 eo,
3164 5405 3312 5470 quod
3350 5396 3528 5458 anima
3554 5405 3606 5455 il-

403 5463 694 5543 inmittetur
719 5463 1139 5543 pugniiionibus
1180 5466 1380 5543 divinis
1430 5473 1587 5543 modo
1641 5463 1890 5521 ratiOnali
1928 5479 1988 5543 et
2032 5471 2364 5543 discursivo.
2399 5470 2549 5543 Unde
2601 5471 2754 5524 divus
2788 5463 3072 5537 'Thomas,
3121 5463 3277 5541 parte
3321 5489 3372 5538 ι,
3428 5483 3602 5543 qua-st.

401 5535 493 5595 δυ,
526 5543 686 5586 artic.
715 5534 768 5597 6,
798 5537 862 5587 ad
891 5534 943 5599 2,
977 5536 1288 5602 respondet,
1326 5539 1598 5592 hominem
1630 5554 1752 5592 cum
1787 5539 1993 5607 angelis
2016 5544 2232 5610 quidem
2269 5543 2319 5594 in
2355 5542 2629 5596 intellectu
2662 5543 2913 5610 gen'erice
2958 5534 3281 5613 convenire,
3319 5534 3414 5600 sed
3446 5534 3604 5615 ipsam

543 5679 564 5705 ι
601 5670 733 5725 Gen.
774 5687 812 5736 ι,
972 5685 997 5712 ο
1024 5671 1156 5724 Gen.
1197 5689 1233 5738 t,
1259 5671 1310 5728 3.
1389 5676 1414 5714 δ
1439 5675 1627 5730 Matth.
1665 5691 1714 5742 γ,
1748 5686 1800 5731 δ.
