3752 6308
424 277 557 353 Δἠδ
1132 280 1137 285 ’
1621 289 1677 345 s.
1717 277 1906 346 motu

2198 284 2517 348 OPAGITE
2960 342 2961 345 η
3596 292 3680 348 7M

449 429 504 477 I,
537 413 635 474 I9,
667 406 963 476 scripsit):
1000 402 1425 477 ququidem
1468 408 1793 477 repellentes
1834 406 2074 477 (bonam
2122 406 2333 460 scilicet
2374 403 2803 477 conscientiam,
2853 417 3014 473 quam
3065 405 3325 470 dixerat)
3371 405 3512 460 circa
3544 408 3678 474 [idem

451 475 943 551 naufragnverunt;
975 486 1031 531 et
1080 475 1329 551 sapient.
1365 492 1419 537 ι.
1454 475 1531 551 4]
1572 476 1638 528 In
1685 475 1999 551 maliuolum
2023 478 2293 551 ,_inquit.
2341 478 2724 551 animqm__non
2768 475 3012 551 introioit
3051 478 3346 551 sapientia,
3400 493 3557 551 neque
3596 480 3678 551 Ita-

450 544 743 608 bita'bit'in
788 562 1007 616 corpore
1051 546 1262 599 subdito
1309 547 1573 614 peccatis;
1617 549 1758 600 umle
1805 544 2004 599 Paulus
2060 547 2450 606 Timotheum,
2490 544 2511 616 ΑΙ
2565 544 2706 616 Tim.
2757 560 2844 608 tv,
2896 545 2997 609 16,
3050 548 3394 608 admonens,
3442 550 3675 611 Attende.

448 623 661 691 inquit.
716 620 809 672 tibi
861 614 911 669 et
958 616 1219 691 doctrinm
1265 618 1461 691 (prius
1496 617 1651 691 enim
1679 617 1838 691 dixit
1882 616 2017 681 tibi,
2050 617 2206 691 quod
2248 616 2422 691 virtus
2468 614 2823 691 docentisuet
2868 617 3045 691 proba
3086 616 3193 669 vita
3242 617 3302 670 in
3365 617 3507 691 viam
3558 628 3679 671 recte

448 685 672 750 docendi
721 697 983 758 tanquam
1028 686 1137 740 dux
1174 685 1553 758 introdural);
1592 687 1824 758 idcirco,
1855 695 1966 758 _nt_
1990 686 2122 739 mihi
2170 686 2388 749 quidem
2432 685 2886 758 videtur._libro_s
2926 686 3223 754 Scriptura:
3259 687 3529 758 morales,
3561 702 3677 755 quos

444 765 594 828 t'txi,
631 753 886 827 tanquain
918 758 1084 811 duces
1112 756 1446 828 percipiendi
1479 753 1802 828 sapientiam
1849 754 2291 828 Scripturarum,
2325 753 2774 828 προεισαγωγάς,
2822 756 2874 828 id
2910 763 2993 810 est
3038 753 3353 828 uit‘totam
3398 757 3506 822 vim
3554 753 3676 828 verbi

443 825 843 907 exprimamus)
888 827 1313 907 antegredientes
1354 827 1770 907 introductiones
1815 829 2031 907 vocavit
2077 826 2294 907 divinus
2341 825 2656 907 Diqitysius.
2709 826 3193 907 ιλτφειξιτθ-θεο
3239 836 3459 907 autem“
3488 827 3679 907 scripsit

450 894 1050 977 inagnusAth’at-tasius
1083 898 1418 977 inextricata
1470 898 1665 977 pagina
1714 897 1835 977 ιιυιι
1892 896 1969 949 De
1999 894 2379 977 Incarnatione
2420 894 2572 949 Verbi
2601 910 2620 947 :
2648 912 2676 977 ι
2712 896 2814 963 Qui
2863 894 3234 977 uteologorum
3288 894 3676 977 intelligentiam

442 966 701 1090 qon'sequi
762 967 961 1090 cupitd.
1013 968 1173 1022 debet
1225 969 1380 1037 prius
1439 967 1682 1021 animant
1745 968 1969 1022 abluere
2024 978 2188 1036 atque
2236 968 2556 1036 detergere.
2611 974 2666 1019 et
2722 982 2820 1035 per
2878 968 3004 1020 vita:
3062 982 3390 1035 morumque
3449 966 3679 1019 similitu-

442 1044 623 1090 tinom
681 1043 826 1090 ipsos
874 1053 904 1090 a
950 1052 1048 1090 tre.
1082 1057 1100 1089 ι

441 1038 642 1096 ιΙίιιιιιιῖ
681 1043 826 1096 iosos
874 1038 1048 1092 adire.
1082 1057 1100 1089 ι

516 1056 1154 1166 laert'tleVtﬁglrscr’ba
1207 1108 1312 1161 ista
1361 1123 1481 1176 quae
1535 1118 1837 1176 sequuntur
1889 1122 1954 1161 ex
2009 1105 2056 1160 II
2096 1106 2228 1176 Reg.
2279 1120 2344 1161 t:
2406 1106 2880 1176 Ceciditidilectio
2936 1116 3031 1161 tua
3083 1109 3139 1161 in
3198 1124 3315 1166 me.
3367 1106 3507 1159 sicut
3560 1106 3677 1159 dile-

440 1185 547 1237 ctio
597 1182 920 1243 mulierum,
975 1193 1097 1232 esse
1152 1179 1315 1232 verba
1378 1175 1550 1232 David
1612 1175 1843 1231 mortem
1896 1176 2145 1231 Jonalha:
2183 1175 2560 1247 deplorantis.
2616 1175 2747 1242 Qua:
2795 1177 2985 1243 stulti,
3039 1178 3222 1247 inquit
3272 1178 3673 1241 Theodoretus,

443 1255 1086 1321 reprehendunttcuui
1130 1247 1219 1303 hic
1279 1248 1474 1311 David,
1533 1248 1600 1321 ad
1660 1247 2072 1321 signiﬁcandam
2125 1246 2331 1301 amoris
2386 1256 2443 1300 et
2498 1247 2784 1321 charilalis
2836 1263 2965 1321 suae
3004 1263 3131 1317 erga
3184 1246 3487 1321 Jonatham
3537 1248 3679 1300 vehe-

444 1317 749 1388 mentiam,
806 1317 1219 1374 similitudinem
1272 1330 1327 1371 et
1377 1319 1685 1387 exemplum
1741 1320 2033 1388 sumpserit
2085 1332 2152 1370 es
2209 1332 2397 1371 amore
2453 1317 2760 1371 arctissituo
2815 1319 3001 1371 uxoris
3054 1328 3109 1372 et
3163 1318 3305 1379 viri,
3360 1317 3461 1387 qui
3510 1326 3672 1370 tantus

442 1403 529 1447 est
559 1432 575 1458 ,
633 1402 694 1445 ut
739 1386 835 1446 lex
887 1387 1193 1457 coujugalis
1240 1388 1433 1441 dicat:
1497 1386 1723 1456 Propter
1776 1389 1918 1441 hanc
1950 1387 2209 1455 relinquet
2265 1388 2419 1440 homo
2465 1398 2668 1455 patrem
2701 1399 2747 1458 et
2780 1398 3032 1458 matrem,
3084 1397 3134 1440 et
3190 1386 3489 1458 adltwrebit
3546 1386 3679 1439 uxori

440 1457 567 1516 sure
608 1473 674 1527 ες
718 1462 771 1516 id
818 1459 959 1529 quod
1010 1458 1221 1529 Elcana
1263 1459 1426 1529 etiam
1472 1458 1837 1527 signiticavit,
1867 1472 2013 1529 cum,
2059 1471 2285 1529 uxorem
2332 1458 2622 1511 consolans
2648 1495 2664 1522 ,
2717 1457 2953 1529 ﬁerine,
2990 1457 3206 1529 inquit,
3253 1473 3349 1526 ego
3388 1457 3555 1511 bonus
3581 1472 3679 1529 sunt

442 1533 537 1586 tibi
583 1525 747 1599 supra
803 1525 979 1585 decem
1036 1527 1311 1599 [ilicsdl
1352 1525 1542 1598 Itaque
1598 1537 1656 1599 ut
1710 1528 2053 1582 connubialis
2106 1525 2617 1599 conjunctionntun
2673 1526 2835 1599 eliicit
2887 1525 3180 1598 coniuges,
3236 1525 3317 1582 sic
3370 1542 3559 1581 eorum
3603 1528 3680 1596 qui

442 1617 575 1657 vere
631 1595 778 1656 inter
835 1616 896 1655 se
946 1595 1176 1664 amant,
1228 1595 1738 1653 attimos'cltaritas
1794 1599 1848 1651 itt
1902 1613 2068 1652 unum
2119 1598 2361 1665 copulat.
2413 1595 2491 1650 lla
2549 1595 2948 1652 Theodoretns.

518 1672 723 1744 §Xll|.
766 1669 1000 1732 Tradit,
1059 1670 1203 1744 quod
1252 1669 1323 1721 sit
1374 1670 1540 1744 etiam
1592 1669 1891 1744 eastalicus
1930 1682 2097 1744 _amor
2146 1668 2364 1744 divinus
2422 1666 2517 1744 qui
2571 1681 2676 1719 non
2727 1668 2856 1744 sinit
2904 1677 3151 1744 amantes
3200 1682 3328 1744 esse
3383 1682 3549 1744 suos.
3601 1666 3681 1744 sed

444 1737 642 1797 eorum
676 1756 814 1809 quos
862 1737 1084 1802 amant,
1118 1739 1279 1808 idque
1314 1739 1565 1808 exemplo
1618 1737 1768 1809 Pauli
1825 1738 2063 1807 probat,
2116 1739 2248 1807 qui,
2305 1739 2508 1806 inquit,
2540 1738 2800 1809 excessit
2844 1752 2876 1792 e
2927 1753 2986 1792 se
3031 1739 3163 1795 Deo.
3220 1737 3320 1793 Ubi
3377 1738 3677 1793 observavit

447 1824 672 1868 sanctus
696 1805 1008 1871 Maximus,
1062 1805 1335 1878 quomodo
1384 1825 1449 1862 ex
1481 1805 1587 1863 hoc
1618 1808 1737 1863 loco
1771 1805 2300 1878 intelligatur,'quod
2332 1805 2622 1876 Apostolus
2651 1805 2693 1878 ιι
2722 1807 2850 1861 Cor.
2882 1822 2912 1859 v
2933 1847 2951 1872 ,
2980 1809 3047 1862 l3
3067 1850 3082 1874 ,
3116 1811 3227 1873 ait,
3267 1809 3376 1862 sive
3403 1809 3681 1861 ext-edimus

446 1883 580 1945 Deo,
612 1881 825 1937 scilicet
863 1877 1205 1950 intelligitur,
1242 1881 1385 1934 sicut
1418 1880 1710 1950 Dionysius
1744 1877 1995 1948 accepit.
2029 1879 2096 1932 de
2132 1894 2317 1950 amore
2347 1878 2612 1931 cxstatico
2645 1877 2833 1950 Pauli,
2862 1893 3021 1950 quem
3053 1880 3358 1950 descripsit
3371 1879 3429 1950 in
3469 1878 3681 1947 Epistula

441 1954 510 2006 ad
539 1952 785 2015 Galatas,
812 1946 1063 2020 inquiens
1087 1965 1208 2018 cap.
1235 1965 1296 2014 ll,
1316 1950 1421 2004 ‘20:
1457 1946 1580 2002 vos
1611 1965 1704 2019 ego
1726 1950 1846 2019 jam
1880 1946 1983 2002 non
2013 1965 2130 2019 ego,
2157 1949 2276 2020 vivit
2302 1965 2425 2020 sero
2447 1950 2503 2001 in
2530 1963 2612 2020 me
2637 1946 2911 2012 Christus;
2936 1948 3013 2001 sic
3037 1954 3200 2003 etiam
3232 1946 3682 2002 intellexitlocum

441 2023 594 2077 Pauli
640 2021 700 2076 S.
748 2017 1054 2075 Diadochus
1088 2017 1312 2074 iulibro
1347 2023 1421 2072 De
1453 2017 1769 2087 perfectione
1797 2017 2057 2085 spiritali,
2094 2034 2218 2087 cap.
2252 2019 2343 2073 M.
2383 2019 2456 2072 De
2486 2017 2675 2072 eodem
2723 2033 2909 2072 amore
2940 2020 3216 2073 exstatico
3262 2021 3479 2072 notavit
3515 2020 3566 2072 in
3604 2035 3682 2070 eo-

440 2094 561 2148 dem
604 2093 723 2147 loco
766 2101 990 2146 sanctus
1024 2090 1326 2155 Maximus,
1361 2091 1586 2160 intelligi
1623 2092 1749 2143 illud
1786 2092 1837 2143 in
1870 2089 2013 2143 Psal.
2046 2102 2147 2143 cxv
2176 2106 2189 2141 :
2227 2088 2341 2159 Ego
2372 2090 2485 2141 dixi
2528 2090 2584 2141 in
2627 2102 2841 2143 excessu
2886 2105 2999 2142 meo
3024 2128 3041 2154 ,
3080 2090 3131 2143 id
3165 2100 3252 2144 est
3282 2090 3336 2143 in
3375 2105 3565 2143 amore
3599 2088 3682 2142 Dei

436 2164 725 2217 esstatico.
2445 2194 2448 2200 λ

513 2232 561 2305 δέ
588 2232 737 2305 XIV.
767 2230 869 2287 Ubi
912 2231 991 2286 ait
1019 2272 1035 2296 ,
1073 2232 1239 2305 Deum
1278 2232 1469 2305 vocari
1506 2245 1759 2305 amorem
1785 2241 1831 2283 et
1859 2228 2232 2305 dilectionem,
2266 2229 2653 2305 interpretatur
2684 2227 2971 2305 Dionysius
3003 2228 3053 2305 id
3084 2231 3228 2305 quod
3260 2231 3335 2282 ait
3373 2231 3437 2284 S.
3466 2228 3684 2284 Joannes

439 2302 493 2358 in
515 2298 695 2372 Epist.
723 2303 740 2357 l
764 2343 778 2366 ,
800 2318 924 2371 cap.
957 2317 1040 2355 tv:
1071 2302 1207 2355 Deus
1239 2301 1472 2354 charitas
1493 2341 1509 2366 ,
1543 2302 1658 2353 sive
1689 2300 1937 2372 dilectio.
1970 2308 2070 2372 est.
2104 2299 2200 2353 Est
2228 2300 2376 2353 enim
2409 2298 2525 2368 ipse
2554 2300 2758 2353 amoris
2784 2298 3177 2372 ethcharitatis
3220 2312 3419 2355 auctor
3448 2310 3506 2353 ct
3534 2314 3682 2367 gene-

442 2369 614 2438 rator,
648 2374 741 2443 qtti
775 2369 891 2426 haec
922 2388 1043 2443 quae
1075 2372 1128 2424 itt
1166 2374 1282 2440 ipso
1310 2381 1468 2443 erant
1494 2370 1755 2443 produxit
1785 2370 1963 2435 foras,
1999 2370 2049 2423 id
2083 2380 2167 2424 est
2205 2378 2733 2443 creaturas,_niottts
2773 2369 2982 2443 scilicet
3010 2370 3301 2443 cltarit_ate.
3331 2372 3451 2443 ‘Sic
3490 2372 3681 2443 dictum

440 2452 526 2498 est
555 2438 681 2510 (ait
705 2438 1225 2498 sauctnsiMaximu‘s
1250 2442 1267 2506 )
1299 2440 1440 2494 Deus
1470 2438 1705 2494 c'ltaritas
1735 2450 1844 2507 est,
1878 2451 2097 2509 propter
2126 2450 2409 2495 creaturas
2439 2440 2649 2493 scilicet
2680 2453 2818 2506 quas
2848 2439 3129 2506 produxit.
3166 2440 3265 2494 Est
3294 2440 3503 2508 alioqui
3536 2438 3678 2500 Deus,

443 2528 515 2568 ne
546 2513 667 2581 quis
702 2514 808 2567 hoc
840 2513 952 2567 tolli
990 2520 1175 2581 putet,
1208 2513 1453 2566 absolute
1488 2513 1602 2580 ipsa
1636 2525 1732 2579 per
1760 2527 1820 2565 se
1847 2514 2087 2565 charttas
2116 2510 2422 2578 superlata,
2455 2525 2561 2563 non
2593 2517 2776 2562 creata
2800 2548 2817 2573 ,
2847 2510 2941 2562 sed
2971 2511 3213 2581 omnium
3246 2513 3518 2581 creatrix.

517 2579 651 2637 Nota
701 2583 901 2651 ibidem
924 2622 940 2649 ,
986 2579 1153 2635 Deuttt
1196 2584 1375 2634 vocari
1415 2579 1751 2635 dilectionem
1783 2592 2039 2651 tanquam
2070 2585 2169 2634 vim
2208 2581 2517 2645 matricem,
2553 2590 2603 2651 e_t
2635 2594 2845 2632 sursum
2885 2579 3176 2633 trahentem
3216 2582 3287 2633 ad
3316 2597 3395 2635 se.
3453 2579 3554 2634 Ubi
3593 2580 3681 2651 ob-

442 2653 684 2709 servavit
734 2653 792 2707 S.
843 2650 1118 2715 Thomas,
1173 2652 1440 2721 triplicem
1492 2651 1743 2707 ellcctuttt
1798 2648 2003 2705 amoris
2053 2652 2171 2704 sive
2216 2653 2522 2705 charilatis.
2574 2648 2949 2721 Primusest,
2998 2650 3141 2717 quod
3195 2666 3354 2705 amor
3396 2653 3517 2705 sive
3558 2650 3682 2721 cha-

442 2725 576 2779 ritas
624 2732 805 2777 movet
856 2735 1129 2776 amantem
1182 2719 1261 2775 ad
1299 2724 1695 2791 operationem.
1743 2720 1895 2777 Unde
1927 2724 2030 2792 (ut
2078 2722 2181 2775 hoc
2220 2722 2397 2792 obiter
2437 2724 2755 2775 observetur
2799 2719 2854 2774 in
2905 2721 3229 2792 haareticos,
3277 2724 3372 2789 qui
3422 2720 3680 2776 hominem

442 2810 540 2864 per
590 2792 760 2848 solam
789 2794 973 2864 iidem
1023 2790 1639 2864 justilicariitradunt)
1699 2793 1841 2847 sicut
1883 2790 2021 2861 aqua
2069 2790 2442 2864 operationem
2485 2792 2553 2845 ab
2605 2792 2762 2864 igne,
2815 2792 3024 2864 scilicet
3052 2790 3527 2864 calefactioncm,
3555 2792 3681 2844 reci-

440 2861 560 2935 pit,
612 2874 667 2917 et
719 2863 899 2935 calelit
952 2863 1237 2935 (operatio
1285 2862 1430 2916 enim
1481 2861 1633 2935 ignis
1669 2878 1863 2932 aquam
1913 2872 2154 2935 movet),
2183 2863 2282 2935 sic
2306 2861 2440 2914 ﬁdes
2478 2861 2869 2935 operatioiient
2898 2861 3091 2935 recipit
3151 2878 3181 2914 a
3229 2864 3545 2926 cltaritate,
3587 2876 3680 2929 qua

438 2930 762 3005 operatione
820 2930 985 2987 vclnti
1034 2930 1340 3005 i-ivilicatur
1384 2944 1439 2986 et
1486 2930 1807 3005 calelit,‘et
1848 2934 1966 2986 sine
2014 2948 2078 2986 ea
2103 2930 2330 3005 _'friget,
2377 2942 2471 3005 et,
2510 2930 2570 2985 ut
2615 2933 2689 3005 ait
2738 2930 2800 2984 Β.
2843 2930 3080 3005 lacubus
3114 2942 3161 2997 θ,
3208 2942 3589 3005 mortuae“,-
3621 2946 3680 2984 ex

438 3001 549 3073 qito
599 3006 659 3058 lit
708 3014 767 3065 ut
818 3004 1128 3073 huiusmodi
1180 3004 1312 3068 ﬁdes
1371 3005 1445 3058 sit
1492 3020 1614 3074 quze
1669 3006 1721 3056 in
1768 3002 1982 3057 Christo
2026 3002 2198 3067 valet,
2254 3004 2395 3055 sicut
2448 3001 2739 3074 Apostolus
2796 3003 2863 3074 a_d
2918 3001 3140 3057 Galatas
3181 3004 3411 3072 scripsit
3448 3002 3500 3066 ί,
3552 3018 3682 3072 quae,

440 3070 700 3145 inquam,
736 3089 832 3143 per
862 3070 1187 3128 charttalem
1242 3070 1525 3136 movetur;
1566 3074 1795 3145 scilicet
1820 3090 1949 3143 erga
1974 3144 1977 3145 ν
2003 3075 2193 3126 Deum.
2245 3070 2529 3145 becutidus
2578 3072 2723 3145 euim
2764 3070 2987 3145 ell'ectus
3029 3083 3154 3145 est,
3183 3070 3353 3145 Aquod
3404 3070 3583 3128 movet
3620 3079 3681 3125 ad

437 3142 835 3217 operationem
863 3160 992 3214 erga
1045 3152 1336 3217 amatum;
1392 3147 1533 3198 unde
1562 3146 1643 3198 sic
1675 3142 2079 3217 intelligendum
2108 3145 2358 3217 estquod
2405 3143 2547 3217 idem
2598 3143 2887 3217 Apostolus
2934 3142 3115 3217 dixit:
3168 3142 3301 3209 Quae
3352 3160 3454 3213 per
3503 3158 3682 3217 opera-

440 3212 645 3270 tionem
719 3212 949 3269 scilicet
994 3214 1284 3268 charitatis
1348 3226 1645 3283 operatur,
1709 3215 1759 3267 id
1819 3212 1907 3266 εει
1963 3224 2232 3268 movetur.
2292 3212 2517 3268 Passive
2572 3215 2717 3268 enim
2776 3212 3155 3281 accipiendum
3216 3212 3681 3268 est-(vocabulum

435 3285 805 3357 ἐνεργουμένη
829 3324 842 3348 ,
879 3297 936 3338 ut
963 3285 1097 3357 alias
1128 3298 1158 3337 a
1189 3285 1346 3357 nobis
1379 3286 1667 3357 probatum
1697 3296 1802 3338 est.
1853 3284 2073 3337 'lerlius
2120 3284 2389 3357 elleclus,
2426 3284 2567 3357 quod
2618 3284 3054 3357 atttor__seipsu_m
3080 3286 3349 3357 ostendi}
3395 3299 3528 3354 erga
3568 3299 3680 3337 eum

443 3352 585 3425 erga
625 3352 804 3423 quem
835 3364 940 3409 est.
983 3354 1135 3409 Unde
1189 3353 1249 3406 Β.
1303 3353 1579 3418 Jacobus,
1628 3365 1819 3407 contra
1874 3371 1997 3408 cum
2051 3356 2144 3421 qui
2198 3356 2265 3409 de
2321 3355 2426 3408 lide
2474 3355 2591 3409 sine
2640 3354 2919 3425 Operibusf
2953 3352 3242 3422 gloriatur,
3300 3352 3541 3408 Ostende
3589 3366 3679 3416 tu,

440 3424 646 3494 inquit,
678 3426 836 3492 ﬁdem
864 3434 1015 3477 tuam
1046 3428 1160 3477 sine
1189 3427 1468 3493 operibus,
1498 3436 1546 3478 et
1590 3440 1684 3493 ego
1730 3426 1997 3477 ostendam
2044 3426 2136 3477 tibi
2217 3425 2378 3494 [idem
2431 3440 2601 3478 meam
2660 3438 2728 3475 ea:
2760 3424 2997 3491 operibus
3033 3425 3080 3476 ε.
3130 3426 3336 3480 Deinde
3379 3425 3683 3480 observavit

438 3493 607 3549 etiam
669 3495 809 3547 idem
852 3495 925 3567 HS.
982 3494 1219 3557 Thomas
1271 3496 1512 3567 quinque
1563 3496 1925 3567 proprietates
1977 3498 2181 3550 amoris
2234 3495 2351 3549 sive
2398 3493 2683 3548 charttatis
2737 3496 2790 3550 itt
2844 3495 2931 3548 his
2984 3509 3107 3562 qua:
3159 3497 3250 3549 ltic
3303 3512 3377 3549 ex
3434 3498 3682 3567 Dionysio

404 3567 775 3621 -rccilantur.
840 3566 1022 3618 Prima
1079 3575 1199 3630 est,
1260 3566 1511 3633 progredi
1566 3568 1633 3618 ad
1688 3565 1979 3618 unieuduut
2034 3582 2156 3619 eum
2216 3568 2307 3634 qui
2365 3566 2539 3634 diligit
2588 3578 2711 3619 cum
2766 3580 2834 3617 eo
2888 3578 3049 3631 quem
3112 3567 3331 3635 diligit,
3386 3579 3443 3621 et
3491 3565 3682 3635 quanto

440 3635 800 3689 excellentior
846 3645 930 3688 est
982 3649 1158 3700 amor,
1217 3644 1369 3688 tanto
1421 3636 1776 3689 excellentius
1828 3636 1983 3699 unit;
2041 3636 2219 3702 unde,
2271 3636 2399 3703 quia
2454 3650 2606 3688 amor
2652 3636 2707 3687 iu
2762 3636 2933 3689 Deum
2986 3647 3072 3690 est
3124 3639 3451 3702 excellens,
3507 3640 3678 3690 exeat-

405 3745 411 3751 .
448 3705 628 3759 leuter
680 3719 803 3757 cum
852 3704 963 3758 Deo
1008 3705 1286 3774 conjungit
1316 3743 1331 3769 ,
1379 3714 1436 3757 et
1479 3720 1607 3775 erga
1658 3706 1830 3775 magis
1875 3706 2164 3773 conjuncta
2212 3712 2385 3773 major
2429 3718 2532 3759 est.
2579 3705 2827 3761 Secunda
2868 3707 3178 3775 proprietas
3229 3718 3319 3762 est
3365 3709 3677 3770 cbaritatts,

439 3777 584 3844 quod
642 3776 810 3841 facit,
861 3784 919 3827 ιιι
974 3777 1016 3828 is
1064 3777 1157 3843 qui
1211 3790 1451 3827 amorem
1508 3791 1622 3829 Sive
1671 3776 1995 3829 charitatetu
2056 3777 2292 3841 habeat,
2349 3776 2415 3828 ad
2476 3791 2599 3829 eum
2666 3778 2852 3830 tendat
2905 3790 3034 3845 erga
3099 3779 3508 3845 qoettt'habct
3558 3779 3679 3830 cha-

443 3848 658 3900 ritaletn
692 3863 706 3909 ;
746 3856 936 3899 contra
977 3859 1140 3912 atque
1182 3846 1315 3899 facit
1348 3846 1627 3916 cognitio,
1676 3861 1797 3915 qua:
1842 3861 1953 3899 rem
1992 3849 2265 3916 cognitam
2314 3847 2481 3900 trahit
2529 3846 2595 3899 ad
2642 3859 3092 3916 cognoscentem,
3141 3865 3299 3903 amor
3350 3864 3482 3903 vero
3530 3851 3681 3901 trahit

438 3929 713 3969 ainantem
764 3918 830 3969 ad
877 3932 1001 3969 eum
1050 3930 1212 3983 quem
1260 3926 1431 3968 amat.
1468 3914 1647 3969 Tertia
1689 3914 1994 3985 proprietas
2030 3914 2116 3971 eSt
2140 3957 2157 3983 ,
2197 3932 2320 3972 esse
2358 3916 2658 3985 simplicem
2690 3914 2897 3971 motum
2929 3920 3217 3971 citat-italis
3240 3956 3257 3983 ,
3291 3922 3425 3986 quia
3459 3930 3543 3974 est
3580 3919 3680 3985 pri-

440 4002 563 4039 mus
615 3996 793 4039 tnotus
846 3987 1158 4055 appetitus;
1210 3996 1265 4039 et
1304 3990 1539 4055 primum
1586 3988 1638 4039 itt
1689 4001 2014 4055 unoquoque
2062 4003 2262 4051 genere
2305 3996 2522 4055 oportet
2567 3996 2627 4039 ut
2662 3996 2735 4041 stt
2772 3989 3036 4057 simplex,
3077 3990 3216 4057 quia
3256 4006 3325 4044 ex
3378 4004 3446 4043 eo
3498 4002 3679 4044 caetera

444 4059 496 4109 ιιι
533 4070 600 4110 eo
640 4071 838 4129 genere
876 4058 1181 4129 composita
1222 4068 1513 4110 exsistunt.
1557 4060 1762 4122 Quarta
1822 4056 2126 4125 proprietas
2176 4066 2291 4123 est,
2336 4072 2458 4112 esse
2487 4072 2584 4127 per
2634 4070 2694 4112 se
2738 4062 3022 4122 mobilem,
3066 4056 3194 4127 quia
3251 4061 3304 4113 in
3360 4073 3680 4129 unoquoque

439 4141 638 4201 genere
672 4128 822 4195 prius
850 4139 933 4181 est
962 4127 1109 4201 quod
1140 4137 1225 4178 est
1257 4142 1353 4195 per
1382 4143 1480 4201 se,
1515 4143 1679 4194 quam
1711 4131 1975 4201 quodest
2006 4142 2103 4201 per
2134 4130 2281 4201 aliud
2308 4144 2323 4194 ;
2360 4129 2508 4181 unde
2549 4131 2601 4182 itt
2649 4144 2849 4201 genere
2879 4138 3057 4183 motus
3077 4167 3093 4194 ,
3131 4134 3448 4199 appetentis
3484 4127 3681 4201 oportet

441 4207 503 4248 ut
533 4197 742 4265 primus
773 4207 953 4251 motus
984 4198 1074 4265 qui
1106 4204 1192 4250 est
1221 4212 1398 4260 amor,
1436 4199 1507 4250 sit
1544 4212 1642 4265 per
1679 4212 1739 4251 se
1775 4196 2013 4250 mobilis.
2061 4197 2209 4267 Unde
2250 4200 2443 4265 timor,
2471 4201 2598 4267 quia
2637 4196 2720 4254 est
2753 4202 2897 4252 sicut
2936 4212 3115 4253 motus
3153 4196 3440 4254 violentus
3479 4196 3677 4255 εἰη-ιιι-

439 4280 603 4341 secus
647 4269 948 4341 accedens,
999 4282 1104 4341 non
1150 4275 1234 4320 est
1265 4267 1317 4319 itt
1350 4268 1659 4341 charitale,
1692 4269 1835 4325 sicut
1865 4270 1942 4320 ait
1973 4267 2038 4341 ll.
2079 4266 2364 4341 Joannes_,
2403 4266 2501 4322 sed
2544 4273 2771 4341 perfecta
2800 4270 3034 4329 charitas
3069 4270 3215 4338 foras
3259 4273 3491 4338 expellit
3533 4274 3676 4324 timo-

440 4352 551 4388 rem
592 4336 619 4374 ιι
650 4354 673 4411 ν;
708 4339 834 4406 quia
868 4338 1112 4392 charitas
1133 4376 1148 4401 ,
1182 4348 1358 4411 motus
1389 4347 1474 4391 est
1506 4340 1823 4411 abrintnuo,
1858 4348 1916 4391 ut
1946 4340 2022 4391 ait
2052 4350 2276 4393 sanctus
2306 4338 2545 4411 Thomas
2569 4381 2584 4406 ,
2620 4336 2941 4411 procedens.
2986 4336 3184 4406 Quinta
3225 4336 3542 4410 proprietas
3571 4353 3676 4403 est,

442 4410 660 4474 operari
694 4424 790 4476 per
822 4411 1095 4480 se‘,rquod
1125 4409 1401 4476 pt'Opriutn
1432 4418 1518 4462 est
1548 4410 1837 4462 cliat'italis
1856 4446 1873 4473 ,
1908 4411 1960 4461 itt
1992 4424 2101 4476 quo
2131 4424 2160 4463 a
2196 4425 2294 4479 spe
2323 4409 2524 4463 drll'erl.
2554 4409 2656 4476 Qui
2683 4414 2825 4465 enim
2859 4422 3085 4480 propter
3112 4409 3263 4478 spem
3297 4414 3536 4466 alterius
3564 4429 3679 4480 oper

440 4486 613 4552 ratur,
643 4490 865 4548 propter
895 4479 1042 4533 aliud
1070 4489 1371 4552 operatur;
1406 4483 1497 4552 qui
1538 4492 1717 4533 autem
1748 4480 2053 4552 (iuquitb.
2085 4480 2364 4552 Thomas)
2395 4496 2461 4552 ex
2493 4496 2681 4536 amore
2709 4479 2987 4549 operatur,
3020 4496 3115 4548 per
3146 4482 3395 4550 seipsum
3423 4479 3679 4552 operatur

404 4581 407 4585 ‹
439 4547 613 4621 illud,
646 4547 903 4617 tanquam
936 4553 1037 4603 ltoc
1068 4549 1435 4617 sibigplaceat.
1463 4548 1696 4621 Prwslat
1718 4547 1860 4603 scire
1892 4564 2012 4618 qua:
2039 4550 2237 4604 ciliciat
2260 4550 2535 4617 charitas,
2573 4562 2629 4606 et
2655 4547 2776 4620 qua:
2808 4553 2917 4613 sint
2943 4547 3061 4619 eius
3089 4547 3308 4620 propria
3339 4591 3356 4616 ,
3392 4547 3681 4621 ad'cogno-

435 4619 691 4740 lscendam
720 4620 1098 4740 exetﬁlentiaut
1142 4627 1197 4673 et
1239 4623 1607 4689 praistautiam
1653 4618 1769 4687 ejus
1801 4635 1967 4689 supra
2014 4625 2174 4675 tidem
2212 4621 2421 4684 solam,
2460 4637 2628 4690 quam
2662 4618 2906 4677 heretici
2935 4618 3309 4691 vanejactaut
3331 4660 3350 4688 ,
3386 4640 3500 4678 non
3534 4618 3680 4677 tutel-

462 4698 661 4740 .2eltles
694 4706 811 4740 aure
876 4700 1067 4740 tcuttt-
2990 4736 2995 4739 .
3414 4736 3415 4739 η

462 4698 661 4757 ιεθιιιθε
694 4706 811 4759 ψιέ
836 4694 1067 4745 dicunt-
2990 4736 2995 4739 .
3414 4736 3415 4739 η

504 4759 665 4829 381
689 4764 871 4832 Ύυυςιι
903 4773 1082 4815 autem
1114 4761 1429 4813 amatorium
1462 4762 1739 4815 motionem
1765 4798 1780 4826 ,
1814 4762 1940 4831 quia
1970 4770 2243 4830 quatenus
2274 4774 2429 4815 amor
2454 4772 2510 4818 et
2537 4765 2780 4819 charitas
2794 4778 2860 4816 ex
2886 4763 3002 4832 ipso
3028 4764 3140 4817 Deo
3166 4774 3398 4817 manant
3428 4766 3501 4819 ad
3531 4778 3675 4820 crea-

439 4840 593 4884 turas
616 4871 631 4894 ,
682 4829 797 4905 ipse
830 4834 1033 4887 amoris
1062 4843 1118 4886 et
1149 4834 1439 4886 charilatis
1466 4845 1658 4887 auctor
1692 4829 1895 4887 moveri
1926 4829 2167 4897 dicitur;
2199 4844 2467 4901 quatenus
2497 4849 2625 4889 vero
2658 4837 2771 4902 ipse
2801 4844 2888 4888 est
2910 4829 3181 4888 amabilis
3224 4845 3291 4887 et
3333 4837 3677 4905 diligendus,

438 4911 624 4973 movet
662 4916 717 4957 et
748 4903 856 4957 ciet
886 4908 951 4955 ad
982 4918 1226 4958 amorem
1258 4905 1440 4957 omnia
1460 4944 1476 4970 ,
1508 4906 1709 4973 quibus
1742 4907 1825 4958 vis
1853 4908 2069 4957 amandi
2102 4905 2493 4958 convenienter
2521 4908 2651 4973 ipsis
2681 4908 2841 4959 insita
2872 4915 2976 4959 est.

506 4969 741 5045 Pulchre
774 4973 919 5027 lmuc
950 4974 1126 5027 locum
1160 4977 1218 5027 ὃ.
1254 4972 1497 5045 Dionysii
1528 4969 1767 5042 explicat
1792 4976 1851 5029 Ρ.
1877 4974 2100 5029 Lessius
2129 4974 2225 5027 lib.
2258 4988 2313 5026 ιιι
2352 4974 2427 5026 De
2452 4969 2857 5042 periectiouiltus
2889 4975 3078 5029 divinis
3099 5014 3116 5039 ,
3144 4989 3267 5044 cap.
3297 4974 3337 5028 2
3365 4992 3380 5031 :
3422 4996 3441 5029 ι
3468 4977 3677 5039 Primo,

437 5040 612 5119 inquit
640 5082 657 5108 ,
698 5045 833 5098 dicit
881 5061 1116 5098 amorem
1162 5060 1273 5098 esse
1304 5040 1410 5119 vini
1436 5040 1703 5099 matricem
1724 5083 1739 5109 ,
1776 5056 1886 5099 tum
1918 5047 2044 5114 quia
2080 5045 2246 5098 Deum
2273 5040 2459 5119 movet
2481 5040 2553 5119 ut
2578 5048 2874 5119 descendat
2908 5048 2974 5100 ad
3006 5040 3296 5119 creaturas
3316 5086 3332 5110 ,
3366 5051 3564 5119 eisque
3590 5063 3675 5119 sua

434 5110 988 5185 bona-conmmmcet
1015 5156 1031 5181 ,
1075 5126 1185 5169 tum
1215 5118 1341 5184 quia
1376 5117 1521 5185 ipsas
1558 5132 1643 5169 res
1679 5124 1896 5170 creatas
1926 5110 2146 5168 sursum
2183 5115 2351 5168 trahit
2388 5117 2439 5168 in
2478 5116 2669 5170 Deum.
2720 5116 2875 5171 Unde
2896 5132 3050 5170 amor
3073 5117 3278 5171 dicitur
3320 5110 3675 5177 ὲκστᾶτικός,

436 5181 491 5234 id
529 5192 615 5236 est
665 5184 893 5255 e/ﬁcwns
927 5188 1165 5239 exstasin
1190 5202 1210 5250 ;
1234 5181 1687 5255 quia—amantem
1733 5188 1992 5240 transfert
2031 5201 2061 5238 ιι
2101 5187 2280 5254 seipso
2319 5201 2370 5238 tn
2411 5197 2673 5252 amatum,
2715 5202 2907 5255 nempe
2933 5189 3099 5242 Deum
3148 5188 3202 5240 itt
3248 5201 3601 5249 creaturam,
3630 5196 3675 5238 et

433 5264 744 5307 creaturam
789 5270 841 5308 ιιι
881 5254 1070 5311 Deum.
1112 5254 1305 5309 Verum
1330 5295 1347 5320 ,
1387 5259 1491 5312 etsi
1531 5273 1684 5311 antur
1725 5259 1892 5312 Demn
1931 5268 2148 5311 moveat
2182 5261 2249 5311 ad
2288 5267 2608 5320 creaturas,
2652 5273 2756 5310 nou
2796 5254 2971 5310 tamen
3002 5259 3176 5325 ipsum
3209 5260 3346 5311 stuit
3388 5260 3447 5313 in
3486 5258 3674 5314 creatis

434 5328 599 5400 rebus
638 5326 954 5400 quiescere,
1005 5325 1099 5380 sed
1131 5328 1198 5380 ab
1240 5326 1345 5379 illis
1395 5330 1625 5400 retrahit
1657 5345 1781 5383 eum
1817 5344 1924 5381 una
1966 5342 2092 5381 cum
2130 5330 2330 5381 creatis
2377 5330 2429 5382 ιιι
2475 5333 2749 5396 seipsum,
2783 5338 2845 5380 ut
2884 5340 3137 5400 creatura
3178 5327 3345 5381 simul
3390 5344 3521 5385 cum
3568 5328 3675 5396 ipso

402 5396 684 5461 rquiescat
729 5399 780 5449 in
831 5396 992 5464 ipso;
1040 5414 1165 5450 natn
1213 5406 1385 5451 totuttt
1429 5399 1627 5451 bonum
1672 5404 1815 5467 quod
1857 5400 2071 5452 conl'ert
2118 5401 2279 5452 rebus
2322 5402 2562 5463 creatis,
2616 5400 2803 5453 statim
2867 5398 3100 5453 reﬂectit
3141 5409 3199 5451 et
3248 5400 3425 5455 refert
3462 5402 3546 5454 ad
3597 5415 3675 5453 ec-

434 5477 646 5538 tpsum,
684 5470 776 5533 qui
816 5479 900 5521 est
937 5470 1113 5536 ipsum
1144 5480 1249 5538 per
1285 5482 1343 5520 se
1385 5471 1581 5520 bonum
1618 5480 1674 5523 et
1713 5470 2030 5537 pulchrum,
2068 5472 2212 5538 quod
2251 5472 2433 5523 omnia
2478 5473 2544 5523 ad
2589 5485 2649 5524 se
2683 5469 2884 5535 allicit,
2925 5480 2982 5523 et
3036 5470 3420 5538 potentissime
3458 5473 3637 5525 trahit.

506 5531 753 5609 Secundo
781 5537 911 5591 dicit
930 5531 1092 5602 {esse
1128 5531 1408 5606 ἕῐιφανσιν,
1438 5554 1531 5591 seu
1561 5531 2037 5607 ntant'iestationmt
2071 5531 2163 5594 Dei
2196 5555 2287 5609 per
2312 5544 2591 5607 “ipsum,
2619 5543 2745 5609 quia
2772 5531 2893 5593 cum
2923 5531 3063 5594 Deus
3089 5542 3264 5593 lucent
3290 5543 3511 5597 habitet
3536 5556 3670 5593 mac-

433 5606 777 5673 cessibilem,
812 5609 884 5661 ita
928 5620 987 5662 ut
1027 5609 1158 5662 nulli
1184 5619 1467 5663 creatura:
1505 5606 1717 5675 perrse’
1746 5614 1920 5679 possit
1962 5624 2085 5665 esse
2118 5606 2492 5677 .mauil‘cstus,
2541 5606 2654 5681 por'
2678 5626 2923 5666 amorem
2967 5617 3246 5680 egreditur
3294 5622 3459 5666 extra
3498 5627 3586 5676 se,
3618 5615 3667 5663 et

506 5769 527 5797 ε
560 5757 697 5817 Gen.
726 5777 782 5832 ιι,
815 5762 906 5819 24.
980 5762 1007 5803 ἀ
1033 5766 1053 5821 ι
1084 5766 1211 5837 lli-g.
1251 5780 1289 5831 ι,
1319 5766 1370 5818 8.
1456 5776 1478 5804 ε
1505 5763 1620 5823 Jac.
1654 5782 1714 5837 tt,
1753 5768 1839 5826 l'I.
1924 5768 1988 5826 ί(

1969 5767 2147 5826 Calai.
2191 5786 2243 5837 v,
2278 5768 2337 5823 6.
2410 5770 2602 5843 _5.lac.
2632 5788 2690 5843 ιι,
2724 5772 2814 5827 l8.
2890 5777 2943 5851 ,δ
2978 5775 3182 5832 lJoan.
3224 5788 3297 5842 tv,
3337 5772 3424 5828 l8.
