3742 6322
348 318 449 373 747

1509 317 1566 374 S.
1608 318 1905 375 DlONYSll
1944 316 2409 373 AREOPAGITAE
3514 328 3607 382 ῖιε

350 434 605 508 randum
630 449 781 508 suam
833 442 1234 508 naturam‘non
1273 442 1449 508 potest
1496 437 1719 508 tendere
1759 437 1812 490 in
1858 434 2077 508 aliquod
2125 434 2348 490 malum.
2389 435 2733 490 Manifestum
2774 448 2857 492 est
2894 448 3076 492 autem
3102 480 3119 502 ,
3166 438 3312 508 quod
3351 440 3608 508 quaelibet

352 520 545 558 natura
594 503 984 583 intellectualis
1018 505 1230 583 habeat
1270 505 1521 583 ordinem
1572 506 1639 583 in_
1675 506 1876 583 bonum
1925 504 2267 583 universale,
2313 509 2454 583 quod
2508 516 2704 583 potest_
2731 508 3143 577 apprehendere
3165 503 3197 572 ,’
3226 518 3283 562 et
3334 503 3424 563 est
3468 511 3611 577 obje-

349 586 494 647 ctum
530 574 874 647 voluntatis;
920 576 1063 647 unde
1106 574 1551 647 cumﬂdzemones
1596 578 1707 647 sint
1753 574 2072 647 substantiae
2120 574 2548 647 intellectuales,
2597 574 2952 631 nttllo't'nodo
2993 589 3225 647 possunt
3268 579 3489 633 habere
3538 574 3613 636 in-

348 645 703 699 clinationem
754 645 1060 700 naturalem
1113 646 1167 715 in
1214 643 1430 715 aliquod
1474 646 1839 715 quodcunque
1892 644 2139 715 malum,
2185 654 2241 698 et
2288 646 2411 701 ideo
2460 663 2568 702 non
2621 658 2851 714 possunt
2897 643 3023 703 esse
3070 647 3412 703 naturaliter
3466 656 3610 705 mali.

352 716 485 790 Vide
534 716 650 790 haec
699 717 812 787 ipsa
857 714 1033 790 iusius
1074 729 1104 769 a
1146 714 1208 771 D.
1258 712 1786 784 Tltoma'disputat'a
1831 715 1887 771 in
1938 712 2332 779 Qumtionibus
2370 712 2697 787 disputatis,
2743 720 3044 790 quastione
3079 720 3297 775 decima
3340 729 3510 775 sexta
3554 723 3615 777 de

350 786 684 841 daemonibus
720 784 732 787 ⁷
765 786 923 841 artic.
966 784 1024 838 2.

1252 1055 1414 1128 383
1446 1052 1933 1111 PARAPHRASIS
1969 1054 2421 1113 ΡΑΩΗΥΜΕΒΑΞ
2455 1058 2587 1131 (39).

412 1216 440 1287 §
474 1223 514 1278 I.
546 1223 626 1277 Ad
668 1221 798 1277 illud
845 1237 968 1292 ergo
999 1221 1236 1291 perfecta
1295 1218 1575 1274 distinctio
1617 1227 1702 1272 est
1748 1230 1887 1286 appo

2149 1216 2185 1269 Ι.
2214 1218 2467 1271 Στικτέον
2493 1221 2572 1283 είς
2594 1220 2653 1273 τὸ
2677 1220 2790 1274 οὖν
2809 1220 3049 1274 τελείανο
3082 1220 3144 1275 τὸ
3168 1221 3279 1293 γὰρ
3302 1223 3460 1290 εἷεν,
3488 1224 3620 1280 κατὰ

351 1318 567 1383 nenda;
600 1314 870 1384 siquidem
903 1313 1035 1367 illud
1066 1328 1184 1382 age,
1227 1311 1381 1380 juxta
1417 1326 1573 1365 usum
1609 1309 1923 1379 antiquum,

348 1409 583 1466 remotio
612 1407 860 1478 quasdam
884 1414 969 1460 est
999 1419 1186 1460 eorum
1231 1419 1352 1473 quae
1380 1403 1524 1457 dicta
1565 1411 1713 1463 sunt,
1747 1410 1802 1456 et
1830 1415 1927 1457 ex-

348 1502 561 1557 ordium
586 1499 968 1564 dicendorum,
1000 1513 1065 1553 ac
1096 1498 1139 1552 si
1165 1496 1492 1563 dicatzouae
1524 1495 1778 1566 praedicta
1800 1504 1929 1550 sunt

348 1593 425 1645 ita
458 1605 518 1645 se
557 1589 825 1656 habeant;
880 1586 1041 1642 modo
1077 1599 1259 1641 autem
1292 1587 1602 1641 orationem
1635 1596 1929 1640 converta-

347 1698 472 1738 mus
496 1683 565 1737 ad
620 1683 795 1752 ipsum
837 1695 1038 1737 nomen
1072 1679 1228 1745 boni,
1273 1678 1417 1749 quod
1444 1677 1680 1749 theologi
1708 1691 1805 1746 per
1832 1691 1929 1731 ex-

347 1774 662 1829 cellentiam
715 1773 1018 1828 attribuunt
1072 1770 1370 1837 divinitati,
1428 1779 1687 1840 tanquam
1739 1783 1769 1822 a
1819 1783 1926 1838 qua

351 1877 547 1922 cuncta
572 1867 893 1935 procedunt,
917 1865 1172 1934 quoniam
1203 1863 1385 1917 omnia
1411 1876 1479 1918 ex
1521 1863 1638 1930 ipsa
1663 1861 1925 1931 producta

349 1970 475 2017 sunt
498 1968 719 2031 propter
748 1959 1077 2024 bonitatem,
1105 1957 1275 2026 ipsam
1300 1954 1393 2009 Dei
1418 1955 1927 2025 superexistentiam

348 2052 687 2123 appellantes
725 2052 1050 2114 bonitatem,
1102 2058 1157 2103 et
1209 2062 1305 2118 per
1348 2061 1410 2101 se
1456 2048 1777 2102 bonitatem.
1811 2045 1929 2100 Non

349 2146 494 2202 enim
522 2145 666 2200 Deus
686 2144 984 2199 ascititium
1010 2144 1172 2197 habet
1190 2143 1391 2197 bonum
1418 2149 1509 2194 aut
1537 2155 1633 2209 per
1648 2140 1927 2205 accidens,

351 2239 507 2311 quasi
537 2236 777 2293 essentia
808 2235 924 2304 eius
953 2235 1025 2290 sit
1046 2234 1176 2304 quid
1208 2234 1377 2297 aliud,
1410 2242 1465 2286 et
1500 2231 1927 2287 accidentariam

344 2333 553 2387 habeat
580 2329 915 2392 bonitatem;
947 2327 1041 2381 sed
1072 2328 1209 2396 ipse,
1239 2343 1361 2382 cum
1384 2324 1782 2393 existatipsius
1802 2321 1929 2376 boni

351 2425 661 2482 substantia
693 2423 1036 2488 naturaliter,
1068 2424 1133 2475 ad
1163 2436 1353 2476 omnes
1398 2419 1644 2476 extendit
1671 2417 1931 2472 bonitatis

352 2533 465 2573 suae
488 2516 779 2586 fulgorem,
805 2515 911 2569 hoc
941 2515 1058 2587 ipso
1086 2529 1193 2583 quo
1223 2514 1396 2567 bonus
1426 2521 1530 2569 est.
1563 2510 1930 2577 Quemadmo-

352 2611 481 2663 dum
515 2607 662 2661 enim
701 2604 783 2659 sel
832 2618 938 2659 non
981 2613 1065 2658 est
1098 2620 1125 2657 a
1166 2603 1375 2658 lumine
1409 2601 1721 2663 distinctus,
1754 2615 1930 2669 neque

354 2700 575 2756 aliunde
606 2698 789 2752 lumen
816 2698 1120 2751 mutuando
1167 2694 1437 2749 illuminat
1488 2692 1785 2763 (siquidem
1815 2692 1931 2761 ipse

354 2794 450 2848 lux
473 2802 580 2860 est,
613 2800 669 2846 et
695 2792 795 2845 hoc
826 2789 943 2859 ipso
977 2803 1084 2858 quo
1114 2787 1205 2841 lux
1229 2796 1335 2854 est,
1363 2786 1692 2841 naturaliter
1720 2785 1931 2838 illumi-

351 2894 446 2941 nat
467 2883 655 2941 omnia
691 2896 1027 2952 qutecunque
1058 2880 1239 2934 lumen
1272 2878 1392 2949 ejus
1422 2876 1609 2933 valent
1653 2875 1927 2945 excipere,

355 2993 534 3048 neque
568 2976 925 3041 ratiocinans,
964 2989 1143 3044 neque
1170 2972 1525 3041 prmeligens;
1578 2985 1703 3026 nam
1742 2970 1787 3024 si
1822 2984 1931 3023 non

354 3070 705 3130 illuminaret,
767 3081 944 3136 neque
994 3067 1161 3121 etiam
1207 3064 1289 3120 sol
1338 3071 1518 3128 esset;
1571 3062 1763 3132 ecquid
1789 3059 1934 3116 aliud

353 3163 567 3230 concipi
614 3159 784 3230 possit
836 3158 1169 3222 illuminare,
1201 3156 1308 3211 nisi
1364 3155 1460 3210 lux
1492 3154 1599 3210 sit?
1645 3156 1747 3209 hoc
1785 3154 1933 3208 enim

352 3257 469 3309 vult
491 3254 578 3308 hic
614 3263 856 3317 sanctus,
884 3262 940 3305 et
970 3264 1074 3304 non
1106 3248 1428 3317 simpliciter
1456 3247 1625 3303 solem
1644 3261 1768 3302 esse
1792 3246 1936 3300 irra-

356 3344 614 3399 tionalem
644 3352 700 3398 et
730 3353 1008 3397 exsortem
1056 3340 1350 3405 libertatis,
1382 3339 1486 3394 hoc
1514 3340 1661 3394 enim
1698 3336 1934 3393 manife-

354 3450 502 3494 stum
529 3447 633 3501 est,
658 3446 712 3492 et
736 3436 869 3491 nihil
898 3439 963 3490 ad
991 3434 1373 3506 propositum);
1401 3435 1482 3489 sic
1507 3432 1670 3489 etiam
1700 3432 1826 3488 illud
1841 3447 1935 3489 su-

356 3546 455 3601 pra
481 3528 651 3584 solem
683 3528 883 3583 bonum
913 3527 1076 3590 Deus,
1094 3525 1185 3594 qui
1204 3525 1525 3595 primasvum
1550 3534 1634 3580 est
1659 3527 1937 3595 exemplar

357 3630 616 3695 respectu
646 3621 957 3676 istiusmodi
989 3620 1237 3676 obscura:
1262 3627 1317 3675 et
1346 3620 1619 3676 absimilis
1651 3619 1931 3690 imaginis,

354 3720 474 3789 ipsa
506 3729 606 3770 sua
633 3713 939 3769 substantia
965 3728 1071 3782 qua
1102 3712 1274 3768 bonus
1326 3721 1431 3782 est,
1480 3712 1647 3767 rebus
1680 3713 1813 3783 ipsis
1837 3727 1936 3780 pro

357 3811 624 3881 cujusque
675 3814 839 3874 captu
867 3804 1130 3859 bonitatis
1172 3819 1285 3859 sua:
1313 3804 1502 3860 radios
1538 3802 1788 3858 aﬂ’undit.
1821 3803 1935 3859 Hac

2029 1310 2269 1365 παλαιὰν
2296 1312 2508 1383 χρῆσιν,
2556 1314 2815 1378 ἀπόθεσις
2852 1316 2971 1367 ἐστι
3005 1313 3114 1367 τῶν
3155 1314 3493 1386 λεχθέντων,
3538 1320 3623 1371 καὶ

2030 1402 2247 1473 ἔναρξις
2267 1403 2376 1457 τῶν
2412 1405 2706 1475 ἐσομένων,
2735 1406 2857 1460 ἀντὶ
2881 1405 3292 1471 τοῦ,Ἐστωσαν
3322 1409 3390 1480 δὴ
3432 1406 3531 1464 οῦν
3562 1410 3622 1462 τὶ

2029 1496 2431 1565 προειρημένα’
2468 1496 2564 1549 νῦν
2593 1496 2651 1550 δὲ
2674 1498 2939 1569 χωρῶμεν
2968 1499 3026 1551 ὲν
3057 1499 3135 1570 τῷ
3172 1499 3319 1572 λόγῳ
3342 1502 3439 1554 ἐπ’
3462 1503 3623 1572 αὐτὴν

2028 1586 2128 1657 τὴν
2157 1585 2251 1639 τοῦ
2282 1587 2487 1655 ἀγαθοῦ
2514 1588 2830 1659 ὀνομασίαν,
2862 1593 2930 1661 ἢν
2963 1591 3334 1663 διαφερόντως
3357 1596 3413 1646 οἱ
3449 1595 3623 1649 θεολό.

2028 1695 2115 1746 γοι
2144 1679 2456 1732 ἀνατιθέασι
2485 1683 2551 1752 τῇ
2595 1680 2828 1752 θεότητι,
2850 1682 3065 1735 πάντων
3089 1683 3198 1737 τῶν
3226 1686 3625 1756 παραχθέντων

2028 1773 2247 1845 δηλαδὴ,
2280 1775 2361 1826 ὅτι
2389 1775 2457 1828 τὰ
2497 1776 2772 1842 πάντα·ὲξ
2804 1777 2975 1847 αὑτῆς
3018 1778 3296 1849 παρῆκται
3327 1779 3399 1832 δι’
3424 1780 3625 1848 ἀγαθό-

2029 1884 2186 1937 τητα,
2237 1865 2486 1935 λέγοντες
2536 1866 2704 1939 αὑτὴν
2748 1868 2849 1939 τὴν
2905 1868 2999 1922 τοῦ
3050 1869 3185 1922 Θεοῦ
3235 1870 3626 1941 ὑπερύπαρξιν

2030 1960 2345 2032 ἀγαθὸτητα
2385 1963 2479 2015 καὶ
2526 1960 2992 2033 αὐτοαγαθότητα.
3040 1963 3111 2015 Οὐ
3159 1962 3266 2033 μὴν
3309 1963 3369 2016 δὲ
3407 1964 3625 2018 ἀλλ’ὅτι

2031 2050 2130 2103 οὑκ
2152 2052 2443 2123 ἐπίκτητον
2473 2055 2567 2107 καὶ
2594 2054 2936 2126 συμϐεϐηκὸς
2959 2054 3070 2126 ἔχει
3095 2055 3154 2107 τὸ
3182 2055 3393 2123 ἀγαθὸν
3417 2060 3450 2110 6
3478 2056 3628 2120 Θεὸς,

2031 2143 2193 2207 ὥστε,
2227 2144 2355 2197 ἄλλο
2379 2163 2432 2198 τι
2472 2144 2551 2209 ὃν,
2580 2146 2939 2218 ὲπισύμϐαμα
2980 2148 3126 2217 ἔχειν
3156 2148 3218 2201 τὸ
3243 2149 3485 2216 ἀγαθὸν,

2035 2235 2193 2305 οὐσίᾳ
2221 2235 2315 2288 τοῦ
2348 2236 2551 2305 ἀγαθοῦ
2581 2237 2741 2302 αὑτὸς
2762 2238 3041 2309 ὑπάρχων,
3072 2239 3303 2292 ἐκτείνει
3331 2242 3469 2312 περὶ
3497 2243 3630 2294 πάν-

2031 2343 2130 2389 τας
2162 2328 2262 2399 τὴν
2299 2328 2395 2399 τῆς
2430 2328 2765 2401 ἀγαθὸτητος
2790 2329 2983 2402 αἴγλην
3014 2330 3255 2399 φυσικῶς
3289 2334 3350 2384 ἐν
3385 2332 3473 2402 τῷ
3495 2329 3629 2395 εἶναι

2034 2421 2261 2491 ἀγαθόν.
2292 2424 2509 2494 ’Ὠσπερ
2532 2422 2641 2494 γὰρ
2664 2425 2693 2477 6
2727 2424 2877 2493 ἥλιος
2915 2425 3015 2476 οὐκ
3040 2423 3168 2477 ἄλλο
3200 2443 3253 2477 τι
3280 2428 3359 2479 ὢν
3386 2428 3546 2500 παρὰ
3572 2429 3632 2481 τὸ

2038 2514 2310 2585 φῶς,οὑδὲ
2338 2516 2602 2586 ἑτέρωθεν
2620 2516 2679 2569 τὸ
2710 2515 2824 2584 φῶς
2853 2514 3144 2586 λαμϐάνων
3164 2515 3393 2585 φωτίζει
3419 2535 3435 2548 ·
3470 2520 3632 2582 αὐτὸς

2036 2606 2144 2677 γάρ
2186 2608 2301 2659 ἐστι
2328 2607 2462 2675 φῶς,
2489 2607 2582 2660 καὶ
2606 2606 2829 2675 φωτίζει
2869 2605 3112 2675 φυσικῶς
3148 2610 3205 2661 ἐν
3230 2608 3308 2679 τῷ
3337 2604 3484 2662 εἶναι
3514 2611 3630 2679 φῶς

2034 2696 2211 2749 πάντα
2236 2695 2304 2749 τά
2327 2696 2600 2767 δυνάμενα
2624 2699 2871 2768 μετέχειν
2898 2696 3085 2759 αὑτοῦ,
3112 2698 3233 2750 οὔτε
3250 2699 3629 2772 λογιζόμενος,

2032 2786 2157 2838 οῦτε
2186 2787 2615 2858 προαιρούμενος
2636 2804 2649 2817 ·
2684 2787 2756 2858 μὴ
2785 2788 3034 2857 φωτίζων
3066 2789 3175 2859 γὰρ
3215 2789 3339 2842 οὐδέ
3367 2808 3435 2859 γε
3478 2792 3631 2860 ἥλιος

2035 2876 2101 2929 ἂν
2132 2876 2218 2948 εἴη
2238 2896 2251 2909 ·
2276 2879 2373 2932 καὶ
2395 2881 2448 2934 τί
2477 2882 2542 2935 ἂν
2576 2881 2660 2952 εἴη
2688 2882 2813 2935 ἄλλο
2848 2882 3060 2950 λογίσαι
3107 2884 3166 2937 τὸ
3196 2885 3457 2953 φωτίσαι,
3488 2890 3517 2940 6
3555 2888 3629 2957 μὴ

2034 2970 2110 3023 ὢν
2161 2971 2309 3040 φῶς;
2352 2972 2520 3026 τοῦτο
2559 2974 2668 3047 γάρ
2706 2977 2958 3046 ἐμφαίνει
3000 2978 3028 3030 6
3068 2979 3240 3045 ἅγιος,
3288 2980 3383 3033 καὶ
3421 2981 3523 3050 οὑχ
3550 2983 3629 3033 ὅτι

2034 3066 2222 3129 ἁπλῶς
2263 3067 2458 3137 ἄλογός
2496 3070 2612 3122 ἐστι
2652 3070 2747 3122 καὶ
2775 3071 3138 3142 ἀπροαίρετος
3174 3073 3203 3123 6
3239 3073 3417 3144 ἥλιος,
3470 3075 3631 3128 τοῦτο

2036 3155 2145 3229 γὰρ
2173 3156 2350 3227 δῆλον,
2383 3157 2480 3211 καὶ
2511 3157 2665 3211 οὐδὲν
2693 3159 2830 3230 πρὸς
2865 3160 2926 3213 τὸ
2964 3163 3325 3233 προκείμενον
3351 3180 3364 3193 ·
3390 3164 3542 3216 οὕτω
3563 3164 3628 3234 δὴ

2035 3249 2131 3301 καὶ
2169 3248 2231 3300 τὸ
2273 3248 2413 3321 ὑπὲρ
2461 3249 2614 3319 ἥλιον
2660 3250 2865 3319 ἀγαθὸν
2910 3254 2938 3305 6
2966 3252 3120 3319 Θεὸς,
3163 3254 3225 3306 τὺ
3266 3254 3629 3328 ὲξῃρημένως

2037 3341 2345 3413 ἀρχέτυπον
2374 3343 2508 3414 πρὸς
2528 3344 2784 3415 τοιαύτην
2813 3347 3091 3417 σκοτεινὴν
3121 3348 3214 3400 καὶ
3240 3352 3411 3417 μηδὲν
3450 3367 3633 3419 παροι-

2040 3434 2369 3506 μοιάζουσαν
2408 3436 2612 3499 εἰκόνα,
2665 3438 2801 3507 αὐτῇ
2850 3439 2915 3506 τῇ
2951 3437 3203 3509 ὑπάρξει,
3244 3440 3336 3492 καὶ
3375 3436 3457 3507 τῷ
3488 3438 3631 3493 εἶναι

2037 3525 2259 3593 ἀγαθὸς,
2303 3525 2402 3606 τὰς
2438 3526 2662 3590 ἀκτῖνας
2700 3527 2797 3598 τῆς
2822 3527 3154 3598 ἀγαθότητος
3192 3530 3473 3599 ἀναλόγως
3516 3535 3632 3594 τοῖς

2035 3610 2187 3668 οὖσιν
2211 3613 2417 3684 ἐφίησι.
2456 3614 2555 3668 Διά
2583 3614 2789 3687 ταύτης
2811 3619 2868 3671 αἱ
2902 3619 3149 3689 οὐράνιαι
3178 3620 3358 3673 οὐσίαι
3385 3621 3635 3693 ὑπέστη-

2039 3724 2159 3769 σαν,
2194 3709 2248 3760 αῐ
2278 3705 2465 3777 νοηταί
2488 3723 2547 3758 τε
2573 3707 2667 3759 καὶ
2690 3710 2893 3780 νοεραί.
2926 3710 3085 3764 Ἀλλο
3107 3712 3165 3765 δέ
3191 3715 3307 3766 ἐστι
3336 3714 3398 3766 τὸ
3413 3716 3630 3786 νοητὸν,

2036 3801 2132 3855 καὶ
2162 3800 2289 3854 ἄλλο
2316 3800 2376 3852 τὸ
2398 3799 2601 3871 νοερόν.
2643 3800 2716 3852 Τὸ
2740 3800 2849 3871 γάρ
2878 3804 3068 3874 νοητὸν
3093 3799 3181 3858 οἷά
3211 3823 3295 3869 τις
3324 3805 3503 3877 τροφὴ
3531 3807 3631 3860 τοῦ

355 3915 548 3957 omnes
571 3895 939 3966 intelligibiles
970 3909 1032 3950 ac
1064 3895 1430 3966 intelligentes
1453 3895 1771 3953 substantiae
1797 3911 1833 3952 Ct

2154 3890 2224 3943 ›οῦ
2253 3892 2419 3955 ἐστιν,
2446 3890 2605 3961 εἴπερ
2618 3890 2679 3943 τὸ
2695 3891 3002 3963 νοούμενον,
3026 3896 3054 3948 ὅ
3074 3898 3190 3948 ἐστι
3208 3898 3418 3966 νοητὸν,
3442 3898 3632 3967 μεῖζὸν

355 3996 584 4051 sistunt.
615 3992 778 4047 Aliud
813 4000 997 4045 autem
1021 3999 1105 4045 est
1130 3989 1472 4061 iutelligibile
1516 3999 1572 4047 et
1600 3990 1743 4044 aliud
1770 3990 1935 4046 intel-

357 4088 551 4157 ligens,
594 4100 718 4139 nam
748 4084 803 4140 id
830 4086 973 4153 quod
1003 4082 1345 4153 intelligibile
1386 4091 1490 4151 est,
1550 4093 1633 4139 est
1659 4083 1806 4139 velut
1835 4083 1936 4137 ali-

360 4188 603 4234 mentum
651 4175 769 4244 ejus
813 4178 956 4244 quod
1008 4174 1308 4243 intelligit;
1369 4175 1627 4243 quoniam
1682 4176 1735 4229 id
1791 4175 1935 4245 quod

360 4270 706 4338 intelligitur,
743 4282 840 4323 seu
866 4267 1229 4337 intelligibile,
1282 4267 1523 4323 nobilius
1557 4278 1659 4333 est,
1687 4277 1742 4323 et
1773 4279 1935 4323 antea

360 4360 699 4431 intelligitur,
726 4373 890 4428 quam
930 4358 986 4413 id
1033 4359 1174 4428 quod
1223 4357 1501 4427 intelligit,
1526 4357 1581 4413 id
1614 4367 1700 4413 est
1731 4358 1935 4414 intelli-

356 4469 515 4527 gens.
549 4452 874 4522 Superiores
905 4450 1072 4521 igitur
1102 4459 1156 4505 et
1193 4449 1306 4505 Deo
1339 4450 1502 4506 vicini
1542 4450 1767 4506 ordines
1805 4465 1937 4521 pro-

360 4548 481 4619 prie
511 4544 729 4600 dicendi
774 4551 902 4599 sunt
932 4541 1317 4607 intellectiles;
1352 4541 1647 4597 inferiores
1670 4556 1802 4598 vero
1846 4542 1926 4596 in-

363 4638 691 4709 telligenles,
720 4642 782 4690 ut
818 4634 909 4705 qui
939 4633 1245 4703 intelligant
1275 4632 1627 4701 superiores;
1654 4646 1762 4687 non
1814 4632 1937 4688 ideo

363 4742 548 4786 tamen
579 4731 726 4800 quod
775 4724 1124 4783 intellectiles
1163 4723 1436 4787 dicantur,
1470 4724 1562 4793 qui
1615 4724 1935 4791 intelligun-

364 4834 475 4891 tur,
508 4821 841 4878 censendum
874 4826 960 4872 est
987 4816 1135 4887 ipsos
1159 4831 1265 4869 non
1302 4816 1642 4886 intelligere;
1671 4816 1774 4888 ipsi
1791 4818 1935 4871 enim

365 4916 699 4987 intelligunt,
726 4893 1218 4985 quoniam'mentes
1242 4919 1369 4966 sunt
1393 4920 1448 4966 et
1464 4911 1799 4967 substantiae.
1814 4910 1938 4965 Ideo

296 5002 299 5007 ’
367 5008 747 5078 intelliguntur
776 5006 1021 5076 quidem,
1062 5013 1121 5059 ut
1150 5005 1392 5061 materiae
1413 5014 1702 5074 expertes;
1732 5001 1936 5057 intelli-

368 5108 501 5169 gunt
528 5115 657 5155 vero
681 5109 796 5162 res,
820 5106 881 5153 ut
904 5098 1212 5167 incorporei
1235 5106 1298 5153 et
1326 5095 1818 5166 supermundiales,
1851 5109 1939 5147 ra-

364 5191 609 5245 tionibus
635 5205 815 5244 rerum
848 5203 1083 5260 superne
1113 5188 1679 5259 illustrat-i,ipsasque
1705 5187 1937 5257 mystice

363 5282 532 5354 38‘
565 5283 629 5335 ad
657 5258 945 5336 inferiores
968 5283 1190 5352 angelos
1218 5258 1578 5350 trajicientes.
1607 5280 1717 5334 Hos
1753 5288 1933 5333 autem
1970 5258 2012 5312 Ῑ)

364 5383 526 5427 vocat
553 5372 787 5427 virtutes
814 5379 869 5426 et
921 5374 1285 5442 operationes,
1320 5388 1426 5428 non
1454 5373 1595 5441 quod
1626 5385 1734 5426 non
1756 5370 1937 5426 subsi-

367 5472 534 5528 stant,
566 5465 661 5519 sed
683 5464 1047 5522 subsistentes
1068 5467 1180 5522 sint
1210 5481 1274 5521 ac
1288 5467 1559 5533 viventes,
1586 5476 1639 5521 et
1662 5473 1933 5533 potentes,

366 5565 422 5612 et
445 5554 691 5613 ellicaces
714 5566 957 5613 motuum
982 5560 1355 5631 propriorum;
1385 5576 1415 5615 a
1449 5560 1653 5617 Davide
1678 5558 1824 5615 enim
1844 5558 1932 5615 di-

2038 3986 2155 4035 ἐστι
2175 3983 2269 4035 καὶ
2286 3982 2777 4055 προεπινοούμενον
2802 3986 2896 4039 τοῦ
2924 3985 3195 4051 νοοῦντος,
3224 3988 3251 4039 ὅ
3279 3988 3627 4059 ὲστινοερόν.

2039 4074 2119 4127 Τὰ
2140 4074 2240 4145 μὲν
2260 4070 2353 4128 οὖν
2373 4073 2748 4145 ὑπερκείμενα
2765 4077 2858 4129 κοιλ⁵
2875 4079 3115 4150 προσεχῆ
3140 4079 3218 4150 τῷ
3234 4079 3355 4150 Θεῷ
3368 4082 3631 4152 τάγματα

2039 4167 2204 4238 νοητά
2262 4167 2466 4239 κυρίως
2503 4168 2741 4234 λεκτέον,
2787 4169 2855 4222 τὰ
2902 4170 2960 4223 δὲ
3011 4170 3389 4243 ὑποϐεϐηκότα
3438 4176 3628 4247 νοερὰ,

2038 4260 2134 4314 ἅτε
2172 4259 2396 4314 νοοῦντα
2420 4259 2489 4313 τὰ
2520 4260 2921 4332 ὑπερκείμενα·
2954 4262 3053 4333 οὑχ
3088 4263 3169 4316 ὅτι
3197 4263 3255 4316 δὲ
3292 4266 3469 4336 νοητά
3509 4269 3630 4321 ἐστι

2037 4353 2105 4406 τά
2148 4352 2428 4424 νοούμενα,
2461 4354 2745 4425 νομιστέον
2771 4352 2908 4407 αὑτά
2940 4356 3015 4425 μὴ
3058 4358 3198 4408 νοεῖν
3218 4375 3231 4385 ·
3262 4358 3377 4410 νοεῖ
3398 4358 3511 4431 γὰρ
3532 4361 3631 4412 καὶ

2038 4448 2199 4514 αὑτὰ,
2230 4449 2417 4520 ἐπειδὴ
2443 4448 2562 4512 νόες
2588 4449 2696 4501 εἰσὶ
2720 4448 2815 4502 καὶ
2856 4447 3056 4501 οὐσίαι.
3090 4449 3185 4501 Διὸ
3221 4448 3471 4503 νοοῦνται
3505 4451 3627 4521 μὲν,

2038 4542 2113 4606 ὡς
2143 4542 2315 4607 άῦλοι,
2345 4541 2523 4595 νοοῦσι
2553 4541 2611 4593 δὲ
2651 4540 2717 4594 τὰ
2744 4541 2892 4606 ὄντα,
2922 4540 2999 4604 ὡς
3040 4541 3157 4604 νόες
3197 4540 3486 4613 ἀσώματοι
3534 4546 3631 4597 καὶ

2039 4634 2422 4707 ὑπερκόσμιοι,
2471 4632 2678 4688 ἀνωθεν
2732 4633 3135 4705 ὲλλαμπόμενοι
3162 4635 3291 4697 τοὺς
3344 4635 3482 4705 περὶ
3518 4634 3629 4687 τῶν

2038 4726 2207 4780 ὄντων
2229 4725 2443 4795 λόγους,
2459 4726 2553 4777 καὶ
2584 4722 2987 4788 διαϐιϐάζοντες
3020 4725 3218 4788 αὐτοὺς
3241 4725 3527 4795 μυστικῶς
3548 4726 3628 4787 εἰς

2036 4821 2162 4882 τοὺς
2185 4817 2593 4889 ὑποϐεϐηκότας
2630 4815 2914 4885 ἀγγέλους.
2944 4817 3212 4887 Δυνάμεις
3238 4816 3295 4869 δὲ
3340 4817 3437 4870 καὶ
3478 4820 3629 4888 ἐνερ-

2037 4911 2191 4979 γείας
2212 4910 2359 4979 λέγει
2387 4909 2592 4974 ταύτας
2612 4910 2712 4962 οὑκ
2732 4909 3155 4971 ἀνυποστάτους,
3175 4906 3289 4961 ἀλλ’
3323 4910 3627 4961 ἐνυποστά-

2036 5021 2161 5066 τους
2189 5004 2283 5057 καὶ
2308 5000 2507 5066 ζώσας,
2530 5002 2760 5066 δυνατάς
2787 5020 2847 5055 τε
2866 5002 2960 5055 καὶ
2987 5002 3230 5072 ὲνεργεῖς
3254 4998 3365 5053 τῶν
3409 5001 3626 5053 οἰκείων

2037 5099 2322 5168 κινήσεων,
2338 5098 2549 5151 δυνατοὶ
2564 5096 2673 5167 γὰρ
2692 5098 2834 5168 ἰσχύϊ
2848 5115 2924 5150 πα
2932 5097 2998 5167 ρὰ
3013 5095 3091 5167 τῷ
3104 5087 3264 5149 Δαυῗδ
3273 5094 3546 5163 λέγονται.
3556 5096 3625 5146 Ἦ

2039 5194 2134 5243 καὶ
2164 5189 2337 5254 άλλως
2357 5190 2612 5260 δυνάμεις
2638 5188 2757 5260 μὲν,
2798 5189 2984 5260 ἐπειδὴ
3020 5189 3115 5241 καὶ
3148 5188 3313 5258 μήπω
3334 5188 3448 5239 τῶν
3470 5190 3529 5238 ἐν
3558 5189 3624 5255 τῇ

2044 5285 2220 5337 κτίσει
2243 5284 2539 5353 φανέντων,
2562 5282 2790 5353 δυνάμει
2818 5282 2995 5335 πάντα
3016 5279 3095 5351 τῷ
3110 5276 3229 5349 Θεῷ
3252 5277 3617 5349 προῦφειστήν

2045 5394 2152 5437 κει,
2201 5376 2464 5446 μέλλοντα
2512 5374 2857 5446 παράγεσθαι
2897 5374 2964 5427 δι’
3008 5371 3170 5426 αὑτοῦ
3229 5373 3310 5434 είς
3356 5370 3418 5423 τὸ
3462 5364 3619 5422 εἶναι·

2042 5467 2310 5538 ἐνέργειαι
2336 5466 2413 5531 δὲ,
2449 5467 2530 5519 ὅτι
2561 5466 2655 5518 καὶ
2696 5465 2832 5535 πρὸς
2870 5464 3027 5534 ἔργον
3052 5463 3084 5533 ἡ
3112 5460 3443 5531 δημιουργία
3480 5472 3621 5529 παρ-

2042 5558 2202 5630 ήχθη.
2241 5556 2341 5611 Διά
2373 5555 2573 5620 ταύτας
2601 5555 2700 5619 τὰς
2738 5556 2962 5618 ἀκτῖνας
2998 5553 3098 5623 τῆς
3129 5551 3489 5625 ἀγαθότητος,
3530 5546 3622 5603 τιιί

438 5734 552 5807 (39)
592 5733 725 5793 Vide
757 5737 976 5797 Scholia
1006 5737 1062 5795 S.
1095 5737 1487 5806 Maximi,tom.
1520 5737 1584 5803 ll,
1616 5752 1735 5809 cap.
1768 5738 1803 5794 4
1853 5736 1931 5794 De
1954 5735 2145 5792 divinis
2180 5736 2382 5793 nomin.
