3752 6300
181 322 289 379 πο
768 331 856 386 DE
894 332 1145 391 DlVlNlS
1177 318 1574 407 NOMINIBUS,
1612 342 1765 400 CAP.
1804 346 1891 402 Π.
1928 380 1997 389 -
2029 348 2378 408 PARAPHR.
2414 353 2889 419 PACllYMERIE.
3354 371 3459 431 750

183 439 323 491 εἰσιν
342 439 507 494 αὐταὶ
528 444 624 497 καὶ
640 441 796 510 ζῶσι,
813 448 909 500 καὶ
928 449 1281 507 ἀνέκλειπτον
1297 454 1479 526 ἔχουσι
1496 457 1597 527 τὴν
1615 458 1665 523 ξι

1977 474 2083 518 itur
2098 479 2330 535 potentes
2349 470 2539 526 virtute
2552 476 2564 512 ί
2579 472 2696 530 .Vel
2711 476 2874 531 etiam
2898 480 3004 534 alio
3021 484 3179 540 modo
3198 484 3459 545 :Virttttes

183 530 591 602 καθαρεύουσαι
616 538 710 590 καὶ
737 537 943 611 φθορᾶς
974 543 1067 595 καὶ
1098 544 1351 612 θανάτου,
1379 549 1473 601 καὶ
1509 548 1658 621 ὕλης,

183 624 461 649 -.-..1_--_-
513 628 679 649 An,,\
728 631 777 649 Si
815 635 826 649 ι
1024 636 1048 647 ~
1096 637 1119 649 Α
1211 640 1221 649 .
1448 642 1466 649 _
1506 643 1519 649 -

1981 555 2125 619 dem,
2159 561 2315 629 quod,
2356 577 2481 616 cum
2538 567 2766 621 necdum
2799 583 3069 627 creaturae
3099 591 3456 649 apparerent,

182 624 481 692 γενέσεως.
511 628 691 702 Φθορά
722 631 779 684 δέ
810 635 926 687 ἑστι
956 636 1050 689 τοῦ
1093 637 1325 694 θανάτου
1367 642 1664 698 καθολικωτ

182 714 212 736 3
238 718 279 736 ,9
359 719 373 736 \
451 719 462 736 1
508 720 529 736 11
631 723 643 736 1
845 727 866 736 ﬂ
984 731 995 736 ·
1076 732 1084 736 ·
1185 733 1194 736 ⁸
1280 732 1301 736 “⁴
1416 735 1420 736 ⁷
1458 735 1462 736 ⁷

2182 624 2189 625 ,
2308 624 2315 629 .
3101 624 3457 649 "rr"""'""

1978 648 2065 701 nia
2085 649 2285 704 virtute
2304 652 2353 704 in
2384 654 2659 711 Deoautea
2675 660 3039 729 substiterint,
3058 682 3177 736 qua:
3200 669 3267 724 ab
3289 686 3377 736 eo,
3399 683 3459 727 ut

179 714 215 785 ἢ
233 718 384 780 εἰςτὸ
402 719 479 791 μὴ
508 720 567 774 ὃν
588 723 820 796 κίνησις,
840 727 962 797 ἦτις
980 731 1097 782 ἐστὶ
1113 733 1206 784 καὶ
1234 732 1343 787 τῶν
1360 735 1602 807 ἀψύχων.
1627 739 1661 790 Γ

2814 714 2819 715 ,
3061 714 3176 736 ν...
3200 714 3264 724 ,υ
3290 714 3377 736 νυ,
3400 714 3456 727 ...

1974 748 2086 800 ent,
2115 743 2465 808 producenda
2500 759 2652 801 erant
2690 751 3084 821 :Operationes
3121 775 3277 829 vero,
3311 767 3456 834 quod

182 830 321 878 σεως
335 816 392 869 δὲ
413 817 686 891 ἀνώτεραι
708 824 763 875 αἱ
787 822 1062 896 δυνάμεις,
1084 827 1184 898 οὐχ
1210 830 1292 882 ὅτι
1313 832 1412 884 οὐκ
1436 833 1664 907 ἐγενήθη

1974 844 2133 884 atura
2187 835 2350 888 etiam
2406 839 2472 891 ad
2529 844 2904 909 operationem
2952 851 3209 918 perducta
3267 855 3452 913 fuerit.

178 905 298 975 (καὶ
324 907 436 980 γὰρ
465 911 1018 989 ἑδημιουργήθησαν),
1057 919 1173 972 ἀλλ’
1197 921 1277 975 ὅτι
1304 923 1363 990 ἑξ
1385 924 1519 996 ὕλης
1542 905 1603 980 ού
1628 945 1660 980 cr

1966 930 2107 987 )pter
2131 926 2290 977 hosce
2314 928 2572 984 bonitatis
2599 936 2778 990 radios
2799 947 2853 991 et
2872 951 2997 994 sunt
3019 942 3118 1012 ipsi
3150 956 3205 999 et
3239 948 3448 1017 vivunt,

178 1013 385 1068 στησαν
403 1016 417 1028 ⁸
444 1001 674 1055 τοιαῦτα
708 1003 815 1076 γὰρ
841 1005 907 1059 τά
948 1009 1007 1061 ὲν
1032 1009 1245 1077 γενέσει
1271 1014 1366 1065 καὶ
1394 1014 1588 1087 φθορᾷ,
1611 1011 1660 1070 oi

1969 1011 2125 1065 vitam
2161 1013 2362 1069 habent
2390 1021 2814 1095 indeﬁcientcm,
2843 1039 2897 1083 et
2934 1046 2965 1085 a
2991 1001 3367 1105 corruptione,
3396 1001 3451 1095 ei

176 1088 275 1160 ῦλη
306 1091 666 1166 ὑποκειμένη,
709 1098 756 1149 εὶ
800 1098 898 1168 μὲν
935 1096 1075 1165 εἶδος
1111 1104 1345 1171 δέξεται,
1389 1109 1658 1164 εἰδοποιεῖει

1970 1115 2071 1167 rte,
2101 1117 2156 1160 et
2186 1112 2441 1174 materia,
2466 1123 2519 1167 et
2544 1121 2899 1184 generatione
2941 1136 3072 1178 sunt
3105 1127 3284 1183 liberi.
3314 1132 3449 1185 Cor-

173 1184 271 1235 καὶ
296 1184 405 1236 ἰδοὺ
425 1184 484 1236 ὅν
502 1203 555 1239 τι
573 1190 807 1256 ὲγένετο’
828 1195 875 1245 εἰ
896 1193 951 1246 δὲ
972 1197 1257 1271 στερηθείη
1280 1202 1372 1255 τοῦ
1386 1203 1490 1256 είδο
1502 1221 1581 1269 υς,
1601 1224 1655 1275 χο

1965 1197 2050 1251 itio
2071 1209 2276 1265 autem,
2303 1219 2424 1273 qua:
2450 1209 2622 1279 magis
2652 1210 2758 1266 late
2778 1224 2923 1282 patet
2954 1229 3144 1283 morte,
3175 1232 3259 1276 est
3281 1225 3447 1279 motio

170 1274 310 1346 πρὸς
335 1276 396 1328 τὸ
420 1278 676 1346 ἀνείδεον,
708 1285 801 1336 καὶ
838 1285 945 1339 ἰδοῦ
970 1286 1147 1359 φθορὰ
1168 1307 1316 1355 τινος
1344 1293 1518 1358 ὄντος,
1563 1274 1655 1349 καὶ
1686 1274 1765 1364 εἰς

168 1365 231 1418 τὸ
261 1367 336 1439 μὴ
375 1368 436 1421 ὃν
466 1369 701 1442 κίνησις.
748 1378 812 1429 Δί
851 1377 906 1431 δὲ
949 1379 1090 1435 θεῖαι
1124 1382 1384 1454 δυνάμεις
1422 1389 1516 1441 xal
1560 1390 1763 1444 τούτων

166 1458 437 1533 ἁνώτεραι
476 1462 586 1515 τῶν
631 1465 844 1539 φθορῶν
884 1488 943 1523 τε
986 1474 1078 1525 καὶ
1104 1474 1212 1527 τῶν
1238 1477 1530 1543 γενέσεων,
1558 1481 1639 1533 ὅτι
1666 1482 1761 1535 καὶ

164 1549 338 1615 eam,
359 1556 565 1627 καὶτῆς
583 1559 814 1631 ῥευστῆς
829 1561 1165 1630 ἀλλοιώσεως
1180 1568 1568 1641 ἀνῳκισμέναι.
1589 1573 1760 1628 Τοῦτο

162 1641 217 1694 δὲ
242 1642 415 1713 λέγει,
445 1648 637 1721 ἐπειδὴ
674 1653 899 1721 τρεπτοὶ
924 1656 1019 1708 καὶ
1050 1658 1098 1709 οἰ
1133 1657 1352 1727 ἄγγελοι
1392 1662 1756 1737 ὲδημιουργή-

162 1734 356 1807 θησαν,
406 1740 544 1793 ἀλλὰ
574 1743 716 1797 κατὰ
747 1744 1062 1820 γνώμην,οὑ
1096 1753 1215 1805 κατ’
1238 1754 1425 1807 οὐσίαν
1445 1772 1459 1785 ο
1484 1756 1608 1811 ὅθεν
1632 1761 1752 1814 κατ’

1866 1290 1932 1341 ad
1961 1290 2011 1343 id
2043 1292 2185 1359 quod
2218 1310 2323 1348 non
2353 1308 2459 1363 est,
2482 1315 2601 1370 quae
2622 1305 2787 1358 etiam
2811 1313 3074 1378 competit
3106 1314 3442 1372 inanimatis.

1868 1381 2107 1437 Virtutes
2134 1393 2318 1441 autem
2345 1394 2699 1459 generatione
2750 1408 2881 1454 sunt
2928 1402 3301 1475 sublimiores,
3335 1425 3444 1466 non

1862 1477 2133 1545 quodnon
2182 1480 2337 1536 factae
2373 1483 2484 1538 sint
2531 1485 2822 1557 (siquidem
2893 1504 3091 1549 creatae
3141 1500 3312 1568 sunt),
3345 1504 3443 1556 scel

1862 1572 2004 1635 quod
2039 1584 2144 1621 non
2177 1581 2438 1628 constent
2472 1579 2743 1645 materia;
2774 1580 3079 1639 istiusmodi
3113 1589 3256 1643 enim
3289 1603 3440 1657 sunt,

1860 1672 1980 1725 qua:
2012 1658 2063 1712 in
2109 1664 2464 1730 generatione
2494 1682 2558 1723 ac
2587 1672 2942 1741 corruptione
2973 1688 3284 1745 versantur,
3318 1686 3441 1753 qui-

1858 1749 1961 1805 bus
1987 1754 2221 1809 materia
2247 1756 2515 1827 subjecta,
2542 1761 2589 1814 si
2626 1764 2853 1831 quidem
2889 1766 3122 1824 formam
3151 1749 3437 1845 suscipiat,

159 1828 349 1882 οὐσίαν
377 1832 497 1884 ἐστὶ
523 1834 736 1898 τούτοις
769 1838 864 1890 καὶ
892 1839 954 1892 τὸ
985 1841 1362 1898 ἀναλλοίωτον.
1394 1847 1592 1919 Νοητοὶ
1618 1867 1641 1919 γ

2347 1819 2364 1827 -
2503 1819 2511 1823 .
2645 1819 2661 1831 .
3151 1819 3437 1845 "ww-..

1955 1852 2199 1905 irmatur,
2232 1856 2284 1901 et
2309 1864 2439 1903 ecce
2468 1850 2674 1919 aliquid
2708 1854 2850 1910 facta
2870 1866 2988 1925 est;
3016 1860 3065 1914 si
3105 1876 3233 1916 vero
3257 1863 3437 1923 forma

157 1918 295 1971 εἰσιν
319 1919 397 1983 ὡς
420 1920 726 1993 ἀσώματοι,
760 1926 852 1980 καὶ
874 1931 1006 2000 παρ’
1032 1931 1278 2005 ἀλλήλων
1307 1938 1400 1991 καὶ
1430 1941 1559 2012 παρ’
1590 1937 1748 2013 ἡμῶν

154 2010 406 2066 ὁπωσοῦν
434 2015 739 2087 νοούμενοι,
788 2022 881 2074 καὶ
901 2025 1076 2095 νοεροὶ
1105 2025 1181 2089 ὡς
1197 2028 1334 2094 νόες,
1363 2032 1455 2084 καὶ
1475 2033 1553 2086 ὅτι
1580 2035 1749 2107 ὑπερ-

156 2104 401 2173 κοσμίως
425 2106 660 2174 νοοῦσιν,
682 2112 1064 2181 ἐπιϐάλλοντες
1089 2117 1156 2171 δι’
1174 2119 1493 2192 ἑλλάμψεως
1520 2129 1633 2191 τοῖς
1659 2104 1747 2181 λό-

152 2211 271 2263 γοις
290 2196 401 2251 τῶν
422 2199 595 2254 ὄντων
631 2204 725 2256 καὶ
751 2205 851 2258 οὐκ
874 2208 1145 2280 αἰσθητῶς
1166 2212 1257 2282 ζὼς
1279 2216 1437 2285 ἡμεῖς
1465 2218 1575 2271 τῶν
1606 2238 1746 2292 πρα-

150 2287 379 2356 γμάτων
401 2289 949 2366 ἀντιλαμϐανόμενοι.
981 2299 1043 2352 Εἰ
1073 2300 1129 2354 δὲ
1172 2304 1268 2356 καὶ
1290 2307 1453 2376 ἡμεῖς
1483 2287 1742 2374 πολλάκις

147 2380 259 2441 τοῖς
289 2378 473 2448 λόγοις
498 2382 882 2457 ἑπιϐἀλλομεν,
909 2388 1023 2443 ἀλλ’
1050 2391 1491 2466 ἑπιστημονικῶς
1522 2401 1617 2454 καὶ
1642 2402 1742 2467 τὰς

149 2471 326 2542 ἀρχὰς
352 2471 570 2543 ἔχοντες
597 2475 660 2541 ἐξ
683 2478 1008 2550 αἰσθήσεως,
1050 2485 1145 2537 καὶ
1176 2485 1264 2539 διὰ
1304 2488 1462 2541 τοῦτο
1498 2491 1739 2563 δεόμενοι

144 2564 352 2634 ταύτης
372 2582 393 2639 Ἰ
447 2566 603 2621 οὐδὲν
653 2569 762 2641 γὰρ
804 2570 909 2638 ἔξω
948 2574 1049 2645 τῆς
1103 2577 1407 2650 αἰσθήσεως
1454 2585 1737 2655 γινόμενον

144 2655 326 2725 ἴσμεν,
352 2657 459 2711 κᾶν
486 2660 785 2733 ᾐσθημένοι
813 2657 961 2736 ὦμεν
987 2669 1173 2722 αὐτοῦ.
1217 2672 1353 2725 Ἀλλ’
1376 2675 1426 2726 οἰ
1463 2675 1595 2729 θεῖοι
1618 2679 1736 2744 νόες

141 2748 536 2820 ὑπερκοσμίως
561 2755 686 2818 τοὺς
707 2754 895 2826 λόγους
921 2759 1308 2832 ἐλλάμπονται,
1338 2769 1435 2820 καὶ
1458 2772 1570 2833 τοῖς
1601 2788 1733 2841 συγ-

139 2840 324 2906 γενέσι
368 2842 856 2916 διαπορθμεύουσι,
903 2852 996 2903 καὶ
1034 2853 1189 2925 μονὴ,
1230 2858 1325 2910 καὶ
1368 2858 1598 2930 ἵδρυσις,
1639 2864 1732 2915 καὶ

138 2937 538 3007 συγκράτησις,
582 2942 674 2993 καὶ
718 2945 1047 3017 συντήρησις
1091 2949 1282 3013 αὐταῖς
1328 2953 1477 3005 ἑστιν
1518 2956 1583 3006 ὲκ
1630 2955 1731 3024 τῆς

136 3026 475 3099 ἀγαθότητος
490 3031 584 3084 τοῦ
610 3031 743 3087 Θεοῦ
764 3052 778 3066 ο
808 3039 902 3090 καὶ
928 3038 987 3090 τὸ
1010 3035 1147 3093 εἷναι
1172 3043 1373 3108 ταύτας
1398 3044 1587 3117 ὥσπερ
1607 3044 1729 3099 τινὰ

132 3119 322 3173 ἑστίαν
346 3124 440 3175 καὶ
468 3124 613 3177 θεῖον
642 3124 824 3198 βωμὸν
850 3129 960 3184 τῶν
984 3132 1048 3184 ἑκ
1073 3133 1207 3187 Θεοῦ
1230 3136 1469 3204 ἀγαθῶν.
1490 3141 1733 3195 Ἑστίαν

1856 1932 2125 2001 privetur,
2174 1934 2234 1990 ﬁt
2283 1938 2488 2008 aliquid
2519 1940 2773 2007 informe,
2810 1955 2862 2000 et
2893 1964 3023 2003 ecce
3052 1950 3305 2008 interitus
3334 1971 3434 2010 cu-

1845 2024 2063 2093 jusdam
2092 2030 2258 2096 entis,
2299 2041 2354 2087 et
2385 2034 2452 2087 ad
2482 2034 2533 2089 id
2560 2037 2705 2104 quod
2748 2054 2855 2093 non
2887 2049 2971 2095 est
3005 2043 3195 2100 motio.
3228 2044 3434 2103 Divina:

1848 2128 2031 2173 autem
2075 2121 2327 2189 virtutes,
2371 2127 2538 2181 etiam
2578 2128 2727 2184 hisce
2769 2132 3119 2191 sublimiores
3158 2144 3266 2192 tam
3305 2155 3432 2195 cor-

1850 2211 2198 2278 ruptionibus
2243 2229 2404 2285 quam
2434 2218 2904 2288 generationibus,
2930 2226 3191 2294 quoniam
3227 2240 3285 2283 et
3328 2230 3430 2285 im-

1848 2302 2156 2358 materiales
2179 2316 2330 2374 sunt,
2358 2318 2414 2363 et
2443 2310 2510 2365 ab
2548 2312 2696 2366 omni
2723 2310 2870 2367 ﬁuxa
2916 2318 3294 2375 immutatione
3325 2337 3427 2403 ex:

1845 2399 2061 2461 emptae.
2106 2392 2221 2449 Hoc
2251 2396 2403 2464 dicit,
2429 2400 2690 2469 quoniam
2721 2405 2897 2472 angeli
2924 2407 3092 2461 etiam
3128 2392 3426 2470 mutabiles

1841 2484 2013 2537 creati
2063 2484 2306 2552 fuerunt,
2337 2491 2435 2544 sed
2464 2494 2764 2549 secundum
2801 2501 3151 2565 sententiam,
3190 2518 3293 2558 non
3335 2520 3427 2561 se-

1841 2574 2078 2629 cundum
2131 2577 2544 2649 substantiam;
2610 2585 2757 2640 unde
2816 2591 2996 2656 quoad
3061 2592 3423 2650 substantiam

1838 2663 2003 2718 etiam
2028 2677 2157 2721 sunt
2196 2668 2587 2731 immutabiles.
2614 2676 2963 2735 lntellectiles
2988 2679 3175 2753 itaque
3196 2695 3342 2750 sunt.
3366 2686 3424 2743 in

1838 2765 2102 2823 quantum
2149 2758 2480 2829 incorporei,
2529 2775 2584 2820 et
2626 2775 2730 2820 tam
2779 2772 2849 2824 ab
2906 2770 3145 2828 invicem
3191 2791 3356 2844 quam
3389 2794 3422 2832 a

1836 2847 1993 2902 nobis
2011 2848 2198 2919 aliquo
2218 2854 2374 2907 modo
2403 2857 2641 2926 cogniti;
2674 2869 2729 2913 et
2756 2860 3031 2933 intelliget:
3044 2876 3145 2931 tes,
3171 2866 3224 2920 in
3244 2884 3421 2937 quan-

1836 2945 1948 2991 tum
1993 2950 2226 3007 mentes,
2262 2953 2316 2998 et
2348 2947 2607 3014 quoniam
2661 2955 3177 3020 supermundialiter
3212 2958 3416 3015 intelli-

1833 3042 1987 3103 gunt,
2020 3050 2118 3104 per
2149 3036 2568 3096 illustrationem
2598 3060 2779 3099 rerum
2815 3050 3055 3104 rationes
3083 3067 3418 3121 cognoscen-

1835 3133 1939 3193 tes,
1971 3135 2025 3181 et
2053 3144 2160 3183 non
2190 3132 2490 3200 sensiliter,
2522 3135 2598 3189 uti
2632 3151 2753 3203 nos,
2789 3154 2875 3193 res
2916 3144 3413 3211 apprehendentes.

132 3213 244 3284 γὰρ
279 3217 326 3268 οἰ
361 3218 585 3272 παλαιοὶ
622 3220 714 3273 τὸν
750 3221 933 3294 βωμὸν
963 3225 1213 3291 ἐκάλουν,
1238 3229 1299 3281 ἐν
1334 3223 1378 3298 ᾧ
1406 3230 1506 3295 τὰς
1532 3231 1614 3286 θυι

1932 3223 1985 3276 )ι1
2019 3222 2063 3276 si
2093 3238 2193 3277 nos
2224 3238 2442 3295 quoque
2476 3244 2580 3282 non
2612 3245 2735 3283 raro
2771 3246 2951 3286 rerum
2986 3235 3227 3292 rationes
3250 3237 3414 3293 intel-

130 3306 440 3363 ἐπετέλουν.
479 3311 707 3379 Ἔλεγον
743 3314 799 3367 δὲ
822 3316 917 3368 καὶ
942 3317 1134 3388 ἑτέραν
1157 3322 1353 3393 νοητὴν
1383 3324 1589 3391 ἑστίαν,
1620 3327 1719 3397 τὴν

131 3401 261 3469 περὶ
299 3401 358 3454 τὸ
393 3403 527 3456 αὐτὸ
550 3404 658 3458 τῶν
700 3406 860 3461 θείων
892 3409 1122 3481 ἵδρυσιν,
1153 3414 1218 3484 ἢν
1246 3416 1340 3467 καὶ
1370 3417 1523 3488 ἰεράν
1550 3416 1715 3491 εἶχον,

125 3492 225 3544 καὶ
246 3492 409 3562 ὅρκον
436 3494 699 3561 ἐτίθεντο,
730 3497 847 3551 Θεῖα
872 3499 929 3552 δὲ
954 3499 1021 3553 τὰ
1048 3502 1275 3573 οὐράνια
1306 3505 1513 3576 ἔλεγον.
1554 3511 1716 3580 Λέγει

128 3582 237 3653 γὰρ
261 3584 356 3636 καὶ
380 3586 411 3636 ὁ
446 3585 701 3651 Ἰουδαῖος
723 3588 896 3642 Φίλων
923 3592 982 3643 ἑν
1008 3591 1086 3662 τῷ
1111 3596 1244 3663 περὶ
1276 3597 1386 3667 τῆς
1420 3604 1717 3671 φλογίνης

122 3674 424 3743 ῥομφαίας
446 3677 549 3731 καὶ
574 3678 693 3732 τῶν
716 3682 999 3751 χερουϐὶμ
1042 3684 1186 3757 λόγῳ
1206 3705 1220 3718 ο
1258 3688 1322 3742 Ἦ
1355 3692 1411 3744 δὲ
1438 3694 1576 3766 μονὴ
1600 3696 1711 3750 τῶν

122 3766 220 3819 τοῦ
257 3768 467 3840 κόσμου
513 3771 716 3843 μερῶν,
746 3773 958 3829 ἑστῶσα
984 3779 1221 3847 παγίως,
1252 3782 1407 3838 ἑστία
1445 3788 1581 3858 πρὸς
1604 3789 1714 3842 τῶν

122 3861 371 3913 παλαιῶν
402 3863 710 3929 εὑθυϐόλως
747 3866 1089 3935 ὠνόμασται·
1119 3872 1325 3945 κόσμου
1358 3877 1497 3949 μέρη
1540 3879 1712 3949 λέγων

123 3951 217 4023 τὴν
242 3953 445 4022 φαῦσιν
463 3955 564 4009 τοῦ
592 3957 763 4028 ἡλίου,
811 3960 905 4011 καὶ
932 3960 1030 4033 τὴν
1056 3964 1149 4016 ἐπὶ
1176 3965 1238 4017 τὸ
1261 3967 1392 4020 αὐτὸ
1433 3969 1710 4025 ἀποκατά-

126 4062 318 4100 στασιν
339 4048 439 4119 τῆς
465 4048 720 4122 σελήνης,
753 4050 978 4124 αὔξησίν
1001 4072 1060 4107 τε
1086 4057 1178 4109 καὶ
1202 4059 1449 4128 μείωσιν,
1476 4061 1575 4135 τὴν
1601 4064 1710 4118 τῶν

123 4142 294 4197 ὖετῶν
323 4143 504 4215 χύσιν,
535 4144 636 4214 τὴν
663 4145 771 4198 τῶν
807 4146 1045 4218 βροντῶν
1074 4166 1133 4202 τε
1177 4152 1271 4203 καὶ
1295 4153 1593 4226 ἀστραπῶν
1623 4159 1711 4213 σύ-

122 4252 309 4289 στασιν
335 4236 428 4288 καὶ
452 4236 787 4306 οἰκονομίαν,
807 4239 902 4291 καὶ
926 4239 1094 4293 τᾶλλα
1124 4242 1160 4295 ἆ
1177 4240 1240 4314 δὴ
1256 4246 1396 4299 κατά
1413 4248 1513 4313 τάς
1538 4252 1709 4318 αὑτὰς

119 4328 299 4391 αἰτίας
332 4328 508 4382 εἰσαεί
545 4345 675 4380 ποτε
703 4329 938 4397 γίνονται
958 4348 971 4361 °
999 4332 1171 4387 ταῦτα
1190 4335 1299 4408 γὰρ
1322 4341 1482 4394 καὶοί
1517 4343 1707 4416 Ἕλλη-

1823 3312 2060 3380 ligimus,
2095 3323 2276 3370 tamen
2307 3318 2610 3374 scientiﬁce
2639 3322 2688 3375 id
2734 3322 2997 3381 habemus
3021 3340 3077 3382 et
3105 3330 3414 3398 dependen-

1825 3413 1905 3457 ter
1955 3421 1983 3459 a
2014 3421 2198 3474 sensu,
2232 3424 2341 3479 quo
2378 3411 2582 3466 idcirco
2613 3429 2867 3484 egemus;
2904 3419 3036 3473 nihil
3088 3422 3234 3476 enim
3266 3425 3412 3493 quod

1822 3512 2044 3552 sensum
2077 3498 2248 3569 fugiat
2278 3505 2685 3572 cognoscimus,
2725 3508 2829 3563 etsi
2853 3509 3017 3565 etiam
3045 3512 3162 3580 ejus
3189 3530 3410 3573 sensum

1820 3590 2142 3657 accipimus.
2171 3590 2243 3645 At
2272 3604 2482 3651 mentes
2514 3598 2712 3653 divinae
2742 3604 3257 3669 supermundialiter
3276 3608 3408 3664 illu-

1818 3690 2065 3736 strantur
2090 3685 2415 3754 rationibus,
2442 3697 2496 3741 et
2529 3689 2581 3742 in
2608 3701 2817 3746 mentes
2837 3706 3100 3765 cognatas
3124 3699 3406 3757 transfun-

1818 3776 1987 3843 dunt;
2020 3788 2075 3832 et
2105 3780 2337 3846 mansio,
2369 3792 2423 3835 et
2454 3783 2705 3851 ﬁrmitas,
2742 3795 2797 3840 et
2851 3794 3310 3863 contemperatio,
3344 3806 3405 3853 et;

1815 3872 2169 3926 conservatio
2206 3873 2339 3941 ipsis
2380 3884 2465 3932 est
2492 3889 2556 3929 ex
2591 3877 2835 3933 bonitate
2863 3880 2980 3946 Dei,
3006 3886 3260 3956 quodque
3290 3891 3404 3946 sint

1812 3961 1989 4016 instar
2035 3966 2292 4020 domicilii
2324 3966 2630 4035 cujusdam,
2663 3985 2727 4023 ac
2758 3972 2954 4026 divina:
2989 3990 3098 4031 ara:
3129 3979 3399 4038 bonorum

1813 4070 1933 4123 quae
1960 4070 2025 4108 ex
2060 4055 2171 4109 Deo
2203 4065 2358 4110 sunt.
2408 4056 2625 4109 Ἑστίαν
2659 4061 2803 4114 enim
2846 4075 3064 4120 veteres
3094 4083 3246 4124 aram
3297 4086 3399 4143 ap-

1813 4147 2113 4216 pellabant,
2150 4148 2203 4201 in
2236 4162 2341 4216 qua
2375 4152 2645 4207 sacriﬁcia
2675 4158 3101 4215 consecrabant.
3130 4161 3399 4222 Dicebant

1809 4237 1974 4292 etiam
2004 4238 2108 4292 alio
2130 4237 2294 4310 385
2326 4255 2490 4296 sensu
2514 4243 2723 4306 ἑστίαν,
2768 4246 2940 4313 ips-im
2968 4264 3146 4304 rerum
3177 4253 3394 4311 divina-

1812 4344 1932 4382 rum
1964 4328 2305 4397 ﬁrmitatem,
2348 4348 2510 4401 quam
2543 4348 2951 4390 sacrosanctam
3000 4340 3295 4409 habebant,
3335 4358 3394 4403 et

119 4436 203 4483 νες
238 4420 361 4473 θεῖα
394 4421 583 4486 ἔλεγον
616 4421 751 4492 πρὸς
795 4423 1203 4497 ἀντιδιαστολὴν
1246 4430 1355 4483 τῶν
1392 4432 1517 4486 καθ’
1561 4438 1593 4507 ἡ

1919 4422 2186 4477 urandum
2212 4424 2578 4492 appellabant,
2609 4441 2694 4481 res
2732 4439 2911 4483 autem
2943 4433 3199 4491 cwlestes
3230 4454 3394 4494 νοω..

116 4510 178 4563 δι’
204 4513 372 4578 ἄλλας
396 4514 491 4566 καὶ
511 4512 679 4577 ἄλλας
700 4516 878 4581 αἰτίας
906 4518 1146 4589 ρευστῶν
1168 4538 1226 4574 τε
1256 4525 1350 4577 καὶ
1376 4526 1700 4585 ἀλλοιωτῶν.

1809 4518 1942 4572 bant
1973 4517 2209 4571 divinas.
2253 4516 2409 4572 Philo
2449 4518 2615 4573 etiam
2656 4519 2895 4587 Judmus,
2934 4526 2985 4578 in
3026 4543 3279 4585 sermone
3325 4533 3391 4587 de

118 4606 223 4660 Καὶ
245 4607 310 4659 τὸ
333 4606 586 4677 ἐφίεσθαι
614 4607 773 4661 πάλιν
796 4610 895 4680 τῆς
923 4610 1071 4675 θείας
1111 4611 1306 4685 αἴγλης
1329 4616 1518 4683 αὐτὰς,
1566 4622 1600 4673 ἀ

1905 4625 2052 4662 nmea
2084 4608 2387 4678 rltomphaza
2415 4622 2463 4664 et
2496 4612 2787 4681 cherubim,
2814 4617 2891 4671 ait
2921 4635 2934 4671 :
2970 4618 3180 4675 Mansio
3202 4632 3387 4679 autem

118 4700 206 4751 καὶ
246 4697 311 4751 τὸ
337 4695 500 4762 εἶναι,
532 4697 710 4751 καὶτὸ
738 4694 795 4751 εὖ
831 4695 991 4764 εἶναι,
1030 4701 1095 4753 ἑκ
1130 4702 1335 4775 ταύτης
1360 4705 1461 4775 τῆς
1496 4707 1700 4776 ἀγαθό-

116 4808 273 4862 τητος
305 4790 513 4861 ἔχουσι,
568 4789 662 4843 καὶ
705 4790 839 4861 πρὸς
874 4792 1091 4863 ἐκείνην
1132 4793 1465 4861 ἀγαθοειδῶς
1499 4798 1702 4853 ἀποτυ-

118 4878 362 4945 ποῦνται,
390 4882 489 4935 καὶ
510 4883 633 4944 ταῖς
668 4882 785 4951 μετ’
814 4882 985 4946 αὐτὰς
1006 4883 1322 4961 κοινωνοῦσι
1352 4886 1460 4939 τῶν
1489 4887 1698 4961 δώρων,

116 4972 185 5037 ὡς
214 4975 243 5028 ὁ
274 4976 404 5047 περὶ
431 4971 608 5035 αὑτὰς
648 4972 790 5037 θεῖος
823 4973 924 5044 τῆς
960 4956 1249 5039 διαδόσεως
1277 4977 1439 5047 νόμος
1468 4956 1696 5052 ὑφηγεῖ-

115 5080 218 5119 ται.

1807 4702 2047 4772 partium
2091 4701 2305 4767 mundi,
2356 4716 2479 4756 cum
2523 4714 2628 4760 stet
2674 4708 2926 4775 ﬁrmiter,
2957 4712 3113 4765 ἑστία
3141 4715 3209 4769 ab
3243 4719 3387 4771 anti-

1805 4796 1928 4863 quis
1952 4802 2102 4849 recta
2119 4792 2434 4863 conjectura
2456 4798 2733 4854 nominata
2759 4810 2861 4865 est;
2885 4815 3066 4872 partes
3084 4809 3273 4863 mundi
3292 4825 3384 4866 vo-

1805 4901 1939 4942 cans
1978 4885 2246 4956 fulgorem
2311 4885 2442 4940 solis
2489 4899 2545 4941 et
2594 4889 2734 4945 luna:
2781 4894 2837 4947 in
2881 4898 3131 4951 eumdem
3178 4909 3383 4956 statum

1804 4980 2237 5045 restitutionem,
2270 4979 2777 5051 incrementumque
2807 5000 2871 5042 ac
2912 4988 3380 5063 imminutionem,

1799 5074 2109 5145 pluviarum
2150 5071 2492 5138 eﬁ'usionem,
2550 5074 2919 5133 tonitruorum
2978 5096 3042 5136 ac
3101 5083 3378 5156 fulgurum

116 5162 559 5218 constitutionem
610 5178 676 5219 ac
733 5166 1215 5237 dispensationem,
1269 5176 1577 5239 caeteraque
1615 5186 1736 5242 qua:
1776 5168 2075 5226 secundum
2109 5167 2326 5223 easdem
2360 5178 2621 5237 perpetuo
2678 5171 2843 5238 ﬁunt;
2874 5189 2998 5228 nam
3050 5177 3164 5234 haec
3210 5183 3380 5237 etiam

114 5255 336 5319 gentiles
354 5257 545 5311 divina
577 5259 960 5325 nominabant,
982 5260 1049 5315 ad
1068 5258 1479 5315 distinctionem
1508 5277 1693 5318 rerum
1742 5262 2094 5327 nostratium,
2139 5275 2259 5331 quae
2308 5259 2429 5316 aliis
2472 5270 2636 5330 atque
2678 5264 2800 5320 aliis
2844 5266 2912 5322 de
2983 5273 3163 5327 causis
3219 5272 3379 5328 ﬂuxa:

115 5361 235 5406 sunt
280 5367 342 5408 ac
394 5354 715 5409 mutabiles.
784 5357 1032 5425 Dumque
1111 5372 1301 5414 rursus
1353 5358 1461 5414 illae
1509 5361 1756 5415 divinum
1790 5361 2139 5429 splendorem
2178 5366 2462 5428 appetunt,
2516 5367 2625 5411 tam
2683 5369 2743 5415 ut
2795 5361 2908 5415 sint
2947 5381 3109 5431 quam
3141 5376 3197 5418 ut
3237 5368 3377 5421 bene

116 5445 212 5469 οἱ...
270 5461 331 5469 --.
369 5446 561 5469 ..-Διηυι
587 5444 828 5469 L-_!n-n-
854 5447 1095 5469 -l-.!__,..
1153 5466 1248 5469 μ--
1286 5466 1381 5469 ,--,,
1418 5453 1459 5469 ο.
1488 5453 1516 5469 ν·
1549 5454 1562 5469 ι
1664 5453 1704 5469 ορ
1830 5454 1864 5469 ι.
1970 5449 2381 5469 Α-ηι-..ᾼ........--..
2442 5458 2487 5469 -.
2550 5449 2687 5469 Β----.-
2770 5453 2803 5469 I'
2850 5454 2861 5465 ο
3010 5457 3020 5469 ι
3098 5457 3107 5467 -
3223 5458 3254 5469 ι.

116 5445 238 5511 sint,
266 5461 335 5500 ex
364 5446 563 5501 eadem
587 5444 832 5502 bonitate
850 5447 1122 5516 obtinent,
1153 5466 1255 5507 nec
1284 5466 1391 5506 non
1416 5453 1518 5523 ipsi
1549 5453 1935 5509 bonil'ormiter
1959 5449 2405 5512 conformantur,
2436 5458 2492 5503 et
2542 5449 2699 5520 juxta
2753 5453 2952 5509 divina:
3008 5457 3141 5527 legis
3203 5458 3394 5540 dictas

115 5550 250 5603 men,
295 5539 600 5595 inferiores
644 5555 774 5596 suos
814 5544 1080 5598 donorum
1132 5544 1360 5599 istorum
1406 5546 1699 5615 parllCiPeS
1730 5546 1995 5629 anew?"

177 5630 202 5702 ᾗ
229 5633 285 5687 ll.
327 5633 468 5687 Ἀπὸ
489 5633 693 5705 ταύτης
730 5638 829 5707 τῆς
862 5636 1011 5701 θείας
1042 5638 1381 5711 ἀγαθότητος
1415 5638 1594 5693 αὐτῶν
1642 5658 1659 5692 c

179 5722 289 5747 n..-‘
324 5725 417 5747 _A__\
456 5726 505 5747 ..ἓ
537 5724 719 5747 -ι.ε---
748 5728 880 5747 Αἰξὶν.
971 5730 983 5741 ⁹
1086 5728 1123 5747 ,\
1202 5728 1277 5747 2“
1302 5729 1347 5747 Iﬁ
1454 5731 1467 5747 ι
1528 5728 1539 5745 Ι
1574 5746 1633 5747 κν.

1884 5641 1901 5712 ξ
1931 5640 1992 5693 Il.
2019 5640 2102 5694 Ab
2122 5639 2229 5695 hac
2253 5637 2435 5693 divina
2465 5637 2708 5691 bonitate
2741 5640 2872 5708 ipsis
2895 5650 2950 5695 et
2970 5643 3174 5712 gradus
3217 5653 3366 5709 sunt,

114 5717 296 5793 βαθμοὶ
323 5725 425 5778 καὶ
451 5726 508 5776 αἱ
534 5724 719 5790 τάξεις
742 5728 901 5794 εἰσὶν,
931 5730 985 5783 αἱ
1028 5728 1165 5799 πρὸς
1191 5728 1426 5802 ἀλλήλας
1449 5728 1596 5785 ὲνώσι

1885 5730 2130 5789 ordines.
2160 5740 2216 5786 et
2253 5730 2321 5785 ad
2355 5727 2588 5784 invicem
2636 5729 2885 5799 uniones,
2940 5733 2994 5790 id
3035 5744 3119 5791 est
3152 5736 3367 5792 divinus

216 5834 401 5893 iPsal.
440 5850 545 5903 cn,
577 5835 671 5894 20.
