3752 6364
348 356 445 413 751

1438 360 1509 417 ‘S.
1549 360 1855 419 DlONYSll
1890 360 2363 419 AREOPAGlT/E

3508 375 3596 431 152

341 492 499 533 amor
523 477 591 536 ad
618 477 873 534 invicem.
910 478 1013 546 Qui
1046 477 1265 534 divinus
1291 494 1468 546 amor,
1493 496 1619 535 cum
1653 481 1725 536 sit
1752 481 1823 535 eti

2113 481 2264 543 ,ονότι
2283 483 2312 535 ὁ
2336 481 2474 555 πρὸς
2499 481 2731 555 ἀλλήλας
2750 482 3062 559 θεοπρεπὴς
3081 486 3240 559 ερως.
3272 491 3370 556 Ὃς
3385 491 3447 555 δὴ
3474 491 3595 557 θεῖος

340 570 597 637 unilicus,
638 570 920 641 conjungit
963 568 1111 640 ipsas
1160 586 1264 628 non
1316 573 1613 628 acervatim
1673 587 1928 643 compor-

342 672 490 727 tans,
522 664 614 717 sed
639 662 953 718 amabiliter
984 665 1389 736 constringens.
1419 663 1554 720 Nam
1584 681 1707 721 cum
1736 664 1926 721 resin-

343 752 670 824 telligibiles,
698 762 758 807 ut
776 763 828 808 et
852 755 1162 819 sensibiles,
1194 757 1473 825 arquivoce
1518 758 1790 823 dicantur,
1819 755 1923 810 alia

338 844 557 914 quidem
588 854 716 899 sunt
752 846 926 914 unita,
949 859 1005 901 et
1044 863 1073 900 a
1098 863 1156 902 se
1187 858 1377 903 mutuo
1415 850 1797 919 dependentia,
1817 848 1923 903 alia

335 950 469 991 vero
489 938 658 992 divisa
684 949 739 993 et
769 948 1117 994 coacervata.
1143 942 1223 994 Ac
1251 940 1677 1012 intelligibilium
1702 942 1921 1013 quidem

338 1030 493 1085 unita
521 1039 668 1095 sunt,
700 1031 870 1087 veluti
898 1032 1101 1101 lumen,
1135 1033 1268 1101 vita,
1300 1044 1355 1090 et
1385 1035 1622 1090 mundus
1664 1034 1926 1107 intelligi-

335 1121 488 1186 bilis,
532 1132 586 1177 ct
638 1122 847 1178 similia
876 1142 889 1191 ;
922 1126 1223 1180 secundum
1262 1142 1426 1196 quam
1460 1128 1717 1181 unionem
1751 1126 1920 1182 etiam

334 1214 553 1270 ordines
578 1216 900 1287 angelorum
934 1228 1064 1272 sunt
1099 1219 1259 1282 uniti.
1287 1228 1343 1274 et
1371 1235 1399 1274 a
1422 1234 1485 1275 se
1515 1230 1705 1276 mutuo
1735 1220 1921 1275 divino

331 1321 522 1363 amore
577 1307 918 1379 dependent;
960 1310 1135 1366 divisa
1186 1326 1317 1367 vero
1354 1321 1415 1367 et
1450 1314 1708 1382 apposita
1757 1325 1915 1383 sunt,

329 1398 481 1454 Velut
507 1403 805 1468 exercitus,
834 1410 889 1457 et
919 1404 1056 1458 ordo
1098 1405 1453 1474 particularis
1495 1407 1836 1478 angelorum.
1866 1421 1921 1467 et

332 1490 547 1545 familia
575 1502 630 1548 et
659 1478 884 1553 chorus.
917 1493 973 1550 in
1000 1495 1299 1551 sensilibus
1320 1505 1499 1551 autem
1534 1500 1663 1554 unio
1692 1511 1776 1556 est
1797 1503 1917 1557 ani-

332 1581 466 1647 mal,
496 1584 686 1649 arbor,
724 1586 960 1640 mundus
979 1586 1067 1641 hic
1090 1584 1399 1649 sensibilis;
1433 1588 1730 1646 divisiones
1762 1606 1915 1659 vero,

328 1691 488 1746 grex,
521 1676 772 1747 populus,
803 1680 1025 1743 chorus,
1059 1694 1311 1735 acervus.
1346 1680 1548 1736 Verum
1584 1682 1667 1737 ba:
1694 1684 1915 1753 quidem

328 1779 458 1824 sunt
512 1770 747 1825 uniones
801 1770 1171 1842 angelicarum
1223 1772 1488 1827 virtutum
1528 1773 1597 1827 ad
1657 1773 1911 1841 invicem,

2028 572 2167 645 ἔρως
2205 572 2280 627 ὣν
2314 575 2409 629 καὶ
2447 574 2710 640 ἑνοποιὸς,
2754 572 3017 632 συνάπτει
3058 580 3227 644 αύτάς
3267 582 3329 635 ού
3378 584 3595 655 σωρηδὸν

2029 664 2398 736 συγκομίζων,
2442 665 2578 720 ἀλλά
2612 665 2915 738 ἀγαπητῶς
2955 668 3289 740 συνδεσμῶν.
3344 671 3464 724 Τῶν
3501 672 3597 745 γὰρ

2028 755 2257 829 νοητῶν,
2285 755 2363 820 ὡς
2392 756 2489 811 καὶ
2512 756 2624 811 τῶν
2648 757 2945 830 αἰσθητῶν,
2985 758 3156 813 ὄντων
3196 760 3499 833 ὁμωνύμως
3522 762 3593 817 λε-

2025 847 2293 918 γομένων,
2316 846 2386 901 τὰ
2414 848 2511 919 μὲν
2539 847 2687 904 ἐστιν
2711 849 2971 922 ήνωμένα
3002 852 3097 906 καὶ
3119 852 3595 927 ἀλληλουχούμενα,

2024 941 2099 994 τὰ
2118 939 2176 993 δὲ
2204 939 2511 1014 διῃρημένα
2540 940 2636 995 καί⁸
2661 943 2924 1015 σωρηδόν.
2954 945 3065 998 Kal.
3088 945 3297 1017 νοητῶν
3328 947 3429 1018 μὲν
3470 949 3594 1019 ήνω-

2029 1030 2187 1103 μένα,
2232 1027 2344 1087 οἷον
2383 1032 2521 1102 φῶς,
2560 1032 2697 1106 ζωὴ,
2740 1035 2836 1089 καὶ¹
2872 1036 3062 1109 νοητὸς
3104 1036 3332 1109 κόσμος,
3375 1040 3468 1093 xal.
3507 1042 3595 1095 ὅσα

2022 1123 2267 1189 τοιαῦτα,
2294 1124 2416 1179 καθ’
2438 1127 2504 1198 ἢν
2537 1127 2731 1181 ἕνωσιν
2768 1129 2863 1182 καὶ
2903 1130 2959 1182 αἰ
2996 1129 3105 1184 τῶν
3144 1131 3396 1201 ἀγγέλων
3430 1133 3596 1201 τάξεις

2022 1214 2161 1269 εἰσὶν
2199 1215 2634 1289 ὲνοποιούμεναι,
2687 1219 2783 1273 καὶ
2824 1218 3317 1293 ἀλληλουχούμεναι
3362 1223 3439 1295 τῷ
3481 1224 3594 1298 θείῳ

2021 1304 2186 1377 ἔρωτι
2206 1321 2219 1337 ·
2245 1305 2552 1381 διῃρημένα
2578 1308 2636 1362 δὲ
2660 1310 2756 1364 καὶ
2780 1311 2839 1364 ὲν
2862 1312 3188 1383 παραθέσει,
3215 1313 3331 1371 οἷον
3360 1317 3592 1388 στρατιὰ,

2020 1396 2116 1450 καὶ
2146 1395 2301 1463 τάξις
2333 1397 2438 1451 ἰδία
2472 1398 2739 1469 ἀγγέλων,
2769 1402 2863 1455 καὶ
2884 1402 3112 1475 πατριὰ,
3152 1407 3247 1458 καὶ
3272 1406 3451 1477 χορός.
3487 1408 3595 1462 Ἑπί

2018 1490 2076 1544 δὲ
2114 1490 2412 1563 αἰσθητῶν,
2453 1490 2678 1558 ἐνώσεις
2705 1494 2805 1565 μὲν
2832 1493 2993 1560 ζῶον,
3031 1495 3271 1568 δένδρον,
3299 1500 3329 1552 ὁ
3355 1498 3594 1570 αἰσθητὸς

2017 1574 2173 1645 οὗτος
2214 1581 2453 1654 κόσμος·
2501 1584 2795 1656 διαιρέσεις
2843 1585 2898 1639 δὲ
2947 1586 3173 1659 ποίμνη,
3204 1588 3399 1661 δῆμος,
3426 1591 3592 1662 χορὸς,

2019 1675 2215 1749 σωρός.
2254 1675 2394 1729 Ἀλλ’
2423 1670 2581 1732 αὗται
2601 1677 2700 1749 μέν
2726 1679 2864 1732 εἰσιν
2888 1681 2941 1733 αἰ
2967 1680 3103 1751 πρὸς
3129 1680 3365 1754 ἀλλήλας
3390 1683 3595 1749 ὲνώσεις

2016 1770 2125 1824 τῶν
2147 1769 2455 1840 anancti
2480 1770 2784 1844 δυνάμεων,
2820 1771 3005 1845 ἔχουσι
3031 1774 3087 1828 δὲ
3115 1775 3209 1828 καὶ
3235 1777 3296 1829 ὲν
3330 1777 3595 1850 ἀλλήλαις⁹

330 1861 538 1917 habent
579 1873 763 1917 autem
804 1862 971 1917 etiam
1026 1871 1246 1918 mutuas
1278 1865 1713 1934 penetrationes,
1748 1876 1812 1922 au

2145 1857 2301 1927 αὖθις
2334 1862 2637 1935 διακρίσεις
2677 1844 3039 1934 ἀσυγχύτους.
3084 1867 3373 1940 Χωρήσεις
3425 1844 3516 1941 μὲν
3544 1872 3595 1923 ἐν

329 1955 533 2009 iterum
570 1954 956 2012 distinctiones
1019 1955 1360 2013 inconfusus.
1420 1957 1636 2015 Mutuas
1690 1961 1915 2030 quidem

326 2046 760 2115 penetrationes,
796 2061 865 2102 ne
908 2049 1141 2104 uniones
1179 2049 1491 2121 intelligens
1521 2051 1588 2106 ad
1638 2052 1871 2111 invicem
1893 2095 1913 2124 ,

326 2137 635 2193 naturalem
690 2137 931 2207 aliquam
989 2140 1200 2198 dixeris
1253 2142 1558 2212 unionem,
1611 2148 1911 2202 secundum

324 2245 489 2299 quam
511 2237 695 2301 partes
711 2230 778 2285 ad
795 2231 962 2287 totius
987 2231 1218 2303 alicujus
1235 2233 1692 2306 complementum
1710 2238 1913 2293 uniun-

325 2331 438 2389 ων,
466 2322 563 2377 sed
592 2320 764 2377 libera
788 2331 873 2377 est
897 2325 1236 2393 penetratio,
1263 2341 1371 2397 qua
1400 2326 1503 2382 ista
1533 2327 1664 2385 unio
1692 2329 1787 2386 Dei
1819 2331 1915 2386 bo-

324 2416 497 2470 nitate
544 2413 599 2469 in
648 2415 781 2484 ipsis
812 2416 911 2471 ﬁt:
947 2431 1072 2473 nam
1101 2434 1190 2475 res
1230 2420 1474 2476 materia:
1494 2432 1750 2493 expertes
1775 2433 1829 2480 et
1854 2440 1915 2481 se

325 2518 513 2562 mutuo
538 2507 828 2564 inconfuse
855 2517 1177 2578 penetrant,
1208 2521 1265 2568 et
1291 2526 1509 2568 rursum
1535 2514 1820 2583 recedunt,
1848 2534 1913 2575 ac

321 2596 737 2665 discernuntur,
763 2614 931 2671 atque
959 2600 1027 2655 ad
1052 2601 1155 2657 hoc
1187 2614 1318 2659 sunt
1363 2604 1565 2676 gradus
1592 2614 1648 2662 et
1690 2606 1913 2666 ordines

324 2691 563 2761 ipsorum
592 2692 751 2762 primi
781 2702 835 2747 et
863 2695 1108 2751 secundi.
1141 2695 1221 2750 'i‘u
1252 2711 1382 2753 vero
1410 2697 1721 2766 considera,
1743 2699 1913 2774 386

319 2785 596 2852 quomodo
631 2785 1064 2843 inconfusionem
1116 2798 1285 2859 ponat
1330 2789 1385 2845 in
1432 2790 1905 2851 distinctionibus.

319 2875 623 2945 Oportebat
663 2879 809 2937 enim
855 2880 1041 2950 potius
1087 2882 1141 2936 id
1181 2881 1391 2938 dictum
1421 2883 1475 2938 in
1509 2886 1711 2942 mutuis
1746 2902 1911 2959 pene-

319 2970 675 3038 trationibus,
707 2971 796 3027 ubi
819 2973 986 3028 etiam
1015 2972 1355 3031 confusionis
1378 2976 1619 3047 suspicio
1634 2979 1904 3049 oboritur;

318 3064 415 3118 sed
449 3063 579 3119 huic
609 3066 879 3132 occurrit,
909 3066 1246 3138 assignando
1277 3069 1463 3123 statim
1492 3071 1660 3125 etiam
1706 3071 1898 3127 distin-

2016 1951 2295 2023 ἀλλήλαις,
2319 1953 2401 2007 ὅτι
2432 1952 2507 2026 μὴ
2536 1952 2776 2018 ἀκούσας
2799 1953 3023 2020 ὲνώσεις
3060 1955 3197 2027 πρὸς
3234 1956 3491 2029 ἀλλήλας,
3515 1977 3598 2029 φυ-

2018 2042 2177 2114 σικήν
2197 2058 2318 2095 τινα
2340 2040 2501 2113 εἴπῃς
2531 2041 2746 2106 ἕνωσιν,
2771 2042 2893 2096 καθ’
2914 2043 2982 2115 ἣν
3006 2043 3250 2098 ἑνοῦνται
3266 2045 3338 2099 τὰ
3367 2047 3504 2120 μέρη
3526 2050 3598 2113 εἰς

2014 2133 2135 2199 ἑνὸς
2165 2133 2287 2188 ὅλου
2318 2134 2736 2207 συμπλήρωσιν,
2768 2134 2903 2189 ἀλλά
2936 2138 3240 2209 προαιρετή
3282 2138 3403 2192 ἐστι
3424 2139 3597 2212 χώρη-

2018 2244 2123 2292 σις,
2152 2227 2428 2300 ἡτοιαύτη
2455 2227 2651 2292 ἓνωσις
2694 2227 2754 2295 ἐξ
2792 2227 3131 2299 ἁγαθότητος
3165 2228 3307 2282 Θεοῦ
3345 2232 3599 2303 γενομένη

2015 2315 2096 2379 εἰς
2118 2314 2289 2380 αὑτάς
2309 2332 2322 2345 ³
2345 2315 2415 2369 τὰ
2435 2314 2545 2388 γὰρ
2565 2314 2703 2370 ἀῦλα
2726 2317 2823 2371 καὶ
2842 2319 2901 2370 ὲν
2917 2316 3169 2392 ἀλλήλοις
3186 2324 3361 2393 χωρεί
3376 2321 3598 2394 ἀσυγχύ-

2012 2424 2143 2472 τως,
2173 2409 2266 2461 καὶ
2294 2408 2457 2463 πάλιν
2482 2408 2760 2481 ἀποχωρεῖ
2793 2408 2889 2463 καὶ
2922 2409 3279 2483 διακρίνεται,
3325 2412 3425 2467 καὶ
3450 2414 3597 2467 τοῦτό

2014 2501 2162 2556 ἐστιν
2192 2503 2241 2556 οἰ
2277 2502 2474 2574 βαθμοὶ
2499 2502 2594 2557 καὶ
2619 2504 2674 2557 αἰ
2694 2500 2877 2568 τάξεις
2902 2504 3084 2557 αὐτῶν
3108 2505 3328 2577 πρῶται
3352 2508 3448 2562 καὶ
3488 2507 3598 2561 δεύ-

2011 2613 2187 2667 τεραι.
2215 2597 2287 2649 Σὺ
2324 2596 2381 2650 δὲ
2418 2597 2634 2661 σκόπει,
2671 2596 2789 2661 πῶς
2813 2596 2874 2651 τὸ
2903 2597 3210 2668 ἀσύγχυτον
3235 2600 3463 2654 ἐπὶτῶν
3496 2601 3600 2655 δια-

2009 2688 2250 2760 κρίσεων
2274 2688 2509 2760 τίθησιν.
2532 2688 2682 2742 Ἔδει
2701 2688 2810 2761 γάρ
2835 2688 3035 2759 μᾶλλον
3047 2690 3183 2762 περὶ
3207 2690 3321 2746 τῶν
3344 2694 3426 2757 εἰς
3448 2692 3600 2765 ἀλλή-

2010 2780 2110 2844 λας
2132 2782 2428 2853 χωρήσεων
2482 2782 2640 2835 τοῦτο
2689 2782 2885 2845 εἰπεῖν,
2933 2781 3066 2835 ὅπου
3122 2784 3221 2837 καὶ
3265 2784 3302 2857 ή
3349 2784 3598 2857 σύγχυσις

2011 2873 2403 2928 ὑποπτεύεται.
2436 2873 2576 2928 Ἀλλ’
2595 2875 2776 2927 έκεῖνο
2801 2872 2900 2944 μὲν
2925 2872 3314 2945 θεραπεύεται,
3331 2877 3411 2949 τῷ
3434 2880 3597 2933 εἰπεῖν

2010 2966 2171 3031 εὐθὺς
2194 2967 2290 3021 καὶ
2309 2966 2579 3040 διάκρισιν
2593 2965 2702 3019 τῶν
2722 2966 2999 3039 ἰδιοτήτων
3021 2968 3122 3040 τήν
3149 2968 3442 3041 σύγχυσιν,
3469 2973 3503 3043 ή
3525 2972 3598 3035 εἰς

2008 3058 2214 3131 ἄλληλα
2250 3058 2515 3132 χώρησις,
2564 3058 2687 3112 ἐπεὶ
2736 3058 2897 3123 εὐθὺς
2925 3059 3211 3114 ἀκολουθεῖ
3249 3062 3284 3133 ἡ
3311 3062 3596 3134 διάκρισις.

319 3156 555 3213 ctionem
590 3158 1013 3228 proprietatum,
1061 3174 1132 3214 ne
1179 3158 1433 3217 confusio
1460 3161 1533 3217 sit
1580 3162 1671 3217 illa
1718 3180 1801 3219 mu

2117 3151 2148 3204 :l.
2175 3150 2234 3205 δὲ
2262 3150 2374 3204 τῶν
2416 3150 2742 3223 διακρίσεων
2766 3150 2818 3205 τί
2847 3141 3034 3209 εἴπεν;
3062 3151 3394 3224 ἀσύγχυτον,
3434 3153 3599 3224 δηλῶν

316 3252 654 3322 penetratio,
706 3251 970 3321 quoniam
1001 3251 1145 3307 illico
1195 3254 1447 3324 sequitur
1496 3255 1799 3315 distinctio.
1849 3257 1908 3315 in

321 3341 773 3396 distinctionibus
802 3350 987 3395 autem
1014 3339 1349 3397 intellectam
1377 3342 1547 3400 fuisse
1572 3346 1911 3404 inconfusio-

321 3449 474 3499 nem,
505 3433 750 3488 declarat
781 3432 995 3487 ordinis
1043 3448 1233 3489 eorum
1266 3435 1708 3505 immutabilitas;
1740 3440 1911 3510 siqui.

321 3526 446 3582 dem
471 3525 773 3581 secundum
803 3526 1119 3582 istiusmodi
1148 3527 1557 3584 distinctionem
1601 3532 1910 3590 consistunt

318 3619 529 3690 gradus
555 3629 611 3674 et
634 3618 860 3675 ordines
906 3635 1120 3688 earum,
1150 3621 1452 3676 secundum
1489 3636 1627 3693 quos
1672 3624 1907 3694 primum

312 3723 401 3770 est
430 3722 487 3769 et
528 3714 852 3770 secundum.
896 3713 1105 3769 idcirco
1131 3713 1532 3783 quodammodo
1570 3714 1743 3783 dicit,
1799 3732 1906 3773 non

321 3805 473 3876 quod
503 3820 565 3861 se
595 3814 787 3860 mutuo
814 3812 1130 3876 penetrant,
1182 3813 1237 3861 et
1271 3805 1467 3861 iterum
1498 3805 1903 3877 discernuntur,

318 3899 595 3956 immutari
623 3901 850 3956 ordines
876 3913 1091 3967 earum,
1144 3914 1213 3956 ne
1260 3901 1639 3956 confusionem
1668 3901 1904 3972 aliquam

316 3990 613 4064 intelligas,
645 3993 741 4048 sed
779 3992 980 4048 iterum
1037 3991 1171 4063 ipsis
1220 3992 1473 4047 eumdem
1506 3993 1755 4049 ordinem
1786 4010 1906 4049 ma-

317 4099 472 4150 nere,
506 4085 725 4142 tametsi
756 4100 816 4142 se
843 4095 1034 4142 mutuo
1066 4094 1381 4156 penetrent.
1413 4085 1527 4140 Hoc
1572 4086 1772 4142 iterum
1820 4098 1906 4144 est

313 4175 584 4230 bonitatis
615 4174 735 4241 Dei,
762 4176 912 4246 quod
948 4175 1246 4230 inferiores
1291 4175 1520 4230 virtutes
1563 4176 1631 4231 ad
1658 4178 1906 4247 superio-

314 4282 404 4322 res
430 4268 800 4335 adducantur,
832 4277 890 4324 et
938 4283 1132 4324 rursus
1184 4268 1501 4338 superiores
1550 4268 1904 4327 inferioribus

312 4361 668 4431 provideant,
695 4370 757 4416 ut
784 4376 967 4431 neque
1000 4362 1131 4433 ipsa:
1156 4361 1427 4432 principia
1456 4360 1570 4417 sint
1613 4363 1902 4419 adductio-

314 4455 420 4523 nis,
446 4470 628 4525 neque
654 4454 739 4510 hae
769 4455 1104 4510 inconversa:
1120 4456 1231 4510 sint
1252 4456 1319 4510 ad
1337 4455 1902 4527 providentiam;uno

2010 3239 2072 3294 τὸ
2104 3241 2206 3311 τῆς
2243 3240 2451 3307 τάξεως
2489 3241 2670 3297 αὐτῶν
2704 3241 3153 3315 ἀπαράλλακτον
3181 3245 3308 3298 ἐπεὶ
3325 3244 3447 3318 γὰρ
3468 3244 3598 3297 κατά

2010 3334 2111 3406 τὴν
2140 3332 2400 3404 τοιαύτην
2430 3333 2705 3405 διάκρισιν
2736 3334 3084 3389 συνίστανται
3114 3335 3163 3389 οί
3195 3336 3402 3408 βαθμοὶ
3429 3336 3525 3391 καὶ
3548 3338 3598 3390 αἰ

2010 3426 2195 3491 τάξεις
2223 3425 2426 3488 αὐτῶν,
2450 3426 2574 3479 καθ’
2598 3425 2666 3491 ἀς
2694 3427 2755 3481 τὸ
2785 3428 3002 3498 πρῶτόν
3036 3429 3152 3481 ἐστι
3182 3428 3282 3483 καὶ
3316 3427 3381 3481 τὸ
3418 3428 3596 3482 δεύτε-

2013 3536 2127 3593 ρον.
2174 3518 2273 3574 Διά
2317 3518 2476 3574 τοῦτο
2514 3518 2715 3574 ὡσανεὶ
2762 3519 2931 3591 λέγει,
2985 3520 3060 3594 μὴ
3110 3522 3194 3576 ὅτι
3240 3522 3302 3575 ὲν
3346 3522 3599 3595 ἀλλήλαις

2011 3612 2269 3684 χωροῦσι,
2306 3612 2403 3667 καὶ
2436 3611 2596 3667 πάλιν
2636 3612 3023 3683 διακρίνονται,
3069 3611 3432 3687 παραλλαγὴν
3467 3614 3600 3687 λαμ-

2010 3706 2306 3771 δάνειντάς
2346 3703 2531 3771 τάξεις
2567 3702 2769 3768 αὐτῶν,
2802 3704 2897 3758 καί⁵
2933 3702 3196 3774 σύγχυσίν
3234 3721 3362 3758 τινα
3406 3704 3483 3776 μὴ
3517 3708 3598 3759 ὲν-

2008 3801 2245 3873 νοήσῃς’
2287 3798 2404 3853 ἀλλ’
2444 3800 2478 3868 ή
2519 3796 2657 3867 αὑτὴ
2686 3795 2850 3850 πάλιν
2881 3795 3030 3868 μένει
3065 3795 3221 3861 τάξις
3249 3798 3469 3862 αὐταῖς,
3501 3799 3599 3853 κᾶν

2010 3892 2104 3945 καὶ
2134 3894 2194 3945 ὲν
2226 3889 2485 3961 ἀλλήλαις
2506 3887 2746 3960 χωρῶσι.
2780 3886 2950 3942 Πάλιν
2984 3888 3103 3942 ἐστὶ
3132 3888 3234 3959 τῆς
3265 3889 3598 3961 ἀγαθότητος

2007 3981 2106 4035 τοῦ
2131 3978 2268 4035 Θεοῦ
2298 3981 2360 4035 τὸ
2379 3979 2479 4043 τάς
2510 3978 2808 4052 ύφειμένας
2836 3978 3094 4050 δυνάμεις
3124 3979 3263 4050 πρὸς
3286 3981 3390 4046 τάς
3421 3982 3599 4053 κρείτ-

2007 4088 2136 4137 τους
2158 4070 2478 4141 ἀνάγεσθαι,
2510 4070 2603 4124 καὶ
2630 4068 2792 4124 πάλιν
2821 4069 2920 4133 τὰς
2950 4069 3233 4140 κρείττους
3271 4069 3385 4123 τῶν
3414 4069 3596 4123 δευτέ-

2013 4181 2121 4236 ρων
2151 4164 2402 4235 προνοεῖν
2429 4161 2504 4225 ὠς
2547 4162 2672 4234 μήτ’
2702 4159 2919 4223 ὲκείνας
2949 4158 3126 4231 ἀρχὰς
3154 4154 3299 4214 εἷναι
3331 4161 3464 4233 περὶ
3501 4160 3597 4231 τὴν

2007 4256 2318 4326 ἀναγωγὴν,
2350 4256 2487 4327 μήτε
2513 4253 2714 4318 ταύτας
2734 4253 3164 4325 ἀνεπιστρόφους
3188 4256 3321 4325 περὶ
3334 4254 3437 4326 τὴν
3463 4254 3597 4325 πρό-

2007 4366 2158 4403 νοιαν
2180 4365 2197 4382 ο
2230 4348 2351 4413 ὲνὸς
2376 4346 2487 4418 γὰρ
2512 4347 2657 4400 δυοῖν
2684 4344 2983 4409 λείποντος,
3013 4345 3114 4399 οὐκ
3139 4341 3209 4416 ἦν
3233 4363 3288 4398 τι
3323 4345 3595 4416 γενέσθαι.

2022 4439 2159 4494 Ἀλλ’
2200 4441 2234 4513 ἡ
2271 4438 2546 4509 ἀγαθότης
2572 4439 2606 4508 ἡ
2640 4435 2782 4500 θεία,
2812 4435 2984 4501 οὕτως
3015 4436 3143 4508 περί
3186 4436 3371 4492 αὐτῶν
3402 4435 3599 4509 ᾠκονό-

311 4545 459 4598 enim
489 4559 520 4599 e
548 4545 761 4599 duobus
790 4543 1083 4600 deﬁciente
1112 4543 1248 4600 nihil
1278 4545 1455 4599 ﬁeret.
1487 4545 1689 4601 Verum
1717 4545 1793 4598 ἀει

2115 4549 2155 4593 πε
2174 4548 2187 4562 ·
2222 4531 2353 4603 παρ’
2375 4526 2456 4594 οἷς
2479 4530 2575 4583 καὶ
2603 4530 2661 4583 αἰ
2682 4530 2791 4583 τῶν
2816 4528 3027 4583 οἰκείων
3049 4528 3291 4600 ἑκάστης
3317 4530 3597 4601 δυνάμεως

311 4637 534 4692 boiiitas
589 4637 664 4692 ita
713 4638 778 4691 de
830 4636 962 4707 ipsis
1010 4636 1302 4705 disposuit.
1357 4634 1500 4691 Hinc
1554 4638 1721 4691 etiam
1774 4645 1903 4691 sunt

304 4718 551 4798 propriae
577 4728 844 4799 cujusque
869 4727 1091 4784 virtutis
1134 4727 1420 4795 custodiae,
1448 4736 1504 4782 et
1531 4727 1901 4783 immutabiles

313 4824 522 4877 circum
558 4822 890 4891 semetipsas
912 4820 1352 4877 convolutiones.
1383 4820 1462 4876 Ne
1488 4821 1776 4878 existimes
1802 4835 1902 4874 au-

313 4924 423 4970 tem
448 4916 617 4984 ipsas,
634 4916 780 4984 quod
807 4915 1022 4984 potiora
1043 4913 1378 4980 desiderent,
1407 4922 1759 4969 contemnere
1776 4930 1902 4985 pro-

312 5006 765 5074 pria.Volvuntur
787 5015 970 5061 autem
991 5005 1191 5062 divina:
1218 5014 1434 5061 mentes
1456 5005 1667 5061 circum
1697 5015 1902 5062 semet-

314 5098 457 5166 ipsas
492 5113 601 5152 non
627 5098 965 5154 volutatione
993 5101 1229 5169 quadam
1280 5114 1569 5169 corporea,
1593 5100 1689 5156 sed
1713 5115 1902 5170 super.

258 5178 269 5199 ⁷
313 5189 579 5243 mundiali
629 5200 684 5245 et
731 5189 1091 5261 intelligente,
1122 5200 1177 5245 et
1200 5191 1349 5259 quali
1379 5206 1533 5246 mens
1559 5191 1702 5247 volvi
1734 5195 1893 5257 solet,

314 5281 443 5335 dum
473 5297 538 5336 ex
569 5283 747 5352 seipsa
771 5284 837 5337 ad
870 5283 1346 5338 considerationcs
1369 5286 1731 5354 progreditur,
1748 5296 1805 5341 et
1830 5289 1898 5341 ad

316 5375 556 5443 seipsam
592 5374 909 5439 revertitur,
938 5389 1045 5429 non
1076 5389 1209 5430 vero
1228 5385 1387 5429 extra
1413 5375 1763 5445 semetipsam
1818 5374 1900 5428 di-

315 5466 473 5518 vulsa
506 5465 642 5518 abit.
673 5464 785 5519 Hoc
817 5468 984 5519 etiam
1015 5466 1295 5520 insinuant
1316 5475 1450 5521 rota:
1475 5467 1617 5534 apud
1650 5465 1897 5519 divinum

268 5629 274 5638 ί
320 5560 683 5625 Ezechielem,
717 5578 838 5629 qua:
886 5562 1083 5617 multos
1127 5563 1333 5616 habent
1366 5562 1578 5617 oculos.
1608 5561 1687 5615 Ex
1712 5561 1896 5617 divina

256 5640 275 5691 ἲ
317 5667 534 5723 quoque
558 5655 798 5708 bonitate
824 5655 1097 5709 exsistunt
1121 5655 1239 5708 istae
1267 5655 1410 5709 circa
1426 5654 1552 5709 boni
1569 5652 1895 5707 desiderium

322 5746 637 5799 ieientitates
664 5754 722 5800 et
745 5748 1145 5821 extremitates.
1172 5747 1440 5801 ldentitas
1485 5746 1707 5814 quidem
1736 5746 1896 5801 intel-

317 5836 558 5906 ligenda,
584 5837 805 5893 minime
833 5837 1092 5893 deﬁciens
1122 5854 1152 5892 a
1182 5837 1294 5892 Deo
1322 5836 1667 5904 conjunctio;
1708 5848 1892 5893 extre-

2009 4622 2266 4697 φρουραὶ,
2292 4621 2388 4675 καὶ
2415 4623 2470 4675 αἱ
2501 4622 2629 4693 περί
2656 4619 2827 4683 αύτάς
2855 4620 3241 4691 ἀμετάπτωτοι
3278 4619 3594 4688 συνελίξεις.

2005 4728 2098 4798 Μὴ
2125 4726 2259 4800 γὰρ,
2287 4727 2371 4782 ὅτι
2400 4724 2640 4795 ἐφίενται
2671 4724 2767 4779 καὶ
2784 4722 3067 4795 μειζόνων,
3096 4725 3473 4797 καταφρονεῖν
3498 4722 3595 4776 αὖ·

2002 4819 2104 4885 τὰς
2139 4819 2249 4873 τῶν
2275 4817 2495 4873 οἰκείων
2530 4815 2830 4889 ὑπολάϐῃς.
2874 4814 3210 4869 Ἐλίσσονται
3251 4817 3312 4870 δὲ
3375 4818 3429 4870 οἰ
3467 4817 3597 4870 θεῖοι

2002 4911 2121 4974 νέες
2142 4910 2271 4983 περὶ
2305 4907 2476 4972 αὐτὰς
2500 4904 2666 4972 ἓλιξίν
2692 4923 2818 4960 τινα
2845 4906 2905 4959 οὐ
2928 4904 3272 4977 σωματικὴν,
3297 4904 3417 4958 ἀλλ’
3439 4904 3600 4975 ὑπερ-

2002 5001 2231 5072 κόσμιον
2260 5000 2356 5054 καὶ
2381 4998 2597 5069 νοεράν,
2631 4996 2726 5051 καὶ
2755 4997 2870 5050 οἴαν
2901 4995 3115 5064 πέφυκε
3145 4993 3276 5059 νοῦς
3295 4993 3595 5047 ὲλίττεσθαι

2003 5092 2063 5157 ἐξ
2077 5090 2271 5145 ἑαυτοῦ
2298 5090 2504 5164 προῖὼν
2530 5091 2624 5145 ἐπὶ
2640 5090 2876 5161 νοήσεις,
2896 5092 2992 5142 καὶ
3017 5088 3097 5151 εἰς
3116 5086 3311 5139 ἑαυτὸν
3334 5083 3597 5157 ἀναστρέ-

2001 5202 2140 5255 φων,
2180 5184 2243 5238 οὐ
2291 5184 2397 5255 μὴν
2436 5182 2541 5250 ἔξω
2577 5180 2771 5236 ἑαυτοῦ
2812 5178 3005 5251 χωρῶν
3047 5177 3388 5243 σκεδαστῶς.
3429 5175 3599 5230 Τοῦτο

1998 5278 2325 5332 αἰνίττονται
2370 5275 2467 5329 καὶ
2510 5276 2560 5328 oi
2603 5272 2754 5343 παρά
2795 5271 2874 5343 τῷ
2922 5270 3053 5343 θείῳ
3104 5269 3375 5343 Ἱεζεκιὴλ
3412 5264 3597 5340 τροχοὶ

2000 5376 2395 5447 πολυόμματοι.
2443 5374 2537 5428 Ἐκ
2566 5374 2665 5444 τῆς
2688 5372 2839 5437 θείας
2879 5372 3017 5425 εἰσὶν
3045 5371 3388 5441 ἀγαθότητος
3415 5368 3513 5423 καὶ
3540 5367 3595 5419 αἱ

1998 5469 2129 5540 περὶ
2154 5469 2256 5542 τὴν
2286 5469 2472 5538 ἔφεσιν
2499 5464 2742 5534 τάγαθοῦ
2764 5464 3096 5535 ταύτότητες
3139 5464 3237 5517 καὶ
3268 5463 3591 5535 ἀκρότητες.

1998 5558 2321 5628 Ταύτότητα
2356 5557 2454 5628 μὲν
2475 5556 2694 5627 νοητέον
2720 5556 2819 5629 τὴν
2848 5557 2948 5610 οὐκ
2976 5555 3287 5610 ἀπὸστατον
3304 5553 3442 5625 πρὸς
3463 5552 3595 5604 Θεὸν

1998 5652 2272 5723 προσοχήν
2296 5669 2309 5681 ’
2340 5648 2618 5721 ἀκρότητα
2654 5647 2734 5713 δὲ,
2781 5649 2881 5720 τὴν
2902 5648 3002 5719 τῆς
3033 5650 3277 5720 νοήσεως
3298 5648 3481 5703 αὐτῶν
3516 5644 3595 5704 εἰς

1997 5742 2404 5816 ἀναγωγὴν,κα“ι
2421 5741 2560 5794 κατὰ
2578 5741 2736 5812 χάριν
2754 5741 3328 5812 θέωσιν,πρόοδον,καὶ
3343 5744 3440 5796 ὅσα
3459 5735 3597 5793 ἄλλα

1997 5838 2208 5909 εἴρηται
2226 5839 2357 5907 ἡμῖν
2373 5836 2430 5887 ὲν
2466 5834 2578 5905 ἰδίῳ
2604 5833 2793 5906 βιϐλίῳ
2836 5834 2913 5905 τῷ
2944 5836 3085 5904 Περὶ
3113 5836 3232 5891 τῶν
3259 5828 3598 5907 cinthus?”
