3742 6334
174 322 288 378 755

758 317 848 373 DE
885 316 1141 374 DIVINIS
1170 316 1571 386 NOMINlBUS,
1605 317 1759 376 CAP.
1800 316 1888 376 IV.
1928 349 1998 362 --
2030 317 2236 374 PARAI

1418 316 1571 386 BUS,
1605 317 1759 376 CAP.
1800 316 1888 376 IV.
1928 349 1998 362 --
2030 315 2383 382 PAR'APRR,
2419 317 2894 377 ΡΑΟΗΥΜΕΒΔΞ.

3358 334 3462 391 754

158 435 489 505 λδιοτήτων
508 435 609 490 καὶ
633 435 878 501 τάξεων.
900 434 975 490 Οὐ
1013 434 1119 507 μὴν
1134 434 1192 488 δὲ
1220 435 1356 489 ἀλλὰ
1385 438 1480 490 καὶ
1494 438 1595 490 ὅσα
1623 454 1636 488 ε

1979 450 2042 492 as
2066 449 2201 491 vero
2228 434 2607 506 intelligentia:
2628 450 2823 493 earum
2852 436 3141 504 adductio,
3164 447 3220 494 et
3256 451 3456 494 secun-

154 548 275 602 μεν
297 532 356 582 ἐν
384 527 461 600 τῷ
488 525 633 596 Περὶ
657 525 769 595 τῆς
790 527 1079 594 οὐρανίου
1103 528 1408 598 δεραρχὶας
1439 527 1650 598 βιϐλίῳ,
1680 527 1763 580 ὅτι

157 626 293 686 ταῖς
321 621 494 685 θείαις
528 619 795 690 δυνάμεσι
825 619 1099 689 πρόσεισι,
1130 620 1227 673 καὶ
1252 619 1427 673 ταῦτα
1465 619 1525 687 ἐξ
1558 618 1763 689 ἀγαθό-

157 713 333 783 τητὸς
357 714 465 765 εἰσι
486 711 581 765 τοῦ
624 708 782 765 Θεοῦ.
819 710 957 765 Τίνα
988 710 1201 776 ταῦτα;
1234 711 1300 764 Ai.
1329 710 1764 783 ἀγγελοπρεπείς

156 805 370 878 δηλαδὴ
392 804 716 877 καθάρσεις,
732 806 785 857 αἱ
813 804 1192 874 φωταγωγίαι,
1215 808 1270 861 αἱ
1286 803 1642 877 τελειότητεςυ
1660 821 1763 857 κα-

160 896 453 968 Θαίρονται
470 895 581 967 γάρ
602 897 696 949 καὶ
712 890 894 958 αὗται,
918 896 1013 950 καὶ
1029 895 1376 966 φωτίζονται,
1396 896 1493 950 καὶ
1506 895 1769 951 τελειοῦν-

156 1006 282 1053 ται,
320 987 472 1060 παρὰ
495 987 597 1058 τῆς
619 989 801 1059 πηγῆς
828 988 931 1060 τῆς
950 989 1288 1062 ἀγαθάτητος
1322 989 1763 1062 ἱεραρχούμεναι,

159 1080 229 1147 ἐξ
254 1075 324 1152 ἦς
358 1080 609 1153 ἐδωρήθη
628 1079 858 1146 ταύταις
884 1081 982 1135 καὶ
1004 1082 1067 1135 τὸ
1095 1082 1429 1152 ἁγαθοειδὲς,
1456 1084 1551 1137 καὶ
1579 1083 1641 1137 τὸ
1668 1085 1765 1137 ὲκ-

159 1172 383 1240 φαίνειν
418 1173 477 1224 ὲν
520 1172 745 1235 ἑαυταῖς
779 1171 879 1243 τὴν
911 1173 1149 1245 κρυφίαν
1186 1174 1520 1247 ἀγαθότητα.
1564 1173 1768 1228 Καθαίο

162 1277 326 1331 ρουσι
362 1259 473 1330 γὰρ
503 1261 597 1314 καὶ
637 1256 819 1325 αὗται,
862 1262 957 1316 καὶ
985 1262 1304 1332 φωτίζουσι,
1339 1265 1433 1319 καὶ
1467 1264 1769 1319 τελειοῦσιν

154 1354 204 1409 ἃ
254 1354 547 1426 πάσχουσι,
592 1354 767 1409 ταῦτα
807 1356 1079 1421 ποιοῦσαι,
1128 1359 1224 1411 καὶ
1263 1358 1522 1430 δηλοῦσαι
1565 1357 1627 1411 τὸ
1668 1358 1769 1430 τῆς

156 1445 504 1517 ἀγαθότητος
532 1447 763 1519 κρύφιον
793 1449 889 1504 τοῦ
933 1450 1090 1507 Θεοῦ.
1128 1452 1193 1505 ΕΞ
1230 1451 1340 1524 γὰρ
1376 1450 1437 1519 ἐξ
1462 1451 1596 1524 ἐμοῦ
1636 1450 1769 1507 θαυ-

161 1540 476 1613 μαστοῦται
516 1542 550 1613 ἡ
594 1541 689 1595 τοῦ
729 1542 870 1597 Θεοῦ
914 1544 1136 1613 γνῶσις,
1167 1546 1320 1616 πόσῳ
1346 1544 1544 1617 μᾶλλον
1573 1548 1637 1600 ὲκ
1661 1545 1773 1599 τῶν

1867 530 1994 585 dum
2043 528 2272 601 gratiam
2315 527 2611 592 deiﬁeatio,
2666 542 2989 598 progressus
3014 538 3071 584 et
3118 543 3460 600 quaecunque

1866 622 1970 676 alia
2005 622 2059 676 in
2086 619 2353 690 peculiari
2392 620 2537 675 libro
2567 620 2643 675 De
2669 622 3083 691 proprietatibus
3111 635 3160 677 et
3185 622 3460 677 ordinibus

1865 712 2177 783 angelorum
2204 726 2235 766 a
2264 713 2424 769 nobis
2449 718 2879 767 commemorata
2910 726 3062 769 sunt.
3105 713 3249 779 Ouin
3281 722 3340 767 et
3368 712 3460 766 illa

1864 819 1989 876 qua:
2005 805 2313 860 diximusin
2332 804 2471 860 libro
2495 806 2570 860 De
2588 803 2782 860 caelesti
2803 806 3105 860 hierarcltia
3131 806 3333 860 divinis
3357 804 3473 857 vir~

1866 897 2077 954 tatibus
2099 897 2314 963 adesse,
2337 898 2506 954 etiam
2529 897 2645 953 haec
2670 906 2799 952 sunt
2822 913 2890 952 ex
2918 898 3162 953 bonitate
3191 896 3306 952 Dei.
3329 895 3461 963 Quae

1866 1007 1996 1048 vero
2018 1006 2081 1047 ea
2102 992 2268 1049 sunt?
2286 991 2558 1063 Angelicte
2576 989 2834 1045 nimirum
2856 989 3233 1056 lustrationes,
3258 990 3461 1045 illumi-

1868 1087 2139 1151 nationes,
2164 1085 2563 1155 perfectiones:
2592 1084 2861 1155 siquidem
2886 1092 2942 1139 et
2972 1083 3103 1154 ipsae
3129 1085 3453 1154 expiantur,

1869 1180 2346 1244 etilluminantur.
2369 1189 2427 1237 et
2450 1180 2834 1251 perﬁciuntur,
2855 1194 2885 1233 a
2902 1180 3051 1235 fonte
3072 1179 3330 1235 bonitatis
3356 1178 3458 1234 inio

1868 1273 2117 1339 tiam,“
2142 1288 2250 1342 quo
2271 1274 2400 1343 ipsis
2420 1286 2640 1342 quoque
2662 1272 3047 1328 bonil'ormitas
3067 1271 3267 1326 donata
3283 1280 3387 1338 est,
3405 1279 3462 1327 et

1871 1365 1926 1422 in
1954 1364 2649 1436 semetipsispnanilestant
2672 1379 2929 1419 arcanam
2960 1365 3111 1420 illam
3132 1365 3456 1420 bonitatem.

1871 1455 2160 1527 Siquidem
2182 1468 2237 1513 et
2276 1457 2405 1528 ipsae
2449 1458 2697 1527 expiant,
2730 1457 2895 1529 387
2943 1466 2999 1513 et
3046 1458 3374 1525 illuminant,
3406 1466 3462 1514 et.

1872 1550 2166 1622 perﬁciunt
2189 1564 2252 1605 ea
2276 1566 2398 1621 quae
2422 1551 2724 1620 patiuntur,
2746 1551 2872 1604 dum
2902 1548 3017 1605 haec
3049 1560 3239 1621 agunt,
3259 1557 3312 1605 et
3339 1562 3459 1603 ma-

157 1633 475 1703 ἀγγελικῶν
497 1636 591 1689 καὶ
612 1635 773 1689 θείων
790 1635 1095 1709 δυνάμεων;
1113 1637 1529 1707 Ἐξαγγέλλουσι
1543 1637 1635 1710 γὰε

1983 1650 2140 1699 :stant
2188 1657 2453 1699 arcanum
2490 1642 2758 1698 bonitatis
2802 1640 2917 1695 Dei.
2964 1639 3022 1695 Si
3080 1640 3226 1694 enim
3275 1655 3343 1695 ex
3375 1651 3461 1697 me

157 1730 227 1780 ἐν
249 1724 331 1796 τῷ
365 1726 566 1795 λέγειν,
594 1727 713 1781 ἀλλ’
739 1731 799 1782 ἐν
836 1729 1059 1794 ἑαυταῖς
1082 1732 1142 1784 ὲν
1171 1729 1250 1801 τῷ
1275 1730 1480 1794 ταύτας
1510 1729 1770 1795 νοεῖσθαι,

1877 1734 2110 1789 scientia
2143 1733 2238 1789 Dei
2268 1733 2617 1797 miriﬁcatur,
2644 1740 2853 1803 quanto
2884 1729 3063 1800 magis
3100 1744 3169 1784 ex
3199 1729 3462 1799 angelicis

154 1818 270 1887 τὴν
311 1817 462 1871 θείαν
498 1818 716 1891 ἐκείνην
747 1822 907 1894 σιγὴν
942 1821 1043 1895 τὴν
1070 1799 1549 1893 ὑπὲρ-κατάληψιν
1590 1838 1632 1890 φ

1983 1827 2170 1884 livinis
2192 1826 2530 1883 virtutibus?
2556 1824 2865 1881 Enuntiant
2909 1824 3056 1879 enim
3085 1838 3193 1878 non
3218 1838 3342 1877 cum
3377 1823 3461 1881 di-

156 1910 395 1979 φάνειαν
428 1910 523 1964 τοῦ
565 1914 624 1966 ὲν
661 1912 876 1979 ἀδύτοις
897 1916 991 1969 καὶ
1014 1917 1074 1969 ὲν
1104 1914 1407 1989 ἀποκρύφῳ
1428 1915 1602 1981 ὄντος,
1630 1914 1772 1969 κατά

155 1998 249 2059 τὸ,
272 2002 472 2056 Ἐθετο
490 2005 711 2071 σκότος
732 2006 1096 2079 ἀποκρυφὴν
1114 2007 1327 2073 αὐτοῦ,
1345 2008 1420 2073 ὼς
1443 2007 1600 2077 φῶτα
1622 2005 1771 2077 φανὰ

156 2093 400 2166 δεύτερα
440 2096 860 2170 προϐεϐλημένα
904 2100 986 2165 είς
1020 2100 1349 2173 ὲρμήνευσιν
1384 2099 1635 2154 ὁπωσοῦν
1672 2100 1773 2172 τῆς

160 2184 397 2258 πρώτης
426 2186 832 2261 λαμπρότητος.
866 2192 1025 2247 Ἀλλά
1056 2194 1151 2248 καὶ
1181 2192 1320 2264 μετά
1346 2192 1473 2258 τοὺς
1504 2192 1771 2263 ἀγγέλους

157 2281 226 2333 αἱ
263 2278 454 2351 ψυχαὶ,
494 2282 590 2336 καὶ
628 2284 732 2337 ὅσα
773 2285 913 2339 εἰσὶν
945 2286 1130 2356 ἀγαθὰ
1171 2284 1284 2340 τῶν
1318 2284 1531 2357 ψυχῶν,
1579 2288 1645 2341 ὲκ
1671 2287 1771 2358 τῆς

157 2372 509 2446 ἀγαθότητός
526 2377 631 2429 εἰσι
661 2377 758 2430 τοῦ
787 2377 947 2444 Θεοῦ,
982 2379 1045 2447 το
1085 2379 1281 2452 νοερᾶς
1313 2380 1487 2445 αὐτὰς
1505 2376 1666 2445 εἶναι,
1694 2382 1771 2446 ὠς

159 2464 420 2531 νοούσας,
446 2467 510 2520 τὸ
533 2468 859 2534 ἀθανάτους,
891 2471 1025 2525 αὐτὸ
1054 2470 1120 2544 δὴ
1139 2472 1202 2525 τὸ
1234 2466 1396 2537 εἶναι,
1424 2472 1520 2526 καὶ
1541 2471 1603 2525 τὸ
1626 2472 1771 2543 ἔχειν

158 2559 422 2632 δύναμιν,
445 2562 871 2633 ἀνατεινομένας
901 2564 1039 2636 πρὸς
1059 2564 1161 2627 τὰς
1185 2562 1485 2635 ἀηελικάς
1515 2561 1683 2630 ζωὰς,
1701 2563 1769 2617 δι’

161 2652 399 2707 ἐκείνων
425 2652 500 2717 ὡς
526 2653 921 2726 καθηγεμόνων
962 2655 1056 2709 ἐπὶ
1093 2655 1192 2729 τὴν
1238 2656 1390 2711 θείαν
1426 2656 1771 2729 ἀγαθαρχίαν

160 2744 490 2812 ἀνάγεσθαι,
515 2746 745 2801 καὶτῶν
770 2750 834 2801 ὲκ
855 2748 949 2801 τοῦ
989 2748 1124 2803 Θεοῦ
1167 2750 1417 2822 μετέχειν
1448 2748 1769 2822 ὲλλάμψεων

163 2838 318 2892 κατὰ
339 2837 437 2910 τὴν
466 2839 761 2910 ἀναλογίαν
799 2841 1006 2906 αὐτῶν,
1030 2842 1125 2896 καὶ
1149 2842 1254 2913 τῆς
1289 2842 1641 2913 ἀγαθοειδοῦς
1667 2843 1771 2897 δω-

162 2932 307 3005 ρεᾶς
335 2934 395 2984 ὲν
419 2933 685 3005 μετουσίᾳ
702 2933 971 3002 γίνεσθαι,
996 2932 1180 2999 καθὼς
1194 2935 1288 2988 ὲπὶ
1310 2937 1406 2988 τοῦ
1434 2935 1661 2990 Ἠσαιου
1676 2935 1771 2989 καὶ

160 3024 266 3078 τοῦ
308 3024 570 3096 Ἰεζεκιὴλ
583 3025 797 3095 γέγονε,
816 3025 910 3079 τοῦ
940 3027 1040 3098 μὲν
1061 3025 1361 3100 δεξαμένου
1389 3026 1482 3081 τὸν
1497 3027 1594 3083 ἀνθ
1603 3044 1767 3100 ρακα,

157 3116 266 3170 τοῦ
319 3117 375 3171 δὲ
407 3117 822 3189 ψωμιασθέντος
854 3118 957 3191 τὴν
980 3120 1266 3191 κεφαλίδα,
1303 3121 1400 3174 καὶ
1424 3122 1526 3174 ὅσα
1551 3120 1684 3176 ἄλλα
1710 3124 1768 3175 ὲν
1797 3157 1841 3215 c

1876 1928 2027 1986 cunt,
2080 1919 2175 1975 sed
2221 1934 2345 1975 cum
2392 1919 2445 1974 in
2499 1917 2813 1987 semetipsis
2856 1916 3169 1983 intelligunt
3210 1915 3459 1971 divinum

1877 2010 2009 2066 illud
2037 2009 2345 2075 silentium,
2370 2022 2434 2063 ac
2480 2004 3093 2075 incomprehensibilem
3138 2002 3463 2057 illustratio-

1875 2119 1998 2159 nem
2021 2103 2139 2176 ejus
2161 2103 2324 2174 quiin
2343 2102 2524 2174 adytis
2536 2110 2590 2157 et
2613 2099 2826 2157 occulto
2851 2099 3089 2167 exsistit,
3110 2099 3267 2169 juxta
3290 2096 3455 2152 illud~

1875 2194 2066 2252 Posuit
2103 2197 2346 2251 tenebras
2368 2194 2653 2250 latibulum
2678 2209 2833 2248 suum
2860 2193 2913 2256 ι,
2940 2202 3200 2261 tanquam
3251 2190 3460 2245 lumina

1870 2290 2119 2360 quaedam
2143 2288 2498 2355 secundaria,
2526 2302 2647 2358 qua:
2668 2286 2948 2357 pr0posita
2982 2293 3110 2340 sunt
3135 2285 3203 2339 ad
3222 2283 3459 2354 primum

1873 2384 2026 2438 illum
2070 2381 2420 2453 splendorem
2468 2394 2690 2452 quoquo
2742 2381 2904 2435 modo
2955 2374 3456 2448 interpretandum.

1874 2476 2165 2542 Praeterea,
2193 2486 2315 2548 post
2346 2475 2589 2547 angelos,
2623 2473 2817 2527 anima:
2847 2486 3085 2542 quoque,
3115 2479 3172 2527 et
3200 2483 3461 2539 quaecun-

1872 2582 1978 2638 que
1999 2568 2307 2623 animarum
2334 2567 2476 2622 b0na
2504 2576 2656 2629 sunt,
2676 2581 2744 2621 ex
2775 2563 3019 2621 bonitate
3034 2561 3127 2616 Dei
3148 2561 3459 2627 exsistunt;

1872 2673 1933 2720 ut
1963 2663 2109 2735 quod
2142 2662 2514 2732 intelligentes
2537 2662 2673 2725 sint,
2700 2671 2957 2730 tanquam
2989 2655 3460 2727 quaeintelligant,

1880 2758 2025 2828 quod
2060 2757 2173 2812 sint
2201 2755 2563 2820 immortales,
2588 2753 2733 2824 quod
2759 2753 2891 2817 sint,
2926 2759 2981 2806 et
3009 2752 3245 2806 habeant
3278 2748 3454 2801 virtu-

1874 2854 2004 2913 tem,
2031 2855 2088 2901 et
2109 2846 2177 2900 ad
2220 2844 2497 2915 angelicas
2527 2843 2672 2899 vitas
2704 2844 2992 2909 accedant,
3018 2850 3073 2896 et
3101 2854 3197 2910 per
3220 2839 3343 2893 illos
3359 2851 3462 2892 ceu

1870 2946 2238 3011 praeceptores
2277 2937 2345 2992 ad
2365 2937 2606 2991 divinam
2641 2936 2813 3006 ipsam
2845 2935 3146 2990 bonitatem
3183 2931 3462 2986 adducan-

1874 3042 1982 3097 tur,
2004 3040 2058 3087 et
2079 3043 2179 3101 pro
2195 3040 2357 3101 captu
2384 3042 2484 3083 suo
2506 3027 2708 3082 divinis
2727 3025 3186 3081 illustrationlbus
3214 3038 3463 3079 commu-

1878 3124 2082 3189 nicent,
2114 3133 2173 3178 et
2206 3121 2451 3177 muneris
2512 3119 2841 3177 bonilormis
2872 3118 3171 3192 participes
3196 3118 3460 3184 existant,

164 3213 282 3283 ἰδίᾳ
309 3214 660 3285 πραγματείᾳ
670 3217 736 3286 τῇ
750 3214 891 3283 Περὶ
911 3214 1117 3285 ψυχῆς
1132 3214 1368 3288 εἴρηται.
1388 3213 1548 3269 Ἀλλά
1562 3217 1642 3271 κατ

1984 3227 2018 3272 ιι
2045 3218 2098 3273 in
2129 3215 2269 3272 lsaia
2298 3224 2354 3271 et
2393 3211 2684 3270 Ezechiele
2712 3211 2935 3274 accidit,
2966 3212 3094 3265 dum
3125 3209 3215 3263 ille
3239 3209 3462 3277 quidem

153 3305 261 3358 ταὶ
276 3305 333 3357 αἱ
346 3304 530 3374 ἄλογοι
546 3306 738 3377 ψυχαὶ,
760 3308 856 3361 καὶ
872 3307 1049 3362 πάντα
1063 3306 1131 3361 τὰ
1148 3307 1319 3379 ἄλογα
1337 3307 1475 3375 ζῶα,
1500 3308 1574 3364 τὰ
1587 3310 1631 3363 ἀι

1984 3328 2108 3369 nam
2142 3312 2384 3383 accepit,
2435 3311 2524 3366 hic
2547 3322 2678 3365 vero
2708 3307 2836 3363 libri
2863 3307 3045 3376 capite
3073 3304 3312 3361 refectus
3351 3312 3462 3370 est,

162 3396 247 3449 τὰ
276 3400 528 3469 χερσαῖα,
550 3398 619 3451 τὰ
646 3399 874 3471 ἑρπετὰ,
909 3399 978 3453 τὰ
1015 3403 1075 3455 ἐν
1101 3400 1275 3468 ὕδατι,
1309 3402 1379 3456 τὰ
1402 3403 1637 3475 ἀμφίϐια

1984 3421 2294 3479 utcunque
2322 3405 2432 3459 alia
2459 3404 2512 3459 in
2545 3400 2814 3473 peculiari
2849 3407 3090 3455 tractatu
3120 3396 3198 3452 De
3224 3398 3405 3451 anima
3431 3412 3462 3450 a

162 3488 281 3542 ὑπὸ
302 3490 404 3561 γῆν
428 3491 841 3563 ὲγκεχωσμένα,
870 3492 1049 3547 πάντα
1072 3494 1245 3548 ταῦτα
1266 3494 1355 3549 διὰ
1377 3495 1480 3569 τὴν
1516 3497 1613 3553 τοῦ
1634 3506 1640 3544 4

1987 3502 2040 3556 is
2058 3500 2375 3557 dictasunt.
2407 3496 2550 3565 Quin
2586 3503 2642 3552 et
2664 3494 2862 3550 animat
2885 3492 3237 3549 irrationales
3263 3501 3319 3546 et
3345 3506 3465 3546 om-

161 3580 487 3652 ἁγαθότητα
517 3584 822 3655 ὲψύχωνται
863 3586 958 3639 καὶ
996 3585 1293 3650 ὲζώωνται·
1327 3589 1531 3661 ὁμοίως
1571 3609 1639 3646 κα

2003 3595 2161 3650 bruta
2190 3592 2519 3653 animantia,
2557 3597 2613 3644 et
2635 3588 2806 3656 aeria,
2833 3597 2890 3643 et
2916 3586 3223 3647 terrestria,
3254 3592 3309 3640 et
3339 3597 3462 3640 ser-

166 3675 340 3745 φυτά,
380 3678 476 3731 καὶ
521 3679 621 3750 ὅση
650 3678 854 3749 ἄψυχος
876 3679 968 3731 καὶ
987 3678 1164 3743 ἀζωος
1183 3680 1362 3747 οὐσία,
1391 3680 1480 3737 διά
1508 3683 1644 3754 τάγο

1993 3686 2094 3753 tia,
2126 3694 2183 3741 et
2218 3683 2503 3756 aquatilia,
2530 3689 2589 3739 et
2620 3679 3010 3751 amphibia,.et
3036 3694 3159 3749 quae
3188 3678 3241 3732 in
3280 3689 3465 3733 caver-

162 3764 240 3820 τά
279 3767 378 3837 μὲν
414 3767 514 3841 τὴν
545 3769 844 3842 θρεπτικὴν
872 3770 966 3824 καὶ
995 3770 1294 3845 αὐξητικὴν
1324 3773 1490 3847 ζωὴν,
1518 3777 1552 3848 ἡ
1588 3776 1640 3831 δὲ

1995 3789 2158 3836 terrae
2180 3778 2407 3850 degunt,
2440 3774 2629 3832 omnia
2662 3773 2781 3830 haec
2812 3788 2915 3844 per
2958 3772 3055 3829 Dei
3084 3772 3384 3827 bonitatem
3408 3777 3466 3825 et

162 3858 466 3925 ούσιώδους
488 3861 654 3928 ἕξεως
688 3862 926 3936 εἴληχεν.

1991 3879 2118 3926 nata
2163 3876 2294 3925 sunt
2329 3876 2388 3922 et
2431 3864 2746 3931 viviﬁcata;
2779 3863 3036 3919 similiter
3073 3874 3128 3919 et
3152 3860 3367 3932 plantat,
3408 3868 3466 3916 et

166 3951 432 4020 quaelibet
484 3954 726 4009 inanima
781 3957 1015 4027 vitatque
1050 3974 1246 4031 expers
1275 3961 1606 4029 substantia,
1652 3981 1751 4036 per
1782 3964 2034 4021 eamdem
2094 3961 2427 4029 bonitatem,
2481 3958 2570 4013 illa
2618 3954 2838 4028 quidem
2885 3954 3200 4009 nutritivam
3258 3964 3313 4009 et
3367 3972 3464 4009 att-

164 4046 400 4103 otrieem
446 4046 633 4114 vitam,
688 4049 806 4106 haec
855 4065 985 4107 vero
1035 4053 1282 4113 habitum
1333 4058 1750 4114 substantialem
1787 4064 2142 4130 acceperunt.

246 4139 276 4215 §
324 4140 407 4195 Ill.
446 4142 511 4196 Εί
538 4143 594 4197 δὲ
622 4146 715 4199 καὶ.
736 4146 879 4218 ὑπὲρ
911 4148 1089 4202 πάντα
1112 4150 1180 4204 τὰ
1210 4149 1340 4205 ὄντα
1371 4152 1488 4207 ἐστὶ
1510 4152 1571 4206 τὸ
1595 4152 1724 4207 Θεῖοε

2026 4151 2113 4208 lll.
2152 4151 2305 4221 Quod
2336 4150 2381 4206 si
2411 4158 2594 4206 autem
2637 4148 2781 4203 Deus
2810 4145 2881 4203 sit
2921 4158 3084 4217 supra
3133 4143 3339 4208 omnia,
3384 4142 3462 4199 uti

168 4232 368 4307 ὥσπερ
397 4237 492 4290 καὶ
520 4238 652 4291 αὐτὸ
678 4240 739 4293 τὸ
767 4240 991 4310 ἀγαθὸν,
1015 4241 1132 4295 ἀλλ’
1158 4238 1252 4299 οῦν
1275 4245 1331 4298 αἱ
1363 4247 1646 4319 στερήσεις

1986 4263 2163 4304 tonum
2187 4248 2388 4317 ipsum,
2421 4258 2554 4316 ergo
2586 4240 2929 4314 privationes
2958 4238 3013 4295 in
3062 4238 3173 4294 Deo
3207 4245 3338 4294 sunt
3364 4252 3464 4295 ex-

166 4326 313 4382 Θεοῦ
331 4328 626 4401 ὑπερϐολαί
638 4332 743 4384 εἱσι
760 4330 961 4387 θέσεων
972 4332 1178 4406 δραστή
1188 4352 1312 4407 ριοι,
1330 4335 1482 4408 ὡςςτὺ
1510 4337 1644 4392 ἀνείέ

1983 4341 2141 4396 entia
2175 4339 2517 4412 positionum
2566 4332 2894 4400 eﬁ'ectrices,
2923 4341 2983 4387 ut
3008 4347 3206 4403 expers
3250 4332 3461 4395 formae,

164 4421 443 4485 ἀνούσιος,
465 4421 660 4489 ᾶζωος,
688 4425 848 4490 ἄνους
867 4442 883 4459 ο
909 4426 1081 4482 ταῦτα
1111 4429 1238 4502 γὰρ,
1258 4430 1466 4486 ἔννοιαν
1484 4432 1642 4504 ἔχοντ.

2000 4447 2071 4487 trs
2095 4431 2435 4496 substantiae,
2462 4442 2663 4499 expers
2691 4428 2839 4493 vitae,
2866 4439 3063 4495 expers
3087 4425 3313 4489 mentis;
3343 4437 3463 4492 qute

165 4514 350 4579 ὄντος,
396 4516 544 4588 ὅμως
588 4520 646 4569 ὲν
686 4518 766 4589 τῷ
819 4520 940 4591 Θεῷ
982 4521 1324 4595 ύπερουσίως
1352 4525 1465 4579 ὄντι
1490 4527 1630 4580 κατά

1980 4525 2096 4580 dem
2120 4525 2377 4582 videntur
2390 4522 2703 4595 signiﬁcare
2718 4520 2921 4591 aliquid
2935 4519 3080 4591 quod
3100 4534 3207 4573 non
3224 4516 3458 4580 exsistit,

165 4608 471 4681 ἀφαίρεσιν
522 4610 777 4665 ἁπάντων
826 4612 999 4683 (οὐδὲν
1050 4615 1157 4687 γάρ
1210 4616 1327 4671 ἐστι
1375 4616 1485 4672 τῶν
1534 4617 1643 4672 ὄντι

1982 4634 2062 4674 ten
2088 4619 2143 4674 in
2168 4618 2300 4685 Deo,
2328 4619 2423 4689 qui
2452 4614 2987 4687 superessentialiter
3010 4612 3253 4667 omnium
3279 4621 3460 4664 rerum

168 4700 522 4773 ὑπεροχικώς
546 4702 813 4758 νοοῦνται.
845 4706 953 4759 Καὶ
980 4708 1028 4759 εἰ
1061 4705 1281 4778 θεμιτὸν
1313 4708 1609 4778 φάναι,καὶ
1637 4729 1646 4763 ι

1986 4712 2168 4768 atione
2199 4712 2390 4768 existit
2423 4710 2593 4783 (nihil
2629 4710 2776 4766 enim
2806 4718 2892 4764 est
2925 4721 3116 4762 eorum
3158 4718 3279 4774 quae
3309 4704 3460 4772 sunt)

166 4794 235 4847 τὸ
266 4793 345 4866 μὴ
372 4795 431 4848 ὃν
450 4795 545 4849 τοῦ
574 4798 715 4871 ὑπὲρ
747 4798 925 4854 πάντα
948 4801 1153 4871 ἀγαθοῦ
1189 4802 1423 4873 ἐφίεται,
1459 4803 1529 4873 (εί
1559 4804 1644 4877 γάι

1982 4813 2181 4860 uenter
2218 4803 2623 4874 intelliguntur.
2663 4800 2751 4867 Et,
2780 4799 2826 4856 si
2881 4798 3029 4878 dictu
3063 4795 3147 4851 fas
3194 4793 3287 4858 sit,
3328 4792 3460 4846 illud

168 4886 328 4941 ἐστιν
349 4888 503 4954 αὐτὸ,
533 4890 651 4955 πῶς
677 4891 941 4965 ἐφίεταις)
1043 4895 1224 4966 δῆλον,
1251 4897 1334 4950 ὅτι
1365 4897 1427 4950 τὸ
1467 4896 1542 4970 μὴ
1571 4897 1630 4952 ὃν

1986 4913 2057 4954 tm
2078 4879 2233 4969 ’quod
2261 4913 2369 4953 non
2404 4906 2510 4964 est,
2544 4896 2714 4961 illius,
2746 4893 2891 4966 quod
2938 4905 3103 4961 supra
3137 4902 3226 4943 res
3270 4899 3464 4942 omnes

166 4980 272 5033 κον
300 4979 525 5050 ὲνάησεν
552 4977 712 5047 εἶναι,
746 4983 820 5057 μὴ
858 4984 918 5039 ὃν
944 4986 1144 5040 ὡσανεὶ
1168 4987 1391 5058 ἀγαθὸν,
1420 4988 1496 5053 ὡς
1526 5007 1644 5063 παρη

1982 4992 2147 5051 ,boni
2177 4990 2449 5047 desiderio
2500 4998 2716 5044 tenetur
2763 4987 2850 5058 (si
2893 4983 3040 5040 enim
3090 4982 3144 5036 id
3196 4995 3306 5035 non
3354 4988 3460 5044 est,

164 5068 308 5123 τιὼν
354 5069 718 5138 ἀποδεικνύει,
743 5074 825 5128 ὅτι
862 5080 958 5129 καὶ
988 5076 1119 5131 αὐτὸ
1162 5076 1222 5131 τὸ
1264 5077 1559 5151 λεγόμενον
1598 5099 1642 5136 κ‹

1984 5084 2152 5141 ιιηοιΙο
2190 5081 2499 5140 desiderat?
2528 5084 2585 5150 );
2627 5080 2770 5136 unde
2819 5076 3211 5140 manifestum,
3264 5087 3366 5143 per
3409 5071 3462 5126 id

162 5159 270 5214 τοῦ
313 5160 522 5230 ἀγαθοῦ
556 5163 719 5218 ἕνεκα
748 5166 1009 5233 πολλάκις
1038 5169 1268 5239 γίνεται.

1983 5179 2020 5233 ιά
2071 5194 2179 5234 non
2229 5187 2337 5242 est,
2388 5176 2592 5230 malum
2644 5172 2996 5238 intellexisse,
3049 5183 3173 5224 cum
3221 5181 3331 5222 non
3387 5164 3461 5220 sit

168 5253 367 5324 aliquo
427 5260 585 5313 modo
644 5262 862 5326 bonum,
922 5266 998 5320 uti
1056 5267 1110 5322 in
1166 5282 1457 5337 progressu
1504 5269 1777 5330 orationis
1807 5274 2078 5341 ostendit;
2140 5274 2269 5344 quia
2313 5271 2444 5327 illud
2500 5269 2669 5343 388
2700 5268 2866 5325 etiam
2899 5263 3043 5335 quod
3089 5261 3290 5317 malum
3323 5258 3464 5314 dici-

173 5359 291 5417 lttr,
321 5360 541 5419 propter
568 5352 764 5409 bonum
799 5356 877 5411 ﬁt.

244 5438 274 5511 ς
316 5437 404 5492 ιν.
459 5440 600 5497 Ἀλλ’
643 5445 780 5517 ὅπερ
818 5449 967 5519 ἡμᾶς
1005 5451 1403 5523 διαπέφευγεν,
1443 5454 1617 5508 αἴτιον
1664 5456 1722 5509 τᾶ

2012 5454 2104 5512 ιν.
2146 5456 2296 5523 Sed,
2353 5454 2497 5524 quod
2552 5468 2653 5509 nos
2700 5450 3002 5520 eﬁ‘ugerat,
3052 5445 3354 5502 caelestium
3408 5454 3465 5500 et

164 5531 449 5603 οὐρανίων
479 5536 572 5589 καὶ
596 5539 876 5609 κοσμικῶν
905 5541 1150 5616 (οὐρανὸν
1179 5546 1288 5620 γὰρ
1314 5546 1404 5601 τὸν
1438 5548 1640 5620 κόσμον

1983 5550 2275 5604 ndanorum
2308 5546 2531 5617 (caelum
2575 5544 2721 5600 enim
2768 5540 3029 5595 mundum
3061 5539 3278 5610 vocant)
3309 5537 3461 5610 prin-

169 5624 261 5678 σίν
290 5627 312 5695 )
357 5624 545 5697 ἀρχῶν
577 5629 671 5682 καὶ
692 5631 1220 5709 ἀποπερατώσεωνή
1256 5638 1351 5694 τοῦ
1392 5639 1528 5695 Θεοῦ
1572 5643 1647 5712 ἀγη

1977 5657 2141 5699 torum
2170 5638 2246 5697 ac’
2266 5639 2712 5698 terminationum
2740 5649 2909 5694 causa
2955 5643 3039 5690 est
3077 5631 3175 5689 Dei
3206 5631 3455 5703 bonitas,

291 5784 327 5824 ι
344 5783 485 5839 Psal.
519 5800 646 5851 χιιι,
680 5789 765 5843 l2.
