  <div class='ocr_page' id='page_1' title='image "/cluster/home/n/w/nwhite01/storage/ocr_20150623/3/hvd.32044014713192/385.png"; bbox 0 0 3752 6320; ppageno 0'>
   <div class='ocr_carea' id='block_1_1' title="bbox 363 326 466 379">
    <p class='ocr_par' dir='ltr' id='par_1_1' title="bbox 363 326 466 379">
     <span class='ocr_line' id='line_1_1' title="bbox 363 326 466 379; baseline -0.01 0"><span class='ocrx_word' id='word_1_1' title='bbox 363 326 466 379; x_wconf 65' lang='grc' dir='ltr'><strong>πε</strong></span> 
     </span>
    </p>
   </div>
   <div class='ocr_carea' id='block_1_2' title="bbox 1464 317 2365 375">
    <p class='ocr_par' dir='ltr' id='par_1_2' title="bbox 1464 317 2365 375">
     <span class='ocr_line' id='line_1_2' title="bbox 1464 317 2365 375; baseline 0.002 -4"><span class='ocrx_word' id='word_1_2' title='bbox 1464 318 1519 373; x_wconf 86' lang='lat' dir='ltr'><strong>S.</strong></span> <span class='ocrx_word' id='word_1_3' title='bbox 1559 318 1863 375; x_wconf 64' lang='lat' dir='ltr'><strong>DIONYSI.</strong></span> <span class='ocrx_word' id='word_1_4' title='bbox 1898 317 2243 375; x_wconf 71' lang='lat' dir='ltr'><strong>AREOPAGI</strong></span> <span class='ocrx_word' id='word_1_5' title='bbox 2262 320 2365 373; x_wconf 72' lang='grc' dir='ltr'><strong>ΓΑΞ</strong></span> 
     </span>
    </p>
   </div>
   <div class='ocr_carea' id='block_1_3' title="bbox 3507 320 3601 374">
    <p class='ocr_par' dir='ltr' id='par_1_3' title="bbox 3507 320 3601 374">
     <span class='ocr_line' id='line_1_3' title="bbox 3507 320 3601 374; baseline 0.011 -1"><span class='ocrx_word' id='word_1_6' title='bbox 3507 320 3601 374; x_wconf 82' lang='lat'><strong>756</strong></span> 
     </span>
    </p>
   </div>
   <div class='ocr_carea' id='block_1_4' title="bbox 359 431 1841 505">
    <p class='ocr_par' dir='ltr' id='par_1_4' title="bbox 359 431 1841 494">
     <span class='ocr_line' id='line_1_4' title="bbox 359 431 1841 494; baseline -0.005 -1"><span class='ocrx_word' id='word_1_7' title='bbox 359 455 483 493; x_wconf 88' lang='lat' dir='ltr'><strong>nam</strong></span> <span class='ocrx_word' id='word_1_8' title='bbox 512 439 651 494; x_wconf 88' lang='lat' dir='ltr'><strong>Deus</strong></span> <span class='ocrx_word' id='word_1_9' title='bbox 675 439 791 493; x_wconf 71' lang='lat' dir='ltr'><strong>haec</strong></span> <span class='ocrx_word' id='word_1_10' title='bbox 818 437 1000 492; x_wconf 89' lang='lat' dir='ltr'><strong>omnia</strong></span> <span class='ocrx_word' id='word_1_11' title='bbox 1030 434 1292 491; x_wconf 70' lang='lat' dir='ltr'><strong>bonitatis</strong></span> <span class='ocrx_word' id='word_1_12' title='bbox 1323 431 1651 487; x_wconf 75' lang='lat' dir='ltr'><strong>abundantia</strong></span> <span class='ocrx_word' id='word_1_13' title='bbox 1689 450 1841 488; x_wconf 75' lang='lat' dir='ltr'><strong>creav</strong></span> 
     </span>
    </p>
   </div>
   <div class='ocr_carea' id='block_1_5' title="bbox 2119 431 3601 505">
    <p class='ocr_par' dir='ltr' id='par_1_5' title="bbox 2119 432 3601 505">
     <span class='ocr_line' id='line_1_5' title="bbox 2119 432 3601 505; baseline -0.001 -19"><span class='ocrx_word' id='word_1_14' title='bbox 2119 453 2122 461; x_wconf 68' lang='grc'><em>’</em></span> <span class='ocrx_word' id='word_1_15' title='bbox 2164 434 2308 487; x_wconf 80' lang='grc' dir='ltr'>ἐστί·</span> <span class='ocrx_word' id='word_1_16' title='bbox 2355 432 2647 487; x_wconf 68' lang='grc' dir='ltr'>καὶταῦτα</span> <span class='ocrx_word' id='word_1_17' title='bbox 2696 434 2804 505; x_wconf 79' lang='grc' dir='ltr'><strong>γάρ</strong></span> <span class='ocrx_word' id='word_1_18' title='bbox 2830 434 2897 487; x_wconf 87' lang='grc' dir='ltr'>δι’</span> <span class='ocrx_word' id='word_1_19' title='bbox 2939 434 3275 505; x_wconf 85' lang='grc' dir='ltr'>ἀγαθότητος</span> <span class='ocrx_word' id='word_1_20' title='bbox 3310 432 3601 504; x_wconf 77' lang='grc' dir='ltr'>ὑπερϐολὴν</span> 
     </span>
    </p>
   </div>
   <div class='ocr_carea' id='block_1_6' title="bbox 357 526 1928 599">
    <p class='ocr_par' dir='ltr' id='par_1_6' title="bbox 357 526 1928 599">
     <span class='ocr_line' id='line_1_6' title="bbox 357 526 1928 599; baseline -0.004 -14"><span class='ocrx_word' id='word_1_21' title='bbox 357 530 625 599; x_wconf 78' lang='lat' dir='ltr'><strong>Principia</strong></span> <span class='ocrx_word' id='word_1_22' title='bbox 656 545 784 584; x_wconf 82' lang='lat' dir='ltr'><strong>vero</strong></span> <span class='ocrx_word' id='word_1_23' title='bbox 809 530 1051 583; x_wconf 64' lang='lat' dir='ltr'><strong>caelestia</strong></span> <span class='ocrx_word' id='word_1_24' title='bbox 1078 538 1132 582; x_wconf 92' lang='lat' dir='ltr'><strong>et</strong></span> <span class='ocrx_word' id='word_1_25' title='bbox 1153 528 1561 581; x_wconf 78' lang='lat' dir='ltr'><strong>terminationes</strong></span> <span class='ocrx_word' id='word_1_26' title='bbox 1586 526 1928 595; x_wconf 80' lang='lat' dir='ltr'><strong>intelligenda</strong></span> 
     </span>
    </p>
   </div>
   <div class='ocr_carea' id='block_1_7' title="bbox 2035 525 3602 597">
    <p class='ocr_par' dir='ltr' id='par_1_7' title="bbox 2035 525 3602 597">
     <span class='ocr_line' id='line_1_7' title="bbox 2035 525 3602 597; baseline 0.001 -21"><span class='ocrx_word' id='word_1_27' title='bbox 2035 526 2355 595; x_wconf 79' lang='grc' dir='ltr'><strong>παρήγαγεν</strong></span> <span class='ocrx_word' id='word_1_28' title='bbox 2384 528 2412 578; x_wconf 84' lang='grc' dir='ltr'>ὁ</span> <span class='ocrx_word' id='word_1_29' title='bbox 2435 526 2586 588; x_wconf 86' lang='grc' dir='ltr'><strong>Θεός.</strong></span> <span class='ocrx_word' id='word_1_30' title='bbox 2638 526 2837 597; x_wconf 81' lang='grc' dir='ltr'>’Δρχάς</span> <span class='ocrx_word' id='word_1_31' title='bbox 2865 525 2922 579; x_wconf 88' lang='grc' dir='ltr'>δὲ</span> <span class='ocrx_word' id='word_1_32' title='bbox 2944 526 3201 596; x_wconf 87' lang='grc' dir='ltr'>οὐρανίας</span> <span class='ocrx_word' id='word_1_33' title='bbox 3227 526 3321 577; x_wconf 81' lang='grc' dir='ltr'><strong>καὶ</strong></span> <span class='ocrx_word' id='word_1_34' title='bbox 3344 526 3602 597; x_wconf 79' lang='grc' dir='ltr'>ἀποπερα-</span> 
     </span>
    </p>
   </div>
   <div class='ocr_carea' id='block_1_8' title="bbox 356 616 1838 691">
    <p class='ocr_par' dir='ltr' id='par_1_8' title="bbox 356 618 1838 691">
     <span class='ocr_line' id='line_1_8' title="bbox 356 618 1838 691; baseline -0.003 -15"><span class='ocrx_word' id='word_1_35' title='bbox 356 632 612 691; x_wconf 86' lang='lat' dir='ltr'><strong>tanquam</strong></span> <span class='ocrx_word' id='word_1_36' title='bbox 631 638 695 675; x_wconf 90' lang='lat' dir='ltr'><strong>ex</strong></span> <span class='ocrx_word' id='word_1_37' title='bbox 713 632 911 691; x_wconf 89' lang='lat' dir='ltr'><strong>puncto</strong></span> <span class='ocrx_word' id='word_1_38' title='bbox 937 637 1029 676; x_wconf 91' lang='lat' dir='ltr'><strong>seu</strong></span> <span class='ocrx_word' id='word_1_39' title='bbox 1057 632 1245 675; x_wconf 88' lang='lat' dir='ltr'><strong>centro</strong></span> <span class='ocrx_word' id='word_1_40' title='bbox 1271 618 1561 673; x_wconf 85' lang='lat' dir='ltr'><strong>voluntatis</strong></span> <span class='ocrx_word' id='word_1_41' title='bbox 1587 618 1678 673; x_wconf 85' lang='lat' dir='ltr'><strong>Dei</strong></span> <span class='ocrx_word' id='word_1_42' title='bbox 1702 628 1838 672; x_wconf 77' lang='lat' dir='ltr'><strong>rolur</strong></span> 
     </span>
    </p>
   </div>
   <div class='ocr_carea' id='block_1_9' title="bbox 2117 616 3599 691">
    <p class='ocr_par' dir='ltr' id='par_1_9' title="bbox 2117 616 3599 688">
     <span class='ocr_line' id='line_1_9' title="bbox 2117 616 3599 688; baseline 0.001 -21"><span class='ocrx_word' id='word_1_43' title='bbox 2117 632 2225 679; x_wconf 88' lang='grc' dir='ltr'>σεις</span> <span class='ocrx_word' id='word_1_44' title='bbox 2249 617 2465 687; x_wconf 83' lang='grc' dir='ltr'>νοητέον</span> <span class='ocrx_word' id='word_1_45' title='bbox 2493 617 2590 688; x_wconf 75' lang='grc' dir='ltr'>τὴν</span> <span class='ocrx_word' id='word_1_46' title='bbox 2628 616 2705 681; x_wconf 88' lang='grc' dir='ltr'><strong>ὡς</strong></span> <span class='ocrx_word' id='word_1_47' title='bbox 2751 620 2817 670; x_wconf 82' lang='grc' dir='ltr'><strong>ἐκ</strong></span> <span class='ocrx_word' id='word_1_48' title='bbox 2845 618 3072 688; x_wconf 82' lang='grc' dir='ltr'><strong>σημείου</strong></span> <span class='ocrx_word' id='word_1_49' title='bbox 3104 618 3220 688; x_wconf 79' lang='grc' dir='ltr'>ῆτοι</span> <span class='ocrx_word' id='word_1_50' title='bbox 3249 618 3477 687; x_wconf 77' lang='grc' dir='ltr'><strong>κέντρου</strong></span> <span class='ocrx_word' id='word_1_51' title='bbox 3516 617 3599 668; x_wconf 80' lang='grc' dir='ltr'><strong>τοῦ</strong></span> 
     </span>
    </p>
   </div>
   <div class='ocr_carea' id='block_1_10' title="bbox 356 712 1924 780">
    <p class='ocr_par' dir='ltr' id='par_1_10' title="bbox 356 712 1924 780">
     <span class='ocr_line' id='line_1_10' title="bbox 356 712 1924 780; baseline -0.001 -15"><span class='ocrx_word' id='word_1_52' title='bbox 356 713 613 767; x_wconf 76' lang='lat' dir='ltr'><strong>ctelorum</strong></span> <span class='ocrx_word' id='word_1_53' title='bbox 638 712 918 767; x_wconf 83' lang='lat' dir='ltr'><strong>fabricatio</strong></span> <span class='ocrx_word' id='word_1_54' title='bbox 948 714 1249 767; x_wconf 83' lang='lat' dir='ltr'><strong>subsistens</strong></span> <span class='ocrx_word' id='word_1_55' title='bbox 1267 729 1280 765; x_wconf 93' lang='lat'>:</span> <span class='ocrx_word' id='word_1_56' title='bbox 1298 712 1575 766; x_wconf 90' lang='lat' dir='ltr'><strong>circularis</strong></span> <span class='ocrx_word' id='word_1_57' title='bbox 1594 714 1736 765; x_wconf 91' lang='lat' dir='ltr'><strong>enim</strong></span> <span class='ocrx_word' id='word_1_58' title='bbox 1758 712 1924 780; x_wconf 80' lang='lat' dir='ltr'><strong>ﬁgura</strong></span> 
     </span>
    </p>
   </div>
   <div class='ocr_carea' id='block_1_11' title="bbox 354 802 1923 873">
    <p class='ocr_par' dir='ltr' id='par_1_11' title="bbox 354 802 1923 873">
     <span class='ocr_line' id='line_1_11' title="bbox 354 802 1923 873; baseline 0 -16"><span class='ocrx_word' id='word_1_59' title='bbox 354 818 420 857; x_wconf 87' lang='lat' dir='ltr'><strong>ex</strong></span> <span class='ocrx_word' id='word_1_60' title='bbox 453 803 626 873; x_wconf 88' lang='lat' dir='ltr'><strong>seipsa</strong></span> <span class='ocrx_word' id='word_1_61' title='bbox 654 805 941 871; x_wconf 83' lang='lat' dir='ltr'><strong>incipiens,</strong></span> <span class='ocrx_word' id='word_1_62' title='bbox 979 805 1030 858; x_wconf 93' lang='lat' dir='ltr'><strong>in</strong></span> <span class='ocrx_word' id='word_1_63' title='bbox 1072 805 1246 873; x_wconf 84' lang='lat' dir='ltr'><strong>seipsa</strong></span> <span class='ocrx_word' id='word_1_64' title='bbox 1284 804 1624 857; x_wconf 89' lang='lat' dir='ltr'><strong>terminatur.</strong></span> <span class='ocrx_word' id='word_1_65' title='bbox 1643 802 1923 857; x_wconf 84' lang='lat' dir='ltr'><strong>Ccelestem</strong></span> 
     </span>
    </p>
   </div>
   <div class='ocr_carea' id='block_1_12' title="bbox 352 893 1925 965">
    <p class='ocr_par' dir='ltr' id='par_1_12' title="bbox 352 893 1925 965">
     <span class='ocr_line' id='line_1_12' title="bbox 352 893 1925 965; baseline 0.002 -21"><span class='ocrx_word' id='word_1_66' title='bbox 352 909 485 949; x_wconf 86' lang='lat' dir='ltr'><strong>vero</strong></span> <span class='ocrx_word' id='word_1_67' title='bbox 518 896 875 949; x_wconf 88' lang='lat' dir='ltr'><strong>substantiam</strong></span> <span class='ocrx_word' id='word_1_68' title='bbox 909 911 1083 965; x_wconf 89' lang='lat' dir='ltr'><strong>neque</strong></span> <span class='ocrx_word' id='word_1_69' title='bbox 1113 894 1293 964; x_wconf 84' lang='lat' dir='ltr'><strong>augeri</strong></span> <span class='ocrx_word' id='word_1_70' title='bbox 1327 908 1505 962; x_wconf 88' lang='lat' dir='ltr'><strong>neque</strong></span> <span class='ocrx_word' id='word_1_71' title='bbox 1536 894 1701 947; x_wconf 87' lang='lat' dir='ltr'><strong>minui</strong></span> <span class='ocrx_word' id='word_1_72' title='bbox 1733 893 1835 959; x_wconf 89' lang='lat' dir='ltr'><strong>ait,</strong></span> <span class='ocrx_word' id='word_1_73' title='bbox 1866 903 1925 947; x_wconf 86' lang='lat' dir='ltr'><strong>ut</strong></span> 
     </span>
    </p>
   </div>
   <div class='ocr_carea' id='block_1_13' title="bbox 350 984 1925 1055">
    <p class='ocr_par' dir='ltr' id='par_1_13' title="bbox 350 984 1925 1055">
     <span class='ocr_line' id='line_1_13' title="bbox 350 984 1925 1055; baseline -0.003 -15"><span class='ocrx_word' id='word_1_74' title='bbox 350 986 590 1055; x_wconf 79' lang='lat' dir='ltr'><strong>perfecte</strong></span> <span class='ocrx_word' id='word_1_75' title='bbox 611 995 662 1040; x_wconf 90' lang='lat' dir='ltr'><strong>et</strong></span> <span class='ocrx_word' id='word_1_76' title='bbox 692 986 1017 1042; x_wconf 78' lang='lat' dir='ltr'><strong>sufﬁcienter</strong></span> <span class='ocrx_word' id='word_1_77' title='bbox 1044 986 1201 1041; x_wconf 90' lang='lat' dir='ltr'><strong>ﬁnem</strong></span> <span class='ocrx_word' id='word_1_78' title='bbox 1234 1001 1387 1040; x_wconf 89' lang='lat' dir='ltr'><strong>suum</strong></span> <span class='ocrx_word' id='word_1_79' title='bbox 1413 994 1748 1049; x_wconf 88' lang='lat' dir='ltr'><strong>assecutam;</strong></span> <span class='ocrx_word' id='word_1_80' title='bbox 1779 984 1925 1038; x_wconf 89' lang='lat' dir='ltr'><strong>ideo-</strong></span> 
     </span>
    </p>
   </div>
   <div class='ocr_carea' id='block_1_14' title="bbox 349 1075 1919 1147">
    <p class='ocr_par' dir='ltr' id='par_1_14' title="bbox 349 1075 1919 1147">
     <span class='ocr_line' id='line_1_14' title="bbox 349 1075 1919 1147; baseline 0.001 -19"><span class='ocrx_word' id='word_1_81' title='bbox 349 1092 456 1147; x_wconf 89' lang='lat' dir='ltr'><strong>que</strong></span> <span class='ocrx_word' id='word_1_82' title='bbox 487 1077 870 1130; x_wconf 87' lang='lat' dir='ltr'><strong>immutabilem</strong></span> <span class='ocrx_word' id='word_1_83' title='bbox 898 1080 1068 1147; x_wconf 86' lang='lat' dir='ltr'><strong>ipsam</strong></span> <span class='ocrx_word' id='word_1_84' title='bbox 1092 1078 1247 1144; x_wconf 82' lang='lat' dir='ltr'><strong>dixit,</strong></span> <span class='ocrx_word' id='word_1_85' title='bbox 1290 1093 1355 1132; x_wconf 88' lang='lat' dir='ltr'><strong>ex</strong></span> <span class='ocrx_word' id='word_1_86' title='bbox 1378 1092 1485 1146; x_wconf 91' lang='lat' dir='ltr'><strong>quo</strong></span> <span class='ocrx_word' id='word_1_87' title='bbox 1522 1075 1660 1131; x_wconf 84' lang='lat' dir='ltr'><strong>facta</strong></span> <span class='ocrx_word' id='word_1_88' title='bbox 1684 1087 1787 1141; x_wconf 89' lang='lat' dir='ltr'><strong>est,</strong></span> <span class='ocrx_word' id='word_1_89' title='bbox 1811 1090 1919 1131; x_wconf 92' lang='lat' dir='ltr'><strong>non</strong></span> 
     </span>
    </p>
   </div>
   <div class='ocr_carea' id='block_1_15' title="bbox 346 1165 1922 1235">
    <p class='ocr_par' dir='ltr' id='par_1_15' title="bbox 346 1165 1922 1235">
     <span class='ocr_line' id='line_1_15' title="bbox 346 1165 1922 1235; baseline 0.001 -17"><span class='ocrx_word' id='word_1_90' title='bbox 346 1179 701 1235; x_wconf 80' lang='lat' dir='ltr'><strong>perversam;</strong></span> <span class='ocrx_word' id='word_1_91' title='bbox 735 1167 1034 1234; x_wconf 83' lang='lat' dir='ltr'><strong>perfectum</strong></span> <span class='ocrx_word' id='word_1_92' title='bbox 1066 1176 1244 1221; x_wconf 89' lang='lat' dir='ltr'><strong>autem</strong></span> <span class='ocrx_word' id='word_1_93' title='bbox 1294 1175 1401 1233; x_wconf 88' lang='lat' dir='ltr'><strong>est,</strong></span> <span class='ocrx_word' id='word_1_94' title='bbox 1446 1165 1589 1235; x_wconf 91' lang='lat' dir='ltr'><strong>quod</strong></span> <span class='ocrx_word' id='word_1_95' title='bbox 1620 1178 1797 1234; x_wconf 83' lang='lat' dir='ltr'><strong>neque</strong></span> <span class='ocrx_word' id='word_1_96' title='bbox 1825 1181 1922 1219; x_wconf 90' lang='lat' dir='ltr'><strong>au-</strong></span> 
     </span>
    </p>
   </div>
   <div class='ocr_carea' id='block_1_16' title="bbox 350 1259 1920 1328">
    <p class='ocr_par' dir='ltr' id='par_1_16' title="bbox 350 1259 1920 1328">
     <span class='ocr_line' id='line_1_16' title="bbox 350 1259 1920 1328; baseline 0 -15"><span class='ocrx_word' id='word_1_97' title='bbox 350 1268 510 1328; x_wconf 79' lang='lat' dir='ltr'><strong>getur</strong></span> <span class='ocrx_word' id='word_1_98' title='bbox 540 1273 716 1327; x_wconf 90' lang='lat' dir='ltr'><strong>neque</strong></span> <span class='ocrx_word' id='word_1_99' title='bbox 746 1260 1029 1314; x_wconf 90' lang='lat' dir='ltr'><strong>minuitur.</strong></span> <span class='ocrx_word' id='word_1_100' title='bbox 1061 1260 1197 1314; x_wconf 87' lang='lat' dir='ltr'><strong>Nota</strong></span> <span class='ocrx_word' id='word_1_101' title='bbox 1226 1275 1379 1324; x_wconf 89' lang='lat' dir='ltr'><strong>vero,</strong></span> <span class='ocrx_word' id='word_1_102' title='bbox 1410 1273 1532 1312; x_wconf 92' lang='lat' dir='ltr'><strong>eum</strong></span> <span class='ocrx_word' id='word_1_103' title='bbox 1575 1259 1778 1324; x_wconf 90' lang='lat' dir='ltr'><strong>dicere,</strong></span> <span class='ocrx_word' id='word_1_104' title='bbox 1812 1275 1920 1313; x_wconf 74' lang='lat' dir='ltr'><strong>ete-</strong></span> 
     </span>
    </p>
   </div>
   <div class='ocr_carea' id='block_1_17' title="bbox 344 1348 1915 1420">
    <p class='ocr_par' dir='ltr' id='par_1_17' title="bbox 344 1348 1915 1420">
     <span class='ocr_line' id='line_1_17' title="bbox 344 1348 1915 1420; baseline 0.001 -17"><span class='ocrx_word' id='word_1_105' title='bbox 344 1348 431 1404; x_wconf 79' lang='lat' dir='ltr'><strong>los</strong></span> <span class='ocrx_word' id='word_1_106' title='bbox 458 1351 574 1405; x_wconf 87' lang='lat' dir='ltr'><strong>sine</strong></span> <span class='ocrx_word' id='word_1_107' title='bbox 601 1351 828 1419; x_wconf 90' lang='lat' dir='ltr'><strong>strepitu</strong></span> <span class='ocrx_word' id='word_1_108' title='bbox 859 1362 912 1404; x_wconf 89' lang='lat' dir='ltr'><strong>et</strong></span> <span class='ocrx_word' id='word_1_109' title='bbox 951 1358 1153 1420; x_wconf 85' lang='lat' dir='ltr'><strong>absque</strong></span> <span class='ocrx_word' id='word_1_110' title='bbox 1193 1366 1356 1406; x_wconf 83' lang='lat' dir='ltr'><strong>sensu</strong></span> <span class='ocrx_word' id='word_1_111' title='bbox 1390 1351 1619 1406; x_wconf 82' lang='lat' dir='ltr'><strong>moveri.</strong></span> <span class='ocrx_word' id='word_1_112' title='bbox 1654 1350 1785 1405; x_wconf 91' lang='lat' dir='ltr'><strong>lllud</strong></span> <span class='ocrx_word' id='word_1_113' title='bbox 1818 1367 1915 1404; x_wconf 91' lang='lat' dir='ltr'><strong>au-</strong></span> 
     </span>
    </p>
   </div>
   <div class='ocr_carea' id='block_1_18' title="bbox 346 1442 1916 1512">
    <p class='ocr_par' dir='ltr' id='par_1_18' title="bbox 346 1442 1916 1512">
     <span class='ocr_line' id='line_1_18' title="bbox 346 1442 1916 1512; baseline 0.001 -18"><span class='ocrx_word' id='word_1_114' title='bbox 346 1448 494 1503; x_wconf 83' lang='lat' dir='ltr'><strong>tem,</strong></span> <span class='ocrx_word' id='word_1_115' title='bbox 549 1443 907 1512; x_wconf 80' lang='lat' dir='ltr'><strong>quarumdam</strong></span> <span class='ocrx_word' id='word_1_116' title='bbox 946 1443 1221 1496; x_wconf 76' lang='lat' dir='ltr'><strong>stellarum</strong></span> <span class='ocrx_word' id='word_1_117' title='bbox 1264 1442 1569 1509; x_wconf 80' lang='lat' dir='ltr'><strong>multiplicis</strong></span> <span class='ocrx_word' id='word_1_118' title='bbox 1603 1452 1773 1495; x_wconf 78' lang='lat' dir='ltr'><strong>motus</strong></span> <span class='ocrx_word' id='word_1_119' title='bbox 1816 1459 1916 1511; x_wconf 85' lang='lat' dir='ltr'><strong>quo</strong></span> 
     </span>
    </p>
   </div>
   <div class='ocr_carea' id='block_1_19' title="bbox 349 1532 1915 1604">
    <p class='ocr_par' dir='ltr' id='par_1_19' title="bbox 349 1532 1915 1604">
     <span class='ocr_line' id='line_1_19' title="bbox 349 1532 1915 1604; baseline 0.001 -19"><span class='ocrx_word' id='word_1_120' title='bbox 349 1532 777 1602; x_wconf 78' lang='lat' dir='ltr'><strong>transferuntur,</strong></span> <span class='ocrx_word' id='word_1_121' title='bbox 826 1535 894 1589; x_wconf 89' lang='lat' dir='ltr'><strong>de</strong></span> <span class='ocrx_word' id='word_1_122' title='bbox 938 1534 1172 1604; x_wconf 88' lang='lat' dir='ltr'><strong>planetis</strong></span> <span class='ocrx_word' id='word_1_123' title='bbox 1211 1535 1372 1599; x_wconf 87' lang='lat' dir='ltr'><strong>dicit;</strong></span> <span class='ocrx_word' id='word_1_124' title='bbox 1404 1544 1589 1588; x_wconf 90' lang='lat' dir='ltr'><strong>censet</strong></span> <span class='ocrx_word' id='word_1_125' title='bbox 1624 1535 1763 1588; x_wconf 91' lang='lat' dir='ltr'><strong>enim</strong></span> <span class='ocrx_word' id='word_1_126' title='bbox 1799 1535 1915 1587; x_wconf 86' lang='lat' dir='ltr'><strong>illos</strong></span> 
     </span>
    </p>
   </div>
   <div class='ocr_carea' id='block_1_20' title="bbox 345 1622 1908 1695">
    <p class='ocr_par' dir='ltr' id='par_1_20' title="bbox 345 1622 1908 1695">
     <span class='ocr_line' id='line_1_20' title="bbox 345 1622 1908 1695; baseline 0.001 -18"><span class='ocrx_word' id='word_1_127' title='bbox 345 1622 492 1677; x_wconf 81' lang='lat' dir='ltr'><strong>solos</strong></span> <span class='ocrx_word' id='word_1_128' title='bbox 525 1625 748 1678; x_wconf 80' lang='lat' dir='ltr'><strong>moveri.</strong></span> <span class='ocrx_word' id='word_1_129' title='bbox 775 1624 910 1690; x_wconf 85' lang='lat' dir='ltr'><strong>Quid</strong></span> <span class='ocrx_word' id='word_1_130' title='bbox 936 1641 1099 1695; x_wconf 87' lang='lat' dir='ltr'><strong>porro</strong></span> <span class='ocrx_word' id='word_1_131' title='bbox 1130 1626 1277 1679; x_wconf 87' lang='lat' dir='ltr'><strong>dicat</strong></span> <span class='ocrx_word' id='word_1_132' title='bbox 1308 1626 1428 1694; x_wconf 85' lang='lat' dir='ltr'><strong>quis</strong></span> <span class='ocrx_word' id='word_1_133' title='bbox 1457 1627 1521 1679; x_wconf 86' lang='lat' dir='ltr'><strong>de</strong></span> <span class='ocrx_word' id='word_1_134' title='bbox 1550 1626 1712 1679; x_wconf 86' lang='lat' dir='ltr'><strong>solari</strong></span> <span class='ocrx_word' id='word_1_135' title='bbox 1742 1627 1908 1690; x_wconf 84' lang='lat' dir='ltr'><strong>radio,</strong></span> 
     </span>
    </p>
   </div>
   <div class='ocr_carea' id='block_1_21' title="bbox 346 1715 1911 1786">
    <p class='ocr_par' dir='ltr' id='par_1_21' title="bbox 346 1715 1911 1786">
     <span class='ocr_line' id='line_1_21' title="bbox 346 1715 1911 1786; baseline 0.004 -21"><span class='ocrx_word' id='word_1_136' title='bbox 346 1715 439 1783; x_wconf 80' lang='lat' dir='ltr'><strong>qui</strong></span> <span class='ocrx_word' id='word_1_137' title='bbox 469 1730 718 1769; x_wconf 79' lang='lat' dir='ltr'><strong>seorsum</strong></span> <span class='ocrx_word' id='word_1_138' title='bbox 763 1717 830 1769; x_wconf 89' lang='lat' dir='ltr'><strong>ab</strong></span> <span class='ocrx_word' id='word_1_139' title='bbox 863 1716 984 1770; x_wconf 85' lang='lat' dir='ltr'><strong>aliis</strong></span> <span class='ocrx_word' id='word_1_140' title='bbox 1012 1731 1109 1785; x_wconf 92' lang='lat' dir='ltr'><strong>per</strong></span> <span class='ocrx_word' id='word_1_141' title='bbox 1140 1731 1201 1771; x_wconf 88' lang='lat' dir='ltr'><strong>se</strong></span> <span class='ocrx_word' id='word_1_142' title='bbox 1245 1717 1532 1771; x_wconf 81' lang='lat' dir='ltr'><strong>movetur?</strong></span> <span class='ocrx_word' id='word_1_143' title='bbox 1561 1722 1814 1786; x_wconf 89' lang='lat' dir='ltr'><strong>quoniam</strong></span> <span class='ocrx_word' id='word_1_144' title='bbox 1858 1728 1911 1772; x_wconf 93' lang='lat' dir='ltr'><strong>et</strong></span> 
     </span>
    </p>
   </div>
   <div class='ocr_carea' id='block_1_22' title="bbox 344 1806 1912 1875">
    <p class='ocr_par' dir='ltr' id='par_1_22' title="bbox 344 1806 1912 1875">
     <span class='ocr_line' id='line_1_22' title="bbox 344 1806 1912 1875; baseline 0.002 -14"><span class='ocrx_word' id='word_1_145' title='bbox 344 1806 472 1862; x_wconf 83' lang='lat' dir='ltr'><strong>huic</strong></span> <span class='ocrx_word' id='word_1_146' title='bbox 508 1822 663 1861; x_wconf 84' lang='lat' dir='ltr'><strong>suum</strong></span> <span class='ocrx_word' id='word_1_147' title='bbox 712 1808 889 1862; x_wconf 87' lang='lat' dir='ltr'><strong>lumen</strong></span> <span class='ocrx_word' id='word_1_148' title='bbox 916 1817 998 1863; x_wconf 90' lang='lat' dir='ltr'><strong>est</strong></span> <span class='ocrx_word' id='word_1_149' title='bbox 1024 1823 1090 1862; x_wconf 85' lang='lat' dir='ltr'><strong>ex</strong></span> <span class='ocrx_word' id='word_1_150' title='bbox 1112 1810 1211 1863; x_wconf 89' lang='lat' dir='ltr'><strong>hac</strong></span> <span class='ocrx_word' id='word_1_151' title='bbox 1236 1807 1327 1861; x_wconf 89' lang='lat' dir='ltr'><strong>Dei</strong></span> <span class='ocrx_word' id='word_1_152' title='bbox 1366 1809 1627 1875; x_wconf 87' lang='lat' dir='ltr'><strong>bonitate,</strong></span> <span class='ocrx_word' id='word_1_153' title='bbox 1644 1806 1795 1875; x_wconf 84' lang='lat' dir='ltr'><strong>cujus</strong></span> <span class='ocrx_word' id='word_1_154' title='bbox 1822 1810 1912 1863; x_wconf 89' lang='lat' dir='ltr'><strong>lux</strong></span> 
     </span>
    </p>
   </div>
   <div class='ocr_carea' id='block_1_23' title="bbox 344 1898 1915 1968">
    <p class='ocr_par' dir='ltr' id='par_1_23' title="bbox 344 1898 1915 1968">
     <span class='ocr_line' id='line_1_23' title="bbox 344 1898 1915 1968; baseline 0 -15"><span class='ocrx_word' id='word_1_155' title='bbox 344 1899 461 1953; x_wconf 69' lang='lat' dir='ltr'><strong>haec</strong></span> <span class='ocrx_word' id='word_1_156' title='bbox 491 1900 669 1968; x_wconf 83' lang='lat' dir='ltr'><strong>imago</strong></span> <span class='ocrx_word' id='word_1_157' title='bbox 696 1899 938 1968; x_wconf 74' lang='lat' dir='ltr'><strong>quzedam</strong></span> <span class='ocrx_word' id='word_1_158' title='bbox 967 1909 1087 1965; x_wconf 89' lang='lat' dir='ltr'><strong>est;</strong></span> <span class='ocrx_word' id='word_1_159' title='bbox 1119 1898 1470 1967; x_wconf 86' lang='lat' dir='ltr'><strong>quamobrem</strong></span> <span class='ocrx_word' id='word_1_160' title='bbox 1502 1912 1717 1967; x_wconf 88' lang='lat' dir='ltr'><strong>quoque</strong></span> <span class='ocrx_word' id='word_1_161' title='bbox 1749 1900 1915 1953; x_wconf 83' lang='lat' dir='ltr'><strong>nomi-</strong></span> 
     </span>
    </p>
   </div>
   <div class='ocr_carea' id='block_1_24' title="bbox 344 1989 1909 2061">
    <p class='ocr_par' dir='ltr' id='par_1_24' title="bbox 344 1989 1909 2061">
     <span class='ocr_line' id='line_1_24' title="bbox 344 1989 1909 2061; baseline 0.001 -18"><span class='ocrx_word' id='word_1_162' title='bbox 344 2005 413 2044; x_wconf 79' lang='lat' dir='ltr'><strong>ne</strong></span> <span class='ocrx_word' id='word_1_163' title='bbox 446 1989 584 2045; x_wconf 84' lang='lat' dir='ltr'><strong>lucis</strong></span> <span class='ocrx_word' id='word_1_164' title='bbox 619 1990 861 2045; x_wconf 87' lang='lat' dir='ltr'><strong>divinum</strong></span> <span class='ocrx_word' id='word_1_165' title='bbox 908 1990 1039 2045; x_wconf 91' lang='lat' dir='ltr'><strong>illud</strong></span> <span class='ocrx_word' id='word_1_166' title='bbox 1074 1993 1305 2060; x_wconf 90' lang='lat' dir='ltr'><strong>primum</strong></span> <span class='ocrx_word' id='word_1_167' title='bbox 1340 1992 1618 2061; x_wconf 82' lang='lat' dir='ltr'><strong>exemplar</strong></span> <span class='ocrx_word' id='word_1_168' title='bbox 1644 1991 1909 2058; x_wconf 87' lang='lat' dir='ltr'><strong>laudatur,</strong></span> 
     </span>
    </p>
   </div>
   <div class='ocr_carea' id='block_1_25' title="bbox 342 2081 1914 2152">
    <p class='ocr_par' dir='ltr' id='par_1_25' title="bbox 342 2081 1914 2152">
     <span class='ocr_line' id='line_1_25' title="bbox 342 2081 1914 2152; baseline 0.004 -19"><span class='ocrx_word' id='word_1_169' title='bbox 342 2090 404 2133; x_wconf 81' lang='lat' dir='ltr'><strong>nt</strong></span> <span class='ocrx_word' id='word_1_170' title='bbox 431 2081 497 2134; x_wconf 92' lang='lat' dir='ltr'><strong>ad</strong></span> <span class='ocrx_word' id='word_1_171' title='bbox 526 2081 681 2150; x_wconf 87' lang='lat' dir='ltr'><strong>cujus</strong></span> <span class='ocrx_word' id='word_1_172' title='bbox 709 2082 997 2152; x_wconf 75' lang='lat' dir='ltr'><strong>imaginem</strong></span> <span class='ocrx_word' id='word_1_173' title='bbox 1029 2083 1118 2135; x_wconf 86' lang='lat' dir='ltr'><strong>lux</strong></span> <span class='ocrx_word' id='word_1_174' title='bbox 1156 2084 1269 2137; x_wconf 66' lang='lat' dir='ltr'><strong>haec</strong></span> <span class='ocrx_word' id='word_1_175' title='bbox 1296 2084 1515 2137; x_wconf 85' lang='lat' dir='ltr'><strong>existat.</strong></span> <span class='ocrx_word' id='word_1_176' title='bbox 1549 2082 1914 2150; x_wconf 85' lang='lat' dir='ltr'><strong>Quemadmo-</strong></span> 
     </span>
    </p>
   </div>
   <div class='ocr_carea' id='block_1_26' title="bbox 341 2172 1913 2242">
    <p class='ocr_par' dir='ltr' id='par_1_26' title="bbox 341 2172 1913 2242">
     <span class='ocr_line' id='line_1_26' title="bbox 341 2172 1913 2242; baseline 0.001 -17"><span class='ocrx_word' id='word_1_177' title='bbox 341 2175 467 2225; x_wconf 69' lang='lat' dir='ltr'><strong>dum</strong></span> <span class='ocrx_word' id='word_1_178' title='bbox 499 2173 643 2227; x_wconf 93' lang='lat' dir='ltr'><strong>enim</strong></span> <span class='ocrx_word' id='word_1_179' title='bbox 684 2173 797 2227; x_wconf 72' lang='lat' dir='ltr'><strong>haec</strong></span> <span class='ocrx_word' id='word_1_180' title='bbox 844 2173 936 2227; x_wconf 88' lang='lat' dir='ltr'><strong>Dei</strong></span> <span class='ocrx_word' id='word_1_181' title='bbox 980 2172 1195 2227; x_wconf 84' lang='lat' dir='ltr'><strong>bonitas</strong></span> <span class='ocrx_word' id='word_1_182' title='bbox 1246 2187 1278 2227; x_wconf 91' lang='lat' dir='ltr'><strong>a</strong></span> <span class='ocrx_word' id='word_1_183' title='bbox 1320 2174 1592 2241; x_wconf 86' lang='lat' dir='ltr'><strong>supremis</strong></span> <span class='ocrx_word' id='word_1_184' title='bbox 1638 2188 1810 2242; x_wconf 89' lang='lat' dir='ltr'><strong>usque</strong></span> <span class='ocrx_word' id='word_1_185' title='bbox 1844 2174 1913 2227; x_wconf 87' lang='lat' dir='ltr'><strong>ad</strong></span> 
     </span>
    </p>
   </div>
   <div class='ocr_carea' id='block_1_27' title="bbox 338 2264 1913 2335">
    <p class='ocr_par' dir='ltr' id='par_1_27' title="bbox 338 2264 1913 2335">
     <span class='ocr_line' id='line_1_27' title="bbox 338 2264 1913 2335; baseline 0.004 -21"><span class='ocrx_word' id='word_1_186' title='bbox 338 2273 581 2317; x_wconf 87' lang='lat' dir='ltr'><strong>extrema</strong></span> <span class='ocrx_word' id='word_1_187' title='bbox 627 2264 897 2333; x_wconf 85' lang='lat' dir='ltr'><strong>pervadit,</strong></span> <span class='ocrx_word' id='word_1_188' title='bbox 958 2272 1011 2317; x_wconf 90' lang='lat' dir='ltr'><strong>et</strong></span> <span class='ocrx_word' id='word_1_189' title='bbox 1056 2279 1221 2332; x_wconf 91' lang='lat' dir='ltr'><strong>super</strong></span> <span class='ocrx_word' id='word_1_190' title='bbox 1269 2266 1451 2318; x_wconf 87' lang='lat' dir='ltr'><strong>omnia</strong></span> <span class='ocrx_word' id='word_1_191' title='bbox 1502 2265 1689 2319; x_wconf 78' lang='lat' dir='ltr'><strong>existit</strong></span> <span class='ocrx_word' id='word_1_192' title='bbox 1745 2266 1913 2335; x_wconf 86' lang='lat' dir='ltr'><strong>(Deus</strong></span> 
     </span>
    </p>
   </div>
   <div class='ocr_carea' id='block_1_28' title="bbox 337 2348 1914 2428">
    <p class='ocr_par' dir='ltr' id='par_1_28' title="bbox 337 2348 1914 2428">
     <span class='ocr_line' id='line_1_28' title="bbox 337 2348 1914 2428; baseline 0.006 -27"><span class='ocrx_word' id='word_1_193' title='bbox 337 2348 483 2402; x_wconf 83' lang='lat' dir='ltr'><strong>enim</strong></span> <span class='ocrx_word' id='word_1_194' title='bbox 531 2350 585 2403; x_wconf 92' lang='lat' dir='ltr'><strong>in</strong></span> <span class='ocrx_word' id='word_1_195' title='bbox 616 2352 867 2406; x_wconf 90' lang='lat' dir='ltr'><strong>omnibus</strong></span> <span class='ocrx_word' id='word_1_196' title='bbox 909 2360 1016 2418; x_wconf 86' lang='lat' dir='ltr'><strong>est,</strong></span> <span class='ocrx_word' id='word_1_197' title='bbox 1059 2362 1113 2405; x_wconf 90' lang='lat' dir='ltr'><strong>et</strong></span> <span class='ocrx_word' id='word_1_198' title='bbox 1159 2353 1293 2407; x_wconf 88' lang='lat' dir='ltr'><strong>nihil</strong></span> <span class='ocrx_word' id='word_1_199' title='bbox 1326 2355 1587 2419; x_wconf 88' lang='lat' dir='ltr'><strong>omnium,</strong></span> <span class='ocrx_word' id='word_1_200' title='bbox 1634 2365 1691 2410; x_wconf 88' lang='lat' dir='ltr'><strong>ut</strong></span> <span class='ocrx_word' id='word_1_201' title='bbox 1739 2372 1914 2428; x_wconf 87' lang='lat' dir='ltr'><strong>neque</strong></span> 
     </span>
    </p>
   </div>
   <div class='ocr_carea' id='block_1_29' title="bbox 341 2442 1913 2518">
    <p class='ocr_par' dir='ltr' id='par_1_29' title="bbox 341 2442 1913 2518">
     <span class='ocr_line' id='line_1_29' title="bbox 341 2442 1913 2518; baseline 0.008 -27"><span class='ocrx_word' id='word_1_202' title='bbox 341 2453 595 2509; x_wconf 87' lang='lat' dir='ltr'><strong>suprema</strong></span> <span class='ocrx_word' id='word_1_203' title='bbox 628 2443 695 2494; x_wconf 86' lang='lat' dir='ltr'><strong>ad</strong></span> <span class='ocrx_word' id='word_1_204' title='bbox 730 2442 901 2509; x_wconf 90' lang='lat' dir='ltr'><strong>ipsius</strong></span> <span class='ocrx_word' id='word_1_205' title='bbox 938 2443 1318 2497; x_wconf 80' lang='lat' dir='ltr'><strong>excellentiam</strong></span> <span class='ocrx_word' id='word_1_206' title='bbox 1363 2447 1688 2517; x_wconf 76' lang='lat' dir='ltr'><strong>pertingant,</strong></span> <span class='ocrx_word' id='word_1_207' title='bbox 1717 2463 1913 2518; x_wconf 84' lang='lat' dir='ltr'><strong>expers</strong></span> 
     </span>
    </p>
   </div>
   <div class='ocr_carea' id='block_1_30' title="bbox 338 2531 1909 2607">
    <p class='ocr_par' dir='ltr' id='par_1_30' title="bbox 338 2531 1909 2607">
     <span class='ocr_line' id='line_1_30' title="bbox 338 2531 1909 2607; baseline 0.008 -24"><span class='ocrx_word' id='word_1_208' title='bbox 338 2531 483 2583; x_wconf 86' lang='lat' dir='ltr'><strong>enim</strong></span> <span class='ocrx_word' id='word_1_209' title='bbox 517 2532 775 2601; x_wconf 87' lang='lat' dir='ltr'><strong>principii</strong></span> <span class='ocrx_word' id='word_1_210' title='bbox 818 2545 926 2598; x_wconf 88' lang='lat' dir='ltr'><strong>est,</strong></span> <span class='ocrx_word' id='word_1_211' title='bbox 976 2544 1029 2589; x_wconf 93' lang='lat' dir='ltr'><strong>et</strong></span> <span class='ocrx_word' id='word_1_212' title='bbox 1081 2536 1213 2588; x_wconf 87' lang='lat' dir='ltr'><strong>nihil</strong></span> <span class='ocrx_word' id='word_1_213' title='bbox 1265 2552 1323 2590; x_wconf 90' lang='lat' dir='ltr'><strong>se</strong></span> <span class='ocrx_word' id='word_1_214' title='bbox 1374 2538 1539 2591; x_wconf 83' lang='lat' dir='ltr'><strong>habet</strong></span> <span class='ocrx_word' id='word_1_215' title='bbox 1590 2540 1909 2607; x_wconf 88' lang='lat' dir='ltr'><strong>sublimius;</strong></span> 
     </span>
    </p>
   </div>
   <div class='ocr_carea' id='block_1_31' title="bbox 336 2622 1915 2695">
    <p class='ocr_par' dir='ltr' id='par_1_31' title="bbox 336 2622 1915 2695">
     <span class='ocr_line' id='line_1_31' title="bbox 336 2622 1915 2695; baseline 0.009 -20"><span class='ocrx_word' id='word_1_216' title='bbox 336 2637 514 2689; x_wconf 81' lang='lat' dir='ltr'><strong>neque</strong></span> <span class='ocrx_word' id='word_1_217' title='bbox 538 2622 791 2678; x_wconf 88' lang='lat' dir='ltr'><strong>inferiora</strong></span> <span class='ocrx_word' id='word_1_218' title='bbox 838 2626 1009 2693; x_wconf 85' lang='lat' dir='ltr'><strong>ipsius</strong></span> <span class='ocrx_word' id='word_1_219' title='bbox 1043 2628 1303 2681; x_wconf 83' lang='lat' dir='ltr'><strong>ambitum</strong></span> <span class='ocrx_word' id='word_1_220' title='bbox 1330 2640 1725 2695; x_wconf 82' lang='lat' dir='ltr'><strong>pertranseant,</strong></span> <span class='ocrx_word' id='word_1_221' title='bbox 1748 2633 1801 2686; x_wconf 88' lang='lat' dir='ltr'><strong>id</strong></span> <span class='ocrx_word' id='word_1_222' title='bbox 1828 2644 1915 2688; x_wconf 92' lang='lat' dir='ltr'><strong>est</strong></span> 
     </span>
    </p>
   </div>
   <div class='ocr_carea' id='block_1_32' title="bbox 337 2714 1913 2790">
    <p class='ocr_par' dir='ltr' id='par_1_32' title="bbox 337 2714 1913 2790">
     <span class='ocr_line' id='line_1_32' title="bbox 337 2714 1913 2790; baseline 0.007 -23"><span class='ocrx_word' id='word_1_223' title='bbox 337 2723 491 2767; x_wconf 85' lang='lat' dir='ltr'><strong>extra</strong></span> <span class='ocrx_word' id='word_1_224' title='bbox 523 2714 639 2784; x_wconf 88' lang='lat' dir='ltr'><strong>ejus</strong></span> <span class='ocrx_word' id='word_1_225' title='bbox 670 2717 1007 2787; x_wconf 87' lang='lat' dir='ltr'><strong>complexum</strong></span> <span class='ocrx_word' id='word_1_226' title='bbox 1039 2718 1166 2785; x_wconf 92' lang='lat' dir='ltr'><strong>sint,</strong></span> <span class='ocrx_word' id='word_1_227' title='bbox 1188 2720 1455 2790; x_wconf 84' lang='lat' dir='ltr'><strong>siquidem</strong></span> <span class='ocrx_word' id='word_1_228' title='bbox 1478 2721 1720 2777; x_wconf 90' lang='lat' dir='ltr'><strong>inﬁnitus</strong></span> <span class='ocrx_word' id='word_1_229' title='bbox 1736 2734 1841 2788; x_wconf 86' lang='lat' dir='ltr'><strong>est,</strong></span> <span class='ocrx_word' id='word_1_230' title='bbox 1861 2733 1913 2779; x_wconf 90' lang='lat' dir='ltr'><strong>et</strong></span> 
     </span>
    </p>
   </div>
   <div class='ocr_carea' id='block_1_33' title="bbox 335 2807 1916 2884">
    <p class='ocr_par' dir='ltr' id='par_1_33' title="bbox 335 2807 1916 2884">
     <span class='ocr_line' id='line_1_33' title="bbox 335 2807 1916 2884; baseline 0.009 -26"><span class='ocrx_word' id='word_1_231' title='bbox 335 2815 485 2860; x_wconf 88' lang='lat' dir='ltr'><strong>extra</strong></span> <span class='ocrx_word' id='word_1_232' title='bbox 510 2807 681 2875; x_wconf 89' lang='lat' dir='ltr'><strong>ipsum</strong></span> <span class='ocrx_word' id='word_1_233' title='bbox 702 2810 835 2863; x_wconf 87' lang='lat' dir='ltr'><strong>nihil</strong></span> <span class='ocrx_word' id='word_1_234' title='bbox 859 2822 943 2864; x_wconf 84' lang='lat' dir='ltr'><strong>e5t</strong></span> <span class='ocrx_word' id='word_1_235' title='bbox 961 2810 1208 2877; x_wconf 88' lang='lat' dir='ltr'><strong>inferius;</strong></span> <span class='ocrx_word' id='word_1_236' title='bbox 1235 2812 1363 2880; x_wconf 92' lang='lat' dir='ltr'><strong>quin</strong></span> <span class='ocrx_word' id='word_1_237' title='bbox 1385 2815 1544 2867; x_wconf 88' lang='lat' dir='ltr'><strong>etiam</strong></span> <span class='ocrx_word' id='word_1_238' title='bbox 1574 2815 1662 2869; x_wconf 86' lang='lat' dir='ltr'><strong>illa</strong></span> <span class='ocrx_word' id='word_1_239' title='bbox 1690 2831 1808 2884; x_wconf 74' lang='lat' dir='ltr'><strong>qua:</strong></span> <span class='ocrx_word' id='word_1_240' title='bbox 1832 2817 1916 2871; x_wconf 85' lang='lat' dir='ltr'><strong>ln-</strong></span> 
     </span>
    </p>
   </div>
   <div class='ocr_carea' id='block_1_34' title="bbox 334 2898 1915 2977">
    <p class='ocr_par' dir='ltr' id='par_1_34' title="bbox 334 2898 1915 2977">
     <span class='ocr_line' id='line_1_34' title="bbox 334 2898 1915 2977; baseline 0.009 -26"><span class='ocrx_word' id='word_1_241' title='bbox 334 2898 414 2952; x_wconf 80' lang='lat' dir='ltr'><strong>ris</strong></span> <span class='ocrx_word' id='word_1_242' title='bbox 458 2909 584 2954; x_wconf 89' lang='lat' dir='ltr'><strong>sunt</strong></span> <span class='ocrx_word' id='word_1_243' title='bbox 624 2903 849 2970; x_wconf 88' lang='lat' dir='ltr'><strong>capacia</strong></span> <span class='ocrx_word' id='word_1_244' title='bbox 895 2906 1190 2957; x_wconf 88' lang='lat' dir='ltr'><strong>secundum</strong></span> <span class='ocrx_word' id='word_1_245' title='bbox 1246 2920 1555 2959; x_wconf 85' lang='lat' dir='ltr'><strong>mensuram</strong></span> <span class='ocrx_word' id='word_1_246' title='bbox 1598 2910 1915 2977; x_wconf 86' lang='lat' dir='ltr'><strong>capacitatis</strong></span> 
     </span>
    </p>
   </div>
   <div class='ocr_carea' id='block_1_35' title="bbox 331 2988 1916 3055">
    <p class='ocr_par' dir='ltr' id='par_1_35' title="bbox 331 2988 1916 3055">
     <span class='ocr_line' id='line_1_35' title="bbox 331 2988 1916 3055; baseline 0.008 -13"><span class='ocrx_word' id='word_1_247' title='bbox 331 2988 621 3054; x_wconf 78' lang='lat' dir='ltr'><strong>illuminat,</strong></span> <span class='ocrx_word' id='word_1_248' title='bbox 641 2992 784 3046; x_wconf 89' lang='lat' dir='ltr'><strong>unde</strong></span> <span class='ocrx_word' id='word_1_249' title='bbox 803 2993 966 3047; x_wconf 90' lang='lat' dir='ltr'><strong>etiam</strong></span> <span class='ocrx_word' id='word_1_250' title='bbox 1000 2994 1141 3048; x_wconf 89' lang='lat' dir='ltr'><strong>Deus</strong></span> <span class='ocrx_word' id='word_1_251' title='bbox 1168 2994 1367 3049; x_wconf 88' lang='lat' dir='ltr'><strong>dicitur</strong></span> <span class='ocrx_word' id='word_1_252' title='bbox 1395 3010 1516 3051; x_wconf 87' lang='lat' dir='ltr'><strong>esse</strong></span> <span class='ocrx_word' id='word_1_253' title='bbox 1542 3013 1796 3053; x_wconf 87' lang='lat' dir='ltr'><strong>mensura</strong></span> <span class='ocrx_word' id='word_1_254' title='bbox 1830 3016 1916 3055; x_wconf 84' lang='lat' dir='ltr'><strong>re-</strong></span> 
     </span>
    </p>
   </div>
   <div class='ocr_carea' id='block_1_36' title="bbox 331 3082 1979 3169">
    <p class='ocr_par' dir='ltr' id='par_1_36' title="bbox 331 3082 1979 3169">
     <span class='ocr_line' id='line_1_36' title="bbox 331 3082 1979 3169; baseline 0.007 -34"><span class='ocrx_word' id='word_1_255' title='bbox 331 3094 478 3147; x_wconf 79' lang='lat' dir='ltr'><strong>rum,</strong></span> <span class='ocrx_word' id='word_1_256' title='bbox 492 3082 632 3151; x_wconf 87' lang='lat' dir='ltr'><strong>quod</strong></span> <span class='ocrx_word' id='word_1_257' title='bbox 664 3083 937 3138; x_wconf 88' lang='lat' dir='ltr'><strong>contineat</strong></span> <span class='ocrx_word' id='word_1_258' title='bbox 953 3094 1008 3139; x_wconf 90' lang='lat' dir='ltr'><strong>et</strong></span> <span class='ocrx_word' id='word_1_259' title='bbox 1034 3084 1174 3140; x_wconf 84' lang='lat' dir='ltr'><strong>sciat</strong></span> <span class='ocrx_word' id='word_1_260' title='bbox 1197 3088 1517 3157; x_wconf 88' lang='lat' dir='ltr'><strong>principium</strong></span> <span class='ocrx_word' id='word_1_261' title='bbox 1540 3100 1593 3142; x_wconf 91' lang='lat' dir='ltr'><strong>et</strong></span> <span class='ocrx_word' id='word_1_262' title='bbox 1616 3090 1773 3144; x_wconf 86' lang='lat' dir='ltr'><strong>ﬁnem</strong></span> <span class='ocrx_word' id='word_1_263' title='bbox 1790 3106 1909 3145; x_wconf 60' lang='lat' dir='ltr'><strong>om.</strong></span> <span class='ocrx_word' id='word_1_264' title='bbox 1938 3112 1979 3169; x_wconf 68' lang='grc' dir='ltr'>ε</span> 
     </span>
    </p>
   </div>
   <div class='ocr_carea' id='block_1_37' title="bbox 325 3173 1908 3249">
    <p class='ocr_par' dir='ltr' id='par_1_37' title="bbox 325 3173 1908 3249">
     <span class='ocr_line' id='line_1_37' title="bbox 325 3173 1908 3249; baseline 0.009 -26"><span class='ocrx_word' id='word_1_265' title='bbox 325 3173 570 3240; x_wconf 78' lang='lat' dir='ltr'><strong>ninm,et</strong></span> <span class='ocrx_word' id='word_1_266' title='bbox 589 3183 852 3242; x_wconf 66' lang='lat' dir='ltr'><strong>aevum,et</strong></span> <span class='ocrx_word' id='word_1_267' title='bbox 876 3192 1156 3241; x_wconf 88' lang='lat' dir='ltr'><strong>numerus,</strong></span> <span class='ocrx_word' id='word_1_268' title='bbox 1178 3188 1234 3233; x_wconf 91' lang='lat' dir='ltr'><strong>et</strong></span> <span class='ocrx_word' id='word_1_269' title='bbox 1257 3180 1413 3245; x_wconf 89' lang='lat' dir='ltr'><strong>ordo,</strong></span> <span class='ocrx_word' id='word_1_270' title='bbox 1439 3182 1611 3249; x_wconf 87' lang='lat' dir='ltr'><strong>utqui</strong></span> <span class='ocrx_word' id='word_1_271' title='bbox 1632 3197 1719 3237; x_wconf 92' lang='lat' dir='ltr'><strong>res</strong></span> <span class='ocrx_word' id='word_1_272' title='bbox 1735 3183 1908 3238; x_wconf 87' lang='lat' dir='ltr'><strong>cunti-</strong></span> 
     </span>
    </p>
   </div>
   <div class='ocr_carea' id='block_1_38' title="bbox 331 3266 1909 3335">
    <p class='ocr_par' dir='ltr' id='par_1_38' title="bbox 331 3266 1909 3335">
     <span class='ocr_line' id='line_1_38' title="bbox 331 3266 1909 3335; baseline 0.008 -17"><span class='ocrx_word' id='word_1_273' title='bbox 331 3272 423 3319; x_wconf 75' lang='lat' dir='ltr'><strong>net</strong></span> <span class='ocrx_word' id='word_1_274' title='bbox 437 3274 595 3333; x_wconf 88' lang='lat' dir='ltr'><strong>atque</strong></span> <span class='ocrx_word' id='word_1_275' title='bbox 609 3266 866 3335; x_wconf 87' lang='lat' dir='ltr'><strong>disponit,</strong></span> <span class='ocrx_word' id='word_1_276' title='bbox 884 3268 1064 3323; x_wconf 88' lang='lat' dir='ltr'><strong>omnia</strong></span> <span class='ocrx_word' id='word_1_277' title='bbox 1090 3272 1233 3324; x_wconf 89' lang='lat' dir='ltr'><strong>enim</strong></span> <span class='ocrx_word' id='word_1_278' title='bbox 1252 3286 1371 3324; x_wconf 91' lang='lat' dir='ltr'><strong>cum</strong></span> <span class='ocrx_word' id='word_1_279' title='bbox 1390 3273 1533 3326; x_wconf 93' lang='lat' dir='ltr'><strong>bono</strong></span> <span class='ocrx_word' id='word_1_280' title='bbox 1555 3274 1745 3329; x_wconf 88' lang='lat' dir='ltr'><strong>ordine</strong></span> <span class='ocrx_word' id='word_1_281' title='bbox 1756 3289 1909 3332; x_wconf 86' lang='lat' dir='ltr'><strong>crea-</strong></span> 
     </span>
    </p>
   </div>
   <div class='ocr_carea' id='block_1_39' title="bbox 330 3358 1911 3427">
    <p class='ocr_par' dir='ltr' id='par_1_39' title="bbox 330 3358 1911 3427">
     <span class='ocr_line' id='line_1_39' title="bbox 330 3358 1911 3427; baseline 0.01 -20"><span class='ocrx_word' id='word_1_282' title='bbox 330 3358 453 3425; x_wconf 81' lang='lat' dir='ltr'><strong>vit);</strong></span> <span class='ocrx_word' id='word_1_283' title='bbox 468 3359 546 3411; x_wconf 89' lang='lat' dir='ltr'><strong>sic</strong></span> <span class='ocrx_word' id='word_1_284' title='bbox 561 3360 745 3427; x_wconf 89' lang='lat' dir='ltr'><strong>utique</strong></span> <span class='ocrx_word' id='word_1_285' title='bbox 764 3360 930 3415; x_wconf 88' lang='lat' dir='ltr'><strong>etiam</strong></span> <span class='ocrx_word' id='word_1_286' title='bbox 956 3362 1039 3415; x_wconf 87' lang='lat' dir='ltr'><strong>sol</strong></span> <span class='ocrx_word' id='word_1_287' title='bbox 1060 3361 1153 3416; x_wconf 86' lang='lat' dir='ltr'><strong>ille</strong></span> <span class='ocrx_word' id='word_1_288' title='bbox 1174 3362 1458 3417; x_wconf 88' lang='lat' dir='ltr'><strong>manifesta</strong></span> <span class='ocrx_word' id='word_1_289' title='bbox 1486 3365 1680 3420; x_wconf 69' lang='lat' dir='ltr'><strong>divinae</strong></span> <span class='ocrx_word' id='word_1_290' title='bbox 1702 3366 1911 3423; x_wconf 87' lang='lat' dir='ltr'><strong>bonita-</strong></span> 
     </span>
    </p>
   </div>
   <div class='ocr_carea' id='block_1_40' title="bbox 330 3450 1909 3529">
    <p class='ocr_par' dir='ltr' id='par_1_40' title="bbox 330 3450 1909 3529">
     <span class='ocr_line' id='line_1_40' title="bbox 330 3450 1909 3529; baseline 0.009 -27"><span class='ocrx_word' id='word_1_291' title='bbox 330 3450 404 3503; x_wconf 80' lang='lat' dir='ltr'><strong>tis</strong></span> <span class='ocrx_word' id='word_1_292' title='bbox 427 3450 611 3517; x_wconf 73' lang='lat' dir='ltr'><strong>imago</strong></span> <span class='ocrx_word' id='word_1_293' title='bbox 635 3452 843 3506; x_wconf 79' lang='lat' dir='ltr'><strong>existit.</strong></span> <span class='ocrx_word' id='word_1_294' title='bbox 874 3452 1109 3508; x_wconf 87' lang='lat' dir='ltr'><strong>Pulchre</strong></span> <span class='ocrx_word' id='word_1_295' title='bbox 1133 3463 1313 3508; x_wconf 86' lang='lat' dir='ltr'><strong>autem</strong></span> <span class='ocrx_word' id='word_1_296' title='bbox 1344 3459 1528 3510; x_wconf 88' lang='lat' dir='ltr'><strong>statim</strong></span> <span class='ocrx_word' id='word_1_297' title='bbox 1549 3460 1773 3529; x_wconf 86' lang='lat' dir='ltr'><strong>corrigit</strong></span> <span class='ocrx_word' id='word_1_298' title='bbox 1790 3476 1909 3529; x_wconf 69' lang='lat' dir='ltr'><strong>quae</strong></span> 
     </span>
    </p>
   </div>
   <div class='ocr_carea' id='block_1_41' title="bbox 330 3539 1907 3617">
    <p class='ocr_par' dir='ltr' id='par_1_41' title="bbox 330 3539 1907 3617">
     <span class='ocr_line' id='line_1_41' title="bbox 330 3539 1907 3617; baseline 0.011 -24"><span class='ocrx_word' id='word_1_299' title='bbox 330 3539 515 3594; x_wconf 82' lang='lat' dir='ltr'><strong>minus</strong></span> <span class='ocrx_word' id='word_1_300' title='bbox 547 3554 913 3599; x_wconf 87' lang='lat' dir='ltr'><strong>consentanee</strong></span> <span class='ocrx_word' id='word_1_301' title='bbox 949 3545 1016 3599; x_wconf 89' lang='lat' dir='ltr'><strong>de</strong></span> <span class='ocrx_word' id='word_1_302' title='bbox 1049 3545 1164 3601; x_wconf 82' lang='lat' dir='ltr'><strong>sole</strong></span> <span class='ocrx_word' id='word_1_303' title='bbox 1207 3547 1352 3601; x_wconf 87' lang='lat' dir='ltr'><strong>dicta</strong></span> <span class='ocrx_word' id='word_1_304' title='bbox 1395 3547 1741 3617; x_wconf 83' lang='lat' dir='ltr'><strong>videbantur,</strong></span> <span class='ocrx_word' id='word_1_305' title='bbox 1781 3554 1907 3609; x_wconf 86' lang='lat' dir='ltr'><strong>dum</strong></span> 
     </span>
    </p>
   </div>
   <div class='ocr_carea' id='block_1_42' title="bbox 331 3631 1908 3703">
    <p class='ocr_par' dir='ltr' id='par_1_42' title="bbox 331 3631 1908 3703">
     <span class='ocr_line' id='line_1_42' title="bbox 331 3631 1908 3703; baseline 0.009 -20"><span class='ocrx_word' id='word_1_306' title='bbox 331 3644 458 3683; x_wconf 85' lang='lat' dir='ltr'><strong>eum</strong></span> <span class='ocrx_word' id='word_1_307' title='bbox 507 3631 882 3687; x_wconf 77' lang='lat' dir='ltr'><strong>tenuissimum</strong></span> <span class='ocrx_word' id='word_1_308' title='bbox 910 3636 1205 3703; x_wconf 88' lang='lat' dir='ltr'><strong>quemdam</strong></span> <span class='ocrx_word' id='word_1_309' title='bbox 1247 3647 1301 3691; x_wconf 90' lang='lat' dir='ltr'><strong>et</strong></span> <span class='ocrx_word' id='word_1_310' title='bbox 1330 3639 1577 3694; x_wconf 90' lang='lat' dir='ltr'><strong>ultimum</strong></span> <span class='ocrx_word' id='word_1_311' title='bbox 1608 3643 1732 3695; x_wconf 89' lang='lat' dir='ltr'><strong>boni</strong></span> <span class='ocrx_word' id='word_1_312' title='bbox 1763 3643 1908 3697; x_wconf 88' lang='lat' dir='ltr'><strong>illius</strong></span> 
     </span>
    </p>
   </div>
   <div class='ocr_carea' id='block_1_43' title="bbox 329 3722 1904 3800">
    <p class='ocr_par' dir='ltr' id='par_1_43' title="bbox 329 3722 1904 3800">
     <span class='ocr_line' id='line_1_43' title="bbox 329 3722 1904 3800; baseline 0.008 -27"><span class='ocrx_word' id='word_1_313' title='bbox 329 3733 523 3774; x_wconf 81' lang='lat' dir='ltr'><strong>sonum</strong></span> <span class='ocrx_word' id='word_1_314' title='bbox 550 3722 821 3777; x_wconf 90' lang='lat' dir='ltr'><strong>nominat.</strong></span> <span class='ocrx_word' id='word_1_315' title='bbox 854 3723 1322 3790; x_wconf 84' lang='lat' dir='ltr'><strong>Quemadmodum</strong></span> <span class='ocrx_word' id='word_1_316' title='bbox 1350 3729 1495 3783; x_wconf 89' lang='lat' dir='ltr'><strong>enim</strong></span> <span class='ocrx_word' id='word_1_317' title='bbox 1529 3730 1575 3784; x_wconf 91' lang='lat' dir='ltr'><strong>si</strong></span> <span class='ocrx_word' id='word_1_318' title='bbox 1605 3731 1729 3800; x_wconf 88' lang='lat' dir='ltr'><strong>quis</strong></span> <span class='ocrx_word' id='word_1_319' title='bbox 1755 3735 1904 3787; x_wconf 90' lang='lat' dir='ltr'><strong>voci-</strong></span> 
     </span>
    </p>
   </div>
   <div class='ocr_carea' id='block_1_44' title="bbox 330 3809 1905 3895">
    <p class='ocr_par' dir='ltr' id='par_1_44' title="bbox 330 3809 1905 3895">
     <span class='ocr_line' id='line_1_44' title="bbox 330 3809 1905 3895; baseline 0.009 -30"><span class='ocrx_word' id='word_1_320' title='bbox 330 3809 520 3866; x_wconf 80' lang='lat' dir='ltr'><strong>ferans</strong></span> <span class='ocrx_word' id='word_1_321' title='bbox 559 3822 616 3867; x_wconf 89' lang='lat' dir='ltr'><strong>et</strong></span> <span class='ocrx_word' id='word_1_322' title='bbox 665 3814 909 3871; x_wconf 89' lang='lat' dir='ltr'><strong>clamans</strong></span> <span class='ocrx_word' id='word_1_323' title='bbox 956 3816 1161 3886; x_wconf 88' lang='lat' dir='ltr'><strong>aliquid</strong></span> <span class='ocrx_word' id='word_1_324' title='bbox 1206 3818 1422 3886; x_wconf 84' lang='lat' dir='ltr'><strong>dixerit,</strong></span> <span class='ocrx_word' id='word_1_325' title='bbox 1456 3832 1749 3890; x_wconf 65' lang='lat' dir='ltr'><strong>[imsentes</strong></span> <span class='ocrx_word' id='word_1_326' title='bbox 1783 3825 1905 3895; x_wconf 87' lang='lat' dir='ltr'><strong>qui-</strong></span> 
     </span>
    </p>
   </div>
   <div class='ocr_carea' id='block_1_45' title="bbox 337 3903 1908 3979">
    <p class='ocr_par' dir='ltr' id='par_1_45' title="bbox 337 3903 1908 3979">
     <span class='ocr_line' id='line_1_45' title="bbox 337 3903 1908 3979; baseline 0.01 -25"><span class='ocrx_word' id='word_1_327' title='bbox 337 3903 461 3956; x_wconf 85' lang='lat' dir='ltr'><strong>dem</strong></span> <span class='ocrx_word' id='word_1_328' title='bbox 496 3903 807 3961; x_wconf 86' lang='lat' dir='ltr'><strong>valentibus</strong></span> <span class='ocrx_word' id='word_1_329' title='bbox 850 3907 1073 3963; x_wconf 89' lang='lat' dir='ltr'><strong>auribus</strong></span> <span class='ocrx_word' id='word_1_330' title='bbox 1111 3909 1323 3979; x_wconf 68' lang='lat' dir='ltr'><strong>praediti</strong></span> <span class='ocrx_word' id='word_1_331' title='bbox 1365 3925 1555 3967; x_wconf 85' lang='lat' dir='ltr'><strong>vocem</strong></span> <span class='ocrx_word' id='word_1_332' title='bbox 1602 3921 1658 3968; x_wconf 92' lang='lat' dir='ltr'><strong>et</strong></span> <span class='ocrx_word' id='word_1_333' title='bbox 1701 3930 1908 3970; x_wconf 87' lang='lat' dir='ltr'><strong>sermo-</strong></span> 
     </span>
    </p>
   </div>
   <div class='ocr_carea' id='block_1_46' title="bbox 327 3997 1906 4076">
    <p class='ocr_par' dir='ltr' id='par_1_46' title="bbox 327 3997 1906 4076">
     <span class='ocr_line' id='line_1_46' title="bbox 327 3997 1906 4076; baseline 0.011 -30"><span class='ocrx_word' id='word_1_334' title='bbox 327 4008 455 4048; x_wconf 86' lang='lat' dir='ltr'><strong>nem</strong></span> <span class='ocrx_word' id='word_1_335' title='bbox 502 3997 758 4065; x_wconf 89' lang='lat' dir='ltr'><strong>audiunt;</strong></span> <span class='ocrx_word' id='word_1_336' title='bbox 791 4001 878 4069; x_wconf 82' lang='lat' dir='ltr'><strong>qui</strong></span> <span class='ocrx_word' id='word_1_337' title='bbox 930 4010 1113 4056; x_wconf 91' lang='lat' dir='ltr'><strong>autem</strong></span> <span class='ocrx_word' id='word_1_338' title='bbox 1166 4002 1390 4072; x_wconf 86' lang='lat' dir='ltr'><strong>distant,</strong></span> <span class='ocrx_word' id='word_1_339' title='bbox 1434 4014 1638 4076; x_wconf 91' lang='lat' dir='ltr'><strong>quanto</strong></span> <span class='ocrx_word' id='word_1_340' title='bbox 1683 4006 1906 4073; x_wconf 89' lang='lat' dir='ltr'><strong>absunt,</strong></span> 
     </span>
    </p>
   </div>
   <div class='ocr_carea' id='block_1_47' title="bbox 329 4086 1904 4169">
    <p class='ocr_par' dir='ltr' id='par_1_47' title="bbox 329 4086 1904 4169">
     <span class='ocr_line' id='line_1_47' title="bbox 329 4086 1904 4169; baseline 0.011 -33"><span class='ocrx_word' id='word_1_341' title='bbox 329 4092 487 4140; x_wconf 87' lang='lat' dir='ltr'><strong>tanto</strong></span> <span class='ocrx_word' id='word_1_342' title='bbox 528 4086 761 4143; x_wconf 85' lang='lat' dir='ltr'><strong>debilius</strong></span> <span class='ocrx_word' id='word_1_343' title='bbox 794 4105 984 4146; x_wconf 81' lang='lat' dir='ltr'><strong>vocem</strong></span> <span class='ocrx_word' id='word_1_344' title='bbox 1030 4091 1291 4160; x_wconf 89' lang='lat' dir='ltr'><strong>audiunt;</strong></span> <span class='ocrx_word' id='word_1_345' title='bbox 1336 4098 1429 4164; x_wconf 91' lang='lat' dir='ltr'><strong>qui</strong></span> <span class='ocrx_word' id='word_1_346' title='bbox 1474 4113 1638 4168; x_wconf 90' lang='lat' dir='ltr'><strong>porro</strong></span> <span class='ocrx_word' id='word_1_347' title='bbox 1675 4098 1904 4169; x_wconf 82' lang='lat' dir='ltr'><strong>longiori</strong></span> 
     </span>
    </p>
   </div>
   <div class='ocr_carea' id='block_1_48' title="bbox 328 4179 1903 4258">
    <p class='ocr_par' dir='ltr' id='par_1_48' title="bbox 328 4179 1903 4258">
     <span class='ocr_line' id='line_1_48' title="bbox 328 4179 1903 4258; baseline 0.009 -27"><span class='ocrx_word' id='word_1_348' title='bbox 328 4179 506 4246; x_wconf 87' lang='lat' dir='ltr'><strong>spatio</strong></span> <span class='ocrx_word' id='word_1_349' title='bbox 530 4183 722 4235; x_wconf 91' lang='lat' dir='ltr'><strong>remoti</strong></span> <span class='ocrx_word' id='word_1_350' title='bbox 756 4192 902 4248; x_wconf 89' lang='lat' dir='ltr'><strong>sunt,</strong></span> <span class='ocrx_word' id='word_1_351' title='bbox 928 4181 1096 4252; x_wconf 77' lang='lat'><strong>389</strong></span> <span class='ocrx_word' id='word_1_352' title='bbox 1124 4186 1573 4241; x_wconf 89' lang='lat' dir='ltr'><strong>obscurissimum</strong></span> <span class='ocrx_word' id='word_1_353' title='bbox 1613 4191 1903 4258; x_wconf 88' lang='lat' dir='ltr'><strong>quemdam</strong></span> 
     </span>
    </p>
   </div>
   <div class='ocr_carea' id='block_1_49' title="bbox 329 4274 1905 4346">
    <p class='ocr_par' dir='ltr' id='par_1_49' title="bbox 329 4274 1905 4346">
     <span class='ocr_line' id='line_1_49' title="bbox 329 4274 1905 4346; baseline 0.01 -25"><span class='ocrx_word' id='word_1_354' title='bbox 329 4283 522 4322; x_wconf 88' lang='lat' dir='ltr'><strong>sonum</strong></span> <span class='ocrx_word' id='word_1_355' title='bbox 567 4274 808 4341; x_wconf 86' lang='lat' dir='ltr'><strong>capiunt,</strong></span> <span class='ocrx_word' id='word_1_356' title='bbox 854 4284 911 4328; x_wconf 90' lang='lat' dir='ltr'><strong>ut</strong></span> <span class='ocrx_word' id='word_1_357' title='bbox 955 4291 1140 4330; x_wconf 88' lang='lat' dir='ltr'><strong>vocem</strong></span> <span class='ocrx_word' id='word_1_358' title='bbox 1170 4277 1388 4345; x_wconf 89' lang='lat' dir='ltr'><strong>quidem</strong></span> <span class='ocrx_word' id='word_1_359' title='bbox 1438 4279 1677 4346; x_wconf 90' lang='lat' dir='ltr'><strong>aliquam</strong></span> <span class='ocrx_word' id='word_1_360' title='bbox 1708 4281 1905 4336; x_wconf 88' lang='lat' dir='ltr'><strong>obscu-</strong></span> 
     </span>
    </p>
   </div>
   <div class='ocr_carea' id='block_1_50' title="bbox 330 4362 1905 4436">
    <p class='ocr_par' dir='ltr' id='par_1_50' title="bbox 330 4362 1905 4436">
     <span class='ocr_line' id='line_1_50' title="bbox 330 4362 1905 4436; baseline 0.01 -23"><span class='ocrx_word' id='word_1_361' title='bbox 330 4376 450 4414; x_wconf 83' lang='lat' dir='ltr'><strong>ram</strong></span> <span class='ocrx_word' id='word_1_362' title='bbox 487 4362 735 4430; x_wconf 88' lang='lat' dir='ltr'><strong>audiant,</strong></span> <span class='ocrx_word' id='word_1_363' title='bbox 782 4366 875 4419; x_wconf 81' lang='lat' dir='ltr'><strong>sed</strong></span> <span class='ocrx_word' id='word_1_364' title='bbox 912 4368 1055 4434; x_wconf 92' lang='lat' dir='ltr'><strong>quod</strong></span> <span class='ocrx_word' id='word_1_365' title='bbox 1088 4368 1497 4436; x_wconf 87' lang='lat' dir='ltr'><strong>pronuntiatum</strong></span> <span class='ocrx_word' id='word_1_366' title='bbox 1532 4382 1614 4426; x_wconf 91' lang='lat' dir='ltr'><strong>est</strong></span> <span class='ocrx_word' id='word_1_367' title='bbox 1664 4388 1769 4427; x_wconf 92' lang='lat' dir='ltr'><strong>non</strong></span> <span class='ocrx_word' id='word_1_368' title='bbox 1820 4374 1905 4429; x_wconf 89' lang='lat' dir='ltr'><strong>in-</strong></span> 
     </span>
    </p>
   </div>
   <div class='ocr_carea' id='block_1_51' title="bbox 2031 706 3600 780">
    <p class='ocr_par' dir='ltr' id='par_1_51' title="bbox 2031 706 3600 780">
     <span class='ocr_line' id='line_1_51' title="bbox 2031 706 3600 780; baseline 0.001 -21"><span class='ocrx_word' id='word_1_369' title='bbox 2031 706 2332 779; x_wconf 76' lang='grc' dir='ltr'><strong>θελήματος</strong></span> <span class='ocrx_word' id='word_1_370' title='bbox 2356 707 2449 759; x_wconf 86' lang='grc' dir='ltr'><strong>τοῦ</strong></span> <span class='ocrx_word' id='word_1_371' title='bbox 2486 708 2644 773; x_wconf 89' lang='grc' dir='ltr'>Θεοῦ,</span> <span class='ocrx_word' id='word_1_372' title='bbox 2675 709 2950 773; x_wconf 85' lang='grc' dir='ltr'><strong>κυκλικῶς</strong></span> <span class='ocrx_word' id='word_1_373' title='bbox 2980 710 3293 762; x_wconf 82' lang='grc' dir='ltr'>ὐποστᾶσαν</span> <span class='ocrx_word' id='word_1_374' title='bbox 3315 708 3427 761; x_wconf 80' lang='grc' dir='ltr'><strong>τῶν</strong></span> <span class='ocrx_word' id='word_1_375' title='bbox 3451 710 3600 780; x_wconf 82' lang='grc' dir='ltr'>οὐρα-</span> 
     </span>
    </p>
   </div>
   <div class='ocr_carea' id='block_1_52' title="bbox 2028 795 3597 869">
    <p class='ocr_par' dir='ltr' id='par_1_52' title="bbox 2028 795 3597 869">
     <span class='ocr_line' id='line_1_52' title="bbox 2028 795 3597 869; baseline 0.006 -25"><span class='ocrx_word' id='word_1_376' title='bbox 2028 795 2136 845; x_wconf 92' lang='grc' dir='ltr'><strong>νῶν</strong></span> <span class='ocrx_word' id='word_1_377' title='bbox 2168 796 2475 867; x_wconf 84' lang='grc' dir='ltr'><strong>σφαιροειδῆ</strong></span> <span class='ocrx_word' id='word_1_378' title='bbox 2501 796 2859 868; x_wconf 79' lang='grc' dir='ltr'>δημιουργίαν</span> <span class='ocrx_word' id='word_1_379' title='bbox 2882 815 2898 830; x_wconf 80' lang='lat'><strong><em>&#39;</em></strong></span> <span class='ocrx_word' id='word_1_380' title='bbox 2938 798 3001 851; x_wconf 92' lang='grc' dir='ltr'><strong>τὸ</strong></span> <span class='ocrx_word' id='word_1_381' title='bbox 3030 799 3140 869; x_wconf 92' lang='grc' dir='ltr'><strong>γάρ</strong></span> <span class='ocrx_word' id='word_1_382' title='bbox 3178 798 3441 851; x_wconf 79' lang='grc' dir='ltr'>κυκλικὸν</span> <span class='ocrx_word' id='word_1_383' title='bbox 3481 799 3597 869; x_wconf 85' lang='grc' dir='ltr'>σχῆ-</span> 
     </span>
    </p>
   </div>
   <div class='ocr_carea' id='block_1_53' title="bbox 2030 888 3596 962">
    <p class='ocr_par' dir='ltr' id='par_1_53' title="bbox 2030 888 3596 962">
     <span class='ocr_line' id='line_1_53' title="bbox 2030 888 3596 962; baseline 0.004 -24"><span class='ocrx_word' id='word_1_384' title='bbox 2030 903 2125 956; x_wconf 89' lang='grc' dir='ltr'><strong>μα,</strong></span> <span class='ocrx_word' id='word_1_385' title='bbox 2140 888 2437 957; x_wconf 83' lang='grc' dir='ltr'>ἀρχόμενον</span> <span class='ocrx_word' id='word_1_386' title='bbox 2455 888 2512 955; x_wconf 80' lang='grc' dir='ltr'>ἐξ</span> <span class='ocrx_word' id='word_1_387' title='bbox 2535 890 2744 953; x_wconf 78' lang='grc' dir='ltr'>ἑαυτοῦ,</span> <span class='ocrx_word' id='word_1_388' title='bbox 2763 892 2846 954; x_wconf 88' lang='grc' dir='ltr'><strong>είς</strong></span> <span class='ocrx_word' id='word_1_389' title='bbox 2872 890 3030 943; x_wconf 78' lang='grc' dir='ltr'>ἑαυτὸ</span> <span class='ocrx_word' id='word_1_390' title='bbox 3047 891 3400 961; x_wconf 82' lang='grc' dir='ltr'>περατοῦται.</span> <span class='ocrx_word' id='word_1_391' title='bbox 3428 892 3533 962; x_wconf 73' lang='grc' dir='ltr'>Τὴν</span> <span class='ocrx_word' id='word_1_392' title='bbox 3546 893 3596 945; x_wconf 80' lang='grc' dir='ltr'><strong>δὲ</strong></span> 
     </span>
    </p>
   </div>
   <div class='ocr_carea' id='block_1_54' title="bbox 2023 978 3597 1053">
    <p class='ocr_par' dir='ltr' id='par_1_54' title="bbox 2023 978 3597 1053">
     <span class='ocr_line' id='line_1_54' title="bbox 2023 978 3597 1053; baseline 0.004 -24"><span class='ocrx_word' id='word_1_393' title='bbox 2023 978 2280 1049; x_wconf 88' lang='grc' dir='ltr'>οὐρανίαν</span> <span class='ocrx_word' id='word_1_394' title='bbox 2294 980 2479 1034; x_wconf 88' lang='grc' dir='ltr'>οὐσίαν</span> <span class='ocrx_word' id='word_1_395' title='bbox 2496 980 2697 1051; x_wconf 81' lang='grc' dir='ltr'>ἀναυξῆ</span> <span class='ocrx_word' id='word_1_396' title='bbox 2711 982 2804 1034; x_wconf 73' lang='grc' dir='ltr'><strong>καὶ</strong></span> <span class='ocrx_word' id='word_1_397' title='bbox 2816 983 2849 1034; x_wconf 90' lang='grc' dir='ltr'><strong>ἀ</strong></span> <span class='ocrx_word' id='word_1_398' title='bbox 2856 1000 2921 1052; x_wconf 91' lang='grc' dir='ltr'><strong>με</strong></span> <span class='ocrx_word' id='word_1_399' title='bbox 2929 982 3087 1035; x_wconf 86' lang='grc' dir='ltr'>ίωτόν</span> <span class='ocrx_word' id='word_1_400' title='bbox 3101 999 3173 1053; x_wconf 84' lang='grc' dir='ltr'><strong>φη</strong></span> <span class='ocrx_word' id='word_1_401' title='bbox 3182 998 3285 1043; x_wconf 89' lang='grc' dir='ltr'>σιν,</span> <span class='ocrx_word' id='word_1_402' title='bbox 3299 983 3376 1045; x_wconf 84' lang='grc' dir='ltr'><strong>ῶς</strong></span> <span class='ocrx_word' id='word_1_403' title='bbox 3390 982 3597 1047; x_wconf 78' lang='grc' dir='ltr'>τελείως</span> 
     </span>
    </p>
   </div>
   <div class='ocr_carea' id='block_1_55' title="bbox 2023 1072 3597 1146">
    <p class='ocr_par' dir='ltr' id='par_1_55' title="bbox 2023 1072 3597 1146">
     <span class='ocr_line' id='line_1_55' title="bbox 2023 1072 3597 1146; baseline 0.001 -21"><span class='ocrx_word' id='word_1_404' title='bbox 2023 1072 2268 1143; x_wconf 75' lang='grc' dir='ltr'>ἔχουσαν,</span> <span class='ocrx_word' id='word_1_405' title='bbox 2309 1076 2401 1126; x_wconf 80' lang='grc' dir='ltr'><strong>καὶ</strong></span> <span class='ocrx_word' id='word_1_406' title='bbox 2424 1076 2711 1144; x_wconf 80' lang='grc' dir='ltr'>αὐτάρκως</span> <span class='ocrx_word' id='word_1_407' title='bbox 2747 1075 2883 1146; x_wconf 90' lang='grc' dir='ltr'>πρὸς</span> <span class='ocrx_word' id='word_1_408' title='bbox 2914 1075 2942 1128; x_wconf 86' lang='grc' dir='ltr'><strong>ὃ</strong></span> <span class='ocrx_word' id='word_1_409' title='bbox 2971 1075 3158 1144; x_wconf 87' lang='grc' dir='ltr'>γέγονε</span> <span class='ocrx_word' id='word_1_410' title='bbox 3179 1091 3195 1104; x_wconf 69' lang='grc'><strong><em>⁸</em></strong></span> <span class='ocrx_word' id='word_1_411' title='bbox 3225 1075 3305 1127; x_wconf 89' lang='grc' dir='ltr'><strong>διὸ</strong></span> <span class='ocrx_word' id='word_1_412' title='bbox 3327 1074 3425 1128; x_wconf 78' lang='grc' dir='ltr'><strong>καὶ</strong></span> <span class='ocrx_word' id='word_1_413' title='bbox 3449 1076 3597 1129; x_wconf 85' lang='grc' dir='ltr'>ἀναλ-</span> 
     </span>
    </p>
   </div>
   <div class='ocr_carea' id='block_1_56' title="bbox 2021 1159 3593 1235">
    <p class='ocr_par' dir='ltr' id='par_1_56' title="bbox 2021 1159 3593 1235">
     <span class='ocr_line' id='line_1_56' title="bbox 2021 1159 3593 1235; baseline 0 -19"><span class='ocrx_word' id='word_1_414' title='bbox 2021 1162 2237 1216; x_wconf 88' lang='grc' dir='ltr'>λοίωτον</span> <span class='ocrx_word' id='word_1_415' title='bbox 2261 1163 2426 1233; x_wconf 79' lang='grc' dir='ltr'>αὐτὴν</span> <span class='ocrx_word' id='word_1_416' title='bbox 2458 1164 2628 1231; x_wconf 85' lang='grc' dir='ltr'>λέγει,</span> <span class='ocrx_word' id='word_1_417' title='bbox 2642 1164 2701 1228; x_wconf 77' lang='grc' dir='ltr'><strong>ἐξ</strong></span> <span class='ocrx_word' id='word_1_418' title='bbox 2721 1159 2781 1218; x_wconf 74' lang='grc' dir='ltr'>οὗ</span> <span class='ocrx_word' id='word_1_419' title='bbox 2806 1164 3100 1233; x_wconf 86' lang='grc' dir='ltr'>γέγονενού</span> <span class='ocrx_word' id='word_1_420' title='bbox 3115 1168 3561 1235; x_wconf 82' lang='grc' dir='ltr'>παρατραπεῖσαν</span> <span class='ocrx_word' id='word_1_421' title='bbox 3577 1204 3593 1227; x_wconf 95' lang='grc'><strong>,</strong></span> 
     </span>
    </p>
   </div>
   <div class='ocr_carea' id='block_1_57' title="bbox 2017 1253 3595 1327">
    <p class='ocr_par' dir='ltr' id='par_1_57' title="bbox 2017 1253 3595 1327">
     <span class='ocr_line' id='line_1_57' title="bbox 2017 1253 3595 1327; baseline 0 -20"><span class='ocrx_word' id='word_1_422' title='bbox 2017 1253 2222 1307; x_wconf 89' lang='grc' dir='ltr'>τέλειον</span> <span class='ocrx_word' id='word_1_423' title='bbox 2264 1254 2322 1306; x_wconf 90' lang='grc' dir='ltr'><strong>δέ</strong></span> <span class='ocrx_word' id='word_1_424' title='bbox 2363 1256 2540 1319; x_wconf 76' lang='grc' dir='ltr'>ἐστιν,</span> <span class='ocrx_word' id='word_1_425' title='bbox 2575 1254 2604 1307; x_wconf 82' lang='grc' dir='ltr'><strong>ὃ</strong></span> <span class='ocrx_word' id='word_1_426' title='bbox 2652 1257 2791 1325; x_wconf 78' lang='grc' dir='ltr'>μήτε</span> <span class='ocrx_word' id='word_1_427' title='bbox 2832 1254 2983 1319; x_wconf 83' lang='grc' dir='ltr'>αὐξει</span> <span class='ocrx_word' id='word_1_428' title='bbox 3020 1257 3157 1327; x_wconf 84' lang='grc' dir='ltr'>μήτε</span> <span class='ocrx_word' id='word_1_429' title='bbox 3178 1255 3463 1326; x_wconf 71' lang='grc' dir='ltr'>ῖμειοῦται.</span> <span class='ocrx_word' id='word_1_430' title='bbox 3502 1257 3595 1325; x_wconf 80' lang='grc' dir='ltr'><strong>Ση-</strong></span> 
     </span>
    </p>
   </div>
   <div class='ocr_carea' id='block_1_58' title="bbox 2020 1344 3595 1419">
    <p class='ocr_par' dir='ltr' id='par_1_58' title="bbox 2020 1344 3595 1419">
     <span class='ocr_line' id='line_1_58' title="bbox 2020 1344 3595 1419; baseline 0.003 -22"><span class='ocrx_word' id='word_1_431' title='bbox 2020 1344 2249 1416; x_wconf 78' lang='grc' dir='ltr'>μείωσαι</span> <span class='ocrx_word' id='word_1_432' title='bbox 2274 1345 2351 1409; x_wconf 87' lang='grc' dir='ltr'><strong>δὲ,</strong></span> <span class='ocrx_word' id='word_1_433' title='bbox 2379 1346 2461 1399; x_wconf 81' lang='grc' dir='ltr'>ὅτι</span> <span class='ocrx_word' id='word_1_434' title='bbox 2489 1348 2580 1400; x_wconf 75' lang='grc' dir='ltr'><strong>καὶ</strong></span> <span class='ocrx_word' id='word_1_435' title='bbox 2606 1347 2868 1400; x_wconf 81' lang='grc' dir='ltr'>κινεῖσθαι</span> <span class='ocrx_word' id='word_1_436' title='bbox 2892 1348 3115 1417; x_wconf 75' lang='grc' dir='ltr'>ἀψόφως</span> <span class='ocrx_word' id='word_1_437' title='bbox 3152 1349 3288 1419; x_wconf 78' lang='grc' dir='ltr'>φησὶ</span> <span class='ocrx_word' id='word_1_438' title='bbox 3315 1348 3413 1401; x_wconf 58' lang='grc' dir='ltr'><strong>καὶ⁵</strong></span> <span class='ocrx_word' id='word_1_439' title='bbox 3440 1349 3595 1401; x_wconf 86' lang='grc' dir='ltr'>ἀνεπ-</span> 
     </span>
    </p>
   </div>
   <div class='ocr_carea' id='block_1_59' title="bbox 2014 1434 3593 1509">
    <p class='ocr_par' dir='ltr' id='par_1_59' title="bbox 2014 1434 3593 1509">
     <span class='ocr_line' id='line_1_59' title="bbox 2014 1434 3593 1509; baseline 0.001 -21"><span class='ocrx_word' id='word_1_440' title='bbox 2014 1434 2285 1506; x_wconf 83' lang='grc' dir='ltr'>αισθήτως</span> <span class='ocrx_word' id='word_1_441' title='bbox 2324 1436 2419 1490; x_wconf 91' lang='grc' dir='ltr'><strong>τὸν</strong></span> <span class='ocrx_word' id='word_1_442' title='bbox 2442 1436 2690 1509; x_wconf 82' lang='grc' dir='ltr'>οὐρανόν.</span> <span class='ocrx_word' id='word_1_443' title='bbox 2720 1438 2791 1489; x_wconf 85' lang='grc' dir='ltr'><strong>Τὸ</strong></span> <span class='ocrx_word' id='word_1_444' title='bbox 2824 1437 2879 1489; x_wconf 83' lang='grc' dir='ltr'>δὲ</span> <span class='ocrx_word' id='word_1_445' title='bbox 2905 1438 3083 1491; x_wconf 77' lang='grc' dir='ltr'>ἐνίων</span> <span class='ocrx_word' id='word_1_446' title='bbox 3121 1437 3398 1505; x_wconf 78' lang='grc' dir='ltr'><strong>ἀστέρων</strong></span> <span class='ocrx_word' id='word_1_447' title='bbox 3424 1454 3593 1506; x_wconf 81' lang='grc' dir='ltr'>μετα-</span> 
     </span>
    </p>
   </div>
   <div class='ocr_carea' id='block_1_60' title="bbox 2015 1528 3593 1601">
    <p class='ocr_par' dir='ltr' id='par_1_60' title="bbox 2015 1528 3593 1601">
     <span class='ocr_line' id='line_1_60' title="bbox 2015 1528 3593 1601; baseline 0.001 -21"><span class='ocrx_word' id='word_1_448' title='bbox 2015 1528 2258 1597; x_wconf 76' lang='grc' dir='ltr'>ϐατικῆς</span> <span class='ocrx_word' id='word_1_449' title='bbox 2287 1531 2729 1597; x_wconf 79' lang='grc' dir='ltr'>πολυκινησιας</span> <span class='ocrx_word' id='word_1_450' title='bbox 2771 1531 2897 1601; x_wconf 77' lang='grc' dir='ltr'>περὶ</span> <span class='ocrx_word' id='word_1_451' title='bbox 2927 1530 3035 1583; x_wconf 86' lang='grc' dir='ltr'><strong>τῶν</strong></span> <span class='ocrx_word' id='word_1_452' title='bbox 3058 1530 3349 1601; x_wconf 85' lang='grc' dir='ltr'>πλανητῶν</span> <span class='ocrx_word' id='word_1_453' title='bbox 3399 1546 3557 1600; x_wconf 85' lang='grc' dir='ltr'>φησιν</span> <span class='ocrx_word' id='word_1_454' title='bbox 3577 1547 3593 1560; x_wconf 77' lang='grc' dir='ltr'><strong><em>ο</em></strong></span> 
     </span>
    </p>
   </div>
   <div class='ocr_carea' id='block_1_61' title="bbox 2014 1621 3595 1693">
    <p class='ocr_par' dir='ltr' id='par_1_61' title="bbox 2014 1621 3595 1693">
     <span class='ocr_line' id='line_1_61' title="bbox 2014 1621 3595 1693; baseline 0 -21"><span class='ocrx_word' id='word_1_455' title='bbox 2014 1621 2211 1685; x_wconf 81' lang='grc' dir='ltr'>αὐτοὺς</span> <span class='ocrx_word' id='word_1_456' title='bbox 2236 1622 2344 1693; x_wconf 78' lang='grc' dir='ltr'><strong>γὰρ</strong></span> <span class='ocrx_word' id='word_1_457' title='bbox 2372 1622 2564 1691; x_wconf 84' lang='grc' dir='ltr'>μόνους</span> <span class='ocrx_word' id='word_1_458' title='bbox 2585 1621 2800 1688; x_wconf 79' lang='grc' dir='ltr'>ἐδέξατο</span> <span class='ocrx_word' id='word_1_459' title='bbox 2834 1622 3117 1675; x_wconf 81' lang='grc' dir='ltr'>κινεῖσθαι.</span> <span class='ocrx_word' id='word_1_460' title='bbox 3145 1622 3211 1674; x_wconf 91' lang='grc' dir='ltr'>Τί</span> <span class='ocrx_word' id='word_1_461' title='bbox 3248 1622 3315 1675; x_wconf 85' lang='grc' dir='ltr'><strong>ἀν</strong></span> <span class='ocrx_word' id='word_1_462' title='bbox 3352 1639 3438 1685; x_wconf 91' lang='grc' dir='ltr'><strong>τις</strong></span> <span class='ocrx_word' id='word_1_463' title='bbox 3462 1621 3595 1673; x_wconf 76' lang='grc' dir='ltr'>εἴποι</span> 
     </span>
    </p>
   </div>
   <div class='ocr_carea' id='block_1_62' title="bbox 2016 1713 3592 1785">
    <p class='ocr_par' dir='ltr' id='par_1_62' title="bbox 2016 1713 3592 1785">
     <span class='ocr_line' id='line_1_62' title="bbox 2016 1713 3592 1785; baseline -0.001 -19"><span class='ocrx_word' id='word_1_464' title='bbox 2016 1714 2143 1783; x_wconf 77' lang='grc' dir='ltr'>περὶ</span> <span class='ocrx_word' id='word_1_465' title='bbox 2167 1714 2265 1784; x_wconf 88' lang='grc' dir='ltr'><strong>τῆς</strong></span> <span class='ocrx_word' id='word_1_466' title='bbox 2291 1713 2519 1783; x_wconf 84' lang='grc' dir='ltr'>ἡλιακῆς</span> <span class='ocrx_word' id='word_1_467' title='bbox 2546 1714 2763 1774; x_wconf 84' lang='grc' dir='ltr'>ἀκτῖνος</span> <span class='ocrx_word' id='word_1_468' title='bbox 2788 1714 2891 1785; x_wconf 68' lang='grc' dir='ltr'>ἰδίᾳ.</span> <span class='ocrx_word' id='word_1_469' title='bbox 2911 1713 3020 1766; x_wconf 82' lang='grc' dir='ltr'><strong>τῶν</strong></span> <span class='ocrx_word' id='word_1_470' title='bbox 3042 1714 3218 1767; x_wconf 84' lang='grc' dir='ltr'>ἀλλων</span> <span class='ocrx_word' id='word_1_471' title='bbox 3243 1714 3368 1767; x_wconf 82' lang='grc' dir='ltr'>καθ’</span> <span class='ocrx_word' id='word_1_472' title='bbox 3393 1716 3592 1785; x_wconf 81' lang='grc' dir='ltr'>αὐτήν;</span> 
     </span>
    </p>
   </div>
   <div class='ocr_carea' id='block_1_63' title="bbox 2016 1802 3595 1879">
    <p class='ocr_par' dir='ltr' id='par_1_63' title="bbox 2016 1802 3595 1879">
     <span class='ocr_line' id='line_1_63' title="bbox 2016 1802 3595 1879; baseline 0.001 -20"><span class='ocrx_word' id='word_1_473' title='bbox 2016 1806 2097 1859; x_wconf 87' lang='grc' dir='ltr'><strong>ὃτι</strong></span> <span class='ocrx_word' id='word_1_474' title='bbox 2120 1806 2407 1879; x_wconf 79' lang='grc' dir='ltr'>καὶταύτῃ</span> <span class='ocrx_word' id='word_1_475' title='bbox 2433 1807 2494 1858; x_wconf 88' lang='grc' dir='ltr'><strong>τὸ</strong></span> <span class='ocrx_word' id='word_1_476' title='bbox 2522 1806 2639 1875; x_wconf 83' lang='grc' dir='ltr'><strong>φῶς</strong></span> <span class='ocrx_word' id='word_1_477' title='bbox 2662 1809 2727 1859; x_wconf 85' lang='grc' dir='ltr'>ὲκ</span> <span class='ocrx_word' id='word_1_478' title='bbox 2751 1807 2850 1875; x_wconf 85' lang='grc' dir='ltr'><strong>τῆς</strong></span> <span class='ocrx_word' id='word_1_479' title='bbox 2870 1806 2965 1859; x_wconf 86' lang='grc' dir='ltr'><strong>τοῦ</strong></span> <span class='ocrx_word' id='word_1_480' title='bbox 2994 1806 3129 1859; x_wconf 89' lang='grc' dir='ltr'><strong>Θεοῦ</strong></span> <span class='ocrx_word' id='word_1_481' title='bbox 3153 1806 3509 1878; x_wconf 80' lang='grc' dir='ltr'>ἀγαθὰτητος,</span> <span class='ocrx_word' id='word_1_482' title='bbox 3533 1802 3595 1878; x_wconf 80' lang='grc' dir='ltr'>ἦς</span> 
     </span>
    </p>
   </div>
   <div class='ocr_carea' id='block_1_64' title="bbox 2015 1896 3597 1971">
    <p class='ocr_par' dir='ltr' id='par_1_64' title="bbox 2015 1896 3597 1971">
     <span class='ocr_line' id='line_1_64' title="bbox 2015 1896 3597 1971; baseline 0.001 -22"><span class='ocrx_word' id='word_1_483' title='bbox 2015 1898 2108 1950; x_wconf 78' lang='grc' dir='ltr'><strong>καὶ</strong></span> <span class='ocrx_word' id='word_1_484' title='bbox 2134 1896 2295 1950; x_wconf 83' lang='grc' dir='ltr'>εἰκὼν</span> <span class='ocrx_word' id='word_1_485' title='bbox 2330 1897 2489 1951; x_wconf 88' lang='grc' dir='ltr'>τοῦτο</span> <span class='ocrx_word' id='word_1_486' title='bbox 2526 1898 2590 1969; x_wconf 86' lang='grc' dir='ltr'>δὴ</span> <span class='ocrx_word' id='word_1_487' title='bbox 2638 1898 2699 1950; x_wconf 91' lang='grc' dir='ltr'><strong>τὸ</strong></span> <span class='ocrx_word' id='word_1_488' title='bbox 2736 1897 2874 1968; x_wconf 86' lang='grc' dir='ltr'>φῶς,</span> <span class='ocrx_word' id='word_1_489' title='bbox 2930 1899 3010 1952; x_wconf 86' lang='grc' dir='ltr'><strong>διὸ</strong></span> <span class='ocrx_word' id='word_1_490' title='bbox 3046 1900 3139 1953; x_wconf 79' lang='grc' dir='ltr'><strong>καὶ</strong></span> <span class='ocrx_word' id='word_1_491' title='bbox 3186 1899 3597 1971; x_wconf 85' lang='grc' dir='ltr'>φωτωνυμικῶς</span> 
     </span>
    </p>
   </div>
   <div class='ocr_carea' id='block_1_65' title="bbox 2013 1988 3594 2062">
    <p class='ocr_par' dir='ltr' id='par_1_65' title="bbox 2013 1988 3594 2062">
     <span class='ocr_line' id='line_1_65' title="bbox 2013 1988 3594 2062; baseline 0.003 -22"><span class='ocrx_word' id='word_1_492' title='bbox 2013 1989 2263 2059; x_wconf 79' lang='grc' dir='ltr'>ὑμνεῖται</span> <span class='ocrx_word' id='word_1_493' title='bbox 2286 1990 2347 2042; x_wconf 91' lang='grc' dir='ltr'><strong>τὸ</strong></span> <span class='ocrx_word' id='word_1_494' title='bbox 2376 1988 2517 2042; x_wconf 84' lang='grc' dir='ltr'>θεῖον</span> <span class='ocrx_word' id='word_1_495' title='bbox 2544 1990 2871 2061; x_wconf 85' lang='grc' dir='ltr'>ἀρχέτυπον,</span> <span class='ocrx_word' id='word_1_496' title='bbox 2913 1989 3025 2043; x_wconf 77' lang='grc' dir='ltr'>οἷον</span> <span class='ocrx_word' id='word_1_497' title='bbox 3061 1990 3120 2043; x_wconf 67' lang='grc' dir='ltr'>ὃν</span> <span class='ocrx_word' id='word_1_498' title='bbox 3156 1992 3294 2062; x_wconf 89' lang='grc' dir='ltr'>πρὸς</span> <span class='ocrx_word' id='word_1_499' title='bbox 3331 1992 3513 2044; x_wconf 82' lang='grc' dir='ltr'>είκὸνα</span> <span class='ocrx_word' id='word_1_500' title='bbox 3539 1990 3594 2044; x_wconf 87' lang='grc' dir='ltr'><strong>τὸ</strong></span> 
     </span>
    </p>
   </div>
   <div class='ocr_carea' id='block_1_66' title="bbox 2014 2081 3596 2154">
    <p class='ocr_par' dir='ltr' id='par_1_66' title="bbox 2014 2081 3596 2154">
     <span class='ocr_line' id='line_1_66' title="bbox 2014 2081 3596 2154; baseline 0.001 -20"><span class='ocrx_word' id='word_1_501' title='bbox 2014 2082 2150 2152; x_wconf 82' lang='grc' dir='ltr'>φῶς.</span> <span class='ocrx_word' id='word_1_502' title='bbox 2190 2083 2275 2145; x_wconf 83' lang='grc' dir='ltr'>Ὧς</span> <span class='ocrx_word' id='word_1_503' title='bbox 2298 2082 2457 2154; x_wconf 85' lang='grc' dir='ltr'>γάρὴ</span> <span class='ocrx_word' id='word_1_504' title='bbox 2481 2082 2575 2135; x_wconf 84' lang='grc' dir='ltr'><strong>τοῦ</strong></span> <span class='ocrx_word' id='word_1_505' title='bbox 2603 2081 2724 2136; x_wconf 86' lang='grc' dir='ltr'>θεοῦ</span> <span class='ocrx_word' id='word_1_506' title='bbox 2748 2082 3022 2153; x_wconf 86' lang='grc' dir='ltr'>ἀγαθότης</span> <span class='ocrx_word' id='word_1_507' title='bbox 3044 2084 3153 2136; x_wconf 85' lang='grc' dir='ltr'><strong>ἀπὸ</strong></span> <span class='ocrx_word' id='word_1_508' title='bbox 3176 2084 3288 2136; x_wconf 88' lang='grc' dir='ltr'><strong>τῶν</strong></span> <span class='ocrx_word' id='word_1_509' title='bbox 3309 2085 3596 2137; x_wconf 87' lang='grc' dir='ltr'>ἀνωτάτων</span> 
     </span>
    </p>
   </div>
   <div class='ocr_carea' id='block_1_67' title="bbox 2013 2171 3592 2243">
    <p class='ocr_par' dir='ltr' id='par_1_67' title="bbox 2013 2171 3592 2243">
     <span class='ocr_line' id='line_1_67' title="bbox 2013 2171 3592 2243; baseline -0.002 -17"><span class='ocrx_word' id='word_1_510' title='bbox 2013 2173 2141 2243; x_wconf 86' lang='grc' dir='ltr'>ἀχρι</span> <span class='ocrx_word' id='word_1_511' title='bbox 2164 2171 2274 2224; x_wconf 91' lang='grc' dir='ltr'><strong>τῶν</strong></span> <span class='ocrx_word' id='word_1_512' title='bbox 2305 2173 2549 2242; x_wconf 76' lang='grc' dir='ltr'>ἐσχάτων</span> <span class='ocrx_word' id='word_1_513' title='bbox 2577 2172 2773 2243; x_wconf 77' lang='grc' dir='ltr'>διήκει,</span> <span class='ocrx_word' id='word_1_514' title='bbox 2801 2173 2895 2226; x_wconf 74' lang='grc' dir='ltr'>καὶ</span> <span class='ocrx_word' id='word_1_515' title='bbox 2920 2172 3061 2243; x_wconf 79' lang='grc' dir='ltr'>ὑπὲρ</span> <span class='ocrx_word' id='word_1_516' title='bbox 3102 2174 3280 2226; x_wconf 86' lang='grc' dir='ltr'>πάντα</span> <span class='ocrx_word' id='word_1_517' title='bbox 3304 2172 3485 2225; x_wconf 78' lang='grc' dir='ltr'>ἐστίν’</span> <span class='ocrx_word' id='word_1_518' title='bbox 3520 2172 3592 2242; x_wconf 85' lang='grc' dir='ltr'><strong>(ὲν</strong></span> 
     </span>
    </p>
   </div>
   <div class='ocr_carea' id='block_1_68' title="bbox 2013 2263 3590 2333">
    <p class='ocr_par' dir='ltr' id='par_1_68' title="bbox 2013 2263 3590 2333">
     <span class='ocr_line' id='line_1_68' title="bbox 2013 2263 3590 2333; baseline 0.001 -18"><span class='ocrx_word' id='word_1_519' title='bbox 2013 2267 2126 2327; x_wconf 83' lang='grc' dir='ltr'>τοῖς</span> <span class='ocrx_word' id='word_1_520' title='bbox 2152 2265 2285 2316; x_wconf 84' lang='grc' dir='ltr'>πᾶσι</span> <span class='ocrx_word' id='word_1_521' title='bbox 2305 2263 2434 2333; x_wconf 90' lang='grc' dir='ltr'><strong>γάρ,</strong></span> <span class='ocrx_word' id='word_1_522' title='bbox 2462 2263 2555 2317; x_wconf 73' lang='grc' dir='ltr'><strong>καὶ</strong></span> <span class='ocrx_word' id='word_1_523' title='bbox 2580 2265 2733 2317; x_wconf 82' lang='grc' dir='ltr'>οὐδὲν</span> <span class='ocrx_word' id='word_1_524' title='bbox 2758 2264 2868 2317; x_wconf 87' lang='grc' dir='ltr'><strong>τῶν</strong></span> <span class='ocrx_word' id='word_1_525' title='bbox 2892 2266 3147 2318; x_wconf 78' lang='grc' dir='ltr'>ἁπάντων</span> <span class='ocrx_word' id='word_1_526' title='bbox 3173 2264 3235 2317; x_wconf 87' lang='grc' dir='ltr'><strong>τὸ</strong></span> <span class='ocrx_word' id='word_1_527' title='bbox 3273 2264 3429 2317; x_wconf 86' lang='grc' dir='ltr'>Θεῖόν</span> <span class='ocrx_word' id='word_1_528' title='bbox 3461 2266 3590 2327; x_wconf 81' lang='grc' dir='ltr'>ἐστι,</span> 
     </span>
    </p>
   </div>
   <div class='ocr_carea' id='block_1_69' title="bbox 2017 2352 3593 2424">
    <p class='ocr_par' dir='ltr' id='par_1_69' title="bbox 2017 2352 3593 2424">
     <span class='ocr_line' id='line_1_69' title="bbox 2017 2352 3593 2424; baseline 0 -19"><span class='ocrx_word' id='word_1_529' title='bbox 2017 2355 2155 2423; x_wconf 81' lang='grc' dir='ltr'>μήτε</span> <span class='ocrx_word' id='word_1_530' title='bbox 2201 2353 2310 2406; x_wconf 91' lang='grc' dir='ltr'><strong>τῶν</strong></span> <span class='ocrx_word' id='word_1_531' title='bbox 2355 2353 2467 2405; x_wconf 83' lang='grc' dir='ltr'><strong>ἀνω</strong></span> <span class='ocrx_word' id='word_1_532' title='bbox 2510 2353 2609 2424; x_wconf 79' lang='grc' dir='ltr'><strong>τὴν</strong></span> <span class='ocrx_word' id='word_1_533' title='bbox 2655 2353 2926 2424; x_wconf 77' lang='grc' dir='ltr'>ὑπεροχὴν</span> <span class='ocrx_word' id='word_1_534' title='bbox 2986 2352 3325 2422; x_wconf 83' lang='grc' dir='ltr'>φθανουσῶν,</span> <span class='ocrx_word' id='word_1_535' title='bbox 3366 2352 3593 2422; x_wconf 77' lang='grc' dir='ltr'>ἄναρχος</span> 
     </span>
    </p>
   </div>
   <div class='ocr_carea' id='block_1_70' title="bbox 2013 2442 3595 2517">
    <p class='ocr_par' dir='ltr' id='par_1_70' title="bbox 2013 2442 3595 2517">
     <span class='ocr_line' id='line_1_70' title="bbox 2013 2442 3595 2517; baseline -0.001 -20"><span class='ocrx_word' id='word_1_536' title='bbox 2013 2445 2124 2516; x_wconf 89' lang='grc' dir='ltr'><strong>γάρ</strong></span> <span class='ocrx_word' id='word_1_537' title='bbox 2158 2446 2251 2499; x_wconf 78' lang='grc' dir='ltr'><strong>καὶ</strong></span> <span class='ocrx_word' id='word_1_538' title='bbox 2280 2445 2387 2497; x_wconf 83' lang='grc' dir='ltr'><strong>οὐκ</strong></span> <span class='ocrx_word' id='word_1_539' title='bbox 2410 2444 2524 2516; x_wconf 72' lang='grc' dir='ltr'>ἔχει</span> <span class='ocrx_word' id='word_1_540' title='bbox 2548 2463 2601 2497; x_wconf 90' lang='grc' dir='ltr'><strong>τι</strong></span> <span class='ocrx_word' id='word_1_541' title='bbox 2632 2446 2988 2517; x_wconf 68' lang='grc' dir='ltr'>ὑψηλότερον·</span> <span class='ocrx_word' id='word_1_542' title='bbox 3021 2446 3157 2515; x_wconf 80' lang='grc' dir='ltr'>μήτε</span> <span class='ocrx_word' id='word_1_543' title='bbox 3185 2442 3297 2497; x_wconf 90' lang='grc' dir='ltr'><strong>τῶν</strong></span> <span class='ocrx_word' id='word_1_544' title='bbox 3327 2444 3483 2497; x_wconf 87' lang='grc' dir='ltr'>κάτω</span> <span class='ocrx_word' id='word_1_545' title='bbox 3501 2443 3595 2515; x_wconf 78' lang='grc' dir='ltr'>τὴν</span> 
     </span>
    </p>
   </div>
   <div class='ocr_carea' id='block_1_71' title="bbox 2015 2534 3594 2607">
    <p class='ocr_par' dir='ltr' id='par_1_71' title="bbox 2015 2534 3594 2607">
     <span class='ocr_line' id='line_1_71' title="bbox 2015 2534 3594 2607; baseline -0.001 -19"><span class='ocrx_word' id='word_1_546' title='bbox 2015 2534 2272 2606; x_wconf 82' lang='grc' dir='ltr'>περιοχὴν</span> <span class='ocrx_word' id='word_1_547' title='bbox 2300 2535 2706 2599; x_wconf 77' lang='grc' dir='ltr'>διαϐαινουσῶν,</span> <span class='ocrx_word' id='word_1_548' title='bbox 2733 2538 2899 2607; x_wconf 70' lang='grc' dir='ltr'>ἤγουν</span> <span class='ocrx_word' id='word_1_549' title='bbox 2936 2536 3039 2602; x_wconf 81' lang='grc' dir='ltr'><strong>ἔξω</strong></span> <span class='ocrx_word' id='word_1_550' title='bbox 3068 2534 3246 2588; x_wconf 88' lang='grc' dir='ltr'>οὐσῶν</span> <span class='ocrx_word' id='word_1_551' title='bbox 3279 2536 3383 2606; x_wconf 89' lang='grc' dir='ltr'><strong>τῆς</strong></span> <span class='ocrx_word' id='word_1_552' title='bbox 3416 2552 3594 2606; x_wconf 86' lang='grc' dir='ltr'>περιο-</span> 
     </span>
    </p>
   </div>
   <div class='ocr_carea' id='block_1_72' title="bbox 2015 2623 3595 2697">
    <p class='ocr_par' dir='ltr' id='par_1_72' title="bbox 2015 2623 3595 2697">
     <span class='ocr_line' id='line_1_72' title="bbox 2015 2623 3595 2697; baseline -0.001 -20"><span class='ocrx_word' id='word_1_553' title='bbox 2015 2625 2135 2695; x_wconf 85' lang='grc' dir='ltr'>χῆς,</span> <span class='ocrx_word' id='word_1_554' title='bbox 2164 2625 2519 2697; x_wconf 85' lang='grc' dir='ltr'>ἀτελεύτητος</span> <span class='ocrx_word' id='word_1_555' title='bbox 2544 2625 2672 2697; x_wconf 80' lang='grc' dir='ltr'>γὰρ,</span> <span class='ocrx_word' id='word_1_556' title='bbox 2708 2627 2801 2678; x_wconf 74' lang='grc' dir='ltr'><strong>καὶ</strong></span> <span class='ocrx_word' id='word_1_557' title='bbox 2821 2626 2918 2678; x_wconf 87' lang='grc' dir='ltr'><strong>οὐκ</strong></span> <span class='ocrx_word' id='word_1_558' title='bbox 2946 2626 3056 2695; x_wconf 73' lang='grc' dir='ltr'>ἔχει</span> <span class='ocrx_word' id='word_1_559' title='bbox 3080 2624 3184 2690; x_wconf 80' lang='grc' dir='ltr'>ἔξω</span> <span class='ocrx_word' id='word_1_560' title='bbox 3200 2624 3407 2695; x_wconf 75' lang='grc' dir='ltr'>ταύτης</span> <span class='ocrx_word' id='word_1_561' title='bbox 3423 2623 3595 2677; x_wconf 82' lang='grc' dir='ltr'>κατώ-</span> 
     </span>
    </p>
   </div>
   <div class='ocr_carea' id='block_1_73' title="bbox 2012 2715 3591 2787">
    <p class='ocr_par' dir='ltr' id='par_1_73' title="bbox 2012 2715 3591 2787">
     <span class='ocr_line' id='line_1_73' title="bbox 2012 2715 3591 2787; baseline -0.001 -18"><span class='ocrx_word' id='word_1_562' title='bbox 2012 2734 2197 2787; x_wconf 87' lang='grc' dir='ltr'>τερον·</span> <span class='ocrx_word' id='word_1_563' title='bbox 2232 2716 2368 2769; x_wconf 89' lang='grc' dir='ltr'><strong>ἀλλά</strong></span> <span class='ocrx_word' id='word_1_564' title='bbox 2387 2718 2479 2769; x_wconf 72' lang='grc' dir='ltr'><strong>καὶ</strong></span> <span class='ocrx_word' id='word_1_565' title='bbox 2508 2718 2731 2785; x_wconf 75' lang='grc' dir='ltr'>φωτίζει</span> <span class='ocrx_word' id='word_1_566' title='bbox 2754 2717 2820 2769; x_wconf 74' lang='grc' dir='ltr'><strong>τὰ</strong></span> <span class='ocrx_word' id='word_1_567' title='bbox 2838 2716 3117 2787; x_wconf 88' lang='grc' dir='ltr'>χωροῦντα</span> <span class='ocrx_word' id='word_1_568' title='bbox 3144 2716 3282 2786; x_wconf 87' lang='grc' dir='ltr'>πρὸς</span> <span class='ocrx_word' id='word_1_569' title='bbox 3304 2716 3367 2768; x_wconf 90' lang='grc' dir='ltr'><strong>τὸ</strong></span> <span class='ocrx_word' id='word_1_570' title='bbox 3400 2715 3591 2786; x_wconf 84' lang='grc' dir='ltr'>μέτρον</span> 
     </span>
    </p>
   </div>
   <div class='ocr_carea' id='block_1_74' title="bbox 2014 2803 3594 2879">
    <p class='ocr_par' dir='ltr' id='par_1_74' title="bbox 2014 2803 3594 2879">
     <span class='ocr_line' id='line_1_74' title="bbox 2014 2803 3594 2879; baseline -0.001 -19"><span class='ocrx_word' id='word_1_571' title='bbox 2014 2808 2043 2861; x_wconf 85' lang='grc' dir='ltr'><strong>ὃ</strong></span> <span class='ocrx_word' id='word_1_572' title='bbox 2072 2808 2338 2879; x_wconf 88' lang='grc' dir='ltr'>χωροῦσι·</span> <span class='ocrx_word' id='word_1_573' title='bbox 2364 2808 2444 2861; x_wconf 86' lang='grc' dir='ltr'><strong>διὸ</strong></span> <span class='ocrx_word' id='word_1_574' title='bbox 2468 2809 2562 2862; x_wconf 72' lang='grc' dir='ltr'><strong>καὶ</strong></span> <span class='ocrx_word' id='word_1_575' title='bbox 2592 2808 2786 2879; x_wconf 83' lang='grc' dir='ltr'>μέτρον</span> <span class='ocrx_word' id='word_1_576' title='bbox 2810 2803 2950 2861; x_wconf 79' lang='grc' dir='ltr'>εἶναι</span> <span class='ocrx_word' id='word_1_577' title='bbox 2972 2807 3189 2874; x_wconf 88' lang='grc' dir='ltr'>λέγεται</span> <span class='ocrx_word' id='word_1_578' title='bbox 3214 2804 3325 2858; x_wconf 85' lang='grc' dir='ltr'><strong>τῶν</strong></span> <span class='ocrx_word' id='word_1_579' title='bbox 3348 2806 3517 2859; x_wconf 75' lang='grc' dir='ltr'>ὄντων</span> <span class='ocrx_word' id='word_1_580' title='bbox 3536 2806 3594 2859; x_wconf 84' lang='grc' dir='ltr'><strong>τὸ</strong></span> 
     </span>
    </p>
   </div>
   <div class='ocr_carea' id='block_1_75' title="bbox 2014 2899 3591 2973">
    <p class='ocr_par' dir='ltr' id='par_1_75' title="bbox 2014 2899 3591 2973">
     <span class='ocr_line' id='line_1_75' title="bbox 2014 2899 3591 2973; baseline -0.002 -18"><span class='ocrx_word' id='word_1_581' title='bbox 2014 2900 2189 2964; x_wconf 84' lang='grc' dir='ltr'>Θεῖον,</span> <span class='ocrx_word' id='word_1_582' title='bbox 2218 2901 2253 2971; x_wconf 79' lang='grc' dir='ltr'>ἢ</span> <span class='ocrx_word' id='word_1_583' title='bbox 2275 2902 2348 2964; x_wconf 84' lang='grc' dir='ltr'>ὡς</span> <span class='ocrx_word' id='word_1_584' title='bbox 2375 2901 2706 2973; x_wconf 87' lang='grc' dir='ltr'>περιοχικὸν,</span> <span class='ocrx_word' id='word_1_585' title='bbox 2730 2901 2823 2952; x_wconf 74' lang='grc' dir='ltr'><strong>καὶ</strong></span> <span class='ocrx_word' id='word_1_586' title='bbox 2860 2901 2958 2971; x_wconf 79' lang='grc' dir='ltr'><strong>τὴν</strong></span> <span class='ocrx_word' id='word_1_587' title='bbox 2998 2899 3173 2971; x_wconf 77' lang='grc' dir='ltr'>ἀρχὴν</span> <span class='ocrx_word' id='word_1_588' title='bbox 3202 2900 3297 2953; x_wconf 78' lang='grc' dir='ltr'>καὶ</span> <span class='ocrx_word' id='word_1_589' title='bbox 3326 2899 3390 2951; x_wconf 89' lang='grc' dir='ltr'><strong>τὸ</strong></span> <span class='ocrx_word' id='word_1_590' title='bbox 3426 2899 3591 2969; x_wconf 82' lang='grc' dir='ltr'>πέρας</span> 
     </span>
    </p>
   </div>
   <div class='ocr_carea' id='block_1_76' title="bbox 2014 2990 3590 3062">
    <p class='ocr_par' dir='ltr' id='par_1_76' title="bbox 2014 2990 3590 3062">
     <span class='ocr_line' id='line_1_76' title="bbox 2014 2990 3590 3062; baseline -0.003 -15"><span class='ocrx_word' id='word_1_591' title='bbox 2014 2994 2122 3047; x_wconf 83' lang='grc' dir='ltr'><strong>τῶν</strong></span> <span class='ocrx_word' id='word_1_592' title='bbox 2166 2994 2418 3047; x_wconf 77' lang='grc' dir='ltr'>ἁπάντων</span> <span class='ocrx_word' id='word_1_593' title='bbox 2463 2993 2843 3061; x_wconf 77' lang='grc' dir='ltr'>ἐπιστάμενον,</span> <span class='ocrx_word' id='word_1_594' title='bbox 2886 2992 2981 3044; x_wconf 74' lang='grc' dir='ltr'>καὶ</span> <span class='ocrx_word' id='word_1_595' title='bbox 3018 2990 3174 3054; x_wconf 82' lang='grc' dir='ltr'>αἰὼν,</span> <span class='ocrx_word' id='word_1_596' title='bbox 3211 2992 3307 3044; x_wconf 76' lang='grc' dir='ltr'>καὶ</span> <span class='ocrx_word' id='word_1_597' title='bbox 3342 2991 3590 3062; x_wconf 86' lang='grc' dir='ltr'>ἀριθμὸς,</span> 
     </span>
    </p>
   </div>
   <div class='ocr_carea' id='block_1_77' title="bbox 2016 3082 3588 3155">
    <p class='ocr_par' dir='ltr' id='par_1_77' title="bbox 2016 3082 3588 3155">
     <span class='ocr_line' id='line_1_77' title="bbox 2016 3082 3588 3155; baseline -0.004 -16"><span class='ocrx_word' id='word_1_598' title='bbox 2016 3088 2110 3139; x_wconf 78' lang='grc' dir='ltr'><strong>καὶ</strong></span> <span class='ocrx_word' id='word_1_599' title='bbox 2141 3085 2324 3150; x_wconf 81' lang='grc' dir='ltr'>τάξις,</span> <span class='ocrx_word' id='word_1_600' title='bbox 2358 3085 2435 3149; x_wconf 86' lang='grc' dir='ltr'><strong>ὡς</strong></span> <span class='ocrx_word' id='word_1_601' title='bbox 2469 3083 2780 3155; x_wconf 86' lang='grc' dir='ltr'>περιοχικὸν</span> <span class='ocrx_word' id='word_1_602' title='bbox 2817 3082 2926 3137; x_wconf 88' lang='grc' dir='ltr'><strong>τῶν</strong></span> <span class='ocrx_word' id='word_1_603' title='bbox 2962 3082 3134 3136; x_wconf 72' lang='grc' dir='ltr'>ὄντων</span> <span class='ocrx_word' id='word_1_604' title='bbox 3182 3084 3277 3137; x_wconf 80' lang='grc' dir='ltr'><strong>καὶ</strong></span> <span class='ocrx_word' id='word_1_605' title='bbox 3316 3082 3588 3145; x_wconf 77' lang='grc' dir='ltr'>τακτικὸν,</span> 
     </span>
    </p>
   </div>
   <div class='ocr_carea' id='block_1_78' title="bbox 2014 3170 3588 3249">
    <p class='ocr_par' dir='ltr' id='par_1_78' title="bbox 2014 3170 3588 3249">
     <span class='ocr_line' id='line_1_78' title="bbox 2014 3170 3588 3249; baseline -0.005 -19"><span class='ocrx_word' id='word_1_606' title='bbox 2014 3177 2191 3230; x_wconf 87' lang='grc' dir='ltr'>πάντα</span> <span class='ocrx_word' id='word_1_607' title='bbox 2231 3177 2341 3249; x_wconf 85' lang='grc' dir='ltr'>γὰρ</span> <span class='ocrx_word' id='word_1_608' title='bbox 2377 3175 2493 3247; x_wconf 85' lang='grc' dir='ltr'>μετ’</span> <span class='ocrx_word' id='word_1_609' title='bbox 2530 3173 2781 3240; x_wconf 80' lang='grc' dir='ltr'>εὐταξίας</span> <span class='ocrx_word' id='word_1_610' title='bbox 2818 3173 3248 3244; x_wconf 79' lang='grc' dir='ltr'>ἐδημιούργησεν</span> <span class='ocrx_word' id='word_1_611' title='bbox 3265 3173 3302 3241; x_wconf 89' lang='grc'><strong>·)</strong></span> <span class='ocrx_word' id='word_1_612' title='bbox 3351 3171 3492 3224; x_wconf 79' lang='grc' dir='ltr'>οὕτω</span> <span class='ocrx_word' id='word_1_613' title='bbox 3529 3170 3588 3240; x_wconf 72' lang='grc' dir='ltr'>δὴ</span> 
     </span>
    </p>
   </div>
   <div class='ocr_carea' id='block_1_79' title="bbox 2014 3261 3582 3338">
    <p class='ocr_par' dir='ltr' id='par_1_79' title="bbox 2014 3261 3582 3338">
     <span class='ocr_line' id='line_1_79' title="bbox 2014 3261 3582 3338; baseline -0.005 -19"><span class='ocrx_word' id='word_1_614' title='bbox 2014 3269 2107 3319; x_wconf 83' lang='grc' dir='ltr'><strong>καὶ</strong></span> <span class='ocrx_word' id='word_1_615' title='bbox 2131 3268 2163 3338; x_wconf 84' lang='grc' dir='ltr'><strong>ή</strong></span> <span class='ocrx_word' id='word_1_616' title='bbox 2186 3268 2285 3338; x_wconf 88' lang='grc' dir='ltr'><strong>τῆς</strong></span> <span class='ocrx_word' id='word_1_617' title='bbox 2321 3268 2467 3331; x_wconf 85' lang='grc' dir='ltr'>Θείας</span> <span class='ocrx_word' id='word_1_618' title='bbox 2511 3265 2843 3335; x_wconf 73' lang='grc' dir='ltr'>ἀγαθότητος</span> <span class='ocrx_word' id='word_1_619' title='bbox 2883 3265 3131 3335; x_wconf 79' lang='grc' dir='ltr'>ἐμφανὴς</span> <span class='ocrx_word' id='word_1_620' title='bbox 3156 3262 3320 3316; x_wconf 82' lang='grc' dir='ltr'>είκὼν</span> <span class='ocrx_word' id='word_1_621' title='bbox 3357 3266 3385 3315; x_wconf 85' lang='grc' dir='ltr'>ὁ</span> <span class='ocrx_word' id='word_1_622' title='bbox 3422 3261 3582 3330; x_wconf 74' lang='grc' dir='ltr'>ἥλιος.</span> 
     </span>
    </p>
   </div>
   <div class='ocr_carea' id='block_1_80' title="bbox 2011 3354 3587 3431">
    <p class='ocr_par' dir='ltr' id='par_1_80' title="bbox 2011 3354 3587 3431">
     <span class='ocr_line' id='line_1_80' title="bbox 2011 3354 3587 3431; baseline -0.006 -18"><span class='ocrx_word' id='word_1_623' title='bbox 2011 3360 2206 3425; x_wconf 83' lang='grc' dir='ltr'>Καλῶς</span> <span class='ocrx_word' id='word_1_624' title='bbox 2226 3362 2283 3414; x_wconf 78' lang='grc' dir='ltr'>δὲ</span> <span class='ocrx_word' id='word_1_625' title='bbox 2316 3360 2375 3413; x_wconf 91' lang='grc' dir='ltr'><strong>τὸ</strong></span> <span class='ocrx_word' id='word_1_626' title='bbox 2401 3362 2506 3413; x_wconf 88' lang='grc' dir='ltr'><strong>ἀπε</strong></span> <span class='ocrx_word' id='word_1_627' title='bbox 2515 3362 2741 3431; x_wconf 87' lang='grc' dir='ltr'>μφαῖνον</span> <span class='ocrx_word' id='word_1_628' title='bbox 2770 3357 2877 3411; x_wconf 86' lang='grc' dir='ltr'><strong>τῶν</strong></span> <span class='ocrx_word' id='word_1_629' title='bbox 2901 3358 2994 3411; x_wconf 79' lang='grc' dir='ltr'>ὲπὶ</span> <span class='ocrx_word' id='word_1_630' title='bbox 3018 3356 3095 3426; x_wconf 83' lang='grc' dir='ltr'>τῷ</span> <span class='ocrx_word' id='word_1_631' title='bbox 3117 3357 3253 3427; x_wconf 63' lang='grc' dir='ltr'><strong>⁴ἡλίῳ</strong></span> <span class='ocrx_word' id='word_1_632' title='bbox 3288 3354 3587 3426; x_wconf 80' lang='grc' dir='ltr'>λεγομένων</span> 
     </span>
    </p>
   </div>
   <div class='ocr_carea' id='block_1_81' title="bbox 2012 3448 3587 3525">
    <p class='ocr_par' dir='ltr' id='par_1_81' title="bbox 2012 3448 3587 3525">
     <span class='ocr_line' id='line_1_81' title="bbox 2012 3448 3587 3525; baseline -0.005 -19"><span class='ocrx_word' id='word_1_633' title='bbox 2012 3455 2173 3519; x_wconf 80' lang='grc' dir='ltr'>εὐθὺς</span> <span class='ocrx_word' id='word_1_634' title='bbox 2218 3454 2571 3525; x_wconf 72' lang='grc' dir='ltr'>ἐθεράπευσε,</span> <span class='ocrx_word' id='word_1_635' title='bbox 2618 3452 2905 3507; x_wconf 78' lang='grc' dir='ltr'>πολλοστὸν</span> <span class='ocrx_word' id='word_1_636' title='bbox 2952 3450 3045 3503; x_wconf 75' lang='grc' dir='ltr'><strong>καὶ</strong></span> <span class='ocrx_word' id='word_1_637' title='bbox 3087 3450 3399 3502; x_wconf 85' lang='grc' dir='ltr'>τελευταῖον</span> <span class='ocrx_word' id='word_1_638' title='bbox 3453 3448 3587 3514; x_wconf 73' lang='grc' dir='ltr'>ἀπή·</span> 
     </span>
    </p>
   </div>
   <div class='ocr_carea' id='block_1_82' title="bbox 2010 3541 3587 3617">
    <p class='ocr_par' dir='ltr' id='par_1_82' title="bbox 2010 3541 3587 3617">
     <span class='ocr_line' id='line_1_82' title="bbox 2010 3541 3587 3617; baseline -0.013 -14"><span class='ocrx_word' id='word_1_639' title='bbox 2010 3564 2162 3617; x_wconf 85' lang='grc' dir='ltr'>χημα</span> <span class='ocrx_word' id='word_1_640' title='bbox 2187 3546 2374 3600; x_wconf 86' lang='grc' dir='ltr'>τοῦτον</span> <span class='ocrx_word' id='word_1_641' title='bbox 2396 3546 2563 3599; x_wconf 88' lang='grc' dir='ltr'>είπὼν</span> <span class='ocrx_word' id='word_1_642' title='bbox 2596 3542 2856 3613; x_wconf 90' lang='grc' dir='ltr'>τάγαθοῦ.</span> <span class='ocrx_word' id='word_1_643' title='bbox 2888 3544 3095 3611; x_wconf 83' lang='grc' dir='ltr'>Ὥσπερ</span> <span class='ocrx_word' id='word_1_644' title='bbox 3122 3542 3233 3613; x_wconf 87' lang='grc' dir='ltr'><strong>γάρ</strong></span> <span class='ocrx_word' id='word_1_645' title='bbox 3264 3542 3321 3594; x_wconf 87' lang='grc' dir='ltr'><strong>εί</strong></span> <span class='ocrx_word' id='word_1_646' title='bbox 3354 3559 3440 3605; x_wconf 85' lang='grc' dir='ltr'><strong>τις</strong></span> <span class='ocrx_word' id='word_1_647' title='bbox 3470 3541 3587 3611; x_wconf 71' lang='grc' dir='ltr'><strong>βοή-</strong></span> 
     </span>
    </p>
   </div>
   <div class='ocr_carea' id='block_1_83' title="bbox 2012 3634 3586 3709">
    <p class='ocr_par' dir='ltr' id='par_1_83' title="bbox 2012 3634 3586 3709">
     <span class='ocr_line' id='line_1_83' title="bbox 2012 3634 3586 3709; baseline -0.006 -16"><span class='ocrx_word' id='word_1_648' title='bbox 2012 3657 2109 3704; x_wconf 84' lang='grc' dir='ltr'><strong>σας</strong></span> <span class='ocrx_word' id='word_1_649' title='bbox 2136 3640 2230 3693; x_wconf 87' lang='grc' dir='ltr'><strong>καί</strong></span> <span class='ocrx_word' id='word_1_650' title='bbox 2256 3638 2570 3709; x_wconf 80' lang='grc' dir='ltr'>ἀποκράξας</span> <span class='ocrx_word' id='word_1_651' title='bbox 2606 3637 2748 3690; x_wconf 78' lang='grc' dir='ltr'>εἴποι</span> <span class='ocrx_word' id='word_1_652' title='bbox 2781 3654 2854 3699; x_wconf 89' lang='grc' dir='ltr'><strong>τι,</strong></span> <span class='ocrx_word' id='word_1_653' title='bbox 2894 3636 2988 3688; x_wconf 76' lang='grc' dir='ltr'>καὶ</span> <span class='ocrx_word' id='word_1_654' title='bbox 3022 3636 3071 3687; x_wconf 80' lang='grc' dir='ltr'>οἱ</span> <span class='ocrx_word' id='word_1_655' title='bbox 3106 3634 3206 3705; x_wconf 85' lang='grc' dir='ltr'><strong>μὲν</strong></span> <span class='ocrx_word' id='word_1_656' title='bbox 3239 3634 3586 3704; x_wconf 82' lang='grc' dir='ltr'>παρεστῶτες</span> 
     </span>
    </p>
   </div>
   <div class='ocr_carea' id='block_1_84' title="bbox 2010 3721 3589 3802">
    <p class='ocr_par' dir='ltr' id='par_1_84' title="bbox 2010 3721 3589 3802">
     <span class='ocr_line' id='line_1_84' title="bbox 2010 3721 3589 3802; baseline -0.004 -18"><span class='ocrx_word' id='word_1_657' title='bbox 2010 3731 2076 3785; x_wconf 79' lang='grc' dir='ltr'>ἂν</span> <span class='ocrx_word' id='word_1_658' title='bbox 2100 3731 2400 3802; x_wconf 74' lang='grc' dir='ltr'>ἐρρωμένοι</span> <span class='ocrx_word' id='word_1_659' title='bbox 2432 3729 2532 3792; x_wconf 84' lang='grc' dir='ltr'><strong>τὰς</strong></span> <span class='ocrx_word' id='word_1_660' title='bbox 2557 3727 2726 3791; x_wconf 86' lang='grc' dir='ltr'>ἀκοὰς</span> <span class='ocrx_word' id='word_1_661' title='bbox 2748 3721 2870 3790; x_wconf 83' lang='grc' dir='ltr'>ὦσι,</span> <span class='ocrx_word' id='word_1_662' title='bbox 2891 3728 2990 3797; x_wconf 84' lang='grc' dir='ltr'><strong>τῆς</strong></span> <span class='ocrx_word' id='word_1_663' title='bbox 3026 3726 3212 3795; x_wconf 79' lang='grc' dir='ltr'>φωνῆς</span> <span class='ocrx_word' id='word_1_664' title='bbox 3246 3727 3342 3779; x_wconf 84' lang='grc' dir='ltr'><strong>καὶ</strong></span> <span class='ocrx_word' id='word_1_665' title='bbox 3378 3726 3473 3779; x_wconf 84' lang='grc' dir='ltr'><strong>τοῦ</strong></span> <span class='ocrx_word' id='word_1_666' title='bbox 3506 3726 3589 3778; x_wconf 85' lang='grc' dir='ltr'>λε-</span> 
     </span>
    </p>
   </div>
   <div class='ocr_carea' id='block_1_85' title="bbox 2011 3818 3649 3893">
    <p class='ocr_par' dir='ltr' id='par_1_85' title="bbox 2011 3818 3649 3893">
     <span class='ocr_line' id='line_1_85' title="bbox 2011 3818 3649 3893; baseline -0.003 -18"><span class='ocrx_word' id='word_1_667' title='bbox 2011 3821 2229 3893; x_wconf 82' lang='grc' dir='ltr'>χθέντος</span> <span class='ocrx_word' id='word_1_668' title='bbox 2252 3821 2569 3875; x_wconf 80' lang='grc' dir='ltr'>ἀκούουσινο</span> <span class='ocrx_word' id='word_1_669' title='bbox 2596 3821 2645 3873; x_wconf 90' lang='grc' dir='ltr'><strong>οί</strong></span> <span class='ocrx_word' id='word_1_670' title='bbox 2678 3819 2735 3872; x_wconf 86' lang='grc' dir='ltr'>δὲ</span> <span class='ocrx_word' id='word_1_671' title='bbox 2774 3818 3103 3888; x_wconf 83' lang='grc' dir='ltr'>ἀφεστῶτες,</span> <span class='ocrx_word' id='word_1_672' title='bbox 3131 3818 3258 3871; x_wconf 82' lang='grc' dir='ltr'>ὅσον</span> <span class='ocrx_word' id='word_1_673' title='bbox 3303 3819 3586 3889; x_wconf 85' lang='grc' dir='ltr'>ἀπέχουσι,</span> <span class='ocrx_word' id='word_1_674' title='bbox 3642 3844 3649 3850; x_wconf 88' lang='grc'><strong>·</strong></span> 
     </span>
    </p>
   </div>
   <div class='ocr_carea' id='block_1_86' title="bbox 2009 3909 3587 3984">
    <p class='ocr_par' dir='ltr' id='par_1_86' title="bbox 2009 3909 3587 3984">
     <span class='ocr_line' id='line_1_86' title="bbox 2009 3909 3587 3984; baseline -0.003 -19"><span class='ocrx_word' id='word_1_675' title='bbox 2009 3912 2262 3966; x_wconf 90' lang='grc' dir='ltr'>τοσοῦτον</span> <span class='ocrx_word' id='word_1_676' title='bbox 2284 3912 2674 3984; x_wconf 88' lang='grc' dir='ltr'>ἀδρανέστερον</span> <span class='ocrx_word' id='word_1_677' title='bbox 2716 3909 2810 3964; x_wconf 87' lang='grc' dir='ltr'><strong>τοῦ</strong></span> <span class='ocrx_word' id='word_1_678' title='bbox 2837 3909 3147 3980; x_wconf 83' lang='grc' dir='ltr'>φθέγματος</span> <span class='ocrx_word' id='word_1_679' title='bbox 3173 3911 3483 3983; x_wconf 78' lang='grc' dir='ltr'>ἀκροῶνται</span> <span class='ocrx_word' id='word_1_680' title='bbox 3502 3928 3513 3939; x_wconf 94' lang='grc'><strong>·</strong></span> <span class='ocrx_word' id='word_1_681' title='bbox 3538 3911 3587 3962; x_wconf 74' lang='lat' dir='ltr'><strong>el</strong></span> 
     </span>
    </p>
   </div>
   <div class='ocr_carea' id='block_1_87' title="bbox 2009 4001 3586 4073">
    <p class='ocr_par' dir='ltr' id='par_1_87' title="bbox 2009 4001 3586 4073">
     <span class='ocr_line' id='line_1_87' title="bbox 2009 4001 3586 4073; baseline -0.003 -16"><span class='ocrx_word' id='word_1_682' title='bbox 2009 4004 2068 4057; x_wconf 85' lang='grc' dir='ltr'><strong>δὲ</strong></span> <span class='ocrx_word' id='word_1_683' title='bbox 2093 4004 2185 4056; x_wconf 79' lang='grc' dir='ltr'><strong>ἐπὶ</strong></span> <span class='ocrx_word' id='word_1_684' title='bbox 2232 4002 2413 4073; x_wconf 71' lang='grc' dir='ltr'>μεῖξον</span> <span class='ocrx_word' id='word_1_685' title='bbox 2462 4004 2737 4073; x_wconf 87' lang='grc' dir='ltr'>διάστημα</span> <span class='ocrx_word' id='word_1_686' title='bbox 2783 4001 3173 4072; x_wconf 85' lang='grc' dir='ltr'>κεχωρισμένοι</span> <span class='ocrx_word' id='word_1_687' title='bbox 3218 4002 3586 4073; x_wconf 76' lang='grc' dir='ltr'>ἀμυδρότατον</span> 
     </span>
    </p>
   </div>
   <div class='ocr_carea' id='block_1_88' title="bbox 2008 4092 3584 4166">
    <p class='ocr_par' dir='ltr' id='par_1_88' title="bbox 2008 4092 3584 4166">
     <span class='ocr_line' id='line_1_88' title="bbox 2008 4092 3584 4166; baseline -0.003 -17"><span class='ocrx_word' id='word_1_688' title='bbox 2008 4095 2103 4150; x_wconf 87' lang='grc' dir='ltr'><strong>τοῦ</strong></span> <span class='ocrx_word' id='word_1_689' title='bbox 2134 4096 2491 4166; x_wconf 82' lang='grc' dir='ltr'>ἀπηχήματος</span> <span class='ocrx_word' id='word_1_690' title='bbox 2527 4093 2910 4164; x_wconf 76' lang='grc' dir='ltr'>λαμϐάνουσιν,</span> <span class='ocrx_word' id='word_1_691' title='bbox 2936 4092 3010 4156; x_wconf 85' lang='grc' dir='ltr'>ὡς</span> <span class='ocrx_word' id='word_1_692' title='bbox 3033 4094 3214 4163; x_wconf 84' lang='grc' dir='ltr'>φωνῆς</span> <span class='ocrx_word' id='word_1_693' title='bbox 3251 4094 3351 4165; x_wconf 83' lang='grc' dir='ltr'>μὲν</span> <span class='ocrx_word' id='word_1_694' title='bbox 3378 4096 3584 4164; x_wconf 80' lang='grc' dir='ltr'>ἀσήμου</span> 
     </span>
    </p>
   </div>
   <div class='ocr_carea' id='block_1_89' title="bbox 2007 4184 3587 4256">
    <p class='ocr_par' dir='ltr' id='par_1_89' title="bbox 2007 4184 3587 4256">
     <span class='ocr_line' id='line_1_89' title="bbox 2007 4184 3587 4256; baseline -0.003 -16"><span class='ocrx_word' id='word_1_695' title='bbox 2007 4188 2151 4251; x_wconf 87' lang='grc' dir='ltr'>τινὸς</span> <span class='ocrx_word' id='word_1_696' title='bbox 2192 4187 2430 4249; x_wconf 84' lang='grc' dir='ltr'>ἀκούειν,</span> <span class='ocrx_word' id='word_1_697' title='bbox 2482 4185 2556 4256; x_wconf 81' lang='grc' dir='ltr'>μὴ</span> <span class='ocrx_word' id='word_1_698' title='bbox 2596 4188 2735 4237; x_wconf 87' lang='grc' dir='ltr'>νοεῖν</span> <span class='ocrx_word' id='word_1_699' title='bbox 2772 4184 2828 4236; x_wconf 85' lang='grc' dir='ltr'><strong>δὲ</strong></span> <span class='ocrx_word' id='word_1_700' title='bbox 2857 4184 2918 4237; x_wconf 91' lang='grc' dir='ltr'><strong>τὸ</strong></span> <span class='ocrx_word' id='word_1_701' title='bbox 2949 4185 3287 4254; x_wconf 79' lang='grc' dir='ltr'>έκφωνηθέν.</span> <span class='ocrx_word' id='word_1_702' title='bbox 3327 4185 3587 4238; x_wconf 73' lang='grc' dir='ltr'>Τοσοῦτον</span> 
     </span>
    </p>
   </div>
   <div class='ocr_carea' id='block_1_90' title="bbox 2009 4275 3588 4348">
    <p class='ocr_par' dir='ltr' id='par_1_90' title="bbox 2009 4275 3588 4348">
     <span class='ocr_line' id='line_1_90' title="bbox 2009 4275 3588 4348; baseline -0.003 -15"><span class='ocrx_word' id='word_1_703' title='bbox 2009 4282 2157 4334; x_wconf 77' lang='grc' dir='ltr'>ἐστιν</span> <span class='ocrx_word' id='word_1_704' title='bbox 2185 4278 2470 4332; x_wconf 80' lang='grc' dir='ltr'>ὑπολαϐεῖν</span> <span class='ocrx_word' id='word_1_705' title='bbox 2492 4277 2553 4330; x_wconf 87' lang='grc' dir='ltr'><strong>τὸ</strong></span> <span class='ocrx_word' id='word_1_706' title='bbox 2576 4276 2797 4347; x_wconf 79' lang='grc' dir='ltr'>ἡλιακὸν</span> <span class='ocrx_word' id='word_1_707' title='bbox 2822 4275 2935 4345; x_wconf 87' lang='grc' dir='ltr'><strong>φῶς</strong></span> <span class='ocrx_word' id='word_1_708' title='bbox 2948 4276 3082 4347; x_wconf 86' lang='grc' dir='ltr'>πρὸς</span> <span class='ocrx_word' id='word_1_709' title='bbox 3103 4276 3166 4327; x_wconf 87' lang='grc' dir='ltr'><strong>τὸ</strong></span> <span class='ocrx_word' id='word_1_710' title='bbox 3190 4276 3391 4348; x_wconf 81' lang='grc' dir='ltr'>ἀληθὲς</span> <span class='ocrx_word' id='word_1_711' title='bbox 3416 4279 3588 4330; x_wconf 76' lang='grc' dir='ltr'>ἐκεῖνο</span> 
     </span>
    </p>
   </div>
   <div class='ocr_carea' id='block_1_91' title="bbox 2010 4364 3585 4440">
    <p class='ocr_par' dir='ltr' id='par_1_91' title="bbox 2010 4364 3585 4440">
     <span class='ocr_line' id='line_1_91' title="bbox 2010 4364 3585 4440; baseline -0.003 -14"><span class='ocrx_word' id='word_1_712' title='bbox 2010 4374 2103 4426; x_wconf 76' lang='grc' dir='ltr'><strong>καὶ</strong></span> <span class='ocrx_word' id='word_1_713' title='bbox 2119 4371 2278 4433; x_wconf 84' lang='grc' dir='ltr'>θεῖον,</span> <span class='ocrx_word' id='word_1_714' title='bbox 2292 4369 2430 4423; x_wconf 84' lang='grc' dir='ltr'>ὥστε</span> <span class='ocrx_word' id='word_1_715' title='bbox 2444 4371 2537 4423; x_wconf 76' lang='grc' dir='ltr'><strong>καὶ</strong></span> <span class='ocrx_word' id='word_1_716' title='bbox 2549 4369 2772 4439; x_wconf 76' lang='grc' dir='ltr'>ἄπειρον</span> <span class='ocrx_word' id='word_1_717' title='bbox 2793 4368 2885 4422; x_wconf 71' lang='grc' dir='ltr'>καὶ</span> <span class='ocrx_word' id='word_1_718' title='bbox 2902 4367 3245 4438; x_wconf 78' lang='grc' dir='ltr'>ἀξύμὸλητον</span> <span class='ocrx_word' id='word_1_719' title='bbox 3262 4364 3476 4422; x_wconf 75' lang='grc' dir='ltr'>εἶναιτὸ</span> <span class='ocrx_word' id='word_1_720' title='bbox 3494 4368 3585 4440; x_wconf 88' lang='grc' dir='ltr'>μέ-</span> 
     </span>
    </p>
   </div>
   <div class='ocr_carea' id='block_1_92' title="bbox 328 4454 1810 4534">
    <p class='ocr_par' dir='ltr' id='par_1_92' title="bbox 328 4454 1810 4529">
     <span class='ocr_line' id='line_1_92' title="bbox 328 4454 1810 4529; baseline 0.011 -23"><span class='ocrx_word' id='word_1_721' title='bbox 328 4454 605 4524; x_wconf 83' lang='lat' dir='ltr'><strong>telligant.</strong></span> <span class='ocrx_word' id='word_1_722' title='bbox 659 4458 813 4523; x_wconf 88' lang='lat' dir='ltr'><strong>Unde</strong></span> <span class='ocrx_word' id='word_1_723' title='bbox 855 4458 1110 4529; x_wconf 80' lang='lat' dir='ltr'><strong>colligere</strong></span> <span class='ocrx_word' id='word_1_724' title='bbox 1162 4462 1287 4515; x_wconf 89' lang='lat' dir='ltr'><strong>licet</strong></span> <span class='ocrx_word' id='word_1_725' title='bbox 1335 4472 1542 4516; x_wconf 91' lang='lat' dir='ltr'><strong>tantum</strong></span> <span class='ocrx_word' id='word_1_726' title='bbox 1588 4479 1707 4521; x_wconf 89' lang='lat' dir='ltr'><strong>esse</strong></span> <span class='ocrx_word' id='word_1_727' title='bbox 1729 4468 1810 4521; x_wconf 89' lang='lat' dir='ltr'><strong>sol</strong></span> 
     </span>
    </p>
   </div>
   <div class='ocr_carea' id='block_1_93' title="bbox 2102 4454 3584 4534">
    <p class='ocr_par' dir='ltr' id='par_1_93' title="bbox 2102 4460 3584 4534">
     <span class='ocr_line' id='line_1_93' title="bbox 2102 4460 3584 4534; baseline -0.003 -18"><span class='ocrx_word' id='word_1_728' title='bbox 2102 4482 2125 4517; x_wconf 73' lang='grc' dir='ltr'>ι.</span> <span class='ocrx_word' id='word_1_729' title='bbox 2157 4463 2381 4534; x_wconf 81' lang='grc' dir='ltr'>Ἑφεξῆς</span> <span class='ocrx_word' id='word_1_730' title='bbox 2407 4463 2553 4531; x_wconf 86' lang='grc' dir='ltr'>λέγει</span> <span class='ocrx_word' id='word_1_731' title='bbox 2584 4461 2699 4525; x_wconf 88' lang='grc' dir='ltr'><strong>πῶς</strong></span> <span class='ocrx_word' id='word_1_732' title='bbox 2729 4460 2980 4524; x_wconf 78' lang='grc' dir='ltr'>είκονίζει</span> <span class='ocrx_word' id='word_1_733' title='bbox 3003 4460 3063 4512; x_wconf 89' lang='grc' dir='ltr'><strong>τὸ</strong></span> <span class='ocrx_word' id='word_1_734' title='bbox 3085 4460 3240 4513; x_wconf 86' lang='grc' dir='ltr'>Θείον</span> <span class='ocrx_word' id='word_1_735' title='bbox 3257 4462 3482 4531; x_wconf 82' lang='grc' dir='ltr'>ὁῆλιος·</span> <span class='ocrx_word' id='word_1_736' title='bbox 3508 4462 3584 4514; x_wconf 81' lang='grc' dir='ltr'>ὅτι</span> 
     </span>
    </p>
   </div>
   <div class='ocr_carea' id='block_1_94' title="bbox 323 4547 1905 4629">
    <p class='ocr_par' dir='ltr' id='par_1_94' title="bbox 323 4547 1905 4629">
     <span class='ocr_line' id='line_1_94' title="bbox 323 4547 1905 4629; baseline 0.009 -29"><span class='ocrx_word' id='word_1_737' title='bbox 323 4547 532 4611; x_wconf 89' lang='lat' dir='ltr'><strong>lumen,</strong></span> <span class='ocrx_word' id='word_1_738' title='bbox 560 4551 603 4603; x_wconf 91' lang='lat' dir='ltr'><strong>si</strong></span> <span class='ocrx_word' id='word_1_739' title='bbox 649 4566 771 4605; x_wconf 90' lang='lat' dir='ltr'><strong>cum</strong></span> <span class='ocrx_word' id='word_1_740' title='bbox 803 4568 931 4607; x_wconf 80' lang='lat' dir='ltr'><strong>vero</strong></span> <span class='ocrx_word' id='word_1_741' title='bbox 963 4554 1053 4609; x_wconf 91' lang='lat' dir='ltr'><strong>illo</strong></span> <span class='ocrx_word' id='word_1_742' title='bbox 1080 4569 1145 4610; x_wconf 90' lang='lat' dir='ltr'><strong>ac</strong></span> <span class='ocrx_word' id='word_1_743' title='bbox 1190 4555 1375 4609; x_wconf 68' lang='lat' dir='ltr'><strong>divino</strong></span> <span class='ocrx_word' id='word_1_744' title='bbox 1426 4568 1793 4629; x_wconf 88' lang='lat' dir='ltr'><strong>comparetur,</strong></span> <span class='ocrx_word' id='word_1_745' title='bbox 1845 4569 1905 4615; x_wconf 91' lang='lat' dir='ltr'><strong>ut</strong></span> 
     </span>
    </p>
   </div>
   <div class='ocr_carea' id='block_1_95' title="bbox 326 4639 1906 4719">
    <p class='ocr_par' dir='ltr' id='par_1_95' title="bbox 326 4639 1906 4719">
     <span class='ocr_line' id='line_1_95' title="bbox 326 4639 1906 4719; baseline 0.008 -27"><span class='ocrx_word' id='word_1_746' title='bbox 326 4639 675 4709; x_wconf 83' lang='lat' dir='ltr'><strong>intercapedo</strong></span> <span class='ocrx_word' id='word_1_747' title='bbox 705 4654 760 4697; x_wconf 88' lang='lat' dir='ltr'><strong>et</strong></span> <span class='ocrx_word' id='word_1_748' title='bbox 815 4644 1020 4699; x_wconf 87' lang='lat' dir='ltr'><strong>infinita</strong></span> <span class='ocrx_word' id='word_1_749' title='bbox 1053 4647 1124 4700; x_wconf 92' lang='lat' dir='ltr'><strong>sit</strong></span> <span class='ocrx_word' id='word_1_750' title='bbox 1151 4657 1204 4702; x_wconf 92' lang='lat' dir='ltr'><strong>et</strong></span> <span class='ocrx_word' id='word_1_751' title='bbox 1234 4648 1708 4719; x_wconf 84' lang='lat' dir='ltr'><strong>incomparabilis.</strong></span> <span class='ocrx_word' id='word_1_752' title='bbox 1740 4650 1906 4705; x_wconf 89' lang='lat' dir='ltr'><strong>Dein-</strong></span> 
     </span>
    </p>
   </div>
   <div class='ocr_carea' id='block_1_96' title="bbox 324 4730 1904 4810">
    <p class='ocr_par' dir='ltr' id='par_1_96' title="bbox 324 4730 1904 4810">
     <span class='ocr_line' id='line_1_96' title="bbox 324 4730 1904 4810; baseline 0.009 -31"><span class='ocrx_word' id='word_1_753' title='bbox 324 4730 394 4781; x_wconf 90' lang='lat' dir='ltr'><strong>de</strong></span> <span class='ocrx_word' id='word_1_754' title='bbox 442 4731 594 4795; x_wconf 87' lang='lat' dir='ltr'><strong>dicit,</strong></span> <span class='ocrx_word' id='word_1_755' title='bbox 648 4737 917 4802; x_wconf 80' lang='lat' dir='ltr'><strong>quoinodo</strong></span> <span class='ocrx_word' id='word_1_756' title='bbox 971 4738 1051 4791; x_wconf 87' lang='lat' dir='ltr'><strong>sol</strong></span> <span class='ocrx_word' id='word_1_757' title='bbox 1102 4740 1267 4793; x_wconf 92' lang='lat' dir='ltr'><strong>Deum</strong></span> <span class='ocrx_word' id='word_1_758' title='bbox 1315 4742 1551 4806; x_wconf 80' lang='lat' dir='ltr'><strong>referat;</strong></span> <span class='ocrx_word' id='word_1_759' title='bbox 1586 4744 1709 4810; x_wconf 91' lang='lat' dir='ltr'><strong>quia</strong></span> <span class='ocrx_word' id='word_1_760' title='bbox 1762 4744 1904 4795; x_wconf 87' lang='lat' dir='ltr'><strong>Deus</strong></span> 
     </span>
    </p>
   </div>
   <div class='ocr_carea' id='block_1_97' title="bbox 325 4824 1900 4902">
    <p class='ocr_par' dir='ltr' id='par_1_97' title="bbox 325 4824 1900 4902">
     <span class='ocr_line' id='line_1_97' title="bbox 325 4824 1900 4902; baseline 0.008 -29"><span class='ocrx_word' id='word_1_761' title='bbox 325 4824 507 4876; x_wconf 90' lang='lat' dir='ltr'><strong>omnia</strong></span> <span class='ocrx_word' id='word_1_762' title='bbox 556 4839 895 4895; x_wconf 65' lang='lat' dir='ltr'><strong>quaecunque</strong></span> <span class='ocrx_word' id='word_1_763' title='bbox 945 4832 1112 4898; x_wconf 92' lang='lat' dir='ltr'><strong>ipsius</strong></span> <span class='ocrx_word' id='word_1_764' title='bbox 1177 4833 1615 4902; x_wconf 86' lang='lat' dir='ltr'><strong>participationis</strong></span> <span class='ocrx_word' id='word_1_765' title='bbox 1678 4835 1900 4901; x_wconf 86' lang='lat' dir='ltr'><strong>capacia</strong></span> 
     </span>
    </p>
   </div>
   <div class='ocr_carea' id='block_1_98' title="bbox 324 4918 1902 4990">
    <p class='ocr_par' dir='ltr' id='par_1_98' title="bbox 324 4918 1902 4990">
     <span class='ocr_line' id='line_1_98' title="bbox 324 4918 1902 4990; baseline 0.008 -25"><span class='ocrx_word' id='word_1_766' title='bbox 324 4923 476 4979; x_wconf 87' lang='lat' dir='ltr'><strong>sunt,</strong></span> <span class='ocrx_word' id='word_1_767' title='bbox 504 4930 605 4985; x_wconf 86' lang='lat' dir='ltr'><strong>per</strong></span> <span class='ocrx_word' id='word_1_768' title='bbox 628 4918 799 4973; x_wconf 86' lang='lat' dir='ltr'><strong>bonas</strong></span> <span class='ocrx_word' id='word_1_769' title='bbox 826 4920 1199 4976; x_wconf 91' lang='lat' dir='ltr'><strong>institutiones</strong></span> <span class='ocrx_word' id='word_1_770' title='bbox 1226 4930 1391 4990; x_wconf 85' lang='lat' dir='ltr'><strong>atque</strong></span> <span class='ocrx_word' id='word_1_771' title='bbox 1417 4923 1660 4978; x_wconf 85' lang='lat' dir='ltr'><strong>actiones</strong></span> <span class='ocrx_word' id='word_1_772' title='bbox 1695 4924 1902 4977; x_wconf 71' lang='lat' dir='ltr'><strong>aliasve</strong></span> 
     </span>
    </p>
   </div>
   <div class='ocr_carea' id='block_1_99' title="bbox 326 5005 1905 5083">
    <p class='ocr_par' dir='ltr' id='par_1_99' title="bbox 326 5005 1905 5083">
     <span class='ocr_line' id='line_1_99' title="bbox 326 5005 1905 5083; baseline 0.008 -28"><span class='ocrx_word' id='word_1_773' title='bbox 326 5005 538 5072; x_wconf 82' lang='lat' dir='ltr'><strong>aliquas</strong></span> <span class='ocrx_word' id='word_1_774' title='bbox 580 5009 963 5078; x_wconf 76' lang='lat' dir='ltr'><strong>dispositioiies</strong></span> <span class='ocrx_word' id='word_1_775' title='bbox 1015 5012 1306 5077; x_wconf 89' lang='lat' dir='ltr'><strong>illuminat,</strong></span> <span class='ocrx_word' id='word_1_776' title='bbox 1347 5024 1403 5064; x_wconf 77' lang='lat' dir='ltr'><strong>et</strong></span> <span class='ocrx_word' id='word_1_777' title='bbox 1448 5013 1627 5066; x_wconf 91' lang='lat' dir='ltr'><strong>lumen</strong></span> <span class='ocrx_word' id='word_1_778' title='bbox 1675 5016 1905 5083; x_wconf 90' lang='lat' dir='ltr'><strong>desuper</strong></span> 
     </span>
    </p>
   </div>
   <div class='ocr_carea' id='block_1_100' title="bbox 324 5102 1904 5174">
    <p class='ocr_par' dir='ltr' id='par_1_100' title="bbox 324 5102 1904 5174">
     <span class='ocr_line' id='line_1_100' title="bbox 324 5102 1904 5174; baseline 0.006 -27"><span class='ocrx_word' id='word_1_779' title='bbox 324 5112 628 5165; x_wconf 77' lang='lat' dir='ltr'><strong>expansum</strong></span> <span class='ocrx_word' id='word_1_780' title='bbox 663 5102 888 5166; x_wconf 87' lang='lat' dir='ltr'><strong>habens,</strong></span> <span class='ocrx_word' id='word_1_781' title='bbox 915 5106 1062 5157; x_wconf 89' lang='lat' dir='ltr'><strong>omni</strong></span> <span class='ocrx_word' id='word_1_782' title='bbox 1116 5106 1319 5157; x_wconf 87' lang='lat' dir='ltr'><strong>mundo</strong></span> <span class='ocrx_word' id='word_1_783' title='bbox 1351 5105 1547 5158; x_wconf 86' lang='lat' dir='ltr'><strong>visibili</strong></span> <span class='ocrx_word' id='word_1_784' title='bbox 1577 5121 1636 5159; x_wconf 84' lang='lat' dir='ltr'><strong>se</strong></span> <span class='ocrx_word' id='word_1_785' title='bbox 1665 5122 1904 5174; x_wconf 83' lang='lat' dir='ltr'><strong>suosque</strong></span> 
     </span>
    </p>
   </div>
   <div class='ocr_carea' id='block_1_101' title="bbox 326 5189 1902 5265">
    <p class='ocr_par' dir='ltr' id='par_1_101' title="bbox 326 5189 1902 5265">
     <span class='ocr_line' id='line_1_101' title="bbox 326 5189 1902 5265; baseline 0.006 -26"><span class='ocrx_word' id='word_1_786' title='bbox 326 5189 511 5243; x_wconf 78' lang='lat' dir='ltr'><strong>radios</strong></span> <span class='ocrx_word' id='word_1_787' title='bbox 544 5192 801 5257; x_wconf 82' lang='lat' dir='ltr'><strong>explicat,</strong></span> <span class='ocrx_word' id='word_1_788' title='bbox 834 5209 953 5247; x_wconf 88' lang='lat' dir='ltr'><strong>cum</strong></span> <span class='ocrx_word' id='word_1_789' title='bbox 993 5204 1216 5263; x_wconf 87' lang='lat' dir='ltr'><strong>propter</strong></span> <span class='ocrx_word' id='word_1_790' title='bbox 1246 5198 1311 5248; x_wconf 83' lang='lat' dir='ltr'><strong>ea</strong></span> <span class='ocrx_word' id='word_1_791' title='bbox 1343 5212 1462 5265; x_wconf 66' lang='lat' dir='ltr'><strong>qua!</strong></span> <span class='ocrx_word' id='word_1_792' title='bbox 1502 5197 1681 5249; x_wconf 87' lang='lat' dir='ltr'><strong>anima</strong></span> <span class='ocrx_word' id='word_1_793' title='bbox 1715 5213 1902 5250; x_wconf 86' lang='lat' dir='ltr'><strong>sensu-</strong></span> 
     </span>
    </p>
   </div>
   <div class='ocr_carea' id='block_1_102' title="bbox 325 5288 1904 5354">
    <p class='ocr_par' dir='ltr' id='par_1_102' title="bbox 325 5288 1904 5354">
     <span class='ocr_line' id='line_1_102' title="bbox 325 5288 1904 5354; baseline 0.004 -23"><span class='ocrx_word' id='word_1_794' title='bbox 325 5296 433 5346; x_wconf 88' lang='lat' dir='ltr'><strong>que</strong></span> <span class='ocrx_word' id='word_1_795' title='bbox 459 5294 673 5347; x_wconf 89' lang='lat' dir='ltr'><strong>carent,</strong></span> <span class='ocrx_word' id='word_1_796' title='bbox 708 5295 819 5338; x_wconf 92' lang='lat' dir='ltr'><strong>tum</strong></span> <span class='ocrx_word' id='word_1_797' title='bbox 865 5298 1087 5353; x_wconf 86' lang='lat' dir='ltr'><strong>propter</strong></span> <span class='ocrx_word' id='word_1_798' title='bbox 1117 5301 1177 5338; x_wconf 91' lang='lat' dir='ltr'><strong>ea</strong></span> <span class='ocrx_word' id='word_1_799' title='bbox 1222 5302 1342 5354; x_wconf 67' lang='lat' dir='ltr'><strong>qua:</strong></span> <span class='ocrx_word' id='word_1_800' title='bbox 1388 5288 1599 5341; x_wconf 87' lang='lat' dir='ltr'><strong>ratione</strong></span> <span class='ocrx_word' id='word_1_801' title='bbox 1639 5297 1694 5340; x_wconf 91' lang='lat' dir='ltr'><strong>et</strong></span> <span class='ocrx_word' id='word_1_802' title='bbox 1745 5288 1904 5340; x_wconf 81' lang='lat' dir='ltr'><strong>intel-</strong></span> 
     </span>
    </p>
   </div>
   <div class='ocr_carea' id='block_1_103' title="bbox 327 5374 1901 5447">
    <p class='ocr_par' dir='ltr' id='par_1_103' title="bbox 327 5374 1901 5447">
     <span class='ocr_line' id='line_1_103' title="bbox 327 5374 1901 5447; baseline 0.006 -24"><span class='ocrx_word' id='word_1_803' title='bbox 327 5374 466 5427; x_wconf 90' lang='lat' dir='ltr'><strong>lectu</strong></span> <span class='ocrx_word' id='word_1_804' title='bbox 527 5378 747 5443; x_wconf 62' lang='lat' dir='ltr'><strong>praedita</strong></span> <span class='ocrx_word' id='word_1_805' title='bbox 819 5387 963 5430; x_wconf 85' lang='lat' dir='ltr'><strong>sunt.</strong></span> <span class='ocrx_word' id='word_1_806' title='bbox 1033 5377 1500 5443; x_wconf 84' lang='lat' dir='ltr'><strong>Quemadmodum</strong></span> <span class='ocrx_word' id='word_1_807' title='bbox 1575 5380 1766 5447; x_wconf 77' lang='lat' dir='ltr'><strong>igitur,</strong></span> <span class='ocrx_word' id='word_1_808' title='bbox 1822 5379 1901 5432; x_wconf 88' lang='lat' dir='ltr'><strong>sol</strong></span> 
     </span>
    </p>
   </div>
   <div class='ocr_carea' id='block_1_104' title="bbox 327 5467 1903 5538">
    <p class='ocr_par' dir='ltr' id='par_1_104' title="bbox 327 5467 1903 5538">
     <span class='ocr_line' id='line_1_104' title="bbox 327 5467 1903 5538; baseline 0.005 -22"><span class='ocrx_word' id='word_1_809' title='bbox 327 5467 603 5519; x_wconf 86' lang='lat' dir='ltr'><strong>sensibilis</strong></span> <span class='ocrx_word' id='word_1_810' title='bbox 656 5469 834 5520; x_wconf 90' lang='lat' dir='ltr'><strong>omnia</strong></span> <span class='ocrx_word' id='word_1_811' title='bbox 905 5484 1025 5537; x_wconf 70' lang='lat' dir='ltr'><strong>quae</strong></span> <span class='ocrx_word' id='word_1_812' title='bbox 1102 5478 1424 5534; x_wconf 89' lang='lat' dir='ltr'><strong>cernuntur,</strong></span> <span class='ocrx_word' id='word_1_813' title='bbox 1483 5470 1786 5538; x_wconf 89' lang='lat' dir='ltr'><strong>illuminat,</strong></span> <span class='ocrx_word' id='word_1_814' title='bbox 1848 5480 1903 5524; x_wconf 90' lang='lat' dir='ltr'><strong>et</strong></span> 
     </span>
    </p>
   </div>
   <div class='ocr_carea' id='block_1_105' title="bbox 328 5560 1903 5629">
    <p class='ocr_par' dir='ltr' id='par_1_105' title="bbox 328 5560 1903 5629">
     <span class='ocr_line' id='line_1_105' title="bbox 328 5560 1903 5629; baseline 0.007 -26"><span class='ocrx_word' id='word_1_815' title='bbox 328 5568 661 5624; x_wconf 76' lang='lat' dir='ltr'><strong>quzecunque</strong></span> <span class='ocrx_word' id='word_1_816' title='bbox 738 5560 907 5611; x_wconf 88' lang='lat' dir='ltr'><strong>lucem</strong></span> <span class='ocrx_word' id='word_1_817' title='bbox 969 5560 1084 5623; x_wconf 78' lang='lat' dir='ltr'><strong>eius</strong></span> <span class='ocrx_word' id='word_1_818' title='bbox 1144 5575 1249 5613; x_wconf 89' lang='lat' dir='ltr'><strong>non</strong></span> <span class='ocrx_word' id='word_1_819' title='bbox 1326 5560 1696 5628; x_wconf 88' lang='lat' dir='ltr'><strong>participant,</strong></span> <span class='ocrx_word' id='word_1_820' title='bbox 1774 5575 1903 5629; x_wconf 83' lang='lat' dir='ltr'><strong>pro-</strong></span> 
     </span>
    </p>
   </div>
   <div class='ocr_carea' id='block_1_106' title="bbox 324 5648 1900 5720">
    <p class='ocr_par' dir='ltr' id='par_1_106' title="bbox 324 5648 1900 5720">
     <span class='ocr_line' id='line_1_106' title="bbox 324 5648 1900 5720; baseline 0.006 -24"><span class='ocrx_word' id='word_1_821' title='bbox 324 5655 447 5712; x_wconf 85' lang='lat' dir='ltr'><strong>pter</strong></span> <span class='ocrx_word' id='word_1_822' title='bbox 473 5648 743 5712; x_wconf 74' lang='lat' dir='ltr'><strong>proliriam</strong></span> <span class='ocrx_word' id='word_1_823' title='bbox 776 5668 928 5703; x_wconf 84' lang='lat' dir='ltr'><strong>suam</strong></span> <span class='ocrx_word' id='word_1_824' title='bbox 961 5650 1285 5716; x_wconf 67' lang='lat' dir='ltr'><strong>opacitatem</strong></span> <span class='ocrx_word' id='word_1_825' title='bbox 1318 5653 1435 5720; x_wconf 82' lang='lat' dir='ltr'><strong>ejus</strong></span> <span class='ocrx_word' id='word_1_826' title='bbox 1474 5655 1715 5720; x_wconf 75' lang='lat' dir='ltr'><strong>expertia</strong></span> <span class='ocrx_word' id='word_1_827' title='bbox 1750 5654 1900 5706; x_wconf 73' lang='lat' dir='ltr'><strong>exsi-</strong></span> 
     </span>
    </p>
   </div>
   <div class='ocr_carea' id='block_1_107' title="bbox 325 5738 1900 5812">
    <p class='ocr_par' dir='ltr' id='par_1_107' title="bbox 325 5738 1900 5812">
     <span class='ocr_line' id='line_1_107' title="bbox 325 5738 1900 5812; baseline 0.006 -23"><span class='ocrx_word' id='word_1_828' title='bbox 325 5745 504 5801; x_wconf 80' lang='lat' dir='ltr'><strong>stunt;</strong></span> <span class='ocrx_word' id='word_1_829' title='bbox 539 5738 615 5791; x_wconf 80' lang='lat' dir='ltr'><strong>sic</strong></span> <span class='ocrx_word' id='word_1_830' title='bbox 660 5742 821 5795; x_wconf 79' lang='lat' dir='ltr'><strong>etiam</strong></span> <span class='ocrx_word' id='word_1_831' title='bbox 875 5743 926 5796; x_wconf 90' lang='lat' dir='ltr'><strong>in</strong></span> <span class='ocrx_word' id='word_1_832' title='bbox 985 5743 1113 5811; x_wconf 83' lang='lat' dir='ltr'><strong>Deo,</strong></span> <span class='ocrx_word' id='word_1_833' title='bbox 1147 5758 1268 5796; x_wconf 84' lang='lat' dir='ltr'><strong>cum</strong></span> <span class='ocrx_word' id='word_1_834' title='bbox 1321 5758 1437 5812; x_wconf 62' lang='lat' dir='ltr'><strong>eius</strong></span> <span class='ocrx_word' id='word_1_835' title='bbox 1487 5745 1806 5799; x_wconf 85' lang='lat' dir='ltr'><strong>illuminatio</strong></span> <span class='ocrx_word' id='word_1_836' title='bbox 1851 5755 1900 5799; x_wconf 86' lang='lat' dir='ltr'><strong>et</strong></span> 
     </span>
    </p>
   </div>
   <div class='ocr_carea' id='block_1_108' title="bbox 2007 4552 3586 4625">
    <p class='ocr_par' dir='ltr' id='par_1_108' title="bbox 2007 4552 3586 4625">
     <span class='ocr_line' id='line_1_108' title="bbox 2007 4552 3586 4625; baseline -0.001 -17"><span class='ocrx_word' id='word_1_837' title='bbox 2007 4556 2069 4608; x_wconf 92' lang='grc' dir='ltr'><strong>τὸ</strong></span> <span class='ocrx_word' id='word_1_838' title='bbox 2092 4555 2265 4618; x_wconf 88' lang='grc' dir='ltr'>Θεῖον,</span> <span class='ocrx_word' id='word_1_839' title='bbox 2297 4556 2471 4607; x_wconf 81' lang='grc' dir='ltr'>πάντα</span> <span class='ocrx_word' id='word_1_840' title='bbox 2500 4556 2598 4607; x_wconf 83' lang='grc' dir='ltr'><strong>ὅσα</strong></span> <span class='ocrx_word' id='word_1_841' title='bbox 2632 4554 2876 4625; x_wconf 88' lang='grc' dir='ltr'>μετέχειν</span> <span class='ocrx_word' id='word_1_842' title='bbox 2891 4552 3111 4606; x_wconf 82' lang='grc' dir='ltr'>δύναται</span> <span class='ocrx_word' id='word_1_843' title='bbox 3132 4553 3350 4617; x_wconf 80' lang='grc' dir='ltr'>τούτου,</span> <span class='ocrx_word' id='word_1_844' title='bbox 3367 4554 3435 4606; x_wconf 82' lang='grc' dir='ltr'>δι’</span> <span class='ocrx_word' id='word_1_845' title='bbox 3460 4555 3586 4620; x_wconf 78' lang='grc' dir='ltr'>ἀγα-</span> 
     </span>
    </p>
   </div>
   <div class='ocr_carea' id='block_1_109' title="bbox 2009 4646 3585 4719">
    <p class='ocr_par' dir='ltr' id='par_1_109' title="bbox 2009 4646 3585 4719">
     <span class='ocr_line' id='line_1_109' title="bbox 2009 4646 3585 4719; baseline -0.003 -18"><span class='ocrx_word' id='word_1_846' title='bbox 2009 4649 2106 4719; x_wconf 87' lang='grc' dir='ltr'><strong>θῆς</strong></span> <span class='ocrx_word' id='word_1_847' title='bbox 2136 4648 2406 4711; x_wconf 85' lang='grc' dir='ltr'>πολιτείας</span> <span class='ocrx_word' id='word_1_848' title='bbox 2426 4649 2519 4701; x_wconf 76' lang='grc' dir='ltr'><strong>καὶ</strong></span> <span class='ocrx_word' id='word_1_849' title='bbox 2542 4648 2791 4719; x_wconf 83' lang='grc' dir='ltr'>πράξεως</span> <span class='ocrx_word' id='word_1_850' title='bbox 2820 4652 2913 4704; x_wconf 70' lang='grc' dir='ltr'><strong>καὶ⁹</strong></span> <span class='ocrx_word' id='word_1_851' title='bbox 2932 4648 3098 4719; x_wconf 76' lang='grc' dir='ltr'>ἄλλης</span> <span class='ocrx_word' id='word_1_852' title='bbox 3122 4647 3271 4711; x_wconf 89' lang='grc' dir='ltr'>τινὸς</span> <span class='ocrx_word' id='word_1_853' title='bbox 3298 4646 3585 4719; x_wconf 76' lang='grc' dir='ltr'>ἐπιτηδειό-</span> 
     </span>
    </p>
   </div>
   <div class='ocr_carea' id='block_1_110' title="bbox 2006 4738 3587 4813">
    <p class='ocr_par' dir='ltr' id='par_1_110' title="bbox 2006 4738 3587 4813">
     <span class='ocr_line' id='line_1_110' title="bbox 2006 4738 3587 4813; baseline -0.002 -20"><span class='ocrx_word' id='word_1_854' title='bbox 2006 4758 2167 4811; x_wconf 86' lang='grc' dir='ltr'>τητος</span> <span class='ocrx_word' id='word_1_855' title='bbox 2208 4741 2428 4810; x_wconf 76' lang='grc' dir='ltr'>φωτίζει</span> <span class='ocrx_word' id='word_1_856' title='bbox 2446 4781 2461 4803; x_wconf 92' lang='grc'><strong>,</strong></span> <span class='ocrx_word' id='word_1_857' title='bbox 2495 4740 2632 4811; x_wconf 77' lang='grc' dir='ltr'>ἔχων</span> <span class='ocrx_word' id='word_1_858' title='bbox 2645 4740 2705 4793; x_wconf 86' lang='grc' dir='ltr'><strong>τὸ</strong></span> <span class='ocrx_word' id='word_1_859' title='bbox 2730 4741 2844 4810; x_wconf 88' lang='grc' dir='ltr'><strong>φῶς</strong></span> <span class='ocrx_word' id='word_1_860' title='bbox 2868 4739 3334 4813; x_wconf 84' lang='grc' dir='ltr'>ὐπερηπλωμένον</span> <span class='ocrx_word' id='word_1_861' title='bbox 3371 4738 3587 4803; x_wconf 80' lang='grc' dir='ltr'>ὲξαπλοῖ</span> 
     </span>
    </p>
   </div>
   <div class='ocr_carea' id='block_1_111' title="bbox 2008 4832 3585 4904">
    <p class='ocr_par' dir='ltr' id='par_1_111' title="bbox 2008 4832 3585 4904">
     <span class='ocr_line' id='line_1_111' title="bbox 2008 4832 3585 4904; baseline -0.002 -19"><span class='ocrx_word' id='word_1_862' title='bbox 2008 4833 2142 4903; x_wconf 80' lang='grc' dir='ltr'>πρὸς</span> <span class='ocrx_word' id='word_1_863' title='bbox 2154 4833 2329 4885; x_wconf 84' lang='grc' dir='ltr'>πάντα</span> <span class='ocrx_word' id='word_1_864' title='bbox 2352 4833 2441 4885; x_wconf 92' lang='grc' dir='ltr'><strong>τὸν</strong></span> <span class='ocrx_word' id='word_1_865' title='bbox 2464 4834 2655 4904; x_wconf 83' lang='grc' dir='ltr'>ὁρατὸν</span> <span class='ocrx_word' id='word_1_866' title='bbox 2671 4834 2872 4903; x_wconf 83' lang='grc' dir='ltr'>κόσμον</span> <span class='ocrx_word' id='word_1_867' title='bbox 2894 4833 2988 4885; x_wconf 79' lang='grc' dir='ltr'>καὶ</span> <span class='ocrx_word' id='word_1_868' title='bbox 3012 4833 3110 4895; x_wconf 75' lang='grc' dir='ltr'>τὰς</span> <span class='ocrx_word' id='word_1_869' title='bbox 3133 4832 3311 4901; x_wconf 88' lang='grc' dir='ltr'>αὐγάς</span> <span class='ocrx_word' id='word_1_870' title='bbox 3322 4833 3433 4885; x_wconf 87' lang='grc' dir='ltr'><strong>τῶν</strong></span> <span class='ocrx_word' id='word_1_871' title='bbox 3451 4832 3585 4886; x_wconf 84' lang='grc' dir='ltr'>ἀκτί-</span> 
     </span>
    </p>
   </div>
   <div class='ocr_carea' id='block_1_112' title="bbox 2007 4925 3583 4996">
    <p class='ocr_par' dir='ltr' id='par_1_112' title="bbox 2007 4925 3583 4996">
     <span class='ocr_line' id='line_1_112' title="bbox 2007 4925 3583 4996; baseline -0.003 -18"><span class='ocrx_word' id='word_1_872' title='bbox 2007 4944 2112 4978; x_wconf 91' lang='grc' dir='ltr'><strong>νων</strong></span> <span class='ocrx_word' id='word_1_873' title='bbox 2148 4925 2335 4989; x_wconf 83' lang='grc' dir='ltr'>αὐτοῦ,</span> <span class='ocrx_word' id='word_1_874' title='bbox 2364 4927 2537 4978; x_wconf 79' lang='grc' dir='ltr'>ἐκεῖνο</span> <span class='ocrx_word' id='word_1_875' title='bbox 2564 4925 2650 4978; x_wconf 85' lang='grc' dir='ltr'><strong>διά</strong></span> <span class='ocrx_word' id='word_1_876' title='bbox 2674 4926 2740 4978; x_wconf 84' lang='grc' dir='ltr'><strong>τὰ</strong></span> <span class='ocrx_word' id='word_1_877' title='bbox 2770 4925 2949 4995; x_wconf 72' lang='grc' dir='ltr'>ἀψυχα</span> <span class='ocrx_word' id='word_1_878' title='bbox 2969 4926 3060 4978; x_wconf 67' lang='grc' dir='ltr'>καὶ</span> <span class='ocrx_word' id='word_1_879' title='bbox 3086 4925 3411 4996; x_wconf 78' lang='grc' dir='ltr'>ἀναίσθητα,</span> <span class='ocrx_word' id='word_1_880' title='bbox 3439 4925 3583 4977; x_wconf 87' lang='grc' dir='ltr'>τοῦτο</span> 
     </span>
    </p>
   </div>
   <div class='ocr_carea' id='block_1_113' title="bbox 2004 5015 3580 5087">
    <p class='ocr_par' dir='ltr' id='par_1_113' title="bbox 2004 5015 3580 5087">
     <span class='ocr_line' id='line_1_113' title="bbox 2004 5015 3580 5087; baseline -0.003 -18"><span class='ocrx_word' id='word_1_881' title='bbox 2004 5016 2170 5069; x_wconf 80' lang='grc' dir='ltr'><strong>διάτά</strong></span> <span class='ocrx_word' id='word_1_882' title='bbox 2186 5016 2379 5085; x_wconf 87' lang='grc' dir='ltr'>λογικά</span> <span class='ocrx_word' id='word_1_883' title='bbox 2400 5033 2457 5067; x_wconf 85' lang='grc' dir='ltr'><strong>τε</strong></span> <span class='ocrx_word' id='word_1_884' title='bbox 2482 5017 2575 5068; x_wconf 68' lang='grc' dir='ltr'><strong>καὶ</strong></span> <span class='ocrx_word' id='word_1_885' title='bbox 2610 5015 2790 5087; x_wconf 87' lang='grc' dir='ltr'>νοερά.</span> <span class='ocrx_word' id='word_1_886' title='bbox 2832 5016 2917 5079; x_wconf 77' lang='grc' dir='ltr'>Ὠς</span> <span class='ocrx_word' id='word_1_887' title='bbox 2941 5015 3070 5083; x_wconf 88' lang='grc' dir='ltr'>γοῦν</span> <span class='ocrx_word' id='word_1_888' title='bbox 3106 5018 3135 5069; x_wconf 81' lang='grc' dir='ltr'>ὁ</span> <span class='ocrx_word' id='word_1_889' title='bbox 3160 5016 3423 5086; x_wconf 82' lang='grc' dir='ltr'>αἰσθητὸς</span> <span class='ocrx_word' id='word_1_890' title='bbox 3443 5016 3580 5085; x_wconf 71' lang='grc' dir='ltr'>ἥλιος</span> 
     </span>
    </p>
   </div>
   <div class='ocr_carea' id='block_1_114' title="bbox 2007 5102 3579 5178">
    <p class='ocr_par' dir='ltr' id='par_1_114' title="bbox 2007 5102 3579 5178">
     <span class='ocr_line' id='line_1_114' title="bbox 2007 5102 3579 5178; baseline -0.003 -19"><span class='ocrx_word' id='word_1_891' title='bbox 2007 5107 2185 5159; x_wconf 80' lang='grc' dir='ltr'>πάντα</span> <span class='ocrx_word' id='word_1_892' title='bbox 2208 5106 2277 5159; x_wconf 90' lang='grc' dir='ltr'><strong>τά</strong></span> <span class='ocrx_word' id='word_1_893' title='bbox 2308 5105 2475 5176; x_wconf 82' lang='grc' dir='ltr'>ὁρατά</span> <span class='ocrx_word' id='word_1_894' title='bbox 2516 5104 2757 5175; x_wconf 78' lang='grc' dir='ltr'>φωτίζει,</span> <span class='ocrx_word' id='word_1_895' title='bbox 2800 5108 2895 5160; x_wconf 75' lang='grc' dir='ltr'><strong>καὶ</strong></span> <span class='ocrx_word' id='word_1_896' title='bbox 2922 5106 2991 5159; x_wconf 82' lang='grc' dir='ltr'>τὰ</span> <span class='ocrx_word' id='word_1_897' title='bbox 3024 5107 3112 5178; x_wconf 83' lang='grc' dir='ltr'>’μὴ</span> <span class='ocrx_word' id='word_1_898' title='bbox 3154 5108 3453 5177; x_wconf 88' lang='grc' dir='ltr'>μετέχοντα</span> <span class='ocrx_word' id='word_1_899' title='bbox 3494 5102 3579 5156; x_wconf 79' lang='grc' dir='ltr'><strong>τοῦ</strong></span> 
     </span>
    </p>
   </div>
   <div class='ocr_carea' id='block_1_115' title="bbox 2005 5196 3579 5270">
    <p class='ocr_par' dir='ltr' id='par_1_115' title="bbox 2005 5196 3579 5270">
     <span class='ocr_line' id='line_1_115' title="bbox 2005 5196 3579 5270; baseline -0.003 -20"><span class='ocrx_word' id='word_1_900' title='bbox 2005 5200 2178 5266; x_wconf 85' lang='grc' dir='ltr'>φωτὸς</span> <span class='ocrx_word' id='word_1_901' title='bbox 2208 5199 2394 5261; x_wconf 87' lang='grc' dir='ltr'>αὐτοῦ,</span> <span class='ocrx_word' id='word_1_902' title='bbox 2426 5200 2493 5251; x_wconf 89' lang='grc' dir='ltr'>δι’</span> <span class='ocrx_word' id='word_1_903' title='bbox 2521 5199 2727 5251; x_wconf 85' lang='grc' dir='ltr'>οἰκείαν</span> <span class='ocrx_word' id='word_1_904' title='bbox 2758 5199 3040 5270; x_wconf 88' lang='grc' dir='ltr'>ἀδράνειαν</span> <span class='ocrx_word' id='word_1_905' title='bbox 3069 5200 3127 5251; x_wconf 86' lang='grc' dir='ltr'><strong>οὐ</strong></span> <span class='ocrx_word' id='word_1_906' title='bbox 3161 5199 3401 5268; x_wconf 85' lang='grc' dir='ltr'>μετέχει.</span> <span class='ocrx_word' id='word_1_907' title='bbox 3436 5196 3579 5249; x_wconf 78' lang='grc' dir='ltr'>υῦτω</span> 
     </span>
    </p>
   </div>
   <div class='ocr_carea' id='block_1_116' title="bbox 2006 5286 3579 5360">
    <p class='ocr_par' dir='ltr' id='par_1_116' title="bbox 2006 5286 3579 5360">
     <span class='ocr_line' id='line_1_116' title="bbox 2006 5286 3579 5360; baseline -0.003 -19"><span class='ocrx_word' id='word_1_908' title='bbox 2006 5291 2098 5342; x_wconf 80' lang='grc' dir='ltr'><strong>καὶ</strong></span> <span class='ocrx_word' id='word_1_909' title='bbox 2125 5292 2216 5343; x_wconf 76' lang='grc' dir='ltr'><strong>ἐπὶ</strong></span> <span class='ocrx_word' id='word_1_910' title='bbox 2242 5291 2336 5344; x_wconf 88' lang='grc' dir='ltr'><strong>τοῦ</strong></span> <span class='ocrx_word' id='word_1_911' title='bbox 2364 5290 2497 5343; x_wconf 78' lang='grc' dir='ltr'>Θεοῦ</span> <span class='ocrx_word' id='word_1_912' title='bbox 2529 5290 2989 5360; x_wconf 83' lang='grc' dir='ltr'>ὐπερηπλωμένου</span> <span class='ocrx_word' id='word_1_913' title='bbox 3030 5288 3124 5341; x_wconf 86' lang='grc' dir='ltr'><strong>τοῦ</strong></span> <span class='ocrx_word' id='word_1_914' title='bbox 3170 5288 3454 5359; x_wconf 79' lang='grc' dir='ltr'>φωτισμοῦ</span> <span class='ocrx_word' id='word_1_915' title='bbox 3493 5286 3579 5338; x_wconf 78' lang='grc' dir='ltr'><strong>καὶ</strong></span> 
     </span>
    </p>
   </div>
   <div class='ocr_carea' id='block_1_117' title="bbox 2005 5379 3579 5452">
    <p class='ocr_par' dir='ltr' id='par_1_117' title="bbox 2005 5379 3579 5452">
     <span class='ocr_line' id='line_1_117' title="bbox 2005 5379 3579 5452; baseline -0.004 -19"><span class='ocrx_word' id='word_1_916' title='bbox 2005 5382 2274 5452; x_wconf 87' lang='grc' dir='ltr'>ἀγιασμοῦ</span> <span class='ocrx_word' id='word_1_917' title='bbox 2302 5383 2472 5446; x_wconf 77' lang='grc' dir='ltr'>ὄντος,</span> <span class='ocrx_word' id='word_1_918' title='bbox 2492 5384 2689 5444; x_wconf 87' lang='grc' dir='ltr'>πάντες</span> <span class='ocrx_word' id='word_1_919' title='bbox 2718 5383 2767 5433; x_wconf 87' lang='grc' dir='ltr'>οἱ</span> <span class='ocrx_word' id='word_1_920' title='bbox 2795 5381 3101 5451; x_wconf 85' lang='grc' dir='ltr'>βουλόμενοι</span> <span class='ocrx_word' id='word_1_921' title='bbox 3139 5382 3463 5449; x_wconf 72' lang='grc' dir='ltr'>φωτίζονται</span> <span class='ocrx_word' id='word_1_922' title='bbox 3495 5379 3579 5431; x_wconf 78' lang='grc' dir='ltr'><strong>καὶ</strong></span> 
     </span>
    </p>
   </div>
   <div class='ocr_carea' id='block_1_118' title="bbox 2004 5472 3577 5545">
    <p class='ocr_par' dir='ltr' id='par_1_118' title="bbox 2004 5472 3577 5545">
     <span class='ocr_line' id='line_1_118' title="bbox 2004 5472 3577 5545; baseline -0.003 -18"><span class='ocrx_word' id='word_1_923' title='bbox 2004 5474 2337 5544; x_wconf 81' lang='grc' dir='ltr'>ἀγιάζονται.</span> <span class='ocrx_word' id='word_1_924' title='bbox 2394 5474 2548 5528; x_wconf 80' lang='grc' dir='ltr'>Ἀλλά</span> <span class='ocrx_word' id='word_1_925' title='bbox 2579 5476 2673 5527; x_wconf 81' lang='grc' dir='ltr'><strong>καὶ</strong></span> <span class='ocrx_word' id='word_1_926' title='bbox 2702 5473 2883 5536; x_wconf 83' lang='grc' dir='ltr'>πάλιν,</span> <span class='ocrx_word' id='word_1_927' title='bbox 2908 5472 3096 5544; x_wconf 78' lang='grc' dir='ltr'>ῶσπερ</span> <span class='ocrx_word' id='word_1_928' title='bbox 3117 5475 3145 5525; x_wconf 88' lang='grc' dir='ltr'>ὀ</span> <span class='ocrx_word' id='word_1_929' title='bbox 3168 5474 3303 5537; x_wconf 81' lang='grc' dir='ltr'>Θεὸς</span> <span class='ocrx_word' id='word_1_930' title='bbox 3331 5475 3577 5545; x_wconf 83' lang='grc' dir='ltr'>δημιουρ-</span> 
     </span>
    </p>
   </div>
   <div class='ocr_carea' id='block_1_119' title="bbox 2004 5561 3575 5635">
    <p class='ocr_par' dir='ltr' id='par_1_119' title="bbox 2004 5561 3575 5635">
     <span class='ocr_line' id='line_1_119' title="bbox 2004 5561 3575 5635; baseline -0.004 -18"><span class='ocrx_word' id='word_1_931' title='bbox 2004 5568 2109 5633; x_wconf 84' lang='grc' dir='ltr'>γεῖ,</span> <span class='ocrx_word' id='word_1_932' title='bbox 2156 5565 2297 5619; x_wconf 80' lang='grc' dir='ltr'>οὕτω</span> <span class='ocrx_word' id='word_1_933' title='bbox 2333 5568 2423 5619; x_wconf 75' lang='grc' dir='ltr'><strong>καὶ</strong></span> <span class='ocrx_word' id='word_1_934' title='bbox 2446 5568 2473 5616; x_wconf 77' lang='grc' dir='ltr'>ὁ</span> <span class='ocrx_word' id='word_1_935' title='bbox 2511 5564 2659 5634; x_wconf 70' lang='grc' dir='ltr'>ἥλιος</span> <span class='ocrx_word' id='word_1_936' title='bbox 2707 5565 2843 5635; x_wconf 82' lang='grc' dir='ltr'>πρὸς</span> <span class='ocrx_word' id='word_1_937' title='bbox 2881 5564 3133 5634; x_wconf 84' lang='grc' dir='ltr'>γέννησιν</span> <span class='ocrx_word' id='word_1_938' title='bbox 3157 5564 3267 5616; x_wconf 85' lang='grc' dir='ltr'><strong>τῶν</strong></span> <span class='ocrx_word' id='word_1_939' title='bbox 3315 5561 3575 5632; x_wconf 78' lang='grc' dir='ltr'>αἰσθητῶν</span> 
     </span>
    </p>
   </div>
   <div class='ocr_carea' id='block_1_120' title="bbox 2006 5654 3573 5729">
    <p class='ocr_par' dir='ltr' id='par_1_120' title="bbox 2006 5654 3573 5729">
     <span class='ocr_line' id='line_1_120' title="bbox 2006 5654 3573 5729; baseline -0.003 -22"><span class='ocrx_word' id='word_1_940' title='bbox 2006 5660 2269 5727; x_wconf 81' lang='grc' dir='ltr'>σωμάτιον</span> <span class='ocrx_word' id='word_1_941' title='bbox 2320 5657 2709 5729; x_wconf 72' lang='grc' dir='ltr'>συμϐάλλεται,</span> <span class='ocrx_word' id='word_1_942' title='bbox 2764 5660 2855 5710; x_wconf 78' lang='grc' dir='ltr'><strong>καὶ</strong></span> <span class='ocrx_word' id='word_1_943' title='bbox 2900 5657 3033 5728; x_wconf 82' lang='grc' dir='ltr'>πρὸς</span> <span class='ocrx_word' id='word_1_944' title='bbox 3083 5656 3228 5726; x_wconf 75' lang='grc' dir='ltr'>ζωὴν</span> <span class='ocrx_word' id='word_1_945' title='bbox 3287 5660 3441 5717; x_wconf 84' lang='grc' dir='ltr'>κινεῖ,</span> <span class='ocrx_word' id='word_1_946' title='bbox 3490 5654 3573 5704; x_wconf 77' lang='grc' dir='ltr'><strong>καὶ</strong></span> 
     </span>
    </p>
   </div>
   <div class='ocr_carea' id='block_1_121' title="bbox 2002 5746 3569 5817">
    <p class='ocr_par' dir='ltr' id='par_1_121' title="bbox 2002 5746 3569 5817">
     <span class='ocr_line' id='line_1_121' title="bbox 2002 5746 3569 5817; baseline -0.001 -20"><span class='ocrx_word' id='word_1_947' title='bbox 2002 5747 2166 5800; x_wconf 77' lang='grc' dir='ltr'>τᾶλλα</span> <span class='ocrx_word' id='word_1_948' title='bbox 2206 5752 2361 5811; x_wconf 76' lang='grc' dir='ltr'>ποιεῖ,</span> <span class='ocrx_word' id='word_1_949' title='bbox 2409 5746 2541 5814; x_wconf 75' lang='grc' dir='ltr'>πλὴν</span> <span class='ocrx_word' id='word_1_950' title='bbox 2576 5748 2671 5817; x_wconf 85' lang='grc' dir='ltr'><strong>οὐχ</strong></span> <span class='ocrx_word' id='word_1_951' title='bbox 2697 5748 2768 5812; x_wconf 69' lang='grc' dir='ltr'>ὡς</span> <span class='ocrx_word' id='word_1_952' title='bbox 2817 5748 2983 5809; x_wconf 63' lang='lat' dir='ltr'><strong>mitto;</strong></span> <span class='ocrx_word' id='word_1_953' title='bbox 3034 5748 3238 5803; x_wconf 76' lang='grc' dir='ltr'>τούτων</span> <span class='ocrx_word' id='word_1_954' title='bbox 3288 5750 3423 5803; x_wconf 82' lang='grc' dir='ltr'>κατὰ</span> <span class='ocrx_word' id='word_1_955' title='bbox 3464 5760 3569 5796; x_wconf 66' lang='grc' dir='ltr'>τινα</span> 
     </span>
    </p>
   </div>
  </div>
