3752 6292
182 272 288 326 ’ἰέἱἹ

753 274 843 329 DE
878 274 1135 331 DlVINIS
1168 272 1570 337 NOMINIBUS,
1607 270 1761 328 CAP.
1796 270 1888 328 IV.
1924 302 1992 311 —
2026 269 2371 325 PARAPIIB.
2409 265 2879 323 PACHYMERIE.

3341 267 3441 322 758

176 388 532 459 προαίρεσινο
577 386 693 441 ἀλλ’
729 388 885 452 εἰδὼς
939 389 968 440 ό
1020 387 1154 452 Θεὸς
1198 390 1278 442 ὃτι
1318 389 1381 442 τὸ
1429 389 1526 459 μὲν
1559 387 1658 458 dtu;

1959 386 2229 440 letiﬁcatio
2257 386 2490 453 desuper
2521 399 2758 454 expansa
2790 383 2890 451 sit,
2916 396 3105 437 omnes
3130 381 3441 451 quicunque

176 479 316 548 άγαν
340 480 556 547 ἄγονον,
580 480 642 532 τὸ
662 480 718 533 δὲ
760 480 1089 552 συμμέτρως
1131 481 1332 554 θερμὸν
1370 483 1763 551 γενεσιουργεῖ,

175 572 271 624 καὶ
293 572 377 624 ὅτι
402 571 471 624 τὰ
499 571 640 641 φυτά
667 571 759 624 καὶ
786 571 854 625 τὰ
892 572 1182 645 σπέρματα
1214 573 1545 645 θερμότητος
1571 574 1761 634 δεῖται,

174 663 250 727 ὼς
288 664 385 717 καὶ
417 663 487 716 τὰ
539 662 765 734 σώματα
796 664 1011 717 ἅπαντα
1046 664 1115 717 τὰ
1146 664 1291 736 ζωὴν
1332 664 1543 735 ἔχοντα,
1574 663 1763 717 τούτου

176 756 336 826 χάριν
376 755 468 808 τὸν
494 755 644 827 ἥλιον
680 754 850 819 οὕτως
886 756 1030 827 ἔχειν
1062 757 1276 827 φύσεως
1315 758 1556 829 ἐποίησε.
1595 757 1765 810 Τοῦτο

174 848 235 900 τὸ
256 848 483 919 ἡλιακὸν
509 848 624 918 φῶς
636 850 756 901 κατ’
773 848 953 901 εἰκόνα
979 849 1074 903 τοῦ
1091 849 1246 903 Θείου
1268 849 1362 902 τοῦ
1388 849 1540 913 ὄντος
1569 849 1763 913 αἰῶνος

175 940 271 991 καὶ
300 938 537 1008 ἀριθμοῦ
564 937 658 991 τοῦ
700 940 918 1004 παντὸς,
947 939 1023 1003 ὡς
1069 938 1401 1011 δημιουργοῦ
1439 940 1534 992 καὶ
1574 955 1762 1010 περιε-

174 1026 376 1087 κτικοῦ,
392 1027 629 1092 πάντων,
649 1028 740 1080 καὶ
760 1028 953 1100 μέτρον
986 1029 1103 1082 ἐστὶ
1121 1028 1215 1081 καὶ
1230 1027 1459 1099 ἀριθμὸς
1475 1028 1652 1100 ὡρῶν,
1669 1030 1763 1082 καὶ

174 1117 418 1188 ἡμερῶν,
433 1119 529 1171 καὶ
555 1119 752 1183 παντὸς
776 1118 871 1172 τοῦ
895 1119 1016 1173 καθ’
1036 1121 1182 1191 ἡμᾶς
1198 1120 1389 1192 χρόνου
1406 1136 1419 1148 ο
1443 1120 1471 1172 ὂ
1498 1118 1592 1173 καὶ
1621 1119 1760 1172 κατὰ

172 1211 269 1282 τὴν
292 1211 488 1279 τριάδα
511 1212 620 1266 τῶν
650 1211 879 1283 πρώτων
899 1213 1141 1285 ἡμερῶν,
1159 1214 1564 1285 ἀσχημάτιστον
1587 1211 1761 1277 ὃν,οὕο

172 1322 279 1368 τως
296 1305 510 1369 ἐκείνας
523 1304 621 1369 τὰς
635 1305 843 1377 ἡμέρας
855 1304 1069 1378 διώριζε
1085 1310 1151 1378 τῇ
1180 1324 1241 1359 συ
1250 1307 1408 1379 στολῇ
1428 1322 1488 1360 τε
1508 1307 1601 1359 καὶ
1621 1322 1759 1377 παρ-

172 1398 429 1459 εκτάσει,
474 1396 657 1461 καθὼς
713 1398 864 1468 δηλοῖ
918 1399 1011 1452 καὶ
1053 1399 1081 1450 ό
1108 1400 1249 1463 θεῖος
1266 1399 1527 1469 Μωῦσῆςο
1553 1400 1758 1461 ἐκεῖνος

171 1491 281 1560 γάρ
306 1492 455 1543 ἐστιν
488 1493 516 1543 ό
546 1490 738 1559 λέγων,
766 1492 848 1545 δτι
878 1494 971 1545 καὶ
1007 1493 1223 1561 ἐγένετο
1268 1493 1451 1564 ἡμέρα
1485 1493 1582 1563 μία
1607 1510 1619 1523 ’
1666 1496 1758 1550 καὶ

172 1581 355 1645 πάλιν,
385 1582 630 1653 δευτέρα,
663 1584 756 1637 καὶ
797 1583 995 1654 ἐφεξῆς
1031 1584 1212 1655 τρίτη.
1256 1586 1366 1637 Καὶ
1403 1584 1588 1658 ὥσπερ
1620 1586 1757 1659 πρὸς

171 1673 374 1745 ἑαυτὴν
388 1676 420 1743 ἡ
449 1674 721 1746 άγαθότης
736 1674 1053 1746 ἐπιστρέφει
1069 1675 1245 1729 πάντα
1261 1675 1330 1729 τὰ
1355 1677 1750 1749 ἐσκεδασμένα,

1870 478 2055 531 volunt
2087 478 2459 531 illuminantur
2490 489 2545 530 et
2577 475 3013 531 sanctificantur.
3046 476 3277 537 Rursus,
3306 477 3447 531 sicut

1870 568 2013 623 Deus
2050 579 2220 633 creat,
2253 568 2333 622 sic
2364 570 2525 623 etiam
2563 567 2643 623 sol
2675 569 2741 622 ad
2789 568 3127 623 sensibilium
3153 582 3445 637 corporum

1868 660 2275 730 generationem
2327 660 2607 726 conducit,
2639 670 2693 714 et
2735 661 2902 714 vitam
2956 668 3176 725 movet,
3228 657 3445 726 aliaque

1866 751 2017 819 facit,
2056 768 2160 805 non
2194 762 2373 807 tamen
2410 762 2662 821 tanquam
2701 767 2887 807 eorum
2917 766 3081 805 causa
3112 751 3314 815 libera;
3347 764 3442 803 ve-

1868 861 1987 900 rum
2020 844 2165 899 Deus
2194 846 2376 900 sciens
2409 844 2577 915 frigus
2609 859 2731 900 esse
2760 846 2916 900 valde
2944 844 3154 913 sterile,
3190 844 3443 898 modera-

1867 948 1980 993 tum
2008 948 2187 994 autem
2217 937 2456 993 calorem
2482 939 2548 992 ad
2578 938 2986 1008 generationem
3038 938 3240 1004 facere,
3275 944 3440 1003 atque

1865 1030 2067 1099 stirpes
2094 1037 2150 1085 et
2182 1030 2389 1084 semina
2423 1028 2621 1084 caloris
2658 1028 2918 1099 indigere,
2956 1028 3099 1083 sicut
3125 1029 3287 1081 etiam
3315 1042 3439 1081 cor—

1866 1138 1996 1191 pora
2027 1124 2212 1177 omnia
2244 1139 2364 1193 qua:
2395 1123 2503 1176 vita
2551 1122 2823 1186 fruuntur,
2855 1123 2971 1191 ejus
3018 1122 3092 1176 rei
3139 1121 3311 1191 gratia
3346 1135 3435 1174 so,

1865 1216 1969 1269 lem
2003 1230 2061 1269 se
2092 1217 2164 1270 ita
2199 1217 2401 1271 habere
2428 1217 2578 1272 fecit.
2613 1215 2725 1271 Hoc
2754 1216 2932 1269 lumen
2965 1216 3118 1278 solis,
3144 1214 3438 1268 secundum

1867 1307 2159 1376 imaginem
2189 1306 2306 1374 Dei,
2342 1310 2430 1378 qui
2466 1319 2723 1378 tanquam
2761 1317 2977 1362 creator
3004 1315 3059 1361 et
3087 1314 3445 1361 conservator

1864 1399 2100 1453 universi
2118 1413 2289 1453 aevum
2309 1414 2372 1453 ac
2396 1413 2652 1453 numerus
2667 1397 3048 1461 existit,etiam
3068 1411 3320 1451 mensura
3336 1403 3439 1457 est,

1862 1501 1915 1546 et
1945 1506 2203 1547 numerus
2234 1500 2615 1561 tempestatum
2649 1506 2713 1545 ac
2736 1490 2942 1544 dierum
2974 1499 3028 1545 et
3054 1490 3231 1544 omnis
3264 1487 3446 1544 nostri

1863 1582 2144 1652 temporis;
2160 1582 2303 1653 quod
2320 1584 2484 1636 etiam
2504 1584 2800 1652 primorum
2819 1582 3030 1634 dierum
3052 1582 3456 1645 triduutn,tam-

1858 1676 1959 1730 etsi
1995 1687 2121 1731 tunc
2150 1691 2253 1730 non
2282 1685 2400 1731 erat
2432 1677 2748 1746 figuratum,
2790 1676 3167 1730 contractione
3195 1686 3249 1730 et
3285 1675 3453 1729 inter-

164 1769 240 1832 ὡς
269 1770 412 1841 ἁρχὴ
448 1771 543 1824 καὶ
569 1772 737 1837 αἰτία,
770 1772 863 1824 καὶ
914 1771 1091 1835 πάντα
1141 1771 1345 1842 ταύτης
1396 1772 1625 1841 ἐφίεται,

1970 1767 2084 1820 ione
2107 1764 2458 1831 tlelinivit,uti
2475 1766 2690 1819 divinus
2713 1780 2931 1833 quoque
2955 1764 3167 1834 Moyses
3190 1764 3452 1832 declarat,

164 1861 241 1925 ὡς
270 1862 466 1933 ἀρχῆς,
498 1862 557 1927 ἐξ
591 1857 652 1917 οὗ
696 1863 804 1933 γὰρ
826 1864 894 1916 τά
921 1865 1117 1927 πάντα,
1144 1864 1362 1935 φησὶνή
1400 1865 1587 1936 Γραφή
1614 1882 1627 1895 ”
1660 1866 1754 1919 καὶ

165 1951 239 2015 ὼς
268 1954 559 2024 συνοχέως,
581 1957 637 2008 ἐν
661 1948 705 2023 ᾧ
727 1955 836 2027 γάρ
861 1955 929 2008 τά
958 1955 1411 2027 πάντα,δηλονότι
1449 1974 1755 2027 παντοκρά-

161 2044 368 2115 τορικῷ
411 2045 644 2117 πυθμένι
687 2047 780 2099 καὶ
807 2047 1039 2118 θεμελίῳ
1085 2049 1628 2121 περιφρουρούμενα·
1660 2050 1755 2103 καὶ

161 2136 237 2200 ὡς
267 2136 476 2202 τέλους,
499 2139 578 2201 εἰς
614 2137 642 2190 ὃ
671 2138 779 2211 γάρ
815 2140 883 2193 τὰ
908 2141 1104 2207 πάντα,
1128 2142 1291 2195 οἱονεὶ
1316 2141 1507 2213 πέρας,
1535 2144 1750 2207 οἰκεῖον,

162 2229 222 2281 οὐ
248 2230 497 2299 φυσικὸν,
522 2231 658 2285 ἀλλὰ
681 2232 1067 2304 δημιουργικόν
1085 2251 1098 2264 °
1125 2234 1217 2288 καὶ
1232 2228 1291 2289 οὗ
1315 2236 1525 2305 ἐφίεται
1556 2236 1751 2303 πάντα,

161 2316 392 2371 ἕκαστον
416 2320 473 2372 δὲ
500 2319 640 2373 κατὰ
668 2322 766 2393 τὴν
803 2322 936 2376 ἰδίαν
960 2322 1060 2393 τῆς
1090 2324 1305 2393 φύσεως
1342 2325 1516 2392 τάξιν,
1548 2328 1623 2390 ὡς
1651 2327 1754 2396 ἄγη

162 2410 315 2478 γελοιη
340 2413 435 2464 καὶ
462 2412 739 2485 ἄνθρωποι
775 2416 1111 2483 γνωπικῶς,
1143 2418 1314 2487 ἄλογα
1350 2417 1464 2484 ζῶα
1505 2419 1753 2493 αἰσθητι-

163 2502 273 2565 κῶς
293 2519 305 2532 ·
336 2503 480 2572 φυτὰ
519 2508 581 2575 τῇ
612 2505 837 2577 ἐμφύτῳ
880 2510 1091 2579 κινήσει
1120 2511 1216 2581 τῆς
1246 2511 1457 2565 ἑαυτῶν
1485 2513 1652 2583 ζωῆς,
1685 2512 1754 2567 τὰ

159 2593 217 2649 δὲ
244 2593 397 2657 ἄζωα
428 2598 523 2649 καὶ
550 2596 679 2649 ὄντα
709 2598 850 2651 κατὰ
875 2599 935 2651 τὸ
965 2596 1126 2666 εἶναι,
1153 2603 1252 2674 οὐχ
1272 2603 1360 2656 ἵνα
1388 2604 1609 2673 γνῶσιν,
1638 2604 1752 2659 ἀλλ’

161 2686 249 2741 ἴνα
284 2687 488 2757 μένωσι
530 2691 594 2760 τῇ
639 2693 841 2762 φυσικῇ
871 2692 965 2745 καὶ
1010 2693 1146 2765 μόνῃ
1190 2695 1525 2768 συνεχόμενα
1572 2696 1750 2767 φύσει.

161 2778 317 2833 Οῦτω
373 2782 468 2833 καὶ
507 2781 536 2833 ὁ
580 2780 729 2851 ἥλιος
770 2782 839 2835 τὰ
882 2783 986 2837 ὑπὸ
1020 2785 1118 2855 τῆς
1166 2786 1332 2840 αὑτοῦ
1386 2790 1754 2861 μαρμαρυγῆς

162 2872 497 2943 συνεχόμενα
539 2874 856 2945 ἐπιστρέφει
900 2877 1035 2949 πρὸς
1078 2879 1298 2932 ἑαυτόν·
1349 2879 1427 2933 διὸ
1471 2882 1564 2934 καὶ
1604 2880 1755 2952 ἥλιος

159 2963 400 3032 λέγεται,
434 2966 519 3019 ὅτι
561 2968 737 3021 πάντα
778 2968 940 3040 ἀολλῆ
982 2971 1077 3023 καὶ
1120 2972 1555 3044 συνηθροισμένα
1592 2974 1751 3040 ποιεῖ,

160 3058 257 3111 καὶ
304 3058 531 3127 συνάγει
571 3059 643 3113 τὰ
687 3060 1147 3133 διεσκεδασμένα,
1198 3065 1293 3117 καὶ
1340 3065 1515 3119 πάντα
1563 3066 1752 3120 τούτου

158 3149 425 3218 ἐφίενται,
471 3151 541 3205 τά
575 3151 673 3221 μὲν
703 3152 817 3218 ζῶα
842 3153 917 3218 ὡς
953 3153 1047 3207 τοῦ
1101 3157 1268 3227 όρᾷν,
1306 3156 1374 3211 τὰ
1404 3158 1461 3211 δὲ
1506 3160 1647 3228 φυτὰ
1678 3160 1753 3224 ὡς

155 3240 249 3294 τοῦ
295 3243 589 3309 κινεῖσθαι,
614 3243 683 3297 τά
706 3244 839 3301 ἄλλα
872 3245 947 3309 ὡς
985 3244 1078 3299 τοῦ
1105 3247 1241 3312 ὅλως
1273 3250 1593 3320 συνέχεσθαι
1620 3252 1750 3323 παρ’

156 3333 321 3386 αὐτοῦ
349 3332 529 3403 φωτὸς
557 3335 845 3406 ἐφιέμενα.
868 3337 978 3389 Καὶ
1011 3338 1069 3391 οὐ
1100 3337 1269 3411 δήπου
1303 3341 1447 3411 φημὶ
1494 3341 1634 3395 κατὰ
1660 3342 1751 3395 τὸν

157 3426 387 3482 παλαιὸν
438 3430 536 3483 καὶ
581 3429 829 3503 λαμπρὸν
876 3431 1105 3486 ὀδωδότα
1150 3432 1305 3503 λόγον
1336 3436 1426 3489 τὸν
1472 3436 1750 3508 ἑλληνικὸν

158 3518 312 3573 ὕθλον
338 3517 504 3593 (ἦσαν
527 3522 635 3593 γάρ
662 3541 791 3577 ποτε
820 3526 913 3579 καὶ
942 3525 1239 3597 ἀμφότεροι
1272 3526 1553 3599 Ἕλληνες,
1584 3527 1659 3592 ὡς
1690 3531 1748 3581 ἐν

155 3613 278 3675 ταῖς
307 3611 557 3684 Πράξεσι
590 3613 698 3666 τῶν
723 3614 892 3683 ἁγίων
930 3615 1242 3669 ἀποστόλων
1264 3615 1551 3688 δηλοῦται)
1580 3617 1612 3688 ἢ
1645 3619 1749 3690 μὴν

154 3703 244 3757 τὸν
270 3705 490 3777 μωρόν’
522 3705 585 3759 τὸ
621 3705 728 3776 γὰρ
769 3708 951 3779 μωρὸν
999 3710 1222 3779 ἀρχαῖον
1262 3711 1309 3762 οἱ
1338 3710 1597 3780 ’Έλληνες
1637 3710 1753 3763 ἐλε-

155 3814 279 3866 γονο
305 3799 507 3852 οὐκοῦν
545 3799 686 3855 κατὰ
724 3799 912 3853 τοῦτον
942 3800 1032 3853 τὸν
1072 3803 1254 3874 μωρὸν
1285 3800 1441 3855 ὕθλον
1479 3804 1641 3872 φημὶ,
1668 3804 1749 3856 ὅτι

1856 1858 1945 1913 ille
1972 1860 2113 1914 enim
2148 1858 2260 1912 ait:
2290 1857 2354 1911 Et
2387 1856 2529 1914 facta
2557 1864 2639 1911 est
2659 1856 2773 1911 dies
2795 1871 2922 1920 una,
2946 1865 2997 1910 et
3022 1859 3239 1923 iterum,
3258 1871 3454 1911 secun-

1854 1953 1942 2017 da,
1964 1967 2026 2007 ac
2047 1951 2239 2007 deinde
2266 1950 2425 2006 tertia
2449 1947 2491 2003 ἲ.
2514 1950 2580 2004 Ει
2604 1951 2742 2004 sicut
2763 1950 2999 2015 bonitas,
3026 1958 3284 2017 tanquam
3302 1948 3453 2017 prin-

1855 2044 2052 2113 cipiunt
2068 2054 2121 2098 et
2136 2051 2531 2109 causa,cuncta
2548 2056 2667 2110 quae
2696 2042 2939 2111 dispersa
2960 2040 3170 2094 suntad
3203 2054 3266 2094 se
3292 2039 3451 2093 colli-

1856 2138 1953 2217 git,
1982 2136 2271 2206 omniaque
2295 2136 2464 2205 ipsam
2500 2144 2789 2204 appetunt;
2824 2141 2879 2187 et
2915 2140 2973 2187 ut
2993 2132 3346 2203 principium,
3379 2147 3445 2184 cx

1855 2243 1919 2283 ea
1953 2228 2098 2282 enim
2127 2225 2334 2290 omnia,
2357 2232 2417 2277 ut
2440 2224 2514 2277 ait
2543 2223 2858 2292 Scriptura;
2888 2231 2940 2276 et
2964 2230 3022 2276 ut
3044 2221 3445 2284 continentem,

1857 2320 1909 2374 in
1939 2334 2046 2388 quo
2072 2316 2325 2371 nimirum
2356 2316 2540 2370 omnia
2570 2313 2738 2367 veluti
2786 2312 2839 2365 in
2868 2311 3224 2366 omnitenenti
3274 2310 3445 2363 fundo

1860 2427 1922 2466 ac
1951 2409 2299 2463 fundamento
2331 2407 2731 2471 custodiuntur,
2768 2413 2822 2458 et
2860 2412 2918 2457 ut
2965 2403 3150 2467 finem,
3180 2402 3249 2455 ad
3282 2417 3443 2471 quem

1855 2503 2060 2567 omnia,
2090 2501 2245 2570 quasi
2296 2501 2363 2554 ad
2408 2499 2701 2553 terminum
2744 2512 2899 2552 suum
2954 2513 3056 2550 non
3110 2496 3444 2559 naturalem,

1856 2595 1950 2649 sed
1982 2590 2287 2647 cll’ectivum
2336 2602 2614 2660 spectant;
2665 2598 2719 2644 et.
2760 2589 2914 2659 cujus
2946 2586 3218 2641 desiderio
3260 2588 3441 2641 omnia

1861 2696 2139 2752 tenentur,
2173 2685 2452 2754 quodlibet
2514 2685 2769 2737 nimirum
2817 2681 3112 2737 secundum
3160 2680 3441 2748 pr0prium

1859 2789 2065 2833 natura:
2106 2778 2353 2833 ordinem
2379 2818 2393 2843 ,
2437 2784 2493 2828 ut
2533 2774 2741 2845 angeli,
2774 2782 2832 2828 et
2886 2773 3134 2827 homines
3183 2771 3443 2831 scienter,

1856 2875 2015 2930 bruta
2048 2873 2346 2927 animantia
2375 2870 2675 2933 sensiliter,
2703 2868 2901 2937 stirpes
2927 2866 3091 2919 insito
3114 2863 3280 2934 39o
3312 2862 3443 2929 ipsis

1858 2974 2065 3019 natura:
2101 2973 2273 3030 motu,
2304 2963 2429 3017 vitae
2461 2975 2593 3015 vero
2630 2972 2932 3027 sensusque
2958 2958 3204 3026 expertia
3236 2970 3438 3009 secun-

1859 3057 1985 3112 dum
2010 3072 2157 3122 esse,
2188 3070 2295 3111 non
2326 3064 2387 3110 ut
2415 3063 2773 3126 c0gnoscant,
2800 3054 2892 3109 sed
2924 3061 2982 3107 ut
3016 3049 3315 3120 persistant
3342 3065 3439 3103 na-

1861 3151 2017 3205 turali
2046 3149 2426 3218 permansione
2454 3158 2744 3214 contenla;
2777 3147 2857 3202 sic
2906 3146 3069 3201 etiam
3117 3143 3198 3197 sol
3226 3157 3288 3195 ea
3320 3157 3440 3212 quas

1856 3243 1957 3297 sub
1987 3241 2370 3313 splendoribus
2397 3241 2512 3311 ejus
2538 3243 2906 3303 continentur,
2943 3237 3009 3291 ad
3054 3250 3111 3291 se
3144 3236 3437 3290 convertit.

1857 3345 2080 3406 propter
2106 3335 2253 3405 quod
2301 3335 2468 3388 etiam
2520 3331 2671 3402 ἣλιος
2706 3328 3028 3400 appellatur,
3059 3327 3205 3398 quod
3255 3325 3438 3380 omnia

1854 3426 2021 3497 ἀολλῆ
2050 3441 2145 3481 seu
2176 3440 2510 3498 congregare
2541 3424 2725 3491 faciat,
2755 3430 2810 3476 et
2840 3422 3083 3491 dispersa
3115 3427 3434 3490 congreget,

1858 3521 2155 3590 omniaque
2179 3520 2355 3589 ipsum
2383 3526 2661 3589 appetant,
2712 3515 2950 3570 viventia
2994 3513 3211 3583 quidem
3264 3520 3321 3565 ut
3358 3511 3437 3564 vi-

1856 3614 2043 3681 deant,
2067 3612 2266 3684 stirpes
2292 3623 2351 3667 ut
2380 3619 2721 3673 moveantur,
2752 3617 2946 3661 caetera
2974 3615 3032 3659 ut
3059 3606 3126 3661 ab
3158 3606 3275 3675 ipso
3304 3619 3437 3658 con-

1854 3716 2143 3761 serventur
2173 3706 2300 3760 dum
2345 3704 2528 3758 lumen
2563 3702 2683 3771 ejus
2718 3710 2999 3773 appetunt.
3031 3697 3149 3753 Non
3179 3698 3281 3751 hoc
3312 3697 3437 3750 dico

1854 3794 2150 3848 secundum
2189 3794 2468 3862 antiquam
2510 3802 2564 3846 et
2600 3791 2936 3861 splendidam
2969 3788 3209 3843 fabulam
3239 3802 3302 3841 ac
3330 3803 3435 3841 nu-

155 3890 186 3941 ό
210 3890 359 3960 ἥλιος
380 3933 394 3955 ,
428 3892 554 3955 θεὸς
600 3890 697 3956 ὢν,
729 3894 1074 3963 ἐπιτροπεύει
1101 3895 1193 3948 τὸν
1233 3894 1438 3966 κόσμον
1460 3913 1473 3925 ο
1509 3895 1637 3949 ἀλλὰ

1955 3902 2039 3941 em
2064 3886 2346 3956 gentilium
2379 3899 2683 3939 sermonem
2720 3884 2901 3951 (erant
2948 3881 3092 3936 enim
3139 3879 3434 3949 aliquando

153 3982 383 4053 ἀόρατα
401 3985 511 4039 τοῦ
530 3986 701 4049 Θεοῦ,
725 3985 866 4040 κατὰ
883 3986 975 4040 τὸν
1002 3984 1341 4049 ’Λπόστολον,
1358 3984 1476 4039 ἀπὸ
1499 3987 1635 4040 κτίσ

1949 3995 2015 4033 nn
2044 3978 2260 4045 utrique
2284 3975 2535 4047 gentiles,
2559 3986 2618 4029 ut
2641 3974 2694 4028 in
2722 3984 3033 4029 sanctorum
3064 3971 3431 4042 apostolorum

152 4079 385 4147 κόσμου
426 4078 555 4144 τοῖς
586 4077 876 4147 ποιήμασι
922 4079 1217 4147 νοούμενα
1261 4074 1580 4145 καθορᾶται
1604 4118 1618 4143 ,

1947 4072 1999 4125 .is
2049 4069 2380 4138 declaratur)
2424 4067 2508 4122 vel
2551 4077 2699 4122 certe
2755 4065 2995 4134 fatuum;
3046 4082 3174 4123 nam
3218 4066 3429 4121 fatuum

151 4172 186 4241 ἡ
233 4170 425 4241 θεότης
454 4169 621 4223 αὑτοῦ
647 4209 663 4234 ,
717 4171 812 4224 καὶ
863 4170 1030 4233 ἀΐδιος
1069 4169 1298 4243 δύναμις
1334 4169 1441 4228 ἀπὸ
1472 4167 1627 4241 τοῦή

1957 4163 2075 4218 tiles
2102 4164 2243 4218 idem
2274 4163 2418 4232 quod
2447 4160 2731 4231 antiquum
2775 4160 3048 4215 dicebant.
3099 4159 3290 4231 Itaque
3319 4172 3429 4213 non

152 4262 499 4331 ἐμφαίνεται.

1946 4257 2146 4313 undum
2186 4256 2327 4312 hanc
2350 4253 2551 4310 fatuam
2596 4252 2858 4319 fabulam,
2891 4254 3140 4323 inquam,
3169 4250 3428 4322 quoniam

153 4352 231 4407 sol
260 4354 402 4408 Deus
432 4363 539 4414 est,
578 4352 835 4407 mundum
867 4356 1167 4421 convertit;
1204 4368 1391 4408 verum
1413 4351 1695 4407 invisibilia
1732 4351 1845 4415 Dei,
1890 4349 2187 4403 secundum
2239 4346 2554 4416 Apostolum
2576 4384 2591 4411 ,
2644 4362 2677 4399 a
2721 4354 2968 4400 creatura
3001 4343 3212 4410 mundi,
3244 4359 3337 4411 per
3364 4356 3429 4397 ea

147 4464 265 4516 qua:
293 4447 441 4516 facta
468 4456 616 4511 sunt,
667 4446 954 4512 intellecta,
1008 4450 1407 4519 conspiciuntur
1453 4457 1514 4511 ’³,
1548 4457 1601 4503 et
1647 4445 1903 4503 divinitas
1929 4442 2098 4511 ipsius
2133 4442 2415 4510 virtusque
2459 4440 2787 4510 sempiterna
2812 4455 2842 4493 a
2876 4437 2989 4493 sole
3020 4435 3421 4493 manifestatur.

216 4539 244 4610 ᾗ
292 4539 354 4594 V.
414 4538 576 4592 Ἀλλὰ
614 4538 787 4593 ταῦτα
819 4541 915 4611 μὲν
946 4543 1003 4594 ἐν
1036 4542 1141 4615 ἰδίᾳ
1169 4541 1522 4614 πραγματείᾳ
1567 4541 1698 4594 callet

1940 4541 1947 4607 j
1995 4536 2057 4592 V.
2102 4535 2306 4592 Verum
2340 4539 2457 4592 bac
2492 4535 2545 4588 in
2587 4535 2809 4604 proprio
2842 4542 3074 4588 tractatu
3122 4531 3422 4601 theologice

144 4631 391 4705 λόγηται,
423 4632 522 4686 νῦν
551 4632 609 4685 δὲ
639 4634 832 4704 ῥητέον
854 4635 983 4705 περὶ
1011 4635 1105 4689 τοῦ
1133 4636 1325 4706 νοητοῦ
1363 4634 1734 4704 φωτός.Λέγε-

140 4742 225 4779 ται
247 4726 439 4779 τοίνυν
470 4727 499 4778 ό
524 4723 656 4789 Θεὸς
683 4726 817 4793 φῶς,
837 4726 970 4779 ἀλλὰ
998 4728 1208 4799 νοητὸν,
1236 4727 1323 4782 διὰ
1350 4729 1412 4781 τὸ
1433 4728 1611 4782 πάντα
1640 4729 1739 4798 ἁγ-

140 4819 356 4887 γελικὸν
381 4816 518 4872 νοῦν
552 4819 824 4886 φωτίζειν,
863 4823 1042 4875 πᾶσαν
1076 4822 1133 4875 δὲ
1162 4820 1384 4891 ἄγνοιαν
1412 4820 1737 4877 ἀπελαύνειν

138 4914 201 4966 ὲκ
223 4912 337 4965 τῶν
354 4907 575 4980 ψυχῶν,
606 4905 693 4972 αἶς
718 4909 785 4963 ἂν
809 4911 1117 4984 ἐγγένηται.
1150 4913 1292 4983 Ὅρα
1311 4913 1387 4976 δὲ,
1412 4914 1492 4966 ὃτι
1518 4913 1613 4966 ἐπὶ
1638 4912 1735 4983 μὲν

136 5005 243 5058 τῶν
269 5002 534 5073 ἀγγέλων
556 5001 856 5066 εὑθυϐόλως
879 4998 1000 5056 εἶπε
1026 5003 1280 5074 φωτίζειν
1306 5004 1375 5057 τὸ
1396 5002 1532 5072 φῶς,
1562 5005 1653 5056 ἐπὶ
1679 5003 1736 5056 δὲ

137 5095 243 5148 τῶν
267 5092 479 5166 ψυχῶν
501 5091 763 5165 πρότερον
788 5095 1109 5150 ἀπελαύνειν
1139 5096 1200 5149 τὸ
1237 5095 1337 5166 τῆς
1372 5095 1577 5165 πλάνης
1606 5095 1733 5147 σκό-

136 5204 226 5251 τος
271 5187 371 5240 καὶ
414 5184 561 5236 οὕτω
603 5185 886 5253 φωτίζειν
923 5189 972 5240 οἰ
1020 5188 1129 5260 γὰρ
1169 5187 1386 5255 ἄγγελοι
1434 5186 1595 5239 ἁπλοῖ
1641 5187 1735 5239 καὶ

145 5277 464 5347 μονοειδεῖς,
494 5276 591 5329 καὶ
628 5275 687 5342 ἐξ
726 5278 899 5349 ἀρχῆς
928 5280 989 5333 τὸ
1018 5281 1133 5350 φῶς
1160 5279 1469 5351 ἐσχηκότες,
1492 5282 1558 5350 τῇ
1582 5280 1737 5333 ἀκλι-

142 5374 221 5424 νεῑ
252 5370 521 5425 ἀνατάσει
551 5370 874 5438 φωτίζονται
910 5374 1130 5439 πάντες,
1153 5376 1200 5426 οί
1242 5374 1288 5426 δ’
1328 5372 1626 5443 ἄνθρωποι,
1657 5374 1737 5426 δι-

143 5464 264 5518 πλοῖ
301 5464 498 5528 ὅντες,
544 5464 637 5516 καὶ
687 5466 864 5535 σάρκα
911 5471 1317 5540 περιφέροντες,
1338 5468 1734 5539 συνειθισμένοι

144 5559 248 5613 εἰσὶ
277 5560 409 5622 ταῖς
455 5561 749 5627 κοσμικαῖς
790 5561 1032 5628 ἀγνοίαις
1070 5564 1164 5618 καὶ
1207 5564 1462 5627 πλάναις’
1501 5563 1596 5617 καὶ
1636 5561 1735 5616 οὐκ

229 5739 246 5778 λ
279 5739 423 5795 Gen.
456 5754 494 5792 ι.
576 5748 609 5768 ¹¹
637 5739 770 5794 Rom
816 5757 851 5807 ι,
876 5739 965 5794 ΞΟ.

1845 4629 2260 4698 descripsimus,
2296 4630 2459 4683 modo
2493 4628 2779 4683 dicendum
2821 4627 2888 4681 de
2930 4625 3051 4680 luce
3100 4623 3423 4679 intellectili.

1843 4725 2053 4780 Dicitur
2094 4722 2279 4791 itaque
2334 4724 2473 4777 Deus
2529 4720 2619 4776 lux
2649 4759 2662 4785 ,
2702 4720 2800 4774 sed
2857 4717 3226 4781 intellectilis,
3277 4719 3421 4785 quod

1841 4829 2060 4870 omnem
2107 4813 2412 4885 angelicum
2462 4812 2799 4868 intellectum
2850 4810 3153 4877 illuminet,
3200 4823 3418 4863 omnem

1846 4915 2026 4963 autem
2056 4907 2420 4978 ignorantiam
2464 4920 2539 4961 ex
2572 4904 2790 4967 animis,
2825 4902 3021 4972 quibus
3069 4902 3211 4955 inest
3238 4910 3419 4955 exter-

1844 5004 2033 5060 ntinet.
2067 5003 2306 5059 Observa
2335 5014 2483 5067 vero,
2518 4990 2744 5067 quodin
2778 4994 2986 5065 angelis
3024 4994 3241 5062 quidem
3270 5002 3418 5047 recta

1842 5096 2155 5165 conjectura
2206 5093 2403 5149 dixerit
2454 5091 2627 5145 lucem
2664 5087 2993 5152 illuminare,
3028 5087 3081 5140 in
3128 5085 3420 5139 animabus

1845 5204 1973 5243 Vcl'o
2010 5187 2165 5256 prius
2194 5185 2401 5241 erroris
2431 5182 2680 5238 tenebras
2708 5181 2925 5248 ejicere,
2958 5188 3012 5234 et
3059 5189 3170 5232 tum
3215 5178 3418 5232 illumi-

1843 5295 2005 5345 nare;
2039 5295 2163 5334 nam
2200 5277 2377 5348 angeli
2404 5292 2526 5333 cum
2562 5276 2836 5346 simplices
2864 5289 2929 5327 ac
2959 5272 3258 5327 uniformes
3284 5272 3414 5334 sint,

1841 5382 1895 5428 et
1924 5375 1991 5430 ab
2022 5376 2176 5429 initio
2207 5372 2341 5427 lueis
2371 5370 2663 5441 participes
2690 5367 3020 5430 exstiterint,
3047 5365 3303 5420 cominua
3336 5364 3417 5417 iti-

1843 5469 2088 5525 tentione
2118 5483 2307 5525 omnes
2350 5466 2757 5531 illuminantur;
2809 5462 3054 5517 homines
3094 5474 3256 5523 vero,
3288 5474 3409 5513 eum

1841 5562 2088 5633 duplices
2120 5563 2246 5628 sint,
2282 5570 2339 5617 et
2369 5574 2587 5615 carnem
2621 5554 3029 5619 circumferant,
3065 5550 3414 5608 saecularibus
