3752 6310
355 304 465 359 759

1453 302 1506 357 S.
1546 300 1847 358 DIONYSII
1883 299 2355 357 AREOI’AGITJE
3520 302 3608 357 700

352 418 678 490 ignorantiis
706 417 1107 485 ’erroribusqne
1136 422 1261 469 sunt
1301 416 1528 479 assueti,
1560 431 1666 469 non
1701 431 1834 484 poss.

2126 414 2441 485 φωτισΘεῖεν
2462 412 2639 477 ἄλλως
2666 416 2715 467 εί
2743 413 2817 486 μὴ
2839 413 2901 467 τὸ
2922 413 3112 479 σκότος
3134 416 3445 489 άπελασθῇ.
3466 419 3608 474 Ὅθεν

349 513 510 568 aliter
556 511 887 575 illuminari,
922 510 1022 563 nisi
1058 509 1294 562 tenebrae
1324 509 1557 577 depulsa:
1605 511 1733 563 sint.
1770 510 1923 566 Unde

350 620 475 660 cum
508 606 596 659 lux
647 616 836 658 natura
886 620 980 658 sua
1028 602 1189 657 simul
1234 619 1355 657 cum
1398 603 1633 657 tenebris
1670 618 1792 658 esse
1824 620 1917 660 ne-

348 706 531 767 queat,
561 698 763 752 idcirco
801 697 919 750 luce
954 696 1320 761 subiutrante,
1354 698 1593 751 tenebrae
1633 695 1920 765 fugantur;

347 801 401 846 et
452 800 713 861 quantum
756 790 846 842 lux
896 789 1219 856 ingreditur,
1268 797 1477 842 tantum
1521 790 1716 842 anima:
1752 789 1920 859 ipsam

347 882 704 953 degustantes
731 883 903 951 magis
934 889 1222 949 appetunt;
1257 888 1312 933 et
1338 888 1547 948 quanto
1586 878 1690 931 illa:
1732 876 1923 944 majori

346 973 617 1029 desiderio
666 986 922 1043 aguntur,
954 982 1107 1027 tanto
1158 970 1330 1041 magis
1381 971 1471 1024 lux
1516 970 1754 1039 aﬂ‘ulget,
1789 984 1926 1039 quo-

344 1068 493 1121 niam
525 1066 833 1123 dilexerunt
862 1065 1113 1129 multum,
1141 1063 1297 1129 juxta
1329 1073 1521 1117 sancta
1562 1061 1846 1130 Evangelia
1870 1068 1920 1115 ³³.

343 1157 463 1213 Non
491 1157 637 1214 enim
668 1167 892 1227 repente
918 1156 1011 1210 lux
1060 1153 1297 1223 all'ulget,
1332 1170 1399 1207 ne
1445 1153 1661 1222 quando
1690 1152 1925 1221 caligine

344 1249 719 1315 emundantur,
750 1250 894 1305 sicut
923 1249 1189 1319 contingit
1217 1248 1285 1302 iis
1315 1247 1408 1317 qui
1443 1261 1473 1301 e
1517 1244 1798 1315 profundis
1845 1259 1926 1300 te-

342 1341 531 1398 nebris
553 1340 723 1397 solem
749 1342 973 1396 directis
1001 1340 1174 1395 oculis
1206 1338 1402 1392 intueri
1434 1340 1646 1403 volunt;
1684 1339 1778 1391 sed
1801 1351 1925 1391 sen-

345 1432 473 1499 sim,
495 1430 650 1500 juxta
676 1432 950 1487 modulum
980 1446 1169 1485 eorum
1200 1428 1290 1499 qui
1316 1429 1495 1482 lumen
1532 1427 1827 1496 excipiunt,
1865 1436 1924 1481 ut

341 1541 521 1594 neque
545 1526 665 1580 luce
695 1525 862 1579 nimia
888 1523 1213 1578 infirmiores
1237 1520 1451 1579 obruat.
1484 1531 1659 1587 neque
1686 1532 1921 1581 rursum,

339 1627 569 1688 propter
612 1616 831 1670 luminis
883 1615 1141 1684 inepiam,
1176 1612 1384 1667 meritis
1430 1625 1533 1664 non
1572 1610 1920 1678 respondeat,

342 1713 438 1764 sed
484 1708 644 1778 juxta
695 1708 1105 1778 suscipientiqu
1139 1705 1299 1776 391
1355 1717 1575 1758 sursum
1629 1702 1919 1756 contuendi

2025 510 2119 562 καὶ
2154 507 2277 561 ἐπεὶ
2299 508 2400 560 οὐκ
2429 506 2541 577 ἔχει
2575 504 2736 575 φύσιν
2750 507 2811 560 τὸ
2826 506 2942 576 φῶς
2960 507 3039 578 τῷ
3057 509 3240 563 σκότει
3262 513 3610 574 συνεῖναι,διὰ

2024 599 2182 653 τοῦτο
2205 598 2300 653 τοῦ
2331 598 2507 668 φωτὸς
2532 599 3010 671 ὑπεισερχομὲνου,
3037 601 3100 654 τὺ
3120 602 3311 666 σκότος
3331 602 3608 660 διώκεται.⁸

2026 695 2120 748 καὶ
2139 694 2263 747 ὅσον
2291 693 2352 747 τὸ
2380 694 2496 762 φῶς
2531 694 2929 767 ἐπεισέρχεται,
2959 694 3149 748 τούτου
3189 697 3245 749 αἱ
3283 696 3460 768 ψυχαὶ
3490 699 3609 751 ἀπο-

2026 786 2335 857 γευόμεναι,
2354 786 2552 856 μᾶλλον
2585 786 2826 857 ἐφίενται
2852 804 2865 818 ο
2897 788 2990 840 καὶ
3019 786 3238 858 μᾶλλον,
3259 788 3447 843 αὐτῶν
3479 790 3609 858 ἐφιε-

2030 880 2224 950 μένων,
2254 880 2452 951 μάλλον
2477 881 2775 952 ἐπιλάμπει
2791 880 2852 933 τὺ
2874 881 3009 951 φῶς,
3027 882 3107 934 ὅτι
3133 882 3433 951 ἠγάπησαν
3462 882 3604 945 πολὺ,

2027 972 2166 1024 κατά
2192 972 2260 1025 τὰ
2288 972 2409 1045 ἱερά
2432 974 2756 1044 Εὑαγγέλια.
2790 974 2864 1028 Οὐ
2895 972 3004 1045 γὰρ
3031 972 3291 1044 ἐξαίφνης
3315 974 3605 1044 ἐπιλάμπει

2025 1063 2086 1117 τὸ
2118 1064 2252 1134 φῶς,
2283 1064 2371 1119 ἵνα
2421 1067 2494 1136 μή
2536 1083 2653 1129 πως
2694 1064 3066 1129 σκοτισθῶσιν,
3095 1064 3286 1137 ὥσπερ
3332 1065 3607 1135 συμόαίνει

2025 1157 2138 1219 τοῖς
2166 1156 2425 1227 ἐξαίφνης
2451 1156 2559 1209 ἀπὸ
2593 1156 2783 1227 βαθέος
2817 1156 3041 1221 σκότους
3075 1155 3153 1227 τῷ
3179 1155 3317 1228 ἡλίῳ
3350 1158 3604 1227 ἐπεντρα-

2026 1245 2192 1310 νίξειν
2224 1246 2499 1300 ἐθέλουσιν
2523 1265 2538 1279 ο
2570 1246 2706 1302 ἀλλά
2750 1249 2870 1302 κατ’
2897 1248 3076 1317 ὀλίγον
3114 1249 3209 1302 καὶ
3249 1249 3391 1319 πρὸς
3432 1248 3492 1300 τὸ
3520 1248 3605 1318 μέ-

2024 1354 2152 1410 τρον
2174 1338 2285 1392 τῶν
2314 1340 2742 1410 ὑποδεχομένων,
2766 1341 2855 1393 ὅτε
2878 1338 2954 1411 τῷ
2982 1339 3286 1412 πληθυσμῷ
3306 1341 3440 1405 τοὺς
3462 1340 3605 1393 ἀσθε-

2025 1431 2310 1502 νεστέρους
2343 1433 2783 1499 καταϐαπτίζων,
2810 1431 3118 1487 οὗτεπάλιν
3153 1433 3240 1486 ἐπ’
3266 1431 3493 1485 ἔλαττον
3515 1451 3606 1485 πα-

2028 1523 2097 1593 ρὰ
2120 1523 2230 1577 τῶν
2255 1524 2421 1589 ἀξίων
2448 1524 2812 1596 χωρούμενον,
2840 1523 2973 1578 ἀλλὰ
3002 1524 3143 1579 κατά
3171 1524 3270 1597 τὴν
3289 1524 3403 1578 τῶν
3435 1525 3607 1577 ὑποδε-

2024 1611 2269 1682 χομένων
2299 1616 2378 1677 είς
2416 1614 2705 1668 ἀνάνευσιν
2733 1614 3026 1685 ἀναλογίαν
3049 1633 3063 1647 ·
3091 1616 3253 1668 τοῦτο
3288 1616 3402 1685 γάρ
3447 1617 3603 1681 ἐστιν,

2024 1703 2053 1756 ὃ
2078 1706 2171 1758 καὶ
2200 1704 2457 1776 ἀνωτέρω
2489 1705 2659 1775 λέγει,
2684 1707 2768 1761 ὃτι
2792 1707 2942 1775 τάξις
2973 1709 3068 1763 καὶ
3096 1708 3298 1780 μέτρον
3335 1707 3495 1779 ἡμῶν
3520 1702 3603 1762 ἐσ-

341 1804 701 1872 capacitatem
735 1810 1095 1871 temperetur;
1128 1802 1228 1854 hoc
1266 1798 1409 1854 enim
1442 1807 1527 1853 est
1571 1796 1715 1866 quod
1753 1795 1920 1850 etiam
2002 1815 2086 1849 τιν
2108 1798 2137 1849 ό
2164 1797 2315 1861 Θεός.

339 1898 594 1965 superius
642 1896 800 1960 dixit,
849 1893 1014 1947 Deum
1060 1906 1180 1946 esse
1219 1891 1465 1945 ordinem
1523 1900 1581 1945 et
1628 1902 1941 1943 mensuram
1976 1899 2241 1944 nostram.

402 1987 432 2060 §
462 1987 555 2041 Vl.
582 1988 717 2042 lllud
748 1987 891 2056 quod
930 2001 1091 2055 supra
1137 2001 1288 2039 omne
1321 1984 1497 2038 lurnen
1521 2025 1538 2049 ,
1588 1982 1791 2037 bonum
1840 1982 1884 2034 lu

2157 1982 2240 2036 Vl.
2276 1984 2446 2038 Τοῦτο
2470 1985 2531 2039 τὸ
2556 1984 2708 2055 ὑπὲρ
2727 1982 2851 2040 πᾶν
2876 1985 3021 2055 φῶς,
3065 1984 3271 2056 ἀγαθὸν
3304 1986 3426 2055 φῶς
3458 1986 3602 2055 λέγει·

338 2095 465 2134 men
501 2080 732 2144 dicitur;
780 2079 908 2147 quia
962 2076 1129 2131 etiam
1184 2090 1399 2131 omnem
1457 2084 1693 2129 mentem
1725 2088 1920 2142 supra-

338 2174 693 2236 mundanam,
723 2171 936 2229 scilicet
974 2169 1239 2223 virtutum
1273 2166 1643 2237 superiorum,
1678 2166 1919 2221 circum-

338 2266 672 2320 mundanam
728 2263 875 2318 illam
924 2261 1252 2332 angelicam,
1300 2261 1353 2315 id
1419 2270 1503 2315 est
1551 2274 1742 2314 eorum
1796 2258 1914 2327 qui,

329 2357 485 2429 juxta
534 2355 857 2427 Apostolum
882 2361 931 2421 ο,
962 2355 1018 2409 iu
1069 2354 1441 2409 ministerium
1492 2351 1667 2416 missi,
1739 2358 1795 2405 et
1848 2349 1916 2403 ad

336 2447 757 2502 aediﬁcationem
798 2455 856 2499 et
881 2444 1205 2516 obsequium
1235 2445 1474 2501 ordinati
1515 2452 1644 2498 sunt
1667 2442 1745 2513 (id
1768 2443 1915 2498 enim

336 2545 502 2596 etiam
530 2539 582 2593 in
616 2539 757 2592 libro
792 2537 865 2591 De
896 2536 1092 2591 cwlesti
1121 2536 1428 2591 hierarchia
1452 2535 1641 2604 tradit)
1667 2541 1727 2590 et
1752 2550 1914 2589 mun-

337 2633 564 2694 dialem,
591 2632 804 2685 scilicet
849 2630 1145 2684 humanam
1179 2644 1240 2683 ex
1275 2643 1373 2683 sua
1408 2627 1752 2696 plenitudine
1790 2625 1916 2680 illu-

341 2725 539 2786 minat,
584 2720 741 2791 juxta
788 2721 1031 2775 divinum
1095 2718 1402 2787 apostolum
1438 2727 1491 2771 et
1523 2716 1912 2787 evangelistam

335 2814 600 2868 Joannem
622 2824 673 2877 Ρ,
699 2814 972 2867 dicentem
1005 2830 1018 2865 :
1057 2808 1125 2863 Ει
1150 2827 1215 2864 ex
1236 2810 1564 2878 plenitudine
1588 2809 1702 2877 ejus
1733 2825 1913 2863 omnes

334 2908 651 2977 accepimus.
727 2904 818 2960 Vel
873 2903 1376 2974 supramundanam
1437 2902 1515 2954 ait
1573 2901 1911 2971 Spiritalem;

334 2999 904 3064 circummundanam,
948 2995 1277 3059 animalem;
1314 3004 1367 3049 et
1398 2993 1755 3058 mundialem,
1788 3008 1910 3047 car-

330 3092 535 3148 nalem.
556 3090 656 3146 Vel
676 3091 843 3144 etiam
873 3089 1052 3152 aliter,
1081 3084 1610 3152 supramundialem,
1640 3099 1761 3137 eam
1792 3096 1914 3152 quae

330 3185 663 3253 theologiam
693 3183 882 3247 docet;
921 3176 1495 3240 circummundialem,
1525 3191 1647 3244 qua:
1679 3184 1907 3231 natura-

330 3279 440 3331 lem
470 3274 1024 3343 contemplationem;
1059 3268 1391 3324 mundialem
1437 3283 1558 3336 quae
1609 3268 1908 3338 practicam

2018 2091 2130 2140 ται,
2163 2075 2258 2129 καὶ
2294 2077 2378 2131 ὅτι
2420 2078 2600 2132 πάντα
2643 2078 2769 2133 νοῦν
2812 2079 3201 2152 ὑπερκόσμιον,
3240 2078 3489 2149 δηλονότι
3516 2080 3598 2132 τὸν

2018 2167 2126 2221 τῶν
2149 2170 2403 2241 ἀνωτέρω
2430 2170 2711 2241 δυνάμεων
2728 2212 2742 2237 ,
2778 2174 3134 2245 περικόσμιον
3162 2173 3259 2227 τὸν
3287 2173 3596 2242 ἀγγελικὺν,

2018 2260 2262 2314 τουτέστι
2288 2261 2401 2316 τῶν
2424 2265 2520 2317 ἐπὶ
2540 2262 2849 2337 λειτουργίᾳ
2880 2264 3385 2338 ἀποστελλομένων,
3409 2266 3505 2319 καὶ
3525 2268 3597 2328 είς

2016 2353 2298 2426 διοίκησιν,
2328 2356 2421 2409 καὶ
2455 2355 2725 2410 διακονίαν
2760 2359 3104 2429 τεταγμένων
3134 2358 3278 2413 κατά
3310 2359 3405 2411 τὸν
3448 2360 3597 2413 Ἀπό-

2019 2443 2201 2496 στολον
2242 2443 2405 2515 (οὕτω
2462 2446 2572 2519 γὰρ
2608 2448 2704 2501 καὶ
2753 2449 2813 2502 ἐν
2849 2448 2927 2520 τῷ
2970 2449 3118 2519 Περὶ
3162 2448 3277 2518 τῆς
3314 2451 3595 2518 οὐρανίου

2016 2538 2317 2607 ίεραρχίας
2351 2539 2484 2611 φησί
2505 2540 2543 2610 ·)
2590 2542 2683 2595 καὶ
2724 2542 3037 2611 ἐγκόσμιον,
3081 2542 3173 2595 τὸν
3232 2540 3593 2612 ἀνθρώπινον,

2015 2627 2081 2679 ἐκ
2111 2627 2205 2680 τοῦ
2248 2629 2451 2682 οἰκείου
2491 2630 2854 2703 πληρώματος
2899 2631 3266 2703 καταλάμπει,
3314 2633 3462 2686 κατά
3508 2635 3594 2685 τὸν

2017 2720 2157 2773 Οεῖον
2187 2722 2484 2777 ἀπόστολον
2507 2726 2601 2777 καὶ
2624 2724 3014 2796 εὐαγγελιστὴν
3054 2725 3307 2795 Ἰωάννην
3336 2724 3592 2794 λέγοντα·

2014 2812 2125 2865 Καὶ
2148 2813 2215 2866 ἐκ
2238 2813 2344 2867 τοῦ
2367 2815 2760 2885 πληρώματος
2795 2815 2980 2868 αὑτοῦ
3016 2814 3238 2881 πάντες
3279 2815 3593 2886 ἐλάϐομεν.

2017 2906 2088 2958 ’Ἡ
2118 2906 2493 2976 ὑπερκόσμιόν
2522 2923 2654 2979 φησι
2682 2906 2773 2959 τὸν
2804 2906 3173 2977 πνευματικόν
3191 2922 3205 2935 ⁸
3237 2923 3304 2958 πε
3317 2907 3595 2977 ρικόσμιον

2011 3000 2104 3052 τὸν
2131 2999 2359 3071 ψυχικόν
2378 3017 2391 3029 ο
2422 3000 2733 3071 ἐγκόσμιον,
2750 3000 2840 3053 τὸν
2866 2999 3126 3072 σαρκικόν
3147 3040 3161 3054 .
3194 3001 3263 3053 Ἢ
3287 3003 3385 3053 καὶ
3403 3001 3593 3064 ἄλλως,

2014 3093 2380 3164 ὑπερκόσμιον
2423 3092 2513 3145 τὸν
2543 3092 2642 3164 τὴν
2676 3090 2955 3160 Θεολογίαν
3005 3090 3412 3161 κατορθοῦντα⁹
3448 3109 3596 3163 περι-

2012 3184 2239 3254 κόσμιον
2274 3182 2366 3235 τὸν
2392 3180 2493 3254 τὴν
2519 3182 2749 3255 φυσικὴν
2772 3182 3003 3255 θεωρίαν
3020 3198 3034 3212 ”
3062 3183 3362 3254 ἐγκόσμιον
3386 3183 3479 3236 τὸν
3502 3183 3594 3254 τὴν

2014 3273 2323 3346 πρακτικὴν
2351 3274 2573 3346 ἀρετήν.
2595 3274 2713 3339 Φῶς
2740 3273 2902 3327 πάλιν
2928 3274 2958 3327 ό
2993 3274 3146 3339 Θεὸς,
3170 3274 3306 3328 διότι
3330 3274 3435 3340 τὰς
3473 3275 3594 3338 ὅλας

330 3370 595 3421 virtutem
628 3365 816 3420 tradit.
878 3363 1025 3418 Deus
1066 3362 1263 3415 iterum
1297 3357 1389 3412 lux
1422 3366 1527 3422 est,
1559 3358 1689 3426 quia
1720 3372 1806 3410 om

2112 3368 2205 3440 ράς
2229 3369 2506 3440 δυνάμεις,
2534 3369 2634 3432 τάς
2670 3386 2729 3421 τε
2756 3371 2813 3420 ἐν
2836 3367 3046 3439 οὐρανῷ
3071 3368 3166 3421 καὶ
3189 3367 3292 3432 τὰς
3324 3370 3594 3441 ἡμετέρας

332 3460 611 3515 intellectu
642 3457 902 3528 praeditas
930 3456 1183 3520 virtutes,
1216 3466 1337 3506 cum
1386 3449 1639 3507 caelestes
1671 3456 1783 3503 tum
1812 3464 1911 3503 no-

334 3561 481 3608 stras
534 3552 803 3618 renovat;
826 3547 1108 3615 Quomodo
1161 3554 1342 3598 autem
1403 3551 1630 3598 renovat
1689 3540 1912 3595 lumen?

333 3644 600 3710 Quoniam
637 3639 895 3695 videlicet
946 3652 1010 3693 ex
1069 3635 1421 3705 proportione
1476 3648 1657 3688 rerum
1713 3647 1907 3702 corpu.

331 3751 553 3791 reatum
579 3734 964 3804 intelliguntur
986 3746 1048 3784 ea
1076 3744 1196 3799 qua:
1233 3726 1299 3780 ad
1337 3727 1579 3779 animum
1631 3734 1685 3780 et
1738 3725 1907 3781 inte].

332 3827 527 3882 tectum
578 3833 853 3896 spectant.
909 3820 1380 3891 Quemadmodum
1436 3817 1602 3886 igitur
1646 3816 1907 3887 juventus

329 3929 438 3985 est,
482 3921 536 3974 in
580 3934 686 3989 qua
723 3931 924 3987 corpus
967 3914 1172 3985 optime
1212 3910 1531 3965 functiones
1568 3924 1698 3965 suas
1749 3911 1909 3966 obire

330 4012 498 4077 valet,
529 4011 739 4067 senium
788 4024 938 4075 vero,
969 4007 1023 4062 in
1052 4020 1162 4076 quo
1200 4021 1305 4060 non
1334 4005 1501 4069 valet,
1538 4004 1619 4058 sic
1649 4003 1814 4059 etiam
1854 4010 1909 4057 et

330 4105 525 4157 animre
567 4110 623 4156 et
656 4100 859 4155 mentis
900 4097 1112 4152 senium
1157 4096 1376 4165 quidem
1422 4103 1527 4161 est,
1569 4094 1623 4149 in
1659 4107 1769 4163 quo
1798 4106 1905 4146 non

329 4201 509 4264 potest
534 4191 762 4259 exsequi
796 4203 993 4243 munus
1020 4200 1202 4249 suum,
1229 4183 1489 4251 juventus
1530 4197 1679 4245 vero,
1714 4183 1767 4237 in
1794 4195 1901 4246 qua

329 4293 527 4355 potest.
557 4285 692 4338 Dum
741 4283 924 4352 itaque
964 4294 1121 4335 mens
1166 4279 1219 4330 in
1258 4275 1465 4332 erroris
1504 4286 1558 4330 et
1584 4276 1906 4345 ignorantiae

333 4377 576 4432 tenebris
629 4386 901 4437 Versatur,
954 4371 1361 4443 quodammodo
1421 4369 1784 4432 consenescit,
1849 4377 1906 4422 et

330 4472 477 4526 vires
508 4470 626 4538 ejus
665 4470 1098 4535 obtorpescunt;
1134 4478 1323 4517 verum
1356 4462 1444 4517 ubi
1482 4461 1571 4515 lux
1595 4459 1907 4530 intelligiiii-

328 4565 395 4619 lis
423 4562 667 4633 aﬂ'ulget,
699 4566 1015 4623 renovatur,
1063 4566 1121 4610 et
1162 4571 1285 4626 qua:
1341 4554 1423 4609 sui
1482 4556 1728 4607 muneris
1777 4560 1904 4606 sunt

328 4658 557 4727 exsequi
594 4657 757 4711 valet.
788 4655 962 4709 Porro
992 4655 1180 4708 radius
1232 4650 1326 4704 ille
1363 4647 1501 4702 lucis
1541 4645 1901 4714 intelligibilis

2013 3460 2316 3526 ἀνανεάζει.
2346 3461 2472 3526 Πῶς
2508 3460 2567 3515 δὲ
2612 3460 2896 3525 ἀνανεάζει
2923 3461 2985 3514 τὸ
3019 3460 3168 3530 φῶς;
3202 3460 3235 3531 ἢ
3265 3460 3512 3532 δηλονότι
3538 3460 3593 3525 ἐξ

2011 3554 2303 3622 ἀναλογίας
2346 3553 2456 3607 τῶν
2505 3552 2849 3624 σωματικῶν,
2895 3553 2990 3606 καὶ
3033 3552 3104 3606 τά
3148 3551 3361 3623 ψυχικά
3412 3571 3479 3606 τε
3506 3556 3593 3607 καὶ

2011 3641 2173 3711 νοερά
2209 3642 2663 3713 ἐκλαμϐάνονται.
2710 3642 2796 3705 Ὡς
2826 3642 2957 3710 γοῦν
2987 3642 3177 3711 νεότης
3200 3645 3343 3707 ἐστὶ,
3382 3643 3507 3697 καθ’
3530 3645 3591 3715 ῆν

2008 3732 2070 3785 τὸ
2096 3732 2257 3804 σῶμα
2288 3734 2356 3787 τὰ
2383 3736 2557 3786 οἰκεῖα
2586 3734 2805 3787 δύναται
2850 3735 3114 3805 ἐνεργεῖν,
3141 3734 3320 3804 γῆρας
3353 3734 3436 3798 δὲ,
3473 3733 3591 3787 καθ’

2007 3827 2036 3879 ὃ
2067 3827 2126 3880 οὐ
2155 3826 2409 3881 δύναται·
2433 3826 2580 3880 οὕτω
2615 3826 2680 3897 δὴ
2704 3829 2798 3879 καὶ
2827 3825 3010 3899 ψυχῆς,
3031 3826 3124 3878 καὶ
3149 3824 3243 3877 νοῦ
3260 3826 3445 3896 γῆρας
3474 3827 3585 3897 μὲν,

2008 3919 2132 3971 καθ’
2154 3918 2182 3971 ὃ
2208 3918 2268 3970 οὐ
2299 3917 2518 3970 δύναται
2547 3918 2790 3989 ἐνεργεῖν
2818 3916 2888 3969 τά
2912 3918 3106 3979 οἰκεῖα,
3152 3916 3344 3986 νεότης
3388 3917 3447 3969 δὲ
3471 3914 3587 3968 καθ’

2008 4011 2073 4082 ἣν
2098 4010 2338 4065 δύναται.
2381 4010 2471 4063 Ἐν
2495 4008 2625 4079 γοῦν
2652 4008 2730 4080 τῷ
2754 4010 2851 4080 τῆς
2881 4008 3089 4079 πλάνης
3119 4009 3210 4061 καὶ
3240 4009 3343 4077 τῆς
3369 4009 3587 4077 ἀγνοίας

2009 4102 2189 4154 σκότει
2228 4103 2257 4154 ό
2293 4099 2415 4164 νοῦς
2452 4099 2547 4166 ῶν,
2576 4102 2725 4172 γηρᾷ
2760 4094 2869 4152 οἷον
2896 4099 2989 4153 καλ⁹
3027 4099 3301 4170 ἀπρακτεῖ
3327 4098 3469 4151 κατά
3492 4097 3584 4158 τὰς

2006 4194 2213 4256 οίκείας
2238 4193 2527 4263 δυνάμεις’
2558 4191 2653 4247 τοῦ
2694 4190 2885 4263 νοητοῦ
2933 4190 2991 4243 δὲ
3036 4190 3215 4259 φωτὸς
3254 4189 3586 4261 ἐπιλάμψαν-

2004 4304 2116 4350 τος,
2162 4283 2502 4344 ἀνανεοῦται,
2555 4284 2649 4336 καὶ
2689 4282 2761 4337 τὰ
2810 4283 2989 4336 οἰκεῖα
3027 4282 3289 4353 πράττειν
3333 4280 3578 4335 δύναται.

2004 4372 2152 4442 Αὕτη
2188 4370 2284 4423 τοῦ
2329 4370 2520 4442 νοητοῦ
2570 4372 2744 4441 φωτὸς
2777 4369 2809 4441 ἡ
2837 4371 2993 4433 ἀκτὶς
3014 4369 3224 4434 πάντας
3253 4371 3503 4442 περιέχει
3527 4371 3586 4423 ἐν

2002 4462 2080 4532 τῷ
2125 4462 2402 4532 ὑπερεῖναι
2441 4462 2655 4514 πάντων
2688 4462 2781 4514 καὶ
2815 4460 2888 4532 μὴ
2931 4459 3058 4529 παρ’
3083 4458 3298 4522 οὐδενὸς
3337 4458 3584 4530 περιέχε-

2005 4551 2148 4615 σθαι,
2181 4552 2276 4603 καὶ
2307 4548 2495 4613 ἁπλῶς
2541 4552 2721 4603 πᾶσαν
2776 4550 2876 4621 τῆς
2921 4549 3258 4619 φωτιστικῆς
3299 4549 3581 4619 δυνάμεως

2003 4642 2299 4713 κυριότητα
2339 4641 2433 4693 καὶ
2476 4641 2724 4705 ἐξουσίαν
2761 4639 3118 4702 συλλαϐοῦσα,
3150 4640 3247 4692 καὶ
3298 4640 3580 4712 ὑπερέχει,

329 4760 538 4805 mentes
567 4764 758 4803 omnes
791 4748 1061 4810 continet,
1087 4759 1209 4798 cutn
1254 4756 1419 4811 supra
1443 4753 1635 4793 omnes
1658 4748 1762 4800 est,
1787 4752 1811 4791 ε

2114 4734 2254 4804 ὑπὲρ
2280 4732 2457 4786 πάντα
2481 4732 2552 4785 τὰ
2583 4732 2739 4801 φῶτά
2774 4734 2891 4787 ἐστι
2933 4732 3027 4785 καὶ
3068 4731 3350 4802 προσέχει,
3385 4733 3469 4786 ὅτι
3493 4732 3582 4800 δη·

325 4842 474 4897 nullo
516 4841 846 4905 continetur,
875 4850 1040 4907 atque
1084 4848 1303 4891 omnem
1351 4830 1676 4900 simpliciter
1708 4828 1904 4882 illumi-

324 4933 491 4988 nandi
541 4931 821 4987 facultatis
877 4930 1216 4985 dominatum
1269 4940 1334 4979 ac
1394 4932 1722 4994 potestatem
1752 4935 1903 4974 com-

326 5025 631 5093 prehendit,
674 5034 731 5077 et
779 5022 1133 5092 superhabet,
1185 5018 1446 5088 quoniam
1500 5029 1665 5083 supra
1713 5013 1901 5068 omnia

325 5118 530 5171 lumina
571 5117 760 5171 existit
783 5133 799 5181 ;
822 5126 874 5170 et
904 5114 1204 5184 praehabet,
1233 5111 1495 5180 quoniam
1523 5108 1717 5161 harum
1742 5123 1899 5161 crea-

326 5220 411 5262 tor
440 5220 542 5273 est,
582 5222 638 5265 et
678 5211 860 5264 omnia
904 5214 1222 5277 congregat,
1275 5215 1330 5259 et
1370 5204 1423 5257 in
1453 5216 1618 5255 unum
1651 5200 1891 5270 copulat.

324 5302 604 5367 Quomodo
632 5311 811 5355 autem
846 5302 933 5353 lux
969 5300 1151 5352 omnia
1183 5306 1478 5366 congreget
1524 5303 1579 5347 et
1630 5294 1685 5347 in
1726 5308 1892 5345 unum

321 5395 559 5463 copulet,
594 5395 788 5463 probat
819 5409 848 5446 a
873 5391 1176 5445 contrario.
1208 5390 1362 5443 Sicut
1398 5387 1541 5442 enim
1583 5385 1893 5454 ignorantia

323 5497 572 5540 errantes
602 5486 796 5538 dividit
833 5484 944 5553 (qui
966 5483 1111 5536 enim
1141 5482 1375 5549 ignorat,
1412 5478 1466 5531 in
1500 5478 1667 5532 multa
1697 5476 1896 5531 distra-

325 5579 524 5645 hitur),
549 5579 628 5632 sic
658 5576 881 5631 luminis
904 5572 1348 5645 cognitionisque
1376 5569 1665 5639 prtesentia
1691 5564 1898 5635 colligit

402 5757 578 5812 lLuc.
610 5772 703 5823 \‘tt,
736 5755 822 5810 47.
903 5763 927 5788 υ
960 5754 1159 5823 Ephes.
1193 5764 1267 5814 tr,
1303 5749 1383 5801 12.
1464 5756 1495 5797 ν
1524 5744 1679 5800 Joan.
1714 5759 1750 5809 ι,
1790 5741 1874 5800 16.

2012 4825 2271 4898 μιουργὺς
2308 4825 2513 4879 τούτων
2552 4827 2690 4887 ἐστὶ,
2718 4828 2813 4880 καὶ
2849 4826 3027 4879 πάντα
3052 4825 3274 4893 συνάγει
3298 4826 3397 4879 καὶ
3419 4823 3579 4892 ἀολλῆ

2008 4921 2169 4972 ποιεῖ.
2195 4920 2320 4981 Πῶς
2346 4918 2401 4971 δὲ
2422 4918 2586 4989 ἀολλῆ
2608 4919 2701 4971 καὶ
2730 4916 3161 4989 συνηθροισμένα
3187 4918 3337 4968 ποιεῖ
3361 4917 3426 4969 τὸ
3446 4914 3578 4984 φῶς,

2008 5014 2316 5084 συνίστησιν
2361 5012 2426 5063 ἐκ
2462 5010 2558 5064 τοῦ
2594 5011 2835 5065 ἐναντίου
2857 5026 2871 5039 ο
2896 5010 2971 5073 ὡς
3009 5007 3118 5080 γὰρ
3148 5010 3180 5080 ή
3222 5007 3423 5076 ἄγνοια
3445 5008 3580 5061 διαι-

2008 5106 2194 5178 ρετική
2222 5106 2338 5157 ἐστι
2382 5104 2490 5157 τῶν
2540 5100 3048 5173 πεπλανημένων;(ό
3090 5100 3209 5171 γὰρ’
3238 5100 3451 5169 ἀγνοῶν
3500 5099 3579 5161 είς

2004 5195 2175 5250 πολλά
2204 5193 2523 5266 μερίζεται),
2563 5194 2735 5256 οὕτως
2761 5195 2794 5263 ἡ
2835 5191 3102 5263 παρουσία
3136 5190 3232 5244 τοῦ
3271 5191 3451 5259 φωτὸς
3490 5188 3579 5241 καὶ

1998 5290 2095 5356 τῆς
2140 5288 2390 5356 γνώσεως
2429 5284 2739 5353 συναγωγάς
2765 5287 2881 5337 ἐστι
2908 5283 3015 5336 τῶν
3054 5282 3468 5353 φωτιζομὲνων·
3500 5282 3578 5332 ἔτι

1998 5382 2055 5433 δὲ
2082 5382 2176 5434 καὶ
2224 5375 2643 5447 ἐπιστρεπτικὴ,
2688 5375 3091 5446 ἐπιστρέφουσα
3127 5373 3239 5426 ἀπὸ
3284 5374 3383 5441 τῆς
3418 5371 3578 5425 πολυ-

2000 5474 2150 5536 θετας
2186 5472 2319 5542 πρὸς
2344 5469 2408 5522 τὸ
2432 5468 2599 5531 ὅντως
2627 5468 2686 5520 δν
2712 5467 2921 5538 (ῶσπερ
2957 5465 3108 5538 ἡλίου
3144 5466 3573 5537 ἐπιλάμψαντος,

2001 5564 2213 5636 πρῶτος
2246 5566 2275 5616 ό
2300 5560 2509 5631 βλέπων
2533 5560 2611 5622 εὶς
2649 5559 2811 5612 αὑτὸν
2836 5557 3240 5630 ἐπιστρέφεται,
3269 5559 3361 5612 καὶ
3387 5554 3575 5611 τούτου
