3752 6288
121 289 211 344 761
690 290 780 346 DE
811 290 1073 349 DIVINIS
1104 290 1500 355 NOMINIBUS,
1536 292 1693 350 CAP.
1732 292 1820 349 IV.
1853 325 1921 334 -—
1948 291 2297 349 PARAPHR.
2338 292 2816 352 PACIIYMERA‘I.
3286 304 3390 359 763

118 404 632 477 ἀντιλαμϐάνεται
657 407 752 461 xui
776 408 856 470 είς
886 406 1013 477 μίαν
1038 405 1283 478 καθαράν
1311 407 1513 475 γνῶσιν
1543 407 1695 460 συνά-

1914 424 2035 477 quae
2088 408 2498 475 illuminantur;
2533 410 2755 481 insuper
2786 427 2920 469 vero
2950 416 3118 470 etiam
3148 432 3389 475 conver-

116 516 307 567 γουσα,
351 500 456 571 τὴν
495 500 827 569 θεογνωσίαν
863 499 1087 571 δηλαδὴ,
1123 500 1222 564 τὰς
1264 501 1511 564 ποικίλας
1551 500 1695 569 ὄψεις

1872 501 1960 556 ndi
1989 501 2098 555 vim
2155 502 2341 565 habet,
2368 499 2498 554 dum
2530 516 2560 555 a
2610 502 2778 557 multa
2814 505 3027 561 visione
3064 510 3131 562 ad
3163 508 3218 564 id
3243 513 3389 580 quod

114 594 211 658 τὰς
254 596 335 657 εἰς
373 594 549 647 πολλά
592 593 999 666 μεμερισμένας
1037 593 1297 665 δηλονότι.
1340 590 1494 655 Εἶτα,
1520 593 1695 662 ἐπεὶὴ

1872 606 1941 647 :re
1964 600 2050 645 est
2075 592 2351 647 convertit
2396 590 2876 663 (quemadmodum
2929 597 3145 654 lucente
3184 603 3299 658 sole
3341 602 3390 659 is

114 684 235 753 ὄψις
259 684 651 756 αὒθυπάρκτου
680 686 1000 755 πράγματος
1030 682 1517 753 ἀντιλαμϐάνεται,
1542 680 1612 733 τὰ
1644 680 1695 734 δὲ

1872 683 1901 735 ιί
1952 682 2121 745 videt,
2168 682 2237 736 ad
2293 684 2469 752 ipsum
2529 682 2768 752 primum
2810 691 3173 755 convertitur,
3222 693 3388 767 392

113 778 309 833 εἴδωλα
350 780 455 833 οὐκ
504 779 643 833 εἰσὶν
684 780 891 843 εἰκόνες
939 778 1136 841 τινῶν,
1196 776 1333 831 ἀλλά
1378 776 1703 831 πλάττονται

114 870 222 937 (διὰ
240 871 405 925 τοῦτο
425 870 537 941 γὰρ
569 873 663 925 xui
700 873 895 927 εἴδωλα
926 870 1323 943 ὠνομάσθησαν
1340 869 1380 941 ),
1407 870 1571 941 φησιν
1595 869 1700 931 ὅτι,

112 963 450 1037 κυριώτερον
470 965 527 1017 δὲ
554 967 748 1029 εἰπεῖν,
767 967 1063 1034 φαντασίας
1079 964 1244 1017 οἱονεὶ
1265 960 1702 1033 πλασματώδεις,

112 1057 319 1121 ἐννοίας
350 1057 481 1129 περὶ
514 1056 586 1110 τὰ
629 1058 890 1129 αἰσθητά*
921 1057 1080 1112 εἴωθε
1118 1058 1227 1127 γὰρ
1251 1058 1284 1127 ἠ
1310 1054 1580 1124 φαντασία
1608 1055 1702 1108 xui

110 1149 178 1202 τά
205 1149 281 1221 μὴ
316 1150 447 1203 ὄντα
481 1151 578 1205 xui
613 1144 689 1204 ὧν
731 1153 812 1215 είς
850 1151 1053 1220 γνῶσιν
1091 1149 1125 1221 ἢ
1168 1150 1297 1203 θέαν
1334 1149 1437 1202 οὐκ
1460 1147 1696 1218 ἦλθομεν

109 1241 499 1296 ἀναπλάττειν.

1806 773 2097 843 ipsumque
2124 775 2371 843 excipit),
2400 783 2456 829 et
2485 773 2551 828 ad
2586 791 2748 830 unam
2778 793 2969 846 puram
2996 784 3386 854 cognitionem,

1808 866 2068 921 videlicet
2096 866 2165 920 ad
2207 867 2301 921 Dei
2334 866 2611 933 notitiam,
2665 869 2895 925 adducit
2941 872 3089 929 varia
3132 876 3221 930 illa
3250 877 3383 943 visa,

1810 975 1933 1029 qua:
1974 961 2233 1014 nimirum
2276 961 2345 1015 ad
2388 960 2557 1015 multa
2606 972 2735 1018 sunt
2784 965 3070 1021 distracta.
3115 969 3386 1026 Caeterum

1808 1067 1932 1108 cum
1968 1051 2119 1107 visus
2169 1067 2283 1107 rem
2333 1066 2434 1122 per
2465 1068 2525 1109 se
2576 1056 2967 1112 subsistentem
2998 1062 3257 1128 postulet,
3287 1062 3386 1134 ﬁg-

1803 1152 1986 1200 menta
2018 1154 2203 1199 autem
2246 1159 2355 1199 non
2402 1144 2512 1201 sint
2536 1145 2805 1218 imagines
2836 1166 3019 1204 rerum
3051 1151 3382 1223 aliquarum,

1800 1238 1895 1292 sed
1941 1238 2215 1308 tinguntur
2258 1236 2406 1307 (nam
2445 1237 2651 1294 idcirco
2688 1241 2943 1311 ﬁgmenta
2982 1245 3382 1316 nominantur),

109 1334 286 1404 magis
313 1336 536 1405 proprie
566 1336 884 1406 phantasias
942 1354 1037 1392 seu
1099 1339 1518 1408 imaginationes
1546 1334 1731 1397 vocari
1770 1347 1935 1404 posse
2009 1333 2165 1400 dicit,
2243 1343 2436 1403 utpote
2487 1334 2766 1392 fabulosas
2815 1338 3179 1409 cogitationes
3235 1341 3381 1395 circa

107 1426 364 1492 Sensilia;
396 1428 535 1482 solet
571 1430 714 1483 enim
763 1429 1081 1499 imaginatio
1109 1431 1273 1485 etiam
1317 1444 1380 1485 ea
1424 1443 1545 1499 quae
1574 1444 1679 1482 non
1713 1434 1867 1493 sunt,
1892 1434 1948 1481 et
1985 1424 2043 1482 in
2085 1440 2317 1496 quorum
2358 1426 2729 1497 cognitionem
2789 1430 2873 1485 vel
2931 1443 3210 1503 aspectum
3274 1448 3382 1489 non

108 1520 384 1584 venimus,
411 1520 690 1591 ellingere.

174 1614 202 1686 ᾗ
231 1612 346 1667 VII.
378 1613 550 1668 Τοῦτο
584 1616 647 1669 τὺ
682 1616 884 1685 ἀγαθὸν
908 1618 1155 1690 ὑμνεῖται
1184 1620 1279 1672 xui
1303 1618 1379 1683 ὼς
1410 1616 1571 1671 καλὸν
1598 1613 1695 1668 καὶ

1872 1602 2041 1676 δνιι.
2072 1603 2187 1661 Hoc
2216 1605 2345 1661 item
2387 1606 2589 1661 bonum
2641 1608 2896 1665 laudatur
2934 1612 3102 1667 etiam
3156 1626 3214 1668 ut
3256 1618 3383 1685 pul-

103 1703 177 1767 ὡς
216 1704 437 1767 κάλλος,
469 1705 564 1758 καὶ
605 1706 682 1771 ὡς
718 1709 930 1780 ἀγάπη,
974 1710 1067 1763 καὶ
1095 1708 1179 1773 ζὼς
1211 1709 1516 1780 ἀγαπητόν.
1539 1703 1692 1770 Εἶτα,

1877 1714 2019 1762 rum,
2044 1707 2101 1752 et
2148 1708 2208 1753 ut
2252 1699 2624 1769 pulchritudo,
2666 1713 2721 1757 et
2758 1713 2813 1757 ut
2846 1703 3087 1771 dilectio,
3113 1719 3167 1762 et
3197 1720 3256 1764 ut
3284 1711 3374 1767 di-

102 1797 225 1849 ὲπεὶ
255 1796 422 1849 καλὸν
461 1798 560 1868 μὲν
590 1798 705 1853 ἔστι
730 1798 794 1853 τὸ
819 1800 912 1853 τοῦ
944 1801 1172 1865 κάλλους
1223 1800 1469 1872 μετέχον,
1498 1799 1693 1863 κάλλος

102 1888 157 1940 δὲ
195 1887 329 1940 αὐτὸ
368 1888 429 1940 τὸ
468 1890 851 1961 μετεχόμενον,
895 1892 988 1945 καὶ
1035 1891 1319 1964 ἀγαπητὸν
1361 1893 1460 1963 μὲν
1491 1891 1552 1945 τὸ
1594 1891 1693 1963 τῆς

100 1978 327 2049 ἀγάπης
355 1980 603 2050 μετέχον,
632 1981 819 2055 ἀγάπη
846 1982 903 2036 δὲ
931 1983 1062 2036 αὐτὸ
1101 1983 1163 2036 τὸ
1192 1983 1574 2055 μετεχόμενον,
1598 1982 1693 2035 xui

101 2071 185 2141 inp’
215 2074 349 2143 ἡμῖν
389 2072 531 2125 κατὰ
563 2074 827 2147 διαίρεσιν
863 2076 1037 2130 ταῦτα
1064 2076 1363 2145 φαίνονται,
1391 2075 1565 2130 ὅτιτά
1595 2074 1694 2146 μέν

101 2168 241 2218 εἰσιν
267 2164 431 2232 ἕξεις,
456 2166 527 2220 τὰ
567 2166 623 2220 δὲ
647 2167 800 2232 ἑκτὰ,
826 2171 1009 2240 φησιν,
1037 2171 1121 2223 ὅτι
1146 2170 1243 2241 οὐχ
1269 2169 1440 2232 οὕτως
1464 2168 1573 2239 ἔχει
1598 2167 1693 2221 xui

102 2259 194 2311 ἐπὶ
234 2259 337 2329 τῆς
379 2263 437 2313 ἐν
479 2262 559 2314 ἑνὶ
599 2261 668 2313 τά
701 2263 799 2316 ὅλα
842 2264 1222 2334 συνειληφυίας
1247 2262 1444 2326 αἰτίας.
1497 2262 1585 2315 Ἐν
1612 2261 1693 2315 ἐνὶ

102 2351 210 2422 γὰρ
236 2353 331 2405 xui
353 2352 432 2423 τῷ
458 2352 609 2424 αὐτῷ
643 2354 736 2406 xui
764 2355 862 2419 τὰς
904 2355 1047 2420 ἕξεις
1073 2356 1168 2409 xui
1193 2354 1262 2408 τὰ
1288 2354 1422 2409 ἑκτὰ
1453 2354 1693 2425 συλλαμ-

100 2438 339 2494 ϐάνουσα
362 2440 487 2495 οὕτε
508 2444 585 2509 ὡς
610 2446 789 2511 ἑκτὸν,
817 2445 941 2499 οὔτε
966 2446 1041 2511 ὡς
1063 2444 1328 2513 regem
1350 2445 1492 2515 ὑπὲρ
1518 2443 1692 2497 ταῦτα

97 2527 255 2594 οὖσα,
283 2534 433 2587 αἰτία
477 2538 591 2601 τοῖς
619 2537 799 2602 ἄλλοις
837 2538 949 2592 τῶν
986 2538 1246 2593 τοιούτων
1282 2536 1502 2607 ἀγαθῶν
1539 2538 1689 2605 γίνε-

96 2638 208 2679 ται.
244 2626 408 2681 Ὅθεν
448 2630 545 2682 xui
588 2630 783 2694 κάλλος
830 2632 927 2701 μὲν
956 2630 1175 2701 λέγεται
1201 2630 1292 2684 διὰ
1315 2631 1413 2703 τὴν
1440 2630 1500 2695 ἐξ
1524 2628 1689 2683 αὑτοῦ

94 2714 471 2790 διαδιδομένην
510 2722 644 2774 πᾶσι
691 2722 973 2793 καλλονὴν,
1020 2724 1116 2776 xui
1154 2723 1244 2777 διὰ
1270 2724 1332 2776 τὸ
1356 2720 1494 2776 εἶναι
1517 2723 1690 2787 αἴτιος

96 2811 283 2882 πάσης
324 2813 692 2884 εὐαρμοστίας
736 2816 832 2868 xui
871 2815 1134 2883 ἀγλαΐας⁶
1165 2815 1381 2887 (κάλλος
1423 2815 1532 2888 γάρ
1572 2819 1689 2868 ἐστι

98 2904 415 2976 συμμετρία
458 2904 637 2975 μελῶν
678 2908 774 2959 xui.
815 2907 999 2979 μερῶν
1042 2906 1179 2979 μετὰ
1212 2906 1312 2976 τῆς
1350 2906 1689 2977 ἐπανθούσης

95 2996 351 3066 εὐχροίας
370 2997 407 3067 ·)
434 2997 467 3066 ἢ
497 2997 589 3050 xui
612 2998 699 3051 διὰ
724 2998 786 3051 τὸ
813 3000 990 3053 πάντα
1016 2999 1152 3071 πρὸς
1178 2998 1339 3051 ἑαυτὸ
1364 2997 1571 3061 καλεῖν,
1598 2998 1689 3050 xui

93 3088 167 3151 ὼς
188 3089 277 3142 ἀεὶ
299 3088 359 3143 ὃν
386 3091 481 3143 xui
512 3091 647 3162 μηδέ
675 3109 806 3145 ποτε
837 3091 1156 3163 μειούμενον
1180 3092 1213 3163 ἢ
1234 3088 1395 3159 αὔξον
1413 3110 1427 3122 ·
1451 3091 1551 3156 τὰς
1579 3092 1687 3165 γὰρ

94 3182 406 3253 ὑπερϐολάς
434 3185 530 3237 καὶ
545 3184 808 3254 ἐλλείψεις
836 3186 1038 3249 κακίας
1065 3183 1290 3257 οἴδαμεν
1317 3186 1521 3254 λέγειν.
1550 3186 1686 3240 Οὐδὲ

95 3276 236 3329 κατά
262 3292 316 3329 τι
346 3278 441 3330 xui
466 3276 571 3330 ἀνά
611 3268 783 3349 μέρος
815 3278 1000 3343 καλὸν,
1028 3278 1149 3332 οὐδὲ
1177 3280 1317 3333 κατά
1342 3297 1465 3332 τινα
1498 3282 1688 3352 χρόνον

94 3367 281 3431 καλὸν,
331 3370 473 3423 κατά
518 3386 639 3422 τινα
689 3370 746 3423 δὲ
794 3368 891 3423 οῦο
921 3371 1043 3425 οὐδὲ
1096 3372 1233 3445 πρός
1273 3390 1326 3425 τι
1354 3372 1537 3436 καλὸν,
1562 3371 1687 3426 οὐδὲ

95 3475 217 3523 που,
244 3458 368 3512 οὐδέ
392 3475 536 3512 τισιν
555 3476 568 3488 ·
602 3459 657 3529 (ἃ
682 3460 746 3531 δὴ
786 3462 963 3515 πάντα
1003 3461 1066 3515 τὸ
1089 3463 1283 3527 κάλλος
1314 3464 1687 3535 περιπέφευγε

94 3553 333 3616 πάντως,
371 3551 467 3604 τοῦ
521 3552 642 3605 καθ’
668 3554 815 3623 ἡμᾶς
840 3553 1005 3607 καλοῦ
1036 3554 1400 3626 ὑποκειμένου
1424 3555 1485 3621 ἐξ
1516 3556 1687 3625 ἀνάγ·-

94 3663 196 3716 κης
233 3647 349 3708 τοῖς
398 3641 664 3707 τοιούτοις
705 3643 1208 3716 προσδιορισμοῖς·)
1252 3645 1365 3700 ἀλλ’
1388 3648 1537 3711 ὼςτὸ
1563 3648 1685 3703 καθ’

93 3736 252 3789 ἑαυτὸ
284 3735 555 3807 μονοειδὲς
581 3735 669 3788 ἀεὶ
692 3734 749 3789 ὃν
790 3734 974 3801 καλὸν,
1023 3737 1146 3790 ἐπεὶ
1176 3736 1299 3790 οὕτε
1330 3739 1684 3793 σκεδάννυται

93 3832 171 3893 εἰς
195 3827 343 3893 ἒξεις
367 3846 429 3881 τε
467 3827 564 3881 xui
600 3827 863 3900 διαφορὰς
889 3829 1263 3895 καλλοποιούς.
1291 3832 1364 3885 Τὸ
1391 3832 1511 3886 καθ’
1536 3836 1683 3905 ἡμᾶς

90 3922 199 3993 γάρ
244 3920 440 3985 κάλλος
480 3920 855 3983 σκεδάννυται,
880 3921 1010 3975 ἀλλο
1046 3921 1157 3996 γὰρ
1181 3922 1377 3987 κάλλος
1401 3923 1682 3996 ὀφθαλμοῦ

90 4012 272 4083 τυχὸν,
316 4015 412 4067 xui
462 4012 593 4068 ἄλλο
643 4012 837 4077 κάλλος
886 4014 1052 4085 ῥινὸς,
1080 4016 1176 4068 καὶ
1214 4014 1343 4070 ἄλλο
1388 4016 1681 4088 προσώπου

93 4106 313 4169 παντὸς,
343 4107 439 4158 xui
463 4104 594 4159 ἄλλο
620 4105 836 4178 χειρῶν.
867 4105 1004 4159 Οῠτε
1028 4107 1165 4179 πρὸς
1202 4108 1380 4173 ἐνίους
1413 4108 1475 4161 τὸ
1518 4109 1681 4164 καλὸν

89 4198 225 4261 ἐστι,
254 4198 392 4269 πρὸς
429 4198 607 4262 ἐνίους
646 4198 703 4251 δὲ
747 4201 834 4264 οὖ,
859 4198 995 4252 ἀλλά
1020 4200 1296 4273 πανταχοῦ
1320 4202 1534 4269 πέφυκε
1558 4203 1681 4271 φαί-

91 4287 275 4341 νεσθαι
296 4289 392 4342 xui
411 4291 471 4342 ὲν
492 4291 680 4354 πᾶσιν,
708 4290 847 4362 ὅπερ
872 4290 972 4343 οὐκ
999 4291 1112 4364 ἔχει
1135 4292 1196 4345 τὸ
1224 4294 1345 4347 καθ’
1375 4295 1523 4364 ἡμᾶς
1549 4293 1680 4348 κάλ-

88 4380 208 4445 λος·
252 4383 301 4434 εί
338 4382 449 4453 γὰρ
485 4383 599 4445 τοῖς
639 4383 774 4435 πᾶσι
814 4383 1060 4453 πέφυκεν
1086 4381 1248 4450 εἶναι,
1277 4387 1359 4440 ὅτι
1385 4386 1476 4440 xui
1501 4388 1678 4441 πάντα

1797 1790 2020 1847 lectum.
2046 1790 2317 1846 Caeterum
2344 1806 2467 1846 cum
2498 1796 2784 1862 pulchrum
2809 1797 3026 1865 quidem
3057 1799 3128 1855 sit
3154 1801 3206 1855 id
3235 1804 3383 1872 quod

1794 1884 2075 1952 particeps
2107 1891 2194 1937 est
2229 1883 2680 1953 pulchritudinis,
2710 1888 3063 1957 pulchritudo
3111 1903 3295 1949 autem
3325 1895 3383 1951 id

1795 1973 1974 2043 ipsum
2007 1976 2155 2045 quod
2181 1978 2572 2048 participatur;
2597 1988 2652 2034 et
2683 1980 2940 2035 dilectum
2968 1983 3190 2053 quidem
3222 1986 3295 2041 sit
3325 1985 3381 2047 id

1796 2067 1941 2137 quod
1970 2068 2248 2139 particeps
2294 2080 2379 2126 est
2416 2072 2749 2138 dilectionis,
2781 2074 3004 2129 dilectio
3036 2090 3167 2131 vero
3200 2078 3252 2132 id
3296 2078 3383 2149 ip-

1793 2175 1913 2215 sum
1948 2161 2095 2229 quod
2131 2163 2586 2224 communicatur.
2624 2175 2677 2220 et
2716 2167 2770 2220 in
2807 2166 2964 2221 nobis
3006 2168 3121 2222 lucc
3172 2184 3376 2224 secun-

1794 2254 1922 2307 dum
1970 2254 2383 2310 distinctionem
2436 2269 2725 2327 apparent,
2778 2258 3040 2325 quoniam
3088 2260 3203 2313 lucc
3250 2268 3379 2316 sunt

1794 2348 2035 2416 habitus,
2088 2349 2179 2404 illa
2228 2365 2360 2406 vero
2407 2351 2713 2417 habituata,
2761 2352 2914 2419 dicit,
2968 2353 3228 2422 quoniam
3267 2371 3376 2411 non

1792 2441 1984 2496 eodem
2025 2441 2189 2496 modo
2231 2456 2290 2497 se
2335 2443 2560 2508 habent,
2615 2445 2780 2498 etiam
2825 2444 2880 2498 in
2928 2460 3120 2512 causa,
3163 2462 3284 2516 qua:
3319 2449 3376 2505 in

1794 2548 1902 2588 uno
1934 2533 2323 2603 complectitur
2366 2536 2646 2591 universa.
2687 2534 2822 2590 Nam
2869 2536 2923 2592 in
2966 2552 3074 2592 uno
3105 2548 3159 2592 et
3183 2540 3377 2595 eodem

1791 2637 1845 2680 et
1880 2626 2105 2681 habitus
2131 2637 2187 2682 et
2211 2644 2331 2698 qua:
2376 2629 2655 2683 habituata
2685 2640 2813 2684 sunt
2836 2632 3243 2700 complectitur,
3274 2649 3373 2689 ne—

1791 2731 1898 2786 que
1935 2724 1994 2771 ut
2037 2718 2376 2773 habituatum
2418 2720 2570 2788 quid,
2616 2736 2719 2776 nec
2788 2730 2846 2775 ut
2888 2723 3130 2788 habitus,
3175 2723 3272 2779 sed
3317 2733 3379 2780 ut

1791 2820 1952 2875 supra
1987 2807 2103 2863 hazc
2130 2809 2397 2875 existens,
2431 2810 2552 2863 aliis
2578 2810 2744 2865 etiam
2781 2826 2949 2867 causa
2977 2822 3062 2867 est
3100 2814 3379 2869 istiusmoa

1791 2900 1844 2955 di
1890 2900 2179 2953 bonorum.
2215 2899 2371 2955 Unde
2403 2902 2569 2956 etiam
2618 2904 2969 2972 pulchritudo
3007 2906 3227 2971 dicitur,
3254 2921 3377 2975 pro.

1791 3002 1913 3062 pter
1943 3007 2065 3046 eam
2096 2993 2564 3062 pulchritudinem
2591 3011 2757 3066 quam
2790 2997 3045 3051 omnibus
3077 2998 3372 3067 clargitur,

1789 3091 1845 3137 et
1870 3082 2015 3152 quod
2046 3094 2240 3137 auctor
2279 3085 2350 3139 sit
2391 3084 2570 3139 omnis
2596 3086 2994 3141 concinnitatis
3023 3102 3086 3141 ac
3116 3088 3374 3158 splendo-

1790 3173 1869 3228 ris
1912 3172 2287 3243 (pulchritudo
2336 3175 2481 3229 etiim
2537 3185 2621 3231 est
2671 3176 2955 3247 proportio
2999 3177 3372 3231 membrorum

1787 3282 1852 3320 ac
1878 3264 2115 3336 partium
2142 3282 2267 3321 cum
2296 3267 2480 3323 colore
2507 3266 2754 3340 ﬂorido),
2774 3268 2857 3323 vel
2882 3269 3047 3323 etiam
3077 3270 3221 3340 quod
3252 3286 3374 3325 om-

1787 3362 1875 3415 nia
1918 3358 1989 3419 ad
2030 3374 2090 3415 se
2130 3371 2312 3427 vocet,
2351 3370 2407 3417 et
2442 3363 2587 3432 quod
2630 3377 2847 3433 semper
2888 3362 2961 3418 sit
2994 3371 3049 3416 et
3076 3379 3363 3432 nunquam

1786 3457 2066 3513 minuatur
2108 3457 2192 3512 vel
2238 3442 2545 3524 augeatur;
2587 3469 2710 3510 nam
2752 3469 3014 3511 excessus
3041 3464 3095 3510 et
3128 3455 3374 3511 defectus

1787 3550 2031 3607 malitias
2101 3551 2211 3606 dici
2272 3563 2381 3604 non
2434 3548 2771 3620 ignoramus.
2825 3546 3011 3618 Neque
3066 3549 3371 3603 secundum

1783 3639 1915 3710 quid
1941 3648 1997 3694 et
2024 3653 2090 3694 ex
2119 3648 2277 3709 parte
2339 3638 2651 3706 pulchrum,
2696 3653 2873 3707 neque
2914 3639 3208 3708 aliquando
3245 3639 3371 3709 pul-

1784 3732 2002 3799 chrum,
2026 3732 2324 3800 aliquando
2352 3746 2484 3795 non,
2516 3745 2695 3801 neque
2722 3734 2788 3785 ad
2818 3731 3027 3800 aliquid
3055 3732 3371 3802 pulchrum,

1783 3832 1877 3877 aut
1898 3824 2051 3891 alibi,
2080 3834 2177 3877 aut
2204 3825 2531 3893 quibusdam
2561 3826 2706 3891 (an:
2732 3826 2918 3893 utique
2947 3826 3134 3879 omnia
3166 3828 3233 3880 ab
3260 3827 3372 3881 ista

1783 3914 2201 3984 pulchritudine
2236 3916 2465 3969 omnino
2511 3914 2686 3969 aliena
2716 3926 2863 3979 sunt,
2896 3917 2986 3970 ubi
3035 3927 3217 3971 nostra
3246 3919 3373 3987 pul-

1782 4005 2039 4061 chritudo
2084 4018 2151 4059 ex
2203 4005 2535 4060 necessitate
2584 4005 2897 4061 istiusmodi
2957 4009 3370 4064 deﬁnitionibus

1782 4097 2027 4166 subjecta
2065 4097 2158 4165 sit)
2195 4097 2292 4152 sed
2332 4107 2388 4151 ut
2431 4098 2604 4166 ipsum
2640 4099 2943 4152 secundum
2992 4115 3052 4155 se
3094 4102 3373 4159 unllorme

1782 4204 2001 4261 semper
2029 4189 2277 4244 existens
2312 4189 2625 4260 pulchrum,
2657 4193 2915 4261 quoniam
2949 4208 3126 4263 neque
3167 4195 3369 4250 dividi-

1784 4292 1874 4337 tur
1916 4283 1968 4337 iu
2011 4282 2235 4337 habitus
2275 4298 2340 4337 ac
2378 4284 2732 4353 pulchrilicas
2777 4284 3138 4341 dill'erentias.
3166 4286 3367 4346 Nostra

1781 4377 1928 4431 enim
1958 4376 2314 4447 pulchritudo
2340 4380 2729 4449 distinguitur;
2754 4396 2877 4433 nam
2904 4381 3033 4445 alia,
3060 4384 3212 4439 verbi
3239 4399 3368 4453 gra-

89 4474 226 4528 καλά
257 4475 401 4541 λίαν,
447 4476 563 4529 ἀλλ’
603 4476 663 4529 οὐ
712 4477 1017 4548 μονοειδῶς.
1052 4478 1214 4532 Ἀλλο
1252 4478 1362 4551 γὰρ
1388 4479 1588 4543 κάλλος
1613 4482 1676 4551 ὴ·-

1872 4508 1883 4534 ,
1910 4479 1996 4524 est
2024 4468 2375 4540 pulchritudo
2400 4470 2569 4535 oculi,
2601 4480 2654 4525 et
2693 4472 2799 4524 alia
2849 4473 3198 4541 pulchritudo
3227 4475 3367 4537 nasi,

87 4565 221 4631 λίου,
250 4566 349 4620 xui
390 4566 523 4621 ἄλλο
572 4568 767 4632 κάλλος
792 4569 914 4639 γῆς,
942 4572 1035 4624 xui
1060 4571 1190 4627 ἄλλο
1216 4571 1429 4636 ὓδατος,
1455 4571 1676 4626 ποικίλα

86 4657 204 4710 τινὰ
232 4658 429 4729 κάλλη,
460 4659 556 4712 xui
593 4660 696 4713 οὐκ
729 4662 810 4724 είς
841 4661 900 4713 ἒν
938 4664 1313 4736 συναγόμενα·
1339 4665 1400 4718 τὸ
1426 4664 1483 4718 δὲ
1506 4664 1676 4726 ὅντως

87 4750 298 4814 κάλλος,
335 4751 608 4823 μονοειδὲς
629 4751 710 4819 ὃν,
737 4753 1075 4809 ποικίλλεται
1120 4756 1259 4828 πρὸς
1296 4756 1365 4810 τὰ
1388 4756 1678 4827 ὑποκείμεο

85 4859 170 4905 να,
197 4845 292 4896 xui
318 4844 409 4897 διὰ
433 4842 597 4896 τοῦτο
623 4844 875 4916 προέχειν
904 4847 962 4900 ὲν
986 4848 1164 4919 ἐαυτῷ
1190 4847 1407 4917 λέγεται
1424 4848 1518 4902 xui
1546 4848 1676 4902 καλ-

85 4935 259 5009 λονὴν,
277 4938 354 5001 ὡς
378 4937 474 4991 xui
499 4937 636 5009 πρὸς
650 4937 759 4990 τῶν
772 4938 834 5010 δη
846 4956 968 5009 μιου
977 4958 1077 5014 ργη
1088 4942 1271 5013 μάτων
1290 4941 1370 5007 ὃν,
1392 4942 1487 4995 xui
1502 4942 1674 5014 ὑπερ-

84 5032 278 5101 οχικῶς
305 5030 453 5102 ἔχειν
496 5029 559 5083 τὸ
598 5030 781 5095 καλὸν,
824 5032 899 5097 ὼς
940 5036 1089 5108 τι-ηγὴ
1115 5034 1209 5088 xui
1236 5034 1377 5107 ἀρχὴ
1414 5035 1523 5089 τῶν
1577 5054 1675 5090 κα-

84 5124 185 5176 λῶν
234 5126 518 5179 ἀπάντων.
557 5124 676 5179 Κᾶν
702 5126 810 5197 γὰρ
838 5126 1007 5181 πολλὰ
1047 5128 1210 5190 καλὰ,
1251 5129 1368 5181 ἀλλ’
1408 5128 1467 5193 ἐξ
1508 5130 1673 5184 αὑτοῦ

84 5218 181 5269 εἱσι
208 5217 351 5271 καλά
370 5234 384 5248 ⁸
416 5218 556 5288 αὐτῇ
600 5216 709 5289 γὰρ
734 5220 800 5289 τῇ
829 5218 1099 5291 ὑπερφυεῖ
1136 5212 1366 5291 καλλονῇ
1397 5221 1491 5273 xui
1520 5221 1674 5273 ἀναι-

82 5310 174 5379 τίῳ
201 5312 354 5365 πᾶσα
402 5308 639 5381 καλλονὴ
664 5310 759 5363 xui
786 5311 895 5364 πᾶν
934 5311 1100 5365 καλὸν
1142 5310 1409 5376 αίτιατῶς
1434 5312 1673 5383 προϋφέ-

85 5418 293 5475 στηκεν.
346 5402 611 5466 Ἐνοειδὲς
634 5402 691 5456 δὲ
720 5403 883 5457 καλὸν
906 5407 934 5458 ὁ
959 5405 1113 5470 Θεὸς,
1141 5405 1264 5457 ἐπεὶ
1302 5405 1363 5457 οὐ
1408 5404 1549 5457 κατὰ
1577 5420 1673 5474 με-

80 5497 233 5569 τοχὴν
269 5496 370 5551 τοῦ
413 5495 669 5562 κάλλους,
696 5496 861 5561 καλός
902 5500 1072 5562 ὲστιν,
1119 5497 1196 5559 ὠς
1242 5496 1569 5568 διαιρεῖσθαι
1590 5499 1671 5561 εις

82 5586 440 5661 ὑποκείμενόν
466 5606 523 5641 τι
550 5590 644 5643 καὶ
671 5589 951 5661 ποιότητα,
981 5589 1094 5642 ἀλλ’
1119 5588 1283 5653 αὐτός
1306 5592 1423 5643 ἐστι
1446 5589 1541 5643 xui
1573 5605 1672 5642 xu-

83 5679 163 5735 λὸν
202 5684 297 5738 xui
336 5682 558 5747 κάλλος,
606 5683 697 5736 xui
738 5683 879 5755 ὑπὲρ
913 5684 1113 5737 ταῦτα·
1152 5682 1222 5735 τὰ
1249 5684 1305 5737 δὲ
1345 5684 1452 5738 ἀπὸ
1477 5684 1671 5737 τούτου

83 5776 211 5831 κατά
250 5775 493 5848 μετοχὴν
523 5775 662 5831 καλά
698 5779 757 5831 ὲν
784 5776 1027 5848 ποιότητι
1061 5778 1122 5832 τὸ
1151 5776 1311 5833 καλὸν
1355 5779 1667 5852 κέκτηνται.

1779 4570 1835 4617 et
1876 4560 1981 4616 alia
2018 4561 2185 4618 totius
2224 4560 2409 4629 faciei,
2448 4572 2505 4618 et
2533 4564 2637 4618 alia
2692 4580 2978 4619 manuum.
3024 4563 3138 4620 Nec
3165 4576 3225 4619 ut
3249 4566 3370 4622 aliis

1780 4652 2108 4723 formosum,
2138 4654 2261 4710 aliis
2287 4669 2415 4710 vero
2458 4672 2590 4725 non,
2623 4658 2717 4713 sed
2752 4658 2953 4726 ubique
2986 4668 3216 4727 apparet
3242 4660 3367 4728 pul-

1779 4748 1992 4815 chrum,
2033 4761 2089 4804 et
2126 4750 2179 4803 in
2229 4750 2512 4816 omnibus,
2560 4753 2708 4821 quod
2769 4769 2877 4807 non
2938 4756 3110 4809 habet
3172 4766 3362 4809 nostra

1780 4841 2167 4911 pulchritudo;
2192 4844 2294 4899 etsi
2319 4846 2465 4900 enim
2502 4846 2556 4899 in
2591 4845 2847 4900 omnibus
2878 4860 3001 4901 esse
3026 4856 3191 4913 amet,
3226 4864 3367 4918 quo-

1779 4934 1926 4987 niam
1976 4935 2144 4989 etiam
2196 4936 2378 4990 omnia
2424 4936 2588 5009 393
2631 4938 2860 5009 pulchra
2909 4940 3090 5006 valde,
3125 4942 3220 4997 sed
3253 4956 3363 4996 non

1778 5026 2151 5082 unilormiter.
2194 5028 2315 5083 Alia
2366 5040 2451 5084 est
2507 5030 2653 5085 enim
2705 5031 3064 5100 pulchritudo
3106 5034 3268 5101 solis,
3310 5044 3369 5090 et

1777 5116 1885 5170 alia
1930 5118 2278 5185 pulchritudo
2317 5130 2499 5187 terrae,
2546 5132 2602 5175 et
2662 5122 2769 5176 alia
2813 5137 2993 5192 aqua},
3045 5140 3165 5193 qua:
3199 5128 3367 5182 variae

1776 5220 1906 5264 sunt
1946 5212 2407 5281 pulchritudines,
2452 5229 2553 5270 nec
2602 5216 2670 5270 ad
2722 5231 2890 5271 unum
2933 5220 3264 5273 conducunt.
3305 5219 3364 5275 Id

1775 5305 1919 5372 quod
1958 5298 2142 5358 autem
2174 5320 2301 5361 vere
2330 5306 2681 5377 pulchritudo
2712 5312 2999 5366 uniformis
3035 5312 3273 5373 exsistit,
3307 5314 3362 5365 in

1778 5399 2046 5468 subjectis
2088 5401 2426 5473 variegatur,
2461 5403 2669 5459 idcirco
2710 5406 2763 5461 in
2801 5422 2862 5462 se
2894 5405 3361 5476 pulchritudinem

1776 5496 2097 5565 pruhaherc
2154 5499 2381 5567 dicitur,
2428 5502 2629 5572 quippe
2686 5502 2833 5572 quod
2887 5513 3014 5557 ante
3070 5512 3365 5558 creaturas

1776 5592 2004 5659 existat,
2031 5602 2089 5649 et
2120 5596 2387 5665 quidquid
2422 5596 2709 5666 pulchrum
2749 5610 2834 5652 est
2877 5599 3077 5653 habeat
3107 5599 3358 5651 eminen-

1776 5694 1884 5753 ter,
1940 5697 2200 5760 tanquam
2238 5690 2363 5747 fons
2398 5704 2454 5747 et
2483 5695 2810 5765 principium
2846 5695 3197 5763 pulchrorum
3247 5709 3364 5747 om-

1778 5778 1950 5839 nium.
1981 5781 2094 5839 Etsi
2127 5783 2271 5838 enim
2315 5786 2479 5842 multa
2516 5785 2740 5856 pulchra
2768 5786 2894 5851 sint,
2935 5796 3114 5839 tamen
3147 5799 3213 5839 ex
3242 5783 3359 5855 ipso
