3742 6296
409 302 514 355 763

1593 294 1651 349 S.
1690 292 1987 349 DIONYSII
2025 291 2491 349 AREOPAGITIE

3601 288 3689 341 735

410 415 633 475 pulchra
682 422 837 478 sunt;
893 410 945 465 in
988 410 1103 479 ipsa
1133 408 1277 463 enim
1330 410 1733 477 supernaturali
1762 419 1818 463 et
1873 424 1888 461 (

2247 408 2405 461 10610
2446 410 2509 461 τὸ
2558 407 2722 461 καλὸν
2774 408 2833 461 αι
2888 407 3001 461 τῶν
3057 406 3344 477 στοιχείων
3393 405 3688 474 γεγόναπν

410 519 577 559 causa
614 514 765 559 caret
803 500 1233 572 pulchritudine,
1264 500 1446 554 omnis
1494 499 1844 570 pulchritudo
1874 516 1888 553 (

2209 501 2462 573 qiouxiut,
2503 501 2570 565 ἀς
2620 501 2940 573 ἐφαρμογάς
2975 518 3129 572 φησι,
3158 501 3253 552 καὶ
3277 502 3331 552 αἱ
3370 498 3499 550 τῶν
3535 498 3687 548 ὅντων

412 610 590 665 neque
644 594 932 665 pulchrum
988 595 1287 649 secundum
1361 607 1580 646 causam
1644 593 1983 661 praeexstitit.

405 686 697 741 Pulchrum
727 696 908 739 autem
948 685 1223 739 uniforme
1254 685 1397 738 Deus
1422 694 1547 750 est;
1587 686 1849 755 quoniam
1879 702 1985 739 non

401 793 503 847 per
529 778 1003 847 participationem
1036 776 1457 846 pulchritudinis
1481 776 1709 843 pulcher
1744 777 1982 841 exsistit,

404 879 464 925 ut
504 870 559 924 in
603 870 910 939 subjectum
962 869 1186 938 aliquod
1221 878 1276 921 et
1312 868 1635 937 qualitatem
1686 867 1981 931 dividatur,

401 963 498 1017 sed
527 963 759 1032 ipsemet
785 973 839 1016 et
866 962 1153 1032 pulchrum
1196 970 1277 1016 est
1324 970 1377 1014 et
1402 961 1774 1031 pulchritudo,
1811 961 1985 1031 iisque

402 1054 691 1122 Superior;
735 1070 857 1124 quae
901 1064 1085 1108 autem
1132 1054 1199 1107 ab
1226 1054 1330 1107 hoc
1370 1069 1467 1122 per
1508 1054 1982 1123 participationem

400 1145 626 1214 pulchra
657 1146 952 1209 exsistunt,
988 1144 1332 1222 iii-qualitate
1360 1143 1542 1212 aliqua
1589 1158 1740 1196 suam
1780 1144 1983 1198 habent

406 1236 895 1306 pulchritudinem.
924 1238 1097 1308 Hujus
1125 1236 1337 1307 pulchri
1366 1252 1555 1301 causa,
1583 1238 1979 1292 elementorum

402 1334 797 1399 connexiones,
841 1349 979 1404 quas
1020 1335 1394 1404 coaptaliones
1434 1343 1653 1397 vocant,
1690 1334 1847 1400 ﬁunt,
1891 1348 1979 1390 re—

400 1436 631 1490 rumque
662 1424 802 1479 bene
833 1425 1098 1480 ordinata:
1129 1424 1503 1493 colligationes
1523 1425 1997 1495 perdurant,qua:.

399 1511 655 1567 dicuntur
684 1516 943 1570 amicitia:
969 1528 1026 1572 et
1055 1517 1499 1582 conmmniones;
1529 1519 1738 1571 ratione
1762 1520 1976 1587 quidem

397 1606 751 1673 pra:ditorum
782 1610 849 1662 ad
880 1609 1051 1662 Deum
1085 1610 1476 1677 aspirationes,
1518 1612 1974 1679 quemadmodum

2089 593 2345 647 εὔτακτοι
2400 594 2693 658 συνδέσεις,
2722 597 2778 647 ul.
2818 594 3109 664 λεγόμεναι
3137 592 3313 661 φιλίαι
3348 592 3461 645 xui.
3510 608 3686 643 κοινω-

2089 683 2224 737 νίαι·
2256 684 2487 753 λογικῶν
2513 686 2631 755 μὲν,
2662 685 2716 737 αἱ
2749 684 2884 755 πρὸς
2914 683 3045 737 Θεὸν
3072 684 3392 745 ἀνατάσεις,
3421 681 3565 749 ὼςή
3595 680 3687 731 τῶν

2089 778 2446 847 πρωτοτόκων
2485 777 2777 848 Ἐκκλησία
2805 779 2863 829 ἐν
2894 776 3127 848 οὐρανῷ,
3179 777 3275 829 καὶ
3325 776 3512 829 πάλιν
3562 774 3683 841 αὕτη

2088 870 2119 938 ἡ
2148 870 2241 921 ἐπὶ
2267 869 2371 939 γῆς
2391 887 2403 900 ·
2435 871 2529 922 ἐπὶ
2556 870 2613 922 δὲ
2639 868 2746 921 τῶν
2777 869 2986 937 ἀλόγων
3011 870 3065 923 ui
3091 870 3345 938 ἀγελαῖαι
3381 867 3685 934 συνδιαγω-

2085 965 2209 1034 γαί’
2242 966 2335 1019 ἐπὶ
2365 966 2421 1019 δὲ
2447 964 2555 1017 τῶν
2598 964 2820 1034 ἀψύχων
2849 963 2904 1015 ui
2946 962 3081 1033 πρὸς
3119 962 3327 1033 ἄλληλα
3366 961 3683 1014 συνδετικέ

2086 1057 2451 1127 συμπάθειαι·
2493 1057 2664 1110 ταῦτα
2694 1052 2785 1109 06v
2825 1056 3059 1125 ἥνωνται
3089 1054 3167 1125 τῷ
3200 1052 3380 1124 καλῷ,
3424 1054 3507 1106 τὰ
3548 1052 3685 1121 μεθέ·

2085 1148 2163 1216 ξει
2196 1150 2331 1223 πρὸς
2346 1150 2405 1203 τὸ
2420 1150 2590 1203 αἴτιον
2619 1148 3073 1219 ἐπεστραμμένα.
3102 1147 3276 1199 Τοῦτο
3300 1148 3367 1199 τὸ
3394 1146 3580 1199 καλὸν
3604 1146 3682 1195 καὶ

2080 1238 2157 1303 ὡς
2185 1240 2465 1309 ποιητικὸν
2499 1239 2642 1311 ἀρχὴ
2688 1240 2927 1301 πάντων,
2975 1241 3067 1293 xui.
3103 1240 3179 1303 ὼς
3219 1238 3459 1290 τελικὸν
3500 1238 3679 1296 uit-10v,

2080 1330 2165 1399 ἐφ’
2196 1330 2225 1383 ὂ
2252 1331 2416 1383 τείνει
2449 1333 2598 1384 πᾶσα
2626 1331 2830 1402 σπουδὴ
2851 1333 2944 1384 καὶ
2966 1330 3169 1399 ἔφεσις.
3206 1330 3402 1401 Πέρας
3434 1328 3680 1381 τ’..τὶντιιιν⁹

2080 1423 2254 1495 πέρας
2286 1424 2395 1495 γὰρ
2432 1426 2461 1477 ὁ
2500 1424 2633 1489 Θεὸς
2662 1424 2871 1494 λέγοιτο
2898 1424 2992 1501 ἂν,
3025 1424 3100 1487 ὼς
3138 1423 3389 1493 συνέχων
3450 1422 3529 1473 τὰ
3560 1422 3682 1473 πάν-

2079 1532 2149 1568 τα
2209 1516 2303 1569 καὶ
2367 1518 2585 1571 πάντων
2643 1520 2723 1582 είς
2787 1516 3087 1587 ἀσφάλειαν
3144 1514 3679 1586 περιδεδραγμένος,

2080 1609 2175 1661 xui.
2207 1609 2282 1672 ὼς
2310 1608 2475 1662 αὐτοῦ
2502 1627 2565 1679 γε
2588 1610 2754 1663 ἕνεκα
2774 1610 2995 1663 *πάντων
3017 1610 3095 1671 είς
3121 1608 3182 1661 τὸ
3198 1605 3343 1661 εἶναι
3363 1607 3681 1678 παραχθέν-

398 1695 644 1750 Εουιεςίο
685 1700 1171 1769 primogenitorum
1215 1702 1267 1755 in
1316 1702 1481 1767 caelo,
1526 1713 1694 1771 atque
1727 1705 1872 1757 etian

2199 1743 2204 1761 ,
2233 1702 2326 1754 καὶ
2348 1702 2532 1773 ἐτέρου
2557 1703 2701 1767 τινὸς
2728 1705 2808 1767 είς
2830 1703 2893 1755 τὸ
2915 1701 3270 1771 τελειωθῆναι
3295 1700 3358 1752 ού
3378 1699 3677 1769 δεομένω-μ.

397 1796 577 1853 terra;
614 1790 668 1843 in
702 1791 876 1847 brutis
903 1804 1084 1848 autem
1131 1794 1380 1865 gregales
1432 1796 1744 1863 societates,
1777 1796 1829 1849 in
1858 1797 1870 1850 i

2199 1812 2234 1846 ω
2263 1796 2357 1848 xui.
2397 1763 2579 1866 μέσον,
2607 1763 2810 1865 ὡς⁷
2861 1796 2941 1857 είς
2964 1794 3026 1847 τὸ
3078 1763 3412 1845 συνεστάναι
3447 1763 3677 1861 75:95.1:-

395 1878 558 1934 nimis
585 1895 717 1935 vero
750 1893 952 1937 mutua:
974 1886 1220 1953 quadam
1249 1888 1448 1955 quibus
1476 1887 1809 1957 colligantur
1830 1904 1975 1958 sym-

395 1967 624 2038 pathiaa;
654 1973 766 2027 haec
795 1973 962 2042 igitur
994 1990 1117 2029 cum
1143 1977 1374 2045 pulchro
1402 1978 1689 2045 uniuntur,
1719 1994 1815 2049 per
1844 1994 1974 2048 par-

392 2059 768 2131 ticipationem
818 2067 884 2119 ad
941 2079 1221 2123 auctorem
1282 2085 1572 2126 conversa.
1622 2072 1802 2130 Hocce
1851 2073 1973 2144 pul-

388 2152 583 2209 chrum
612 2168 695 2211 est
724 2161 967 2214 onmium
991 2162 1317 2232 principium
1356 2174 1414 2218 ut
1442 2179 1606 2227 causa
1625 2162 1884 2232 eﬂiciens,
1920 2172 1975 2218 et

389 2254 449 2299 ut
487 2261 650 2304 causa
704 2250 881 2304 linalis
914 2254 981 2305 ad
1012 2270 1176 2321 quam
1220 2257 1395 2310 tendit
1433 2270 1593 2310 omne
1638 2257 1882 2310 studium
1917 2266 1973 2311 et

388 2343 688 2410 appetitus.
732 2343 886 2399 Finis
918 2348 1193 2411 omnium,
1244 2335 1386 2402 Deus
1421 2349 1567 2401 enim
1609 2347 1973 2419 ﬁnisldicitur

389 2442 649 2502 tanquam
692 2436 877 2489 omnia
917 2439 1230 2503 continens,
1275 2447 1332 2494 et
1370 2440 1537 2494 veluti
1568 2449 1766 2494 cuncta
1796 2440 1852 2494 in
1880 2454 1972 2493 se-

387 2527 628 2581 curitate
675 2527 1071 2597 complectens,
1134 2539 1191 2584 et
1230 2532 1281 2585 in
1339 2542 1602 2601 quantum
1646 2531 1763 2600 ejus
1807 2546 1969 2587 causa

389 2621 658 2692 producta
684 2631 811 2675 sunt
842 2623 1123 2691 universa,
1145 2633 1201 2679 et
1236 2625 1439 2681 iutilius
1462 2627 1691 2682 alterius
1719 2627 1969 2698 indigue-

386 2722 517 2767 runt
557 2723 617 2767 ut
662 2716 1088 2785 perﬁcerentur.
1131 2716 1223 2773 Sic
1262 2720 1426 2775 etiam
1472 2720 1710 2775 medium
1744 2720 1969 2783 dicitur,

383 2805 551 2871 veluti
582 2809 1026 2876 perdurationem
1060 2811 1114 2866 in
1142 2814 1496 2869 consistendo
1528 2818 1873 2882 concedens;
1912 2826 1968 2869 et

386 2893 530 2958 ﬁnis,
557 2908 834 2966 quatenus
863 2900 1050 2954 omnia
1093 2902 1145 2955 in
1191 2904 1310 2973 ejus
1352 2905 1635 2963 voluntate
1663 2912 1968 2965 terminan-

384 2997 497 3051 tur,
548 2990 613 3042 ad
657 3006 816 3059 quem
876 2992 1044 3046 etiam
1106 3006 1525 3056 convertuntur.
1584 2998 1740 3057 Hunc
1800 3006 1965 3059 etiam

2081 1902 2163 1939 σιν
2188 1885 2398 1950 διδούςο
2429 1886 2523 1939 xui.
2558 1886 2806 1956 τελευτὴ,
2853 1886 2929 1950 ὡς
2961 1888 3020 1938 ἐν
3063 1883 3141 1955 τῷ
3177 1883 3467 1954 θελήματι
3523 1880 3681 1935 αὐταὶ

2079 1976 2498 2046 περατουμένων
2538 1974 2649 2029 τῶν
2685 1976 2875 2040 ὄντων,
2912 1977 2997 2045 ἐφ’
3022 1975 3081 2027 ὂν
3121 1975 3212 2027 xui.
3264 1974 3681 2044 ἐπέστραπται.

2077 2065 2276 2121 Τοῦτον
2299 2066 2563 2136 λέγεικαὶ
2595 2067 3095 2140 παραδειγματικὸν
3114 2066 3313 2130 αἴτιον,
3347 2066 3435 2129 ὡς
3465 2066 3682 2119 πάντων

2076 2157 2184 2210 τῶν
2212 2159 2489 2230 ἐσομένων
2508 2160 2634 2224 τοὺς
2667 2160 3039 2233 προορισμοὺς
3062 2161 3155 2212 xui.
3179 2161 3237 2211 ἐν
3265 2157 3465 2227 ἐαυτῷ
3504 2174 3681 2227 προει-

2076 2252 2304 2325 ληφότα,
2329 2253 2423 2307 xui.
2447 2254 2576 2324 πρὶν
2601 2252 2633 2324 ἢ
2660 2254 3022 2324 παραγαγεῖν,
3054 2251 3128 2315 ὥς
3152 2268 3323 2321 φησιν
3340 2253 3372 2304 ὁ
3418 2251 3681 2303 Ἀπόστε-

2075 2344 2183 2409 λος·
2218 2346 2334 2413 Οὓς
2360 2346 2429 2399 δὲ
2450 2344 2765 2414 προώρισε,
2793 2344 2887 2398 xui.
2918 2344 2988 2396 τὰ
3015 2342 3159 2413 ἑξῆς.
3189 2342 3351 2396 Οὕτω
3377 2342 3504 2414 γὰρ
3536 2338 3678 2394 εἶπεν

2073 2441 2103 2491 ὁ
2129 2440 2301 2508 ἅγιος,
2340 2442 2399 2492 ἐν
2434 2439 2512 2508 τῷ
2561 2438 2896 2510 προωρίσθαι
2938 2440 2996 2492 ἐν
3035 2435 3183 2507 αὐτῷ
3234 2434 3677 2506 προγνωστικῶς

2072 2532 2141 2586 τὰ
2181 2534 2416 2604 ἐσόμενα
2462 2532 2549 2586 διά
2585 2532 2683 2602 τῆς
2734 2530 3093 2602 περιεχούσης
3130 2528 3200 2581 τὰ
3234 2530 3428 2582 πάντα
3475 2530 3675 2590 ἐνιαξας

2075 2622 2456 2696 προγνώσεως.
2494 2624 2581 2687 Ὧς
2608 2621 2740 2691 γοῦν
2767 2621 2861 2674 106
2890 2620 3116 2690 ἀγαθοῦ,
3148 2620 3294 2673 οὕτω
3322 2622 3428 2673 xui.
3454 2620 3558 2673 106
3589 2638 3677 2672 xu-

2071 2718 2164 2772 λοῦ
2206 2719 2382 2772 πάντα
2419 2720 2648 2788 ἐφίεται,
2686 2719 2781 2772 καὶ
2806 2718 2906 2770 οὐκ
2934 2716 3050 2770 ἐστι
3074 2734 3127 2770 τι
3159 2716 3269 2769 τῶν
3307 2717 3520 2779 ὅντων,
3548 2718 3673 2784 ὅπερ

2071 2813 2131 2865 ού
2168 2811 2383 2882 μετέχει
2402 2810 2499 2865 τοῦ
2519 2810 2707 2874 καλοῦ,
2739 2813 2797 2864 ἐν
2826 2812 2891 2880 τῇ
2926 2808 3137 2881 μεθέξει
3165 2808 3260 2862 106
3293 2809 3462 2873 ὄντος
3488 2808 3672 2862 καλοῦ.

2072 2906 2347 2977 Τολμήσει
2390 2905 2447 2959 δέ
2483 2922 2568 2969 τις
2608 2906 2801 2967 εἰπεῖν,
2837 2904 2918 2956 ὅτι
2950 2903 3046 2956 xui.
3071 2902 3131 2955 τὸ
3158 2901 3232 2974 μὴ
3262 2900 3325 2953 ὃν
3366 2901 3480 2955 τοῦ
3512 2902 3669 2954 καλοῦ

2076 2996 2310 3068 μετέχει.
2342 2995 2467 3060 Πῶς
2494 2996 2550 3049 δὲ
2572 2996 2633 3049 τὸ
2660 2993 2733 3066 μὴ
2758 2993 2818 3047 ὃν
2846 2994 3093 3065 μετέχειν
3123 2993 3320 3063 φησίν;
3370 2994 3473 3046 ὅτι
3504 2996 3565 3046 ἐν
3604 2992 3671 3060 τῷ

380 3091 541 3136 vocat
570 3099 793 3139 causam
824 3088 1215 3157 exemplarem,
1245 3106 1350 3160 qua
1372 3093 1616 3148 omnium
1654 3095 1858 3152 futuro:

2222 3091 2318 3145 xui.
2358 3090 2419 3144 τὸ
2460 3090 2534 3162 μὴ
2570 3089 2630 3143 ὃν
2667 3090 2799 3143 αὐτὸ
2833 3088 2973 3143 κατά
3002 3087 3099 3160 τὴν
3128 3087 3345 3141 πάντων
3366 3086 3669 3158 ἀφαίρεσιν

381 3173 848 3241 ρτωιιείίιιίιίοηεε
903 3177 956 3232 in
1022 3180 1204 3250 seipso
1243 3186 1646 3254 prteconcepit,
1692 3197 1748 3243 et
1794 3191 1959 3246 etiam

379 3273 506 3317 ante
536 3266 973 3334 productionem,
1002 3280 1061 3325 ut
1088 3274 1270 3342 inquit
1314 3276 1609 3345 Apostolus
1636 3299 1649 3334 :
1688 3281 1833 3347 Quos
1861 3302 1961 3339 au.

379 3366 482 3408 lem
523 3359 987 3429 prwdestinavit‘l,
1030 3372 1085 3418 et
1126 3380 1248 3434 quae
1295 3379 1626 3437 sequuntur.
1681 3373 1775 3429 Sic
1815 3377 1958 3432 enim

377 3446 465 3500 vir
488 3461 715 3504 sanctus
751 3451 934 3508 futura
972 3455 1025 3509 in
1077 3457 1193 3527 ipso
1227 3461 1583 3527 praescienter
1623 3468 1959 3533 prmdeﬂnita

340 3536 515 3595 _dixit
542 3553 642 3608 per
686 3543 907 3598 unicam
958 3546 1105 3601 illam
1148 3551 1571 3620 praenotionem,
1610 3571 1716 3626 qua
1760 3536 1957 3615 cuncta

377 3630 792 3699 complectitur.
835 3635 1302 3702 Quemadmodum
1335 3644 1505 3711 igitur
1536 3646 1762 3715 bonum,
1802 3653 1880 3707 sic
1904 3663 1957 3709 et

376 3723 665 3816 pulchrum
700 3729 885 3783 omnia
913 3742 1210 3800 appetunt;
1246 3746 1304 3789 et
1328 3735 1463 3792 nihil
1492 3750 1576 3796 est
1602 3738 1847 3816 39ﬁ'in
1873 3760 1960 3800 re-

374 3815 479 3870 bus
513 3820 657 3887 quod
700 3836 806 3877 non
846 3823 1065 3893 pulchri
1097 3829 1167 3881 sit
1192 3830 1473 3902 particeps
1499 3833 1550 3888 in
1588 3840 1703 3891 veri
1733 3815 1950 3907 pulchri

371 3912 809 3982 participatione.
843 3918 1082 3973 Audebit
1118 3920 1284 3975 etiam
1328 3938 1435 3978 non
1468 3940 1628 3983 nemo
1663 3929 1872 3997 dicere,
1904 3934 1956 3988 id

372 4004 516 4070 quod
542 4020 647 4058 non
683 4016 768 4061 est
789 4008 954 4064 etiam
974 4011 1264 4080 pulchrum
1289 4017 1642 4088 participare.
1670 4022 1955 4090 Quomodo

372 4103 551 4147 autem
590 4096 721 4151 dicit
747 4101 1081 4170 participare
1110 4105 1161 4159 id
1183 4109 1326 4175 quod
1351 4123 1455 4171 non
1484 4111 1606 4165 cst?
1626 4111 1763 4179 Quia
1787 4119 1951 4171 etiam

372 4182 429 4237 in
475 4184 585 4241 Deo
625 4189 676 4242 id
717 4193 860 4258 quod
919 4209 1027 4247 non
1067 4203 1149 4250 est
1186 4211 1282 4265 per
1318 4200 1562 4255 omnium
1619 4204 1953 4263 ablationem

372 4279 729 4347 praedicatur;
757 4293 815 4335 ut
836 4286 1056 4352 quando
1078 4289 1204 4356 quis
1229 4290 1382 4356 dicit,
1404 4293 1557 4348 verbi
1584 4298 1784 4367 gratia,
1811 4300 1955 4357 Deus

373 4384 480 4423 non
520 4381 603 4425 est
641 4373 747 4428 hoc.
769 4376 850 4429 vel
874 4377 1029 4444 illud,
1051 4385 1145 4435 sed
1169 4397 1333 4451 supra
1368 4384 1494 4439 ista.
1519 4386 1574 4440 ld
1602 4387 1785 4460 itaque
1808 4395 1952 4463 quod

2065 3188 2335 3256 ὑμνεῖται,
2364 3186 2454 3237 ὅτε
2483 3183 2631 3253 λέγει
2655 3182 2855 3248 τιςὈύ
2886 3181 3075 3239 τοῦτό,
3105 3182 3206 3233 οὐκ
3230 3182 3425 3234 ἐκεῖνο
3458 3185 3587 3235 ἐστι
3618 3183 3669 3231 τὸ

2064 3288 2238 3351 Θεῖον,
2280 3286 2395 3341 ἀλλ’
2420 3286 2560 3358 ὑπὲρ
2578 3285 2770 3340 ταῦτα.
2800 3284 2970 3338 Τοῦτο
2998 3282 3127 3353 γοῦν
3154 3284 3215 3337 τὸ
3246 3283 3321 3355 μὴ
3346 3282 3443 3347 ὃν,
3473 3286 3512 3354 ἡ
3545 3285 3669 3338 πάν-

2061 3379 2513 3450 τωνάφαίρεσις,
2549 3378 2765 3449 μετέχει
2800 3376 2895 3430 106
2925 3376 3069 3430 θείου
3098 3375 3263 3429 καλοῦ
3293 3376 3396 3428 καὶ
3427 3375 3659 3444 ἀγαθοῦ,

2064 3469 2200 3523 καθὸ
2245 3470 2319 3542 μὴ
2350 3470 2409 3524 ὃν
2437 3470 2498 3523 τὸ
2535 3469 2688 3523 Θεῖον
2731 3469 3078 3540 ὀνομάζεται.
3125 3468 3310 3539 Ἔχεις
3335 3470 3535 3521 εἰπεῖν
3582 3466 3663 3520 καὶ

2060 3562 2160 3633 τὴν
2188 3561 2321 3634 ὓλην
2353 3561 2428 3634 μὴ
2449 3561 2531 3626 ὃν,
2552 3562 2629 3626 ὡς
2660 3560 2734 3633 μὴ
2762 3562 3097 3633 μετέχουσαν
3131 3560 3226 3613 τοῦ
3256 3560 3439 3614 καλοῦ
3470 3562 3659 3622 εἴδους.

2066 3656 2252 3725 Ἔχεις
2300 3655 2477 3708 εἰπεῖν
2513 3653 2609 3708 xui.
2633 3653 2695 3706 τὸ
2732 3653 2921 3717 κακὸν,
2949 3651 3023 3724 μὴ
3059 3651 3118 3705 ὃν
3140 3650 3364 3719 ἀγαθὸν,
3386 3651 3479 3716 ὡς
3513 3652 3662 3722 μετέ-

2061 3762 2145 3816 χει
2172 3745 2266 3798 xui.
2291 3743 2461 3797 10610
2495 3742 2589 3796 106
2614 3741 2802 3807 καλοῦ,
2830 3743 2910 3796 ὅτι
2946 3741 3035 3795 διά
3061 3758 3113 3793 τι
3136 3738 3478 3809 φαινόμενον
3504 3738 3661 3791 καλὸν

2059 3834 2093 3906 ἢ
2124 3834 2329 3904 ἀγαθὸν
2366 3835 2695 3908 πράττεται·
2725 3833 2840 3886 ἀλλ’
2874 3835 2907 3904 ή
2947 3832 3318 3903 ἐπιφερομένη
3346 3833 3659 3904 ἐπεξεργα-

2060 3929 2152 3981 σία
2182 3928 2243 3980 τὸ
2296 3927 2563 4000 πρότερον
2596 3927 2811 3981 δίδωσιν
2842 3927 2991 3998 ἡμᾶς
3041 3928 3262 3980 ἐννοεῖν.
3300 3925 3471 3979 Ἐπεὶ
3512 3925 3657 3978 συνέρ

2060 4018 2184 4088 μιξε
2206 4016 2283 4088 τῷ
2311 4016 2502 4089 ἀγαθῷ
2525 4017 2586 4070 τὸ
2618 4017 2812 4071 καλόν·
2854 4016 2952 4088 (ὡς
2979 4016 3089 4089 γὰρ
3125 4016 3358 4080 ἐκείνου,
3381 4017 3545 4070 οὕτω
3573 4018 3656 4069 καὶ

2054 4111 2242 4165 τούτου
2296 4110 2475 4164 πάντα
2520 4108 2784 4180 ἐφίεταισ)
2834 4107 2992 4162 τοῦτό
3052 4125 3220 4179 φησι,
3276 4109 3514 4162 πάντων
3552 4108 3654 4159 τῶν

2054 4200 2311 4255 τοιούτων
2340 4200 2488 4254 ἐστὶν
2512 4200 2703 4265 αἴτιον,
2731 4197 2924 4262 ἑνικῶς
2955 4196 3218 4268 δηλονότι,
3250 4197 3297 4248 εί
3320 4196 3427 4248 xui.
3444 4195 3652 4248 ποικίλ-

2055 4292 2205 4345 λεται
2230 4292 2372 4346 κατά
2408 4291 2478 4346 τὰ
2523 4290 2645 4345 καθ’
2666 4292 2919 4355 ἕκαστον,
2957 4289 3071 4342 ἀλλ’
3095 4284 3188 4342 οὖν
3213 4287 3270 4340 ἓν
3308 4288 3409 4341 xui.
3450 4287 3651 4343 ἁπλοῦν

2060 4386 2228 4457 μένει.
2267 4386 2354 4449 Ὡς
2376 4387 2405 4439 ὁ
2439 4385 2602 4449 αὐτὸς
2641 4384 2791 4455 ἥλιος
2814 4368 3129 4454 θερμαίνων
3159 4383 3254 4435 καὶ
3280 4380 3527 4452 πέτραν,
3567 4380 3651 4432 καὶ

371 4476 478 4515 non
523 4473 627 4531 est,
668 4466 783 4522 sive
825 4470 1069 4525 omnium
1095 4474 1318 4540 ablatio,
1344 4479 1618 4550 particeps
1654 4495 1739 4539 est
1779 4462 1849 4540 dii

2167 4494 2295 4541 τιον,
2321 4478 2418 4531 καὶ
2446 4477 2555 4548 γῆν
2600 4476 2995 4547 βεϐρεγμένην,
3027 4474 3123 4528 xui.
3157 4475 3319 4545 ὕδωρ,
3352 4474 3507 4547 πλὴν
3537 4492 3645 4527 ποι-

368 4551 583 4620 pulchri
606 4571 671 4612 ac
693 4559 819 4613 boni
842 4561 892 4615 in
916 4573 1177 4630 quantum
1200 4566 1447 4623 divinum
1485 4586 1687 4627 numen
1722 4585 1953 4632 vocatur

370 4661 475 4700 non
512 4663 633 4704 esse
654 4652 788 4723 (40).
815 4652 998 4710 Possis
1022 4658 1203 4724 etiam
1242 4662 1532 4718 materiam
1576 4681 1683 4724 non
1723 4684 1822 4724 ens
1858 4685 1955 4740 ap-

370 4740 594 4807 pellare,
620 4755 891 4813 quatenus
910 4764 1106 4819 expers
1124 4763 1209 4809 est
1229 4756 1472 4824 pulchra:
1512 4759 1723 4815 formae.
1768 4760 1952 4818 Possis

367 4833 535 4888 etiam
576 4836 776 4892 malum
818 4842 1003 4898 dicere
1045 4860 1154 4900 non
1194 4861 1318 4903 esse
1352 4850 1577 4921 bonum,
1604 4853 1659 4909 in
1682 4868 1947 4923 quantum

367 4927 530 5018 etiam
594 4928 753 4997 hujus
806 4934 1018 4999 pulchri
1073 4939 1356 5010 particeps
1395 4944 1641 5012 exsistit;
1681 4949 1811 5017 quia
1849 4964 1950 5018 per

367 5016 583 5084 aliquod
629 5036 897 5090 apparens
938 5028 1223 5095 pulchrum
1279 5033 1368 5088 vel
1423 5037 1624 5091 bonum
1685 5016 1941 5108 tingitur;

369 5119 627 5175 expressa
671 5127 800 5167 vero
838 5116 1140 5178 similitudo
1178 5126 1271 5179 dat
1310 5127 1469 5182 nobis
1505 5130 1859 5200 cogitandum
1886 5134 1938 5187 id

508 5624 534 5662 ιι
558 5613 715 5670 Rom.
739 5633 860 5685 vni,
895 5622 981 5677 '50.

446 5768 562 5839 (40)
592 5771 813 5831 Scilicet
846 5779 946 5835 hoc
975 5781 1059 5837 vel
1097 5782 1249 5838 illud.

2059 4571 2225 4635 κίλως
2249 4570 2385 4642 πρὸς
2424 4570 2495 4623 τά
2535 4570 2798 4641 δεχόμενα
2821 4586 2834 4599 ο
2864 4571 2930 4622 ἐκ
2961 4567 3150 4621 τούτου
3182 4569 3351 4620 πᾶσαι
3383 4568 3510 4621 τῶν
3542 4584 3647 4619 κτι-

2058 4663 2198 4718 στῶν
2222 4664 2277 4716 αἱ
2304 4660 2583 4725 ούσιώδεις
2602 4659 2887 4733 ὑπάρξεις.
2906 4658 3102 4723 Καλῶς
3131 4659 3187 4711 δὲ
3214 4658 3275 4711 τὸ
3296 4659 3579 4712 οὺσιώὸει
3594 4675 3637 4723 ς’

2056 4758 2113 4810 ui
2150 4756 2259 4827 γὰρ
2299 4754 2561 4825 ὑπάρξεις
2601 4753 2723 4807 καθ’
2746 4751 2942 4815 ἐαυτάς
2992 4749 3258 4821 ἀνώτεραι
3303 4751 3419 4804 τῶν
3451 4751 3640 4804 οὐσιῶν

2054 4850 2221 4903 εἰσινο
2259 4848 2495 4920 ὓπαρξις
2526 4847 2634 4918 γάρ
2664 4848 2812 4899 ἐστιν
2852 4844 2983 4899 αὐτὸ
3018 4844 3082 4897 τὸ
3113 4838 3253 4897 εἷναί
3280 4859 3369 4896 τι·
3402 4844 3563 4896 οὐσία
3586 4842 3635 4894 δέ

2056 4944 2172 4995 ἐστι
2200 4941 2261 4994 τὸ
2288 4942 2341 4994 τί
2368 4943 2485 4994 ἐστι
2520 4938 2617 4991 τοῦ
2649 4938 2822 5001 ὄντος.
2864 4936 3082 5009 Ἐπειδὴ
3104 4932 3196 4989 οὖν
3221 4936 3354 5001 περὶ
3376 4936 3492 4989 τῶν
3532 4952 3635 4988 κτι·

2057 5031 2195 5085 στῶν
2226 5048 2407 5101 φησιν,
2432 5028 3055 5099 εἰκότωςτῷρπάρξειςη
3076 5026 3385 5099 προσέθηκε
3454 5029 3516 5081 τὸ
3539 5029 3630 5081 οὐ·

2057 5128 2313 5194 σιώδεις.
2358 5126 2609 5190 Ἐνώσεις
2640 5126 2696 5178 δὲ
2721 5126 2983 5194 λέγονται,
3015 5124 3114 5195 οὐχ
3148 5124 3227 5177 ὄτι
3269 5124 3518 5195 σωρηδὸν
3546 5122 3632 5173 σὺν

2052 5220 2246 5292 ἐκείνῳ
2279 5221 2339 5273 ἐν
2371 5238 2424 5273 τι
2457 5217 2863 5282 ἀποτελοῦνται,
2891 5218 3005 5272 ἀλλ’
3030 5219 3113 5271 ὄτι
3157 5217 3308 5288 πηγὴ
3336 5218 3521 5270 αὐτῶν
3546 5214 3627 5267 καὶ

2052 5316 2193 5387 ἀρχὴ
2223 5318 2250 5369 ό
2282 5316 2435 5380 Θεὸς,
2482 5316 2579 5369 xui.
2616 5314 2676 5380 ἐξ
2714 5314 2879 5368 αὑτοῦ
2927 5313 3286 5385 παρήχθησαν
3323 5312 3625 5365 ὑποστάντα

2050 5418 2170 5471 καθ’
2197 5418 2587 5482 ὑπόστασιν,ὼς
2612 5418 2705 5472 καὶ
2728 5420 2806 5482 είς
2830 5418 3127 5489 διακρίσεις
3150 5416 3506 5469 ύποστάσεων
3533 5430 3624 5482 φα·-

2050 5510 2224 5581 νῆναι.
2252 5509 2595 5579 Ταύτότητες
2625 5508 2681 5562 δὲ
2714 5510 2768 5561 ui
2787 5508 3068 5577 ἀναγωγαὶ
3092 5506 3185 5561 καὶ
3212 5504 3472 5559 ἑνωτικαὶ
3496 5499 3623 5570 πρὸς
