  <div class='ocr_page' id='page_1' title='image "/cluster/home/n/w/nwhite01/storage/ocr_20150623/3/hvd.32044014713192/390.png"; bbox 0 0 3752 6296; ppageno 0'>
   <div class='ocr_carea' id='block_1_1' title="bbox 116 305 216 362">
    <p class='ocr_par' dir='ltr' id='par_1_1' title="bbox 116 305 216 362">
     <span class='ocr_line' id='line_1_1' title="bbox 116 305 216 362; baseline 0.03 -3"><span class='ocrx_word' id='word_1_1' title='bbox 116 305 216 362; x_wconf 79' lang='lat'><strong>765</strong></span> 
     </span>
    </p>
   </div>
   <div class='ocr_carea' id='block_1_2' title="bbox 682 301 2776 366">
    <p class='ocr_par' dir='ltr' id='par_1_2' title="bbox 682 301 2776 366">
     <span class='ocr_line' id='line_1_2' title="bbox 682 301 2776 366; baseline 0 -8"><span class='ocrx_word' id='word_1_2' title='bbox 682 302 773 359; x_wconf 88' lang='lat' dir='ltr'><strong>DE</strong></span> <span class='ocrx_word' id='word_1_3' title='bbox 808 303 1060 361; x_wconf 81' lang='lat' dir='ltr'><strong>DIVINIS</strong></span> <span class='ocrx_word' id='word_1_4' title='bbox 1092 304 1494 366; x_wconf 85' lang='lat' dir='ltr'><strong>NOMINIBUS.</strong></span> <span class='ocrx_word' id='word_1_5' title='bbox 1532 304 1685 361; x_wconf 80' lang='lat' dir='ltr'><strong>CAP.</strong></span> <span class='ocrx_word' id='word_1_6' title='bbox 1724 304 1887 359; x_wconf 84' lang='lat' dir='ltr'><strong>lV.-—</strong></span> <span class='ocrx_word' id='word_1_7' title='bbox 1917 302 2264 361; x_wconf 77' lang='lat' dir='ltr'><strong>PARAPIIR.</strong></span> <span class='ocrx_word' id='word_1_8' title='bbox 2300 301 2776 361; x_wconf 71' lang='lat' dir='ltr'><strong>PACHYMEIUE.</strong></span> 
     </span>
    </p>
   </div>
   <div class='ocr_carea' id='block_1_3' title="bbox 3260 306 3367 363">
    <p class='ocr_par' dir='ltr' id='par_1_3' title="bbox 3260 306 3367 363">
     <span class='ocr_line' id='line_1_3' title="bbox 3260 306 3367 363; baseline 0.037 -4"><span class='ocrx_word' id='word_1_9' title='bbox 3260 306 3367 363; x_wconf 73' lang='lat'><strong>766</strong></span> 
     </span>
    </p>
   </div>
   <div class='ocr_carea' id='block_1_4' title="bbox 114 417 1596 493">
    <p class='ocr_par' dir='ltr' id='par_1_4' title="bbox 114 417 1596 493">
     <span class='ocr_line' id='line_1_4' title="bbox 114 417 1596 493; baseline -0.002 -20"><span class='ocrx_word' id='word_1_10' title='bbox 114 420 244 473; x_wconf 71' lang='grc' dir='ltr'>Θεὸν</span> <span class='ocrx_word' id='word_1_11' title='bbox 279 418 547 490; x_wconf 83' lang='grc' dir='ltr'>δυνάμεις</span> <span class='ocrx_word' id='word_1_12' title='bbox 571 417 681 493; x_wconf 80' lang='grc' dir='ltr'><strong>τῶν</strong></span> <span class='ocrx_word' id='word_1_13' title='bbox 700 418 925 489; x_wconf 83' lang='grc' dir='ltr'><strong>νοητῶν,</strong></span> <span class='ocrx_word' id='word_1_14' title='bbox 949 417 1024 483; x_wconf 84' lang='grc' dir='ltr'>ὡς</span> <span class='ocrx_word' id='word_1_15' title='bbox 1056 420 1151 472; x_wconf 76' lang='grc' dir='ltr'><strong>καὶ</strong></span> <span class='ocrx_word' id='word_1_16' title='bbox 1186 418 1523 489; x_wconf 81' lang='grc' dir='ltr'><strong>ὁμοιότητες,</strong></span> <span class='ocrx_word' id='word_1_17' title='bbox 1550 420 1596 471; x_wconf 69' lang='grc' dir='ltr'><strong>ὲπ</strong></span> 
     </span>
    </p>
   </div>
   <div class='ocr_carea' id='block_1_5' title="bbox 1879 417 3361 493">
    <p class='ocr_par' dir='ltr' id='par_1_5' title="bbox 1879 417 3361 490">
     <span class='ocr_line' id='line_1_5' title="bbox 1879 417 3361 490; baseline 0.003 -18"><span class='ocrx_word' id='word_1_18' title='bbox 1879 428 2102 474; x_wconf 86' lang='lat' dir='ltr'><strong>rmanet.</strong></span> <span class='ocrx_word' id='word_1_19' title='bbox 2143 419 2297 473; x_wconf 88' lang='lat' dir='ltr'><strong>Sicut</strong></span> <span class='ocrx_word' id='word_1_20' title='bbox 2336 420 2477 473; x_wconf 89' lang='lat' dir='ltr'><strong>idem</strong></span> <span class='ocrx_word' id='word_1_21' title='bbox 2517 418 2596 472; x_wconf 89' lang='lat' dir='ltr'><strong>sol</strong></span> <span class='ocrx_word' id='word_1_22' title='bbox 2636 417 2964 473; x_wconf 75' lang='lat' dir='ltr'><strong>calefaciens</strong></span> <span class='ocrx_word' id='word_1_23' title='bbox 3018 430 3076 474; x_wconf 91' lang='lat' dir='ltr'><strong>et</strong></span> <span class='ocrx_word' id='word_1_24' title='bbox 3125 420 3361 490; x_wconf 86' lang='lat' dir='ltr'><strong>lapidein</strong></span> 
     </span>
    </p>
   </div>
   <div class='ocr_carea' id='block_1_6' title="bbox 113 495 1695 583">
    <p class='ocr_par' dir='ltr' id='par_1_6' title="bbox 113 495 1695 583">
     <span class='ocr_line' id='line_1_6' title="bbox 113 495 1695 583; baseline -0.003 -16"><span class='ocrx_word' id='word_1_25' title='bbox 113 495 178 583; x_wconf 60' lang='grc' dir='ltr'><strong>δή</strong></span> <span class='ocrx_word' id='word_1_26' title='bbox 206 513 302 565; x_wconf 75' lang='grc' dir='ltr'><strong>καὶ</strong></span> <span class='ocrx_word' id='word_1_27' title='bbox 329 513 391 577; x_wconf 80' lang='grc' dir='ltr'>ἐξ</span> <span class='ocrx_word' id='word_1_28' title='bbox 420 510 591 565; x_wconf 79' lang='grc' dir='ltr'>αὑτοῦ</span> <span class='ocrx_word' id='word_1_29' title='bbox 618 514 724 566; x_wconf 84' lang='grc' dir='ltr'>εἰσι</span> <span class='ocrx_word' id='word_1_30' title='bbox 759 512 852 565; x_wconf 79' lang='grc' dir='ltr'>καὶ</span> <span class='ocrx_word' id='word_1_31' title='bbox 879 515 1168 583; x_wconf 85' lang='grc' dir='ltr'>προσεχεῖς</span> <span class='ocrx_word' id='word_1_32' title='bbox 1196 511 1364 581; x_wconf 78' lang='grc' dir='ltr'>αὐτῷ.</span> <span class='ocrx_word' id='word_1_33' title='bbox 1411 512 1695 582; x_wconf 81' lang='grc' dir='ltr'>Ἑτερότη-</span> 
     </span>
    </p>
   </div>
   <div class='ocr_carea' id='block_1_7' title="bbox 112 601 1694 675">
    <p class='ocr_par' dir='ltr' id='par_1_7' title="bbox 112 601 1694 675">
     <span class='ocr_line' id='line_1_7' title="bbox 112 601 1694 675; baseline -0.002 -19"><span class='ocrx_word' id='word_1_34' title='bbox 112 621 202 667; x_wconf 78' lang='grc' dir='ltr'><strong>τες</strong></span> <span class='ocrx_word' id='word_1_35' title='bbox 220 604 278 657; x_wconf 83' lang='grc' dir='ltr'>δὲ</span> <span class='ocrx_word' id='word_1_36' title='bbox 303 605 469 657; x_wconf 80' lang='grc' dir='ltr'>οἱονεὶ</span> <span class='ocrx_word' id='word_1_37' title='bbox 499 606 528 657; x_wconf 89' lang='grc' dir='ltr'><strong>ό</strong></span> <span class='ocrx_word' id='word_1_38' title='bbox 572 604 882 675; x_wconf 86' lang='grc' dir='ltr'>μεριστικὸς</span> <span class='ocrx_word' id='word_1_39' title='bbox 917 603 1235 673; x_wconf 77' lang='grc' dir='ltr'>πληθυσμὸς</span> <span class='ocrx_word' id='word_1_40' title='bbox 1264 606 1321 656; x_wconf 82' lang='grc' dir='ltr'>ὲν</span> <span class='ocrx_word' id='word_1_41' title='bbox 1349 605 1469 665; x_wconf 86' lang='grc' dir='ltr'>ταῖς</span> <span class='ocrx_word' id='word_1_42' title='bbox 1500 601 1694 654; x_wconf 80' lang='grc' dir='ltr'>ὑποϐε-</span> 
     </span>
    </p>
   </div>
   <div class='ocr_carea' id='block_1_8' title="bbox 114 694 1690 767">
    <p class='ocr_par' dir='ltr' id='par_1_8' title="bbox 114 694 1690 767">
     <span class='ocr_line' id='line_1_8' title="bbox 114 694 1690 767; baseline -0.002 -18"><span class='ocrx_word' id='word_1_43' title='bbox 114 694 363 767; x_wconf 78' lang='grc' dir='ltr'>ϐηκυίαις</span> <span class='ocrx_word' id='word_1_44' title='bbox 393 695 643 767; x_wconf 87' lang='grc' dir='ltr'>προόδοις</span> <span class='ocrx_word' id='word_1_45' title='bbox 682 695 775 747; x_wconf 90' lang='grc' dir='ltr'><strong>τοῦ</strong></span> <span class='ocrx_word' id='word_1_46' title='bbox 811 694 954 747; x_wconf 87' lang='grc' dir='ltr'>Θείου</span> <span class='ocrx_word' id='word_1_47' title='bbox 990 694 1310 765; x_wconf 82' lang='grc' dir='ltr'><strong>θελήματος.</strong></span> <span class='ocrx_word' id='word_1_48' title='bbox 1354 696 1690 765; x_wconf 77' lang='grc' dir='ltr'>Ἀνομοιότη-</span> 
     </span>
    </p>
   </div>
   <div class='ocr_carea' id='block_1_9' title="bbox 110 785 1693 856">
    <p class='ocr_par' dir='ltr' id='par_1_9' title="bbox 110 785 1693 856">
     <span class='ocr_line' id='line_1_9' title="bbox 110 785 1693 856; baseline 0 -19"><span class='ocrx_word' id='word_1_49' title='bbox 110 803 200 850; x_wconf 88' lang='grc' dir='ltr'><strong>τες</strong></span> <span class='ocrx_word' id='word_1_50' title='bbox 224 786 305 851; x_wconf 86' lang='grc' dir='ltr'>δὲ,</span> <span class='ocrx_word' id='word_1_51' title='bbox 329 786 520 856; x_wconf 72' lang='grc' dir='ltr'>ἐπειδὴ</span> <span class='ocrx_word' id='word_1_52' title='bbox 545 786 604 839; x_wconf 85' lang='grc' dir='ltr'><strong>τὸ</strong></span> <span class='ocrx_word' id='word_1_53' title='bbox 626 786 905 856; x_wconf 86' lang='grc' dir='ltr'>γινόμενον</span> <span class='ocrx_word' id='word_1_54' title='bbox 934 786 1119 856; x_wconf 72' lang='grc' dir='ltr'>ἕτερον</span> <span class='ocrx_word' id='word_1_55' title='bbox 1140 785 1233 837; x_wconf 92' lang='grc' dir='ltr'><strong>τοῦ</strong></span> <span class='ocrx_word' id='word_1_56' title='bbox 1255 785 1445 856; x_wconf 82' lang='grc' dir='ltr'>δημιου</span> <span class='ocrx_word' id='word_1_57' title='bbox 1456 787 1693 856; x_wconf 79' lang='grc' dir='ltr'>ργήσαν-</span> 
     </span>
    </p>
   </div>
   <div class='ocr_carea' id='block_1_10' title="bbox 110 876 1691 947">
    <p class='ocr_par' dir='ltr' id='par_1_10' title="bbox 110 876 1691 947">
     <span class='ocr_line' id='line_1_10' title="bbox 110 876 1691 947; baseline -0.003 -14"><span class='ocrx_word' id='word_1_58' title='bbox 110 896 220 943; x_wconf 85' lang='grc' dir='ltr'>τος.</span> <span class='ocrx_word' id='word_1_59' title='bbox 256 878 553 931; x_wconf 80' lang='grc' dir='ltr'>Κοινωνίαι</span> <span class='ocrx_word' id='word_1_60' title='bbox 589 878 697 930; x_wconf 84' lang='grc' dir='ltr'>τῶν</span> <span class='ocrx_word' id='word_1_61' title='bbox 724 878 981 931; x_wconf 76' lang='grc' dir='ltr'><strong>ἐναντίων</strong></span> <span class='ocrx_word' id='word_1_62' title='bbox 1008 878 1063 930; x_wconf 81' lang='grc' dir='ltr'>αἱ</span> <span class='ocrx_word' id='word_1_63' title='bbox 1104 877 1214 929; x_wconf 81' lang='grc' dir='ltr'><strong>τῶν</strong></span> <span class='ocrx_word' id='word_1_64' title='bbox 1248 876 1522 947; x_wconf 78' lang='grc' dir='ltr'>στοιχείων</span> <span class='ocrx_word' id='word_1_65' title='bbox 1559 877 1691 947; x_wconf 84' lang='grc' dir='ltr'>κρά-</span> 
     </span>
    </p>
   </div>
   <div class='ocr_carea' id='block_1_11' title="bbox 111 968 1689 1041">
    <p class='ocr_par' dir='ltr' id='par_1_11' title="bbox 111 968 1689 1041">
     <span class='ocr_line' id='line_1_11' title="bbox 111 968 1689 1041; baseline -0.003 -16"><span class='ocrx_word' id='word_1_66' title='bbox 111 990 222 1035; x_wconf 87' lang='grc' dir='ltr'>σεις</span> <span class='ocrx_word' id='word_1_67' title='bbox 241 990 255 1001; x_wconf 77' lang='grc' dir='ltr'><strong>ο</strong></span> <span class='ocrx_word' id='word_1_68' title='bbox 291 970 640 1041; x_wconf 86' lang='grc' dir='ltr'>ἀλληλουχίαι</span> <span class='ocrx_word' id='word_1_69' title='bbox 671 972 703 1040; x_wconf 81' lang='grc' dir='ltr'>ἡ</span> <span class='ocrx_word' id='word_1_70' title='bbox 727 968 820 1022; x_wconf 86' lang='grc' dir='ltr'><strong>τοῦ</strong></span> <span class='ocrx_word' id='word_1_71' title='bbox 854 968 1058 1040; x_wconf 80' lang='grc' dir='ltr'>κόσμου</span> <span class='ocrx_word' id='word_1_72' title='bbox 1089 969 1287 1032; x_wconf 87' lang='grc' dir='ltr'>παντὸς</span> <span class='ocrx_word' id='word_1_73' title='bbox 1311 970 1571 1038; x_wconf 82' lang='grc' dir='ltr'>συνάφεια</span> <span class='ocrx_word' id='word_1_74' title='bbox 1596 970 1689 1021; x_wconf 81' lang='grc' dir='ltr'><strong>καὶ</strong></span> 
     </span>
    </p>
   </div>
   <div class='ocr_carea' id='block_1_12' title="bbox 110 1058 1689 1135">
    <p class='ocr_par' dir='ltr' id='par_1_12' title="bbox 110 1058 1689 1135">
     <span class='ocr_line' id='line_1_12' title="bbox 110 1058 1689 1135; baseline -0.003 -20"><span class='ocrx_word' id='word_1_75' title='bbox 110 1063 445 1135; x_wconf 81' lang='grc' dir='ltr'><strong>συμπάθεια.</strong></span> <span class='ocrx_word' id='word_1_76' title='bbox 488 1061 835 1132; x_wconf 78' lang='grc' dir='ltr'>Ἀσυμμιξίαι</span> <span class='ocrx_word' id='word_1_77' title='bbox 866 1059 977 1114; x_wconf 86' lang='grc' dir='ltr'><strong>τῶν</strong></span> <span class='ocrx_word' id='word_1_78' title='bbox 1017 1058 1333 1131; x_wconf 76' lang='grc' dir='ltr'>ήνωμένων,</span> <span class='ocrx_word' id='word_1_79' title='bbox 1359 1058 1435 1122; x_wconf 83' lang='grc' dir='ltr'>ὡς</span> <span class='ocrx_word' id='word_1_80' title='bbox 1460 1059 1556 1112; x_wconf 75' lang='grc' dir='ltr'>ἐπὶ</span> <span class='ocrx_word' id='word_1_81' title='bbox 1588 1058 1689 1129; x_wconf 82' lang='grc' dir='ltr'><strong>τῆς</strong></span> 
     </span>
    </p>
   </div>
   <div class='ocr_carea' id='block_1_13' title="bbox 105 1143 1691 1224">
    <p class='ocr_par' dir='ltr' id='par_1_13' title="bbox 105 1143 1691 1224">
     <span class='ocr_line' id='line_1_13' title="bbox 105 1143 1691 1224; baseline -0.007 -17"><span class='ocrx_word' id='word_1_82' title='bbox 105 1155 200 1207; x_wconf 80' lang='grc' dir='ltr'><strong>τοῦ</strong></span> <span class='ocrx_word' id='word_1_83' title='bbox 224 1154 321 1207; x_wconf 73' lang='grc' dir='ltr'>ἀνθ</span> <span class='ocrx_word' id='word_1_84' title='bbox 333 1153 567 1224; x_wconf 82' lang='grc' dir='ltr'>ρωπείου</span> <span class='ocrx_word' id='word_1_85' title='bbox 593 1153 779 1221; x_wconf 82' lang='grc' dir='ltr'>γένους</span> <span class='ocrx_word' id='word_1_86' title='bbox 807 1151 1135 1222; x_wconf 85' lang='grc' dir='ltr'><strong>κοινότητος,</strong></span> <span class='ocrx_word' id='word_1_87' title='bbox 1161 1152 1253 1203; x_wconf 78' lang='grc' dir='ltr'><strong>καὶ</strong></span> <span class='ocrx_word' id='word_1_88' title='bbox 1269 1150 1368 1220; x_wconf 83' lang='grc' dir='ltr'>τῆς</span> <span class='ocrx_word' id='word_1_89' title='bbox 1384 1149 1506 1203; x_wconf 83' lang='grc' dir='ltr'>καθ’</span> <span class='ocrx_word' id='word_1_90' title='bbox 1553 1143 1691 1198; x_wconf 81' lang='grc' dir='ltr'>’ἐκα-</span> 
     </span>
    </p>
   </div>
   <div class='ocr_carea' id='block_1_14' title="bbox 98 1238 1686 1313">
    <p class='ocr_par' dir='ltr' id='par_1_14' title="bbox 98 1238 1686 1313">
     <span class='ocr_line' id='line_1_14' title="bbox 98 1238 1686 1313; baseline 0 -22"><span class='ocrx_word' id='word_1_91' title='bbox 98 1255 224 1293; x_wconf 79' lang='grc' dir='ltr'>στον</span> <span class='ocrx_word' id='word_1_92' title='bbox 239 1242 527 1313; x_wconf 77' lang='grc' dir='ltr'>ἄνθρωπον</span> <span class='ocrx_word' id='word_1_93' title='bbox 557 1241 816 1312; x_wconf 73' lang='grc' dir='ltr'>ἰδιότητος</span> <span class='ocrx_word' id='word_1_94' title='bbox 837 1257 850 1270; x_wconf 80' lang='grc'><em>’</em></span> <span class='ocrx_word' id='word_1_95' title='bbox 882 1240 959 1310; x_wconf 84' lang='grc' dir='ltr'><strong>τῷ</strong></span> <span class='ocrx_word' id='word_1_96' title='bbox 1000 1241 1098 1311; x_wconf 86' lang='grc' dir='ltr'><strong>μὲν</strong></span> <span class='ocrx_word' id='word_1_97' title='bbox 1138 1240 1246 1310; x_wconf 99' lang='lat'><strong>7&amp;9</strong></span> <span class='ocrx_word' id='word_1_98' title='bbox 1285 1238 1449 1309; x_wconf 81' lang='grc' dir='ltr'>κοινῷ</span> <span class='ocrx_word' id='word_1_99' title='bbox 1472 1239 1572 1309; x_wconf 81' lang='grc' dir='ltr'>τῆς</span> <span class='ocrx_word' id='word_1_100' title='bbox 1595 1244 1686 1292; x_wconf 84' lang='grc' dir='ltr'>ου-</span> 
     </span>
    </p>
   </div>
   <div class='ocr_carea' id='block_1_15' title="bbox 104 1330 1685 1404">
    <p class='ocr_par' dir='ltr' id='par_1_15' title="bbox 104 1330 1685 1404">
     <span class='ocr_line' id='line_1_15' title="bbox 104 1330 1685 1404; baseline -0.002 -17"><span class='ocrx_word' id='word_1_101' title='bbox 104 1335 227 1397; x_wconf 89' lang='grc' dir='ltr'>σίας</span> <span class='ocrx_word' id='word_1_102' title='bbox 253 1334 398 1403; x_wconf 86' lang='grc' dir='ltr'>λόγῳ</span> <span class='ocrx_word' id='word_1_103' title='bbox 422 1334 624 1396; x_wconf 84' lang='grc' dir='ltr'>πάντες</span> <span class='ocrx_word' id='word_1_104' title='bbox 648 1332 929 1404; x_wconf 74' lang='grc' dir='ltr'><strong>ἡγώμεθα⁸</strong></span> <span class='ocrx_word' id='word_1_105' title='bbox 958 1335 1024 1402; x_wconf 80' lang='grc' dir='ltr'>τῇ</span> <span class='ocrx_word' id='word_1_106' title='bbox 1058 1332 1115 1384; x_wconf 80' lang='grc' dir='ltr'>δὲ</span> <span class='ocrx_word' id='word_1_107' title='bbox 1143 1330 1263 1382; x_wconf 79' lang='grc' dir='ltr'>καθ’</span> <span class='ocrx_word' id='word_1_108' title='bbox 1295 1331 1524 1384; x_wconf 73' lang='grc' dir='ltr'>ἕκαστον</span> <span class='ocrx_word' id='word_1_109' title='bbox 1561 1332 1685 1384; x_wconf 78' lang='grc' dir='ltr'>ἰδιό-</span> 
     </span>
    </p>
   </div>
   <div class='ocr_carea' id='block_1_16' title="bbox 100 1421 1686 1496">
    <p class='ocr_par' dir='ltr' id='par_1_16' title="bbox 100 1421 1686 1496">
     <span class='ocr_line' id='line_1_16' title="bbox 100 1421 1686 1496; baseline -0.003 -19"><span class='ocrx_word' id='word_1_110' title='bbox 100 1442 226 1496; x_wconf 88' lang='grc' dir='ltr'>τητι</span> <span class='ocrx_word' id='word_1_111' title='bbox 265 1425 328 1477; x_wconf 88' lang='grc' dir='ltr'>τὸ</span> <span class='ocrx_word' id='word_1_112' title='bbox 348 1423 693 1495; x_wconf 73' lang='grc' dir='ltr'>άσύμμικτον</span> <span class='ocrx_word' id='word_1_113' title='bbox 719 1424 932 1493; x_wconf 77' lang='grc' dir='ltr'>ἔχομεν.</span> <span class='ocrx_word' id='word_1_114' title='bbox 958 1424 1023 1473; x_wconf 82' lang='grc' dir='ltr'><strong>Αἱ</strong></span> <span class='ocrx_word' id='word_1_115' title='bbox 1062 1422 1276 1474; x_wconf 86' lang='grc' dir='ltr'>πάντων</span> <span class='ocrx_word' id='word_1_116' title='bbox 1302 1421 1686 1493; x_wconf 80' lang='grc' dir='ltr'>ἀμετακίνητοι</span> 
     </span>
    </p>
   </div>
   <div class='ocr_carea' id='block_1_17' title="bbox 105 1513 1682 1587">
    <p class='ocr_par' dir='ltr' id='par_1_17' title="bbox 105 1513 1682 1587">
     <span class='ocr_line' id='line_1_17' title="bbox 105 1513 1682 1587; baseline -0.003 -17"><span class='ocrx_word' id='word_1_117' title='bbox 105 1518 300 1586; x_wconf 85' lang='grc' dir='ltr'>μοναί·</span> <span class='ocrx_word' id='word_1_118' title='bbox 332 1517 562 1570; x_wconf 71' lang='grc' dir='ltr'>ἕκαστον</span> <span class='ocrx_word' id='word_1_119' title='bbox 599 1516 708 1587; x_wconf 91' lang='lat'><strong>7&amp;9</strong></span> <span class='ocrx_word' id='word_1_120' title='bbox 730 1516 849 1569; x_wconf 80' lang='grc' dir='ltr'>καθ’</span> <span class='ocrx_word' id='word_1_121' title='bbox 871 1516 1030 1568; x_wconf 80' lang='grc' dir='ltr'>ἑαυτὸ</span> <span class='ocrx_word' id='word_1_122' title='bbox 1067 1516 1381 1567; x_wconf 85' lang='grc' dir='ltr'>συνίσταται</span> <span class='ocrx_word' id='word_1_123' title='bbox 1415 1514 1509 1566; x_wconf 78' lang='grc' dir='ltr'><strong>καὶ</strong></span> <span class='ocrx_word' id='word_1_124' title='bbox 1547 1513 1682 1566; x_wconf 77' lang='grc' dir='ltr'>ἐστι.</span> 
     </span>
    </p>
   </div>
   <div class='ocr_carea' id='block_1_18' title="bbox 99 1604 1684 1679">
    <p class='ocr_par' dir='ltr' id='par_1_18' title="bbox 99 1604 1684 1679">
     <span class='ocr_line' id='line_1_18' title="bbox 99 1604 1684 1679; baseline 0 -20"><span class='ocrx_word' id='word_1_125' title='bbox 99 1609 211 1660; x_wconf 73' lang='grc' dir='ltr'><strong>Καὶ</strong></span> <span class='ocrx_word' id='word_1_126' title='bbox 256 1604 435 1671; x_wconf 79' lang='grc' dir='ltr'>αὖθις,</span> <span class='ocrx_word' id='word_1_127' title='bbox 489 1611 545 1661; x_wconf 77' lang='grc' dir='ltr'><strong>αἱ</strong></span> <span class='ocrx_word' id='word_1_128' title='bbox 598 1609 815 1664; x_wconf 85' lang='grc' dir='ltr'>πάντων</span> <span class='ocrx_word' id='word_1_129' title='bbox 871 1610 929 1660; x_wconf 81' lang='grc' dir='ltr'>ὲν</span> <span class='ocrx_word' id='word_1_130' title='bbox 980 1609 1197 1679; x_wconf 77' lang='grc' dir='ltr'>ἑκάστῳ</span> <span class='ocrx_word' id='word_1_131' title='bbox 1237 1606 1528 1661; x_wconf 83' lang='grc' dir='ltr'>κοινωνίαι.</span> <span class='ocrx_word' id='word_1_132' title='bbox 1567 1608 1684 1659; x_wconf 87' lang='grc' dir='ltr'><strong>Ἐν-</strong></span> 
     </span>
    </p>
   </div>
   <div class='ocr_carea' id='block_1_19' title="bbox 97 1700 1682 1773">
    <p class='ocr_par' dir='ltr' id='par_1_19' title="bbox 97 1700 1682 1773">
     <span class='ocr_line' id='line_1_19' title="bbox 97 1700 1682 1773; baseline 0.001 -21"><span class='ocrx_word' id='word_1_133' title='bbox 97 1700 289 1754; x_wconf 80' lang='grc' dir='ltr'>τεῦθεν</span> <span class='ocrx_word' id='word_1_134' title='bbox 342 1702 648 1773; x_wconf 70' lang='grc' dir='ltr'>διορθοῦται</span> <span class='ocrx_word' id='word_1_135' title='bbox 706 1704 799 1756; x_wconf 80' lang='grc' dir='ltr'><strong>καὶ</strong></span> <span class='ocrx_word' id='word_1_136' title='bbox 870 1703 1025 1767; x_wconf 83' lang='grc' dir='ltr'>δόξας</span> <span class='ocrx_word' id='word_1_137' title='bbox 1087 1703 1230 1755; x_wconf 81' lang='grc' dir='ltr'>δυοῖν</span> <span class='ocrx_word' id='word_1_138' title='bbox 1284 1702 1531 1755; x_wconf 79' lang='grc' dir='ltr'>παλαιῶν</span> <span class='ocrx_word' id='word_1_139' title='bbox 1592 1720 1682 1770; x_wconf 85' lang='grc' dir='ltr'><strong>φι-</strong></span> 
     </span>
    </p>
   </div>
   <div class='ocr_carea' id='block_1_20' title="bbox 98 1790 1682 1863">
    <p class='ocr_par' dir='ltr' id='par_1_20' title="bbox 98 1790 1682 1863">
     <span class='ocr_line' id='line_1_20' title="bbox 98 1790 1682 1863; baseline 0.003 -22"><span class='ocrx_word' id='word_1_140' title='bbox 98 1790 365 1859; x_wconf 75' lang='grc' dir='ltr'>λοσόφων,</span> <span class='ocrx_word' id='word_1_141' title='bbox 420 1793 850 1862; x_wconf 81' lang='grc' dir='ltr'>Ἐμπεδοκλέους</span> <span class='ocrx_word' id='word_1_142' title='bbox 903 1796 997 1848; x_wconf 72' lang='grc' dir='ltr'><strong>καὶ</strong></span> <span class='ocrx_word' id='word_1_143' title='bbox 1051 1794 1429 1863; x_wconf 81' lang='grc' dir='ltr'>Ἀναξαγόρου.</span> <span class='ocrx_word' id='word_1_144' title='bbox 1486 1793 1543 1845; x_wconf 90' lang='grc' dir='ltr'>Ὁ</span> <span class='ocrx_word' id='word_1_145' title='bbox 1585 1793 1682 1862; x_wconf 81' lang='grc' dir='ltr'><strong>μὲν</strong></span> 
     </span>
    </p>
   </div>
   <div class='ocr_carea' id='block_1_21' title="bbox 97 1884 1682 1957">
    <p class='ocr_par' dir='ltr' id='par_1_21' title="bbox 97 1884 1682 1957">
     <span class='ocr_line' id='line_1_21' title="bbox 97 1884 1682 1957; baseline 0.001 -21"><span class='ocrx_word' id='word_1_146' title='bbox 97 1884 206 1954; x_wconf 84' lang='lat'><strong>7&amp;9</strong></span> <span class='ocrx_word' id='word_1_147' title='bbox 256 1884 629 1957; x_wconf 78' lang='grc' dir='ltr'>Ἐμπεδοκλῆς</span> <span class='ocrx_word' id='word_1_148' title='bbox 668 1890 902 1957; x_wconf 81' lang='grc' dir='ltr'>σφαῖραν</span> <span class='ocrx_word' id='word_1_149' title='bbox 939 1887 1044 1939; x_wconf 84' lang='grc' dir='ltr'><strong>ἀπὸ</strong></span> <span class='ocrx_word' id='word_1_150' title='bbox 1076 1886 1177 1956; x_wconf 83' lang='grc' dir='ltr'>τῆς</span> <span class='ocrx_word' id='word_1_151' title='bbox 1214 1886 1467 1939; x_wconf 83' lang='grc' dir='ltr'>ἁπάντων</span> <span class='ocrx_word' id='word_1_152' title='bbox 1502 1885 1682 1955; x_wconf 85' lang='grc' dir='ltr'>φιλίας</span> 
     </span>
    </p>
   </div>
   <div class='ocr_carea' id='block_1_22' title="bbox 97 1974 1684 2049">
    <p class='ocr_par' dir='ltr' id='par_1_22' title="bbox 97 1974 1684 2049">
     <span class='ocr_line' id='line_1_22' title="bbox 97 1974 1684 2049; baseline 0.003 -21"><span class='ocrx_word' id='word_1_153' title='bbox 97 1978 192 2029; x_wconf 82' lang='grc' dir='ltr'><strong>καὶ</strong></span> <span class='ocrx_word' id='word_1_154' title='bbox 257 1979 601 2047; x_wconf 82' lang='grc' dir='ltr'>συγκρίσεως</span> <span class='ocrx_word' id='word_1_155' title='bbox 664 1978 867 2048; x_wconf 75' lang='grc' dir='ltr'>ἔλεγεν,</span> <span class='ocrx_word' id='word_1_156' title='bbox 909 1979 1049 2031; x_wconf 81' lang='grc' dir='ltr'>ὥστε</span> <span class='ocrx_word' id='word_1_157' title='bbox 1106 1978 1178 2049; x_wconf 85' lang='grc' dir='ltr'>μὴ</span> <span class='ocrx_word' id='word_1_158' title='bbox 1228 1974 1366 2031; x_wconf 83' lang='grc' dir='ltr'>εἶναι</span> <span class='ocrx_word' id='word_1_159' title='bbox 1422 1978 1684 2047; x_wconf 88' lang='grc' dir='ltr'>διακρίνε-</span> 
     </span>
    </p>
   </div>
   <div class='ocr_carea' id='block_1_23' title="bbox 98 2069 1680 2141">
    <p class='ocr_par' dir='ltr' id='par_1_23' title="bbox 98 2069 1680 2141">
     <span class='ocr_line' id='line_1_23' title="bbox 98 2069 1680 2141; baseline 0.001 -19"><span class='ocrx_word' id='word_1_160' title='bbox 98 2070 220 2122; x_wconf 81' lang='grc' dir='ltr'>σθαι</span> <span class='ocrx_word' id='word_1_161' title='bbox 256 2069 381 2121; x_wconf 77' lang='grc' dir='ltr'>καθ’</span> <span class='ocrx_word' id='word_1_162' title='bbox 405 2070 567 2120; x_wconf 79' lang='grc' dir='ltr'>ἑαυτὸ</span> <span class='ocrx_word' id='word_1_163' title='bbox 617 2070 846 2121; x_wconf 69' lang='grc' dir='ltr'>ἕκαστον</span> <span class='ocrx_word' id='word_1_164' title='bbox 883 2070 989 2122; x_wconf 82' lang='grc' dir='ltr'>ἀπὸ</span> <span class='ocrx_word' id='word_1_165' title='bbox 1027 2070 1207 2131; x_wconf 84' lang='grc' dir='ltr'>ἄλλου,</span> <span class='ocrx_word' id='word_1_166' title='bbox 1249 2071 1378 2141; x_wconf 74' lang='grc' dir='ltr'>πρὶν</span> <span class='ocrx_word' id='word_1_167' title='bbox 1414 2070 1476 2122; x_wconf 82' lang='grc' dir='ltr'>τὸ</span> <span class='ocrx_word' id='word_1_168' title='bbox 1505 2074 1680 2135; x_wconf 89' lang='grc' dir='ltr'>νεῖκος</span> 
     </span>
    </p>
   </div>
   <div class='ocr_carea' id='block_1_24' title="bbox 96 2161 1682 2232">
    <p class='ocr_par' dir='ltr' id='par_1_24' title="bbox 96 2161 1682 2232">
     <span class='ocr_line' id='line_1_24' title="bbox 96 2161 1682 2232; baseline 0.003 -20"><span class='ocrx_word' id='word_1_169' title='bbox 96 2161 350 2228; x_wconf 81' lang='grc' dir='ltr'>γενέσθαι</span> <span class='ocrx_word' id='word_1_170' title='bbox 390 2162 483 2212; x_wconf 74' lang='grc' dir='ltr'>καὶ</span> <span class='ocrx_word' id='word_1_171' title='bbox 528 2162 627 2231; x_wconf 84' lang='grc' dir='ltr'><strong>τὴν</strong></span> <span class='ocrx_word' id='word_1_172' title='bbox 679 2161 946 2231; x_wconf 78' lang='grc' dir='ltr'>διάκρισιν</span> <span class='ocrx_word' id='word_1_173' title='bbox 1003 2161 1124 2213; x_wconf 80' lang='grc' dir='ltr'>καθ’</span> <span class='ocrx_word' id='word_1_174' title='bbox 1162 2161 1226 2231; x_wconf 84' lang='grc' dir='ltr'>ἦν</span> <span class='ocrx_word' id='word_1_175' title='bbox 1281 2162 1485 2232; x_wconf 84' lang='grc' dir='ltr'>ὑπέστη</span> <span class='ocrx_word' id='word_1_176' title='bbox 1526 2165 1553 2215; x_wconf 90' lang='grc' dir='ltr'><strong>ό</strong></span> <span class='ocrx_word' id='word_1_177' title='bbox 1590 2164 1682 2217; x_wconf 91' lang='grc' dir='ltr'>κό-</span> 
     </span>
    </p>
   </div>
   <div class='ocr_carea' id='block_1_25' title="bbox 97 2250 1675 2324">
    <p class='ocr_par' dir='ltr' id='par_1_25' title="bbox 97 2250 1675 2324">
     <span class='ocr_line' id='line_1_25' title="bbox 97 2250 1675 2324; baseline 0.003 -21"><span class='ocrx_word' id='word_1_178' title='bbox 97 2270 251 2321; x_wconf 90' lang='grc' dir='ltr'>σμος.</span> <span class='ocrx_word' id='word_1_179' title='bbox 271 2251 328 2303; x_wconf 87' lang='lat'><strong>&#39;0</strong></span> <span class='ocrx_word' id='word_1_180' title='bbox 348 2252 403 2303; x_wconf 81' lang='grc' dir='ltr'>δὲ</span> <span class='ocrx_word' id='word_1_181' title='bbox 439 2251 825 2324; x_wconf 68' lang='grc' dir='ltr'>Ἀναξαγόρας,</span> <span class='ocrx_word' id='word_1_182' title='bbox 860 2250 979 2307; x_wconf 72' lang='grc' dir='ltr'><strong>Ἵιν</strong></span> <span class='ocrx_word' id='word_1_183' title='bbox 998 2253 1145 2322; x_wconf 76' lang='grc' dir='ltr'>ὁμοῦ</span> <span class='ocrx_word' id='word_1_184' title='bbox 1168 2252 1439 2321; x_wconf 80' lang='grc' dir='ltr'>χρήματα</span> <span class='ocrx_word' id='word_1_185' title='bbox 1461 2255 1675 2319; x_wconf 75' lang='grc' dir='ltr'>πάντα,</span> 
     </span>
    </p>
   </div>
   <div class='ocr_carea' id='block_1_26' title="bbox 95 2344 1676 2414">
    <p class='ocr_par' dir='ltr' id='par_1_26' title="bbox 95 2344 1676 2414">
     <span class='ocr_line' id='line_1_26' title="bbox 95 2344 1676 2414; baseline 0.001 -17"><span class='ocrx_word' id='word_1_186' title='bbox 95 2344 270 2414; x_wconf 74' lang='grc' dir='ltr'>ἔλεγε.</span> <span class='ocrx_word' id='word_1_187' title='bbox 308 2346 471 2413; x_wconf 82' lang='grc' dir='ltr'>Λέγει</span> <span class='ocrx_word' id='word_1_188' title='bbox 520 2346 672 2413; x_wconf 87' lang='grc' dir='ltr'>γοῦν,</span> <span class='ocrx_word' id='word_1_189' title='bbox 712 2348 792 2399; x_wconf 85' lang='grc' dir='ltr'>ὅτι</span> <span class='ocrx_word' id='word_1_190' title='bbox 849 2346 943 2399; x_wconf 75' lang='grc' dir='ltr'>καὶ</span> <span class='ocrx_word' id='word_1_191' title='bbox 995 2347 1116 2399; x_wconf 85' lang='grc' dir='ltr'>κατ’</span> <span class='ocrx_word' id='word_1_192' title='bbox 1139 2346 1276 2398; x_wconf 80' lang='grc' dir='ltr'>αὐτὰ</span> <span class='ocrx_word' id='word_1_193' title='bbox 1313 2348 1373 2398; x_wconf 85' lang='grc' dir='ltr'><strong>τὸ</strong></span> <span class='ocrx_word' id='word_1_194' title='bbox 1409 2349 1515 2399; x_wconf 81' lang='grc' dir='ltr'>πᾶν</span> <span class='ocrx_word' id='word_1_195' title='bbox 1547 2365 1676 2399; x_wconf 80' lang='grc' dir='ltr'>συν·-</span> 
     </span>
    </p>
   </div>
   <div class='ocr_carea' id='block_1_27' title="bbox 98 2436 1677 2510">
    <p class='ocr_par' dir='ltr' id='par_1_27' title="bbox 98 2436 1677 2510">
     <span class='ocr_line' id='line_1_27' title="bbox 98 2436 1677 2510; baseline 0.003 -22"><span class='ocrx_word' id='word_1_196' title='bbox 98 2436 363 2498; x_wconf 89' lang='grc' dir='ltr'>ίστανται,</span> <span class='ocrx_word' id='word_1_197' title='bbox 421 2436 516 2488; x_wconf 74' lang='grc' dir='ltr'><strong>καὶ</strong></span> <span class='ocrx_word' id='word_1_198' title='bbox 568 2438 700 2489; x_wconf 80' lang='grc' dir='ltr'>πᾶσι</span> <span class='ocrx_word' id='word_1_199' title='bbox 755 2438 931 2489; x_wconf 89' lang='grc' dir='ltr'>πάντα</span> <span class='ocrx_word' id='word_1_200' title='bbox 980 2436 1360 2501; x_wconf 79' lang='grc' dir='ltr'>κοινωνοῦντα,</span> <span class='ocrx_word' id='word_1_201' title='bbox 1413 2438 1534 2491; x_wconf 73' lang='grc' dir='ltr'>οὔτε</span> <span class='ocrx_word' id='word_1_202' title='bbox 1579 2440 1677 2510; x_wconf 82' lang='grc' dir='ltr'>τῆς</span> 
     </span>
    </p>
   </div>
   <div class='ocr_carea' id='block_1_28' title="bbox 94 2525 1676 2598">
    <p class='ocr_par' dir='ltr' id='par_1_28' title="bbox 94 2525 1676 2598">
     <span class='ocr_line' id='line_1_28' title="bbox 94 2525 1676 2598; baseline 0.003 -21"><span class='ocrx_word' id='word_1_203' title='bbox 94 2526 299 2589; x_wconf 81' lang='grc' dir='ltr'>οἰκείας</span> <span class='ocrx_word' id='word_1_204' title='bbox 342 2528 509 2597; x_wconf 81' lang='grc' dir='ltr'>μονῆς</span> <span class='ocrx_word' id='word_1_205' title='bbox 547 2525 852 2590; x_wconf 80' lang='grc' dir='ltr'>ἐξίστανται</span> <span class='ocrx_word' id='word_1_206' title='bbox 888 2529 963 2592; x_wconf 87' lang='grc' dir='ltr'>ὼς</span> <span class='ocrx_word' id='word_1_207' title='bbox 1004 2532 1237 2598; x_wconf 82' lang='grc' dir='ltr'>σφαῖραν</span> <span class='ocrx_word' id='word_1_208' title='bbox 1256 2530 1530 2597; x_wconf 83' lang='grc' dir='ltr'>γίνεσθαι·</span> <span class='ocrx_word' id='word_1_209' title='bbox 1555 2528 1676 2582; x_wconf 75' lang='grc' dir='ltr'>οὔτε</span> 
     </span>
    </p>
   </div>
   <div class='ocr_carea' id='block_1_29' title="bbox 97 2617 1675 2691">
    <p class='ocr_par' dir='ltr' id='par_1_29' title="bbox 97 2617 1675 2691">
     <span class='ocr_line' id='line_1_29' title="bbox 97 2617 1675 2691; baseline 0.004 -24"><span class='ocrx_word' id='word_1_210' title='bbox 97 2618 204 2686; x_wconf 79' lang='grc' dir='ltr'>μὴν</span> <span class='ocrx_word' id='word_1_211' title='bbox 240 2618 635 2689; x_wconf 80' lang='grc' dir='ltr'>πραγματικὴν</span> <span class='ocrx_word' id='word_1_212' title='bbox 671 2620 767 2690; x_wconf 82' lang='grc' dir='ltr'>τὴν</span> <span class='ocrx_word' id='word_1_213' title='bbox 818 2622 1101 2673; x_wconf 84' lang='grc' dir='ltr'>κοινωνίαν</span> <span class='ocrx_word' id='word_1_214' title='bbox 1140 2621 1372 2691; x_wconf 74' lang='grc' dir='ltr'>ἔχουσιν,</span> <span class='ocrx_word' id='word_1_215' title='bbox 1411 2622 1486 2685; x_wconf 83' lang='grc' dir='ltr'>ὡς</span> <span class='ocrx_word' id='word_1_216' title='bbox 1538 2617 1675 2674; x_wconf 77' lang='grc' dir='ltr'>εἶναι</span> 
     </span>
    </p>
   </div>
   <div class='ocr_carea' id='block_1_30' title="bbox 93 2708 1677 2785">
    <p class='ocr_par' dir='ltr' id='par_1_30' title="bbox 93 2708 1677 2785">
     <span class='ocr_line' id='line_1_30' title="bbox 93 2708 1677 2785; baseline 0.004 -26"><span class='ocrx_word' id='word_1_217' title='bbox 93 2710 149 2759; x_wconf 84' lang='grc' dir='ltr'>ὲν</span> <span class='ocrx_word' id='word_1_218' title='bbox 187 2708 265 2778; x_wconf 82' lang='grc' dir='ltr'>τῷ</span> <span class='ocrx_word' id='word_1_219' title='bbox 300 2709 449 2780; x_wconf 79' lang='grc' dir='ltr'>ἄρτῳ</span> <span class='ocrx_word' id='word_1_220' title='bbox 484 2711 645 2780; x_wconf 80' lang='grc' dir='ltr'>τυχὸν</span> <span class='ocrx_word' id='word_1_221' title='bbox 681 2712 774 2764; x_wconf 79' lang='grc' dir='ltr'><strong>καὶ</strong></span> <span class='ocrx_word' id='word_1_222' title='bbox 811 2713 1029 2782; x_wconf 86' lang='grc' dir='ltr'>χρυσὸν,</span> <span class='ocrx_word' id='word_1_223' title='bbox 1070 2714 1163 2765; x_wconf 79' lang='grc' dir='ltr'><strong>καὶ</strong></span> <span class='ocrx_word' id='word_1_224' title='bbox 1203 2713 1376 2776; x_wconf 78' lang='grc' dir='ltr'>ξύλον,</span> <span class='ocrx_word' id='word_1_225' title='bbox 1399 2715 1493 2766; x_wconf 72' lang='grc' dir='ltr'>καὶ</span> <span class='ocrx_word' id='word_1_226' title='bbox 1530 2714 1677 2785; x_wconf 88' lang='grc' dir='ltr'>σίδη-</span> 
     </span>
    </p>
   </div>
   <div class='ocr_carea' id='block_1_31' title="bbox 95 2801 1670 2876">
    <p class='ocr_par' dir='ltr' id='par_1_31' title="bbox 95 2801 1670 2876">
     <span class='ocr_line' id='line_1_31' title="bbox 95 2801 1670 2876; baseline 0.004 -25"><span class='ocrx_word' id='word_1_227' title='bbox 95 2818 206 2869; x_wconf 81' lang='grc' dir='ltr'>ρον,</span> <span class='ocrx_word' id='word_1_228' title='bbox 228 2801 407 2871; x_wconf 79' lang='grc' dir='ltr'>ἄτομά</span> <span class='ocrx_word' id='word_1_229' title='bbox 444 2820 567 2855; x_wconf 89' lang='grc' dir='ltr'>τινα</span> <span class='ocrx_word' id='word_1_230' title='bbox 606 2806 699 2856; x_wconf 77' lang='grc' dir='ltr'><strong>καὶ</strong></span> <span class='ocrx_word' id='word_1_231' title='bbox 739 2804 825 2857; x_wconf 75' lang='grc' dir='ltr'>διὰ</span> <span class='ocrx_word' id='word_1_232' title='bbox 867 2805 1205 2875; x_wconf 83' lang='grc' dir='ltr'>σμικρότητα</span> <span class='ocrx_word' id='word_1_233' title='bbox 1243 2807 1301 2857; x_wconf 79' lang='grc' dir='ltr'><strong>οὐ</strong></span> <span class='ocrx_word' id='word_1_234' title='bbox 1344 2805 1670 2876; x_wconf 83' lang='grc' dir='ltr'>βλεπόμενα,</span> 
     </span>
    </p>
   </div>
   <div class='ocr_carea' id='block_1_32' title="bbox 90 2891 1672 2966">
    <p class='ocr_par' dir='ltr' id='par_1_32' title="bbox 90 2891 1672 2966">
     <span class='ocr_line' id='line_1_32' title="bbox 90 2891 1672 2966; baseline 0.006 -25"><span class='ocrx_word' id='word_1_235' title='bbox 90 2891 164 2953; x_wconf 71' lang='lat' dir='ltr'><strong>t&#39;o;</strong></span> <span class='ocrx_word' id='word_1_236' title='bbox 199 2892 227 2943; x_wconf 80' lang='grc' dir='ltr'>ὁ</span> <span class='ocrx_word' id='word_1_237' title='bbox 260 2892 629 2964; x_wconf 81' lang='grc' dir='ltr'>Ἀναξαγόρας</span> <span class='ocrx_word' id='word_1_238' title='bbox 664 2894 933 2959; x_wconf 85' lang='grc' dir='ltr'>ἐδόξασεν,</span> <span class='ocrx_word' id='word_1_239' title='bbox 956 2895 1014 2959; x_wconf 82' lang='grc' dir='ltr'>ὃς</span> <span class='ocrx_word' id='word_1_240' title='bbox 1054 2898 1148 2949; x_wconf 82' lang='grc' dir='ltr'><strong>καὶ</strong></span> <span class='ocrx_word' id='word_1_241' title='bbox 1183 2896 1281 2966; x_wconf 81' lang='grc' dir='ltr'><strong>τὴν</strong></span> <span class='ocrx_word' id='word_1_242' title='bbox 1310 2897 1521 2965; x_wconf 88' lang='grc' dir='ltr'>γένεσιν</span> <span class='ocrx_word' id='word_1_243' title='bbox 1555 2897 1672 2951; x_wconf 86' lang='grc' dir='ltr'>διά-</span> 
     </span>
    </p>
   </div>
   <div class='ocr_carea' id='block_1_33' title="bbox 93 2982 1672 3058">
    <p class='ocr_par' dir='ltr' id='par_1_33' title="bbox 93 2982 1672 3058">
     <span class='ocr_line' id='line_1_33' title="bbox 93 2982 1672 3058; baseline 0.004 -27"><span class='ocrx_word' id='word_1_244' title='bbox 93 2996 270 3049; x_wconf 82' lang='grc' dir='ltr'>κρισιν</span> <span class='ocrx_word' id='word_1_245' title='bbox 308 2982 521 3050; x_wconf 63' lang='grc' dir='ltr'><strong>ἔλεγεν⁸</strong></span> <span class='ocrx_word' id='word_1_246' title='bbox 565 2983 803 3035; x_wconf 78' lang='grc' dir='ltr'>ἁλλέίσὶ</span> <span class='ocrx_word' id='word_1_247' title='bbox 861 2986 958 3053; x_wconf 83' lang='grc' dir='ltr'><strong>μὲν</strong></span> <span class='ocrx_word' id='word_1_248' title='bbox 1011 2987 1069 3037; x_wconf 82' lang='grc' dir='ltr'>ἐν</span> <span class='ocrx_word' id='word_1_249' title='bbox 1108 2987 1384 3058; x_wconf 77' lang='grc' dir='ltr'>κοινωνίᾳ,</span> <span class='ocrx_word' id='word_1_250' title='bbox 1445 2987 1672 3056; x_wconf 84' lang='grc' dir='ltr'>δυνάμει</span> 
     </span>
    </p>
   </div>
   <div class='ocr_carea' id='block_1_34' title="bbox 90 3070 1737 3160">
    <p class='ocr_par' dir='ltr' id='par_1_34' title="bbox 90 3070 1737 3160">
     <span class='ocr_line' id='line_1_34' title="bbox 90 3070 1737 3160; baseline 0.007 -37"><span class='ocrx_word' id='word_1_251' title='bbox 90 3070 145 3122; x_wconf 85' lang='grc' dir='ltr'>δὲ</span> <span class='ocrx_word' id='word_1_252' title='bbox 180 3076 245 3142; x_wconf 85' lang='grc' dir='ltr'>τῇ</span> <span class='ocrx_word' id='word_1_253' title='bbox 287 3074 427 3127; x_wconf 81' lang='grc' dir='ltr'>κατὰ</span> <span class='ocrx_word' id='word_1_254' title='bbox 462 3075 739 3146; x_wconf 89' lang='grc' dir='ltr'>ποιότητα,</span> <span class='ocrx_word' id='word_1_255' title='bbox 763 3076 839 3139; x_wconf 85' lang='grc' dir='ltr'>ὡς</span> <span class='ocrx_word' id='word_1_256' title='bbox 876 3077 1153 3143; x_wconf 83' lang='grc' dir='ltr'>δύνασθαι,</span> <span class='ocrx_word' id='word_1_257' title='bbox 1190 3079 1321 3150; x_wconf 84' lang='grc' dir='ltr'>φέρε</span> <span class='ocrx_word' id='word_1_258' title='bbox 1358 3082 1551 3145; x_wconf 80' lang='grc' dir='ltr'>εἰπεῖν,</span> <span class='ocrx_word' id='word_1_259' title='bbox 1577 3082 1669 3135; x_wconf 80' lang='grc' dir='ltr'><strong>καὶ</strong></span> <span class='ocrx_word' id='word_1_260' title='bbox 1695 3105 1737 3160; x_wconf 76' lang='lat' dir='ltr'><strong><em>C</em></strong></span> 
     </span>
    </p>
   </div>
   <div class='ocr_carea' id='block_1_35' title="bbox 91 3164 1671 3244">
    <p class='ocr_par' dir='ltr' id='par_1_35' title="bbox 91 3164 1671 3244">
     <span class='ocr_line' id='line_1_35' title="bbox 91 3164 1671 3244; baseline 0.008 -29"><span class='ocrx_word' id='word_1_261' title='bbox 91 3164 219 3216; x_wconf 77' lang='grc' dir='ltr'>αὐτὸ</span> <span class='ocrx_word' id='word_1_262' title='bbox 237 3165 429 3230; x_wconf 76' lang='grc' dir='ltr'>ὓδατος</span> <span class='ocrx_word' id='word_1_263' title='bbox 464 3168 718 3236; x_wconf 84' lang='grc' dir='ltr'>γενέσθαι</span> <span class='ocrx_word' id='word_1_264' title='bbox 756 3169 893 3240; x_wconf 84' lang='grc' dir='ltr'>ἀέρα</span> <span class='ocrx_word' id='word_1_265' title='bbox 932 3170 1025 3222; x_wconf 73' lang='grc' dir='ltr'>καὶ</span> <span class='ocrx_word' id='word_1_266' title='bbox 1062 3171 1192 3240; x_wconf 88' lang='grc' dir='ltr'>πῦρ,</span> <span class='ocrx_word' id='word_1_267' title='bbox 1215 3174 1309 3224; x_wconf 80' lang='grc' dir='ltr'><strong>καὶ</strong></span> <span class='ocrx_word' id='word_1_268' title='bbox 1345 3173 1451 3225; x_wconf 83' lang='grc' dir='ltr'>ἀπὸ</span> <span class='ocrx_word' id='word_1_269' title='bbox 1479 3170 1671 3244; x_wconf 77' lang='grc' dir='ltr'><strong>’γῆςῦ-</strong></span> 
     </span>
    </p>
   </div>
   <div class='ocr_carea' id='block_1_36' title="bbox 89 3252 1667 3331">
    <p class='ocr_par' dir='ltr' id='par_1_36' title="bbox 89 3252 1667 3331">
     <span class='ocr_line' id='line_1_36' title="bbox 89 3252 1667 3331; baseline 0.008 -25"><span class='ocrx_word' id='word_1_270' title='bbox 89 3252 216 3323; x_wconf 88' lang='grc' dir='ltr'>δωρ,</span> <span class='ocrx_word' id='word_1_271' title='bbox 242 3257 337 3308; x_wconf 78' lang='grc' dir='ltr'><strong>καὶ</strong></span> <span class='ocrx_word' id='word_1_272' title='bbox 371 3257 481 3309; x_wconf 86' lang='grc' dir='ltr'><strong>άπὸ</strong></span> <span class='ocrx_word' id='word_1_273' title='bbox 516 3259 624 3310; x_wconf 83' lang='grc' dir='ltr'><strong>τῶν</strong></span> <span class='ocrx_word' id='word_1_274' title='bbox 660 3259 877 3328; x_wconf 83' lang='grc' dir='ltr'>τροφῶν</span> <span class='ocrx_word' id='word_1_275' title='bbox 916 3262 1144 3331; x_wconf 86' lang='grc' dir='ltr'>σάρκας,</span> <span class='ocrx_word' id='word_1_276' title='bbox 1178 3264 1270 3315; x_wconf 79' lang='grc' dir='ltr'>καὶ</span> <span class='ocrx_word' id='word_1_277' title='bbox 1303 3264 1471 3319; x_wconf 80' lang='grc' dir='ltr'>τᾶλλα</span> <span class='ocrx_word' id='word_1_278' title='bbox 1491 3282 1503 3295; x_wconf 89' lang='grc'><strong>·</strong></span> <span class='ocrx_word' id='word_1_279' title='bbox 1527 3265 1667 3319; x_wconf 83' lang='grc' dir='ltr'>ὥστε</span> 
     </span>
    </p>
   </div>
   <div class='ocr_carea' id='block_1_37' title="bbox 90 3347 1668 3431">
    <p class='ocr_par' dir='ltr' id='par_1_37' title="bbox 90 3347 1668 3431">
     <span class='ocr_line' id='line_1_37' title="bbox 90 3347 1668 3431; baseline 0.009 -33"><span class='ocrx_word' id='word_1_280' title='bbox 90 3348 181 3398; x_wconf 73' lang='grc' dir='ltr'>καὶ</span> <span class='ocrx_word' id='word_1_281' title='bbox 215 3347 315 3417; x_wconf 83' lang='grc' dir='ltr'>τὴν</span> <span class='ocrx_word' id='word_1_282' title='bbox 354 3348 541 3416; x_wconf 87' lang='grc' dir='ltr'>φιλίαν</span> <span class='ocrx_word' id='word_1_283' title='bbox 576 3350 880 3421; x_wconf 79' lang='grc' dir='ltr'>ἀσύγχυτον</span> <span class='ocrx_word' id='word_1_284' title='bbox 938 3348 1095 3417; x_wconf 83' lang='grc' dir='ltr'>εἶναι,</span> <span class='ocrx_word' id='word_1_285' title='bbox 1138 3355 1232 3406; x_wconf 80' lang='grc' dir='ltr'><strong>καὶ</strong></span> <span class='ocrx_word' id='word_1_286' title='bbox 1284 3356 1384 3427; x_wconf 83' lang='grc' dir='ltr'>τὴν</span> <span class='ocrx_word' id='word_1_287' title='bbox 1440 3359 1668 3431; x_wconf 78' lang='grc' dir='ltr'>συνοχὴν</span> 
     </span>
    </p>
   </div>
   <div class='ocr_carea' id='block_1_38' title="bbox 88 3435 1666 3517">
    <p class='ocr_par' dir='ltr' id='par_1_38' title="bbox 88 3435 1666 3517">
     <span class='ocr_line' id='line_1_38' title="bbox 88 3435 1666 3517; baseline 0.01 -30"><span class='ocrx_word' id='word_1_288' title='bbox 88 3435 385 3490; x_wconf 70' lang='grc' dir='ltr'>ἀδιάλυτον.</span> <span class='ocrx_word' id='word_1_289' title='bbox 420 3439 828 3503; x_wconf 83' lang='grc' dir='ltr'>Ἀνεκλείπτους</span> <span class='ocrx_word' id='word_1_290' title='bbox 864 3442 920 3494; x_wconf 86' lang='grc' dir='ltr'>δὲ</span> <span class='ocrx_word' id='word_1_291' title='bbox 956 3440 1053 3504; x_wconf 77' lang='grc' dir='ltr'>τὰς</span> <span class='ocrx_word' id='word_1_292' title='bbox 1091 3444 1338 3515; x_wconf 82' lang='grc' dir='ltr'>διαδοχὰς</span> <span class='ocrx_word' id='word_1_293' title='bbox 1374 3447 1483 3501; x_wconf 89' lang='grc' dir='ltr'>τῶν</span> <span class='ocrx_word' id='word_1_294' title='bbox 1520 3466 1666 3517; x_wconf 87' lang='grc' dir='ltr'>γινο-</span> 
     </span>
    </p>
   </div>
   <div class='ocr_carea' id='block_1_39' title="bbox 93 3524 1667 3601">
    <p class='ocr_par' dir='ltr' id='par_1_39' title="bbox 93 3524 1667 3601">
     <span class='ocr_line' id='line_1_39' title="bbox 93 3524 1667 3601; baseline 0.01 -25"><span class='ocrx_word' id='word_1_295' title='bbox 93 3524 263 3595; x_wconf 85' lang='grc' dir='ltr'>μένων</span> <span class='ocrx_word' id='word_1_296' title='bbox 303 3528 497 3597; x_wconf 80' lang='grc' dir='ltr'>φησίν·</span> <span class='ocrx_word' id='word_1_297' title='bbox 524 3529 677 3593; x_wconf 81' lang='grc' dir='ltr'>’Ἕως</span> <span class='ocrx_word' id='word_1_298' title='bbox 714 3529 823 3599; x_wconf 89' lang='lat'><strong>7&amp;9</strong></span> <span class='ocrx_word' id='word_1_299' title='bbox 857 3529 987 3597; x_wconf 80' lang='grc' dir='ltr'>ἄρτι</span> <span class='ocrx_word' id='word_1_300' title='bbox 1037 3532 1356 3601; x_wconf 76' lang='grc' dir='ltr'>ἐργάζεται.</span> <span class='ocrx_word' id='word_1_301' title='bbox 1400 3537 1463 3589; x_wconf 82' lang='grc' dir='ltr'><strong>Εἰ</strong></span> <span class='ocrx_word' id='word_1_302' title='bbox 1501 3540 1597 3590; x_wconf 80' lang='grc' dir='ltr'>καὶ</span> <span class='ocrx_word' id='word_1_303' title='bbox 1638 3540 1667 3591; x_wconf 89' lang='grc' dir='ltr'><strong>ό</strong></span> 
     </span>
    </p>
   </div>
   <div class='ocr_carea' id='block_1_40' title="bbox 101 3616 1667 3693">
    <p class='ocr_par' dir='ltr' id='par_1_40' title="bbox 101 3616 1667 3693">
     <span class='ocr_line' id='line_1_40' title="bbox 101 3616 1667 3693; baseline 0.008 -26"><span class='ocrx_word' id='word_1_304' title='bbox 101 3616 470 3688; x_wconf 81' lang='grc' dir='ltr'>Ἀριστοτέλης</span> <span class='ocrx_word' id='word_1_305' title='bbox 508 3617 799 3687; x_wconf 85' lang='grc' dir='ltr'>ὲπαπορῶν</span> <span class='ocrx_word' id='word_1_306' title='bbox 821 3620 1021 3689; x_wconf 81' lang='grc' dir='ltr'>ἑτέρως</span> <span class='ocrx_word' id='word_1_307' title='bbox 1042 3619 1177 3687; x_wconf 83' lang='grc' dir='ltr'>λύει,</span> <span class='ocrx_word' id='word_1_308' title='bbox 1212 3622 1365 3690; x_wconf 85' lang='grc' dir='ltr'>διότι,</span> <span class='ocrx_word' id='word_1_309' title='bbox 1390 3624 1583 3693; x_wconf 88' lang='grc' dir='ltr'>λέγων,</span> <span class='ocrx_word' id='word_1_310' title='bbox 1606 3627 1667 3692; x_wconf 78' lang='grc' dir='ltr'>ἐξ</span> 
     </span>
    </p>
   </div>
   <div class='ocr_carea' id='block_1_41' title="bbox 88 3706 1667 3785">
    <p class='ocr_par' dir='ltr' id='par_1_41' title="bbox 88 3706 1667 3785">
     <span class='ocr_line' id='line_1_41' title="bbox 88 3706 1667 3785; baseline 0.008 -27"><span class='ocrx_word' id='word_1_311' title='bbox 88 3706 327 3778; x_wconf 80' lang='grc' dir='ltr'>ἀλλήλων</span> <span class='ocrx_word' id='word_1_312' title='bbox 366 3708 630 3775; x_wconf 86' lang='grc' dir='ltr'>γίνονται,</span> <span class='ocrx_word' id='word_1_313' title='bbox 654 3709 747 3761; x_wconf 75' lang='grc' dir='ltr'><strong>καὶ</strong></span> <span class='ocrx_word' id='word_1_314' title='bbox 784 3709 816 3778; x_wconf 78' lang='grc' dir='ltr'>ἡ</span> <span class='ocrx_word' id='word_1_315' title='bbox 856 3709 1029 3781; x_wconf 76' lang='grc' dir='ltr'>φθορά</span> <span class='ocrx_word' id='word_1_316' title='bbox 1065 3713 1277 3777; x_wconf 83' lang='grc' dir='ltr'>τούτου,</span> <span class='ocrx_word' id='word_1_317' title='bbox 1316 3714 1478 3769; x_wconf 82' lang='grc' dir='ltr'>ἄλλου</span> <span class='ocrx_word' id='word_1_318' title='bbox 1514 3718 1667 3785; x_wconf 76' lang='grc' dir='ltr'>γένε-</span> 
     </span>
    </p>
   </div>
   <div class='ocr_carea' id='block_1_42' title="bbox 90 3796 1664 3878">
    <p class='ocr_par' dir='ltr' id='par_1_42' title="bbox 90 3796 1664 3878">
     <span class='ocr_line' id='line_1_42' title="bbox 90 3796 1664 3878; baseline 0.009 -30"><span class='ocrx_word' id='word_1_319' title='bbox 90 3796 169 3860; x_wconf 86' lang='grc' dir='ltr'><strong>σίς</strong></span> <span class='ocrx_word' id='word_1_320' title='bbox 205 3800 320 3850; x_wconf 77' lang='grc' dir='ltr'>ἐστι</span> <span class='ocrx_word' id='word_1_321' title='bbox 360 3799 457 3851; x_wconf 77' lang='grc' dir='ltr'><strong>καὶ</strong></span> <span class='ocrx_word' id='word_1_322' title='bbox 494 3798 655 3851; x_wconf 78' lang='grc' dir='ltr'>ἄλλου</span> <span class='ocrx_word' id='word_1_323' title='bbox 697 3799 896 3871; x_wconf 83' lang='grc' dir='ltr'>φθορὰ,</span> <span class='ocrx_word' id='word_1_324' title='bbox 918 3803 1109 3856; x_wconf 87' lang='grc' dir='ltr'>τούτου</span> <span class='ocrx_word' id='word_1_325' title='bbox 1148 3806 1383 3874; x_wconf 86' lang='grc' dir='ltr'>γένεσις,</span> <span class='ocrx_word' id='word_1_326' title='bbox 1406 3810 1501 3861; x_wconf 78' lang='grc' dir='ltr'><strong>καὶ</strong></span> <span class='ocrx_word' id='word_1_327' title='bbox 1538 3812 1664 3878; x_wconf 80' lang='grc' dir='ltr'><strong>ἐφε-</strong></span> 
     </span>
    </p>
   </div>
   <div class='ocr_carea' id='block_1_43' title="bbox 88 3890 1665 3968">
    <p class='ocr_par' dir='ltr' id='par_1_43' title="bbox 88 3890 1665 3968">
     <span class='ocr_line' id='line_1_43' title="bbox 88 3890 1665 3968; baseline 0.006 -25"><span class='ocrx_word' id='word_1_328' title='bbox 88 3890 178 3960; x_wconf 81' lang='grc' dir='ltr'>ξῆς</span> <span class='ocrx_word' id='word_1_329' title='bbox 214 3891 408 3955; x_wconf 78' lang='grc' dir='ltr'>οὕτως,</span> <span class='ocrx_word' id='word_1_330' title='bbox 448 3890 592 3944; x_wconf 82' lang='grc' dir='ltr'>ὥστε</span> <span class='ocrx_word' id='word_1_331' title='bbox 636 3892 710 3962; x_wconf 83' lang='grc' dir='ltr'><strong>μὴ</strong></span> <span class='ocrx_word' id='word_1_332' title='bbox 748 3892 1048 3947; x_wconf 79' lang='grc' dir='ltr'>ἐπιλείπειν</span> <span class='ocrx_word' id='word_1_333' title='bbox 1076 3896 1175 3968; x_wconf 86' lang='grc' dir='ltr'>τὴν</span> <span class='ocrx_word' id='word_1_334' title='bbox 1210 3898 1446 3966; x_wconf 87' lang='grc' dir='ltr'>γένεσιν.</span> <span class='ocrx_word' id='word_1_335' title='bbox 1484 3899 1665 3953; x_wconf 78' lang='grc' dir='ltr'>Ἐπει-</span> 
     </span>
    </p>
   </div>
   <div class='ocr_carea' id='block_1_44' title="bbox 85 3981 1661 4056">
    <p class='ocr_par' dir='ltr' id='par_1_44' title="bbox 85 3981 1661 4056">
     <span class='ocr_line' id='line_1_44' title="bbox 85 3981 1661 4056; baseline 0.004 -19"><span class='ocrx_word' id='word_1_336' title='bbox 85 3981 144 4051; x_wconf 81' lang='grc' dir='ltr'>δὴ</span> <span class='ocrx_word' id='word_1_337' title='bbox 194 3982 251 4034; x_wconf 86' lang='grc' dir='ltr'>δὲ</span> <span class='ocrx_word' id='word_1_338' title='bbox 306 3983 499 4045; x_wconf 81' lang='grc' dir='ltr'>στάσις</span> <span class='ocrx_word' id='word_1_339' title='bbox 556 3984 673 4035; x_wconf 77' lang='grc' dir='ltr'>ἐστὶ</span> <span class='ocrx_word' id='word_1_340' title='bbox 726 3984 821 4036; x_wconf 75' lang='grc' dir='ltr'>καὶ</span> <span class='ocrx_word' id='word_1_341' title='bbox 875 3986 1088 4056; x_wconf 89' lang='grc' dir='ltr'>κίνησις</span> <span class='ocrx_word' id='word_1_342' title='bbox 1125 3988 1379 4041; x_wconf 85' lang='grc' dir='ltr'>ἁπάντων</span> <span class='ocrx_word' id='word_1_343' title='bbox 1412 3990 1473 4042; x_wconf 83' lang='grc' dir='ltr'><strong>τὸ</strong></span> <span class='ocrx_word' id='word_1_344' title='bbox 1509 3990 1661 4043; x_wconf 85' lang='grc' dir='ltr'>Θεῖον</span> 
     </span>
    </p>
   </div>
   <div class='ocr_carea' id='block_1_45' title="bbox 86 4074 1661 4153">
    <p class='ocr_par' dir='ltr' id='par_1_45' title="bbox 86 4074 1661 4153">
     <span class='ocr_line' id='line_1_45' title="bbox 86 4074 1661 4153; baseline 0.008 -30"><span class='ocrx_word' id='word_1_345' title='bbox 86 4074 219 4144; x_wconf 82' lang='grc' dir='ltr'>ὑπὲρ</span> <span class='ocrx_word' id='word_1_346' title='bbox 258 4076 449 4128; x_wconf 87' lang='grc' dir='ltr'>στάσιν</span> <span class='ocrx_word' id='word_1_347' title='bbox 484 4074 579 4126; x_wconf 86' lang='grc' dir='ltr'><strong>καὶ</strong></span> <span class='ocrx_word' id='word_1_348' title='bbox 616 4074 849 4144; x_wconf 84' lang='grc' dir='ltr'>κίνησιν,</span> <span class='ocrx_word' id='word_1_349' title='bbox 887 4076 963 4141; x_wconf 88' lang='grc' dir='ltr'><strong>ὡς</strong></span> <span class='ocrx_word' id='word_1_350' title='bbox 1007 4078 1237 4133; x_wconf 73' lang='grc' dir='ltr'>ἕκαστον</span> <span class='ocrx_word' id='word_1_351' title='bbox 1292 4082 1454 4134; x_wconf 73' lang='grc' dir='ltr'>ἱστῶν</span> <span class='ocrx_word' id='word_1_352' title='bbox 1490 4084 1547 4135; x_wconf 84' lang='grc' dir='ltr'><strong>ὲν</strong></span> <span class='ocrx_word' id='word_1_353' title='bbox 1583 4084 1661 4153; x_wconf 78' lang='grc' dir='ltr'><strong>τῷ</strong></span> 
     </span>
    </p>
   </div>
   <div class='ocr_carea' id='block_1_46' title="bbox 84 4167 1660 4246">
    <p class='ocr_par' dir='ltr' id='par_1_46' title="bbox 84 4167 1660 4246">
     <span class='ocr_line' id='line_1_46' title="bbox 84 4167 1660 4246; baseline 0.008 -29"><span class='ocrx_word' id='word_1_354' title='bbox 84 4168 259 4237; x_wconf 78' lang='grc' dir='ltr'>οἰκείῳ</span> <span class='ocrx_word' id='word_1_355' title='bbox 296 4167 458 4238; x_wconf 84' lang='grc' dir='ltr'>λόγῳ,</span> <span class='ocrx_word' id='word_1_356' title='bbox 481 4167 578 4220; x_wconf 77' lang='grc' dir='ltr'><strong>καὶ</strong></span> <span class='ocrx_word' id='word_1_357' title='bbox 612 4167 795 4219; x_wconf 90' lang='grc' dir='ltr'>κινοῦν</span> <span class='ocrx_word' id='word_1_358' title='bbox 830 4170 922 4222; x_wconf 75' lang='grc' dir='ltr'>ἐπὶ</span> <span class='ocrx_word' id='word_1_359' title='bbox 957 4170 1054 4241; x_wconf 84' lang='grc' dir='ltr'>τὴν</span> <span class='ocrx_word' id='word_1_360' title='bbox 1075 4173 1283 4227; x_wconf 84' lang='grc' dir='ltr'>οἰκείαν</span> <span class='ocrx_word' id='word_1_361' title='bbox 1316 4174 1548 4246; x_wconf 89' lang='grc' dir='ltr'>κίνησιν,</span> <span class='ocrx_word' id='word_1_362' title='bbox 1571 4176 1660 4230; x_wconf 81' lang='grc' dir='ltr'>διὰ</span> 
     </span>
    </p>
   </div>
   <div class='ocr_carea' id='block_1_47' title="bbox 82 4257 1657 4337">
    <p class='ocr_par' dir='ltr' id='par_1_47' title="bbox 82 4257 1657 4337">
     <span class='ocr_line' id='line_1_47' title="bbox 82 4257 1657 4337; baseline 0.008 -30"><span class='ocrx_word' id='word_1_363' title='bbox 82 4257 230 4311; x_wconf 82' lang='grc' dir='ltr'>τοῦτο</span> <span class='ocrx_word' id='word_1_364' title='bbox 263 4259 432 4327; x_wconf 83' lang='grc' dir='ltr'>λέγει,</span> <span class='ocrx_word' id='word_1_365' title='bbox 478 4261 535 4312; x_wconf 85' lang='grc' dir='ltr'>αἱ</span> <span class='ocrx_word' id='word_1_366' title='bbox 574 4259 792 4322; x_wconf 86' lang='grc' dir='ltr'>στάσεις</span> <span class='ocrx_word' id='word_1_367' title='bbox 830 4263 1001 4315; x_wconf 80' lang='grc' dir='ltr'>πᾶσαι</span> <span class='ocrx_word' id='word_1_368' title='bbox 1038 4266 1133 4318; x_wconf 74' lang='grc' dir='ltr'>καὶ</span> <span class='ocrx_word' id='word_1_369' title='bbox 1170 4266 1224 4317; x_wconf 84' lang='grc' dir='ltr'><strong>αἱ</strong></span> <span class='ocrx_word' id='word_1_370' title='bbox 1262 4268 1524 4337; x_wconf 80' lang='grc' dir='ltr'>κινήσεις,</span> <span class='ocrx_word' id='word_1_371' title='bbox 1547 4267 1657 4320; x_wconf 77' lang='grc' dir='ltr'>εἴτε</span> 
     </span>
    </p>
   </div>
   <div class='ocr_carea' id='block_1_48' title="bbox 82 4349 1657 4428">
    <p class='ocr_par' dir='ltr' id='par_1_48' title="bbox 82 4349 1657 4428">
     <span class='ocr_line' id='line_1_48' title="bbox 82 4349 1657 4428; baseline 0.01 -28"><span class='ocrx_word' id='word_1_372' title='bbox 82 4349 317 4417; x_wconf 86' lang='grc' dir='ltr'>ἀγγέλων</span> <span class='ocrx_word' id='word_1_373' title='bbox 353 4352 558 4416; x_wconf 77' lang='grc' dir='ltr'>εἴποις,</span> <span class='ocrx_word' id='word_1_374' title='bbox 582 4356 693 4407; x_wconf 77' lang='grc' dir='ltr'>εἴτε</span> <span class='ocrx_word' id='word_1_375' title='bbox 730 4354 938 4425; x_wconf 74' lang='grc' dir='ltr'>ψυχῶν,</span> <span class='ocrx_word' id='word_1_376' title='bbox 961 4355 1071 4409; x_wconf 80' lang='grc' dir='ltr'>εἴτε</span> <span class='ocrx_word' id='word_1_377' title='bbox 1110 4360 1399 4428; x_wconf 87' lang='grc' dir='ltr'>σωμάτων,</span> <span class='ocrx_word' id='word_1_378' title='bbox 1433 4363 1498 4413; x_wconf 85' lang='grc' dir='ltr'>ὲκ</span> <span class='ocrx_word' id='word_1_379' title='bbox 1534 4362 1657 4414; x_wconf 85' lang='grc' dir='ltr'>τού-</span> 
     </span>
    </p>
   </div>
   <div class='ocr_carea' id='block_1_49' title="bbox 81 4444 1658 4526">
    <p class='ocr_par' dir='ltr' id='par_1_49' title="bbox 81 4444 1658 4526">
     <span class='ocr_line' id='line_1_49' title="bbox 81 4444 1658 4526; baseline 0.011 -36"><span class='ocrx_word' id='word_1_380' title='bbox 81 4458 167 4493; x_wconf 74' lang='grc' dir='ltr'><strong>του</strong></span> <span class='ocrx_word' id='word_1_381' title='bbox 205 4444 329 4497; x_wconf 76' lang='grc' dir='ltr'>εἰσί.</span> <span class='ocrx_word' id='word_1_382' title='bbox 355 4444 517 4497; x_wconf 77' lang='grc' dir='ltr'><strong>Νοῶν</strong></span> <span class='ocrx_word' id='word_1_383' title='bbox 549 4444 678 4512; x_wconf 87' lang='grc' dir='ltr'>γοῦν</span> <span class='ocrx_word' id='word_1_384' title='bbox 720 4447 909 4510; x_wconf 87' lang='grc' dir='ltr'>στάσις</span> <span class='ocrx_word' id='word_1_385' title='bbox 948 4449 1066 4502; x_wconf 78' lang='grc' dir='ltr'>ἐστὶ</span> <span class='ocrx_word' id='word_1_386' title='bbox 1087 4449 1148 4502; x_wconf 84' lang='grc' dir='ltr'><strong>τὸ</strong></span> <span class='ocrx_word' id='word_1_387' title='bbox 1170 4449 1415 4522; x_wconf 83' lang='grc' dir='ltr'>ἱδρῦσθαι</span> <span class='ocrx_word' id='word_1_388' title='bbox 1434 4456 1499 4524; x_wconf 85' lang='grc' dir='ltr'>τῇ</span> <span class='ocrx_word' id='word_1_389' title='bbox 1522 4455 1658 4526; x_wconf 83' lang='grc' dir='ltr'>πρὸς</span> 
     </span>
    </p>
   </div>
   <div class='ocr_carea' id='block_1_50' title="bbox 80 4533 1654 4602">
    <p class='ocr_par' dir='ltr' id='par_1_50' title="bbox 80 4533 1654 4602">
     <span class='ocr_line' id='line_1_50' title="bbox 80 4533 1654 4602; baseline 0.011 -19"><span class='ocrx_word' id='word_1_390' title='bbox 80 4533 201 4587; x_wconf 77' lang='grc' dir='ltr'>Θεὸν</span> <span class='ocrx_word' id='word_1_391' title='bbox 235 4538 520 4599; x_wconf 81' lang='grc' dir='ltr'>ἀνατάσει,</span> <span class='ocrx_word' id='word_1_392' title='bbox 543 4539 647 4591; x_wconf 83' lang='grc' dir='ltr'>κᾶν</span> <span class='ocrx_word' id='word_1_393' title='bbox 685 4541 1096 4595; x_wconf 86' lang='grc' dir='ltr'>ἁποστέλλοιντο</span> <span class='ocrx_word' id='word_1_394' title='bbox 1128 4544 1224 4596; x_wconf 77' lang='grc' dir='ltr'><strong>καὶ</strong></span> <span class='ocrx_word' id='word_1_395' title='bbox 1276 4547 1654 4602; x_wconf 76' lang='grc' dir='ltr'>καταϐαίνοιεν</span> 
     </span>
    </p>
   </div>
   <div class='ocr_carea' id='block_1_51' title="bbox 78 4626 1653 4712">
    <p class='ocr_par' dir='ltr' id='par_1_51' title="bbox 78 4626 1653 4712">
     <span class='ocr_line' id='line_1_51' title="bbox 78 4626 1653 4712; baseline 0.01 -34"><span class='ocrx_word' id='word_1_396' title='bbox 78 4626 161 4677; x_wconf 73' lang='grc' dir='ltr'>ἐπὶ</span> <span class='ocrx_word' id='word_1_397' title='bbox 178 4627 243 4681; x_wconf 73' lang='grc' dir='ltr'>τὰ</span> <span class='ocrx_word' id='word_1_398' title='bbox 264 4630 653 4701; x_wconf 78' lang='grc' dir='ltr'>ὑποϐεϐηκότα</span> <span class='ocrx_word' id='word_1_399' title='bbox 688 4634 945 4704; x_wconf 87' lang='grc' dir='ltr'>προνοίας</span> <span class='ocrx_word' id='word_1_400' title='bbox 966 4635 1125 4706; x_wconf 89' lang='grc' dir='ltr'>χάριν</span> <span class='ocrx_word' id='word_1_401' title='bbox 1158 4637 1268 4690; x_wconf 86' lang='grc' dir='ltr'>τῶν</span> <span class='ocrx_word' id='word_1_402' title='bbox 1303 4636 1653 4712; x_wconf 66' lang='grc' dir='ltr'>ὠφεληθησο-</span> 
     </span>
    </p>
   </div>
   <div class='ocr_carea' id='block_1_52' title="bbox 81 4716 260 4782">
    <p class='ocr_par' dir='ltr' id='par_1_52' title="bbox 81 4716 260 4782">
     <span class='ocr_line' id='line_1_52' title="bbox 81 4716 260 4782; baseline 0.011 -13"><span class='ocrx_word' id='word_1_403' title='bbox 81 4716 260 4782; x_wconf 83' lang='grc' dir='ltr'>μένων.</span> 
     </span>
    </p>
   </div>
   <div class='ocr_carea' id='block_1_53' title="bbox 1793 510 3366 581">
    <p class='ocr_par' dir='ltr' id='par_1_53' title="bbox 1793 510 3366 581">
     <span class='ocr_line' id='line_1_53' title="bbox 1793 510 3366 581; baseline 0.003 -19"><span class='ocrx_word' id='word_1_404' title='bbox 1793 520 1848 562; x_wconf 91' lang='lat' dir='ltr'><strong>et</strong></span> <span class='ocrx_word' id='word_1_405' title='bbox 1881 520 2109 571; x_wconf 86' lang='lat' dir='ltr'><strong>vestem.</strong></span> <span class='ocrx_word' id='word_1_406' title='bbox 2149 520 2203 563; x_wconf 90' lang='lat' dir='ltr'><strong>et</strong></span> <span class='ocrx_word' id='word_1_407' title='bbox 2241 521 2439 564; x_wconf 91' lang='lat' dir='ltr'><strong>terram</strong></span> <span class='ocrx_word' id='word_1_408' title='bbox 2482 510 2836 579; x_wconf 90' lang='lat' dir='ltr'><strong>complutam,</strong></span> <span class='ocrx_word' id='word_1_409' title='bbox 2876 520 2932 564; x_wconf 89' lang='lat' dir='ltr'><strong>et</strong></span> <span class='ocrx_word' id='word_1_410' title='bbox 2973 527 3194 581; x_wconf 83' lang='lat' dir='ltr'><strong>aquam,</strong></span> <span class='ocrx_word' id='word_1_411' title='bbox 3238 513 3366 568; x_wconf 90' lang='lat' dir='ltr'><strong>licet</strong></span> 
     </span>
    </p>
   </div>
   <div class='ocr_carea' id='block_1_54' title="bbox 1793 601 3368 673">
    <p class='ocr_par' dir='ltr' id='par_1_54' title="bbox 1793 601 3368 673">
     <span class='ocr_line' id='line_1_54' title="bbox 1793 601 3368 673; baseline 0.002 -19"><span class='ocrx_word' id='word_1_412' title='bbox 1793 601 2154 656; x_wconf 86' lang='lat' dir='ltr'><strong>diversimode</strong></span> <span class='ocrx_word' id='word_1_413' title='bbox 2193 618 2291 672; x_wconf 90' lang='lat' dir='ltr'><strong>pro</strong></span> <span class='ocrx_word' id='word_1_414' title='bbox 2327 604 2553 656; x_wconf 86' lang='lat' dir='ltr'><strong>materia</strong></span> <span class='ocrx_word' id='word_1_415' title='bbox 2593 603 2861 673; x_wconf 88' lang='lat' dir='ltr'><strong>subjecta,</strong></span> <span class='ocrx_word' id='word_1_416' title='bbox 2899 620 2963 658; x_wconf 83' lang='lat' dir='ltr'><strong>ex</strong></span> <span class='ocrx_word' id='word_1_417' title='bbox 3006 606 3108 658; x_wconf 89' lang='lat' dir='ltr'><strong>hoc</strong></span> <span class='ocrx_word' id='word_1_418' title='bbox 3144 618 3368 659; x_wconf 85' lang='lat' dir='ltr'><strong>creatu-</strong></span> 
     </span>
    </p>
   </div>
   <div class='ocr_carea' id='block_1_55' title="bbox 1794 692 3363 750">
    <p class='ocr_par' dir='ltr' id='par_1_55' title="bbox 1794 692 3363 750">
     <span class='ocr_line' id='line_1_55' title="bbox 1794 692 3363 750; baseline 0.004 -7"><span class='ocrx_word' id='word_1_419' title='bbox 1794 706 1974 745; x_wconf 82' lang='lat' dir='ltr'><strong>rarum</strong></span> <span class='ocrx_word' id='word_1_420' title='bbox 2021 693 2263 745; x_wconf 90' lang='lat' dir='ltr'><strong>omnium</strong></span> <span class='ocrx_word' id='word_1_421' title='bbox 2330 692 2713 747; x_wconf 86' lang='lat' dir='ltr'><strong>substantiales</strong></span> <span class='ocrx_word' id='word_1_422' title='bbox 2750 694 3078 748; x_wconf 72' lang='lat' dir='ltr'><strong>existentite.</strong></span> <span class='ocrx_word' id='word_1_423' title='bbox 3125 694 3363 750; x_wconf 82' lang='lat' dir='ltr'><strong>Pulchre</strong></span> 
     </span>
    </p>
   </div>
   <div class='ocr_carea' id='block_1_56' title="bbox 1790 783 3356 840">
    <p class='ocr_par' dir='ltr' id='par_1_56' title="bbox 1790 783 3356 840">
     <span class='ocr_line' id='line_1_56' title="bbox 1790 783 3356 840; baseline 0.004 -6"><span class='ocrx_word' id='word_1_424' title='bbox 1790 793 1969 835; x_wconf 87' lang='lat' dir='ltr'><strong>autem</strong></span> <span class='ocrx_word' id='word_1_425' title='bbox 2026 783 2388 837; x_wconf 77' lang='lat' dir='ltr'><strong>substantiales</strong></span> <span class='ocrx_word' id='word_1_426' title='bbox 2433 799 2453 837; x_wconf 90' lang='lat'><strong><em>:</em></strong></span> <span class='ocrx_word' id='word_1_427' title='bbox 2516 799 2639 836; x_wconf 88' lang='lat' dir='ltr'><strong>nam</strong></span> <span class='ocrx_word' id='word_1_428' title='bbox 2696 786 3003 838; x_wconf 64' lang='lat' dir='ltr'><strong>existentiaa</strong></span> <span class='ocrx_word' id='word_1_429' title='bbox 3057 787 3356 840; x_wconf 89' lang='lat' dir='ltr'><strong>secundum</strong></span> 
     </span>
    </p>
   </div>
   <div class='ocr_carea' id='block_1_57' title="bbox 1793 875 3359 944">
    <p class='ocr_par' dir='ltr' id='par_1_57' title="bbox 1793 875 3359 944">
     <span class='ocr_line' id='line_1_57' title="bbox 1793 875 3359 944; baseline 0.001 -16"><span class='ocrx_word' id='word_1_430' title='bbox 1793 875 2000 944; x_wconf 88' lang='lat' dir='ltr'><strong>seipsas</strong></span> <span class='ocrx_word' id='word_1_431' title='bbox 2023 876 2332 944; x_wconf 76' lang='lat' dir='ltr'><strong>superiores</strong></span> <span class='ocrx_word' id='word_1_432' title='bbox 2361 886 2485 928; x_wconf 89' lang='lat' dir='ltr'><strong>sunt</strong></span> <span class='ocrx_word' id='word_1_433' title='bbox 2509 877 2857 937; x_wconf 85' lang='lat' dir='ltr'><strong>substantiis;</strong></span> <span class='ocrx_word' id='word_1_434' title='bbox 2881 877 3172 931; x_wconf 77' lang='lat' dir='ltr'><strong>existentia</strong></span> <span class='ocrx_word' id='word_1_435' title='bbox 3212 878 3359 931; x_wconf 89' lang='lat' dir='ltr'><strong>enim</strong></span> 
     </span>
    </p>
   </div>
   <div class='ocr_carea' id='block_1_58' title="bbox 1795 966 3358 1035">
    <p class='ocr_par' dir='ltr' id='par_1_58' title="bbox 1795 966 3358 1035">
     <span class='ocr_line' id='line_1_58' title="bbox 1795 966 3358 1035; baseline -0.001 -15"><span class='ocrx_word' id='word_1_436' title='bbox 1795 976 1897 1032; x_wconf 88' lang='lat' dir='ltr'><strong>est,</strong></span> <span class='ocrx_word' id='word_1_437' title='bbox 1925 966 2214 1033; x_wconf 85' lang='lat' dir='ltr'><strong>ipsumnict</strong></span> <span class='ocrx_word' id='word_1_438' title='bbox 2251 980 2371 1020; x_wconf 89' lang='lat' dir='ltr'><strong>esse</strong></span> <span class='ocrx_word' id='word_1_439' title='bbox 2409 966 2635 1035; x_wconf 90' lang='lat' dir='ltr'><strong>aliquid,</strong></span> <span class='ocrx_word' id='word_1_440' title='bbox 2666 967 2971 1021; x_wconf 88' lang='lat' dir='ltr'><strong>substantia</strong></span> <span class='ocrx_word' id='word_1_441' title='bbox 3015 983 3144 1021; x_wconf 89' lang='lat' dir='ltr'><strong>vero</strong></span> <span class='ocrx_word' id='word_1_442' title='bbox 3184 976 3267 1020; x_wconf 88' lang='lat' dir='ltr'><strong>est</strong></span> <span class='ocrx_word' id='word_1_443' title='bbox 3306 966 3358 1019; x_wconf 94' lang='lat' dir='ltr'><strong>id</strong></span> 
     </span>
    </p>
   </div>
   <div class='ocr_carea' id='block_1_59' title="bbox 1792 1057 3364 1126">
    <p class='ocr_par' dir='ltr' id='par_1_59' title="bbox 1792 1057 3364 1126">
     <span class='ocr_line' id='line_1_59' title="bbox 1792 1057 3364 1126; baseline 0.001 -17"><span class='ocrx_word' id='word_1_444' title='bbox 1792 1058 1935 1126; x_wconf 88' lang='lat' dir='ltr'><strong>quod</strong></span> <span class='ocrx_word' id='word_1_445' title='bbox 1972 1057 2100 1125; x_wconf 89' lang='lat' dir='ltr'><strong>quid</strong></span> <span class='ocrx_word' id='word_1_446' title='bbox 2142 1067 2246 1110; x_wconf 85' lang='lat' dir='ltr'><strong>est.</strong></span> <span class='ocrx_word' id='word_1_447' title='bbox 2276 1058 2541 1124; x_wconf 80' lang='lat' dir='ltr'><strong>Quoniam</strong></span> <span class='ocrx_word' id='word_1_448' title='bbox 2583 1059 2767 1125; x_wconf 81' lang='lat' dir='ltr'><strong>itaque</strong></span> <span class='ocrx_word' id='word_1_449' title='bbox 2792 1060 2855 1111; x_wconf 85' lang='lat' dir='ltr'><strong>de</strong></span> <span class='ocrx_word' id='word_1_450' title='bbox 2878 1059 3146 1111; x_wconf 74' lang='lat' dir='ltr'><strong>creaturis</strong></span> <span class='ocrx_word' id='word_1_451' title='bbox 3185 1058 3364 1126; x_wconf 88' lang='lat' dir='ltr'><strong>loqui-</strong></span> 
     </span>
    </p>
   </div>
   <div class='ocr_carea' id='block_1_60' title="bbox 1794 1148 3362 1220">
    <p class='ocr_par' dir='ltr' id='par_1_60' title="bbox 1794 1148 3362 1220">
     <span class='ocr_line' id='line_1_60' title="bbox 1794 1148 3362 1220; baseline 0.003 -20"><span class='ocrx_word' id='word_1_452' title='bbox 1794 1157 1898 1209; x_wconf 90' lang='lat' dir='ltr'><strong>tur,</strong></span> <span class='ocrx_word' id='word_1_453' title='bbox 1936 1148 2132 1203; x_wconf 91' lang='lat' dir='ltr'><strong>merito</strong></span> <span class='ocrx_word' id='word_1_454' title='bbox 2154 1149 2376 1203; x_wconf 88' lang='lat' dir='ltr'><strong>dictioni</strong></span> <span class='ocrx_word' id='word_1_455' title='bbox 2407 1148 2686 1218; x_wconf 81' lang='grc' dir='ltr'>ὑπάρξεις,</span> <span class='ocrx_word' id='word_1_456' title='bbox 2710 1165 2802 1203; x_wconf 91' lang='lat' dir='ltr'><strong>seu</strong></span> <span class='ocrx_word' id='word_1_457' title='bbox 2848 1148 3167 1216; x_wconf 73' lang='lat' dir='ltr'><strong>existentiaz,</strong></span> <span class='ocrx_word' id='word_1_458' title='bbox 3189 1164 3362 1220; x_wconf 88' lang='lat' dir='ltr'><strong>appo-</strong></span> 
     </span>
    </p>
   </div>
   <div class='ocr_carea' id='block_1_61' title="bbox 1790 1238 3359 1303">
    <p class='ocr_par' dir='ltr' id='par_1_61' title="bbox 1790 1238 3359 1303">
     <span class='ocr_line' id='line_1_61' title="bbox 1790 1238 3359 1303; baseline 0.003 -13"><span class='ocrx_word' id='word_1_459' title='bbox 1790 1240 1899 1291; x_wconf 88' lang='lat' dir='ltr'><strong>suit</strong></span> <span class='ocrx_word' id='word_1_460' title='bbox 1934 1238 2231 1303; x_wconf 76' lang='grc' dir='ltr'>οὑσιώδεις,</span> <span class='ocrx_word' id='word_1_461' title='bbox 2283 1254 2374 1293; x_wconf 90' lang='lat' dir='ltr'><strong>seu</strong></span> <span class='ocrx_word' id='word_1_462' title='bbox 2430 1240 2827 1296; x_wconf 78' lang='lat' dir='ltr'><strong>substantiales.</strong></span> <span class='ocrx_word' id='word_1_463' title='bbox 2882 1240 3120 1294; x_wconf 90' lang='lat' dir='ltr'><strong>Uniones</strong></span> <span class='ocrx_word' id='word_1_464' title='bbox 3175 1248 3359 1295; x_wconf 89' lang='lat' dir='ltr'><strong>autem</strong></span> 
     </span>
    </p>
   </div>
   <div class='ocr_carea' id='block_1_62' title="bbox 1788 1330 3360 1398">
    <p class='ocr_par' dir='ltr' id='par_1_62' title="bbox 1788 1330 3360 1398">
     <span class='ocr_line' id='line_1_62' title="bbox 1788 1330 3360 1398; baseline 0.003 -17"><span class='ocrx_word' id='word_1_465' title='bbox 1788 1330 2067 1394; x_wconf 88' lang='lat' dir='ltr'><strong>dicuntur,</strong></span> <span class='ocrx_word' id='word_1_466' title='bbox 2092 1347 2195 1383; x_wconf 91' lang='lat' dir='ltr'><strong>non</strong></span> <span class='ocrx_word' id='word_1_467' title='bbox 2232 1331 2372 1398; x_wconf 92' lang='lat' dir='ltr'><strong>quod</strong></span> <span class='ocrx_word' id='word_1_468' title='bbox 2414 1330 2575 1384; x_wconf 90' lang='lat' dir='ltr'><strong>simul</strong></span> <span class='ocrx_word' id='word_1_469' title='bbox 2630 1345 2750 1383; x_wconf 88' lang='lat' dir='ltr'><strong>cum</strong></span> <span class='ocrx_word' id='word_1_470' title='bbox 2792 1330 2885 1383; x_wconf 90' lang='lat' dir='ltr'><strong>illo</strong></span> <span class='ocrx_word' id='word_1_471' title='bbox 2923 1332 3215 1384; x_wconf 82' lang='lat' dir='ltr'><strong>acervatim</strong></span> <span class='ocrx_word' id='word_1_472' title='bbox 3256 1332 3360 1385; x_wconf 64' lang='lat' dir='ltr'><strong>alio</strong></span> 
     </span>
    </p>
   </div>
   <div class='ocr_carea' id='block_1_63' title="bbox 1788 1423 3363 1490">
    <p class='ocr_par' dir='ltr' id='par_1_63' title="bbox 1788 1423 3363 1490">
     <span class='ocr_line' id='line_1_63' title="bbox 1788 1423 3363 1490; baseline 0.001 -14"><span class='ocrx_word' id='word_1_473' title='bbox 1788 1423 1916 1490; x_wconf 88' lang='lat' dir='ltr'><strong>quid</strong></span> <span class='ocrx_word' id='word_1_474' title='bbox 1954 1440 2120 1476; x_wconf 90' lang='lat' dir='ltr'><strong>unum</strong></span> <span class='ocrx_word' id='word_1_475' title='bbox 2143 1424 2393 1484; x_wconf 79' lang='lat' dir='ltr'><strong>eliiciant,</strong></span> <span class='ocrx_word' id='word_1_476' title='bbox 2423 1424 2515 1477; x_wconf 89' lang='lat' dir='ltr'><strong>sed</strong></span> <span class='ocrx_word' id='word_1_477' title='bbox 2558 1425 2702 1490; x_wconf 89' lang='lat' dir='ltr'><strong>quod</strong></span> <span class='ocrx_word' id='word_1_478' title='bbox 2752 1424 2892 1478; x_wconf 89' lang='lat' dir='ltr'><strong>Deus</strong></span> <span class='ocrx_word' id='word_1_479' title='bbox 2930 1434 3045 1478; x_wconf 85' lang='lat' dir='ltr'><strong>erat</strong></span> <span class='ocrx_word' id='word_1_480' title='bbox 3082 1424 3203 1478; x_wconf 86' lang='lat' dir='ltr'><strong>fons</strong></span> <span class='ocrx_word' id='word_1_481' title='bbox 3240 1424 3363 1477; x_wconf 89' lang='lat' dir='ltr'><strong>illo-</strong></span> 
     </span>
    </p>
   </div>
   <div class='ocr_carea' id='block_1_64' title="bbox 1788 1517 3363 1588">
    <p class='ocr_par' dir='ltr' id='par_1_64' title="bbox 1788 1517 3363 1588">
     <span class='ocr_line' id='line_1_64' title="bbox 1788 1517 3363 1588; baseline 0.002 -19"><span class='ocrx_word' id='word_1_482' title='bbox 1788 1531 1905 1569; x_wconf 88' lang='lat' dir='ltr'><strong>rum</strong></span> <span class='ocrx_word' id='word_1_483' title='bbox 1944 1527 1998 1569; x_wconf 91' lang='lat' dir='ltr'><strong>et</strong></span> <span class='ocrx_word' id='word_1_484' title='bbox 2033 1517 2384 1585; x_wconf 88' lang='lat' dir='ltr'><strong>principium,</strong></span> <span class='ocrx_word' id='word_1_485' title='bbox 2409 1529 2463 1570; x_wconf 88' lang='lat' dir='ltr'><strong>et</strong></span> <span class='ocrx_word' id='word_1_486' title='bbox 2484 1532 2548 1571; x_wconf 81' lang='lat' dir='ltr'><strong>ex</strong></span> <span class='ocrx_word' id='word_1_487' title='bbox 2578 1518 2693 1585; x_wconf 90' lang='lat' dir='ltr'><strong>ipso</strong></span> <span class='ocrx_word' id='word_1_488' title='bbox 2714 1518 2976 1587; x_wconf 89' lang='lat' dir='ltr'><strong>producta</strong></span> <span class='ocrx_word' id='word_1_489' title='bbox 3000 1519 3112 1571; x_wconf 91' lang='lat' dir='ltr'><strong>sint</strong></span> <span class='ocrx_word' id='word_1_490' title='bbox 3146 1534 3208 1573; x_wconf 85' lang='lat' dir='ltr'><strong>ea</strong></span> <span class='ocrx_word' id='word_1_491' title='bbox 3240 1534 3363 1588; x_wconf 68' lang='lat' dir='ltr'><strong>quin</strong></span> 
     </span>
    </p>
   </div>
   <div class='ocr_carea' id='block_1_65' title="bbox 1787 1605 3359 1672">
    <p class='ocr_par' dir='ltr' id='par_1_65' title="bbox 1787 1605 3359 1672">
     <span class='ocr_line' id='line_1_65' title="bbox 1787 1605 3359 1672; baseline 0.001 -13"><span class='ocrx_word' id='word_1_492' title='bbox 1787 1605 2092 1659; x_wconf 87' lang='lat' dir='ltr'><strong>subsistunt</strong></span> <span class='ocrx_word' id='word_1_493' title='bbox 2134 1606 2434 1659; x_wconf 89' lang='lat' dir='ltr'><strong>secundum</strong></span> <span class='ocrx_word' id='word_1_494' title='bbox 2476 1608 2915 1672; x_wconf 87' lang='lat' dir='ltr'><strong>subsistentiam,</strong></span> <span class='ocrx_word' id='word_1_495' title='bbox 2970 1609 3041 1661; x_wconf 88' lang='lat' dir='ltr'><strong>ita</strong></span> <span class='ocrx_word' id='word_1_496' title='bbox 3085 1616 3142 1661; x_wconf 85' lang='lat' dir='ltr'><strong>ut</strong></span> <span class='ocrx_word' id='word_1_497' title='bbox 3193 1608 3359 1662; x_wconf 90' lang='lat' dir='ltr'><strong>etiam</strong></span> 
     </span>
    </p>
   </div>
   <div class='ocr_carea' id='block_1_66' title="bbox 1787 1697 3361 1767">
    <p class='ocr_par' dir='ltr' id='par_1_66' title="bbox 1787 1697 3361 1767">
     <span class='ocr_line' id='line_1_66' title="bbox 1787 1697 3361 1767; baseline 0.002 -18"><span class='ocrx_word' id='word_1_498' title='bbox 1787 1697 1854 1750; x_wconf 88' lang='lat' dir='ltr'><strong>ad</strong></span> <span class='ocrx_word' id='word_1_499' title='bbox 1897 1698 2283 1751; x_wconf 85' lang='lat' dir='ltr'><strong>distinctiones</strong></span> <span class='ocrx_word' id='word_1_500' title='bbox 2321 1697 2728 1765; x_wconf 79' lang='lat' dir='ltr'><strong>suppositarum</strong></span> <span class='ocrx_word' id='word_1_501' title='bbox 2755 1708 3071 1767; x_wconf 85' lang='lat' dir='ltr'><strong>appareant.</strong></span> <span class='ocrx_word' id='word_1_502' title='bbox 3098 1699 3361 1752; x_wconf 87' lang='lat' dir='ltr'><strong>ldentita-</strong></span> 
     </span>
    </p>
   </div>
   <div class='ocr_carea' id='block_1_67' title="bbox 1716 1774 3362 1845">
    <p class='ocr_par' dir='ltr' id='par_1_67' title="bbox 1716 1774 3362 1845">
     <span class='ocr_line' id='line_1_67' title="bbox 1716 1774 3362 1845; baseline 0.004 -7"><span class='ocrx_word' id='word_1_503' title='bbox 1716 1774 1757 1828; x_wconf 77' lang='grc' dir='ltr'>Β</span> <span class='ocrx_word' id='word_1_504' title='bbox 1791 1795 1872 1840; x_wconf 91' lang='lat' dir='ltr'><strong>tes</strong></span> <span class='ocrx_word' id='word_1_505' title='bbox 1910 1796 2093 1839; x_wconf 88' lang='lat' dir='ltr'><strong>autem</strong></span> <span class='ocrx_word' id='word_1_506' title='bbox 2136 1797 2260 1838; x_wconf 91' lang='lat' dir='ltr'><strong>sunt</strong></span> <span class='ocrx_word' id='word_1_507' title='bbox 2301 1787 2532 1839; x_wconf 86' lang='lat' dir='ltr'><strong>virtutes</strong></span> <span class='ocrx_word' id='word_1_508' title='bbox 2581 1787 2930 1841; x_wconf 88' lang='lat' dir='ltr'><strong>adductrices</strong></span> <span class='ocrx_word' id='word_1_509' title='bbox 2988 1801 3042 1841; x_wconf 91' lang='lat' dir='ltr'><strong>et</strong></span> <span class='ocrx_word' id='word_1_510' title='bbox 3099 1790 3362 1845; x_wconf 88' lang='lat' dir='ltr'><strong>unitrices</strong></span> 
     </span>
    </p>
   </div>
   <div class='ocr_carea' id='block_1_68' title="bbox 1787 1876 3363 1944">
    <p class='ocr_par' dir='ltr' id='par_1_68' title="bbox 1787 1876 3363 1944">
     <span class='ocr_line' id='line_1_68' title="bbox 1787 1876 3363 1944; baseline 0.003 -14"><span class='ocrx_word' id='word_1_511' title='bbox 1787 1891 1969 1931; x_wconf 91' lang='lat' dir='ltr'><strong>rerum</strong></span> <span class='ocrx_word' id='word_1_512' title='bbox 2018 1876 2440 1944; x_wconf 81' lang='lat' dir='ltr'><strong>intelligibilinm</strong></span> <span class='ocrx_word' id='word_1_513' title='bbox 2488 1877 2552 1929; x_wconf 88' lang='lat' dir='ltr'><strong>ad</strong></span> <span class='ocrx_word' id='word_1_514' title='bbox 2595 1877 2790 1941; x_wconf 89' lang='lat' dir='ltr'><strong>Deum,</strong></span> <span class='ocrx_word' id='word_1_515' title='bbox 2835 1879 2910 1931; x_wconf 91' lang='lat' dir='ltr'><strong>uti</strong></span> <span class='ocrx_word' id='word_1_516' title='bbox 2951 1889 3005 1931; x_wconf 92' lang='lat' dir='ltr'><strong>et</strong></span> <span class='ocrx_word' id='word_1_517' title='bbox 3042 1880 3363 1934; x_wconf 89' lang='lat' dir='ltr'><strong>similitudi-</strong></span> 
     </span>
    </p>
   </div>
   <div class='ocr_carea' id='block_1_69' title="bbox 1786 1970 3361 2039">
    <p class='ocr_par' dir='ltr' id='par_1_69' title="bbox 1786 1970 3361 2039">
     <span class='ocr_line' id='line_1_69' title="bbox 1786 1970 3361 2039; baseline 0.003 -16"><span class='ocrx_word' id='word_1_518' title='bbox 1786 1984 1913 2036; x_wconf 86' lang='lat' dir='ltr'><strong>nes;</strong></span> <span class='ocrx_word' id='word_1_519' title='bbox 1954 1970 2395 2039; x_wconf 86' lang='lat' dir='ltr'><strong>quandoquidem</strong></span> <span class='ocrx_word' id='word_1_520' title='bbox 2437 1980 2489 2023; x_wconf 90' lang='lat' dir='ltr'><strong>et</strong></span> <span class='ocrx_word' id='word_1_521' title='bbox 2531 1984 2597 2023; x_wconf 82' lang='lat' dir='ltr'><strong>ex</strong></span> <span class='ocrx_word' id='word_1_522' title='bbox 2641 1971 2757 2037; x_wconf 89' lang='lat' dir='ltr'><strong>ipso</strong></span> <span class='ocrx_word' id='word_1_523' title='bbox 2813 1973 2942 2037; x_wconf 88' lang='lat' dir='ltr'><strong>sint,</strong></span> <span class='ocrx_word' id='word_1_524' title='bbox 2989 1973 3149 2039; x_wconf 88' lang='lat' dir='ltr'><strong>eique</strong></span> <span class='ocrx_word' id='word_1_525' title='bbox 3186 1974 3361 2028; x_wconf 64' lang='lat' dir='ltr'><strong>inhae-</strong></span> 
     </span>
    </p>
   </div>
   <div class='ocr_carea' id='block_1_70' title="bbox 1786 2061 3361 2130">
    <p class='ocr_par' dir='ltr' id='par_1_70' title="bbox 1786 2061 3361 2130">
     <span class='ocr_line' id='line_1_70' title="bbox 1786 2061 3361 2130; baseline 0.001 -15"><span class='ocrx_word' id='word_1_526' title='bbox 1786 2070 1961 2115; x_wconf 88' lang='lat' dir='ltr'><strong>reant.</strong></span> <span class='ocrx_word' id='word_1_527' title='bbox 1988 2061 2343 2114; x_wconf 86' lang='lat' dir='ltr'><strong>Diversitates</strong></span> <span class='ocrx_word' id='word_1_528' title='bbox 2381 2070 2565 2113; x_wconf 89' lang='lat' dir='ltr'><strong>autem</strong></span> <span class='ocrx_word' id='word_1_529' title='bbox 2606 2072 2733 2114; x_wconf 88' lang='lat' dir='ltr'><strong>sunt</strong></span> <span class='ocrx_word' id='word_1_530' title='bbox 2770 2064 2926 2130; x_wconf 86' lang='lat' dir='ltr'><strong>quasi</strong></span> <span class='ocrx_word' id='word_1_531' title='bbox 2971 2064 3173 2130; x_wconf 84' lang='lat' dir='ltr'><strong>partita</strong></span> <span class='ocrx_word' id='word_1_532' title='bbox 3210 2078 3361 2130; x_wconf 62' lang='lat' dir='ltr'><strong>qua:-</strong></span> 
     </span>
    </p>
   </div>
   <div class='ocr_carea' id='block_1_71' title="bbox 1784 2151 3352 2219">
    <p class='ocr_par' dir='ltr' id='par_1_71' title="bbox 1784 2151 3352 2219">
     <span class='ocr_line' id='line_1_71' title="bbox 1784 2151 3352 2219; baseline 0.002 -15"><span class='ocrx_word' id='word_1_533' title='bbox 1784 2151 1905 2205; x_wconf 84' lang='lat' dir='ltr'><strong>(lam</strong></span> <span class='ocrx_word' id='word_1_534' title='bbox 1961 2151 2338 2219; x_wconf 82' lang='lat' dir='ltr'><strong>multiplicatio</strong></span> <span class='ocrx_word' id='word_1_535' title='bbox 2399 2153 2595 2205; x_wconf 66' lang='lat' dir='ltr'><strong>divinae</strong></span> <span class='ocrx_word' id='word_1_536' title='bbox 2635 2153 2931 2206; x_wconf 82' lang='lat' dir='ltr'><strong>voluntatis</strong></span> <span class='ocrx_word' id='word_1_537' title='bbox 2972 2154 3039 2205; x_wconf 90' lang='lat' dir='ltr'><strong>ad</strong></span> <span class='ocrx_word' id='word_1_538' title='bbox 3092 2153 3352 2207; x_wconf 79' lang='lat' dir='ltr'><strong>inferiora</strong></span> 
     </span>
    </p>
   </div>
   <div class='ocr_carea' id='block_1_72' title="bbox 1782 2240 3355 2311">
    <p class='ocr_par' dir='ltr' id='par_1_72' title="bbox 1782 2240 3355 2311">
     <span class='ocr_line' id='line_1_72' title="bbox 1782 2240 3355 2311; baseline 0.005 -19"><span class='ocrx_word' id='word_1_539' title='bbox 1782 2240 2147 2310; x_wconf 81' lang='lat' dir='ltr'><strong>procedentis.</strong></span> <span class='ocrx_word' id='word_1_540' title='bbox 2212 2240 2696 2295; x_wconf 85' lang='lat' dir='ltr'><strong>Dissimilitudines</strong></span> <span class='ocrx_word' id='word_1_541' title='bbox 2755 2257 2920 2307; x_wconf 88' lang='lat' dir='ltr'><strong>vero,</strong></span> <span class='ocrx_word' id='word_1_542' title='bbox 2984 2245 3244 2311; x_wconf 84' lang='lat' dir='ltr'><strong>quoniam</strong></span> <span class='ocrx_word' id='word_1_543' title='bbox 3302 2246 3355 2300; x_wconf 88' lang='lat' dir='ltr'><strong>id</strong></span> 
     </span>
    </p>
   </div>
   <div class='ocr_carea' id='block_1_73' title="bbox 1781 2335 3357 2402">
    <p class='ocr_par' dir='ltr' id='par_1_73' title="bbox 1781 2335 3357 2402">
     <span class='ocr_line' id='line_1_73' title="bbox 1781 2335 3357 2402; baseline 0.004 -17"><span class='ocrx_word' id='word_1_544' title='bbox 1781 2336 1927 2402; x_wconf 90' lang='lat' dir='ltr'><strong>quod</strong></span> <span class='ocrx_word' id='word_1_545' title='bbox 1959 2344 2179 2388; x_wconf 90' lang='lat' dir='ltr'><strong>creatur</strong></span> <span class='ocrx_word' id='word_1_546' title='bbox 2201 2336 2476 2389; x_wconf 89' lang='lat' dir='ltr'><strong>diversum</strong></span> <span class='ocrx_word' id='word_1_547' title='bbox 2502 2343 2588 2389; x_wconf 88' lang='lat' dir='ltr'><strong>est</strong></span> <span class='ocrx_word' id='word_1_548' title='bbox 2630 2351 2659 2387; x_wconf 90' lang='lat' dir='ltr'><strong>a</strong></span> <span class='ocrx_word' id='word_1_549' title='bbox 2685 2344 2953 2389; x_wconf 87' lang='lat' dir='ltr'><strong>creatore.</strong></span> <span class='ocrx_word' id='word_1_550' title='bbox 2976 2335 3203 2390; x_wconf 65' lang='lat' dir='ltr'><strong>Foedera</strong></span> <span class='ocrx_word' id='word_1_551' title='bbox 3225 2348 3357 2393; x_wconf 90' lang='lat' dir='ltr'><strong>sunt</strong></span> 
     </span>
    </p>
   </div>
   <div class='ocr_carea' id='block_1_74' title="bbox 1780 2427 3358 2496">
    <p class='ocr_par' dir='ltr' id='par_1_74' title="bbox 1780 2427 3358 2496">
     <span class='ocr_line' id='line_1_74' title="bbox 1780 2427 3358 2496; baseline 0.001 -14"><span class='ocrx_word' id='word_1_552' title='bbox 1780 2428 2181 2482; x_wconf 89' lang='lat' dir='ltr'><strong>contrariorum</strong></span> <span class='ocrx_word' id='word_1_553' title='bbox 2239 2427 2634 2482; x_wconf 84' lang='lat' dir='ltr'><strong>elementorum</strong></span> <span class='ocrx_word' id='word_1_554' title='bbox 2698 2428 3358 2496; x_wconf 67' lang='lat' dir='ltr'><strong>temperationeszcobaa-</strong></span> 
     </span>
    </p>
   </div>
   <div class='ocr_carea' id='block_1_75' title="bbox 1781 2518 3352 2575">
    <p class='ocr_par' dir='ltr' id='par_1_75' title="bbox 1781 2518 3352 2575">
     <span class='ocr_line' id='line_1_75' title="bbox 1781 2518 3352 2575; baseline 0 -1"><span class='ocrx_word' id='word_1_555' title='bbox 1781 2522 1971 2574; x_wconf 72' lang='lat' dir='ltr'><strong>rentia:</strong></span> <span class='ocrx_word' id='word_1_556' title='bbox 2014 2529 2139 2573; x_wconf 88' lang='lat' dir='ltr'><strong>sunt</strong></span> <span class='ocrx_word' id='word_1_557' title='bbox 2180 2521 2345 2573; x_wconf 89' lang='lat' dir='ltr'><strong>totius</strong></span> <span class='ocrx_word' id='word_1_558' title='bbox 2387 2518 2572 2573; x_wconf 88' lang='lat' dir='ltr'><strong>mundi</strong></span> <span class='ocrx_word' id='word_1_559' title='bbox 2619 2521 2889 2573; x_wconf 81' lang='lat' dir='ltr'><strong>connexio</strong></span> <span class='ocrx_word' id='word_1_560' title='bbox 2928 2530 2983 2574; x_wconf 91' lang='lat' dir='ltr'><strong>et</strong></span> <span class='ocrx_word' id='word_1_561' title='bbox 3030 2535 3352 2575; x_wconf 87' lang='lat' dir='ltr'><strong>consensus.</strong></span> 
     </span>
    </p>
   </div>
   <div class='ocr_carea' id='block_1_76' title="bbox 1781 2611 3352 2680">
    <p class='ocr_par' dir='ltr' id='par_1_76' title="bbox 1781 2611 3352 2680">
     <span class='ocr_line' id='line_1_76' title="bbox 1781 2611 3352 2680; baseline 0.001 -15"><span class='ocrx_word' id='word_1_562' title='bbox 1781 2611 1982 2666; x_wconf 85' lang='lat' dir='ltr'><strong>Rerum</strong></span> <span class='ocrx_word' id='word_1_563' title='bbox 2048 2612 2325 2663; x_wconf 88' lang='lat' dir='ltr'><strong>unitarum</strong></span> <span class='ocrx_word' id='word_1_564' title='bbox 2407 2611 2879 2680; x_wconf 87' lang='lat' dir='ltr'><strong>impermistiones</strong></span> <span class='ocrx_word' id='word_1_565' title='bbox 2937 2623 3068 2667; x_wconf 89' lang='lat' dir='ltr'><strong>sunt</strong></span> <span class='ocrx_word' id='word_1_566' title='bbox 3106 2613 3250 2667; x_wconf 82' lang='lat' dir='ltr'><strong>sicut</strong></span> <span class='ocrx_word' id='word_1_567' title='bbox 3298 2613 3352 2668; x_wconf 89' lang='lat' dir='ltr'><strong>in</strong></span> 
     </span>
    </p>
   </div>
   <div class='ocr_carea' id='block_1_77' title="bbox 1779 2702 3357 2775">
    <p class='ocr_par' dir='ltr' id='par_1_77' title="bbox 1779 2702 3357 2775">
     <span class='ocr_line' id='line_1_77' title="bbox 1779 2702 3357 2775; baseline 0.003 -19"><span class='ocrx_word' id='word_1_568' title='bbox 1779 2702 1999 2756; x_wconf 87' lang='lat' dir='ltr'><strong>humani</strong></span> <span class='ocrx_word' id='word_1_569' title='bbox 2025 2703 2246 2770; x_wconf 83' lang='lat' dir='ltr'><strong>generis</strong></span> <span class='ocrx_word' id='word_1_570' title='bbox 2284 2705 2707 2767; x_wconf 85' lang='lat' dir='ltr'><strong>communitate,</strong></span> <span class='ocrx_word' id='word_1_571' title='bbox 2730 2713 2785 2757; x_wconf 89' lang='lat' dir='ltr'><strong>et</strong></span> <span class='ocrx_word' id='word_1_572' title='bbox 2808 2705 3076 2775; x_wconf 86' lang='lat' dir='ltr'><strong>cujusque</strong></span> <span class='ocrx_word' id='word_1_573' title='bbox 3115 2707 3357 2760; x_wconf 85' lang='lat' dir='ltr'><strong>hominis</strong></span> 
     </span>
    </p>
   </div>
   <div class='ocr_carea' id='block_1_78' title="bbox 1777 2796 3353 2863">
    <p class='ocr_par' dir='ltr' id='par_1_78' title="bbox 1777 2796 3353 2863">
     <span class='ocr_line' id='line_1_78' title="bbox 1777 2796 3353 2863; baseline 0.004 -18"><span class='ocrx_word' id='word_1_574' title='bbox 1777 2796 2145 2863; x_wconf 82' lang='lat' dir='ltr'><strong>proprietate;</strong></span> <span class='ocrx_word' id='word_1_575' title='bbox 2169 2797 2442 2850; x_wconf 89' lang='lat' dir='ltr'><strong>communi</strong></span> <span class='ocrx_word' id='word_1_576' title='bbox 2470 2798 2618 2849; x_wconf 91' lang='lat' dir='ltr'><strong>enim</strong></span> <span class='ocrx_word' id='word_1_577' title='bbox 2643 2797 2898 2851; x_wconf 64' lang='lat' dir='ltr'><strong>essentite</strong></span> <span class='ocrx_word' id='word_1_578' title='bbox 2931 2798 3137 2850; x_wconf 83' lang='lat' dir='ltr'><strong>ratione</strong></span> <span class='ocrx_word' id='word_1_579' title='bbox 3158 2813 3353 2852; x_wconf 85' lang='lat' dir='ltr'><strong>omnes</strong></span> 
     </span>
    </p>
   </div>
   <div class='ocr_carea' id='block_1_79' title="bbox 1775 2883 3354 2956">
    <p class='ocr_par' dir='ltr' id='par_1_79' title="bbox 1775 2883 3354 2956">
     <span class='ocr_line' id='line_1_79' title="bbox 1775 2883 3354 2956; baseline 0.004 -20"><span class='ocrx_word' id='word_1_580' title='bbox 1775 2883 1935 2953; x_wconf 82' lang='lat'><strong>395</strong></span> <span class='ocrx_word' id='word_1_581' title='bbox 1965 2884 2101 2938; x_wconf 89' lang='lat' dir='ltr'><strong>uniti</strong></span> <span class='ocrx_word' id='word_1_582' title='bbox 2141 2901 2351 2949; x_wconf 90' lang='lat' dir='ltr'><strong>sumus,</strong></span> <span class='ocrx_word' id='word_1_583' title='bbox 2400 2888 2831 2956; x_wconf 87' lang='lat' dir='ltr'><strong>uniuscujusque</strong></span> <span class='ocrx_word' id='word_1_584' title='bbox 2862 2902 2989 2941; x_wconf 86' lang='lat' dir='ltr'><strong>vero</strong></span> <span class='ocrx_word' id='word_1_585' title='bbox 3017 2889 3354 2956; x_wconf 87' lang='lat' dir='ltr'><strong>proprietate</strong></span> 
     </span>
    </p>
   </div>
   <div class='ocr_carea' id='block_1_80' title="bbox 1775 2976 3349 3032">
    <p class='ocr_par' dir='ltr' id='par_1_80' title="bbox 1775 2976 3349 3032">
     <span class='ocr_line' id='line_1_80' title="bbox 1775 2976 3349 3032; baseline 0.003 -5"><span class='ocrx_word' id='word_1_586' title='bbox 1775 2977 1998 3031; x_wconf 88' lang='lat' dir='ltr'><strong>minime</strong></span> <span class='ocrx_word' id='word_1_587' title='bbox 2045 2978 2491 3032; x_wconf 89' lang='lat' dir='ltr'><strong>commiscemur.</strong></span> <span class='ocrx_word' id='word_1_588' title='bbox 2551 2976 2863 3032; x_wconf 87' lang='lat' dir='ltr'><strong>lmmohiles</strong></span> <span class='ocrx_word' id='word_1_589' title='bbox 2906 2978 3147 3032; x_wconf 89' lang='lat' dir='ltr'><strong>omnium</strong></span> <span class='ocrx_word' id='word_1_590' title='bbox 3196 2993 3349 3032; x_wconf 84' lang='lat' dir='ltr'><strong>man-</strong></span> 
     </span>
    </p>
   </div>
   <div class='ocr_carea' id='block_1_81' title="bbox 1774 3066 3350 3137">
    <p class='ocr_par' dir='ltr' id='par_1_81' title="bbox 1774 3066 3350 3137">
     <span class='ocr_line' id='line_1_81' title="bbox 1774 3066 3350 3137; baseline 0.004 -18"><span class='ocrx_word' id='word_1_591' title='bbox 1774 3066 1977 3132; x_wconf 89' lang='lat' dir='ltr'><strong>siones,</strong></span> <span class='ocrx_word' id='word_1_592' title='bbox 2007 3068 2271 3137; x_wconf 87' lang='lat' dir='ltr'><strong>quidlibet</strong></span> <span class='ocrx_word' id='word_1_593' title='bbox 2313 3070 2460 3123; x_wconf 89' lang='lat' dir='ltr'><strong>enim</strong></span> <span class='ocrx_word' id='word_1_594' title='bbox 2508 3084 2605 3137; x_wconf 87' lang='lat' dir='ltr'><strong>per</strong></span> <span class='ocrx_word' id='word_1_595' title='bbox 2647 3084 2708 3123; x_wconf 90' lang='lat' dir='ltr'><strong>se</strong></span> <span class='ocrx_word' id='word_1_596' title='bbox 2749 3070 3004 3123; x_wconf 84' lang='lat' dir='ltr'><strong>subsistit</strong></span> <span class='ocrx_word' id='word_1_597' title='bbox 3034 3081 3091 3122; x_wconf 86' lang='lat' dir='ltr'><strong>et</strong></span> <span class='ocrx_word' id='word_1_598' title='bbox 3135 3077 3239 3123; x_wconf 91' lang='lat' dir='ltr'><strong>est.</strong></span> <span class='ocrx_word' id='word_1_599' title='bbox 3279 3069 3350 3124; x_wconf 88' lang='lat' dir='ltr'><strong>Et</strong></span> 
     </span>
    </p>
   </div>
   <div class='ocr_carea' id='block_1_82' title="bbox 1773 3159 3348 3231">
    <p class='ocr_par' dir='ltr' id='par_1_82' title="bbox 1773 3159 3348 3231">
     <span class='ocr_line' id='line_1_82' title="bbox 1773 3159 3348 3231; baseline 0.001 -18"><span class='ocrx_word' id='word_1_600' title='bbox 1773 3175 1989 3225; x_wconf 82' lang='lat' dir='ltr'><strong>rursus.</strong></span> <span class='ocrx_word' id='word_1_601' title='bbox 2040 3161 2284 3214; x_wconf 89' lang='lat' dir='ltr'><strong>omnium</strong></span> <span class='ocrx_word' id='word_1_602' title='bbox 2357 3162 2411 3215; x_wconf 90' lang='lat' dir='ltr'><strong>in</strong></span> <span class='ocrx_word' id='word_1_603' title='bbox 2455 3161 2697 3231; x_wconf 89' lang='lat' dir='ltr'><strong>quolibet</strong></span> <span class='ocrx_word' id='word_1_604' title='bbox 2737 3162 3170 3214; x_wconf 82' lang='lat' dir='ltr'><strong>communiones.</strong></span> <span class='ocrx_word' id='word_1_605' title='bbox 3205 3159 3348 3215; x_wconf 81' lang='lat' dir='ltr'><strong>Hinc</strong></span> 
     </span>
    </p>
   </div>
   <div class='ocr_carea' id='block_1_83' title="bbox 1771 3252 3359 3322">
    <p class='ocr_par' dir='ltr' id='par_1_83' title="bbox 1771 3252 3359 3322">
     <span class='ocr_line' id='line_1_83' title="bbox 1771 3252 3359 3322; baseline 0.001 -18"><span class='ocrx_word' id='word_1_606' title='bbox 1771 3252 2134 3321; x_wconf 80' lang='lat' dir='ltr'><strong>corriguntur</strong></span> <span class='ocrx_word' id='word_1_607' title='bbox 2153 3254 2319 3307; x_wconf 87' lang='lat' dir='ltr'><strong>etiam</strong></span> <span class='ocrx_word' id='word_1_608' title='bbox 2342 3254 2630 3322; x_wconf 89' lang='lat' dir='ltr'><strong>opiniones</strong></span> <span class='ocrx_word' id='word_1_609' title='bbox 2670 3254 2905 3307; x_wconf 89' lang='lat' dir='ltr'><strong>duorum</strong></span> <span class='ocrx_word' id='word_1_610' title='bbox 2939 3260 3188 3306; x_wconf 84' lang='lat' dir='ltr'><strong>veterum</strong></span> <span class='ocrx_word' id='word_1_611' title='bbox 3231 3252 3359 3321; x_wconf 82' lang='lat' dir='ltr'><strong>phi-</strong></span> 
     </span>
    </p>
   </div>
   <div class='ocr_carea' id='block_1_84' title="bbox 1770 3342 3345 3415">
    <p class='ocr_par' dir='ltr' id='par_1_84' title="bbox 1770 3342 3345 3415">
     <span class='ocr_line' id='line_1_84' title="bbox 1770 3342 3345 3415; baseline 0.001 -18"><span class='ocrx_word' id='word_1_612' title='bbox 1770 3342 2139 3414; x_wconf 87' lang='lat' dir='ltr'><strong>los0phorum,</strong></span> <span class='ocrx_word' id='word_1_613' title='bbox 2187 3345 2530 3415; x_wconf 81' lang='lat' dir='ltr'><strong>Empedoclis</strong></span> <span class='ocrx_word' id='word_1_614' title='bbox 2566 3356 2620 3399; x_wconf 88' lang='lat' dir='ltr'><strong>et</strong></span> <span class='ocrx_word' id='word_1_615' title='bbox 2659 3346 3022 3415; x_wconf 80' lang='lat' dir='ltr'><strong>Anaxagorae.</strong></span> <span class='ocrx_word' id='word_1_616' title='bbox 3065 3344 3345 3413; x_wconf 82' lang='lat' dir='ltr'><strong>Siquidem</strong></span> 
     </span>
    </p>
   </div>
   <div class='ocr_carea' id='block_1_85' title="bbox 1768 3435 3346 3505">
    <p class='ocr_par' dir='ltr' id='par_1_85' title="bbox 1768 3435 3346 3505">
     <span class='ocr_line' id='line_1_85' title="bbox 1768 3435 3346 3505; baseline -0.001 -17"><span class='ocrx_word' id='word_1_617' title='bbox 1768 3435 2124 3505; x_wconf 87' lang='lat' dir='ltr'><strong>Empedocles</strong></span> <span class='ocrx_word' id='word_1_618' title='bbox 2153 3437 2427 3505; x_wconf 63' lang='lat' dir='ltr'><strong>sphaeram</strong></span> <span class='ocrx_word' id='word_1_619' title='bbox 2476 3438 2544 3491; x_wconf 93' lang='lat' dir='ltr'><strong>ab</strong></span> <span class='ocrx_word' id='word_1_620' title='bbox 2566 3436 2814 3491; x_wconf 90' lang='lat' dir='ltr'><strong>omnium</strong></span> <span class='ocrx_word' id='word_1_621' title='bbox 2844 3436 3090 3489; x_wconf 86' lang='lat' dir='ltr'><strong>amicitia</strong></span> <span class='ocrx_word' id='word_1_622' title='bbox 3112 3443 3168 3489; x_wconf 89' lang='lat' dir='ltr'><strong>et</strong></span> <span class='ocrx_word' id='word_1_623' title='bbox 3189 3449 3346 3488; x_wconf 90' lang='lat' dir='ltr'><strong>com-</strong></span> 
     </span>
    </p>
   </div>
   <div class='ocr_carea' id='block_1_86' title="bbox 1770 3526 3346 3598">
    <p class='ocr_par' dir='ltr' id='par_1_86' title="bbox 1770 3526 3346 3598">
     <span class='ocr_line' id='line_1_86' title="bbox 1770 3526 3346 3598; baseline -0.001 -16"><span class='ocrx_word' id='word_1_624' title='bbox 1770 3529 2027 3583; x_wconf 89' lang='lat' dir='ltr'><strong>mistione</strong></span> <span class='ocrx_word' id='word_1_625' title='bbox 2058 3530 2387 3593; x_wconf 82' lang='lat' dir='ltr'><strong>nominavit,</strong></span> <span class='ocrx_word' id='word_1_626' title='bbox 2416 3536 2489 3583; x_wconf 88' lang='lat' dir='ltr'><strong>ita</strong></span> <span class='ocrx_word' id='word_1_627' title='bbox 2526 3540 2585 3582; x_wconf 92' lang='lat' dir='ltr'><strong>ut</strong></span> <span class='ocrx_word' id='word_1_628' title='bbox 2610 3529 2879 3598; x_wconf 82' lang='lat' dir='ltr'><strong>quidlibet</strong></span> <span class='ocrx_word' id='word_1_629' title='bbox 2917 3544 3013 3596; x_wconf 89' lang='lat' dir='ltr'><strong>per</strong></span> <span class='ocrx_word' id='word_1_630' title='bbox 3053 3543 3111 3581; x_wconf 86' lang='lat' dir='ltr'><strong>se</strong></span> <span class='ocrx_word' id='word_1_631' title='bbox 3150 3528 3217 3581; x_wconf 86' lang='lat' dir='ltr'><strong>ab</strong></span> <span class='ocrx_word' id='word_1_632' title='bbox 3240 3526 3346 3581; x_wconf 79' lang='lat' dir='ltr'><strong>alio</strong></span> 
     </span>
    </p>
   </div>
   <div class='ocr_carea' id='block_1_87' title="bbox 1768 3619 3341 3692">
    <p class='ocr_par' dir='ltr' id='par_1_87' title="bbox 1768 3619 3341 3692">
     <span class='ocr_line' id='line_1_87' title="bbox 1768 3619 3341 3692; baseline -0.003 -17"><span class='ocrx_word' id='word_1_633' title='bbox 1768 3620 2004 3676; x_wconf 88' lang='lat' dir='ltr'><strong>discerni</strong></span> <span class='ocrx_word' id='word_1_634' title='bbox 2035 3632 2293 3691; x_wconf 89' lang='lat' dir='ltr'><strong>nequeat,</strong></span> <span class='ocrx_word' id='word_1_635' title='bbox 2331 3634 2623 3692; x_wconf 86' lang='lat' dir='ltr'><strong>antequam</strong></span> <span class='ocrx_word' id='word_1_636' title='bbox 2667 3637 2841 3691; x_wconf 88' lang='lat' dir='ltr'><strong>pugna</strong></span> <span class='ocrx_word' id='word_1_637' title='bbox 2892 3620 2987 3673; x_wconf 81' lang='lat' dir='ltr'><strong>fiat</strong></span> <span class='ocrx_word' id='word_1_638' title='bbox 3026 3628 3081 3673; x_wconf 87' lang='lat' dir='ltr'><strong>et</strong></span> <span class='ocrx_word' id='word_1_639' title='bbox 3122 3619 3341 3683; x_wconf 86' lang='lat' dir='ltr'><strong>divisio,</strong></span> 
     </span>
    </p>
   </div>
   <div class='ocr_carea' id='block_1_88' title="bbox 1764 3711 3341 3781">
    <p class='ocr_par' dir='ltr' id='par_1_88' title="bbox 1764 3711 3341 3781">
     <span class='ocr_line' id='line_1_88' title="bbox 1764 3711 3341 3781; baseline -0.003 -16"><span class='ocrx_word' id='word_1_640' title='bbox 1764 3713 2065 3766; x_wconf 89' lang='lat' dir='ltr'><strong>secundum</strong></span> <span class='ocrx_word' id='word_1_641' title='bbox 2081 3728 2243 3781; x_wconf 88' lang='lat' dir='ltr'><strong>quam</strong></span> <span class='ocrx_word' id='word_1_642' title='bbox 2265 3718 2496 3766; x_wconf 91' lang='lat' dir='ltr'><strong>mundus</strong></span> <span class='ocrx_word' id='word_1_643' title='bbox 2508 3711 2757 3767; x_wconf 85' lang='lat' dir='ltr'><strong>subsistit</strong></span> <span class='ocrx_word' id='word_1_644' title='bbox 2778 3728 2793 3778; x_wconf 85' lang='lat'><strong>;</strong></span> <span class='ocrx_word' id='word_1_645' title='bbox 2810 3714 3166 3779; x_wconf 82' lang='lat' dir='ltr'><strong>Anaxagoras</strong></span> <span class='ocrx_word' id='word_1_646' title='bbox 3189 3723 3341 3775; x_wconf 85' lang='lat' dir='ltr'><strong>vero,</strong></span> 
     </span>
    </p>
   </div>
   <div class='ocr_carea' id='block_1_89' title="bbox 1768 3801 3341 3873">
    <p class='ocr_par' dir='ltr' id='par_1_89' title="bbox 1768 3801 3341 3873">
     <span class='ocr_line' id='line_1_89' title="bbox 1768 3801 3341 3873; baseline -0.006 -12"><span class='ocrx_word' id='word_1_647' title='bbox 1768 3805 1962 3861; x_wconf 81' lang='lat' dir='ltr'><strong>Omnia</strong></span> <span class='ocrx_word' id='word_1_648' title='bbox 2003 3805 2162 3858; x_wconf 78' lang='lat' dir='ltr'><strong>simul</strong></span> <span class='ocrx_word' id='word_1_649' title='bbox 2188 3815 2371 3869; x_wconf 88' lang='lat' dir='ltr'><strong>erant,</strong></span> <span class='ocrx_word' id='word_1_650' title='bbox 2397 3806 2601 3860; x_wconf 87' lang='lat' dir='ltr'><strong>aiebat.</strong></span> <span class='ocrx_word' id='word_1_651' title='bbox 2620 3806 2711 3858; x_wconf 89' lang='lat' dir='ltr'><strong>Ait</strong></span> <span class='ocrx_word' id='word_1_652' title='bbox 2743 3806 2947 3873; x_wconf 89' lang='lat' dir='ltr'><strong>itaque,</strong></span> <span class='ocrx_word' id='word_1_653' title='bbox 2980 3818 3075 3871; x_wconf 88' lang='lat' dir='ltr'><strong>per</strong></span> <span class='ocrx_word' id='word_1_654' title='bbox 3099 3816 3157 3855; x_wconf 88' lang='lat' dir='ltr'><strong>se</strong></span> <span class='ocrx_word' id='word_1_655' title='bbox 3179 3801 3341 3869; x_wconf 86' lang='lat' dir='ltr'><strong>quid-</strong></span> 
     </span>
    </p>
   </div>
   <div class='ocr_carea' id='block_1_90' title="bbox 1763 3894 3337 3965">
    <p class='ocr_par' dir='ltr' id='par_1_90' title="bbox 1763 3894 3337 3965">
     <span class='ocr_line' id='line_1_90' title="bbox 1763 3894 3337 3965; baseline -0.003 -16"><span class='ocrx_word' id='word_1_656' title='bbox 1763 3894 1897 3951; x_wconf 91' lang='lat' dir='ltr'><strong>libet</strong></span> <span class='ocrx_word' id='word_1_657' title='bbox 1932 3897 2259 3965; x_wconf 86' lang='lat' dir='ltr'><strong>subsistere,</strong></span> <span class='ocrx_word' id='word_1_658' title='bbox 2285 3906 2341 3951; x_wconf 91' lang='lat' dir='ltr'><strong>et</strong></span> <span class='ocrx_word' id='word_1_659' title='bbox 2383 3897 2569 3950; x_wconf 88' lang='lat' dir='ltr'><strong>omnia</strong></span> <span class='ocrx_word' id='word_1_660' title='bbox 2601 3897 2857 3949; x_wconf 89' lang='lat' dir='ltr'><strong>omnibus</strong></span> <span class='ocrx_word' id='word_1_661' title='bbox 2912 3895 3337 3954; x_wconf 85' lang='lat' dir='ltr'><strong>communicare,</strong></span> 
     </span>
    </p>
   </div>
   <div class='ocr_carea' id='block_1_91' title="bbox 1764 3985 3334 4059">
    <p class='ocr_par' dir='ltr' id='par_1_91' title="bbox 1764 3985 3334 4059">
     <span class='ocr_line' id='line_1_91' title="bbox 1764 3985 3334 4059; baseline -0.005 -16"><span class='ocrx_word' id='word_1_662' title='bbox 1764 4004 1939 4058; x_wconf 88' lang='lat' dir='ltr'><strong>neque</strong></span> <span class='ocrx_word' id='word_1_663' title='bbox 1964 4004 1995 4043; x_wconf 89' lang='lat' dir='ltr'><strong>a</strong></span> <span class='ocrx_word' id='word_1_664' title='bbox 2028 3991 2249 4059; x_wconf 87' lang='lat' dir='ltr'><strong>propria</strong></span> <span class='ocrx_word' id='word_1_665' title='bbox 2290 3992 2572 4043; x_wconf 84' lang='lat' dir='ltr'><strong>mansione</strong></span> <span class='ocrx_word' id='word_1_666' title='bbox 2620 3990 2944 4049; x_wconf 87' lang='lat' dir='ltr'><strong>desciscere,</strong></span> <span class='ocrx_word' id='word_1_667' title='bbox 2970 3995 3023 4039; x_wconf 90' lang='lat' dir='ltr'><strong>et</strong></span> <span class='ocrx_word' id='word_1_668' title='bbox 3047 3985 3128 4037; x_wconf 88' lang='lat' dir='ltr'><strong>sic</strong></span> <span class='ocrx_word' id='word_1_669' title='bbox 3153 3986 3334 4051; x_wconf 68' lang='lat' dir='ltr'><strong>Sphae-</strong></span> 
     </span>
    </p>
   </div>
   <div class='ocr_carea' id='block_1_92' title="bbox 1762 4080 3341 4139">
    <p class='ocr_par' dir='ltr' id='par_1_92' title="bbox 1762 4080 3341 4139">
     <span class='ocr_line' id='line_1_92' title="bbox 1762 4080 3341 4139; baseline -0.006 -1"><span class='ocrx_word' id='word_1_670' title='bbox 1762 4098 1878 4138; x_wconf 89' lang='lat' dir='ltr'><strong>ram</strong></span> <span class='ocrx_word' id='word_1_671' title='bbox 1914 4084 2159 4139; x_wconf 80' lang='lat' dir='ltr'><strong>existere</strong></span> <span class='ocrx_word' id='word_1_672' title='bbox 2188 4098 2333 4137; x_wconf 91' lang='lat' dir='ltr'><strong>:non</strong></span> <span class='ocrx_word' id='word_1_673' title='bbox 2377 4092 2559 4136; x_wconf 89' lang='lat' dir='ltr'><strong>tamen</strong></span> <span class='ocrx_word' id='word_1_674' title='bbox 2604 4080 2805 4136; x_wconf 91' lang='lat' dir='ltr'><strong>realem</strong></span> <span class='ocrx_word' id='word_1_675' title='bbox 2842 4080 2983 4131; x_wconf 87' lang='lat' dir='ltr'><strong>inter</strong></span> <span class='ocrx_word' id='word_1_676' title='bbox 3005 4093 3063 4131; x_wconf 92' lang='lat' dir='ltr'><strong>se</strong></span> <span class='ocrx_word' id='word_1_677' title='bbox 3098 4091 3341 4130; x_wconf 82' lang='lat' dir='ltr'><strong>commu-</strong></span> 
     </span>
    </p>
   </div>
   <div class='ocr_carea' id='block_1_93' title="bbox 1764 4170 3332 4241">
    <p class='ocr_par' dir='ltr' id='par_1_93' title="bbox 1764 4170 3332 4241">
     <span class='ocr_line' id='line_1_93' title="bbox 1764 4170 3332 4241; baseline -0.006 -12"><span class='ocrx_word' id='word_1_678' title='bbox 1764 4177 1980 4231; x_wconf 91' lang='lat' dir='ltr'><strong>nionem</strong></span> <span class='ocrx_word' id='word_1_679' title='bbox 2024 4176 2251 4241; x_wconf 85' lang='lat' dir='ltr'><strong>habent,</strong></span> <span class='ocrx_word' id='word_1_680' title='bbox 2288 4176 2361 4229; x_wconf 86' lang='lat' dir='ltr'><strong>ita</strong></span> <span class='ocrx_word' id='word_1_681' title='bbox 2392 4185 2450 4228; x_wconf 92' lang='lat' dir='ltr'><strong>ut</strong></span> <span class='ocrx_word' id='word_1_682' title='bbox 2483 4172 2636 4229; x_wconf 84' lang='lat' dir='ltr'><strong>verbi</strong></span> <span class='ocrx_word' id='word_1_683' title='bbox 2667 4171 2843 4241; x_wconf 88' lang='lat' dir='ltr'><strong>gratia</strong></span> <span class='ocrx_word' id='word_1_684' title='bbox 2884 4170 3047 4223; x_wconf 87' lang='lat' dir='ltr'><strong>etiam</strong></span> <span class='ocrx_word' id='word_1_685' title='bbox 3090 4170 3143 4221; x_wconf 88' lang='lat' dir='ltr'><strong>in</strong></span> <span class='ocrx_word' id='word_1_686' title='bbox 3168 4183 3332 4236; x_wconf 88' lang='lat' dir='ltr'><strong>pane,</strong></span> 
     </span>
    </p>
   </div>
   <div class='ocr_carea' id='block_1_94' title="bbox 1763 4261 3339 4337">
    <p class='ocr_par' dir='ltr' id='par_1_94' title="bbox 1763 4261 3339 4337">
     <span class='ocr_line' id='line_1_94' title="bbox 1763 4261 3339 4337; baseline -0.006 -15"><span class='ocrx_word' id='word_1_687' title='bbox 1763 4284 1979 4330; x_wconf 88' lang='lat' dir='ltr'><strong>aurum,</strong></span> <span class='ocrx_word' id='word_1_688' title='bbox 2013 4276 2067 4321; x_wconf 90' lang='lat' dir='ltr'><strong>et</strong></span> <span class='ocrx_word' id='word_1_689' title='bbox 2107 4267 2332 4337; x_wconf 84' lang='lat' dir='ltr'><strong>lignum,</strong></span> <span class='ocrx_word' id='word_1_690' title='bbox 2381 4276 2437 4322; x_wconf 92' lang='lat' dir='ltr'><strong>et</strong></span> <span class='ocrx_word' id='word_1_691' title='bbox 2476 4265 2682 4321; x_wconf 81' lang='lat' dir='ltr'><strong>ferrum</strong></span> <span class='ocrx_word' id='word_1_692' title='bbox 2733 4263 2845 4318; x_wconf 91' lang='lat' dir='ltr'><strong>sint</strong></span> <span class='ocrx_word' id='word_1_693' title='bbox 2875 4263 3044 4316; x_wconf 88' lang='lat' dir='ltr'><strong>atomi</strong></span> <span class='ocrx_word' id='word_1_694' title='bbox 3090 4261 3339 4330; x_wconf 87' lang='lat' dir='ltr'><strong>quidam,</strong></span> 
     </span>
    </p>
   </div>
   <div class='ocr_carea' id='block_1_95' title="bbox 1760 4354 3337 4431">
    <p class='ocr_par' dir='ltr' id='par_1_95' title="bbox 1760 4354 3337 4431">
     <span class='ocr_line' id='line_1_95' title="bbox 1760 4354 3337 4431; baseline -0.003 -19"><span class='ocrx_word' id='word_1_695' title='bbox 1760 4364 1849 4431; x_wconf 89' lang='lat' dir='ltr'><strong>qui</strong></span> <span class='ocrx_word' id='word_1_696' title='bbox 1873 4370 2095 4431; x_wconf 88' lang='lat' dir='ltr'><strong>propter</strong></span> <span class='ocrx_word' id='word_1_697' title='bbox 2121 4360 2452 4429; x_wconf 88' lang='lat' dir='ltr'><strong>parvitatem</strong></span> <span class='ocrx_word' id='word_1_698' title='bbox 2486 4357 2714 4413; x_wconf 87' lang='lat' dir='ltr'><strong>minime</strong></span> <span class='ocrx_word' id='word_1_699' title='bbox 2734 4359 3049 4419; x_wconf 82' lang='lat' dir='ltr'><strong>videantur,</strong></span> <span class='ocrx_word' id='word_1_700' title='bbox 3082 4354 3158 4408; x_wconf 91' lang='lat' dir='ltr'><strong>uti</strong></span> <span class='ocrx_word' id='word_1_701' title='bbox 3184 4354 3337 4407; x_wconf 86' lang='lat' dir='ltr'><strong>Ana-</strong></span> 
     </span>
    </p>
   </div>
   <div class='ocr_carea' id='block_1_96' title="bbox 1691 4446 3337 4524">
    <p class='ocr_par' dir='ltr' id='par_1_96' title="bbox 1691 4446 3337 4524">
     <span class='ocr_line' id='line_1_96' title="bbox 1691 4446 3337 4524; baseline -0.005 -17"><span class='ocrx_word' id='word_1_702' title='bbox 1691 4446 1735 4500; x_wconf 86' lang='lat' dir='ltr'><strong>D</strong></span> <span class='ocrx_word' id='word_1_703' title='bbox 1765 4469 1980 4524; x_wconf 74' lang='lat' dir='ltr'><strong>xagorze</strong></span> <span class='ocrx_word' id='word_1_704' title='bbox 2001 4452 2226 4523; x_wconf 89' lang='lat' dir='ltr'><strong>placuit,</strong></span> <span class='ocrx_word' id='word_1_705' title='bbox 2256 4454 2348 4522; x_wconf 89' lang='lat' dir='ltr'><strong>qui</strong></span> <span class='ocrx_word' id='word_1_706' title='bbox 2395 4452 2801 4521; x_wconf 82' lang='lat' dir='ltr'><strong>generationem</strong></span> <span class='ocrx_word' id='word_1_707' title='bbox 2846 4449 3169 4503; x_wconf 84' lang='lat' dir='ltr'><strong>divisionem</strong></span> <span class='ocrx_word' id='word_1_708' title='bbox 3196 4462 3337 4499; x_wconf 86' lang='lat' dir='ltr'><strong>nun-</strong></span> 
     </span>
    </p>
   </div>
   <div class='ocr_carea' id='block_1_97' title="bbox 1761 4546 3335 4615">
    <p class='ocr_par' dir='ltr' id='par_1_97' title="bbox 1761 4546 3335 4615">
     <span class='ocr_line' id='line_1_97' title="bbox 1761 4546 3335 4615; baseline -0.004 -16"><span class='ocrx_word' id='word_1_709' title='bbox 1761 4547 2014 4615; x_wconf 88' lang='lat' dir='ltr'><strong>cupavit;</strong></span> <span class='ocrx_word' id='word_1_710' title='bbox 2037 4555 2419 4601; x_wconf 86' lang='lat' dir='ltr'><strong>verumtamen</strong></span> <span class='ocrx_word' id='word_1_711' title='bbox 2452 4546 2865 4601; x_wconf 89' lang='lat' dir='ltr'><strong>communicant</strong></span> <span class='ocrx_word' id='word_1_712' title='bbox 2901 4546 3103 4596; x_wconf 91' lang='lat' dir='ltr'><strong>virtute</strong></span> <span class='ocrx_word' id='word_1_713' title='bbox 3135 4556 3335 4595; x_wconf 79' lang='lat' dir='ltr'><strong>secun-</strong></span> 
     </span>
    </p>
   </div>
   <div class='ocr_carea' id='block_1_98' title="bbox 1759 4631 3333 4707">
    <p class='ocr_par' dir='ltr' id='par_1_98' title="bbox 1759 4631 3333 4707">
     <span class='ocr_line' id='line_1_98' title="bbox 1759 4631 3333 4707; baseline -0.006 -16"><span class='ocrx_word' id='word_1_714' title='bbox 1759 4640 1887 4691; x_wconf 90' lang='lat' dir='ltr'><strong>dum</strong></span> <span class='ocrx_word' id='word_1_715' title='bbox 1938 4638 2284 4707; x_wconf 84' lang='lat' dir='ltr'><strong>qualitatem,</strong></span> <span class='ocrx_word' id='word_1_716' title='bbox 2327 4648 2385 4691; x_wconf 89' lang='lat' dir='ltr'><strong>ut</strong></span> <span class='ocrx_word' id='word_1_717' title='bbox 2414 4638 2821 4706; x_wconf 84' lang='lat' dir='ltr'><strong>quodammodo</strong></span> <span class='ocrx_word' id='word_1_718' title='bbox 2867 4636 2973 4689; x_wconf 91' lang='lat' dir='ltr'><strong>dici</strong></span> <span class='ocrx_word' id='word_1_719' title='bbox 3025 4632 3221 4703; x_wconf 81' lang='lat' dir='ltr'><strong>possit,</strong></span> <span class='ocrx_word' id='word_1_720' title='bbox 3276 4631 3333 4683; x_wconf 89' lang='lat' dir='ltr'><strong>id</strong></span> 
     </span>
    </p>
   </div>
   <div class='ocr_carea' id='block_1_99' title="bbox 1756 4729 3328 4798">
    <p class='ocr_par' dir='ltr' id='par_1_99' title="bbox 1756 4729 3328 4798">
     <span class='ocr_line' id='line_1_99' title="bbox 1756 4729 3328 4798; baseline -0.006 -14"><span class='ocrx_word' id='word_1_721' title='bbox 1756 4729 1932 4797; x_wconf 87' lang='lat' dir='ltr'><strong>ipsum</strong></span> <span class='ocrx_word' id='word_1_722' title='bbox 1974 4729 2120 4798; x_wconf 90' lang='lat' dir='ltr'><strong>quod</strong></span> <span class='ocrx_word' id='word_1_723' title='bbox 2145 4738 2229 4783; x_wconf 86' lang='lat' dir='ltr'><strong>est</strong></span> <span class='ocrx_word' id='word_1_724' title='bbox 2247 4731 2541 4797; x_wconf 73' lang='lat' dir='ltr'><strong>aquaetieri</strong></span> <span class='ocrx_word' id='word_1_725' title='bbox 2567 4744 2745 4783; x_wconf 84' lang='lat' dir='ltr'><strong>aerem</strong></span> <span class='ocrx_word' id='word_1_726' title='bbox 2776 4739 2832 4781; x_wconf 90' lang='lat' dir='ltr'><strong>et</strong></span> <span class='ocrx_word' id='word_1_727' title='bbox 2855 4729 3054 4793; x_wconf 86' lang='lat' dir='ltr'><strong>ignem,</strong></span> <span class='ocrx_word' id='word_1_728' title='bbox 3094 4733 3147 4777; x_wconf 87' lang='lat' dir='ltr'><strong>et</strong></span> <span class='ocrx_word' id='word_1_729' title='bbox 3170 4734 3328 4775; x_wconf 89' lang='lat' dir='ltr'><strong>ater—</strong></span> 
     </span>
    </p>
   </div>
   <div class='ocr_carea' id='block_1_100' title="bbox 83 4812 3323 4889">
    <p class='ocr_par' dir='ltr' id='par_1_100' title="bbox 83 4812 3323 4889">
     <span class='ocr_line' id='line_1_100' title="bbox 83 4812 3323 4889; baseline 0 -25"><span class='ocrx_word' id='word_1_730' title='bbox 83 4824 130 4860; x_wconf 82' lang='lat' dir='ltr'><strong>ra</strong></span> <span class='ocrx_word' id='word_1_731' title='bbox 163 4828 380 4881; x_wconf 85' lang='lat' dir='ltr'><strong>aquam,</strong></span> <span class='ocrx_word' id='word_1_732' title='bbox 410 4824 464 4870; x_wconf 92' lang='lat' dir='ltr'><strong>et</strong></span> <span class='ocrx_word' id='word_1_733' title='bbox 509 4832 538 4868; x_wconf 88' lang='lat' dir='ltr'><strong>a</strong></span> <span class='ocrx_word' id='word_1_734' title='bbox 580 4816 719 4872; x_wconf 90' lang='lat' dir='ltr'><strong>cibis</strong></span> <span class='ocrx_word' id='word_1_735' title='bbox 746 4833 963 4883; x_wconf 67' lang='lat' dir='ltr'><strong>carnes,</strong></span> <span class='ocrx_word' id='word_1_736' title='bbox 1021 4832 1075 4875; x_wconf 91' lang='lat' dir='ltr'><strong>et</strong></span> <span class='ocrx_word' id='word_1_737' title='bbox 1127 4832 1354 4887; x_wconf 66' lang='lat' dir='ltr'><strong>caetera;</strong></span> <span class='ocrx_word' id='word_1_738' title='bbox 1415 4824 1487 4878; x_wconf 87' lang='lat' dir='ltr'><strong>ita</strong></span> <span class='ocrx_word' id='word_1_739' title='bbox 1512 4834 1573 4878; x_wconf 92' lang='lat' dir='ltr'><strong>ut</strong></span> <span class='ocrx_word' id='word_1_740' title='bbox 1611 4824 1852 4879; x_wconf 88' lang='lat' dir='ltr'><strong>amicitia</strong></span> <span class='ocrx_word' id='word_1_741' title='bbox 1891 4824 1962 4878; x_wconf 89' lang='lat' dir='ltr'><strong>sit</strong></span> <span class='ocrx_word' id='word_1_742' title='bbox 2018 4821 2302 4877; x_wconf 83' lang='lat' dir='ltr'><strong>inconfusa</strong></span> <span class='ocrx_word' id='word_1_743' title='bbox 2328 4862 2344 4887; x_wconf 94' lang='lat'><strong>,</strong></span> <span class='ocrx_word' id='word_1_744' title='bbox 2401 4832 2457 4877; x_wconf 89' lang='lat' dir='ltr'><strong>et</strong></span> <span class='ocrx_word' id='word_1_745' title='bbox 2540 4821 2853 4889; x_wconf 81' lang='lat' dir='ltr'><strong>complexus</strong></span> <span class='ocrx_word' id='word_1_746' title='bbox 2907 4812 3323 4870; x_wconf 84' lang='lat' dir='ltr'><strong>indissolubilis.</strong></span> 
     </span>
    </p>
   </div>
   <div class='ocr_carea' id='block_1_101' title="bbox 76 4902 3326 4988">
    <p class='ocr_par' dir='ltr' id='par_1_101' title="bbox 76 4902 3326 4988">
     <span class='ocr_line' id='line_1_101' title="bbox 76 4902 3326 4988; baseline 0.002 -34"><span class='ocrx_word' id='word_1_747' title='bbox 76 4902 439 4964; x_wconf 84' lang='lat' dir='ltr'><strong>lndelicientes</strong></span> <span class='ocrx_word' id='word_1_748' title='bbox 492 4920 675 4964; x_wconf 88' lang='lat' dir='ltr'><strong>autem</strong></span> <span class='ocrx_word' id='word_1_749' title='bbox 726 4913 801 4966; x_wconf 92' lang='lat' dir='ltr'><strong>ait</strong></span> <span class='ocrx_word' id='word_1_750' title='bbox 853 4928 972 4969; x_wconf 89' lang='lat' dir='ltr'><strong>esse</strong></span> <span class='ocrx_word' id='word_1_751' title='bbox 1031 4917 1409 4972; x_wconf 88' lang='lat' dir='ltr'><strong>successiones</strong></span> <span class='ocrx_word' id='word_1_752' title='bbox 1452 4931 1639 4972; x_wconf 87' lang='lat' dir='ltr'><strong>eorum</strong></span> <span class='ocrx_word' id='word_1_753' title='bbox 1701 4934 1823 4988; x_wconf 76' lang='lat' dir='ltr'><strong>quae</strong></span> <span class='ocrx_word' id='word_1_754' title='bbox 1874 4920 2049 4972; x_wconf 86' lang='lat' dir='ltr'><strong>liunt:</strong></span> <span class='ocrx_word' id='word_1_755' title='bbox 2110 4915 2287 4987; x_wconf 79' lang='lat' dir='ltr'><strong>Usque</strong></span> <span class='ocrx_word' id='word_1_756' title='bbox 2314 4918 2458 4971; x_wconf 91' lang='lat' dir='ltr'><strong>enim</strong></span> <span class='ocrx_word' id='word_1_757' title='bbox 2492 4915 2648 4968; x_wconf 83' lang='lat' dir='ltr'><strong>modo</strong></span> <span class='ocrx_word' id='word_1_758' title='bbox 2675 4920 2987 4983; x_wconf 73' lang='lat' dir='ltr'><strong>operatur&quot;.</strong></span> <span class='ocrx_word' id='word_1_759' title='bbox 3019 4907 3326 4963; x_wconf 80' lang='lat' dir='ltr'><strong>EtAristo-</strong></span> 
     </span>
    </p>
   </div>
   <div class='ocr_carea' id='block_1_102' title="bbox 80 4998 3331 5078">
    <p class='ocr_par' dir='ltr' id='par_1_102' title="bbox 80 4998 3331 5078">
     <span class='ocr_line' id='line_1_102' title="bbox 80 4998 3331 5078; baseline 0 -31"><span class='ocrx_word' id='word_1_760' title='bbox 80 4998 198 5052; x_wconf 87' lang='lat' dir='ltr'><strong>teles</strong></span> <span class='ocrx_word' id='word_1_761' title='bbox 226 5000 359 5054; x_wconf 89' lang='lat' dir='ltr'><strong>illud</strong></span> <span class='ocrx_word' id='word_1_762' title='bbox 401 5002 628 5056; x_wconf 88' lang='lat' dir='ltr'><strong>dubium</strong></span> <span class='ocrx_word' id='word_1_763' title='bbox 656 5004 818 5058; x_wconf 90' lang='lat' dir='ltr'><strong>aliter</strong></span> <span class='ocrx_word' id='word_1_764' title='bbox 845 5006 1040 5073; x_wconf 87' lang='lat' dir='ltr'><strong>solvit,</strong></span> <span class='ocrx_word' id='word_1_765' title='bbox 1075 5010 1199 5063; x_wconf 91' lang='lat' dir='ltr'><strong>dum</strong></span> <span class='ocrx_word' id='word_1_766' title='bbox 1230 5010 1326 5074; x_wconf 91' lang='lat' dir='ltr'><strong>ait,</strong></span> <span class='ocrx_word' id='word_1_767' title='bbox 1390 5012 1573 5064; x_wconf 88' lang='lat' dir='ltr'><strong>omnia</strong></span> <span class='ocrx_word' id='word_1_768' title='bbox 1628 5012 1697 5066; x_wconf 88' lang='lat' dir='ltr'><strong>ab</strong></span> <span class='ocrx_word' id='word_1_769' title='bbox 1762 5013 1996 5067; x_wconf 86' lang='lat' dir='ltr'><strong>invicem</strong></span> <span class='ocrx_word' id='word_1_770' title='bbox 2020 5011 2181 5075; x_wconf 90' lang='lat' dir='ltr'><strong>oriri,</strong></span> <span class='ocrx_word' id='word_1_771' title='bbox 2212 5019 2265 5064; x_wconf 90' lang='lat' dir='ltr'><strong>et</strong></span> <span class='ocrx_word' id='word_1_772' title='bbox 2298 5010 2459 5078; x_wconf 85' lang='lat' dir='ltr'><strong>hujus</strong></span> <span class='ocrx_word' id='word_1_773' title='bbox 2483 5006 2888 5074; x_wconf 86' lang='lat' dir='ltr'><strong>corruptionem</strong></span> <span class='ocrx_word' id='word_1_774' title='bbox 2928 5000 3158 5054; x_wconf 88' lang='lat' dir='ltr'><strong>alterius</strong></span> <span class='ocrx_word' id='word_1_775' title='bbox 3204 5008 3331 5049; x_wconf 82' lang='lat' dir='ltr'><strong>esse</strong></span> 
     </span>
    </p>
   </div>
   <div class='ocr_carea' id='block_1_103' title="bbox 78 5091 3326 5180">
    <p class='ocr_par' dir='ltr' id='par_1_103' title="bbox 78 5091 3326 5180">
     <span class='ocr_line' id='line_1_103' title="bbox 78 5091 3326 5180; baseline 0.001 -39"><span class='ocrx_word' id='word_1_776' title='bbox 78 5095 498 5159; x_wconf 78' lang='lat' dir='ltr'><strong>generationem,</strong></span> <span class='ocrx_word' id='word_1_777' title='bbox 522 5106 577 5150; x_wconf 85' lang='lat' dir='ltr'><strong>et</strong></span> <span class='ocrx_word' id='word_1_778' title='bbox 612 5098 836 5155; x_wconf 89' lang='lat' dir='ltr'><strong>alterius</strong></span> <span class='ocrx_word' id='word_1_779' title='bbox 857 5107 1265 5173; x_wconf 85' lang='lat' dir='ltr'><strong>corruptionem</strong></span> <span class='ocrx_word' id='word_1_780' title='bbox 1309 5107 1470 5175; x_wconf 80' lang='lat' dir='ltr'><strong>huius</strong></span> <span class='ocrx_word' id='word_1_781' title='bbox 1509 5124 1631 5165; x_wconf 89' lang='lat' dir='ltr'><strong>esse</strong></span> <span class='ocrx_word' id='word_1_782' title='bbox 1664 5110 2098 5180; x_wconf 80' lang='lat' dir='ltr'><strong>generationem,</strong></span> <span class='ocrx_word' id='word_1_783' title='bbox 2150 5117 2205 5161; x_wconf 91' lang='lat' dir='ltr'><strong>et</strong></span> <span class='ocrx_word' id='word_1_784' title='bbox 2232 5107 2312 5161; x_wconf 88' lang='lat' dir='ltr'><strong>sic</strong></span> <span class='ocrx_word' id='word_1_785' title='bbox 2339 5102 2620 5170; x_wconf 73' lang='lat' dir='ltr'><strong>subiungit</strong></span> <span class='ocrx_word' id='word_1_786' title='bbox 2673 5099 2963 5162; x_wconf 90' lang='lat' dir='ltr'><strong>rationem,</strong></span> <span class='ocrx_word' id='word_1_787' title='bbox 3002 5111 3070 5149; x_wconf 88' lang='lat' dir='ltr'><strong>ne</strong></span> <span class='ocrx_word' id='word_1_788' title='bbox 3116 5091 3326 5147; x_wconf 86' lang='lat' dir='ltr'><strong>scilicet</strong></span> 
     </span>
    </p>
   </div>
   <div class='ocr_carea' id='block_1_104' title="bbox 78 5182 3323 5268">
    <p class='ocr_par' dir='ltr' id='par_1_104' title="bbox 78 5182 3323 5268">
     <span class='ocr_line' id='line_1_104' title="bbox 78 5182 3323 5268; baseline 0.001 -36"><span class='ocrx_word' id='word_1_789' title='bbox 78 5182 275 5238; x_wconf 80' lang='lat' dir='ltr'><strong>deﬁciat</strong></span> <span class='ocrx_word' id='word_1_790' title='bbox 302 5190 613 5257; x_wconf 86' lang='lat' dir='ltr'><strong>generatio.</strong></span> <span class='ocrx_word' id='word_1_791' title='bbox 632 5190 767 5245; x_wconf 85' lang='lat' dir='ltr'><strong>Cum</strong></span> <span class='ocrx_word' id='word_1_792' title='bbox 812 5204 995 5250; x_wconf 89' lang='lat' dir='ltr'><strong>autem</strong></span> <span class='ocrx_word' id='word_1_793' title='bbox 1024 5205 1201 5252; x_wconf 88' lang='lat' dir='ltr'><strong>status</strong></span> <span class='ocrx_word' id='word_1_794' title='bbox 1226 5200 1298 5253; x_wconf 91' lang='lat' dir='ltr'><strong>sit</strong></span> <span class='ocrx_word' id='word_1_795' title='bbox 1339 5212 1396 5255; x_wconf 89' lang='lat' dir='ltr'><strong>et</strong></span> <span class='ocrx_word' id='word_1_796' title='bbox 1444 5213 1621 5258; x_wconf 86' lang='lat' dir='ltr'><strong>motus</strong></span> <span class='ocrx_word' id='word_1_797' title='bbox 1653 5204 1896 5257; x_wconf 87' lang='lat' dir='ltr'><strong>omnium</strong></span> <span class='ocrx_word' id='word_1_798' title='bbox 1920 5202 2088 5265; x_wconf 87' lang='lat' dir='ltr'><strong>Dens,</strong></span> <span class='ocrx_word' id='word_1_799' title='bbox 2116 5216 2282 5268; x_wconf 87' lang='lat' dir='ltr'><strong>supra</strong></span> <span class='ocrx_word' id='word_1_800' title='bbox 2304 5198 2594 5251; x_wconf 83' lang='lat' dir='ltr'><strong>stationem</strong></span> <span class='ocrx_word' id='word_1_801' title='bbox 2646 5200 2703 5247; x_wconf 93' lang='lat' dir='ltr'><strong>et</strong></span> <span class='ocrx_word' id='word_1_802' title='bbox 2750 5189 3048 5244; x_wconf 90' lang='lat' dir='ltr'><strong>motionem</strong></span> <span class='ocrx_word' id='word_1_803' title='bbox 3084 5183 3323 5249; x_wconf 79' lang='lat' dir='ltr'><strong>exsistit,</strong></span> 
     </span>
    </p>
   </div>
   <div class='ocr_carea' id='block_1_105' title="bbox 78 5274 3313 5361">
    <p class='ocr_par' dir='ltr' id='par_1_105' title="bbox 78 5274 3313 5361">
     <span class='ocr_line' id='line_1_105' title="bbox 78 5274 3313 5361; baseline 0 -35"><span class='ocrx_word' id='word_1_804' title='bbox 78 5281 318 5343; x_wconf 84' lang='lat' dir='ltr'><strong>tanquam</strong></span> <span class='ocrx_word' id='word_1_805' title='bbox 350 5296 468 5335; x_wconf 89' lang='lat' dir='ltr'><strong>rem</strong></span> <span class='ocrx_word' id='word_1_806' title='bbox 499 5284 802 5351; x_wconf 87' lang='lat' dir='ltr'><strong>quamlibet</strong></span> <span class='ocrx_word' id='word_1_807' title='bbox 830 5286 883 5339; x_wconf 91' lang='lat' dir='ltr'><strong>in</strong></span> <span class='ocrx_word' id='word_1_808' title='bbox 906 5289 1122 5359; x_wconf 90' lang='lat' dir='ltr'><strong>propria</strong></span> <span class='ocrx_word' id='word_1_809' title='bbox 1148 5292 1359 5345; x_wconf 87' lang='lat' dir='ltr'><strong>ratione</strong></span> <span class='ocrx_word' id='word_1_810' title='bbox 1404 5292 1648 5356; x_wconf 83' lang='lat' dir='ltr'><strong>ﬁrmans,</strong></span> <span class='ocrx_word' id='word_1_811' title='bbox 1687 5303 1741 5348; x_wconf 93' lang='lat' dir='ltr'><strong>et</strong></span> <span class='ocrx_word' id='word_1_812' title='bbox 1776 5306 2002 5347; x_wconf 88' lang='lat' dir='ltr'><strong>movens</strong></span> <span class='ocrx_word' id='word_1_813' title='bbox 2041 5292 2110 5346; x_wconf 91' lang='lat' dir='ltr'><strong>ad</strong></span> <span class='ocrx_word' id='word_1_814' title='bbox 2184 5292 2461 5361; x_wconf 82' lang='lat' dir='ltr'><strong>pmpriam</strong></span> <span class='ocrx_word' id='word_1_815' title='bbox 2503 5286 2834 5346; x_wconf 83' lang='lat' dir='ltr'><strong>motionem;</strong></span> <span class='ocrx_word' id='word_1_816' title='bbox 2912 5279 3117 5333; x_wconf 88' lang='lat' dir='ltr'><strong>idcirco</strong></span> <span class='ocrx_word' id='word_1_817' title='bbox 3157 5274 3313 5338; x_wconf 88' lang='lat' dir='ltr'><strong>dicit,</strong></span> 
     </span>
    </p>
   </div>
   <div class='ocr_carea' id='block_1_106' title="bbox 76 5372 3313 5452">
    <p class='ocr_par' dir='ltr' id='par_1_106' title="bbox 76 5372 3313 5452">
     <span class='ocr_line' id='line_1_106' title="bbox 76 5372 3313 5452; baseline 0.002 -36"><span class='ocrx_word' id='word_1_818' title='bbox 76 5380 247 5423; x_wconf 85' lang='lat' dir='ltr'><strong>omnes</strong></span> <span class='ocrx_word' id='word_1_819' title='bbox 286 5376 560 5429; x_wconf 88' lang='lat' dir='ltr'><strong>stationes</strong></span> <span class='ocrx_word' id='word_1_820' title='bbox 598 5392 662 5430; x_wconf 89' lang='lat' dir='ltr'><strong>ac</strong></span> <span class='ocrx_word' id='word_1_821' title='bbox 689 5379 979 5448; x_wconf 90' lang='lat' dir='ltr'><strong>motiones,</strong></span> <span class='ocrx_word' id='word_1_822' title='bbox 1022 5383 1140 5437; x_wconf 90' lang='lat' dir='ltr'><strong>sive</strong></span> <span class='ocrx_word' id='word_1_823' title='bbox 1184 5384 1505 5451; x_wconf 83' lang='lat' dir='ltr'><strong>angelorum</strong></span> <span class='ocrx_word' id='word_1_824' title='bbox 1563 5386 1741 5452; x_wconf 88' lang='lat' dir='ltr'><strong>dicas,</strong></span> <span class='ocrx_word' id='word_1_825' title='bbox 1795 5388 1913 5440; x_wconf 85' lang='lat' dir='ltr'><strong>sive</strong></span> <span class='ocrx_word' id='word_1_826' title='bbox 1943 5390 2276 5449; x_wconf 86' lang='lat' dir='ltr'><strong>animarum,</strong></span> <span class='ocrx_word' id='word_1_827' title='bbox 2336 5382 2451 5435; x_wconf 90' lang='lat' dir='ltr'><strong>sive</strong></span> <span class='ocrx_word' id='word_1_828' title='bbox 2518 5392 2831 5447; x_wconf 90' lang='lat' dir='ltr'><strong>corporum,</strong></span> <span class='ocrx_word' id='word_1_829' title='bbox 2894 5389 2963 5427; x_wconf 77' lang='lat' dir='ltr'><strong>ex</strong></span> <span class='ocrx_word' id='word_1_830' title='bbox 3006 5372 3121 5439; x_wconf 89' lang='lat' dir='ltr'><strong>ipso</strong></span> <span class='ocrx_word' id='word_1_831' title='bbox 3165 5374 3313 5421; x_wconf 83' lang='lat' dir='ltr'><strong>sunt.</strong></span> 
     </span>
    </p>
   </div>
   <div class='ocr_carea' id='block_1_107' title="bbox 79 5456 3319 5545">
    <p class='ocr_par' dir='ltr' id='par_1_107' title="bbox 79 5456 3319 5545">
     <span class='ocr_line' id='line_1_107' title="bbox 79 5456 3319 5545; baseline 0.002 -35"><span class='ocrx_word' id='word_1_832' title='bbox 79 5456 317 5519; x_wconf 68' lang='lat' dir='ltr'><strong>ﬂentium</strong></span> <span class='ocrx_word' id='word_1_833' title='bbox 370 5468 542 5537; x_wconf 82' lang='lat' dir='ltr'><strong>igitur</strong></span> <span class='ocrx_word' id='word_1_834' title='bbox 590 5471 759 5525; x_wconf 86' lang='lat' dir='ltr'><strong>statio</strong></span> <span class='ocrx_word' id='word_1_835' title='bbox 800 5484 917 5538; x_wconf 88' lang='lat' dir='ltr'><strong>est,</strong></span> <span class='ocrx_word' id='word_1_836' title='bbox 980 5477 1184 5530; x_wconf 87' lang='lat' dir='ltr'><strong>tirmari</strong></span> <span class='ocrx_word' id='word_1_837' title='bbox 1241 5479 1296 5533; x_wconf 91' lang='lat' dir='ltr'><strong>in</strong></span> <span class='ocrx_word' id='word_1_838' title='bbox 1337 5477 1691 5535; x_wconf 88' lang='lat' dir='ltr'><strong>contentione</strong></span> <span class='ocrx_word' id='word_1_839' title='bbox 1724 5479 1792 5534; x_wconf 87' lang='lat' dir='ltr'><strong>ad</strong></span> <span class='ocrx_word' id='word_1_840' title='bbox 1852 5479 2045 5542; x_wconf 86' lang='lat' dir='ltr'><strong>Deum,</strong></span> <span class='ocrx_word' id='word_1_841' title='bbox 2085 5479 2190 5533; x_wconf 89' lang='lat' dir='ltr'><strong>etsi</strong></span> <span class='ocrx_word' id='word_1_842' title='bbox 2225 5477 2545 5545; x_wconf 83' lang='lat' dir='ltr'><strong>delegentur</strong></span> <span class='ocrx_word' id='word_1_843' title='bbox 2583 5482 2641 5528; x_wconf 87' lang='lat' dir='ltr'><strong>et</strong></span> <span class='ocrx_word' id='word_1_844' title='bbox 2697 5468 3029 5526; x_wconf 87' lang='lat' dir='ltr'><strong>descendant</strong></span> <span class='ocrx_word' id='word_1_845' title='bbox 3071 5464 3139 5519; x_wconf 87' lang='lat' dir='ltr'><strong>ad</strong></span> <span class='ocrx_word' id='word_1_846' title='bbox 3181 5462 3319 5518; x_wconf 79' lang='lat' dir='ltr'><strong>inle-</strong></span> 
     </span>
    </p>
   </div>
   <div class='ocr_carea' id='block_1_108' title="bbox 76 5549 2475 5635">
    <p class='ocr_par' dir='ltr' id='par_1_108' title="bbox 76 5549 2475 5635">
     <span class='ocr_line' id='line_1_108' title="bbox 76 5549 2475 5635; baseline 0.019 -33"><span class='ocrx_word' id='word_1_847' title='bbox 76 5549 224 5619; x_wconf 83' lang='lat' dir='ltr'><strong>riora,</strong></span> <span class='ocrx_word' id='word_1_848' title='bbox 255 5568 311 5610; x_wconf 89' lang='lat' dir='ltr'><strong>ut</strong></span> <span class='ocrx_word' id='word_1_849' title='bbox 341 5574 449 5628; x_wconf 88' lang='lat' dir='ltr'><strong>ope</strong></span> <span class='ocrx_word' id='word_1_850' title='bbox 475 5561 839 5631; x_wconf 88' lang='lat' dir='ltr'><strong>indigentibus</strong></span> <span class='ocrx_word' id='word_1_851' title='bbox 865 5567 1206 5635; x_wconf 87' lang='lat' dir='ltr'><strong>provideant.</strong></span> <span class='ocrx_word' id='word_1_852' title='bbox 2472 5552 2475 5555; x_wconf 21' lang='grc' dir='ltr'><strong>Ι</strong></span> 
     </span>
    </p>
   </div>
   <div class='ocr_carea' id='block_1_109' title="bbox 136 5730 546 5799">
    <p class='ocr_par' dir='ltr' id='par_1_109' title="bbox 136 5730 546 5799">
     <span class='ocr_line' id='line_1_109' title="bbox 136 5730 546 5799; baseline 0.01 -14"><span class='ocrx_word' id='word_1_853' title='bbox 136 5730 313 5787; x_wconf 74' lang='lat' dir='ltr'><strong>&#39;Joan</strong></span> <span class='ocrx_word' id='word_1_854' title='bbox 369 5752 419 5799; x_wconf 84' lang='grc' dir='ltr'><strong>ν,</strong></span> <span class='ocrx_word' id='word_1_855' title='bbox 460 5736 546 5789; x_wconf 80' lang='grc' dir='ltr'>Π.</span> 
     </span>
    </p>
   </div>
  </div>
