3742 6300
378 297 485 355 ’μετ

1552 305 1609 363 S.
1646 304 1944 363 DIONYSII
1976 305 2444 363 AREOPAGITIE

3582 301 3671 353 τις

451 417 642 491 ςνιιι.
674 418 809 475 Cum
856 427 1037 474 autem
1088 421 1381 490 triplicitcr
1423 433 1604 479 motus
1649 426 1770 492 (lat,
1824 426 1959 495 ipsis

2155 427 2162 497 ᾖ
2197 425 2332 481 VIII.
2364 424 2516 479 Ἐπεὶ
2542 424 2599 478 δὲ
2619 412 2825 497 τριχῶς
2845 423 2879 495 ἡ
2900 420 3117 493 κίνησις
3140 420 3391 491 γίνεται,
3421 420 3548 472 ἐστι
3571 420 3673 471 τού-

380 512 548 568 etiam
585 511 777 581 triplex
836 511 926 567 hic
981 522 1166 568 m0tus
1212 523 1316 570 est.
1369 513 1669 573 Circularis
1720 519 1966 589 quidem,

380 606 509 660 dum
539 605 745 660 circum
790 604 1070 674 semetipsi
1102 617 1534 676 convertuntur;
1585 623 1768 665 rectus
1810 627 1964 673 vero,

379 694 598 763 quando
656 695 723 749 ad
780 694 1136 751 inferioribus
1190 698 1587 767 providendum
1641 702 1966 770 procedunt.

378 784 516 839 Cum
554 785 701 840 enim
757 786 1016 854 quaelibet
1063 800 1195 841 cura
1231 787 1393 844 linem
1451 790 1650 846 habeat
1680 799 1766 862 (eo
1823 792 1966 861 quod

378 884 532 931 recto
563 884 712 930 motu
762 876 976 931 cientur
1022 878 1247 934 omnino
1295 880 1460 935 linem
1491 882 1746 953 habente)
1775 899 1969 938 secun-

379 968 507 1022 dum
536 969 684 1024 hunc
731 976 1037 1032 moventur,
1070 978 1126 1023 et
1156 973 1471 1041 providendi
1502 984 1688 1043 partes
1711 976 1962 1045 explent;

377 1068 501 1114 cum
543 1076 675 1116 vero
719 1061 773 1116 in
820 1062 1148 1132 semetipsos
1180 1062 1381 1119 iterum
1427 1067 1806 1136 revolvantur,
1840 1083 1969 1124 ecce

379 1151 456 1206 ibi
488 1152 744 1223 obliquus
777 1163 956 1210 motus
994 1155 1273 1211 subsistit.

450 1292 479 1365 ς
500 1291 591 1347 IX.
608 1293 774 1365 396
789 1293 1011 1359 lterum,
1029 1295 1228 1351 animae
1246 1307 1421 1353 status
1440 1308 1524 1354 est
1542 1299 1894 1355 immobilitas
1915 1308 1971 1355 et

378 1385 656 1441 stabilitas
693 1387 930 1456 promite
973 1388 1315 1443 substantiae.
1370 1388 1547 1445 Motus
1575 1401 1757 1447 autem
1787 1394 1969 1447 circu-

379 1476 513 1532 laris
562 1478 783 1546 quidem
831 1486 937 1545 est,
990 1482 1210 1549 quando
1264 1484 1463 1538 mentis
1510 1486 1969 1555 contemplatione

380 1569 577 1634 cietur,
627 1576 683 1624 et
733 1569 785 1623 in
839 1570 1022 1640 seipso
1072 1570 1273 1636 factus,
1318 1589 1385 1627 ex
1430 1577 1746 1632 extrinseco
1779 1592 1970 1633 errore

378 1674 640 1714 sensuum
674 1664 1114 1733 conglomeratur
1143 1675 1200 1718 et
1237 1665 1474 1733 primum
1520 1670 1571 1721 in
1605 1669 1843 1737 seipsum
1873 1686 1967 1725 co-

379 1754 550 1824 gitur,
582 1767 636 1809 et
662 1756 864 1811 exinde
898 1757 965 1812 ad
992 1758 1160 1813 Deum
1197 1761 1607 1815 manuducitur.
1642 1762 1710 1816 Et
1741 1763 1855 1817 hinc
1886 1773 1971 1818 est

379 1846 607 1916 obliqua
655 1850 854 1905 mentis
903 1852 1175 1921 operatio,
1206 1857 1426 1921 quando
1468 1856 1715 1924 procedit
1748 1860 1970 1927 quidem

379 1937 449 1991 ad
481 1952 544 1992 ea
575 1954 698 2007 quae
728 1942 1026 1996 secundum
1062 1954 1269 2012 partem
1298 1945 1768 2018 exsistunt.capit
1791 1959 1973 2006 autem

380 2027 636 2084 notiones
677 2047 1025 2102 nequaquam
1067 2034 1516 2091 intellectualiter
1554 2048 1611 2093 et
1653 2042 1837 2108 unite;
1874 2044 1976 2098 hoc

380 2122 529 2175 enim
559 2122 878 2193 angelorum
911 2136 1018 2191 est,
1053 2127 1147 2196 qui
1182 2133 1484 2183 secundum
1510 2133 1763 2187 crebram
1795 2146 1974 2189 muta-

376 2213 584 2270 tionem
602 2230 866 2285 supernas
884 2218 1129 2275 visiones
1141 2236 1207 2276 ac
1225 2222 1618 2280 illustrationes
1642 2225 1973 2299 intelligunt,

377 2304 511 2362 dum
537 2324 634 2377 pro
654 2324 843 2364 eorum
872 2319 1031 2380 captu
1064 2314 1400 2371 revelantur.
1426 2318 1622 2372 Anima
1654 2333 1786 2375 vero
1809 2321 1976 2376 ratio-

380 2400 662 2457 cinatione
682 2412 737 2458 et
760 2406 1102 2473 evagatinne,
1130 2405 1183 2459 id
1212 2416 1295 2461 est
1321 2409 1373 2462 in
1401 2407 1757 2477 particularia
1779 2411 1973 2474 divisa,

382 2505 550 2561 atque
577 2509 646 2549 ex
683 2496 1176 2553 comnmuicatione
1201 2500 1490 2556 addiscens
1513 2500 1788 2574 intelligit,
1822 2518 1976 2559 mens

386 2587 535 2642 enim
588 2589 654 2643 ad
692 2591 1143 2645 ratiocinatiOues
1187 2593 1526 2649 descendens
1577 2594 1761 2665 aliquo
1815 2601 1977 2654 nando

387 2680 673 2746 dividitur,
709 2692 765 2737 et
807 2683 1055 2753 pluribus
1097 2686 1507 2753 exemplaribus
1556 2703 1651 2743 seu
1687 2692 1976 2759 speciebus

386 2773 621 2846 indiget,
673 2774 802 2829 dum
842 2776 983 2830 ratio
1031 2779 1249 2831 modum
1306 2779 1556 2849 inquirit,
1604 2790 1662 2836 ut
1706 2785 1976 2853 exprimat

386 2868 534 2936 quod
561 2867 850 2924 intellexit.
886 2868 1054 2939 Igitur
1093 2872 1278 2926 anima
1309 2874 1645 2930 commistim
1690 2883 1748 2931 et
1799 2886 1977 2930 trans-

387 2960 593 3013 cursim
622 2974 903 3029 Operatur,
932 2964 1099 3017 etiam
1145 2965 1365 3034 quando
1406 2967 1856 3025 intellectualiter
1892 2969 1977 3023 in-

388 3049 605 3121 telligit,
649 3054 918 3121 siquidem
959 3056 1059 3110 hoc
1103 3056 1299 3111 animus
1345 3060 1629 3131 proprium
1672 3069 1798 3128 est;
1839 3076 1977 3131 qua-

2068 534 2181 583 τοις
2223 519 2317 572 καὶ
2358 518 2419 571 τὸ
2456 517 2671 591 τριττὸν
2710 517 2812 587 τῆς
2856 516 3147 587 κινήσεως.
3192 511 3521 577 Κυκλικῶς
3571 513 3672 582 μὲν,

2068 611 2157 664 ὅτε
2185 612 2313 683 περὶ
2339 609 2564 675 ἑαυτοὺς
2591 608 3011 683 ἐπιστρέφονται
3037 628 3051 640 ο
3087 608 3294 672 εὐθέως
3322 608 3422 671 δὲ,
3452 609 3588 659 ὅταν
3614 609 3673 668 si;

2067 704 2168 773 τὴν
2209 704 2318 756 τῶν
2354 702 2798 776 καταδεεστέρων
2846 701 3069 773 προΐασι
3116 701 3498 772 κηδεμονίαν.
3546 700 3675 751 Ἐπεὶ

2069 796 2177 867 γάρ
2215 796 2418 868 ἑκάστη
2464 797 2763 868 κηδεμονία
2802 796 2956 860 τέλος
2987 794 3120 866 ἔχει,
3154 793 3419 865 (πάντως
3465 794 3570 863 τῆς
3607 794 3676 843 ἐπ’

2070 889 2283 953 εὐθείας
2325 890 2592 961 κινήσεως
2640 889 2790 953 τέλος
2836 886 3111 959 ἐχούσης,)
3156 884 3302 939 κατά
3338 883 3573 952 ταύτην
3613 900 3679 935 κιο

2071 986 2271 1046 νοῖντο,
2296 982 2389 1035 καὶ
2416 981 2485 1035 τὰ
2508 981 2609 1053 τῆς
2646 982 2903 1054 προνοίας
2931 979 3240 1052 περαίνοιεν
3265 996 3279 1007 ·
3315 978 3461 1030 ἐπεὶ
3492 977 3553 1029 δὲ
3590 978 3678 1027 πά-

2071 1075 2155 1130 λιν
2183 1078 2262 1140 εις
2300 1075 2527 1139 ἑαυτοὺς
2558 1073 2941 1138 ἀνακυκλοῦσι,
2971 1073 3066 1127 καὶ
3098 1072 3206 1125 ίδοὺ
3238 1072 3341 1124 καὶ
3384 1072 3427 1141 ἡ
3465 1070 3679 1121 ἑλικοει-

2069 1165 2167 1237 δὴς
2192 1166 2504 1219 συνίσταται
2525 1165 2757 1237 κίνησις.

2143 1304 2171 1377 §
2212 1304 2307 1360 IX.
2340 1306 2511 1360 Πάλιν
2560 1304 2739 1378 ψυχῆς
2783 1305 2976 1368 στάσις
3020 1301 3083 1356 τό
3125 1303 3566 1374 ἀμετακίνητον
3606 1302 3683 1354 καὶ

2070 1398 2284 1470 ἑδραῖον
2322 1398 2424 1469 τῆς
2465 1397 2603 1463 ἰδίας
2638 1398 2847 1463 οὐσίας.
2886 1397 3119 1468 Κίνησις
3166 1395 3223 1448 δὲ
3271 1394 3539 1464 κυκλικὴ
3581 1393 3685 1462 μὲν.

2070 1492 2198 1545 ὅταν
2228 1493 2294 1563 τῇ
2340 1490 2485 1545 κατά
2527 1491 2653 1545 νοῦν
2696 1489 2902 1562 θεωρίᾳ
2938 1490 3176 1560 κινῆται,
3220 1490 3325 1541 καὶ
3365 1490 3463 1551 εἰς
3504 1484 3685 1555 ἑαυτὴν

2071 1584 2353 1655 γινομένη,
2400 1586 2465 1638 ἐκ
2502 1584 2602 1656 τῆς
2629 1583 2734 1651 ἔξω
2760 1584 2869 1636 τῶν
2911 1582 3217 1654 αἰσθήσεων
3269 1579 3508 1648 πλάνης
3554 1594 3689 1629 συνε-

2071 1675 2345 1748 λίσσηται,
2396 1675 2492 1729 καὶ
2545 1674 2761 1748 πρῶτον
2788 1678 2868 1740 είς
2919 1674 3117 1745 ἑαυτὴν
3169 1674 3529 1744 συνάγηται,
3579 1670 3689 1721 κάν-

2072 1766 2261 1820 τεῦθεν
2311 1766 2581 1836 ἀνάγηται
2628 1764 2767 1837 πρὸς
2822 1764 2955 1817 Θεὸν
3010 1760 3553 1833 χειραγωγουμένη.
3598 1754 3691 1807 Καὶ

2072 1858 2233 1912 τοῦτό
2260 1857 2409 1911 ἐστιν
2450 1858 2483 1928 ἡ
2514 1855 2657 1909 κατά
2686 1854 2813 1910 νοῦν
2850 1852 3103 1926 ἐργασία,
3135 1849 3458 1920 ἑλικοειδὴς
3495 1848 3577 1909 δὲ,
3617 1846 3691 1896 ὅτε

2076 1952 2291 2023 πρόεισι
2324 1952 2422 2023 μὲν
2447 1952 2529 2014 εἰς
2554 1949 2624 2004 τὰ
2659 1947 2800 2003 κατά
2827 1948 3012 2020 μέρος,
3039 1943 3315 2016 λαμϐάνει
3338 1942 3401 1996 δὲ
3430 1942 3541 2005 τὰς
3570 1956 3691 2008 γνω-

2078 2063 2213 2111 σεις,
2250 2044 2373 2116 οὐχὶ
2398 2042 2603 2116 νοερῶς
2639 2042 2735 2096 καὶ
2763 2040 2979 2104 ἑνιαίως
2999 2056 3012 2069 ·
3038 2037 3197 2091 τοῦτο
3222 2034 3343 2107 γὰρ
3374 2033 3501 2087 τῶν
3544 2030 3696 2099 ἀγγέ-

2075 2139 2206 2202 λων,
2239 2138 2433 2201 οῖτινες
2460 2134 2603 2190 κατὰ
2633 2134 2838 2207 ἀθρόαν
2879 2128 3194 2205 μεταϐολὴν
3218 2126 3326 2191 τὰς
3355 2124 3693 2197 ὑπερκειμέ-

2076 2247 2174 2294 νας
2197 2228 2347 2293 θείας
2366 2226 2660 2299 ἐλλάμψεις
2685 2224 2868 2279 νοοῦσι
2899 2222 3042 2276 κατὰ
3069 2220 3131 2273 τὸ
3158 2218 3295 2273 αὐτὸ
3327 2218 3548 2289 μέτρον
3575 2217 3693 2267 dm-

2078 2318 2512 2390 καλυπτομένας.
2550 2318 2616 2370 Ἡ
2642 2316 2700 2370 δέ
2741 2314 2888 2387 ψυχὴ
2928 2312 3186 2383 λογικῶς,
3225 2313 3329 2365 καὶ
3358 2307 3690 2375 διεξοδικῶς,

2076 2411 2357 2465 τουτέστιν
2400 2411 2479 2473 είς
2520 2408 2776 2480 μερικὴν,
2810 2405 3173 2477 μεριζομένην
3212 2403 3313 2455 καὶ
3340 2403 3411 2455 ἑκ
3468 2397 3695 2472 μετοχῆς

2077 2499 2507 2571 διδασκομένην·
2558 2500 2586 2552 ό
2630 2497 2742 2567 γάρ
2790 2495 2936 2559 νοῦς,
2987 2496 3067 2559 είς
3117 2492 3429 2563 λογισμοὺς
3474 2490 3691 2547 κατιὼν,

2078 2592 2243 2647 οἱονεὶ
2276 2590 2559 2663 μερίζεται
2591 2590 2686 2643 καὶ
2717 2588 2898 2642 δέεται
2932 2586 3026 2640 τοῦ
3069 2586 3156 2639 διὰ
3191 2583 3478 2638 πλειόνων
3529 2598 3694 2652 παρα-

2077 2687 2388 2759 δειγμάτων
2416 2685 2807 2753 διεξοδεύοντος
2832 2682 2993 2753 λόγου
3027 2682 3164 2755 πρὸς
3207 2679 3584 2751 παράστασιν
3610 2673 3691 2727 τοῦ

2079 2780 2394 2851 νοουμένου.
2420 2780 2490 2832 Συ
2499 2778 2752 2850 μμίκτως
2773 2772 2865 2831 οῦν
2897 2776 3114 2848 ἐνεργεῖ
3140 2772 3287 2845 ψυχὴ
3324 2773 3431 2825 καὶ
3467 2768 3692 2841 μεταϐα-

2079 2872 2271 2938 τικῶς,
2304 2873 2393 2927 ὅτε
2433 2874 2529 2926 καὶ
2561 2870 2766 2943 νοερῶς
2795 2872 2905 2925 νοεῖ
2928 2886 2942 2900 ν
2971 2868 3033 2921 τὸ
3069 2867 3178 2938 γάρ
3208 2864 3403 2935 νοερὸν
3439 2864 3581 2915 ἴδιον
3609 2858 3691 2927 τῆς

2078 2965 2289 3038 ψυχῆςο
2320 2966 2457 3019 διότι
2500 2965 2661 3036 μόνον
2702 2961 2844 3017 αὐτὰ
2877 2963 2988 3015 νοεῖ
3024 2958 3095 3012 τὰ
3134 2954 3600 3027 ὑπερϐεϐηκότα.
3630 2949 3689 3002 Ού

2080 3060 2285 3115 νοεῖται
2309 3058 2367 3111 δὲ
2403 3057 2534 3129 παρ’
2565 3056 2779 3121 οὐδενὸς
2804 3054 2945 3108 ὥστε
2977 3048 3119 3106 εἶναι
3157 3050 3252 3103 καὶ
3282 3049 3526 3120 νοητὸν,
3569 3045 3689 3098 πᾶν·

388 3153 612 3211 prOpter
639 3143 814 3198 solum
853 3144 1107 3215 intelligit
1131 3160 1195 3200 ea
1229 3161 1351 3215 qua:
1398 3152 1822 3208 transcendunt.
1858 3150 1972 3206 Non

2155 3170 2189 3206 ιν
2228 3151 2338 3225 γὰρ
2380 3151 2488 3206 τῶν
2528 3149 2739 3221 νοητῶν
2778 3148 2982 3218 ἐσχάτη
3031 3145 3202 3208 ἐστὶν,
3231 3141 3376 3196 ὥστε
3438 3141 3691 3200 toto-3m;

390 3235 717 3307 intelligitur
741 3247 923 3291 autem
948 3238 1018 3299 ab
1043 3238 1254 3307 aliquo,
1279 3255 1344 3294 ac
1371 3241 1419 3295 si
1445 3253 1592 3298 esset
1613 3244 1777 3297 etiam
1810 3244 1976 3300 intel-

391 3325 642 3398 ligibilis,
680 3343 805 3382 cum
835 3329 906 3383 sit
937 3329 1185 3384 omnium
1219 3332 1645 3404 intclligibilium
1674 3346 1977 3405 postrema,

391 3424 452 3471 ut
477 3415 561 3471 vel
594 3417 721 3472 hinc
743 3418 908 3472 etiam
938 3419 1295 3491 intelligibilis
1327 3422 1659 3492 appelletur;
1688 3440 1793 3480 non
1819 3441 1981 3482 secus

391 3524 456 3563 ac
487 3516 627 3562 testa
659 3509 712 3562 in
747 3509 1096 3581 inexplebilis
1128 3511 1299 3567 maris
1328 3513 1499 3569 fundo
1528 3517 1824 3572 constituta
1854 3532 1981 3573 sen-

389 3598 567 3654 sibilis
595 3610 699 3664 est,
737 3600 820 3654 vel
848 3602 1029 3671 potius
1060 3603 1295 3673 ipsamet
1343 3620 1485 3675 aqua
1524 3622 1647 3677 qua:
1674 3624 1838 3679 supra
1863 3625 1981 3666 ca:-

390 3692 473 3747 Ios
500 3693 707 3749 existit.
739 3692 908 3749 Recto
931 3704 1116 3749 autem
1145 3704 1294 3751 motu
1320 3698 1502 3752 anima
1532 3699 1736 3769 cietur,
1764 3704 1984 3771 quando

393 3785 450 3839 in
481 3788 834 3858 semetipsam
869 3804 979 3843 nou
1018 3788 1321 3857 ingreditur
1353 3786 1482 3859 (hoc
1515 3792 1663 3847 enim
1698 3803 1781 3849 est
1808 3796 1987 3849 circu-

390 3877 590 3935 lariter
612 3881 865 3951 moveri),
888 3883 982 3938 sed
1009 3885 1407 3954 progrediendo
1443 3900 1506 3941 ea
1535 3900 1655 3956 quae
1679 3886 1887 3942 circum
1930 3897 1987 3941 et

393 3983 549 4030 extra
581 3974 756 4044 ipsam
804 3988 933 4032 sunt
965 3977 1304 4043 considerat,
1338 3977 1392 4033 in
1437 3994 1561 4049 quae
1615 3988 1878 4051 tanquam
1933 3982 1985 4036 iu

391 4068 636 4138 symbola
665 4072 911 4140 quaedam
937 4075 1171 4143 directa,
1203 4092 1272 4132 ex
1311 4078 1397 4133 his
1425 4078 1623 4132 iterum
1656 4086 1809 4130 motu
1837 4086 1989 4130 recto

393 4163 462 4215 ad
496 4162 775 4233 simplices
805 4169 1300 4239 contemplationes
1332 4169 1648 4237 adducitur,
1679 4183 1788 4224 non
1820 4170 1988 4223 ratiu-

395 4257 649 4328 cinando,
690 4274 870 4329 neque
899 4262 1259 4318 scientilicam
1297 4264 1569 4318 rationem
1624 4263 1984 4333 inquirendo,

397 4351 554 4418 quasi
595 4352 895 4409 scientitice
940 4357 1307 4410 adduceretur
1348 4375 1361 4411 ;
1405 4370 1531 4409 nam
1565 4356 1647 4411 sic
1699 4356 1869 4411 etiam
1904 4371 1992 4412 res

397 4442 595 4499 divinae
630 4445 943 4502 scientilicae
965 4448 1263 4518 cognitioni
1300 4448 1677 4519 subjacerent,
1708 4459 1763 4504 et
1797 4461 1985 4505 motus

2083 3245 2314 3317 κληθείη
2360 3244 2426 3299 ἂν
2452 3243 2596 3313 αὐτὴ
2636 3241 2825 3314 νοητὴ,
2851 3239 2927 3304 ὡς
2966 3238 3026 3291 τὸ
3059 3236 3165 3290 ὑπὸ
3200 3234 3360 3305 βυθὸν
3413 3233 3688 3305 ἀπλήστου

2084 3338 2358 3408 θαλάσσης
2384 3336 2636 3408 κείμενον
2671 3334 2959 3405 ὄστρακον,
2989 3328 3267 3400 αἰσθητὸν,
3292 3328 3328 3399 ἢ
3377 3326 3601 3397 μᾶλλον
3641 3324 3689 3375 τὸ

2085 3430 2342 3503 ὑπεράνω
2371 3429 2480 3483 τῶν
2507 3425 2757 3499 οὐρανῶν
2784 3425 2953 3497 ὕδωρ.
2978 3424 3115 3477 Κατ’
3140 3420 3359 3474 εὐθεῖαν
3382 3419 3456 3472 δὲ
3487 3419 3689 3489 κίνησιν

2086 3527 2315 3578 κινεῖται
2354 3521 2524 3594 ψυχὴ,
2569 3521 2697 3573 ὅταν
2735 3519 2837 3571 οὐκ
2874 3518 2954 3581 εἰς
2990 3514 3162 3586 αὐτὴν
3206 3510 3493 3577 εἰσιοῦσα,
3525 3510 3689 3583 (τοῦτο

2087 3614 2197 3687 γάρ
2227 3616 2345 3667 ἐστι
2388 3612 2452 3670 τὸ
2492 3609 2639 3665 κατά
2682 3607 2927 3679 κύκλον,)
2956 3603 3092 3658 ἀλλά
3126 3602 3396 3675 προϊοῦσα
3454 3603 3533 3656 τὰ
3575 3600 3688 3670 περὶ

2087 3710 2257 3780 αὐτὴν
2282 3708 2480 3778 σκοπῇ,
2505 3704 2600 3760 καὶ
2636 3703 2705 3758 τὰ
2736 3699 2957 3767 ἔξωθεν,
2980 3699 3060 3762 εἰς
3082 3696 3226 3769 ἅπερ
3247 3694 3494 3766 ἀρθεῖσα
3523 3696 3599 3759 ὡς
3620 3694 3689 3755 εἰς

2091 3800 2154 3854 σύ
2164 3800 2338 3872 μϐολά
2366 3816 2508 3862 τινα,
2534 3798 2600 3849 ἐκ
2632 3794 2839 3849 τούτων
2865 3788 3021 3855 αὖθις
3046 3791 3168 3844 κατ’
3194 3787 3443 3852 εὐθεῖαν,
3478 3790 3575 3842 ἐπὶ
3604 3787 3687 3847 τὰς

2090 3894 2266 3957 ἁπλᾶς
2294 3891 2527 3963 θεωρίας
2560 3889 2827 3960 ἀγάγηται
2853 3887 2914 3940 οὐ
2943 3883 3391 3955 συλλογιζομένη,
3428 3883 3551 3937 οὐδ’
3578 3884 3680 3933 rem.

2092 3986 2417 4059 στημονικὸν
2445 3983 2684 4056 ζητοῦσα
2709 3983 2885 4051 λόγον,
2913 3980 2989 4044 ὡς
3019 3978 3086 4033 ἂν
3130 3976 3527 4048 ἐπιστημόνως
3570 3976 3685 4027 ἀνα-

2091 4079 2267 4152 χθείη,
2295 4076 2459 4151 (οὕτω
2484 4075 2594 4147 γὰρ
2609 4074 2674 4128 ἂν
2703 4075 2799 4127 καὶ
2824 4071 2891 4125 τὰ
2915 4071 3032 4125 θεῖα
3057 4072 3465 4141 ἐπιστημονικῇ
3497 4066 3684 4138 γνώσει

2094 4173 2402 4238 ὑπέκειντο,
2429 4169 2527 4223 καὶ
2566 4170 2600 4240 ὴ
2646 4166 2857 4237 κίνησις
2886 4164 2945 4217 οὐ
2992 4165 3114 4217 κατ’
3154 4161 3390 4227 εὐθεῖαν,
3429 4161 3557 4215 ἀλλ’
3590 4159 3683 4210 ἑλι-

2096 4265 2310 4337 κοειδὴς
2336 4263 2546 4333 ἐγίνετο
2567 4277 2581 4291 ο
2602 4260 2621 4333 )
2644 4258 2759 4312 ἀλλ’
2782 4257 2889 4310 ἀπὸ
2912 4256 3146 4319 κτίσεως
3166 4254 3372 4325 κόσμου
3390 4253 3472 4306 τὰ
3491 4253 3687 4323 ἀόρατα

2094 4358 2190 4412 τοῦ
2219 4356 2356 4411 Θεοῦ
2400 4354 2601 4418 ἁπλαῖς
2634 4354 2729 4407 καὶ
2766 4350 3005 4414 εὐθείαις
3043 4346 3320 4411 ἐπιϐολαῖς
3360 4348 3462 4400 καὶ
3500 4346 3685 4400 ἀπολυο

2098 4451 2501 4523 πραγμονήτως
2531 4445 2748 4511 νοοῦσα,
2779 4445 2920 4517 ὑπὲρ
2950 4445 3128 4497 πᾶσαν
3156 4439 3515 4511 διανοητικὴν
3546 4438 3681 4499 ἐνέρ-

398 4534 491 4590 ille
511 4535 654 4592 baud
692 4546 896 4603 rectus,
926 4540 1021 4594 sed
1046 4539 1302 4609 obliquus
1333 4552 1503 4595 esset.
1535 4539 1739 4597 Verum
1767 4559 1796 4597 a
1830 4558 1978 4599 crea-

2155 4560 2248 4597 ιαν
2272 4544 2367 4596 καὶ
2392 4540 2691 4607 ἀπόδειξιν.

397 4636 518 4682 tura
551 4630 735 4686 mundi
768 4630 1061 4686 invisibilia
1093 4631 1189 4687 Dei
1223 4634 1569 4704 simplicibus
1599 4648 1689 4708 get
1753 4638 1918 4693 rectis
1985 4636 2565 4709 apprehensionibus,
2621 4643 2671 4688 et
2730 4647 2836 4687 non
2908 4643 3172 4698 operose,
3220 4625 3513 4680 intellecta
3570 4632 3679 4677 sunt

395 4736 560 4793 supra
606 4738 824 4781 omnem
872 4728 1182 4783 intellectus
1231 4731 1606 4798 operationem
1653 4747 1717 4786 ac
1749 4734 2303 4788 demonstrationem.

468 4816 497 4889 §
526 4816 592 4872 X.
618 4818 821 4874 llarum
856 4822 1020 4893 igitur
1048 4825 1216 4878 trium
1244 4828 1571 4894 motionum,
1597 4829 1811 4884 scilicet
1832 4847 1985 4884 men-

401 4911 536 4964 tium
564 4920 621 4966 et
648 4914 977 4981 animarum,
1007 4924 1061 4971 et
1091 4916 1448 4986 ipsarummet
1476 4921 1641 4975 trium
1678 4924 1982 4978 motionum

398 5017 519 5069 quae
551 5002 604 5057 in
634 5004 932 5061 sensilibus
958 5012 1334 5078 reperiuntur,
1366 5021 1423 5066 et
1474 5014 1645 5068 multo
1692 5015 1863 5085 prius,
1892 5031 1986 5071 cu-

395 5091 594 5160 jusque
616 5096 791 5165 angeli
816 5104 875 5152 et
899 5098 1117 5165 animm,
1146 5101 1335 5172 reique
1359 5103 1596 5172 sensilis,
1617 5108 1989 5174 mansionum,

402 5194 459 5237 et
493 5186 813 5252 stationum,
847 5200 902 5244 et
933 5188 1255 5248 Iirmitatum
1303 5195 1548 5251 vicissim
1598 5197 1764 5251 etiam
1820 5212 1990 5253 causa

400 5285 485 5328 est
518 5276 681 5333 Deus.
715 5279 1001 5346 Quomodo
1029 5293 1211 5339 autem
1246 5286 1415 5341 multo
1445 5287 1598 5357 prius
1643 5290 1988 5345 mansionum

404 5385 567 5439 quam
593 5371 895 5429 motionum
914 5374 937 5429 ?
956 5377 1084 5445 quia
1110 5378 1366 5435 videlicet
1392 5380 1444 5434 id
1470 5382 1615 5451 quod
1644 5391 1828 5436 manet
1853 5398 1993 5451 pra:-

404 5467 639 5520 stantius
685 5467 849 5539 397
898 5480 985 5525 est
1026 5486 1091 5527 eo
1123 5473 1269 5542 quod
1318 5484 1611 5542 movetur;
1648 5478 1794 5530 unde
1821 5477 1987 5531 etiam

404 5574 526 5626 qua».
553 5561 736 5616 divina
782 5573 928 5630 sunt,
969 5576 1097 5620 sunt
1126 5566 1449 5631 inunobilia,
1485 5567 1752 5623 nostratia
1802 5579 1990 5623 autem

408 5653 631 5708 mobilia
662 5665 786 5711 sunt
813 5669 867 5712 et
891 5661 1274 5725 nominantur;
1304 5660 1563 5728 quoniam
1589 5676 1806 5730 quoque
1829 5674 1994 5715 omne

416 5747 467 5800 id
504 5750 647 5816 quod
689 5762 941 5809 movetur
993 5754 1061 5808 ab
1107 5753 1373 5807 immobili
1422 5765 1713 5818 movetur;
1744 5764 1801 5807 et
1845 5755 1990 5823 quod

415 5845 688 5901 immobile
740 5855 841 5915 cst,
891 5863 997 5903 non
1042 5863 1178 5915 opus
1225 5847 1384 5904 habet
1421 5862 1485 5905 eo
1536 5850 1678 5917 quod
1719 5859 1987 5905 movetur.

2168 4830 2195 4902 §
2221 4831 2289 4883 X.
2325 4828 2544 4883 Τούτων
2574 4823 2668 4882 οῦν
2693 4827 2804 4881 τῶν
2827 4825 2997 4897 τριῶν
3027 4819 3226 4893 δηλαδὴ
3253 4818 3552 4888 κινήσεων,
3581 4812 3677 4865 τῶν

2095 4925 2229 4978 νοῶν
2259 4921 2502 4994 δηλονότι
2539 4921 2635 4975 καὶ
2671 4919 2781 4973 τῶν
2822 4916 3031 4988 ψυχῶν,
3072 4914 3167 4967 καὶ
3202 4909 3384 4964 αὐτῶν
3408 4908 3479 4980 δὴ
3505 4907 3609 4961 τῶν
3632 4905 3676 4954 ἐν

2092 5021 2205 5081 τοῖς
2232 5015 2512 5086 αἰσθητοῖς
2550 5012 2719 5085 τριῶν
2748 5013 3038 5081 κινήσεων,
3076 5006 3173 5060 καὶ
3200 5001 3382 5073 πολλῷ
3425 5001 3681 5073 πρότερον

2093 5109 2172 5181 τῷ
2198 5108 2452 5173 ἑκάστου,
2494 5105 2728 5175 ἀγγέλου
2763 5102 3006 5175 δηλονότι
3042 5101 3138 5154 καὶ
3177 5097 3355 5169 ψυχῆς
3380 5095 3482 5150 καὶ
3505 5092 3676 5159 αἰσθη-

2095 5200 2209 5265 τοῦ,
2240 5199 2418 5272 μονῶν
2443 5198 2538 5252 καὶ
2563 5198 2807 5250 στάσεων
2832 5195 2926 5247 καὶ⁵
2950 5191 3230 5264 ἱδρύσεων,
3245 5190 3319 5282 ἐκ

2095 5295 2190 5349 καὶ
2224 5292 2385 5356 αὐτὰ,
2412 5290 2584 5345 αἴτιόν
2625 5293 2770 5343 ἐστιν
2815 5290 2845 5341 ὁ
2876 5285 3028 5349 Θεός.
3069 5282 3195 5375 Πῶς

2096 5399 2257 5454 τερον
2290 5380 2399 5435 τῶν
2428 5379 2605 5452 μονῶν
2629 5378 2663 5450 ἢ
2690 5377 2802 5431 τῶν
2830 5376 3134 5446 κινήσεων;
3163 5374 3196 5443 ἢ
3234 5369 3483 5440 δηλονότι
3511 5367 3569 5420 τὸ
3591 5367 3673 5435 μέ·

2098 5491 2189 5528 νον
2204 5473 2301 5527 τοῦ
2326 5475 2383 5526 ἐν
2401 5475 2614 5543 κινήσει
2630 5468 3025 5542 προτιμότερον
3047 5483 3062 5531 ;
3081 5464 3201 5518 ὅθεν
3215 5463 3310 5516 καὶ
3329 5462 3402 5515 τὰ
3424 5461 3544 5514 θεῖα
3565 5454 3669 5512 ἀκί-

2097 5584 2256 5638 νητα,
2285 5564 2354 5619 τὰ
2379 5564 2436 5618 δὲ
2464 5564 2584 5619 καθ’
2608 5563 2756 5633 ἡμᾶς
2791 5557 3089 5629 κινούμενά
3130 5556 3235 5609 εἰσί
3283 5572 3340 5609 τε
3368 5554 3466 5608 καὶ
3510 5551 3671 5618 λέγον-

2098 5678 2212 5721 ται,
2245 5659 2339 5712 καὶ
2363 5658 2443 5710 ὅτι
2468 5658 2578 5709 πᾶν
2600 5655 2662 5708 τὸ
2682 5652 2998 5723 κινούμενον
3020 5649 3125 5703 ὑπὸ
3148 5649 3409 5718 ἀκινήτου
3436 5644 3665 5697 κινεῖται,

2100 5752 2160 5805 τὸ
2196 5751 2250 5803 δὲ
2297 5749 2551 5820 ἀκίνητον
2593 5749 2655 5800 οὐ
2700 5747 2890 5819 χρείαν
2917 5744 3030 5815 ἔχει
3068 5740 3163 5795 τοῦ
3190 5738 3532 5809 κινουμένου.
3560 5734 3665 5791 Πως

2098 5844 2151 5897 δὲ
2180 5844 2287 5913 ἔχει
2313 5842 2406 5895 καὶ
2431 5840 2488 5894 τὸ
2512 5838 2763 5910 αἰσθητὸν
2788 5837 2884 5901 τὰς
2908 5838 3055 5906 τρεῖς
3080 5834 3342 5904 κινήσεις,
3369 5831 3402 5901 ἦ
3427 5826 3663 5901 anis-su,
