3752 6292
99 298 186 353 769
644 298 733 354 DE
765 298 1020 357 DIVINIS
1051 295 1451 363 NOMINIBL'S,
1487 295 1623 353 CAP

1823 327 1887 339 —-
1919 294 2268 385 ΡᾼΒΑΡΙΙΒ.
2304 294 2800 353 ΡΔΟΗῩΜΕΙΗΕ.

3246 296 3377 375 πυη

94 417 153 471 τά
183 416 277 489 μὲν
308 420 548 489 στοιχεῖα
574 417 673 489 τὴν
699 418 819 471 κατ’
843 417 1057 471 είθεῖαν
1083 434 1097 448 ·
1127 417 1190 471 rb
1220 417 1318 489 μὲν
1357 415 1490 488 πῦρ,
1520 416 1634 471 ἀνω

1823 414 2055 468 nomodo
2082 422 2266 467 autem
2315 428 2404 468 res
2433 411 2710 468 sensibilis
2734 419 2852 470 tres
2877 413 3044 469 hasce
3081 415 3357 471 motiones

94 509 121 579 ἡ
143 507 193 559 δὲ
218 507 308 578 γῆ,
327 507 481 561 κάτω
506 524 518 538 ·
547 507 607 560 rb
626 507 680 560 δὲ
706 508 833 570 πᾶν,
853 506 950 579 τὴν
971 507 1157 579 κύκλῳ
1181 525 1194 539 ·
1218 508 1269 560 οί
1287 507 1345 560 δὲ
1368 506 1661 577 πλανῆται,

91 601 178 672 τὴν
199 599 465 670 ἑλικοειδῆ
490 599 628 653 καθὸ
651 601 759 655 ἀπὸ
782 599 889 655 τῶν
911 601 1103 655 νοτίων
1127 602 1219 654 ἐπὶ
1240 599 1312 653 τά
1334 599 1541 671 βόρεια,
1567 599 1665 653 καὶ

70 722 71 725 η
92 692 187 745 ἀπὸ
210 692 317 744 τῶν
343 691 572 764 βορείων
598 692 690 744 ἐπὶ
711 691 782 745 τὰ
808 692 957 747 νότια
978 693 1077 764 τὴν
1102 693 1314 763 κίνησιν
1339 691 1543 763 ἔχουσι,
1569 689 1665 743 καὶ

90 787 159 848 εἰς
190 784 247 837 rb
272 784 405 837 αὐτὸ
441 787 666 856 σημεῖον
693 785 855 839 πάλιν
890 784 1324 839 ἐπανακυκλοῦσι
1351 801 1366 849 ;
1405 784 1518 837 Καὶ
1552 783 1663 854 γὰρ

90 876 145 926 ἐκ
169 874 257 926 τοῦ
284 874 423 927 Θεοῦ
448 874 520 927 τά
544 874 719 928 πάντα
756 877 849 929 καὶ
872 877 941 929 δι’
967 875 1153 941 αὐτοῦ,
1182 874 1285 929 κᾶν
1328 874 1539 946 σμικρά
1579 890 1663 938 τις

88 966 234 1034 φύσις
258 964 314 1040 ᾗ,
342 966 447 1020 κᾶν
474 968 705 1040 μεγάλη,
734 968 836 1023 κᾶν
869 968 957 1041 ῐση
981 972 1093 1034 τοῖς
1119 969 1319 1034 ἄλλοις,
1348 968 1451 1022 κᾶν
1474 969 1532 1021 ἐν
1568 968 1664 1039 μέ-

86 1075 187 1129 τρῳ
210 1060 313 1111 τινὶ
336 1058 650 1130 ὡρισμένῳ,
677 1061 730 1113 αἱ
769 1059 878 1115 τῶν
904 1060 1233 1132 σωματικῶν
1256 1060 1537 1129 ἁναλογίαι
1566 1078 1663 1131 με-

87 1146 205 1218 ρῶν,
247 1149 303 1202 αἱ
329 1150 612 1221 ἁρμονίαι,
638 1152 693 1203 αἱ
717 1150 826 1205 τῶν
854 1151 1044 1224 χυμῶν
1068 1152 1314 1225 κράσεις,
1342 1152 1411 1207 τὰ
1448 1153 1567 1216 ὃλα,
1593 1152 1662 1208 τά

89 1237 236 1310 μέρη,
260 1242 368 1292 πᾶν
394 1240 454 1293 ἓν
477 1241 573 1294 καὶ
598 1241 819 1314 πλῆθος.
856 1233 1011 1297 Ἔστι
1045 1244 1155 1317 γάρ
1181 1246 1275 1298 καὶ
1298 1244 1356 1297 ἓν
1388 1244 1530 1298 κατὰ
1562 1244 1663 1317 τὴν

87 1329 317 1384 σύνδεσιν
338 1331 450 1385 τῶν
475 1332 679 1403 μερῶν,
697 1332 773 1398 ὡς
792 1333 1095 1406 ἅνθρωπος,
1127 1334 1253 1407 βοῦς
1276 1354 1290 1367 ·
1316 1336 1460 1389 ἐστιν
1485 1336 1544 1389 ἐν
1568 1335 1664 1389 καὶ

85 1422 209 1476 κατὰ
233 1422 331 1495 τὴν
354 1423 453 1477 τοῦ
493 1424 732 1497 πλήθους
770 1426 983 1494 ἕνωσιν,
1023 1428 1098 1493 ὼς
1136 1429 1326 1500 δῆμος,
1373 1429 1660 1502 ἐκκλησία,

85 1516 290 1589 ποίμνη.
321 1516 395 1569 Τὸ
426 1517 580 1571 ποιὸν
613 1519 863 1586 ἑκάστου,
885 1520 948 1574 rb
984 1521 1150 1575 ποσόν
1169 1538 1182 1552 °
1226 1521 1386 1575 τοῦτο
1414 1523 1523 1593 γάρ
1546 1524 1661 1576 ἐστι

83 1607 133 1660 rb
152 1606 395 1680 πηλίκον,
420 1611 479 1664 αἱ
502 1610 611 1664 τῶν
633 1612 913 1683 στοιχείων
934 1614 1207 1668 κοινωνίαι
1232 1616 1325 1668 καὶ
1338 1615 1657 1688 διακρίσεις.

84 1697 218 1753 Καθδ
257 1700 367 1769 γάρ
412 1701 590 1773 ἑτέρῳ
636 1703 855 1757 ἑνοῦται
900 1722 977 1770 τι,
1028 1703 1405 1761 ἀποδιίσταται
1456 1707 1615 1762 ἄλλου
1643 1724 1657 1741 θ

1774 504 1959 568 habet,
1990 504 2097 559 nisi
2123 505 2251 573 quia
2276 503 2530 559 videlicet
2558 503 2825 559 elementa
2863 507 3083 576 quidem
3121 516 3358 573 rectum,

1772 603 1833 649 ut
1871 594 2023 665 ignis
2067 610 2312 663 sursum,
2339 605 2483 649 terra
2511 594 2791 661 deonsum,
2818 597 3133 651 universum
3167 607 3353 652 autem

1768 687 1872 744 hoc
1921 687 2281 755 circularem,
2337 687 2569 757 pianetae
2625 702 2756 743 vero
2812 688 3090 760 obliquum
3145 700 3354 743 motum

1768 781 1995 846 habent,
2028 782 2471 851 quandoquidem
2521 783 2590 838 ab
2634 782 2840 839 Austro
2871 799 3061 852 versus
3092 782 3353 845 Boream,

1766 884 1821 930 et
1851 875 2092 931 vicissim
2125 891 2154 928 a
2185 874 2353 930 Borea
2404 891 2598 931 versus
2629 874 2888 932 Austrum
2939 884 3251 942 moventur,
3296 884 3356 928 et

1767 964 1835 1020 ad
1871 966 2014 1022 idem
2044 977 2306 1033 punctum
2340 967 2519 1023 denuo
2550 967 2953 1023 revolvuntur?
2978 967 3261 1035 Siquidem
3284 982 3353 1020 ex

1767 1057 1879 1111 Deo
1909 1065 1968 1112 et
1988 1072 2085 1128 per
2101 1058 2271 1113 Deum
2296 1068 2423 1113 sunt
2456 1057 2659 1123 omnia,
2682 1057 3033 1127 quantumvis
3062 1064 3254 1109 natura
3282 1054 3353 1108 sit

1766 1165 1958 1221 parva,
1989 1149 2075 1205 vel
2104 1165 2320 1222 magna,
2348 1151 2431 1205 vel
2450 1150 2679 1221 aequalis
2708 1149 2865 1216 aliis;
2910 1160 2968 1205 et
3009 1154 3167 1205 modo
3195 1160 3352 1203 certo

1765 1242 2011 1311 deﬁnita,
2037 1258 2425 1313 corporearum
2457 1258 2676 1313 quoque
2697 1243 2934 1312 partium
2960 1242 3353 1311 proportiones

1765 1344 1823 1391 et
1878 1336 2270 1404 congruentia}.
2321 1336 2613 1389 bumorum
2676 1334 3149 1402 temperationes,
3210 1342 3350 1399 tota,

1764 1439 1976 1498 partes,
2006 1443 2168 1483 omne
2197 1444 2366 1482 unum
2395 1438 2445 1482 ct
2479 1426 2794 1483 multitudo.
2840 1427 2938 1481 Est
2987 1436 3171 1480 autem
3219 1426 3348 1494 quid

1763 1537 1929 1577 unum
1971 1523 2272 1577 secundum
2321 1521 2726 1591 colligationem
2775 1519 3038 1590 partium.
3074 1529 3134 1574 ut
3161 1520 3352 1584 homo,

1760 1614 1901 1681 bos;
1936 1624 1989 1669 et
2023 1623 2106 1670 est
2132 1631 2298 1670 unum
2329 1614 2631 1671 secundum
2675 1612 3047 1669 multitudinis
3071 1614 3357 1680 unionem,

1764 1714 1826 1758 nt
1852 1704 2103 1774 populus,
2138 1706 2513 1777 congregatio,
2544 1720 2703 1773 grex.
2736 1702 3018 1773 Cujusque
3062 1706 3189 1759 item
3216 1720 3354 1773 qua-

83 1793 207 1846 κατά
246 1793 354 1867 γὰρ
380 1794 445 1848 τὸ
478 1795 681 1868 θερμὸν
722 1798 785 1852 rb
815 1797 927 1871 πῦρ
951 1799 1029 1870 τῷ
1057 1800 1179 1873 ἀέρι
1224 1800 1529 1874 ἑνούμενον,
1556 1802 1639 1855 τοῐ

1823 1811 1883 1852 as
1904 1811 1971 1851 ac
1996 1796 2275 1866 quantitas
2300 1813 2315 1849 :
2338 1798 2440 1851 hoc
2460 1794 2608 1850 enim
2633 1803 2717 1849 est
2742 1799 2924 1864 quale,
2954 1794 3353 1875 elementorum

84 1884 254 1950 ὓδατος
276 1886 593 1959 χωρίζεται.
624 1888 689 1942 Ἥ
710 1890 768 1944 ἐν
790 1893 903 1955 τοῖς
931 1890 1217 1963 μεγέθεσιν
1241 1893 1487 1965 ἀπειρία,
1509 1894 1651 1948 κατά

80 1974 165 2047 τὴν
186 1976 451 2049 διαίρεσιν
475 1996 488 2007 ·
523 1979 557 2051 ὴ
597 1980 655 2031 ἐν
676 1983 789 2045 τοῖς
827 1981 1081 2053 ἀριθμοῖς
1118 1982 1345 2054 ἀπειρία
1384 1984 1526 2037 κατά
1553 1986 1655 2057 τὴν

82 2068 353 2138 πρόσθεσιν
371 2088 385 2100 ·
414 2072 524 2124 πᾶν
553 2072 746 2144 πέρας,
765 2075 813 2126 οί
837 2074 1221 2146 ἐρμηνευτικοὶ
1243 2075 1391 2145 λόγοι
1415 2077 1651 2143 πάντων,

81 2162 129 2211 αἱ
148 2160 341 2228 τάξεις,
371 2167 427 2217 αἱ
469 2165 606 2236 πρὸς
631 2166 834 2238 ἄλληλα
861 2167 1147 2239 ὑπεροχαὶ,
1176 2170 1328 2223 πᾶσα
1357 2170 1534 2235 οὐσία,
1560 2173 1655 2226 καὶ¹

81 2251 107 2320 ἡ
132 2250 183 2303 ἐν
219 2253 353 2325 αὐτῇ
380 2254 517 2319 ἕξις,
563 2256 659 2311 καὶ
702 2260 851 2312 πᾶσα
878 2258 1106 2330 δύναμις
1132 2262 1227 2314 καὶ
1261 2260 1534 2333 ἐνέργεια,
1561 2263 1656 2318 καὶ

82 2342 212 2395 πᾶσα
234 2345 511 2417 αἴσθησις,
539 2348 633 2401 καὶ
654 2347 830 2418 λόγος,
861 2352 957 2404 καὶ
979 2352 1185 2425 ἐπαφὴ,
1224 2353 1391 2425 ἠγουν
1430 2354 1651 2425 γνῶσις,

80 2436 160 2488 καὶ
183 2438 481 2512 ἐπιστήμη,
510 2443 604 2496 καὶ
649 2445 798 2498 πᾶσα
835 2446 1027 2513 ἐνωσις
1063 2449 1129 2502 δι’
1169 2450 1445 2518 ἀγνωσίας
1485 2469 1654 2524 προσ-

80 2528 327 2588 ϐάλλουσα
349 2538 467 2600 τοῖς
507 2538 801 2611 κρείττοσι,
826 2542 921 2594 καλ⁵
942 2544 1050 2596 πᾶν
1073 2542 1152 2609 ὃν,
1193 2543 1251 2608 ἐξ
1273 2545 1458 2609 αὑτοῦ,
1476 2547 1570 2600 καὶ
1595 2547 1654 2600 ἐν

80 2625 230 2697 αὐτῷ,
258 2631 355 2682 καὶ
379 2633 464 2696 είς
488 2633 639 2698 αὐτὸ,
668 2635 919 2708 καὶπρὸς
944 2636 1075 2690 αὐτὸ
1100 2640 1222 2710 δρᾷ,
1248 2641 1344 2693 καὶ
1367 2641 1458 2693 ὑπ’
1484 2640 1652 2695 αὐτοῦ

79 2719 361 2793 συνέχεται,
398 2726 499 2779 καὶ
539 2727 597 2779 ἐν
654 2728 803 2800 αὐτῷ
834 2732 983 2784 πᾶσα
1008 2731 1232 2804 ἀρχὴ,ἢ
1274 2734 1653 2806 παραδειγμα-

79 2814 208 2885 τικὴ,
237 2818 371 2888 πρὸς
396 2819 468 2889 ἢν
490 2820 699 2888 γίνεται
724 2822 783 2875 τὸ
824 2824 1108 2895 γινόμενον
1126 2842 1140 2855 ο
1176 2824 1337 2878 τοῦτο
1358 2826 1415 2880 δέ
1442 2828 1591 2881 ἐστιν
1616 2829 1650 2899 ἡ

81 2906 197 2970 ἰδέα,
222 2911 340 2982 ἣτις
389 2914 512 2966 ἐστὶ
562 2915 747 2987 νόησις
786 2918 1099 2990 αὐτοτελὴς,
1134 2920 1301 2986 ἀΐδιος
1342 2922 1438 2975 τοῦ
1480 2923 1648 2976 ἀϊδίου

78 2997 196 3053 Θεοῦ
221 3018 233 3031 ·
272 3002 305 3074 ἢ
332 3003 548 3076 τελικὴ,
578 3007 672 3060 καὶ
698 3002 767 3081 ἧς
805 3008 967 3062 ἕνεκα
1010 3010 1071 3063 rb
1097 3010 1379 3083 γινόμενον
1413 3012 1652 3066 τελειοῦ-

76 3106 151 3143 ται
175 3110 187 3122 ·
223 3093 256 3165 ἢ
281 3098 566 3169 ποιητικὴ,
593 3100 627 3171 ἡ
651 3102 1028 3175 κεχωρισμένη
1054 3101 1149 3157 τοῦ
1175 3102 1611 3176 ἀποτελέσματος
1629 3121 1643 3136 ·

77 3180 307 3259 ἢείδικὴ,
332 3188 361 3241 ὃ
386 3188 602 3258 γίνεται
625 3190 686 3244 τὸ
708 3191 993 3264 γινόμενον
1012 3210 1026 3224 ο
1063 3195 1096 3267 ἢ
1137 3194 1502 3266 στοιχειώδης,
1538 3196 1646 3249 oio-

76 3276 145 3329 νεὶ
177 3279 330 3353 ὑλικὴ
355 3282 416 3350 ἐξ
460 3278 522 3337 οὗ
557 3285 956 3358 ἐνυπάρχοντος
990 3288 1198 3357 γίνεται
1235 3289 1296 3343 rb
1338 3289 1641 3360 γινόμενον.

1758 1889 2170 1945 eommunioues
2187 1904 2251 1944 ac
2272 1887 2670 1943 distinctiones.
2692 1886 3168 1953 Quemadmodum
3201 1886 3353 1943 enim

1756 1980 1960 2052 aliquid
2012 1981 2175 2038 alteri
2228 1980 2434 2046 unitur,
2467 1980 2550 2035 sic
2576 1980 2645 2035 ab
2691 1980 2865 2035 altero
2909 1988 3235 2048 separatur;
3269 1981 3349 2035 sic

1757 2075 1899 2147 ignis
1926 2077 2225 2131 secundum
2266 2077 2509 2132 calorem
2542 2085 2598 2130 et
2625 2075 2739 2130 aeri
2784 2074 2971 2129 unitur
3012 2083 3069 2129 et
3106 2072 3174 2127 ab
3201 2087 3346 2141 aqua

1755 2180 2097 2241 segregatur.
2142 2169 2392 2226 lnﬁnitas
2441 2170 2495 2224 in
2528 2168 2999 2239 magnitudinibus
3039 2167 3345 2221 secundum

1756 2263 2105 2327 divisionem,
2139 2264 2193 2317 in
2226 2263 2470 2318 numeris
2501 2262 2800 2317 secundum
2831 2260 3191 2325 additionem,
3222 2274 3347 2312 om-

1755 2358 1842 2413 nis
1867 2357 2011 2421 ﬁnis,
2029 2357 2464 2426 interpretantes
2489 2369 2775 2411 sermones
2800 2352 3065 2416 omnium,
3093 2350 3344 2413 ordines,

1757 2462 1958 2507 mutuae
1984 2452 2342 2516 excellentiae,
2374 2451 2557 2505 omnis
2579 2448 2911 2512 substantia,
2943 2454 3002 2500 et
3030 2443 3211 2499 omnis
3243 2442 3344 2496 ba-

1755 2544 1902 2600 bitus
1947 2545 2042 2615 qui
2082 2545 2139 2599 in
2161 2559 2223 2600 ea
2268 2554 2372 2609 eat,
2407 2552 2464 2599 et
2493 2543 2675 2599 omnis
2718 2541 2803 2594 vis
2848 2548 2903 2595 et
2940 2537 3263 2602 elﬁcacitas,
3288 2546 3347 2591 et

1755 2636 1936 2691 omnis
1969 2650 2186 2701 sensus,
2226 2644 2285 2691 et
2346 2634 2507 2699 ratio,
2563 2644 2619 2689 et
2670 2642 2849 2687 tactus
2902 2630 3020 2685 sive
3073 2628 3244 2694 notio,
3286 2637 3346 2682 et

1753 2729 2007 2791 scientia.
2034 2736 2091 2783 et
2122 2727 2305 2783 omnis
2330 2728 2458 2782 unio
2481 2740 2602 2796 quas
2629 2740 2726 2794 per
2753 2722 3147 2793 ignorationem
3181 2722 3345 2776 rebus

1753 2821 1975 2890 Optilnls
2010 2820 2315 2891 conjungit,
2348 2829 2405 2874 et
2433 2833 2595 2873 omne
2630 2819 2773 2889 quod
2811 2826 2914 2882 est,
2940 2832 3007 2871 ex
3036 2816 3175 2885 ipso,
3202 2824 3261 2868 et
3288 2815 3342 2871 in

1754 2913 1895 2981 ipso,
1923 2924 1980 2966 et
2010 2914 2076 2967 ad
2104 2913 2284 2983 ipsum
2330 2922 2437 2979 est,
2470 2922 2526 2966 et
2549 2921 2784 2981 Spectat,
2816 2920 2872 2964 et
2899 2911 2969 2963 ab
3008 2909 3127 2979 ipso
3162 2908 3340 2965 contio

1753 3016 1937 3070 netur,
1995 3015 2050 3061 et
2094 3009 2147 3061 in
2211 3006 2329 3075 ipso
2382 3006 2569 3061 existit
2618 3018 2781 3057 omne
2834 3002 3163 3071 principium
3221 3001 3341 3055 sive

1753 3100 2090 3167 exemplare,
2123 3098 2422 3152 secundum
2455 3096 2601 3165 quod
2632 3095 2691 3148 ﬁt
2724 3095 2775 3148 id
2807 3095 2952 3163 quod
2974 3091 3077 3161 ﬁt;
3108 3092 3211 3147 hoc
3239 3108 3341 3147 au-

1755 3201 1861 3246 tem
1892 3180 1976 3247 es't
2016 3190 2161 3257 idea,
2201 3205 2324 3261 qua;
2366 3198 2454 3244 est
2508 3187 2804 3244 intellectio
2840 3202 2938 3257 per
2963 3201 3022 3242 se
3070 3186 3337 3256 perfecta,

1752 3287 2107 3357 sempiterna,
2145 3268 2467 3354 sempiterni
2531 3281 2664 3350 Dei;
2709 3280 2824 3336 sive
2850 3279 3049 3347 ﬁnale,
3081 3288 3136 3334 et
3184 3278 3343 3348 cujus

78 3368 170 3422 Καὶ
209 3377 385 3427 πάντα
422 3376 494 3429 τά
520 3376 649 3431 ὄντα
674 3379 739 3431 ἐκ
760 3379 855 3433 τοῦ
890 3380 1057 3433 καλοῦ
1093 3382 1229 3445 ἐστι,
1255 3381 1349 3435 καὶ
1376 3382 1552 3435 πάντα
1575 3380 1639 3436 τά

1823 3379 1929 3434 atia
1960 3380 2014 3434 id
2046 3376 2192 3448 quod
2224 3376 2285 3432 lit
2308 3375 2610 3447 perﬁcitur,
2644 3374 2763 3430 sive
2792 3372 3059 3439 elﬁciens,
3091 3374 3237 3442 quod
3270 3372 3340 3428 ab

76 3461 159 3515 οὐκ
195 3463 320 3521 ὄντα
358 3470 427 3522 ἐκ
470 3470 567 3523 τοῦ
608 3471 775 3525 καλοῦ
820 3472 921 3544 μὲν
958 3474 1018 3527 οὑ
1057 3473 1329 3543 λέγονται,
1375 3474 1497 3529 οὐδὲ
1535 3476 1639 3547 γάρ

1823 3477 1946 3531 'ectu
2000 3480 2314 3542 separatum
2358 3482 2478 3537 est;
2528 3469 2643 3523 sive
2694 3465 2944 3531 formale,
2996 3465 3140 3535 quod
3181 3464 3243 3519 ﬁt
3287 3466 3341 3521 id

77 3554 236 3627 ἔχουσι
273 3562 559 3630 σύστασιν,
586 3565 703 3620 ἀλλ’
726 3569 783 3621 ἐν
815 3567 893 3638 τῷ
929 3568 1079 3640 καλῴ
1105 3571 1209 3623 είσι
1232 3586 1246 3600 ·
1285 3569 1501 3640 λέγεται
1536 3570 1639 3643 γὰρ

1825 3573 1895 3626 od
1939 3570 2297 3641 producitur;
2350 3566 2468 3622 sive
2509 3565 2848 3619 elementare
2889 3576 2986 3616 seu
3032 3558 3341 3628 materiale,

75 3649 125 3701 rb
145 3654 297 3709 καλὸν
321 3657 484 3712 τοῦτο
509 3659 963 3733 ἀφαιρεματικῶς
989 3662 1098 3717 ἀπὸ
1121 3664 1361 3718 πάντων.

1858 3661 2016 3733 cujus
2054 3659 2318 3729 subjecto.
2347 3657 2408 3712 ﬁt
2457 3657 2511 3711 id
2546 3656 2691 3726 quod
2725 3653 2807 3708 lit.
2841 3652 2909 3707 Et
2951 3652 3135 3708 omnia
3183 3667 3342 3722 quae-

75 3756 267 3816 cunque
319 3762 455 3806 sunt
513 3768 581 3808 ex
650 3756 795 3810 bono
822 3766 971 3820 sunt,
1027 3766 1083 3811 et
1153 3772 1495 3830 quaecunque
1551 3774 1657 3814 non
1717 3766 1846 3813 sunt
1910 3770 1942 3809 a
2000 3753 2232 3825 pulchro
2286 3750 2510 3820 quidem
2564 3763 2674 3803 non
2742 3746 3211 3812 denominantur,
3261 3745 3342 3800 si-

76 3838 271 3904 quidem
306 3858 415 3898 non
462 3843 668 3901 habent
718 3855 947 3915 statum,
979 3848 1075 3904 sed
1117 3851 1174 3905 ln
1229 3850 1459 3921 pulebro
1493 3862 1657 3919 sunt;
1701 3851 1904 3908 dicitur
1937 3856 2126 3903 autem
2169 3846 2275 3902 hoc
2318 3844 2612 3916 pulchrum
2645 3843 2714 3897 de
2757 3838 3013 3897 omnibus
3056 3854 3157 3910 per
3185 3840 3340 3895 abla-

75 3932 283 3990 tionem.

132 4026 157 4099 δ
180 4030 268 4082 XI.
323 4028 610 4084 Ἐντεῦθεν
634 4028 904 4083 εἰσϐάλλει
933 4032 1062 4104 περὶ
1101 4031 1323 4105 ἔρωτος,
1351 4033 1447 4087 καί
1472 4050 1639 4105 φησι·

75 4116 226 4173 Πᾶσιν
255 4116 346 4175 οὖν
372 4122 494 4174 ἐστι
529 4119 589 4173 rb
615 4119 777 4174 καλὸν
816 4122 908 4175 καὶ
931 4123 1143 4193 ἐφετὸν,
1169 4126 1264 4179 καὶ
1296 4126 1546 4199 ἐραστδν,
1573 4126 1643 4181 δι’

72 4212 206 4277 αὐτὸ,
234 4216 327 4269 καὶ
341 4214 512 4268 αὑτοῦ
532 4214 823 4280 ἐνεκα,καὶ
850 4216 909 4269 οὺ
928 4215 993 4269 δι’
1008 4216 1137 4271 ἀλλο
1164 4236 1239 4283 τι,
1257 4218 1351 4272 καὶ
1380 4215 1457 4290 μὴ
1483 4219 1643 4291 μόνον

71 4301 128 4355 δι’
159 4306 317 4360 αὑτοῦ
356 4308 542 4363 πάντα
573 4307 710 4380 πρὸς
748 4307 953 4382 ἄλληλα
979 4308 1075 4364 τδν
1101 4308 1280 4382 ἔρωτα
1326 4309 1530 4382 έχουσι.
1561 4310 1643 4366 Τά

72 4394 159 4461 μὲν
174 4396 316 4467 ἥττω
340 4398 453 4452 τῶν
479 4399 804 4469 κρειττόνων
830 4400 1270 4470 ἐπιστρεπτικῶς
1288 4439 1304 4465 ,
1330 4400 1401 4454 τά
1428 4400 1487 4454 δὲ
1515 4402 1646 4473 ὁμό-

74 4499 239 4558 στοιχα
275 4489 385 4543 τῶν
427 4490 718 4561 ὁμοταγῶν
761 4490 1116 4559 κοινωνικῶς,
1153 4493 1248 4547 καὶ
1288 4492 1358 4547 τὰ
1406 4492 1642 4566 κρείττω
1677 4470 1719 4526 D

71 4574 163 4628 τῶν
194 4582 429 4650 ἡττόνων
474 4581 871 4655 προνοητικῶς,
920 4583 1056 4639 ἀλλά
1098 4584 1194 4639 καὶ
1241 4586 1383 4640 αὑτά
1433 4586 1643 4641 ἑαυτῶν

73 4673 406 4739 συνεκτικῶς,
454 4674 553 4728 καὶ
600 4674 800 4741 πάντα,
831 4675 968 4749 πρὸς
999 4675 1062 4729 rb
1104 4674 1271 4731 καλὸν
1315 4678 1411 4731 καὶ
1440 4676 1644 4747 ἀγαθὸν

73 4763 489 4841 ἀπευθυνόμενα,
520 4769 736 4828 ποιοῦσι
758 4770 854 4824 κα)⁵
877 4769 1158 4842 βούλονται
1178 4771 1280 4824 ὅσα
1301 4771 1518 4825 ποιοῦσι
1548 4771 1644 4826 καὶ

75 4852 363 4923 βούλονται·
390 4860 488 4914 καὶ
512 4859 696 4925 ἁπλῶς
718 4863 898 4915 πάντα
924 4862 1168 4935 ἀλλήλων
1184 4863 1280 4915 καὶ
1296 4862 1503 4916 ἐαυτῶν
1520 4863 1641 4934 ἐρᾷ,

75 4947 155 4999 καὶ
180 4949 357 5015 όΘεὸς
387 4950 609 5004 πάντων
630 4953 753 5023 ἐρᾷ,
782 4953 869 5007 ἵνα
895 4952 964 5007 τὰ
995 4952 1174 5007 πάντα
1205 4952 1387 5022 ἀγαθά
1417 4954 1641 5027 ποιήσῃ.

76 5037 157 5091 Διά
180 5042 332 5097 τοῦτό
348 5047 467 5099 ἐστι
483 5044 578 5097 καὶ
597 5046 625 5097 ὁ
638 5046 781 5111 θεῖος
797 5046 936 5117 έρως
967 5048 1061 5101 καὶ
1082 5046 1306 5117 ἀγαθὸς,
1320 5047 1414 5099 καὶ
1435 5044 1643 5115 ἀγαθοῦ

76 5132 378 5207 πράγματος
400 5139 706 5211 ἐπιτηδείου
726 5141 807 5205 είς
823 5140 850 5192 ὃ
863 5140 1088 5210 ἀγαθὸν,
1105 5141 1201 5195 καὶ
1215 5140 1304 5194 διὰ
1324 5139 1386 5193 rb
1401 5139 1606 5209 ἀγαθόν
1625 5157 1641 5172 ·

76 5221 149 5276 ἵνα
181 5229 287 5302 γὰρ
329 5228 595 5301 τελειώσῃ
629 5232 723 5284 καὶ
769 5231 985 5304 συνέξῃ,
1024 5232 1120 5286 καὶ
1155 5233 1383 5306 ἁγιάσῃ,
1414 5233 1641 5303 γίνεται.

79 5312 224 5386 υῦτος
260 5322 370 5395 γάρ
397 5326 427 5377 ὁ
456 5322 596 5393 ἔρως
633 5325 727 5378 καὶ
751 5324 812 5378 rb
842 5325 997 5379 Θεῖον
1045 5324 1297 5395 ἐκίνησεν
1336 5328 1416 5391 είς
1460 5343 1644 5398 παρα-

78 5413 242 5486 γωγὴν
266 5418 299 5487 ἡ
309 5415 429 5487 μῶν
454 5420 549 5471 καὶ
586 5417 859 5490 πρόνοιαν,
885 5420 973 5473 ἵνα
1002 5420 1095 5473 καὶ
1122 5419 1424 5490 πρακτικὸν
1454 5418 1645 5491 ἕσηται

79 5505 158 5557 καί
184 5509 519 5580 κινούμενον,
553 5511 648 5564 καὶ
682 5509 758 5583 μὴ
784 5510 940 5583 μείνῃ
971 5512 1183 5581 ἄγονον.
1223 5511 1383 5567 Ἀ),λά
1410 5529 1647 5583 σημειω-

77 5594 200 5663 τέον,
227 5600 305 5653 ὅτι
336 5601 400 5655 οὐ
428 5601 507 5654 δεῖ
532 5609 817 5673 προσέχειν
856 5607 976 5668 ταῖς
1006 5602 1239 5671 λέξεσιν,
1270 5602 1408 5659 ἀλλά
1449 5607 1516 5679 τῇ
1556 5603 1647 5656 δυ-

79 5689 220 5760 νάμει
246 5693 338 5747 τοῦ
370 5692 597 5748 σκοποῦ.
621 5695 790 5760 Θείως
813 5696 921 5769 γὰρ
952 5695 1092 5749 αὐτὰ
1115 5697 1143 5749 ὁ
1171 5695 1330 5766 λόγος
1358 5696 1610 5763 διέξεισιν
1628 5714 1642 5727 ·

77 5781 180 5837 οὐδὲ
206 5794 313 5859 γάρ
370 5786 731 5859 τρεσϐεύομεν
773 5786 868 5860 τὴν
914 5786 1227 5860 ἐπωνυμίαν
1276 5787 1369 5842 τοῦ
1422 5787 1644 5859 ἔρωτος,

1823 4035 1971 4109 ςχι.
2005 4036 2175 4109 398
2207 4033 2307 4088 Hic
2338 4033 2407 4088 de
2445 4043 2635 4086 amore
2668 4040 2980 4084 sermonem
3014 4025 3337 4091 introducit,

1751 4144 1815 4184 ac
1844 4129 1925 4183 ait
1952 4145 1968 4183 :
2000 4126 2269 4184 Omnibus
2292 4124 2457 4195 igitur
2486 4121 2774 4194 pulchrum
2801 4129 2858 4173 et
2888 4118 3250 4175 desiderabile
3278 4127 3337 4173 et

1750 4215 1983 4272 amabile
2011 4225 2096 4272 est
2125 4225 2348 4286 propter
2371 4228 2432 4269 se
2458 4221 2514 4268 et
2542 4212 2626 4266 sui
2656 4225 2846 4275 causa,
2880 4218 2936 4265 et
2963 4224 3070 4265 non
3115 4221 3341 4281 propter

1751 4308 1954 4378 aliquid
1985 4307 2159 4373 aliud,
2204 4315 2260 4362 et
2288 4322 2396 4361 non
2425 4304 2599 4360 solum
2631 4318 2728 4373 per
2757 4317 2817 4358 se
2843 4302 3028 4357 omnia
3076 4303 3145 4358 ad
3192 4302 3341 4358 invi-

1749 4416 1868 4456 cem
1916 4414 2161 4455 amorem
2209 4399 2433 4455 habent.
2466 4397 2534 4451 Et
2582 4397 2843 4453 inferiora
2881 4395 3102 4467 quidem
3150 4407 3339 4452 amant

1747 4489 2054 4560 superiora,
2085 4487 2457 4543 convertenda
2489 4503 2551 4543 se
2579 4488 2647 4541 ad
2672 4502 2737 4542 ea
2762 4504 2778 4554 ;
2811 4495 2872 4541 et
2894 4501 3015 4557 qua:
3040 4496 3167 4541 sunt
3190 4485 3338 4553 ejus.

1747 4584 1869 4639 dem
1893 4581 2125 4644 ordinis,
2150 4589 2343 4635 amant
2383 4583 2466 4638 sui
2500 4581 2725 4646 similia,
2758 4595 2881 4634 cum
2915 4580 2982 4634 iis
3016 4581 3331 4633 communi—

1745 4676 1961 4733 cando:
2001 4685 2057 4731 et
2088 4676 2370 4748 superiora
2414 4674 2702 4739 inferiora,
2734 4672 3076 4743 providendo
3106 4672 3245 4737 illis;
3278 4681 3336 4726 et

1744 4768 1960 4841 singula
2000 4783 2060 4825 se
2104 4769 2246 4840 ipsa,
2278 4766 2662 4823 conservando
2692 4779 2777 4831 se,
2808 4774 2866 4820 et
2894 4764 3078 4818 omnia
3102 4765 3171 4818 ad
3210 4764 3337 4835 pul-

1746 4863 1940 4915 chrum
1965 4868 2023 4916 et
2051 4860 2253 4914 bonum
2288 4857 2493 4910 directa
2528 4853 2741 4909 faciunt
2768 4868 2834 4907 ac
2862 4854 3055 4906 volunt
3076 4865 3337 4920 quascun-

1747 4969 1855 5025 que
1904 4952 2115 5009 faciunt
2163 4965 2225 5007 ac
2276 4948 2497 5013 volunt;
2534 4954 2591 5003 et
2641 4944 2982 5015 simpliciter.
3036 4942 3223 4997 omnia
3276 4958 3339 4997 se

1750 5057 1941 5104 mutuo
1980 5057 2038 5104 et
2087 5046 2271 5117 seips‘a
2312 5051 2520 5109 amant,
2572 5048 2629 5096 et
2674 5038 2820 5093 Deus
2863 5044 3013 5091 amat
3041 5035 3248 5105 omnia,
3277 5046 3337 5090 ut

1747 5142 1933 5197 omnia
1972 5140 2114 5195 bona
2161 5137 2373 5195 reddat.
2406 5132 2678 5203 Quocirca
2712 5132 2881 5188 etiam
2927 5128 3148 5184 divinus
3177 5141 3335 5183 amor

1749 5243 1805 5289 et
1834 5236 2008 5290 bonus
2049 5243 2155 5300 est,
2193 5241 2249 5288 et
2281 5229 2359 5285 rei
2403 5228 2560 5282 bona:
2609 5228 2676 5283 ad
2707 5227 2909 5281 bonum
2950 5222 3332 5287 conducentis,

1749 5337 1804 5381 et
1839 5335 2063 5397 propter
2095 5326 2339 5391 bonum;
2375 5323 2435 5378 ﬁt
2485 5324 2630 5379 enim
2660 5331 2720 5376 ut
2757 5316 3025 5389 perﬁciat,
3064 5323 3120 5370 et
3155 5314 3333 5369 conti-

1752 5428 1906 5484 neat,
1933 5426 1987 5474 et
2011 5418 2340 5474 sanctiﬁcet.
2362 5414 2646 5487 Siquidem
2674 5413 2764 5469 hic
2787 5425 2946 5466 amor
2969 5407 3138 5463 etiam
3163 5406 3331 5463 Deum

1751 5514 1923 5566 movit
1957 5511 2025 5566 ad
2060 5512 2230 5567 nostri
2260 5510 2678 5582 productionem
2719 5522 2783 5563 ac
2817 5502 3246 5576 providentiam.
3272 5509 3332 5554 ιιι

1751 5604 1922 5675 etiam
1969 5615 2158 5676 ageret
2185 5619 2250 5659 ac
2275 5610 2610 5669 moveretur,
2637 5615 2738 5656 nec
2767 5596 2972 5655 sterilis
2998 5606 3329 5653 remaneret.

1751 5695 2062 5752 Notandum
2116 5706 2320 5763 autem,
2375 5711 2484 5752 non
2538 5697 2684 5766 ipsas
2728 5692 3020 5759 dictiones,
3062 5688 3158 5744 sed
3217 5689 3328 5742 vim

1752 5789 1900 5859 scopi
1965 5790 2352 5846 attcndcudam
2398 5802 2541 5845 esse.
2597 5786 2786 5843 Divinc
2841 5785 2988 5840 enim
3046 5783 3165 5840 hac
3215 5782 3332 5853 ipse
