3752 6314
449 291 545 343 771

1619 286 1677 343 S.
1716 285 2022 342 DIONYSII
2056 286 2527 343 AREOPAGITA‘J
3586 290 3671 344 77%

444 419 622 457 sermo
644 402 891 473 explicat,
929 417 1032 456 non
1071 402 1217 455 enim
1249 401 1571 457 invocamus
1610 404 1784 474 ipsum
1820 419 1987 458 uomet

2123 405 2196 467 ὡς
2223 404 2270 457 οἱ
2312 404 2573 475 ’Έλληνες
2596 421 2609 434 ⁸
2645 404 2765 457 οὑδέ
2796 403 2905 475 γάρ
2951 405 3064 457 ἐστι
3098 403 3258 458 c.3310
3304 404 3439 457 tam
3482 402 3577 456 τῶν
3615 420 3668 457 τα

442 498 665 557 amoris,
693 506 746 549 ut
770 495 1033 564 gentiles;
1064 510 1241 563 neque
1275 497 1376 549 huc
1404 498 1680 564 proprium
1712 507 1799 552 est
1826 514 2014 553 eorum

444 589 534 655 qui
572 602 653 640 res
690 587 899 640 divinas
934 587 1237 655 intelligere
1264 589 1509 657 cupiunt,
1540 590 1633 643 sed
1664 606 1826 645 sonos
1847 592 2018 647 exiles

443 693 734 735 auretcnus
772 682 1087 745 admittunt,
1123 698 1224 737 nec
1253 698 1349 736 eos
1382 684 1713 739 intrinsecus
1744 686 2015 742 admissos

441 773 613 841 ipsam
638 775 873 827 animam
903 786 1193 842 penetrare
1217 776 1426 841 sinunt,
1447 793 1622 847 neque
1646 778 1791 833 scire
1806 779 2011 845 volunt,

438 867 916 935 :equipollentibus
964 871 1131 922 etiam
1186 869 1558 937 dictionibus,
1613 887 1735 941 qum
1784 874 2012 928 multum

438 960 640 1013 terreni
676 960 914 1028 sapiunt,
940 977 1027 1016 res
1058 962 1275 1015 divinas
1298 965 1543 1031 expromi
1579 965 1798 1020 minime
1829 966 2015 1036 prohi-

436 1052 583 1117 beri;
617 1054 710 1105 sed
745 1054 942 1109 stolide
978 1054 1268 1108 elementis
1307 1071 1371 1110 ac
1409 1058 1738 1113 dictionibus
1767 1067 1819 1114 et
1850 1060 2012 1130 sylla-

434 1138 516 1192 bis
570 1141 805 1193 animmn
866 1158 973 1195 non
1034 1144 1463 1212 penetrantibus,
1519 1149 1612 1200 sed
1667 1150 2010 1206 extrinsecus

430 1246 594 1285 aures
638 1232 960 1287 ferientibus
1006 1235 1252 1288 tenacius
1279 1236 1589 1298 adhrerent;
1616 1255 1679 1293 ac
1709 1241 1752 1293 si
1794 1258 1897 1294 non
1944 1242 2010 1295 li-

429 1335 550 1378 ceat
593 1336 827 1393 quatuor
856 1342 950 1395 per
984 1327 1068 1381 bis
1101 1329 1207 1381 duo
1238 1330 1567 1397 signiﬁcare,
1599 1343 1691 1386 aut
1734 1333 2008 1403 simplices

428 1414 606 1469 lineas
649 1427 849 1471 tectas.
885 1415 1091 1472 Similis
1134 1419 1303 1482 enim,
1335 1421 1444 1472 imo
1474 1422 1664 1476 eadem
1713 1434 1860 1487 sunt,
1890 1425 2007 1479 sive

426 1510 552 1577 quis
602 1510 904 1563 secundum
949 1512 1240 1565 Cretenses
1285 1512 1536 1565 matriam
1574 1512 1745 1577 dicat,
1779 1515 1893 1572 sive
1923 1532 2007 1572 se-

426 1602 666 1653 cundum
710 1616 808 1655 nos
847 1603 1103 1669 patriam,
1137 1612 1189 1656 et
1218 1603 1297 1657 sic
1321 1604 1389 1656 de
1416 1604 1651 1659 cteteris.
1685 1606 1761 1661 Ne
1789 1608 2002 1678 singula

424 1708 834 1758 recenseamus,
871 1695 1149 1749 sciendum
1177 1712 1276 1748 cur
1304 1696 1483 1750 verbis
1514 1706 1572 1752 et
1599 1699 1849 1754 sensibus
1878 1710 2000 1755 uta-

2120 493 2238 547 θεῖα
2266 499 2404 549 νοεῖν
2431 496 2740 561 ἐθελόντων,
2764 496 2877 549 ἀλλ’
2902 497 3123 550 ἐκείνων
3146 497 3253 549 τῶν
3284 498 3414 560 τοὺς
3443 497 3587 567 ήχονς
3608 496 3671 547 δε-

2117 588 2362 658 χομένων
2394 590 2554 660 μέχρι
2582 590 2689 642 τῶν
2710 589 2884 654 ὢτων,
2915 592 3007 643 καί¹
3035 591 3354 654 ἀδιαϐάτους
3380 589 3566 656 ἔξωθεν
3588 591 3670 661 τῆς

2116 679 2293 751 ψυχῆς
2325 681 2658 751 συνεχόντων
2693 682 2905 747 αὐτοὺς,
2938 683 3032 736 καὶ
3067 682 3140 754 μὴ
3191 683 3454 737 θελόντων
3483 684 3668 744 εἰδέναι,

2115 769 2194 822 ὅτι
2240 771 2334 823 καὶ
2373 770 2460 823 διὰ
2511 771 2844 844 ἰσοδυνόιμων
2888 774 3087 840 λέξεων
3150 774 3282 827 πολὺ
3336 775 3400 828 τὸ
3459 776 3669 846 χαμηλὸν

2114 861 2351 931 ἐχουσῶν
2379 864 2441 916 οὐ
2482 862 2802 933 κωλυόμεθα
2852 866 3114 934 ἐκφωνεῖν
3141 866 3241 929 τὰς
3289 866 3441 930 θείας
3490 867 3665 933 λέξεις·
3710 902 3711 905 η

2114 956 2576 1026 προσπασχόντων
2604 956 2660 1008 δὲ
2687 958 2928 1028 ἀνοήτως
2955 958 3237 1029 στοιχείοις
3261 961 3357 1012 καὶ
3382 960 3569 1026 λέξεσι,
3593 962 3670 1014 καὶ

2115 1048 2403 1112 συλλαϐαῖς
2433 1050 2505 1119 μὴ
2535 1049 2939 1115 διαϐαινούσαις
2965 1052 3043 1115 εἰς
3073 1052 3271 1124 ψυχὴν,
3302 1054 3419 1107 ἀλλ’
3448 1053 3546 1120 ἔξω
3586 1073 3668 1106 που

2111 1140 2241 1210 περὶ
2271 1140 2340 1193 τὰ
2370 1134 2483 1193 ὦτα
2508 1140 2920 1212 περιηκούσαις,
2954 1141 3141 1215 ὥσπερ
3162 1145 3210 1196 εἰ
3251 1144 3324 1215 μὴ
3357 1139 3425 1214 ἦν
3460 1142 3568 1207 ἐξὸν
3594 1144 3670 1197 τὸν

2109 1230 2351 1303 τέσσαρα
2393 1233 2567 1284 εἰπεῖν
2617 1232 2705 1285 διὰ
2753 1232 2850 1286 τοῦ
2896 1233 2977 1297 δὶς
3005 1234 3179 1305 sum;
3213 1234 3283 1288 τά
3331 1235 3670 1307 εὐθύγραμμα

2108 1323 2467 1395 ὁρθόγραμμα
2487 1360 2503 1377 .
2528 1325 2727 1394 Ὅμοια
2746 1324 2856 1398 γὰρ
2877 1326 3059 1380 καὶτά
3088 1328 3300 1400 αὑτά,ἢ
3334 1329 3436 1399 τὴν
3468 1329 3672 1400 μητρίδα

2109 1414 2249 1469 κατά
2282 1417 2410 1480 τοὺς
2451 1418 2678 1489 Κρῆτας
2712 1418 2951 1489 πατρίδα
2998 1421 3169 1474 εἰπεῖν
3222 1421 3345 1474 καθ’
3396 1423 3556 1492 ὑμᾶς,
3592 1422 3673 1474 καὶ

2105 1505 2295 1568 τᾶλλα,
2314 1507 2400 1559 ἵνα
2431 1507 2505 1579 μὴ
2532 1509 2653 1562 καθ’
2671 1510 2899 1565 ἕκαστον
2922 1511 3307 1584 διατρίϐωμεν,
3326 1514 3450 1566 δέον
3477 1514 3670 1573 εἰδέναι,

2106 1598 2188 1651 ὅτι
2214 1602 2327 1663 τοῖς
2356 1599 2535 1668 λόγοις
2578 1601 2666 1655 διὰ
2713 1602 2816 1667 τὰς
2855 1604 3133 1676 αἰσθήσεις
3175 1604 3460 1676 χρώμεθα.
3506 1605 3673 1658 Ἦνίκα

2106 1690 2215 1762 γὰρ
2234 1693 2324 1745 τὸν
2356 1696 2688 1765 προφορικὸν
2708 1696 2897 1750 τοῦτον
2920 1697 3076 1766 λόγον
3108 1697 3370 1769 κινοῦμεν
3397 1700 3526 1771 περί
3549 1717 3672 1764 τινος

425 1801 569 1839 mur.
622 1784 851 1853 Quando
902 1786 1047 1839 enim
1095 1800 1403 1840 Sermonem
1450 1788 1541 1857 qui
1598 1792 1987 1857 pronuntiatur,

2123 1783 2209 1836 τῶν
2244 1784 2535 1856 αἰσθητῶν,
2576 1788 2697 1840 τότε
2743 1787 2943 1854 λέξεων
2993 1790 3087 1842 καὶ
3115 1790 3347 1861 γραφῶν
3387 1792 3485 1843 καὶ
3522 1791 3674 1860 λόγων

424 1893 707 1931 movemus
734 1877 800 1930 de
830 1877 1015 1932 sensili
1050 1879 1257 1947 aliquo,
1289 1892 1399 1933 tum
1430 1881 1767 1939 dictionibus
1791 1895 1846 1939 et
1871 1886 2002 1940 scri-

420 1971 597 2039 pturis
643 1978 696 2022 et
742 1969 924 2025 verbis
966 1986 1100 2039 opus
1134 1971 1399 2027 habemus
1422 1974 1488 2027 ad
1515 1973 1654 2041 ejus,
1687 1979 1831 2045 quod
1862 1979 1998 2033 dici—

422 2074 531 2126 tur,
566 2063 1013 2121 declarationem.
1042 2064 1098 2118 Si
1144 2073 1327 2120 autem
1378 2066 1567 2121 anima
1619 2083 1647 2122 a
1703 2070 1883 2140 seipsa
1930 2074 1998 2129 ad

418 2154 781 2225 intelligibilia
827 2167 1114 2221 movetur;
1156 2157 1211 2211 in
1263 2158 1434 2213 reetis
1466 2162 1877 2229 operationibus
1902 2180 1998 2218 su-

416 2248 605 2316 perﬂui
633 2257 909 2302 suntcum
972 2245 1267 2305 sensil.bus
1313 2266 1530 2319 sensus,
1564 2254 1813 2308 sublimia
1851 2257 1994 2312 enim

415 2344 767 2413 imaginatur.
800 2343 1027 2409 Quando
1056 2354 1236 2401 autem
1269 2347 1552 2401 deil'ormis
1584 2347 1778 2404 eﬂ‘ecta
1828 2350 1996 2407 fuerit

414 2434 814 2488 elevationibus
846 2434 1113 2503 paulatim
1148 2437 1466 2505 proﬁciens,
1501 2448 1668 2508 atque
1705 2455 1803 2508 per
1832 2441 1996 2510 igno-

415 2530 527 2574 tam
558 2523 814 2576 unionem
837 2523 1233 2579 intellectioues
1253 2541 1381 2581 suas
1405 2526 1457 2581 in
1484 2526 1766 2584 inaccesso
1793 2529 1996 2589 lumine

416 2612 688 2677 habuerit,
726 2621 836 2667 tum
885 2614 1054 2668 etiam
1090 2615 1458 2687 intelligibiles
1485 2621 1838 2689 operationes
1869 2633 1996 2677 sunt

414 2702 721 2772 superfluae,
754 2707 894 2760 sicut
923 2714 976 2760 et
1007 2721 1217 2771 sensus,
1254 2710 1511 2777 quoniam
1564 2713 1647 2767 bis
1675 2715 1994 2771 sublimiora

410 2800 619 2866 cogitat
652 2801 830 2853 anima
855 2800 968 2870 jam
1002 2801 1112 2856 Deo
1159 2804 1333 2856 unita.
1361 2804 1527 2875 399
1556 2807 1779 2873 Quando
1808 2818 1992 2865 autem

414 2906 569 2946 mens
591 2892 738 2945 lmmi
774 2894 1013 2963 repentia
1041 2909 1135 2949 seu
1171 2897 1456 2950 terrestria
1485 2899 1833 2965 imaginatur,
1854 2912 1908 2957 et
1938 2904 1992 2957 in

409 2983 597 3039 sensili
631 2982 814 3052 aliquo
852 2984 1055 3037 moveri
1090 2987 1295 3050 studet,
1334 2998 1463 3042 tunc
1488 2988 1752 3045 clariores
1785 3006 1994 3047 sermo-

412 3091 531 3139 nes,
560 3084 614 3128 et
653 3091 774 3145 qua:
815 3076 867 3130 in
906 3076 1069 3130 rebus
1100 3076 1405 3147 visibilibus
1438 3081 1673 3134 maxime
1704 3083 1990 3154 perspicua

407 3177 555 3229 sunt,
589 3168 821 3234 seligere
848 3177 1086 3236 oportet,
1114 3171 1319 3239 quippe
1353 3171 1564 3243 quando
1592 3172 1680 3224 illa
1722 3188 1845 3241 quae
1866 3190 1991 3230 sen-

405 3260 559 3313 sibus
584 3258 792 3326 objecta
817 3270 944 3314 sunt
976 3262 1199 3316 minime
1232 3262 1461 3331 liqueat,
1488 3272 1544 3317 et
1576 3263 1809 3319 obseura
1840 3268 1992 3323 exsi-

406 3358 583 3416 stunt,
618 3361 730 3405 tum
776 3352 967 3421 utique
999 3368 1192 3408 sensus
1225 3369 1287 3407 ea
1316 3369 1436 3423 quae
1472 3367 1789 3423 occurrunt,
1819 3360 1988 3414 menti

405 3444 691 3511 porrigere
724 3460 828 3498 non
862 3454 1017 3499 recte
1051 3453 1325 3512 poterunt.

476 3534 504 3605 §
538 3534 648 3588 Xll.
693 3536 799 3590 Sed
841 3552 910 3592 ne
955 3537 1071 3592 lucc
1113 3537 1297 3593 dicere
1336 3538 1618 3595 videamur
1661 3541 1728 3595 ad
1769 3541 1987 3599 divinas

406 3625 724 3694 Scripturas
746 3629 1140 3696 immutandas,
1160 3631 1390 3701 agedum
1424 3646 1492 3686 ex
1520 3633 1652 3702 ipsis
1679 3633 1988 3706 Scripturis

405 3722 618 3776 a'moris
665 3736 862 3777 nomen
901 3733 1235 3778 astruamus.
1259 3725 1491 3779 Adducit
1526 3726 1765 3794 igiturin
1791 3738 1984 3784 testem

402 3813 579 3881 ipsum
628 3813 977 3870 Salomonem
1009 3824 1063 3870 et
1092 3832 1349 3887 magnum
1381 3817 1647 3889 lgnatium
1669 3860 1684 3886 ,
1716 3829 1772 3876 et
1808 3822 1985 3879 denuo

402 3906 792 3976 Salomonem,
836 3907 990 3977 cujus
1032 3910 1195 3964 etiam
1235 3913 1403 3965 verba
1449 3912 1754 3969 divinorum
1806 3915 1984 3973 intro-

402 4000 689 4057 ductiones
722 4000 1067 4056 oraculorum
1094 4010 1149 4057 et
1180 4003 1401 4058 umbras
1428 4004 1618 4074 gratia:
1641 4020 1760 4060 esse
1785 4007 1978 4075 tradit;

400 4104 470 4144 ne
507 4088 638 4158 quid
668 4092 829 4160 igitur
857 4106 956 4146 nos
1014 4092 1067 4146 in
1105 4092 1207 4146 hoc
1234 4102 1439 4147 terreat
1470 4091 1550 4148 vel
1578 4095 1878 4164 perturbet,
1908 4098 1984 4150 si-

399 4181 619 4249 quidem
676 4183 912 4252 theologi
972 4198 1263 4237 commune
1328 4194 1555 4240 censent
1608 4201 1731 4242 esse
1784 4202 1979 4243 nomen

399 4275 603 4330 amoris
632 4284 687 4330 et
730 4276 1068 4342 dilectionis;
1100 4277 1400 4344 quinetiam
1440 4277 1685 4332 nonnulli
1745 4279 1980 4334 divinius

398 4383 520 4424 esse
550 4379 745 4437 putant
774 4385 967 4425 nomen
993 4370 1217 4435 amoris,
1245 4379 1504 4438 tanquam
1542 4370 1841 4438 occultius,
1874 4372 1980 4429 sic-

397 4472 460 4516 ut
506 4462 674 4517 etiam
723 4463 895 4531 magis
947 4462 1232 4517 absonum.
1267 4462 1540 4529 Quantum
1579 4463 1724 4517 enim
1762 4464 1978 4521 videtur

396 4554 658 4609 indecens
686 4563 742 4609 et
771 4552 971 4608 divinis
1025 4568 1131 4607 non
1165 4553 1521 4621 conveniens,
1550 4562 1759 4611 tantum
1804 4566 1889 4612 est
1924 4567 1980 4613 et

397 4646 710 4712 occultum,
755 4648 883 4702 dum
931 4647 1224 4716 quaerimus
1260 4647 1534 4717 quomodo
1587 4656 1643 4702 et
1692 4665 1855 4719 quam
1910 4651 1979 4707 ob

400 4755 621 4795 causam
653 4740 732 4796 sic
760 4750 1005 4796 vocetur.
1034 4740 1168 4794 Cum
1202 4740 1306 4795 hoc
1333 4739 1549 4810 itaque,
1584 4750 1645 4796 ut
1675 4741 1842 4795 Deum
1881 4742 1976 4797 de-

398 4840 508 4897 cet,
537 4847 567 4885 a
601 4832 759 4887 nobis
791 4832 996 4885 dictum
1032 4831 1127 4897 sit,
1156 4830 1349 4900 vulgus
1377 4830 1691 4897 hominum,
1712 4846 1838 4886 cum
1866 4824 1976 4887 non

394 4926 574 4995 capiat
603 4925 1040 4978 uniformitatem
1083 4924 1335 4977 amatorii
1384 4923 1622 4976 nominis
1652 4922 1851 4988 divini,
1890 4923 1976 4978 vel

392 5016 694 5072 secundum
727 5031 890 5085 quam
925 5016 1067 5068 Deus
1101 5024 1251 5068 amat
1303 5013 1507 5081 omnia,
1534 5015 1627 5082 qui
1662 5024 1747 5069 est
1785 5015 1979 5069 unicus

394 5120 449 5165 et
490 5109 754 5179 simplex;
783 5119 841 5162 et
878 5124 1043 5177 supra
1076 5108 1263 5163 omnia
1319 5122 1493 5173 amor,
1524 5122 1699 5177 neque
1727 5116 1812 5161 est
1838 5107 1968 5161 divi-

394 5218 489 5259 sus
521 5203 574 5257 in
606 5203 743 5256 ﬁnes
776 5201 1008 5265 multos,
1055 5202 1149 5254 sed
1194 5200 1246 5254 in
1304 5215 1472 5253 unum
1497 5239 1513 5264 ,
1560 5200 1686 5253 dum
1725 5200 1976 5254 omnibus

393 5298 533 5353 bene
577 5296 743 5364 facit;
790 5296 878 5351 vel
926 5294 1228 5349 secundum
1270 5311 1430 5363 quam
1466 5309 1563 5350 nos
1608 5295 1780 5372 ipsum
1826 5310 1975 5347 ama-

391 5405 550 5458 mus;
587 5405 714 5443 nam
745 5390 911 5443 etiam
946 5388 1035 5441 hic
1062 5402 1217 5442 amor
1248 5388 1391 5441 illius
1414 5387 1702 5441 uniformis
1728 5400 1849 5439 esse
1873 5386 1970 5441 de-

391 5484 506 5548 bet,
550 5481 705 5550 juxta
750 5481 921 5536 illud:
955 5480 1151 5549 Diliges
1190 5480 1477 5534 Dominum
1515 5479 1684 5532 Deum
1732 5488 1879 5531 tuum
1906 5496 1971 5533 ea:
2015 5546 2024 5560 _

378 5580 504 5624 .tota
526 5581 694 5625 mente
713 5581 830 5635 tua,
858 5586 905 5625 et
934 5585 999 5623 ea:
1034 5581 1142 5622 tota
1172 5570 1352 5623 anima
1376 5582 1489 5637 tua,
1528 5581 1574 5623 et
1610 5584 1675 5623 ea:
1704 5570 1824 5623 totis
1848 5572 1971 5623 viri-

391 5662 487 5715 bus
517 5662 683 5728 tuin,
716 5662 789 5717 ita
821 5673 881 5717 ut
914 5662 966 5717 in
998 5662 1177 5715 anima
1225 5662 1354 5715 nulli
1378 5663 1558 5732 ,alteri
1591 5662 1766 5717 amori
1816 5660 1966 5718 locus

475 5779 500 5812 ³
528 5774 682 5829 Deut.
706 5790 781 5841 γι,
813 5776 867 5842 5;
899 5775 1087 5832 Matth.
1120 5792 1254 5843 χχιι,
1282 5778 1369 5834 57.

2102 1874 2332 1946 δεόμεθα
2372 1877 2509 1949 πρὸς
2556 1878 2787 1950 δήλωσιν
2830 1879 2925 1933 τοῦ
2968 1881 3328 1954 καλουμένου.
3386 1884 3451 1937 Εἰ
3496 1884 3549 1936 δὲ
3594 1886 3673 1953 ἀφ’

2101 1968 2297 2041 ἑαυτῆς
2338 1973 2371 2041 ἡ
2405 1971 2551 2043 ψυχὴ
2578 1973 2716 2045 πρὸς
2750 1974 2817 2026 τὰ
2850 1975 3015 2044 νοητά
3047 1979 3276 2029 κινεῖται
3325 1976 3415 2029 διά
3443 1977 3549 2030 τῶν
3592 1980 3673 2047 ὀρ-

2102 2061 2210 2115 θῶν
2236 2064 2547 2136 ἐνεργειῶν,
2582 2067 2833 2137 περιτταὶ
2867 2067 3003 2137 μετά
3031 2069 3142 2121 τῶν
3186 2069 3471 2139 αἰσθητῶν
3510 2073 3561 2123 αἰ
3604 2074 3676 2124 αἱ-

2101 2155 2320 2227 σθήσεις
2344 2173 2357 2185 ·
2402 2156 2584 2229 ὑψηλά
2619 2157 2728 2230 γάρ
2758 2159 3105 2229 φαντάζεται.
3145 2162 3312 2215 Ὅταν
3355 2164 3414 2216 δὲ
3461 2164 3676 2237 θεοειδὴς

2099 2248 2323 2318 γένηται
2370 2249 2755 2319 προκύπτουσα
2807 2254 2928 2314 ταῖς
2978 2250 3114 2322 μετὰ
3153 2252 3351 2322 μικρὸν
3399 2254 3675 2307 ἀνατάσεσι

2098 2340 2192 2394 καὶ
2212 2340 2280 2393 δι’
2304 2339 2548 2405 ἐνώσεως
2580 2341 2856 2410 ἀγνώστου
2886 2343 3022 2416 πρὸς
3046 2344 3107 2397 τὸ
3130 2344 3431 2418 ἀπρόσιτον
3456 2346 3567 2416 φῶς
3586 2346 3675 2412 τὰς

2097 2432 2353 2496 ἐπιϐολάς
2385 2432 2505 2507 ἔχῃ,
2533 2432 2652 2486 τότε
2684 2435 2778 2487 καὶ
2807 2437 2861 2488 αἰ
2903 2437 3087 2509 νοεραὶ
3122 2437 3400 2509 ἐνέργειαι
3446 2439 3675 2510 περιτταί

2097 2525 2255 2588 εἰσιν,
2292 2524 2367 2588 ὡς
2394 2527 2488 2578 καὶ
2518 2527 2572 2578 αἰ
2599 2526 2900 2599 αἰσθήσεις,
2929 2528 3113 2601 ἐπειδὴ
3136 2530 3203 2583 τὰ
3232 2530 3544 2602 ὑψηλότερα
3565 2530 3675 2584 τού-

2094 2632 2204 2668 των
2232 2617 2265 2688 ή
2294 2616 2440 2687 ψυχὴ
2470 2615 2777 2679 διανοεῖται,
2806 2617 2988 2671 λοιπὸν
3036 2620 3291 2691 ἡνωμένη
3340 2620 3484 2690 Θεῷ.
3520 2622 3673 2673 Ὅταν

2094 2711 2153 2765 δὲ
2199 2715 2227 2766 ὁ
2260 2713 2384 2776 νοῦς
2414 2710 2728 2783 χαμαίζηλα
2769 2711 3071 2782 φαντασθῇ,
3108 2713 3203 2765 καὶ
3228 2713 3359 2784 περί
3402 2729 3547 2776 τινος
3578 2712 3674 2765 ἀπὸ

2094 2808 2201 2861 τῶν
2252 2806 2528 2879 αἰσθητῶν
2582 2807 2786 2879 σπεύδῃ
2828 2805 3138 2875 κινηθῆναι,
3167 2806 3289 2858 τότε
3344 2808 3476 2871 τοὺς
3525 2826 3671 2876 σαφε-

2096 2898 2317 2969 στέρους
2344 2897 2535 2966 λόγους
2580 2898 2674 2950 καὶ
2716 2897 2784 2949 τὰ
2830 2896 3131 2967 τρανότερα
3168 2897 3278 2950 τῶν
3326 2899 3543 2969 ὁρατῶν
3579 2898 3670 2968 χρὴ

2094 2991 2473 3060 ἐπιλέγεσθαι·
2498 2992 2630 3044 διότι
2656 2990 3005 3061 ἀτρανώτων,
3028 2992 3122 3044 καὶ
3150 2991 3364 3062 ἀδήλων
3384 2992 3498 3046 τῶν
3520 3012 3672 3065 παρα·

2095 3082 2361 3152 κειμένων
2390 3084 2507 3145 ταῖς
2539 3080 2852 3151 αἰσθήσεσιν
2877 3080 3045 3133 ὄντων
3076 3081 3195 3134 οὐδὲ
3220 3080 3363 3134 αὐτά
3400 3084 3458 3135 αἰ
3492 3082 3668 3154 αἰσθή-

2098 3191 2211 3238 σεις
2242 3174 2559 3246 δυνήσονται
2599 3173 2780 3238 καλῶς
2821 3175 3168 3246 παραστῆσαι
3209 3172 3289 3244 τῷ
3318 3174 3398 3246 νῷ
3439 3175 3510 3229 τά
3554 3176 3671 3229 ὑπο-

2094 3266 2342 3338 κείμενα.

2164 3536 2191 3607 §
2231 3539 2347 3591 XII.
2390 3538 2536 3609 Πλὴν
2584 3540 2672 3594 ἵνα
2724 3537 2799 3609 μὴ
2848 3534 3096 3608 δοκῶμεν
3128 3536 3566 3608 παρακινοῦντες
3608 3536 3669 3590 τὰ

2092 3628 2210 3681 θεῖα
2241 3628 2415 3696 λόγια,
2450 3630 2549 3697 ἄγε
2577 3629 2685 3683 ἀπὸ
2720 3628 2829 3683 τῶν
2872 3627 3106 3699 Γραφῶν
3138 3630 3587 3700 παραστήσωμεν
3615 3630 3668 3681 τὸ

2088 3720 2182 3774 τοῦ
2215 3721 2415 3792 ἔρωτος
2454 3722 2644 3793 ὄνομα.
2680 3721 2838 3792 Φέρει
2872 3718 3005 3789 γοῦν
3038 3719 3128 3772 τὸν
3162 3720 3493 3790 Σολομῶντα
3543 3722 3668 3791 μάρ-

2086 3832 2225 3885 τυρα
2250 3854 2264 3879 ,
2296 3816 2390 3868 καὶ
2422 3814 2514 3867 τὸν
2546 3814 2718 3885 μέγαν
2755 3814 3011 3881 Ἰγνάτιον
3032 3829 3045 3842 ’
3082 3814 3178 3865 καὶ
3206 3812 3373 3867 πάλιν
3407 3815 3500 3867 τὸν
3529 3813 3669 3866 Σολο-

2091 3906 2277 3977 μῶντα
2300 3947 2314 3971 ,
2349 3901 2409 3960 οὗ
2437 3908 2531 3960 καὶ
2566 3906 2634 3960 τὰ
2671 3908 2891 3978 ῥήματα
2920 3906 3345 3978 προεισαγωγὰς
3376 3908 3490 3962 τῶν
3523 3906 3669 3961 θείων

2086 3998 2277 4067 λογίων
2312 3998 2511 4069 φησὶν,
2553 3998 2630 4062 ὡς
2671 3998 2829 4061 σκιὰς
2859 3999 2958 4069 τῆς
2992 4000 3215 4069 χάριτος
3239 4017 3253 4031 ⁸
3297 4000 3443 4055 ὥστε
3491 4002 3563 4072 μή
3592 4016 3668 4063 τις

2085 4093 2232 4163 ἡμᾶς
2263 4091 2636 4162 δεδιττόμενος
2666 4090 2761 4144 καὶ¹
2790 4090 3040 4159 ἐκφοϐῶν
3074 4091 3378 4163 θορυϐείτω
3403 4095 3534 4164 περὶ
3558 4092 3669 4145 τοὺ-

2083 4200 2212 4236 του·
2252 4185 2300 4236 οἰ
2329 4183 2438 4254 γὰρ
2477 4183 2715 4253 θεολόγοι
2765 4182 2944 4237 κοινὸν
2978 4183 3150 4256 ὄνομα
3181 4185 3429 4239 τίθενται
3473 4186 3536 4238 τὺ
3581 4186 3668 4253 τῆς

2082 4276 2304 4349 ἀγάπης
2329 4277 2423 4330 καὶ
2453 4277 2514 4330 τὸ
2545 4276 2638 4329 τοῦ
2666 4276 2867 4349 ἔρωτος
2898 4317 2913 4340 ,
2938 4277 3082 4340 τινες
3103 4276 3159 4329 δὲ
3183 4277 3395 4329 τούτων
3420 4278 3517 4330 καὶ
3539 4276 3667 4330 θειό-

2081 4386 2237 4439 τερον
2259 4368 2432 4439 ὄνομα
2458 4369 2695 4422 τίθενται
2720 4368 2782 4421 τὸ
2799 4368 2892 4421 τοῦ
2923 4368 3145 4438 ἐρωτος,
3168 4367 3245 4432 ὡς
3273 4370 3666 4440 κρυφιωδέστε-

2086 4478 2196 4533 ρον,
2232 4460 2367 4514 καθὸ
2398 4461 2493 4514 καὶ
2519 4460 2883 4531 ἀτοπώτερον.
2911 4462 3073 4513 Ὅσον
3112 4460 3222 4531 γὰρ
3262 4461 3519 4533 ἀπρεπὲς
3559 4461 3669 4531 φαί-

2087 4570 2236 4606 νεται
2260 4552 2354 4606 καὶ
2382 4554 2493 4616 τοῖς
2539 4551 2701 4616 θείοις
2724 4552 2947 4624 ἀπᾷδον,
2975 4551 3229 4606 τοσοῦτόν
3259 4556 3377 4606 ἐστι
3414 4557 3514 4609 καὶ
3545 4553 3667 4625 κρέ-

2087 4665 2210 4717 φιον
2230 4687 2245 4711 ,
2278 4646 2583 4718 ζητούντων
2610 4646 2766 4718 ήμῶν
2788 4687 2803 4711 ,
2834 4647 2981 4711 ὅπως
3024 4647 3116 4699 καὶ
3153 4645 3220 4701 δι’
3244 4646 3316 4717 ἣν
3354 4647 3460 4719 τὴν
3502 4646 3669 4699 αἰτίαν

2085 4740 2226 4793 οὕτω
2246 4739 2482 4809 λέγεται.
2507 4739 2710 4792 Τούτου
2735 4738 2865 4808 γοῦν
2891 4737 3208 4808 θεοπρεπῶς
3241 4740 3373 4810 παρ’
3402 4741 3438 4809 ή
3447 4738 3565 4809 μῶν
3593 4737 3669 4788 λε-

2084 4836 2317 4907 γομένου
2344 4876 2359 4901 ,
2394 4834 2462 4888 τά
2497 4834 2676 4907 πλήθη
2714 4832 2788 4905 μὴ
2837 4834 3162 4905 χωρήσαντα
3196 4831 3261 4885 τὸ
3304 4832 3546 4895 ἐνοειδές
3581 4830 3668 4899 τῆς

2083 4929 2355 5001 ἐρωτικῆς
2380 4927 2703 4998 θεωνυμίας,
2729 4926 2761 4996 ἢ
2782 4924 2902 4979 καθ’
2926 4925 2993 4995 ἣν
3015 4927 3043 4978 ὁ
3066 4923 3197 4987 Θεὸς
3229 4925 3334 4995 ἐρᾷ
3359 4923 3475 4976 τῶν
3506 4920 3668 4976 anav—

2081 5040 2209 5085 των,
2238 5023 2266 5073 ὁ
2288 5023 2486 5084 ἐνιαῖος
2505 5059 2519 5084 ,
2548 5019 2643 5073 καὶ
2671 5016 2910 5082 ἁπλοῦς,
2943 5016 3039 5070 καὶ
3063 5015 3205 5086 ὑπὲρ
3240 5016 3354 5069 πᾶν
3399 5015 3547 5084 ἔρως
3585 5011 3667 5065 καί

2084 5110 2159 5181 μὴ
2185 5110 2580 5180 ἐσκεδασμένος
2608 5109 2688 5170 εἰς
2729 5105 2857 5178 τέλη
2900 5104 3071 5158 πολλὰ
3092 5144 3106 5168 ,
3149 5102 3265 5157 ἀλλ’
3304 5105 3388 5167 εἰς
3420 5103 3482 5155 ἓν
3515 5101 3576 5154 τὸ
3604 5096 3665 5149 τὰ

2080 5203 2258 5256 πάντα
2288 5201 2684 5271 ἀγαθοποιῆσαι
2706 5238 2720 5262 ,
2756 5198 2789 5270 ἢ
2826 5198 2946 5252 καθ’
2976 5197 3042 5269 ἣν
3082 5196 3300 5267 ἐρῶμεν
3347 5194 3517 5249 αὐτοῦ
3538 5211 3552 5225 ⁸
3580 5190 3665 5244 καὶ

2077 5291 2229 5358 οὗτος
2258 5294 2367 5365 γὰρ
2395 5294 2423 5344 ὁ
2447 5290 2585 5361 ἔρως
2608 5288 2771 5343 αὐτοῦ
2793 5288 3028 5359 ἐνοειδής
3051 5286 3331 5355 ὀφείλεται
3356 5282 3500 5340 εἶναι
3533 5282 3664 5338 κατὰ.

2077 5388 2139 5440 τό
2161 5404 2175 5418 -
2195 5382 2552 5456 Ἀγαπήσεις
2571 5382 2789 5449 Κύριον
2818 5382 2923 5435 τὸν
2940 5381 3088 5435 Θεόν
3116 5395 3234 5434 σου
3271 5379 3345 5443 ἐξ
3380 5379 3537 5446 ὅλης
3565 5374 3661 5440 τῆς

2078 5479 2345 5543 διανοίας
2371 5493 2509 5537 σου,
2535 5474 2634 5527 καὶ
2660 5473 2728 5537 ἐξ
2759 5472 2910 5541 ὅλης
2940 5472 3050 5541 τῆς
3073 5471 3285 5542 ψυχῆς
3304 5488 3447 5536 σου,
3473 5469 3569 5523 καί
3596 5464 3659 5528 ἐξ

2078 5570 2228 5637 ὅλης
2256 5569 2365 5637 τῆς
2390 5566 2602 5635 ἰσχύος
2626 5580 2766 5629 σου,
2789 5566 2862 5637 μὴ
2885 5565 3099 5636 ἔχοντος
3120 5564 3307 5635 χώραν
3326 5563 3519 5636 ἐτέρου
3539 5560 3659 5629 ἐρω-

2077 5681 2167 5728 τος
2200 5665 2257 5718 ἐν
2289 5664 2356 5733 τῇ
2384 5659 2478 5713 τοῦ
2514 5658 2648 5713 Θεοῦ
2677 5655 2860 5732 ἐρώσῃ
2881 5658 3045 5729 ψυχῇ.
3079 5656 3300 5728 Ταύτην
3323 5652 3420 5713 οὖν
3442 5658 3540 5731 τὴν
3572 5648 3657 5707 τοῦ
