3752 6316
104 319 195 372 ’ἴτῦ

656 310 742 366 DE
776 308 1033 364 DlVl‘NlS
1062 307 1462 373 NOMINIBUS,
1502 307 1658 364 CAP.
1694 307 1784 364 ιν.
1824 339 1892 349 -
1924 306 2138 364 PAllAI

1311 307 1462 373 BUS,
1502 307 1658 364 CAP.
1694 307 1784 364 ιν.
1824 339 1892 349 -
1924 306 2274 364 PAllAPHR.
2312 306 2791 365 PACHYMERIE.

3262 305 3368 360 ΤΗ

100 435 285 504 ἔρωτος
311 428 487 482 θεωνυ
496 428 627 500 μίαν
648 427 715 482 τὰ
737 425 917 497 πλήθη
940 425 1000 478 οὐ
1024 424 1371 496 χωρήσαντα,
1397 422 1582 491 ὲξώλισ

1891 441 2055 495 quam
2089 425 2260 479 amori
2308 426 2514 477 divino.
2568 423 2683 478 lloc
2732 422 2895 493 igitur
2945 422 3111 477 divini
3166 423 3373 475 amoris

99 525 181 578 ἐπὶ
209 523 298 575 τὸν
332 519 750 592 σωματοπρεπῆ
776 521 871 573 καὶ⁷
903 518 1233 591 διῃρημένον
1254 518 1349 570 καὶ
1385 516 1639 587 μεριστόν
1659 533 1671 546 ·

98 616 242 679 ἄλλος
267 613 379 685 γὰρ
405 612 572 668 ἄλλου
604 613 737 683 ἐρᾷ,
769 611 863 665 καὶ
892 609 1049 674 ἄλλος
1087 609 1246 664 ἄλλου
1289 609 1501 679 ἐφίεται
1535 606 1676 660 κατὰ

97 708 183 763 τὸν
213 705 454 760 τοιοῦτον
490 704 691 775 ἔρωτα,
733 702 792 767 ὃς
813 703 914 755 οὐκ
936 701 1081 755 ἔστιν
1114 701 1320 773 ἀληθὴς
1345 700 1506 772 ἔρως,
1540 698 1676 753 ἀλλά

102 801 285 872 μᾶλλον
306 800 606 872 είδωλον,ἢ
634 799 908 863 ἔκπτωσις
929 797 1024 853 τοῦ
1045 798 1191 852 θείου
1220 797 1440 870 ἔρωτος.
1460 797 1547 861 Ὠς
1567 796 1678 869 γάρ

98 894 127 961 ἠ
159 891 487 962 κομμωτικὴ
519 892 619 962 τῆς
650 890 1027 962 γυμναστικῆς
1054 889 1270 943 εἴδωλόν
1303 891 1439 952 ἐστι,
1464 890 1525 943 τὸ
1555 907 1680 959 φαι-

98 986 308 1057 νόμενον
339 984 792 1056 ὲπιχρωννύουσα
831 984 1046 1047 κάλλος,
1085 986 1223 1055 ὅπερ
1248 984 1389 1037 κατὰ
1422 983 1679 1053 ἀλήθειαν

99 1079 493 1153 ὴγυμναστικὴ
521 1082 681 1143 ποιεῖ,
704 1080 798 1133 καί
820 1082 854 1151 ἡ
890 1077 1226 1150 ὀψαρτυτικὴ
1260 1078 1361 1148 τῆς
1396 1079 1675 1151 ἰατρικῆς·

100 1173 229 1227 οὓτω
271 1173 366 1226 καὶ
414 1174 459 1224 ὁ.
501 1172 844 1242 σωματικὸς,
894 1171 1096 1243 ἔρωτος
1138 1171 1232 1224 τοῦ
1266 1171 1411 1224 θείου
1461 1170 1679 1225 εἴδωλόν

98 1268 253 1328 ἐστιν,
291 1263 539 1319 ἐκκαίων
574 1266 667 1319 καὶ
703 1259 857 1328 οὗτος
883 1265 983 1337 τὴν
1009 1264 1207 1335 ψυχὴν,
1249 1264 1364 1318 ἀλλ’
1406 1265 1488 1329 είς
1529 1264 1679 1318 οὐδὲν

98 1357 364 1428 ἀγαπητὸν
396 1357 497 1410 καὶ
534 1357 782 1429 μόνιμον,
828 1358 860 1430 ἢ
903 1356 1100 1427 μᾶλλον
1131 1356 1405 1421 ἔκπτωσις
1425 1374 1438 1387 ’
1472 1359 1680 1422 ἐκεῖνος

97 1450 194 1523 γάρ
223 1453 251 1504 ὁ
270 1450 415 1514 θεῖος
451 1451 595 1522 ἔρως
629 1451 827 1514 οἰκεῖός
856 1452 972 1502 ἐστι
1005 1452 1071 1520 τῇ
1107 1449 1251 1520 ψυχῇ
1273 1491 1288 1514 ,
1313 1444 1467 1514 οὗτος
1498 1450 1555 1504 δὲ
1589 1450 1682 1504 ἀλ-

96 1542 292 1614 λότριος
334 1544 433 1597 καὶ
476 1543 765 1606 ἀνοίκειος.
787 1541 949 1595 Ὅθεν
983 1542 1198 1612 καὶτῆς
1225 1541 1403 1613 ψυχῆς
1437 1541 1681 1611 φυσικῶς

96 1636 179 1687 καὶ
215 1634 356 1688 κατὰ
401 1634 567 1705 χάριν
601 1633 832 1704 ἐχούσης
865 1632 1114 1703 ἐφίεσθαι
1148 1633 1242 1686 τοῦ
1284 1633 1453 1697 ὅντως
1492 1632 1678 1696 καλοῦ,

97 1727 179 1778 xal.
210 1727 343 1797 πρὸς
362 1726 459 1778 τὸν
488 1724 647 1797 ζῆλον
682 1724 846 1778 αὺτοῦ
868 1723 1366 1795 διαθερμαίνεσθαι,
1402 1724 1678 1793 ἐγογίνεται

1785 534 1980 573 nomen
2018 518 2212 590 vulgus
2257 536 2361 573 non
2410 518 2741 587 intelligens,
2787 517 2853 569 ad
2896 530 3131 570 amorem
3167 529 3334 580 corpo

1786 629 1936 667 reum
1969 624 2024 667 et
2049 614 2366 668 distractum
2405 627 2469 665 ac
2503 612 2740 664 divisum
2772 610 3038 677 dilapsum
3067 617 3179 673 est;
3228 605 3371 658 alius

1783 708 1930 761 enim
1969 706 2118 760 aliud
2156 713 2339 768 amat,
2390 714 2445 758 et
2473 704 2614 757 alius
2643 704 2787 757 aliud
2820 702 3029 772 appetit
3066 701 3365 757 secundum

1784 800 2091 855 istiusmodi
2139 814 2418 862 amorem,
2453 799 2544 868 qui
2585 811 2690 850 non
2722 806 2806 850 est
2848 812 3007 850 verus
3047 811 3223 859 amor,
3267 795 3366 851 sed

1785 892 1961 962 magis
2005 891 2357 945 simulacrum
2398 891 2479 943 vel
2530 888 2806 960 prolapsio
2836 888 2903 942 ab
2927 904 3115 944 amore
3157 889 3340 942 divino

1787 982 1939 1037 Sicut
1965 982 2110 1037 enim
2160 995 2252 1035 ars
2290 980 2503 1035 fucandi
2550 980 2899 1034 simulacrum
2947 987 3031 1032 est
3078 980 3213 1033 artis
3264 994 3366 1048 gy-

1784 1074 2094 1141 mnasticae,
2127 1074 2255 1128 dum
2283 1072 2412 1127 fuco
2441 1073 2640 1128 coloris
2667 1073 3123 1142 pulchritudinem
3164 1073 3333 1127 menti

1788 1179 1900 1231 tur,
1925 1182 2090 1237 quam
2141 1179 2334 1221 revera
2377 1181 2467 1220 ars
2510 1164 2849 1219 exercitandi
2881 1174 2933 1217 et
2956 1164 3223 1217 culinaria
3255 1178 3370 1219 me-

1784 1257 1967 1311 dicina
2002 1255 2324 1323 confernnt;
2383 1256 2462 1309 sic
2490 1255 2654 1309 etiam
2689 1271 2847 1309 amor
2876 1270 3173 1324 corporeus
3199 1255 3369 1309 simu-

1787 1349 1994 1404 lacrum
2029 1358 2114 1404 est
2139 1348 2346 1402 amoris
2377 1349 2581 1411 divini,
2635 1362 2757 1401 cum
2817 1346 2904 1401 hic
2936 1348 3100 1401 etiam
3128 1348 3368 1402 animam

1786 1439 2073 1505 accendat,
2117 1440 2210 1495 sed
2252 1440 2321 1493 ad
2367 1439 2503 1493 nihil
2547 1437 2812 1508 diligibile
2856 1454 2921 1493 ac
2963 1438 3199 1503 stabile,
3238 1439 3370 1510 quin

1787 1536 1967 1606 potius
2016 1534 2220 1588 amoris
2267 1533 2451 1600 lapsus
2498 1542 2633 1588 est:
2691 1532 2962 1602 siquidem
3016 1532 3240 1587 divinus
3285 1532 3376 1589 ille

1787 1647 1942 1684 amor
1994 1628 2248 1700 proprius
2286 1635 2373 1688 est
2424 1626 2657 1693 animaz,
2700 1627 2788 1680 liic
2835 1637 3017 1680 autem
3073 1627 3284 1683 alienus
3321 1639 3380 1684 et

1787 1732 2102 1776 extraneas.
2129 1718 2283 1774 Unde
2308 1719 2473 1772 etiam
2518 1720 2719 1772 anima:
2742 1719 3076 1783 naturaliter
3101 1729 3156 1774 et
3181 1736 3349 1776 secun

99 1818 185 1887 μὲν
222 1785 512 1888 ήιτόιαύτη
545 1785 724 1888 θέρμη
762 1816 855 1869 καὶ
893 1785 1135 1887 κίνησις·
1174 1816 1315 1887 πλὴν

1898 1831 1910 1866 l
1961 1818 2197 1884 gratiam
2241 1812 2465 1866 insitum
2500 1822 2621 1875 est,
2655 1821 2713 1864 ut
2742 1825 2931 1865 verum
2959 1811 3126 1883 4.00
3170 1814 3377 1868 bonum

96 1910 206 1973 νοῦς
223 1910 322 1980 τῆς
343 1909 614 1981 ἀληθινῆς
646 1908 899 1981 κρίσεως,
937 1909 1033 1962 καὶ
1066 1908 1132 1961 δι’
1168 1907 1398 1980 ὀρέξεως
1428 1907 1674 1977 συλαγω-

95 2003 274 2069 γεῖται,
306 2002 405 2055 καὶ
436 2001 502 2054 τὸ
532 1999 757 2071 μισητὸν
789 1999 929 2054 κατά
962 1999 1123 2069 φύσιν
1151 1998 1396 2053 ποθεινὸν
1433 2000 1668 2069 ἡγεῖται,

94 2091 176 2143 καὶ
200 2091 274 2154 ὡς
304 2091 470 2161 μένον
498 2091 561 2143 τὸ
592 2090 1000 2161 παρερχόμενον
1034 2091 1274 2162 στέργει,
1319 2089 1501 2154 καθὼς
1524 2089 1675 2161 εἴρη-

93 2198 205 2234 ται⁹
243 2182 329 2245 Ὠς
367 2180 585 2233 ἐστῶτα
628 2180 939 2249 ἐλογίσαντο
960 2219 974 2244 ,
1008 2180 1102 2234 καὶ
1128 2179 1227 2249 οὐχ
1252 2178 1329 2243 ὡς
1380 2177 1670 2248 φεύγοντα.

93 2276 192 2329 Καὶ
219 2275 380 2329 τοῦτό
409 2277 566 2328 ἐστιν
588 2276 621 2345 ἡ
651 2272 745 2327 τοῦ
770 2274 915 2327 θείου
943 2273 1144 2344 ἔρωτος
1170 2273 1461 2337 ἔκπτωσις,
1488 2273 1553 2325 ὲκ
1577 2272 1671 2325 τοῦ

95 2367 323 2431 ἀπαθοῦς
360 2370 446 2431 εἰς
478 2368 573 2421 τὸν
606 2368 848 2438 ἐμπαθῆ,
874 2369 939 2420 ἐκ
954 2366 1047 2420 τοῦ
1082 2367 1228 2420 θείου
1252 2368 1331 2430 εἰς
1358 2367 1450 2419 τὸν
1483 2384 1672 2436 σωμα-

92 2459 249 2521 τικὸν,
290 2460 357 2511 ἐκ
383 2456 484 2510 τοῦ
538 2458 700 2510 ἀῦλου
738 2460 818 2521 εἰς
860 2458 951 2513 τὸν
994 2457 1220 2529 ἔνυλονη
1256 2456 1539 2529 ἀχώρητον
1566 2458 1674 2529 γάρ

93 2545 198 2598 ἐστι
225 2547 301 2618 τῷ
328 2548 446 2601 τῶν
473 2548 687 2602 πολλῶν
716 2549 909 2619 πλήθει
940 2548 1001 2601 τὸ
1032 2524 1229 2602 ἐνιαῖὸν
1255 2548 1350 2600 τοῦ
1373 2547 1518 2600 θείου
1538 2548 1676 2619 ἔρω-

91 2654 192 2701 τος,
227 2642 320 2693 καὶ
350 2642 445 2695 διὰ
487 2641 668 2705 τοῦτο,
711 2642 787 2706 ὡς
815 2641 1236 2712 δυσχερέστερον
1272 2640 1364 2693 καί
1390 2640 1676 2712 διαϐεὖλη-

98 2729 249 2797 μένον
282 2733 379 2785 ἐπὶ
399 2733 501 2786 τοῦ
531 2731 688 2795 Θεοῦ,
711 2732 965 2786 τάττεται
996 2732 1132 2803 πρὸς
1162 2732 1223 2785 τὸ
1246 2731 1436 2798 άνάξαι
1467 2731 1679 2794 τούτοις

95 2823 165 2884 εἰς
188 2824 285 2895 τὴν
308 2826 405 2878 τοῦ
436 2825 610 2888 ὅντως
635 2824 835 2895 ἔρωτος
857 2825 1079 2893 γνῶσιν,
1107 2828 1200 2879 καὶ
1230 2824 1370 2879 ὥστε
1401 2824 1680 2895 συντόμως

94 2914 425 2987 ἀπολυθῆναι
451 2919 555 2989 τῆς
580 2917 832 2988 τοιαύτης
871 2920 1265 2990 διεψευσμένης
1292 2919 1449 2989 δόξης
1490 2920 1555 2971 ἐκ
1584 2917 1678 2970 τοῦ

92 3009 374 3072 γινώσκειν
412 3010 853 3083 διαϐεϐλημένην
892 3012 992 3085 τὴν
1026 3011 1171 3078 λέξιν
1196 3011 1289 3065 τοῦ
1314 3011 1513 3083 ἔρωτος
1535 3050 1550 3073 ,
1587 3010 1681 3063 καὶ

1777 1913 1998 1974 appetat
2045 1915 2101 1960 et
2140 1905 2207 1958 ad
2258 1902 2529 1959 fervorem
2566 1902 2685 1970 ejus
2728 1904 3060 1969 incalescat,
3109 1905 3369 1974 quoniam

1777 1997 2091 2053 istiusmodi
2118 1998 2358 2052 calorem
2392 2012 2457 2051 ac
2489 2006 2698 2051 motum
2724 1996 2947 2063 inserit;
2980 2012 3171 2049 verum
3214 2010 3369 2051 mens

1776 2106 1808 2145 a
1846 2105 1978 2145 vero
2023 2090 2237 2159 judicio
2289 2091 2552 2154 aberrat,
2621 2097 2677 2144 et
2718 2103 2816 2160 per
2863 2086 3367 2158 concupiscentiam

1778 2186 2075 2254 avertitur,
2110 2193 2167 2241 et
2200 2185 2253 2239 id
2282 2184 2427 2254 quod
2477 2183 2785 2238 secundum
2819 2190 3072 2237 naturam
3104 2181 3232 2237 odio
3272 2182 3374 2235 ha-

1780 2278 2017 2334 bendum
2052 2287 2170 2345 est,
2200 2277 2486 2332 existimat
2520 2275 2945 2331 desiderandnm
2979 2289 3101 2329 esse
3123 2315 3138 2338 ,
3160 2283 3216 2327 et
3246 2283 3370 2328 tan-

1780 2387 1943 2441 quam
1994 2371 2122 2440 quid
2174 2383 2499 2440 permanens
2548 2369 2600 2423 id
2651 2368 2796 2437 quod
2842 2366 3222 2421 transitorium
3262 2375 3369 2430 est,

1780 2463 2155 2533 amplectitur,
2214 2464 2357 2517 sicut
2389 2463 2595 2517 dictum
2638 2469 2757 2523 est,
2803 2460 2929 2531 quia
2965 2469 3223 2526 tanquam
3262 2466 3374 2512 sta-

1781 2555 1944 2610 bilem
1979 2556 2223 2619 amabat,
2256 2564 2313 2609 et
2344 2570 2449 2609 non
2485 2563 2743 2622 tanquam
2776 2550 3049 2620 fugacem.
3074 2548 3142 2603 Et
3170 2549 3262 2604 hic
3288 2558 3373 2603 est

1782 2646 1955 2700 divini
1988 2646 2191 2700 amoris
2221 2646 2428 2715 lapsus,
2458 2661 2526 2699 ex
2561 2642 2888 2712 impassibili
2932 2643 2985 2696 in
3026 2640 3371 2710 passibilem,

1782 2755 1850 2794 ex
1888 2738 2074 2793 divino
2120 2739 2175 2792 in
2223 2753 2587 2806 corporeum,
2631 2751 2699 2790 ex
2732 2735 3087 2789 immateriali
3118 2735 3170 2788 in
3208 2744 3375 2788 mulc-

1784 2830 2011 2895 rialem;
2050 2828 2191 2898 vulgi
2230 2828 2377 2882 enim
2416 2828 2571 2881 turba
2626 2842 2730 2880 non
2786 2827 2931 2895 capit
2974 2827 3197 2879 unicum
3241 2823 3372 2877 illud

1784 2920 1953 2974 divini
1985 2919 2208 2984 amoris,
2252 2928 2307 2972 et
2349 2918 2574 2980 idcirco,
2601 2926 2857 2985 tanquam
2890 2916 2942 2969 id
2994 2917 3138 2985 quod
3181 2915 3371 2968 durius

1784 3016 1855 3068 sit
1895 3023 1951 3068 et
1998 3014 2170 3083 magis
2205 3027 2431 3067 exosum
2459 3052 2474 3078 ,
2522 3013 2587 3065 de
2638 3010 2745 3064 Deo
2796 3010 3036 3079 ponitur,
3086 3022 3146 3062 ut
3181 3008 3371 3077 vulgus

92 3098 279 3167 ἥκιστα
303 3102 385 3173 τῷ
412 3101 539 3171 Θεῷ
575 3102 909 3173 πρέπουσαν.
953 3103 1109 3156 Οῦτω
1142 3103 1251 3176 γὰρ
1275 3106 1369 3158 καὶ
1410 3107 1467 3158 ἐν
1497 3108 1562 3177 τῇ

1889 3120 1938 3160 :e
1969 3105 2023 3158 in
2066 3103 2181 3158 veri
2228 3102 2429 3157 amoris
2453 3101 2820 3169 cognitionem
2851 3101 3179 3165 adducatur,
3206 3108 3371 3166 utque

95 3194 255 3265 ρανίῳ
284 3194 554 3267 ίεραρχίᾳ
584 3195 769 3265 φησὶν,
795 3196 877 3249 ὅτι
912 3195 973 3248 τὸ
1001 3196 1199 3267 μᾶλλον
1226 3193 1566 3268 ἀπεμφαῖνον
1594 3198 1683 3250 εὐ-

89 3286 240 3355 χερές
280 3290 440 3340 ἐστιν
478 3288 574 3340 ἐπὶ
610 3287 745 3341 Θεοῦ
767 3288 1056 3356 λέγεσθαι,
1084 3290 1179 3342 καὶ
1211 3290 1374 3342 πλέον
1405 3287 1497 3342 τοῦ
1522 3284 1684 3361 ἦττον

90 3377 324 3431 τοιούτου
344 3419 360 3444 ,
391 3379 473 3442 ὡς
509 3378 866 3450 ἀπαγομένης
903 3380 1153 3435 ἐντεῦθεν
1187 3382 1287 3453 τῆς
1311 3380 1547 3446 διανοίας
1590 3381 1684 3435 εὑ-

93 3470 275 3537 κόλως,
302 3474 389 3526 ὅτι
415 3473 480 3525 οὐ
510 3471 671 3524 τοῦτό
701 3475 849 3526 ἐστιν
875 3476 902 3527 ὁ
931 3473 1082 3539 Θεὸς,
1107 3474 1244 3528 ἀλλὰ
1266 3475 1409 3529 κατά
1437 3493 1558 3529 τινα
1592 3474 1685 3528 λό-

92 3578 177 3630 γον
205 3563 418 3635 ὑψηλὸν
445 3564 592 3617 οὕτω
613 3564 846 3634 λέγεται.
876 3566 971 3630 Τίς
992 3565 1101 3637 γὰρ
1128 3567 1415 3636 ὑπονοήσει
1438 3568 1529 3621 τὸν
1553 3567 1685 3621 Θεὸν

91 3654 341 3726 πάνθηρα
363 3696 379 3719 ,
409 3656 445 3727 ἦ
486 3656 715 3722 λέοντα;
754 3657 873 3722 Φῶς
916 3658 972 3711 δὲ
994 3700 1008 3723 ,
1034 3658 1069 3729 ἢ
1098 3659 1211 3731 πῦρ
1237 3701 1252 3725 ,
1282 3660 1315 3731 ἢ
1346 3658 1562 3731 πνεῦμα
1594 3661 1685 3713 ἐπὶ

92 3744 215 3799 Θεοῦ
249 3747 557 3819 λεγόμενον
586 3747 783 3818 μᾶλλον
821 3749 1005 3821 ἀπατᾷ
1040 3750 1141 3822 τὴν
1184 3750 1443 3816 διάνοιαν,
1477 3750 1686 3821 μήποτέ

91 3854 138 3888 τι
167 3839 375 3894 τούτων
404 3839 550 3893 ἐστι.
578 3840 682 3894 Τὸν
707 3841 867 3895 αὑτὸν
898 3842 1099 3913 τρόπον
1122 3843 1217 3896 καὶ
1242 3844 1337 3896 ἐπὶ
1357 3841 1453 3895 τοῦ
1484 3840 1685 3912 ἔρωτος

91 3928 182 3999 τῆς
222 3931 520 4002 ἀγάπης*’
565 3932 658 3984 ἐπὶ
688 3932 786 4002 μὲν
828 3932 963 3985 Θεοῦ
1000 3933 1063 3986 τὸ
1083 3933 1339 4005 δυσχερὲς
1370 3934 1541 4005 ὄνομα
1589 3936 1684 3989 τοῦ

90 4019 282 4090 ἔρωτος
326 4025 597 4078 τάττεται
626 4064 641 4087 ,
681 4026 767 4093 ἐφ’
808 4025 966 4096 ἡμῶν
1001 4026 1092 4091 δὲ,
1126 4025 1256 4080 ἔνθα
1293 4027 1386 4079 καὶ
1412 4026 1612 4081 ἄτοπόν
1632 4046 1685 4081 τι

94 4113 346 4179 πολλάκις
366 4112 441 4188 ἦν
463 4115 718 4186 οἰηθῆναί
744 4135 897 4181 τινας
919 4117 1031 4170 τῶν
1061 4117 1418 4192 χαμαιζήλων
1444 4122 1538 4174 καὶ
1564 4139 1687 4193 μοχ-

92 4201 283 4274 θηρῶν,
311 4209 347 4278 ή
373 4208 664 4277 ἀγάπησις
690 4207 907 4277 λέγεται
951 4210 1348 4282 εὐφημότερον,
1380 4211 1521 4266 κατὰ
1545 4212 1606 4266 τὸ
1628 4214 1686 4265 ἐν

89 4299 147 4368 τῇ
172 4298 367 4373 πρώτῃ
404 4301 520 4354 τῶν
556 4302 854 4357 Βασιλειῶν
889 4304 1039 4375 παρά
1078 4304 1175 4359 τοῦ
1210 4304 1375 4361 Δαυῒδ
1406 4306 1543 4379 πρὸς
1576 4308 1688 4361 Ἰω-

90 4388 263 4461 νάθαμ
307 4392 634 4463 λεγόμενον.
681 4394 834 4448 Ἐπεὶ
876 4398 990 4460 τοῖς
1030 4397 1206 4467 ὀρθῶς
1248 4400 1506 4454 ἀκούουσι
1551 4401 1687 4473 πρὸς

1785 3196 2111 3265 compendio
2144 3197 2211 3250 ab
2260 3195 2567 3250 iSIiusmodi
2602 3193 2736 3247 falsa
2766 3194 3026 3259 Opinione
3074 3191 3369 3254 liberetur,

1790 3291 1916 3344 dum
1954 3288 2246 3359 intelligit,
2277 3289 2445 3343 etiam
2477 3302 2703 3342 exosum
2748 3286 2883 3341 alias
2938 3285 3140 3339 amoris
3177 3298 3373 3338 nomen

1788 3396 1845 3441 et
1889 3384 2072 3440 infima
2123 3398 2354 3463 quaeque
2400 3382 2500 3451 ipsi
2552 3382 2663 3437 Deo
2718 3390 3053 3449 competere.
3098 3377 3189 3433 Sic
3224 3378 3372 3432 enim

1788 3477 1952 3531 etiam
1984 3476 2039 3530 in
2072 3475 2279 3531 Caelesti
2309 3475 2612 3529 hierarchia
2636 3473 2750 3527 ait:
2782 3491 2800 3524 ι
2828 3473 2882 3526 ld
2913 3472 3053 3541 quod
3083 3471 3255 3539 magis
3276 3470 3377 3524 ab-

1789 3583 1980 3622 sonum
2020 3577 2108 3622 est
2140 3577 2445 3638 opportune
2470 3569 2537 3621 de
2563 3565 2674 3620 Deo
2699 3566 2830 3629 dici,
2856 3579 3033 3634 eoque
3070 3564 3240 3634 magis
3262 3577 3371 3633 quo

1788 3659 1951 3713 vilius
1972 3658 2196 3726 existit;
2223 3659 2479 3728 quoniam
2522 3658 2652 3712 hinc
2685 3657 2844 3712 facile
2876 3672 3028 3711 mens
3058 3656 3372 3715 abducitur,

1790 3761 1850 3804 ut
1874 3752 2102 3821 cogitet,
2133 3751 2301 3805 Deum
2327 3768 2432 3805 non
2458 3766 2580 3806 esse
2597 3750 2925 3813 istiusmodi,
2950 3749 3041 3804 sed
3065 3747 3368 3803 secundum

1789 3843 2077 3899 sublimem
2100 3844 2336 3913 aliquem
2369 3859 2588 3899 sensum
2621 3843 2703 3897 sic
2721 3842 3034 3912 appellaria
3053 3840 3187 3908 Quis
3214 3840 3362 3895 enim

1788 3936 2107 4006 Opinabitur
2143 3935 2310 3989 Deum
2345 3936 2670 4004 pantlieram
2694 3949 2816 3988 esse
2843 3934 2930 3988 vel
2968 3932 3224 3988 leonem?
3254 3931 3370 3987 Lux

1788 4039 1970 4081 autem
2003 4026 2087 4082 vel
2118 4027 2266 4094 ignis
2301 4026 2387 4080 vel
2431 4026 2660 4095 spiritus
2689 4041 2812 4079 cum
2850 4027 2915 4080 de
2948 4027 3058 4079 Deo
3088 4025 3371 4088 dicuntur,

1788 4119 2004 4175 facilius
2062 4130 2301 4173 mentem
2349 4118 2610 4174 aberrare
2657 4117 2899 4187 faciunt,
2944 4132 3013 4173 ne
3056 4116 3201 4172 forte
3240 4116 3373 4187 quid

1791 4219 1986 4272 horum
2031 4215 2120 4271 sit.
2158 4214 2359 4269 Eodem
2397 4214 2556 4269 modo
2590 4214 2756 4269 etiam
2789 4214 2855 4268 de
2904 4228 3092 4269 amore
3134 4226 3198 4267 ac
3237 4212 3374 4267 dile-

1790 4307 2000 4372 ctione;
2047 4307 2098 4359 in
2126 4306 2236 4359 Deo
2264 4306 2485 4374 quidem
2514 4321 2740 4361 exosum
2774 4305 2903 4359 illud
2936 4319 3138 4359 nomen
3165 4304 3371 4360 amoris

1790 4401 2033 4473 ponitur,
2068 4400 2122 4453 in
2170 4401 2325 4455 nobis
2355 4411 2563 4466 autem,
2613 4400 2703 4454 ubi
2755 4414 3129 4467 saepenumero
3169 4398 3371 4468 aliquid

86 4483 188 4535 τῶν
225 4486 395 4557 ἱερῶν
447 4486 714 4555 θεολόγων
742 4488 1122 4561 ταύτοδύναμα
1161 4493 1444 4548 τάττονται
1481 4495 1551 4548 τὰ

1889 4494 2086 4547 urdum
2132 4494 2383 4548 homines
2417 4503 2583 4548 terrze
2626 4493 2770 4547 aflixi
2809 4494 3078 4563 suspicari
3130 4500 3371 4562 possent,

87 4577 251 4631 ταῦτα
278 4580 533 4651 ὀνόματα
555 4583 634 4644 είς
667 4582 767 4646 τάς
806 4582 956 4647 θείας
980 4584 1365 4658 ἐκφαντορίας,
1396 4588 1490 4642 καὶ
1535 4587 1686 4657 δηλοῖ

86 4665 177 4737 τὴν
225 4669 481 4723 ἑνοποιὸν
524 4670 619 4723 καὶ
661 4673 1037 4746 συγκρατικὴν
1084 4674 1310 4747 δύναμιν
1347 4680 1405 4731 ἐν
1451 4678 1529 4749 τῷ
1564 4675 1683 4748 Θεῷ

88 4762 527 4830 προῦφεστῶσαν
550 4802 565 4826 ,
593 4762 681 4815 διὰ
716 4763 779 4817 τὸ
842 4764 1007 4819 καλὸν
1043 4767 1147 4821 καὶ
1169 4768 1393 4837 ἀγαθὸν,
1432 4770 1519 4823 ἵνα
1551 4787 1683 4838 συγ-

88 4851 378 4919 κιρνῶνται
407 4852 616 4924 δηλαδὴ
637 4854 706 4907 τὰ
738 4854 915 4908 πάντα
939 4855 1016 4920 ὡς
1041 4857 1255 4930 ἐρῶντα
1275 4900 1289 4924 ,
1315 4858 1491 4929 τούτῳ
1518 4859 1582 4930 δὴ
1606 4859 1685 4929 τῷ

86 4940 196 5012 Θεῷ
222 4944 300 5007 ὡς
331 4942 611 5015 ἐρωμένῳ
641 4945 792 5015 καλῷ
831 4948 926 5000 καὶ
950 4948 1159 5021 ἀγαθῷ,
1189 4950 1284 5003 καὶ
1312 4954 1377 5005 ἐκ
1416 4950 1511 5004 τοῦ
1547 4951 1683 5005 Θεοῦ

88 5031 435 5106 ἐνδιδομένην
455 5034 547 5088 διὰ
564 5035 624 5087 τὸ
648 5036 811 5090 καλὸν
834 5038 994 5092 πάλιν
1019 5042 1113 5094 καὶ
1136 5042 1361 5109 ἀγαθὸν,
1387 5044 1472 5095 ἴνα
1497 5043 1685 5115 δηλον-

87 5122 161 5177 ότι
204 5126 346 5199 πρὸς
388 5125 600 5198 ἄλληλα
625 5127 694 5181 τὰ
721 5129 817 5199 μὲν
847 5132 1090 5202 ὁμοταγῆ
1118 5133 1443 5203 συνέχωνται
1478 5133 1553 5197 ὼς
1582 5132 1686 5187 άνὰ

90 5216 244 5288 μέρος
270 5219 499 5291 ἐρῶντά
523 5236 584 5271 τε
608 5218 703 5274 καὶ
724 5220 977 5293 ἐρώμενα
995 5240 1007 5252 ·
1036 5223 1103 5277 τὰ
1130 5224 1185 5277 δὲ
1220 5226 1413 5295 πρῶτα
1448 5227 1585 5296 πρὸς
1616 5226 1685 5281 τὰ

91 5309 351 5383 ὑφειμένα
390 5314 633 5366 κινοῖντο
681 5317 773 5368 καὶ
811 5316 986 5388 ἐρῷεν
1031 5317 1235 5372 τούτων
1284 5321 1682 5393 προνοοῦμενα,

90 5398 169 5451 ἵνα
196 5405 268 5465 ὡς
295 5406 475 5460 ἑαυτὰ
500 5406 729 5459 κάκεῖνα
762 5410 1063 5481 ποιήσωσι·
1102 5411 1170 5464 τὰ
1195 5411 1251 5464 δὲ
1285 5413 1686 5487 καταδεέστερα

92 5490 219 5562 πρὸς
243 5493 314 5547 τὰ
339 5498 626 5570 ὑπέρτερα
649 5500 1008 5572 ἁγαπητικῶς
1026 5502 1198 5574 ἔχοιεν
1220 5506 1683 5579 ἐπιστρεφόμενα,

92 5581 180 5726 ἶνα.
196 5588 461 5655 κάκεῖνα,
502 5586 578 5651 ὡς
604 5592 946 5668 δυνατὸν,τῆς
990 5597 1298 5669 ὑπερτέρας
1340 5599 1507 5666 ἕξεως
1547 5601 1684 5655 ἀπο-

110 5695 345 5726 numam-

110 5695 345 5734 ιαυωσιν.

1789 4586 2009 4641 dilectio
2055 4586 2291 4651 dicitur;
2357 4587 2500 4654 quod
2553 4600 2748 4639 nomen
2800 4586 3084 4639 honestius
3136 4585 3368 4644 videtur,

1781 4680 1942 4750 juxta
1982 4677 2111 4732 illud
2152 4677 2297 4745 quod
2342 4678 2396 4730 in
2440 4680 2620 4747 primo
2658 4678 2867 4747 Regum
2899 4693 2929 4730 a
2954 4676 3154 4730 Davide
3182 4678 3249 4728 ad
3274 4673 3371 4729 Jo-

1788 4770 2013 4823 natham
2045 4768 2268 4837 dicitur.
2302 4768 2437 4822 Cum
2489 4778 2669 4822 autem
2713 4769 2765 4822 in
2813 4770 2989 4824 sacris
3015 4768 3081 4823 de
3111 4769 3218 4823 Deo
3257 4782 3374 4821 ser-

1788 4861 2043 4917 monibus
2081 4876 2110 4914 a
2137 4871 2286 4915 recte
2318 4860 2687 4915 sentientibus
2721 4862 2827 4914 duo
2852 4862 2970 4916 haec
3005 4861 3250 4925 nomina,
3273 4874 3373 4913 ceu

1787 4954 2199 5027 mquipollentia
2233 4954 2436 5007 divinis
2462 4954 2962 5022 cxplanationibus,
2982 4954 3371 5014 adhibeantur.

1788 5060 1844 5104 et
1872 5050 2125 5104 unificam
2158 5048 2456 5118 quamdam
2506 5047 2765 5100 virtutem
2806 5062 2901 5101 seu
2929 5047 3218 5116 copulandi
3260 5049 3371 5102 vim

1790 5143 2258 5214 significent,qua:
2281 5143 2335 5197 in
2356 5142 2466 5196 Deo
2490 5139 2811 5211 praeeristit,
2836 5152 3057 5210 propter
3087 5140 3373 5211 pulchrum

1788 5247 1844 5290 et
1871 5237 2098 5299 bonum,
2172 5246 2231 5291 ut
2260 5236 2515 5290 nimirum
2549 5249 2668 5305 quae
2695 5234 2906 5289 ordinis
2941 5242 3069 5288 sunt
3103 5234 3370 5302 ejusdem,

1791 5330 1941 5384 velut
1979 5329 2227 5384 vitissim
2282 5327 2517 5381 amantia
2552 5338 2606 5381 et
2637 5335 2851 5393 amata,
2894 5340 2954 5381 se
2988 5335 3175 5380 mutuo
3221 5339 3375 5379 como

1792 5421 2137 5490 plectantur;
2162 5421 2339 5491 prima
2367 5436 2498 5475 vero
2522 5419 2784 5474 inferiora
2814 5427 3074 5474 moveant
3094 5428 3374 5481 etament,

1791 5515 1859 5568 iis
1881 5513 2241 5584 providendo,
2264 5524 2321 5568 ut
2344 5514 2434 5568 illa
2461 5515 2544 5569 sui
2579 5514 2778 5568 similia
2809 5511 3063 5579 cfliciant;
3110 5510 3373 5566 inferiora

1793 5620 1923 5660 vero
1954 5605 2021 5658 ad
2062 5604 2348 5675 superiora
2384 5603 2702 5660 amabiliter
2732 5604 2926 5659 affecta
2954 5611 3371 5667 convertantur,

1792 5709 1849 5749 nt
1896 5706 1950 5751 et
1994 5697 2122 5761 illa,
2154 5698 2336 5767 quoad
2380 5697 2500 5754 fieri
2538 5706 2752 5769 potest,
2787 5697 3127 5769 superiorem
3168 5702 3372 5751 statum

1791 5800 2220 5859 consequuntur.
