3752 6348
413 313 520 371 7Ἶῦ

1492 334 1499 345 ·
1576 308 1638 366 S.
1676 309 1982 367 DIONYS“

2160 308 2488 367 ΟΡΑΟιΤίΕ
3578 312 3665 368 776

485 430 674 505 §Xlli.
720 432 811 489 Est
849 442 1112 504 praeterea
1152 429 1372 484 divinus
1395 445 1554 486 amor
1583 431 1916 491 exstaticus;
1958 446 1982 485 a

2166 431 2193 500 §
2226 432 2368 483 Xlll.
2413 430 2605 481 Ἐστιν
2646 430 2675 481 ό
2709 427 2855 492 θεῖος
2888 428 3030 501 ἔρως
3071 430 3169 483 καὶ
3194 430 3550 495 ἐκστατικός·
3594 430 3666 492 ἐξ.

405 539 468 579 se
507 525 639 594 ipsis
671 524 816 580 enim
864 524 1134 579 excedere
1180 522 1311 578 l'acit
1358 523 1519 595 401
1554 531 1824 589 amantes,
1854 523 1983 577 dum

402 618 591 671 vivunt
635 625 690 669 et
729 625 1020 670 moventur
1070 634 1174 672 non
1222 618 1366 689 ipsi,
1418 618 1513 671 sed
1547 616 1599 670 in
1648 616 1784 684 ips’s
1814 616 1850 670 ii
1889 615 1985 685 qui

400 719 671 764 amantur.
700 709 764 762 Et
787 711 903 763 lucc
934 710 1216 763 declarant
1283 709 1370 763 illa
1395 726 1517 781 quae
1542 711 1799 778 praedicta
1834 719 1982 774 sunt,

400 804 572 872 magis
600 813 779 856 autem
814 819 1042 872 magnus
1070 803 1162 856 ille
1193 804 1415 867 Paulus,
1452 804 1641 859 divino
1668 803 1772 858 hoc
1798 820 1986 859 amore

400 903 710 962 correptus,
754 896 906 949 aiens
933 914 945 951 :
980 893 1109 948 Vivo
1137 912 1231 964 ego
1251 894 1368 963 jam
1419 912 1523 948 non
1564 911 1680 966 ego,
1712 897 1833 951 vivit
1866 914 1984 951 vero

398 994 451 1041 in
498 1004 578 1039 me
625 987 939 1052 Christus‘,
991 997 1251 1056 tanquam
1299 1003 1463 1043 verus
1514 998 1748 1057 amator,
1795 998 1850 1043 et
1891 989 1982 1058 qui

397 1078 657 1142 excessit,
692 1086 750 1133 ut
803 1080 919 1148 ipse
967 1087 1225 1143 testatur,
1270 1096 1300 1134 a
1347 1096 1408 1136 se
1457 1080 1598 1138 Deo:
1640 1091 1696 1137 et
1745 1098 1982 1143 rursum,

396 1171 566 1224 veluti
594 1171 835 1225 vicissim
866 1187 895 1225 a
929 1188 1186 1242 supremo
1222 1173 1331 1227 Deo
1359 1175 1582 1242 provide
1609 1184 1844 1235 amatus.
1876 1190 1983 1228 non

400 1278 578 1328 suam,
609 1264 702 1318 sed
749 1264 918 1318 amati
946 1265 1117 1320 vitam
1169 1266 1397 1334 ducens,
1431 1268 1545 1322 ait:
1572 1268 1843 1338 Tanquam
1874 1285 1988 1322 mo-

396 1354 616 1419 rientes,
660 1366 709 1408 et
752 1373 869 1410 ecce
920 1357 1208 1413 vivimus“.
1252 1358 1388 1412 Nam
1417 1360 1725 1415 audendum
1758 1370 1843 1415 est
1883 1360 1987 1415 hoc

393 1447 563 1500 etiam
585 1455 847 1517 tanquam
868 1464 1058 1503 verum
1088 1450 1295 1514 dicere,
1318 1453 1463 1520 quod
1494 1451 1984 1521 ipsemetomnium

398 1535 564 1603 Deus,
597 1548 820 1609 propter
859 1555 1149 1596 excessum
1180 1542 1469 1607 bonitatis,
1500 1553 1655 1599 extra
1680 1561 1739 1599 se
1769 1562 1864 1615 per
1894 1562 1984 1599 rc-

398 1643 521 1683 rum
557 1632 927 1700 providentias
956 1634 1210 1697 exsistat,
1242 1645 1298 1689 et
1325 1634 1381 1690 in
1410 1636 1713 1692 istiusmodi
1746 1640 1988 1695 bonitate

397 1721 500 1776 sibi
525 1726 677 1790 quasi
704 1725 1082 1795 complaeeat;
1128 1728 1206 1782 ait
1250 1732 1395 1783 enim
1421 1743 1438 1782 :
1464 1728 1531 1783 Et
1580 1731 1706 1800 quid
1737 1733 1850 1786 volo
1886 1734 1986 1786 nisi

2087 521 2386 597 ιστησιγὰρ
2403 520 2614 574 ἐαυτῶν
2633 521 2760 585 τοὺς
2788 521 3052 592 ἐρῶντας,
3071 522 3147 587 ὡς
3172 522 3272 595 ζῇν
3294 524 3393 578 καὶ¹
3421 528 3663 583 κινεῖσθαι

2090 611 2192 665 οὐκ
2232 611 2496 673 ἐκείνους,
2546 610 2661 663 ἀλλ’
2709 612 2768 664 ἐν
2810 611 2995 675 αὐτοῖς
3026 613 3154 676 τοὺς
3205 616 3545 687 ἐρωμένους.
3576 618 3667 671 Καὶ

2087 702 2311 775 δηλοῦσι
2344 702 2412 756 τὰ
2467 702 2835 774 προλεχϐέντα
2855 744 2869 769 ,
2903 704 3100 776 μᾶλλον
3124 707 3180 760 δὲ
3214 708 3245 760 ὁ
3275 707 3454 779 μέγας
3482 710 3667 772 Παῦλος

2088 797 2167 867 τῷ
2204 797 2334 868 θείῳ
2366 796 2542 867 τούτῳ
2579 799 2945 869 κατεχόμενος
2993 799 3155 869 ἔρωτι
3175 842 3189 865 ,
3214 802 3313 855 καὶ
3346 802 3554 871 λέγων·
3589 805 3667 858 Ζῶ
3694 802 3715 867 ξ

2088 887 2203 956 ἐγὼ
2238 886 2459 950 οὐκέτι,
2490 886 2559 955 ζῇ
2578 887 2646 940 δὲ
2667 888 2737 941 ὲν
2761 888 2891 957 ἐμοὶ
2916 890 3189 957 Χριστὸς,
3218 892 3295 957 ὡς
3328 893 3536 967 ἀληθὴς
3558 898 3669 968 ἐρα⁸

2092 980 2239 1051 στὴς,
2267 982 2359 1033 καὶ
2380 980 2691 1050 ἐξεστηκὼς
2716 984 2837 1036 κατ’
2864 984 3027 1036 αὑτὸν
3047 983 3295 1053 λέγοντα,
3329 988 3430 1041 καὶ
3468 987 3668 1060 ἐξεστη-

2090 1076 2246 1138 κότες
2282 1075 2400 1145 Θεῴ
2420 1092 2432 1104 ·
2458 1078 2551 1129 καὶ
2578 1076 2739 1130 πάλιν
2783 1076 2859 1141 ὡς
2885 1078 2989 1131 ἀνὰ
3023 1078 3188 1151 μέρος
3223 1079 3508 1152 ἐρώμενος
3538 1083 3668 1153 παρὰ

2088 1169 2181 1222 τοῦ
2204 1170 2505 1241 ὑπερτέρου
2531 1170 2667 1223 Θεοῦ
2700 1172 3096 1242 προνοητικῶς,
3136 1174 3197 1226 οὐ
3231 1175 3344 1240 ζῶν
3364 1176 3470 1247 τὴν
3494 1178 3668 1231 ἐαυτοῦ

2091 1259 2256 1331 ζωὴν,
2298 1260 2435 1314 ἀλλὰ
2474 1261 2572 1333 τὴν
2601 1261 2694 1315 τοῦ
2720 1264 2954 1332 ἐραστοῦ
2974 1305 2990 1329 ,
3040 1265 3133 1319 ὅτε
3161 1266 3314 1335 λέγει
3335 1285 3349 1298 ο
3394 1270 3494 1336 Ὠς
3535 1271 3669 1324 dao-

2090 1351 2461 1419 θνήσκοντες
2481 1392 2495 1416 ,
2525 1353 2623 1407 καὶ
2658 1353 2787 1407 ὶδοὺ
2840 1353 3047 1423 ζῶμεν.
3076 1356 3394 1429 Τολμητέον
3433 1362 3544 1433 γὰρ
3588 1363 3671 1416 καὶ

2088 1445 2247 1498 τοῦτο
2286 1445 2362 1511 ὡς
2396 1446 2650 1517 ἀληθινὸν
2697 1448 2873 1500 εἰπεῖν
2916 1448 2998 1500 ὅτι
3035 1449 3128 1502 καὶ
3152 1452 3317 1516 αὐτὸς
3352 1453 3382 1505 ὁ
3410 1455 3523 1507 τῶν
3550 1457 3671 1509 ὅλων

2090 1537 2223 1603 Θεὸς
2260 1538 2646 1612 δι’ύπερϐολὴν
2684 1540 3053 1612 ἀγαθότητος,
3090 1542 3196 1609 ἔξω
3227 1546 3429 1599 ἐαυτοῦ
3484 1547 3671 1616 γίνεται

2089 1636 2207 1696 ταῖς
2237 1634 2317 1696 εἰς
2346 1633 2415 1685 τὰ
2448 1634 2578 1687 ὄντα
2610 1635 2892 1706 προνοίαις
2913 1676 2930 1702 ,
2960 1637 3054 1690 καὶ
3089 1630 3203 1690 οἷον
3246 1636 3503 1705 Θέλγεται
3532 1641 3585 1691 ἐν
3615 1642 3670 1711 τῇ

2090 1725 2316 1800 τοιαύτῃ
2359 1726 2658 1799 ἀγαθότητι
2680 1746 2693 1759 ο
2712 1728 2859 1798 λέγει
2897 1729 3006 1801 γάρ
3026 1746 3039 1760 ·
3066 1729 3178 1783 Kal
3192 1730 3251 1783 τι
3274 1729 3457 1795 θέλω,
3500 1733 3551 1783 ει
3568 1731 3671 1798 ἤδη

397 1826 457 1869 ut
488 1818 907 1872 accemlalur'?
948 1818 1012 1871 Et
1048 1834 1168 1872 cum
1202 1820 1273 1873 sit
1298 1833 1363 1875 ex
1393 1822 1646 1877 omnibus
1674 1833 1980 1893 exemptus,

2156 1819 2369 1888 -ag;0ﬁ;
2401 1823 2508 1875 Καὶ
2540 1823 2606 1875 ὲκ
2642 1821 2738 1875 τοῦ
2773 1824 2915 1895 ὑπὲρ
2943 1825 3122 1878 πάντα
3152 1823 3501 1895 ἐξῃρημένου
3530 1827 3675 1878 ἀνεκ-

396 1911 466 1964 ad
523 1911 705 1964 omnia
762 1911 1081 1973 deducitur,
1126 1912 1270 1965 unde
1309 1913 1475 1966 etiam
1513 1912 1750 1968 Zelotem
1805 1915 1981 1984 ipsum

398 2005 692 2074 appellant,
739 2014 800 2059 ut
829 2005 919 2074 qui
964 2006 1193 2059 multum
1232 2005 1284 2059 in
1316 2006 1517 2061 divinis
1540 2008 1706 2062 rebus
1735 2023 1981 2064 amorem

393 2097 671 2161 ostendat,
697 2106 755 2151 et
782 2096 937 2165 quasi
967 2095 1035 2150 ad
1067 2095 1151 2150 sui
1189 2094 1529 2151 desiderium
1562 2099 1985 2168 excitet;quod—

395 2204 502 2258 quc
528 2189 617 2243 illa
648 2204 769 2259 qua!
815 2190 884 2244 ab
925 2191 1042 2260 ipso
1071 2192 1457 2247 desiderantur
1487 2205 1552 2246 ac
1595 2201 1982 2260 procurantur,

392 2283 746 2340 aemulatione
779 2285 941 2355 digna
966 2288 1082 2341 sint
1113 2294 1166 2341 et
1198 2287 1381 2342 beata.
1418 2285 1529 2341 Nisi
1563 2287 1707 2340 enim
1736 2285 1863 2340 talia
1896 2298 1985 2341 es-

388 2385 539 2440 sent,
573 2392 920 2448 nequaquam
963 2378 1357 2450 indignaretur
1383 2380 1527 2449 quod
1566 2381 1636 2433 ab
1665 2380 1780 2449 ipso
1810 2378 1982 2435 decli-

390 2476 561 2533 nent,
602 2477 657 2522 et
707 2471 830 2526 aliis
868 2485 929 2527 se
976 2474 1298 2545 adjungant.
1357 2473 1424 2528 Et
1454 2473 1786 2536 universim,
1830 2489 1986 2529 amor

389 2558 606 2628 pulchri
654 2570 766 2626 est;
809 2577 936 2616 cum
983 2565 1129 2619 enim
1167 2565 1397 2636 pulcher
1461 2567 1555 2631 sit,
1604 2576 1753 2621 amat
1800 2567 1986 2623 istius-

396 2652 541 2706 modi
573 2653 886 2722 pulchrum,
912 2667 967 2711 et
996 2657 1047 2711 in
1080 2656 1312 2727 pulchro
1341 2667 1547 2723 manet,
1578 2667 1633 2713 et
1661 2657 1985 2715 dill'unditur

392 2749 787 2799 consumendo.
824 2744 1104 2816 Siquidem
1134 2764 1354 2804 amores
1390 2766 1709 2822 corporum,
1739 2768 1861 2807 cum
1898 2768 1984 2807 re-

394 2847 514 2886 rum
570 2835 682 2889 sint
725 2835 1017 2903 ﬂuxerunt,
1055 2854 1160 2893 non
1204 2854 1365 2895 secus
1407 2856 1471 2896 ac
1514 2844 1664 2897 verni
1698 2844 1860 2899 ﬂores
1890 2846 1985 2899 de-

391 2924 595 2994 ﬂuunt;
632 2945 851 2984 amores
900 2946 1029 2985 vero
1093 2930 1263 2986 divini
1315 2948 1611 3004 rerumque
1646 2937 1980 3002 divinarum,

392 3027 652 3088 tanquam
689 3026 1159 3091 permanentium,
1188 3026 1292 3096 ipsi
1326 3042 1545 3096 quoque
1573 3038 1897 3098 permanent
1927 3031 1978 3084 in

388 3126 707 3180 possessore
734 3132 854 3183 suo,
880 3126 934 3172 et
964 3117 1175 3186 pulchri
1192 3134 1357 3174 causa
1387 3120 1693 3189 exsistunt;
1718 3124 1976 3192 quoniam

2086 1914 2358 1984 φοιτήτως
2386 1915 2479 1968 ἐπὶ
2508 1916 2687 1970 πάντα
2714 1918 3016 1987 κατάγεται
3036 1936 3049 1948 υ
3072 1918 3153 1971 διὸ
3183 1921 3279 1972 καὶ
3307 1919 3567 1990 Ζηλωτὴν
3596 1920 3675 1971 αύ-

2084 1999 2178 2054 τὸν
2207 2001 2464 2055 καλοῦσιν
2483 2043 2497 2066 ,
2538 2003 2613 2067 ὡς
2643 2004 2777 2059 πολὺ
2821 2007 3216 2061 ἀποδεικνύντα
3238 2008 3333 2061 τὸν
3354 2011 3439 2073 είς
3466 2010 3533 2062 τὰ
3567 2009 3675 2062 Bai:

2085 2089 2263 2162 ἔρωτα
2284 2132 2298 2157 ,
2345 2094 2441 2147 καί
2466 2092 2542 2158 ὡς
2575 2094 2907 2167 διεγερτικὸν
2946 2098 3047 2169 τῆς
3091 2098 3337 2167 ἐφέσεως
3371 2100 3559 2163 αὐτοῦ,
3590 2101 3675 2153 καὶ

2083 2184 2167 2238 ὅτι
2198 2186 2266 2239 τὰ
2304 2187 2569 2257 ἐφιέμενα
2594 2188 2688 2241 καὶ
2710 2191 3085 2263 προνοούμενα
3118 2194 3252 2265 παρ’
3276 2194 3449 2247 αὐτοῦ
3475 2194 3674 2264 ζηλωτά

2085 2278 2180 2331 καὶ
2212 2280 2456 2350 μακάριά
2487 2283 2644 2335 εἰσιν.
2677 2282 2739 2335 El
2774 2282 2886 2355 γὰρ
2918 2284 2991 2355 μὴ
3024 2280 3166 2356 ἦσαν
3192 2284 3446 2350 τοιαῦτα,
3482 2287 3578 2339 οὐκ
3616 2287 3674 2339 ἂν

2083 2371 2407 2443 ἐζηλοτύπει
2444 2374 2585 2446 πρὸς
2613 2374 2785 2429 ταῦτα
2808 2417 2822 2441 ,
2850 2378 2933 2430 ὅτι
2966 2377 3310 2432 ἐκκλίνουσιν
3351 2378 3521 2432 αὐτοῦ
3542 2420 3557 2443 ,
3590 2379 3676 2431 καὶ

2085 2462 2265 2528 ἄλλοις
2299 2466 2700 2537 προστίθενται.
2746 2470 2857 2522 Καὶ
2897 2469 3072 2534 ὅλως,
3122 2471 3152 2523 ὁ
3186 2470 3334 2543 ἔρως
3372 2470 3476 2524 τοῦ
3522 2471 3675 2525 καλοῦ

2084 2558 2200 2611 ἐστι
2225 2574 2237 2587 ·
2274 2558 2435 2623 καλὸς
2456 2561 2565 2631 γὰρ
2591 2559 2666 2614 ὢν
2683 2602 2697 2625 ,
2724 2562 2825 2633 ἐρᾷ
2848 2560 2943 2615 τοῦ
2990 2562 3233 2616 τοιούτου
3270 2563 3446 2617 καλοῦ
3467 2604 3483 2629 ,
3510 2563 3600 2617 καὶ
3624 2564 3676 2615 ἐν

2084 2648 2160 2719 τῷ
2186 2650 2335 2721 καλῷ
2379 2652 2528 2722 μένει
2565 2653 2658 2706 καὶ
2683 2653 2996 2726 διακέχυται
3030 2653 3452 2727 δαπανώμενος.
3492 2657 3553 2709 Οἱ
3576 2655 3673 2727 γὰρ

2087 2743 2357 2813 σωμάτων
2378 2744 2601 2816 ἔρωτες,
2628 2746 2815 2818 ἐπειδὴ
2841 2746 3074 2819 ῥεόντων
3107 2748 3273 2811 είσὶν,
3318 2748 3415 2803 ἴσα
3446 2750 3541 2803 καὶ
3564 2751 3675 2821 ἠρι-

2083 2837 2194 2899 νοῖς
2223 2836 2563 2907 διαρρέουσιν
2591 2838 2805 2891 ἄνθεσιν
2825 2856 2838 2869 ·
2875 2841 2923 2892 οἱ
2967 2839 3024 2893 δὲ
3069 2839 3204 2893 θεῖοι
3234 2842 3332 2894 καὶ
3359 2841 3475 2894 τῶν
3506 2842 3671 2905 Θείων,

2081 2927 2157 2991 ὡς
2194 2929 2466 2999 μενόντων
2502 2930 2731 2994 τούτων,
2771 2948 2800 2983 ο
2841 2949 2917 2985 τω
2941 2932 3183 2985 κάκεῖνοι
3224 2932 3495 3003 μένουσιν
3521 2935 3575 2986 ἐν
3605 2932 3672 3001 τῷ

2082 3019 2281 3091 ἔχοντι,
2320 3023 2414 3076 καὶ
2434 3024 2522 3077 διὰ
2541 3023 2605 3077 τὸ
2626 3024 2789 3078 καλὸν
2811 3025 3048 3094 γίνονται
3071 3041 3085 3056 °
3109 3026 3199 3078 ἴνα
3226 3025 3341 3097 γὰρ
3368 3026 3673 3095 καλλοποιη-

2083 3113 2219 3167 θῶσι
2260 3115 2329 3169 τά
2378 3114 2666 3187 ἐρώμενα,
2708 3119 2800 3171 καὶ
2841 3119 2914 3190 μὴ
2953 3118 3419 3189 ἐμπεριληφθῶσι
3466 3119 3543 3191 τῷ
3582 3119 3671 3188 τῆς

388 3219 548 3259 amor
582 3206 674 3262 ille
704 3219 792 3263 est
832 3210 898 3263 ad
947 3222 1126 3265 amata
1154 3212 1611 3282 condet-oranda,
1638 3229 1777 3271 neve
1804 3225 1977 3271 mate-

2156 3225 2219 3282 ης
2247 3176 2445 3281 αἴσχει,
2526 3176 2665 3282 ἔρως
2694 3176 2919 3279 γίνετίιιί

392 3297 489 3350 rite
518 3299 754 3355 colluvie
783 3311 1245 3372 conspurceutur.

466 3392 659 3464 §XIV.
702 3394 912 3461 Qurerit
982 3398 1071 3453 hic
1115 3398 1319 3466 etiam,
1372 3399 1560 3469 utquid
1614 3400 1849 3473 theologi
1882 3402 1982 3457 ali-

388 3486 610 3553 quando
638 3488 857 3557 quidem
911 3504 1156 3544 amorem
1201 3506 1266 3545 ac
1297 3491 1688 3560 dilectionem,
1737 3495 1983 3564 quando—

386 3592 501 3647 que
536 3594 665 3635 vero
711 3583 1003 3638 amabilem
1058 3600 1121 3641 ac
1170 3585 1493 3655 diligibilem
1545 3585 1752 3642 dicant.
1798 3588 1866 3642 Et
1903 3604 1983 3643 re-

390 3669 609 3728 solvens
649 3676 1040 3745 quaestionem,
1075 3679 1184 3744 ait,
1229 3678 1375 3747 quod
1424 3679 1680 3749 quidem,
1717 3691 1981 3751 tanquam

386 3772 592 3820 auctor
623 3782 689 3821 ac
720 3768 937 3836 genitor
970 3770 1176 3825 amoris
1206 3770 1413 3836 divini,
1441 3786 1598 3825 amor
1631 3773 1976 3842 appelletur;

390 3857 446 3911 in
472 3867 739 3927 quantum
773 3874 904 3915 vero
932 3860 1049 3930 ipse
1080 3872 1166 3916 est
1202 3862 1256 3915 id
1292 3864 1437 3932 quod
1469 3872 1709 3927 amatur,
1731 3864 1982 3919 amabilis

390 3951 644 4017 dicatur;
672 3961 724 4007 et
752 3954 1054 4008 secundum
1089 3954 1219 4009 illud
1254 3956 1475 4025 quidem
1505 3966 1756 4010 movetur
1781 3958 1847 4011 ad
1874 3958 1981 4011 alia

384 4045 649 4110 amanda,
674 4047 973 4103 secundum
1008 4050 1109 4105 hoc
1141 4064 1271 4104 vero
1305 4058 1485 4103 movet
1510 4049 1613 4103 alia
1641 4050 1708 4104 ad
1734 4065 1978 4104 amorem

384 4152 576 4192 suum.
613 4139 709 4194 Vel
739 4140 994 4196 amabilis
1028 4142 1251 4211 dicitur,
1299 4141 1426 4212 quia
1452 4143 1563 4196 vim
1605 4142 1772 4197 habet
1802 4142 1981 4197 adduc

386 4232 548 4285 cendi
594 4247 662 4288 ac
704 4235 958 4289 movendi
1012 4234 1080 4288 ad
1126 4237 1447 4290 atnatoriam
1487 4235 1541 4290 in
1593 4236 1797 4307 spiritu
1847 4252 1982 4292 con-

388 4324 754 4391 iunctionem,
787 4326 841 4381 id
870 4327 1121 4397 estquod
1156 4327 1317 4396 hujus
1368 4329 1640 4384 mediator
1663 4340 1717 4383 et
1752 4331 1983 4401 ipsemet

389 4418 720 4474 conciliator
752 4418 824 4473 sit
869 4422 1109 4485 amoris,
1144 4436 1252 4490 quo
1297 4437 1327 4475 a
1378 4423 1490 4477 suis
1546 4425 1819 4479 creaturis
1851 4426 1981 4479 ada-

2156 3400 2185 3472 ς
2218 3399 2359 3454 XIV.
2414 3400 2697 3455 Ἐντεῦθεν
2736 3401 2969 3473 ἀπορεῖ,
3022 3402 3118 3455 καὶ
3149 3401 3205 3453 τί
3239 3401 3449 3472 δήποτε
3483 3401 3533 3453 οἱ
3563 3397 3670 3449 Oso-

2083 3493 2235 3563 λόγοι
2259 3496 2390 3550 ποτὲ
2414 3495 2514 3566 μὲν
2537 3493 2719 3567 ἔρωτα
2744 3496 2836 3548 καὶ
2853 3494 3078 3564 ἀγάπην
3102 3493 3268 3547 αὑτὸν
3288 3493 3533 3562 λέγουσι,
3558 3488 3671 3541 ποτὲ

2082 3585 2139 3639 δέ
2173 3587 2399 3659 ἐραστὸν
2428 3586 2523 3640 καὶ
2555 3586 2854 3658 ἀγαπητόν.
2902 3587 3014 3640 Καὶ
3042 3585 3186 3639 λύων
3232 3585 3388 3654 λέγει
3410 3626 3425 3649 ,
3468 3585 3574 3647 ὅτι,
3604 3582 3669 3644 ὡς

2088 3677 2188 3748 μὲν
2222 3678 2394 3743 αἴτιος
2424 3678 2521 3732 καὶ
2544 3679 2825 3750 γεννήτωρ
2852 3678 2945 3731 τοῦ
2971 3678 3120 3730 Θείου
3154 3677 3365 3748 ἔρωτος
3385 3716 3399 3739 ,
3430 3675 3567 3744 ἔρως
3588 3674 3669 3724 λέ-

2083 3785 2271 3838 γεταιο
2296 3770 2372 3833 ὼς
2404 3770 2461 3824 δὲ
2496 3769 2660 3834 αὐτὸς
2688 3769 2764 3824 ὢν
2785 3770 2846 3823 τὸ
2872 3769 3126 3842 ἐραστδν,
3162 3769 3401 3841 ἐραστὴν
3435 3768 3668 3836 λέγεται,

2084 3864 2178 3917 καὶ
2200 3864 2317 3917 κατ’
2344 3865 2523 3917 ἐκεῖνο
2564 3862 2666 3934 μὲν
2713 3864 2943 3917 κινεῖται
2972 3864 3052 3927 εἰς
3080 3862 3142 3916 τὸ
3172 3862 3286 3917 τῶν
3319 3861 3499 3916 ἄλλων
3532 3862 3667 3931 ἐρᾷν,

2084 3953 2226 4007 κατὰ
2271 3953 2434 4007 τοῦτο
2477 3954 2536 4007 δὲ
2577 3956 2721 4008 κινεῖ
2758 3954 2824 4007 τὰ
2854 3954 2990 4009 ἄλλα
3024 3957 3104 4019 εἰς
3138 3954 3198 4008 τὸ
3228 3956 3367 4026 ἐρᾷν
3400 3954 3580 4009 αὑτοῦ.
3607 3952 3668 4003 Ἦ

2083 4046 2312 4119 ἐραστὸν
2342 4046 2559 4117 λέγεται
2580 4089 2595 4113 ,
2622 4047 2756 4102 διότι
2800 4048 3187 4121 προαγωγικὸν
3210 4089 3225 4111 ,
3272 4050 3370 4102 καὶ
3406 4045 3669 4119 κινητικὸν

2082 4137 2279 4190 ἐαυτοῦ
2310 4139 2425 4192 ἐστι
2461 4140 2599 4209 πρὸς
2627 4142 2896 4212 ἐρωτικὴν
2943 4140 3241 4207 συνάιρειαν
3276 4140 3379 4211 τὴν
3416 4142 3477 4193 ἐν
3521 4138 3666 4192 πνεύ-

2087 4248 2239 4302 ματι,
2274 4231 2524 4285 τουτέστι
2555 4234 2780 4305 μεσίτης
2801 4235 3024 4305 ταύτης,
3054 4234 3150 4287 καὶ
3176 4233 3317 4306 πρὸς
3345 4233 3538 4287 ἐαυτὸν
3562 4248 3667 4284 συν-

2084 4325 2365 4394 αρμοστής
2405 4327 2523 4378 ἐστι
2569 4324 2665 4379 τοῦ
2713 4327 2945 4397 ἐρᾶσθαι
2995 4326 3158 4380 αὐτὸν
3222 4326 3334 4379 ὑπὸ
3379 4327 3492 4379 τῶν
3540 4324 3667 4377 ἰδίων

2084 4418 2426 4488 ποιημάτων.
2453 4419 2750 4491 Κινητικὸν
2778 4420 2835 4473 δέ
2868 4436 3061 4491 φησιν,
3088 4421 3164 4484 ὡς
3189 4421 3453 4474 κινοῦντα
3480 4420 3666 4472 ἕκαστα

391 4522 597 4568 matur.
636 4513 780 4568 Dicit
828 4525 1009 4567 autem
1056 4515 1257 4569 habere
1294 4516 1400 4570 vim
1448 4517 1737 4580 movendi,
1791 4527 1848 4571 ut
1882 4518 1975 4588 qui

2156 4511 2227 4564 τὰ
2252 4510 2344 4564 τὸν
2366 4514 2568 4565 οἰκεῖον
2600 4514 2755 4583 λόγον
2784 4513 2919 4585 πρὸς
2943 4515 3109 4568 αὑτὸν
3138 4514 3587 4587 ἐπιστρέφεσθαι.
3604 4511 3666 4563 Τδ

388 4606 605 4677 singula
664 4618 885 4663 moveat
916 4609 1214 4664 secundum
1248 4610 1526 4677 propriam
1569 4611 1872 4676 rationem,
1917 4621 1979 4665 ut

390 4701 461 4753 ad
508 4699 686 4770 ipsum
732 4711 1152 4759 convertantur.
1205 4700 1381 4758 Porro
1430 4720 1626 4760 nomen
1678 4706 1810 4760 illud
1851 4721 1974 4776 pro-

390 4793 666 4848 ductionis
710 4809 806 4849 seu
858 4796 1300 4864 prostitutionis,
1352 4796 1458 4852 etsi
1518 4798 1661 4866 apud
1715 4798 1977 4867 profanos

391 4902 504 4940 rem
540 4887 808 4955 impuram
840 4887 1137 4955 signiﬁcet,
1163 4888 1328 4959 402
1357 4899 1735 4943 verumtamen
1782 4890 1871 4944 hic
1905 4892 1981 4943 di-

388 4984 463 5033 cit
493 4981 945 5036 intercessionem
973 4981 1406 5036 conciliatricem
1437 4982 1655 5035 unionis
1680 4998 1806 5036 cum
1843 4982 1975 5046 Deo,

386 5079 444 5124 et
486 5071 587 5126 hoc
636 5074 796 5126 modo
848 5075 1068 5141 quidem
1103 5072 1357 5129 amabilis
1385 5073 1623 5141 dicitur;
1661 5089 1815 5129 amor
1845 5090 1978 5129 vero

389 5180 581 5219 rursus
608 5175 664 5219 et
689 5166 930 5230 dilectio,
972 5177 1233 5238 tanquam
1262 5169 1343 5222 vis
1388 5168 1609 5227 motrix,
1663 5174 1717 5220 et
1753 5181 1972 5221 sursum

388 5258 458 5311 ad
495 5272 555 5313 se
594 5260 816 5312 trahens
868 5259 997 5312 illud
1038 5261 1180 5327 quod
1226 5259 1401 5313 solum
1447 5268 1502 5311 et
1543 5273 1638 5327 per
1678 5271 1737 5310 se
1774 5259 1976 5311 bonum

388 5361 502 5414 est,
539 5359 593 5404 et
616 5352 761 5420 quod
792 5352 905 5422 ipse
934 5352 1005 5405 sit
1036 5352 1406 5405 maniiestatio
1437 5359 1516 5405 sui
1554 5348 1726 5419 ipsius
1757 5366 1857 5417 per
1888 5366 1977 5405 se-

390 5448 588 5515 ipsum,
628 5446 774 5500 nullo
801 5446 910 5501 alio
962 5447 1259 5512 mediante,
1293 5463 1393 5501 nec
1421 5446 1639 5499 aliunde
1665 5461 1850 5500 amore
1877 5444 1975 5499 ali-

388 5551 500 5607 quo
556 5535 914 5605 adveniente,
961 5541 1062 5594 nisi
1107 5554 1135 5591 a
1188 5554 1248 5594 se
1296 5539 1413 5607 ipso
1458 5538 1511 5590 in
1562 5536 1829 5604 seipsum;
1868 5535 1974 5589 tale

390 5629 538 5681 enim
580 5640 665 5683 est
703 5630 753 5683 id
801 5631 945 5699 quod
991 5648 1089 5703 per
1133 5648 1192 5688 se
1245 5632 1530 5704 pulchrum
1561 5639 1661 5686 est.
1698 5629 1970 5696 Quemad-

551 5806 585 5877 ⁸,
608 5802 798 5877 Galdt,
825 5807 914 5864 20.

1007 5828 1030 5855 υ
1066 5816 1108 5871 ll
1135 5815 1259 5872 Cor.
1300 5827 1372 5877 γι,
1401 5810 1455 5867 9.
1538 5822 1559 5852 ν
1591 5810 1721 5868 Luc.
1762 5830 1868 5884 xu,
1934 5810 1983 5869 9.

2082 4603 2139 4656 δὲ
2168 4604 2268 4674 τῆς
2310 4607 2695 4675 προαγωγείας
2726 4606 2920 4678 ὄνομα,
2953 4609 3001 4660 εί
3028 4608 3122 4661 καὶ
3146 4607 3304 4679 παρά
3330 4611 3449 4671 τοῖς
3487 4605 3666 4671 ἔξωθεν

2083 4698 2314 4768 πρᾶγμα
2351 4698 2605 4769 σημαίνει
2630 4700 2731 4752 οὐκ
2759 4701 2974 4769 εὺαγές,
2999 4699 3115 4753 ἀλλ’
3141 4700 3385 4754 ἐνταῦθα
3414 4700 3512 4773 τὴν
3552 4697 3666 4769 πρό-

2083 4789 2235 4854 ξενον
2260 4788 2360 4858 τῆς
2398 4792 2456 4841 ἐν
2481 4790 2601 4861 Θεῷ
2644 4790 2892 4855 ἐνὼσεως
2924 4791 3204 4861 μεσιτείαν
3233 4794 3394 4863 φησι,
3425 4794 3517 4845 καὶ
3541 4791 3663 4843 οὕτω

2085 4883 2184 4952 μὲν
2208 4881 2440 4954 ἐραστὺν
2473 4882 2693 4952 λέγεται
2714 4902 2727 4914 ’
2763 4884 2902 4956 ἔρως
2940 4885 2995 4937 δὲ
3021 4883 3184 4937 πάλιν
3215 4886 3314 4937 καὶ
3344 4886 3565 4955 ἀγάπη,
3599 4884 3663 4943 ὡς

2083 4977 2337 5047 κινητική
2366 4993 2449 5039 τις
2478 4975 2708 5047 δύναμις
2744 4978 2828 5046 ἐφ’
2877 4976 3074 5047 ἑαυτὴν
3107 4977 3395 5045 ἀνάγουσα
3429 4979 3491 5031 τὸ
3526 4976 3664 5048 μόνον

2083 5069 2179 5121 καὶ
2220 5069 2287 5122 δι’
2317 5069 2480 5122 ἐαυτὸ
2506 5071 2739 5139 ἀγαθὸν,
2785 5072 2877 5124 καὶ
2910 5072 2991 5123 ὅτι
3029 5069 3299 5139 ἐκφανσίς
3336 5073 3488 5125 ἐστιν
3527 5069 3667 5129 αὐτὸς

2082 5163 2276 5216 ἐαυτοῦ
2302 5164 2370 5216 δι’
2401 5164 2593 5218 ἐαυτοῦ
2621 5206 2635 5230 ,
2666 5164 2767 5219 οὐκ
2805 5163 2965 5218 ἄλλου
3001 5165 3406 5235 μεσιτεύοντος,
3440 5164 3554 5217 οὐδὲ
3589 5161 3669 5215 ἆ.)-

2083 5255 2236 5309 λοθεν
2274 5258 2649 5327 ἐπερχομένου
2682 5257 2776 5310 τοῦ
2816 5258 3052 5329 ἔρωτος,
3098 5255 3215 5308 ἀλλ’
3251 5258 3350 5309 ἀπ’
3396 5253 3556 5310 αὑτοῦ
3605 5254 3669 5305 si;

2085 5348 2246 5400 αὐτόν
2265 5364 2279 5376 ·
2319 5348 2561 5400 τοιοῦτον
2585 5348 2695 5418 γὰρ
2717 5350 2777 5401 τὸ
2813 5349 2881 5401 δι’
2912 5349 3073 5401 ἑαυτὸ
3102 5347 3291 5400 καλόν.
3324 5349 3534 5419 ’Ὠσπερ
3581 5338 3667 5406 γὰρ

2081 5442 2297 5513 ἐρῶμεν
2326 5430 2427 5512 τῆς
2454 5442 2549 5495 τοῦ
2583 5444 2798 5517 μέλιτος
2831 5441 3189 5513 γλυκύτητος,
3224 5443 3330 5495 οὐκ
3357 5435 3568 5495 ἄλλοθεν
3598 5450 3664 5482 κι-

2082 5538 2172 5590 νού
2184 5557 2331 5609 μενοι
2362 5542 2410 5592 εἰ
2440 5539 2512 5610 μὴ
2544 5540 2673 5610 παρ’
2704 5541 2889 5603 αὐτοῦ,
2916 5541 3010 5595 καὶ
3041 5540 3100 5591 ού
3130 5538 3200 5591 δι’
3223 5533 3355 5585 ἄλλο
3386 5536 3432 5584 εἱ
3458 5530 3528 5600 μὴ
3551 5532 3647 5579 κατ

2080 5627 2251 5699 αὐτὴν
2320 5630 2417 5701 τὴν
2450 5629 2763 5703 γλυκύτητα
2784 5649 2797 5663 ο
2829 5632 2923 5685 καὶ
2956 5630 3041 5684 διὰ
3083 5624 3249 5679 τοῦτο
3285 5617 3652 5690 ἀνεξάγγελτές
