  <div class='ocr_page' id='page_1' title='image "/cluster/home/n/w/nwhite01/storage/ocr_20150623/3/hvd.32044014713192/396.png"; bbox 0 0 3752 6296; ppageno 0'>
   <div class='ocr_carea' id='block_1_1' title="bbox 103 309 202 365">
    <p class='ocr_par' dir='ltr' id='par_1_1' title="bbox 103 309 202 365">
     <span class='ocr_line' id='line_1_1' title="bbox 103 309 202 365; baseline -0.03 0"><span class='ocrx_word' id='word_1_1' title='bbox 103 309 202 365; x_wconf 80' lang='grc' dir='ltr'><strong><em>ΤΠ</em></strong></span> 
     </span>
    </p>
   </div>
   <div class='ocr_carea' id='block_1_2' title="bbox 105 521 1718 593">
    <p class='ocr_par' dir='ltr' id='par_1_2' title="bbox 105 521 1718 593">
     <span class='ocr_line' id='line_1_2' title="bbox 105 521 1718 593; baseline -0.002 -18"><span class='ocrx_word' id='word_1_2' title='bbox 105 523 261 575; x_wconf 80' lang='grc' dir='ltr'>τινῶν</span> <span class='ocrx_word' id='word_1_3' title='bbox 293 523 637 593; x_wconf 85' lang='grc' dir='ltr'>ἐκινούμεθα</span> <span class='ocrx_word' id='word_1_4' title='bbox 664 526 743 587; x_wconf 84' lang='grc' dir='ltr'><strong>είς</strong></span> <span class='ocrx_word' id='word_1_5' title='bbox 774 522 953 584; x_wconf 86' lang='grc' dir='ltr'>τοῦτο,</span> <span class='ocrx_word' id='word_1_6' title='bbox 984 524 1126 592; x_wconf 81' lang='grc' dir='ltr'>τάχα</span> <span class='ocrx_word' id='word_1_7' title='bbox 1162 521 1230 574; x_wconf 85' lang='grc' dir='ltr'>ἂν</span> <span class='ocrx_word' id='word_1_8' title='bbox 1254 523 1320 574; x_wconf 85' lang='grc' dir='ltr'><strong>ἐκ</strong></span> <span class='ocrx_word' id='word_1_9' title='bbox 1348 521 1555 574; x_wconf 88' lang='grc' dir='ltr'>τούτων</span> <span class='ocrx_word' id='word_1_10' title='bbox 1579 522 1718 591; x_wconf 81' lang='grc' dir='ltr'>εἴχο-</span> 
     </span>
    </p>
   </div>
   <div class='ocr_carea' id='block_1_3' title="bbox 106 612 1711 685">
    <p class='ocr_par' dir='ltr' id='par_1_3' title="bbox 106 612 1711 685">
     <span class='ocr_line' id='line_1_3' title="bbox 106 612 1711 685; baseline -0.001 -19"><span class='ocrx_word' id='word_1_11' title='bbox 106 631 203 685; x_wconf 86' lang='grc' dir='ltr'><strong>μεν</strong></span> <span class='ocrx_word' id='word_1_12' title='bbox 235 613 429 683; x_wconf 79' lang='grc' dir='ltr'>λέγειν</span> <span class='ocrx_word' id='word_1_13' title='bbox 449 632 524 676; x_wconf 83' lang='grc' dir='ltr'><strong>τι,</strong></span> <span class='ocrx_word' id='word_1_14' title='bbox 559 617 652 669; x_wconf 68' lang='grc' dir='ltr'><strong>καὶ</strong></span> <span class='ocrx_word' id='word_1_15' title='bbox 675 618 724 669; x_wconf 86' lang='grc' dir='ltr'><strong>οί</strong></span> <span class='ocrx_word' id='word_1_16' title='bbox 751 614 1077 684; x_wconf 74' lang='grc' dir='ltr'><strong>ἀγνοοῦντες</strong></span> <span class='ocrx_word' id='word_1_17' title='bbox 1101 617 1167 667; x_wconf 87' lang='grc' dir='ltr'><strong>ἐκ</strong></span> <span class='ocrx_word' id='word_1_18' title='bbox 1198 613 1408 667; x_wconf 87' lang='grc' dir='ltr'>τούτων</span> <span class='ocrx_word' id='word_1_19' title='bbox 1436 612 1711 666; x_wconf 87' lang='grc' dir='ltr'>συνίεσαν.</span> 
     </span>
    </p>
   </div>
   <div class='ocr_carea' id='block_1_4' title="bbox 104 704 1713 776">
    <p class='ocr_par' dir='ltr' id='par_1_4' title="bbox 104 704 1713 776">
     <span class='ocr_line' id='line_1_4' title="bbox 104 704 1713 776; baseline -0.001 -18"><span class='ocrx_word' id='word_1_20' title='bbox 104 707 262 759; x_wconf 74' lang='grc' dir='ltr'>Οὕτω</span> <span class='ocrx_word' id='word_1_21' title='bbox 303 708 424 760; x_wconf 74' lang='grc' dir='ltr'>νόει</span> <span class='ocrx_word' id='word_1_22' title='bbox 463 708 559 761; x_wconf 76' lang='grc' dir='ltr'><strong>καὶ</strong></span> <span class='ocrx_word' id='word_1_23' title='bbox 587 710 682 761; x_wconf 74' lang='grc' dir='ltr'><strong>ἐπὶ</strong></span> <span class='ocrx_word' id='word_1_24' title='bbox 722 706 816 761; x_wconf 89' lang='grc' dir='ltr'><strong>τοῦ</strong></span> <span class='ocrx_word' id='word_1_25' title='bbox 858 707 1001 760; x_wconf 88' lang='grc' dir='ltr'>θείου</span> <span class='ocrx_word' id='word_1_26' title='bbox 1032 709 1128 761; x_wconf 78' lang='grc' dir='ltr'>καὶ</span> <span class='ocrx_word' id='word_1_27' title='bbox 1158 707 1328 769; x_wconf 76' lang='grc' dir='ltr'>ὅντως</span> <span class='ocrx_word' id='word_1_28' title='bbox 1370 704 1713 776; x_wconf 81' lang='grc' dir='ltr'>γλυκασμοῦ,</span> 
     </span>
    </p>
   </div>
   <div class='ocr_carea' id='block_1_5' title="bbox 104 797 1719 870">
    <p class='ocr_par' dir='ltr' id='par_1_5' title="bbox 104 797 1719 870">
     <span class='ocr_line' id='line_1_5' title="bbox 104 797 1719 870; baseline 0.001 -21"><span class='ocrx_word' id='word_1_29' title='bbox 104 798 176 850; x_wconf 80' lang='grc' dir='ltr'><strong>ὅτι</strong></span> <span class='ocrx_word' id='word_1_30' title='bbox 208 797 271 862; x_wconf 79' lang='grc' dir='ltr'><strong>ἐξ</strong></span> <span class='ocrx_word' id='word_1_31' title='bbox 302 799 482 851; x_wconf 78' lang='grc' dir='ltr'>αὐτοῦ</span> <span class='ocrx_word' id='word_1_32' title='bbox 525 800 761 870; x_wconf 74' lang='grc' dir='ltr'>ἀὲρως·</span> <span class='ocrx_word' id='word_1_33' title='bbox 796 798 891 852; x_wconf 73' lang='grc' dir='ltr'><strong>καὶ</strong></span> <span class='ocrx_word' id='word_1_34' title='bbox 919 800 1050 851; x_wconf 87' lang='grc' dir='ltr'>αύτό</span> <span class='ocrx_word' id='word_1_35' title='bbox 1079 801 1196 852; x_wconf 89' lang='grc' dir='ltr'>ἐστι</span> <span class='ocrx_word' id='word_1_36' title='bbox 1225 798 1287 851; x_wconf 85' lang='grc' dir='ltr'>τὺ</span> <span class='ocrx_word' id='word_1_37' title='bbox 1325 798 1578 869; x_wconf 81' lang='grc' dir='ltr'>ὲραστὸν,</span> <span class='ocrx_word' id='word_1_38' title='bbox 1622 798 1719 852; x_wconf 75' lang='grc' dir='ltr'>καὶ</span> 
     </span>
    </p>
   </div>
   <div class='ocr_carea' id='block_1_6' title="bbox 103 889 1715 963">
    <p class='ocr_par' dir='ltr' id='par_1_6' title="bbox 103 889 1715 963">
     <span class='ocr_line' id='line_1_6' title="bbox 103 889 1715 963; baseline 0 -20"><span class='ocrx_word' id='word_1_39' title='bbox 103 891 169 943; x_wconf 83' lang='grc' dir='ltr'>δι’</span> <span class='ocrx_word' id='word_1_40' title='bbox 198 891 402 955; x_wconf 73' lang='grc' dir='ltr'>αὐτοῦ,</span> <span class='ocrx_word' id='word_1_41' title='bbox 441 893 539 944; x_wconf 73' lang='grc' dir='ltr'>καὶ</span> <span class='ocrx_word' id='word_1_42' title='bbox 569 891 691 945; x_wconf 86' lang='grc' dir='ltr'>καθ’</span> <span class='ocrx_word' id='word_1_43' title='bbox 722 892 876 956; x_wconf 75' lang='grc' dir='ltr'>αὐτὸ,</span> <span class='ocrx_word' id='word_1_44' title='bbox 897 893 991 946; x_wconf 78' lang='grc' dir='ltr'><strong>καὶ</strong></span> <span class='ocrx_word' id='word_1_45' title='bbox 1020 891 1080 944; x_wconf 84' lang='grc' dir='ltr'><strong>ού</strong></span> <span class='ocrx_word' id='word_1_46' title='bbox 1112 891 1179 944; x_wconf 78' lang='grc' dir='ltr'>δι’</span> <span class='ocrx_word' id='word_1_47' title='bbox 1212 889 1369 943; x_wconf 76' lang='grc' dir='ltr'>ἄλλο’</span> <span class='ocrx_word' id='word_1_48' title='bbox 1399 889 1715 963; x_wconf 75' lang='grc' dir='ltr'><strong>ἐξῃρημένη</strong></span> 
     </span>
    </p>
   </div>
   <div class='ocr_carea' id='block_1_7' title="bbox 105 982 1720 1056">
    <p class='ocr_par' dir='ltr' id='par_1_7' title="bbox 105 982 1720 1056">
     <span class='ocr_line' id='line_1_7' title="bbox 105 982 1720 1056; baseline -0.002 -17"><span class='ocrx_word' id='word_1_49' title='bbox 105 986 213 1055; x_wconf 81' lang='grc' dir='ltr'><strong>γάρ</strong></span> <span class='ocrx_word' id='word_1_50' title='bbox 249 986 377 1036; x_wconf 86' lang='grc' dir='ltr'>ἐστι</span> <span class='ocrx_word' id='word_1_51' title='bbox 426 985 648 1037; x_wconf 81' lang='grc' dir='ltr'>πάντων</span> <span class='ocrx_word' id='word_1_52' title='bbox 680 986 714 1056; x_wconf 81' lang='grc' dir='ltr'><strong>ἡ</strong></span> <span class='ocrx_word' id='word_1_53' title='bbox 738 984 966 1054; x_wconf 80' lang='grc' dir='ltr'><strong>τοιαύτη</strong></span> <span class='ocrx_word' id='word_1_54' title='bbox 992 984 1188 1047; x_wconf 77' lang='grc' dir='ltr'>ἓνωσις</span> <span class='ocrx_word' id='word_1_55' title='bbox 1208 1024 1222 1046; x_wconf 95' lang='grc'><strong>,</strong></span> <span class='ocrx_word' id='word_1_56' title='bbox 1267 982 1362 1035; x_wconf 62' lang='grc' dir='ltr'><strong>κα)⁸</strong></span> <span class='ocrx_word' id='word_1_57' title='bbox 1409 982 1556 1051; x_wconf 78' lang='grc' dir='ltr'><strong>ἀπ’λῆ</strong></span> <span class='ocrx_word' id='word_1_58' title='bbox 1576 1023 1593 1045; x_wconf 92' lang='grc'><strong>,</strong></span> <span class='ocrx_word' id='word_1_59' title='bbox 1624 984 1720 1035; x_wconf 70' lang='grc' dir='ltr'>καὶ</span> 
     </span>
    </p>
   </div>
   <div class='ocr_carea' id='block_1_8' title="bbox 105 1073 1722 1146">
    <p class='ocr_par' dir='ltr' id='par_1_8' title="bbox 105 1073 1722 1146">
     <span class='ocr_line' id='line_1_8' title="bbox 105 1073 1722 1146; baseline -0.003 -16"><span class='ocrx_word' id='word_1_60' title='bbox 105 1078 217 1130; x_wconf 77' lang='grc' dir='ltr'><strong>ἀπ’</strong></span> <span class='ocrx_word' id='word_1_61' title='bbox 238 1076 417 1129; x_wconf 84' lang='grc' dir='ltr'>αὐτοῦ</span> <span class='ocrx_word' id='word_1_62' title='bbox 458 1076 559 1129; x_wconf 83' lang='grc' dir='ltr'><strong>τοῦ</strong></span> <span class='ocrx_word' id='word_1_63' title='bbox 590 1075 822 1146; x_wconf 84' lang='grc' dir='ltr'>ἐραστοῦ</span> <span class='ocrx_word' id='word_1_64' title='bbox 862 1075 1178 1146; x_wconf 76' lang='grc' dir='ltr'><strong>κινουμένη.</strong></span> <span class='ocrx_word' id='word_1_65' title='bbox 1224 1075 1495 1145; x_wconf 77' lang='grc' dir='ltr'>Ἀναρχον</span> <span class='ocrx_word' id='word_1_66' title='bbox 1536 1074 1593 1127; x_wconf 81' lang='grc' dir='ltr'>δὲ</span> <span class='ocrx_word' id='word_1_67' title='bbox 1624 1073 1722 1126; x_wconf 80' lang='grc' dir='ltr'><strong>καὶ</strong></span> 
     </span>
    </p>
   </div>
   <div class='ocr_carea' id='block_1_9' title="bbox 107 1164 1720 1239">
    <p class='ocr_par' dir='ltr' id='par_1_9' title="bbox 107 1164 1720 1239">
     <span class='ocr_line' id='line_1_9' title="bbox 107 1164 1720 1239; baseline -0.002 -17"><span class='ocrx_word' id='word_1_68' title='bbox 107 1169 480 1239; x_wconf 79' lang='grc' dir='ltr'><strong>ἀτελεύτητον</strong></span> <span class='ocrx_word' id='word_1_69' title='bbox 504 1169 595 1222; x_wconf 87' lang='grc' dir='ltr'><strong>τὸν</strong></span> <span class='ocrx_word' id='word_1_70' title='bbox 623 1168 765 1221; x_wconf 88' lang='grc' dir='ltr'>θεῖον</span> <span class='ocrx_word' id='word_1_71' title='bbox 786 1167 965 1239; x_wconf 79' lang='grc' dir='ltr'>ἔρωτα</span> <span class='ocrx_word' id='word_1_72' title='bbox 993 1168 1161 1237; x_wconf 77' lang='grc' dir='ltr'>λέγει,</span> <span class='ocrx_word' id='word_1_73' title='bbox 1188 1166 1265 1230; x_wconf 84' lang='grc' dir='ltr'>ὡς</span> <span class='ocrx_word' id='word_1_74' title='bbox 1290 1168 1356 1219; x_wconf 88' lang='grc' dir='ltr'><strong>ἐκ</strong></span> <span class='ocrx_word' id='word_1_75' title='bbox 1383 1164 1480 1219; x_wconf 90' lang='grc' dir='ltr'><strong>τοῦ</strong></span> <span class='ocrx_word' id='word_1_76' title='bbox 1510 1166 1720 1235; x_wconf 87' lang='grc' dir='ltr'>ἀγαθοῦ</span> 
     </span>
    </p>
   </div>
   <div class='ocr_carea' id='block_1_10' title="bbox 108 1258 1721 1332">
    <p class='ocr_par' dir='ltr' id='par_1_10' title="bbox 108 1258 1721 1332">
     <span class='ocr_line' id='line_1_10' title="bbox 108 1258 1721 1332; baseline -0.002 -19"><span class='ocrx_word' id='word_1_77' title='bbox 108 1261 397 1332; x_wconf 80' lang='grc' dir='ltr'>προϊόντα,</span> <span class='ocrx_word' id='word_1_78' title='bbox 434 1260 532 1312; x_wconf 75' lang='grc' dir='ltr'><strong>καὶ</strong></span> <span class='ocrx_word' id='word_1_79' title='bbox 563 1260 700 1331; x_wconf 88' lang='grc' dir='ltr'>πρὸς</span> <span class='ocrx_word' id='word_1_80' title='bbox 733 1259 793 1312; x_wconf 81' lang='grc' dir='ltr'>τὸ</span> <span class='ocrx_word' id='word_1_81' title='bbox 819 1258 1023 1327; x_wconf 83' lang='grc' dir='ltr'>ἀγαθὸν</span> <span class='ocrx_word' id='word_1_82' title='bbox 1053 1259 1553 1329; x_wconf 77' lang='grc' dir='ltr'>ἐπαναστρέφοντα·</span> <span class='ocrx_word' id='word_1_83' title='bbox 1578 1259 1721 1311; x_wconf 87' lang='grc' dir='ltr'><strong>κατά</strong></span> 
     </span>
    </p>
   </div>
   <div class='ocr_carea' id='block_1_11' title="bbox 108 1348 1719 1423">
    <p class='ocr_par' dir='ltr' id='par_1_11' title="bbox 108 1348 1719 1423">
     <span class='ocr_line' id='line_1_11' title="bbox 108 1348 1719 1423; baseline -0.002 -18"><span class='ocrx_word' id='word_1_84' title='bbox 108 1353 298 1423; x_wconf 77' lang='grc' dir='ltr'>σχῆμα</span> <span class='ocrx_word' id='word_1_85' title='bbox 331 1350 607 1405; x_wconf 83' lang='grc' dir='ltr'>κυκλικὸν</span> <span class='ocrx_word' id='word_1_86' title='bbox 646 1350 798 1422; x_wconf 78' lang='grc' dir='ltr'>(ἐπεὶ</span> <span class='ocrx_word' id='word_1_87' title='bbox 831 1351 925 1403; x_wconf 75' lang='grc' dir='ltr'><strong>καὶ</strong></span> <span class='ocrx_word' id='word_1_88' title='bbox 954 1352 987 1421; x_wconf 78' lang='grc' dir='ltr'><strong>ἠ</strong></span> <span class='ocrx_word' id='word_1_89' title='bbox 1015 1349 1111 1403; x_wconf 87' lang='grc' dir='ltr'><strong>τοῦ</strong></span> <span class='ocrx_word' id='word_1_90' title='bbox 1152 1349 1356 1402; x_wconf 79' lang='grc' dir='ltr'>κύκλου</span> <span class='ocrx_word' id='word_1_91' title='bbox 1387 1348 1623 1421; x_wconf 83' lang='grc' dir='ltr'>γραμμὴ</span> <span class='ocrx_word' id='word_1_92' title='bbox 1657 1350 1719 1401; x_wconf 86' lang='grc' dir='ltr'><strong>οὐ</strong></span> 
     </span>
    </p>
   </div>
   <div class='ocr_carea' id='block_1_12' title="bbox 107 1435 1723 1518">
    <p class='ocr_par' dir='ltr' id='par_1_12' title="bbox 107 1435 1723 1518">
     <span class='ocr_line' id='line_1_12' title="bbox 107 1435 1723 1518; baseline -0.002 -18"><span class='ocrx_word' id='word_1_93' title='bbox 107 1446 396 1518; x_wconf 81' lang='grc' dir='ltr'>γνώριμον</span> <span class='ocrx_word' id='word_1_94' title='bbox 420 1445 547 1515; x_wconf 75' lang='grc' dir='ltr'>ὄψει</span> <span class='ocrx_word' id='word_1_95' title='bbox 570 1444 693 1498; x_wconf 82' lang='grc' dir='ltr'>ὅθεν</span> <span class='ocrx_word' id='word_1_96' title='bbox 722 1444 928 1515; x_wconf 77' lang='grc' dir='ltr'>ἤρξατο</span> <span class='ocrx_word' id='word_1_97' title='bbox 957 1483 972 1509; x_wconf 92' lang='grc'><strong>,</strong></span> <span class='ocrx_word' id='word_1_98' title='bbox 1012 1443 1107 1495; x_wconf 76' lang='grc' dir='ltr'><strong>καί¹</strong></span> <span class='ocrx_word' id='word_1_99' title='bbox 1145 1435 1207 1495; x_wconf 75' lang='grc' dir='ltr'><strong>οῦ</strong></span> <span class='ocrx_word' id='word_1_100' title='bbox 1247 1440 1540 1512; x_wconf 80' lang='grc' dir='ltr'>κατέληξε)</span> <span class='ocrx_word' id='word_1_101' title='bbox 1562 1457 1575 1469; x_wconf 90' lang='grc'><strong>·</strong></span> <span class='ocrx_word' id='word_1_102' title='bbox 1628 1444 1723 1496; x_wconf 78' lang='grc' dir='ltr'><strong>καὶ</strong></span> 
     </span>
    </p>
   </div>
   <div class='ocr_carea' id='block_1_13' title="bbox 107 1534 1723 1614">
    <p class='ocr_par' dir='ltr' id='par_1_13' title="bbox 107 1534 1723 1614">
     <span class='ocr_line' id='line_1_13' title="bbox 107 1534 1723 1614; baseline -0.004 -19"><span class='ocrx_word' id='word_1_103' title='bbox 107 1541 215 1614; x_wconf 80' lang='grc' dir='ltr'><strong>γάρ</strong></span> <span class='ocrx_word' id='word_1_104' title='bbox 240 1541 302 1609; x_wconf 79' lang='grc' dir='ltr'>ἐξ</span> <span class='ocrx_word' id='word_1_105' title='bbox 331 1539 568 1611; x_wconf 74' lang='grc' dir='ltr'>αὑτοῦὴ</span> <span class='ocrx_word' id='word_1_106' title='bbox 600 1537 836 1608; x_wconf 86' lang='grc' dir='ltr'>τάγαθοῦ</span> <span class='ocrx_word' id='word_1_107' title='bbox 879 1536 1098 1606; x_wconf 76' lang='grc' dir='ltr'>ἔφεσις,</span> <span class='ocrx_word' id='word_1_108' title='bbox 1134 1538 1228 1589; x_wconf 72' lang='grc' dir='ltr'><strong>καὶ</strong></span> <span class='ocrx_word' id='word_1_109' title='bbox 1268 1538 1349 1599; x_wconf 88' lang='grc' dir='ltr'><strong>είς</strong></span> <span class='ocrx_word' id='word_1_110' title='bbox 1377 1534 1513 1589; x_wconf 71' lang='grc' dir='ltr'>αὐτὸ</span> <span class='ocrx_word' id='word_1_111' title='bbox 1560 1534 1723 1589; x_wconf 82' lang='grc' dir='ltr'>πάλιν</span> 
     </span>
    </p>
   </div>
   <div class='ocr_carea' id='block_1_14' title="bbox 106 1626 1723 1706">
    <p class='ocr_par' dir='ltr' id='par_1_14' title="bbox 106 1626 1723 1706">
     <span class='ocr_line' id='line_1_14' title="bbox 106 1626 1723 1706; baseline -0.003 -21"><span class='ocrx_word' id='word_1_112' title='bbox 106 1636 228 1706; x_wconf 69' lang='grc' dir='ltr'>ὁρᾷ,</span> <span class='ocrx_word' id='word_1_113' title='bbox 260 1637 322 1688; x_wconf 86' lang='grc' dir='ltr'><strong>ἐν</strong></span> <span class='ocrx_word' id='word_1_114' title='bbox 355 1631 514 1702; x_wconf 77' lang='grc' dir='ltr'>αύτῷ</span> <span class='ocrx_word' id='word_1_115' title='bbox 540 1632 598 1685; x_wconf 80' lang='grc' dir='ltr'>δέ</span> <span class='ocrx_word' id='word_1_116' title='bbox 619 1633 737 1683; x_wconf 85' lang='grc' dir='ltr'>ἐστι</span> <span class='ocrx_word' id='word_1_117' title='bbox 760 1631 854 1684; x_wconf 75' lang='grc' dir='ltr'><strong>καὶ</strong></span> <span class='ocrx_word' id='word_1_118' title='bbox 889 1630 1040 1700; x_wconf 80' lang='grc' dir='ltr'>μένει</span> <span class='ocrx_word' id='word_1_119' title='bbox 1066 1629 1127 1681; x_wconf 82' lang='grc' dir='ltr'>τὸ</span> <span class='ocrx_word' id='word_1_120' title='bbox 1150 1630 1284 1700; x_wconf 73' lang='grc' dir='ltr'><strong>ἐρᾷν</strong></span> <span class='ocrx_word' id='word_1_121' title='bbox 1307 1628 1410 1698; x_wconf 77' lang='grc' dir='ltr'>τῆς</span> <span class='ocrx_word' id='word_1_122' title='bbox 1440 1626 1723 1699; x_wconf 81' lang='grc' dir='ltr'>συμφυοῦς</span> 
     </span>
    </p>
   </div>
   <div class='ocr_carea' id='block_1_15' title="bbox 109 1719 1718 1797">
    <p class='ocr_par' dir='ltr' id='par_1_15' title="bbox 109 1719 1718 1797">
     <span class='ocr_line' id='line_1_15' title="bbox 109 1719 1718 1797; baseline -0.004 -18"><span class='ocrx_word' id='word_1_123' title='bbox 109 1726 483 1797; x_wconf 83' lang='grc' dir='ltr'>ἀγαθότητος,</span> <span class='ocrx_word' id='word_1_124' title='bbox 530 1722 625 1776; x_wconf 74' lang='grc' dir='ltr'><strong>καὶ</strong></span> <span class='ocrx_word' id='word_1_125' title='bbox 642 1722 752 1775; x_wconf 86' lang='grc' dir='ltr'><strong>τῶν</strong></span> <span class='ocrx_word' id='word_1_126' title='bbox 778 1721 917 1792; x_wconf 75' lang='grc' dir='ltr'>πρὸς</span> <span class='ocrx_word' id='word_1_127' title='bbox 938 1720 999 1773; x_wconf 80' lang='grc' dir='ltr'>τὸ</span> <span class='ocrx_word' id='word_1_128' title='bbox 1028 1720 1232 1789; x_wconf 75' lang='grc' dir='ltr'>ἀγαθὸν</span> <span class='ocrx_word' id='word_1_129' title='bbox 1265 1719 1718 1790; x_wconf 72' lang='grc' dir='ltr'>ἁνατεινομένων.</span> 
     </span>
    </p>
   </div>
   <div class='ocr_carea' id='block_1_16' title="bbox 688 311 1668 373">
    <p class='ocr_par' dir='ltr' id='par_1_16' title="bbox 688 311 1668 373">
     <span class='ocr_line' id='line_1_16' title="bbox 688 311 1668 373; baseline -0.002 -7"><span class='ocrx_word' id='word_1_130' title='bbox 688 313 777 367; x_wconf 80' lang='lat' dir='ltr'><strong>DE</strong></span> <span class='ocrx_word' id='word_1_131' title='bbox 812 312 1068 368; x_wconf 65' lang='lat' dir='ltr'><strong>DlVlNlS</strong></span> <span class='ocrx_word' id='word_1_132' title='bbox 1102 311 1506 373; x_wconf 72' lang='lat' dir='ltr'><strong>NOMINIBUS,</strong></span> <span class='ocrx_word' id='word_1_133' title='bbox 1540 311 1668 365; x_wconf 74' lang='lat' dir='ltr'><strong>CAP</strong></span> 
     </span>
    </p>
   </div>
   <div class='ocr_carea' id='block_1_17' title="bbox 1905 311 2820 373">
    <p class='ocr_par' dir='ltr' id='par_1_17' title="bbox 1905 311 2820 368">
     <span class='ocr_line' id='line_1_17' title="bbox 1905 311 2820 368; baseline 0.004 -4"><span class='ocrx_word' id='word_1_134' title='bbox 1905 344 1921 351; x_wconf 95' lang='lat'>-</span> <span class='ocrx_word' id='word_1_135' title='bbox 1954 311 2305 367; x_wconf 66' lang='lat' dir='ltr'><strong>PARAPHR.</strong></span> <span class='ocrx_word' id='word_1_136' title='bbox 2342 312 2820 368; x_wconf 69' lang='grc' dir='ltr'><strong>ΡᾹΕΠΥΜΕΒᾹΞ.</strong></span> 
     </span>
    </p>
   </div>
   <div class='ocr_carea' id='block_1_18' title="bbox 103 426 1668 499">
    <p class='ocr_par' dir='ltr' id='par_1_18' title="bbox 103 426 1668 499">
     <span class='ocr_line' id='line_1_18' title="bbox 103 426 1668 499; baseline -0.003 -18"><span class='ocrx_word' id='word_1_137' title='bbox 103 429 246 481; x_wconf 70' lang='grc' dir='ltr'>ἐστιν</span> <span class='ocrx_word' id='word_1_138' title='bbox 276 430 313 499; x_wconf 81' lang='grc' dir='ltr'>ἡ</span> <span class='ocrx_word' id='word_1_139' title='bbox 345 427 633 499; x_wconf 81' lang='grc' dir='ltr'>γλυκύτης</span> <span class='ocrx_word' id='word_1_140' title='bbox 664 433 779 493; x_wconf 84' lang='grc' dir='ltr'>τοῖς</span> <span class='ocrx_word' id='word_1_141' title='bbox 802 427 1091 498; x_wconf 81' lang='grc' dir='ltr'>ἀγνοοῦσιν</span> <span class='ocrx_word' id='word_1_142' title='bbox 1111 445 1126 458; x_wconf 88' lang='grc'><strong>·</strong></span> <span class='ocrx_word' id='word_1_143' title='bbox 1154 430 1205 480; x_wconf 87' lang='grc' dir='ltr'>εἰ</span> <span class='ocrx_word' id='word_1_144' title='bbox 1229 427 1341 498; x_wconf 76' lang='grc' dir='ltr'>γὰρ</span> <span class='ocrx_word' id='word_1_145' title='bbox 1372 428 1503 498; x_wconf 78' lang='grc' dir='ltr'>παρ’</span> <span class='ocrx_word' id='word_1_146' title='bbox 1535 426 1668 480; x_wconf 75' lang='grc' dir='ltr'>ἄλλο</span> 
     </span>
    </p>
   </div>
   <div class='ocr_carea' id='block_1_19' title="bbox 1905 426 3220 499">
    <p class='ocr_par' dir='ltr' id='par_1_19' title="bbox 1905 427 3220 491">
     <span class='ocr_line' id='line_1_19' title="bbox 1905 427 3220 491; baseline 0.002 -12"><span class='ocrx_word' id='word_1_147' title='bbox 1905 429 2051 481; x_wconf 69' lang='lat' dir='ltr'><strong>idum</strong></span> <span class='ocrx_word' id='word_1_148' title='bbox 2100 428 2246 480; x_wconf 83' lang='lat' dir='ltr'><strong>enim</strong></span> <span class='ocrx_word' id='word_1_149' title='bbox 2299 428 2475 481; x_wconf 81' lang='lat' dir='ltr'><strong>mellis</strong></span> <span class='ocrx_word' id='word_1_150' title='bbox 2542 427 2888 481; x_wconf 80' lang='lat' dir='ltr'><strong>dulcedinem</strong></span> <span class='ocrx_word' id='word_1_151' title='bbox 2939 442 3220 491; x_wconf 82' lang='lat' dir='ltr'><strong>amamus,</strong></span> 
     </span>
    </p>
   </div>
   <div class='ocr_carea' id='block_1_20' title="bbox 3308 316 3414 370">
    <p class='ocr_par' dir='ltr' id='par_1_20' title="bbox 3308 316 3414 370">
     <span class='ocr_line' id='line_1_20' title="bbox 3308 316 3414 370; baseline 0.009 -2"><span class='ocrx_word' id='word_1_152' title='bbox 3308 316 3414 370; x_wconf 76' lang='lat'><strong>778</strong></span> 
     </span>
    </p>
   </div>
   <div class='ocr_carea' id='block_1_21' title="bbox 3298 444 3414 482">
    <p class='ocr_par' dir='ltr' id='par_1_21' title="bbox 3298 444 3414 482">
     <span class='ocr_line' id='line_1_21' title="bbox 3298 444 3414 482; baseline 0.009 -1"><span class='ocrx_word' id='word_1_153' title='bbox 3298 444 3414 482; x_wconf 82' lang='grc' dir='ltr'>ιιυη</span> 
     </span>
    </p>
   </div>
   <div class='ocr_carea' id='block_1_22' title="bbox 1821 519 3416 590">
    <p class='ocr_par' dir='ltr' id='par_1_22' title="bbox 1821 519 3416 590">
     <span class='ocr_line' id='line_1_22' title="bbox 1821 519 3416 590; baseline 0.002 -18"><span class='ocrx_word' id='word_1_154' title='bbox 1821 519 2040 574; x_wconf 90' lang='lat' dir='ltr'><strong>aliunde</strong></span> <span class='ocrx_word' id='word_1_155' title='bbox 2096 521 2229 573; x_wconf 85' lang='lat' dir='ltr'><strong>moti</strong></span> <span class='ocrx_word' id='word_1_156' title='bbox 2272 534 2437 589; x_wconf 87' lang='lat' dir='ltr'><strong>quam</strong></span> <span class='ocrx_word' id='word_1_157' title='bbox 2484 520 2554 575; x_wconf 90' lang='lat' dir='ltr'><strong>ab</strong></span> <span class='ocrx_word' id='word_1_158' title='bbox 2616 523 2730 589; x_wconf 87' lang='lat' dir='ltr'><strong>ipsa</strong></span> <span class='ocrx_word' id='word_1_159' title='bbox 2766 562 2783 586; x_wconf 89' lang='lat'><strong>,</strong></span> <span class='ocrx_word' id='word_1_160' title='bbox 2842 536 2942 575; x_wconf 90' lang='lat' dir='ltr'><strong>nec</strong></span> <span class='ocrx_word' id='word_1_161' title='bbox 2998 534 3221 590; x_wconf 77' lang='lat' dir='ltr'><strong>propter</strong></span> <span class='ocrx_word' id='word_1_162' title='bbox 3264 522 3416 575; x_wconf 82' lang='lat' dir='ltr'><strong>aliud</strong></span> 
     </span>
    </p>
   </div>
   <div class='ocr_carea' id='block_1_23' title="bbox 1820 612 3417 685">
    <p class='ocr_par' dir='ltr' id='par_1_23' title="bbox 1820 612 3417 685">
     <span class='ocr_line' id='line_1_23' title="bbox 1820 612 3417 685; baseline 0.003 -21"><span class='ocrx_word' id='word_1_163' title='bbox 1820 626 1987 681; x_wconf 81' lang='lat' dir='ltr'><strong>quant</strong></span> <span class='ocrx_word' id='word_1_164' title='bbox 2052 612 2196 666; x_wconf 83' lang='lat' dir='ltr'><strong>illam</strong></span> <span class='ocrx_word' id='word_1_165' title='bbox 2281 613 2575 681; x_wconf 81' lang='lat' dir='ltr'><strong>ipsarumet</strong></span> <span class='ocrx_word' id='word_1_166' title='bbox 2630 614 3011 677; x_wconf 83' lang='lat' dir='ltr'><strong>dulcedinem,</strong></span> <span class='ocrx_word' id='word_1_167' title='bbox 3074 627 3417 685; x_wconf 87' lang='lat' dir='ltr'><strong>quapropter</strong></span> 
     </span>
    </p>
   </div>
   <div class='ocr_carea' id='block_1_24' title="bbox 1820 704 3414 779">
    <p class='ocr_par' dir='ltr' id='par_1_24' title="bbox 1820 704 3414 779">
     <span class='ocr_line' id='line_1_24' title="bbox 1820 704 3414 779; baseline 0 -22"><span class='ocrx_word' id='word_1_168' title='bbox 1820 705 1988 757; x_wconf 89' lang='lat' dir='ltr'><strong>etiam</strong></span> <span class='ocrx_word' id='word_1_169' title='bbox 2022 704 2427 770; x_wconf 79' lang='lat' dir='ltr'><strong>inexplicabilis</strong></span> <span class='ocrx_word' id='word_1_170' title='bbox 2451 714 2537 758; x_wconf 89' lang='lat' dir='ltr'><strong>est</strong></span> <span class='ocrx_word' id='word_1_171' title='bbox 2571 706 2803 761; x_wconf 83' lang='lat' dir='ltr'><strong>dulcedo</strong></span> <span class='ocrx_word' id='word_1_172' title='bbox 2834 707 2981 761; x_wconf 82' lang='lat' dir='ltr'><strong>illam</strong></span> <span class='ocrx_word' id='word_1_173' title='bbox 3009 708 3414 779; x_wconf 62' lang='lat' dir='ltr'><strong>ignorantibth</strong></span> 
     </span>
    </p>
   </div>
   <div class='ocr_carea' id='block_1_25' title="bbox 1823 795 3414 866">
    <p class='ocr_par' dir='ltr' id='par_1_25' title="bbox 1823 795 3414 866">
     <span class='ocr_line' id='line_1_25' title="bbox 1823 795 3414 866; baseline 0.004 -17"><span class='ocrx_word' id='word_1_174' title='bbox 1823 795 1870 849; x_wconf 87' lang='lat' dir='ltr'><strong>si</strong></span> <span class='ocrx_word' id='word_1_175' title='bbox 1910 796 2059 849; x_wconf 88' lang='lat' dir='ltr'><strong>enim</strong></span> <span class='ocrx_word' id='word_1_176' title='bbox 2107 799 2178 850; x_wconf 90' lang='lat' dir='ltr'><strong>ab</strong></span> <span class='ocrx_word' id='word_1_177' title='bbox 2224 796 2348 851; x_wconf 86' lang='lat' dir='ltr'><strong>aliis</strong></span> <span class='ocrx_word' id='word_1_178' title='bbox 2389 797 2718 866; x_wconf 84' lang='lat' dir='ltr'><strong>quibusdam</strong></span> <span class='ocrx_word' id='word_1_179' title='bbox 2772 800 2839 852; x_wconf 86' lang='lat' dir='ltr'><strong>ad</strong></span> <span class='ocrx_word' id='word_1_180' title='bbox 2891 799 2995 855; x_wconf 92' lang='lat' dir='ltr'><strong>hoc</strong></span> <span class='ocrx_word' id='word_1_181' title='bbox 3034 815 3414 859; x_wconf 84' lang='lat' dir='ltr'><strong>moveremur.</strong></span> 
     </span>
    </p>
   </div>
   <div class='ocr_carea' id='block_1_26' title="bbox 1823 887 3414 961">
    <p class='ocr_par' dir='ltr' id='par_1_26' title="bbox 1823 887 3414 961">
     <span class='ocr_line' id='line_1_26' title="bbox 1823 887 3414 961; baseline 0.004 -21"><span class='ocrx_word' id='word_1_182' title='bbox 1823 887 2015 957; x_wconf 85' lang='lat' dir='ltr'><strong>utique</strong></span> <span class='ocrx_word' id='word_1_183' title='bbox 2044 903 2110 943; x_wconf 79' lang='lat' dir='ltr'><strong>ex</strong></span> <span class='ocrx_word' id='word_1_184' title='bbox 2141 888 2225 943; x_wconf 87' lang='lat' dir='ltr'><strong>his</strong></span> <span class='ocrx_word' id='word_1_185' title='bbox 2250 890 2453 959; x_wconf 86' lang='lat' dir='ltr'><strong>aliquid</strong></span> <span class='ocrx_word' id='word_1_186' title='bbox 2481 891 2664 945; x_wconf 86' lang='lat' dir='ltr'><strong>dicere</strong></span> <span class='ocrx_word' id='word_1_187' title='bbox 2716 906 3033 961; x_wconf 82' lang='lat' dir='ltr'><strong>possemus,</strong></span> <span class='ocrx_word' id='word_1_188' title='bbox 3064 895 3204 949; x_wconf 92' lang='lat' dir='ltr'><strong>unde</strong></span> <span class='ocrx_word' id='word_1_189' title='bbox 3239 894 3414 948; x_wconf 85' lang='lat' dir='ltr'><strong>etiam</strong></span> 
     </span>
    </p>
   </div>
   <div class='ocr_carea' id='block_1_27' title="bbox 1827 980 3419 1056">
    <p class='ocr_par' dir='ltr' id='par_1_27' title="bbox 1827 980 3419 1056">
     <span class='ocr_line' id='line_1_27' title="bbox 1827 980 3419 1056; baseline 0.004 -23"><span class='ocrx_word' id='word_1_190' title='bbox 1827 980 2148 1049; x_wconf 79' lang='lat' dir='ltr'><strong>ignorantes</strong></span> <span class='ocrx_word' id='word_1_191' title='bbox 2192 995 2608 1049; x_wconf 78' lang='lat' dir='ltr'><strong>cognoscerent.</strong></span> <span class='ocrx_word' id='word_1_192' title='bbox 2664 984 2758 1039; x_wconf 87' lang='lat' dir='ltr'><strong>Sic</strong></span> <span class='ocrx_word' id='word_1_193' title='bbox 2795 986 2973 1056; x_wconf 90' lang='lat' dir='ltr'><strong>cogita</strong></span> <span class='ocrx_word' id='word_1_194' title='bbox 3020 988 3185 1040; x_wconf 86' lang='lat' dir='ltr'><strong>etiam</strong></span> <span class='ocrx_word' id='word_1_195' title='bbox 3228 988 3280 1040; x_wconf 94' lang='lat' dir='ltr'><strong>iu</strong></span> <span class='ocrx_word' id='word_1_196' title='bbox 3331 988 3419 1040; x_wconf 86' lang='lat' dir='ltr'><strong>di-</strong></span> 
     </span>
    </p>
   </div>
   <div class='ocr_carea' id='block_1_28' title="bbox 1829 1073 3422 1147">
    <p class='ocr_par' dir='ltr' id='par_1_28' title="bbox 1829 1073 3422 1147">
     <span class='ocr_line' id='line_1_28' title="bbox 1829 1073 3422 1147; baseline 0.004 -19"><span class='ocrx_word' id='word_1_197' title='bbox 1829 1077 1956 1128; x_wconf 85' lang='lat' dir='ltr'><strong>viua</strong></span> <span class='ocrx_word' id='word_1_198' title='bbox 1976 1089 2215 1143; x_wconf 86' lang='lat' dir='ltr'><strong>veraque</strong></span> <span class='ocrx_word' id='word_1_199' title='bbox 2234 1073 2520 1129; x_wconf 82' lang='lat' dir='ltr'><strong>dulcedine</strong></span> <span class='ocrx_word' id='word_1_200' title='bbox 2540 1090 2782 1130; x_wconf 88' lang='lat' dir='ltr'><strong>amorem</strong></span> <span class='ocrx_word' id='word_1_201' title='bbox 2814 1091 2877 1130; x_wconf 80' lang='lat' dir='ltr'><strong>ex</strong></span> <span class='ocrx_word' id='word_1_202' title='bbox 2906 1076 3019 1147; x_wconf 90' lang='lat' dir='ltr'><strong>ipsa</strong></span> <span class='ocrx_word' id='word_1_203' title='bbox 3049 1080 3340 1140; x_wconf 76' lang='lat' dir='ltr'><strong>exsistere.</strong></span> <span class='ocrx_word' id='word_1_204' title='bbox 3363 1091 3422 1135; x_wconf 87' lang='lat' dir='ltr'><strong>et</strong></span> 
     </span>
    </p>
   </div>
   <div class='ocr_carea' id='block_1_29' title="bbox 1826 1168 3421 1244">
    <p class='ocr_par' dir='ltr' id='par_1_29' title="bbox 1826 1168 3421 1244">
     <span class='ocr_line' id='line_1_29' title="bbox 1826 1168 3421 1244; baseline 0.005 -22"><span class='ocrx_word' id='word_1_205' title='bbox 1826 1171 2005 1237; x_wconf 85' lang='lat' dir='ltr'><strong>ipsam</strong></span> <span class='ocrx_word' id='word_1_206' title='bbox 2038 1183 2163 1223; x_wconf 78' lang='lat' dir='ltr'><strong>esse</strong></span> <span class='ocrx_word' id='word_1_207' title='bbox 2191 1168 2487 1223; x_wconf 80' lang='lat' dir='ltr'><strong>amabilem</strong></span> <span class='ocrx_word' id='word_1_208' title='bbox 2516 1184 2640 1225; x_wconf 90' lang='lat' dir='ltr'><strong>cum</strong></span> <span class='ocrx_word' id='word_1_209' title='bbox 2684 1182 2909 1240; x_wconf 82' lang='lat' dir='ltr'><strong>propter</strong></span> <span class='ocrx_word' id='word_1_210' title='bbox 2944 1186 3026 1238; x_wconf 86' lang='lat' dir='ltr'><strong>sc,</strong></span> <span class='ocrx_word' id='word_1_211' title='bbox 3062 1182 3172 1229; x_wconf 91' lang='lat' dir='ltr'><strong>tum</strong></span> <span class='ocrx_word' id='word_1_212' title='bbox 3212 1190 3311 1244; x_wconf 88' lang='lat' dir='ltr'><strong>per</strong></span> <span class='ocrx_word' id='word_1_213' title='bbox 3337 1192 3421 1241; x_wconf 88' lang='lat' dir='ltr'><strong>se,</strong></span> 
     </span>
    </p>
   </div>
   <div class='ocr_carea' id='block_1_30' title="bbox 1823 1261 3428 1329">
    <p class='ocr_par' dir='ltr' id='par_1_30' title="bbox 1823 1261 3428 1329">
     <span class='ocr_line' id='line_1_30' title="bbox 1823 1261 3428 1329; baseline 0.004 -14"><span class='ocrx_word' id='word_1_214' title='bbox 1823 1271 1880 1315; x_wconf 85' lang='lat' dir='ltr'><strong>et</strong></span> <span class='ocrx_word' id='word_1_215' title='bbox 1929 1276 2036 1314; x_wconf 90' lang='lat' dir='ltr'><strong>non</strong></span> <span class='ocrx_word' id='word_1_216' title='bbox 2086 1271 2314 1329; x_wconf 86' lang='lat' dir='ltr'><strong>propter</strong></span> <span class='ocrx_word' id='word_1_217' title='bbox 2363 1261 2549 1327; x_wconf 81' lang='lat' dir='ltr'><strong>aliud,</strong></span> <span class='ocrx_word' id='word_1_218' title='bbox 2603 1278 2727 1316; x_wconf 87' lang='lat' dir='ltr'><strong>nam</strong></span> <span class='ocrx_word' id='word_1_219' title='bbox 2788 1263 3103 1321; x_wconf 87' lang='lat' dir='ltr'><strong>istiusmodi</strong></span> <span class='ocrx_word' id='word_1_220' title='bbox 3171 1268 3303 1321; x_wconf 90' lang='lat' dir='ltr'><strong>unio</strong></span> <span class='ocrx_word' id='word_1_221' title='bbox 3356 1269 3428 1322; x_wconf 80' lang='lat' dir='ltr'><strong>ab</strong></span> 
     </span>
    </p>
   </div>
   <div class='ocr_carea' id='block_1_31' title="bbox 1824 1354 3427 1429">
    <p class='ocr_par' dir='ltr' id='par_1_31' title="bbox 1824 1354 3427 1429">
     <span class='ocr_line' id='line_1_31' title="bbox 1824 1354 3427 1429; baseline 0.005 -22"><span class='ocrx_word' id='word_1_222' title='bbox 1824 1354 2083 1407; x_wconf 89' lang='lat' dir='ltr'><strong>omnibus</strong></span> <span class='ocrx_word' id='word_1_223' title='bbox 2112 1363 2365 1423; x_wconf 75' lang='lat' dir='ltr'><strong>exempta</strong></span> <span class='ocrx_word' id='word_1_224' title='bbox 2401 1363 2506 1419; x_wconf 85' lang='lat' dir='ltr'><strong>est,</strong></span> <span class='ocrx_word' id='word_1_225' title='bbox 2572 1365 2630 1409; x_wconf 86' lang='lat' dir='ltr'><strong>et</strong></span> <span class='ocrx_word' id='word_1_226' title='bbox 2673 1357 2930 1426; x_wconf 80' lang='lat' dir='ltr'><strong>simplex,</strong></span> <span class='ocrx_word' id='word_1_227' title='bbox 2977 1368 3035 1412; x_wconf 88' lang='lat' dir='ltr'><strong>et</strong></span> <span class='ocrx_word' id='word_1_228' title='bbox 3070 1358 3139 1412; x_wconf 89' lang='lat' dir='ltr'><strong>ab</strong></span> <span class='ocrx_word' id='word_1_229' title='bbox 3186 1360 3427 1429; x_wconf 85' lang='lat' dir='ltr'><strong>ipsumet</strong></span> 
     </span>
    </p>
   </div>
   <div class='ocr_carea' id='block_1_32' title="bbox 1825 1443 3425 1506">
    <p class='ocr_par' dir='ltr' id='par_1_32' title="bbox 1825 1443 3425 1506">
     <span class='ocr_line' id='line_1_32' title="bbox 1825 1443 3425 1506; baseline 0.006 -10"><span class='ocrx_word' id='word_1_230' title='bbox 1825 1443 2046 1498; x_wconf 77' lang='lat' dir='ltr'><strong>amabili</strong></span> <span class='ocrx_word' id='word_1_231' title='bbox 2087 1454 2255 1499; x_wconf 89' lang='lat' dir='ltr'><strong>mota.</strong></span> <span class='ocrx_word' id='word_1_232' title='bbox 2311 1445 2482 1500; x_wconf 86' lang='lat' dir='ltr'><strong>Porro</strong></span> <span class='ocrx_word' id='word_1_233' title='bbox 2520 1447 2654 1501; x_wconf 87' lang='lat' dir='ltr'><strong>dicit</strong></span> <span class='ocrx_word' id='word_1_234' title='bbox 2707 1462 2951 1503; x_wconf 87' lang='lat' dir='ltr'><strong>amorem</strong></span> <span class='ocrx_word' id='word_1_235' title='bbox 2998 1448 3146 1505; x_wconf 86' lang='lat' dir='ltr'><strong>hunc</strong></span> <span class='ocrx_word' id='word_1_236' title='bbox 3173 1447 3425 1506; x_wconf 89' lang='lat' dir='ltr'><strong>divinum</strong></span> 
     </span>
    </p>
   </div>
   <div class='ocr_carea' id='block_1_33' title="bbox 1825 1535 3427 1612">
    <p class='ocr_par' dir='ltr' id='par_1_33' title="bbox 1825 1535 3427 1612">
     <span class='ocr_line' id='line_1_33' title="bbox 1825 1535 3427 1612; baseline 0.008 -27"><span class='ocrx_word' id='word_1_237' title='bbox 1825 1535 2101 1606; x_wconf 82' lang='lat' dir='ltr'><strong>principio</strong></span> <span class='ocrx_word' id='word_1_238' title='bbox 2132 1537 2350 1607; x_wconf 76' lang='lat' dir='ltr'><strong>ﬁneque</strong></span> <span class='ocrx_word' id='word_1_239' title='bbox 2374 1553 2586 1603; x_wconf 84' lang='lat' dir='ltr'><strong>carere,</strong></span> <span class='ocrx_word' id='word_1_240' title='bbox 2619 1552 2812 1609; x_wconf 85' lang='lat' dir='ltr'><strong>utpote</strong></span> <span class='ocrx_word' id='word_1_241' title='bbox 2862 1556 2927 1595; x_wconf 79' lang='lat' dir='ltr'><strong>ex</strong></span> <span class='ocrx_word' id='word_1_242' title='bbox 2967 1542 3113 1596; x_wconf 90' lang='lat' dir='ltr'><strong>bono</strong></span> <span class='ocrx_word' id='word_1_243' title='bbox 3142 1543 3427 1612; x_wconf 82' lang='lat' dir='ltr'><strong>prodeun-</strong></span> 
     </span>
    </p>
   </div>
   <div class='ocr_carea' id='block_1_34' title="bbox 1826 1630 3426 1703">
    <p class='ocr_par' dir='ltr' id='par_1_34' title="bbox 1826 1630 3426 1703">
     <span class='ocr_line' id='line_1_34' title="bbox 1826 1630 3426 1703; baseline 0.008 -22"><span class='ocrx_word' id='word_1_244' title='bbox 1826 1638 1934 1683; x_wconf 90' lang='lat' dir='ltr'><strong>tem</strong></span> <span class='ocrx_word' id='word_1_245' title='bbox 1957 1671 1973 1694; x_wconf 93' lang='lat'><strong>,</strong></span> <span class='ocrx_word' id='word_1_246' title='bbox 1998 1639 2053 1685; x_wconf 77' lang='lat' dir='ltr'><strong>et</strong></span> <span class='ocrx_word' id='word_1_247' title='bbox 2084 1630 2151 1685; x_wconf 87' lang='lat' dir='ltr'><strong>ad</strong></span> <span class='ocrx_word' id='word_1_248' title='bbox 2186 1632 2389 1686; x_wconf 88' lang='lat' dir='ltr'><strong>bonum</strong></span> <span class='ocrx_word' id='word_1_249' title='bbox 2420 1647 2481 1688; x_wconf 90' lang='lat' dir='ltr'><strong>se</strong></span> <span class='ocrx_word' id='word_1_250' title='bbox 2510 1642 2963 1703; x_wconf 86' lang='lat' dir='ltr'><strong>convertentem,</strong></span> <span class='ocrx_word' id='word_1_251' title='bbox 3011 1638 3315 1692; x_wconf 80' lang='lat' dir='ltr'><strong>secundum</strong></span> <span class='ocrx_word' id='word_1_252' title='bbox 3355 1640 3426 1693; x_wconf 83' lang='lat' dir='ltr'><strong>li—</strong></span> 
     </span>
    </p>
   </div>
   <div class='ocr_carea' id='block_1_35' title="bbox 1826 1724 3422 1801">
    <p class='ocr_par' dir='ltr' id='par_1_35' title="bbox 1826 1724 3422 1801">
     <span class='ocr_line' id='line_1_35' title="bbox 1826 1724 3422 1801; baseline 0.008 -26"><span class='ocrx_word' id='word_1_253' title='bbox 1826 1739 2022 1791; x_wconf 77' lang='lat' dir='ltr'><strong>gurum</strong></span> <span class='ocrx_word' id='word_1_254' title='bbox 2085 1724 2416 1779; x_wconf 73' lang='lat' dir='ltr'><strong>circulare-un</strong></span> <span class='ocrx_word' id='word_1_255' title='bbox 2492 1728 2991 1797; x_wconf 82' lang='lat' dir='ltr'><strong>(quemadmodum</strong></span> <span class='ocrx_word' id='word_1_256' title='bbox 3045 1747 3224 1801; x_wconf 89' lang='lat' dir='ltr'><strong>neque</strong></span> <span class='ocrx_word' id='word_1_257' title='bbox 3277 1733 3422 1788; x_wconf 88' lang='lat' dir='ltr'><strong>linea</strong></span> 
     </span>
    </p>
   </div>
   <div class='ocr_carea' id='block_1_36' title="bbox 122 1798 1668 1893">
    <p class='ocr_par' dir='ltr' id='par_1_36' title="bbox 122 1811 1668 1889">
     <span class='ocr_line' id='line_1_36' title="bbox 122 1811 1668 1889; baseline -0.005 -18"><span class='ocrx_word' id='word_1_258' title='bbox 122 1818 357 1889; x_wconf 75' lang='grc' dir='ltr'>Ἐφεξῆς</span> <span class='ocrx_word' id='word_1_259' title='bbox 381 1818 573 1887; x_wconf 87' lang='grc' dir='ltr'>τίθησι</span> <span class='ocrx_word' id='word_1_260' title='bbox 604 1816 701 1869; x_wconf 72' lang='grc' dir='ltr'><strong>καὶ</strong></span> <span class='ocrx_word' id='word_1_261' title='bbox 726 1813 1032 1886; x_wconf 82' lang='grc' dir='ltr'>μαρτυρίαν</span> <span class='ocrx_word' id='word_1_262' title='bbox 1054 1811 1165 1867; x_wconf 86' lang='grc' dir='ltr'><strong>τῶν</strong></span> <span class='ocrx_word' id='word_1_263' title='bbox 1195 1812 1507 1883; x_wconf 81' lang='grc' dir='ltr'>λεγομένων</span> <span class='ocrx_word' id='word_1_264' title='bbox 1537 1814 1604 1865; x_wconf 83' lang='grc' dir='ltr'><strong>ἐκ</strong></span> <span class='ocrx_word' id='word_1_265' title='bbox 1626 1830 1668 1865; x_wconf 79' lang='grc' dir='ltr'><strong>τι</strong></span> 
     </span>
    </p>
   </div>
   <div class='ocr_carea' id='block_1_37' title="bbox 1905 1798 3428 1893">
    <p class='ocr_par' dir='ltr' id='par_1_37' title="bbox 1905 1798 3428 1893">
     <span class='ocr_line' id='line_1_37' title="bbox 1905 1798 3428 1893; baseline 0.009 -26"><span class='ocrx_word' id='word_1_266' title='bbox 1905 1815 2023 1869; x_wconf 79' lang='lat' dir='ltr'><strong>&#39;culi</strong></span> <span class='ocrx_word' id='word_1_267' title='bbox 2063 1816 2319 1885; x_wconf 80' lang='lat' dir='ltr'><strong>cognosci</strong></span> <span class='ocrx_word' id='word_1_268' title='bbox 2347 1826 2523 1885; x_wconf 87' lang='lat' dir='ltr'><strong>potest</strong></span> <span class='ocrx_word' id='word_1_269' title='bbox 2546 1820 2693 1875; x_wconf 90' lang='lat' dir='ltr'><strong>unde</strong></span> <span class='ocrx_word' id='word_1_270' title='bbox 2721 1821 3052 1893; x_wconf 71' lang='lat' dir='ltr'><strong>incmperit‘,</strong></span> <span class='ocrx_word' id='word_1_271' title='bbox 3085 1798 3169 1879; x_wconf 76' lang='lat' dir='ltr'><strong>vel</strong></span> <span class='ocrx_word' id='word_1_272' title='bbox 3205 1826 3293 1879; x_wconf 91' lang='lat' dir='ltr'><strong>ubi</strong></span> <span class='ocrx_word' id='word_1_273' title='bbox 3326 1826 3428 1880; x_wconf 85' lang='lat' dir='ltr'><strong>de-</strong></span> 
     </span>
    </p>
   </div>
   <div class='ocr_carea' id='block_1_38' title="bbox 108 1910 589 1983">
    <p class='ocr_par' dir='ltr' id='par_1_38' title="bbox 108 1910 589 1983">
     <span class='ocr_line' id='line_1_38' title="bbox 108 1910 589 1983; baseline -0.002 -19"><span class='ocrx_word' id='word_1_274' title='bbox 108 1910 258 1964; x_wconf 79' lang='grc' dir='ltr'>θείου</span> <span class='ocrx_word' id='word_1_275' title='bbox 290 1912 589 1983; x_wconf 84' lang='grc' dir='ltr'>Ίεροθὲου.</span> 
     </span>
    </p>
   </div>
   <div class='ocr_carea' id='block_1_39' title="bbox 1832 1906 3426 1989">
    <p class='ocr_par' dir='ltr' id='par_1_39' title="bbox 1832 1906 3426 1989">
     <span class='ocr_line' id='line_1_39' title="bbox 1832 1906 3426 1989; baseline 0.009 -29"><span class='ocrx_word' id='word_1_276' title='bbox 1832 1906 2010 1977; x_wconf 90' lang='lat' dir='ltr'><strong>sierit)</strong></span> <span class='ocrx_word' id='word_1_277' title='bbox 2037 1909 2243 1963; x_wconf 90' lang='lat' dir='ltr'><strong>etenim</strong></span> <span class='ocrx_word' id='word_1_278' title='bbox 2278 1924 2345 1963; x_wconf 79' lang='lat' dir='ltr'><strong>ex</strong></span> <span class='ocrx_word' id='word_1_279' title='bbox 2374 1911 2492 1980; x_wconf 88' lang='lat' dir='ltr'><strong>ipso</strong></span> <span class='ocrx_word' id='word_1_280' title='bbox 2516 1912 2644 1967; x_wconf 89' lang='lat' dir='ltr'><strong>boni</strong></span> <span class='ocrx_word' id='word_1_281' title='bbox 2672 1914 3034 1981; x_wconf 88' lang='lat' dir='ltr'><strong>desiderium,</strong></span> <span class='ocrx_word' id='word_1_282' title='bbox 3066 1929 3122 1972; x_wconf 90' lang='lat' dir='ltr'><strong>et</strong></span> <span class='ocrx_word' id='word_1_283' title='bbox 3152 1919 3218 1971; x_wconf 91' lang='lat' dir='ltr'><strong>ad</strong></span> <span class='ocrx_word' id='word_1_284' title='bbox 3246 1920 3426 1989; x_wconf 88' lang='lat' dir='ltr'><strong>ipsum</strong></span> 
     </span>
    </p>
   </div>
   <div class='ocr_carea' id='block_1_40' title="bbox 114 2001 3430 2083">
    <p class='ocr_par' dir='ltr' id='par_1_40' title="bbox 114 2001 3430 2083">
     <span class='ocr_line' id='line_1_40' title="bbox 114 2001 3430 2083; baseline 0.002 -24"><span class='ocrx_word' id='word_1_285' title='bbox 114 2007 313 2059; x_wconf 88' lang='lat' dir='ltr'><strong>iterum</strong></span> <span class='ocrx_word' id='word_1_286' title='bbox 373 2005 593 2069; x_wconf 87' lang='lat' dir='ltr'><strong>tendit;</strong></span> <span class='ocrx_word' id='word_1_287' title='bbox 657 2003 710 2056; x_wconf 93' lang='lat' dir='ltr'><strong>iu</strong></span> <span class='ocrx_word' id='word_1_288' title='bbox 764 2001 883 2071; x_wconf 88' lang='lat' dir='ltr'><strong>ipso</strong></span> <span class='ocrx_word' id='word_1_289' title='bbox 912 2016 1046 2055; x_wconf 84' lang='lat' dir='ltr'><strong>vero</strong></span> <span class='ocrx_word' id='word_1_290' title='bbox 1098 2010 1180 2055; x_wconf 78' lang='lat' dir='ltr'><strong>est</strong></span> <span class='ocrx_word' id='word_1_291' title='bbox 1225 2010 1281 2054; x_wconf 90' lang='lat' dir='ltr'><strong>et</strong></span> <span class='ocrx_word' id='word_1_292' title='bbox 1340 2010 1526 2055; x_wconf 88' lang='lat' dir='ltr'><strong>manet</strong></span> <span class='ocrx_word' id='word_1_293' title='bbox 1564 2014 1724 2054; x_wconf 89' lang='lat' dir='ltr'><strong>amor</strong></span> <span class='ocrx_word' id='word_1_294' title='bbox 1778 2013 1993 2070; x_wconf 77' lang='lat' dir='ltr'><strong>agnata:</strong></span> <span class='ocrx_word' id='word_1_295' title='bbox 2038 2004 2329 2069; x_wconf 80' lang='lat' dir='ltr'><strong>bonitatis,</strong></span> <span class='ocrx_word' id='word_1_296' title='bbox 2389 2007 2751 2078; x_wconf 86' lang='lat' dir='ltr'><strong>oumiumquc</strong></span> <span class='ocrx_word' id='word_1_297' title='bbox 2790 2010 2858 2065; x_wconf 90' lang='lat' dir='ltr'><strong>ad</strong></span> <span class='ocrx_word' id='word_1_298' title='bbox 2890 2012 3091 2066; x_wconf 92' lang='lat' dir='ltr'><strong>bonum</strong></span> <span class='ocrx_word' id='word_1_299' title='bbox 3132 2012 3237 2067; x_wconf 77' lang='lat' dir='ltr'><strong>hoc</strong></span> <span class='ocrx_word' id='word_1_300' title='bbox 3279 2014 3430 2083; x_wconf 88' lang='lat' dir='ltr'><strong>aspi-</strong></span> 
     </span>
    </p>
   </div>
   <div class='ocr_carea' id='block_1_41' title="bbox 112 2094 2799 2165">
    <p class='ocr_par' dir='ltr' id='par_1_41' title="bbox 112 2094 2799 2165">
     <span class='ocr_line' id='line_1_41' title="bbox 112 2094 2799 2165; baseline 0.001 -12"><span class='ocrx_word' id='word_1_301' title='bbox 112 2099 382 2153; x_wconf 87' lang='lat' dir='ltr'><strong>rantium.</strong></span> <span class='ocrx_word' id='word_1_302' title='bbox 417 2097 629 2152; x_wconf 84' lang='lat' dir='ltr'><strong>Deinde</strong></span> <span class='ocrx_word' id='word_1_303' title='bbox 652 2094 878 2165; x_wconf 83' lang='lat' dir='ltr'><strong>apponit</strong></span> <span class='ocrx_word' id='word_1_304' title='bbox 899 2095 1065 2148; x_wconf 86' lang='lat' dir='ltr'><strong>etiam</strong></span> <span class='ocrx_word' id='word_1_305' title='bbox 1100 2094 1476 2149; x_wconf 88' lang='lat' dir='ltr'><strong>testimonium</strong></span> <span class='ocrx_word' id='word_1_306' title='bbox 1506 2109 1695 2148; x_wconf 89' lang='lat' dir='ltr'><strong>eorum</strong></span> <span class='ocrx_word' id='word_1_307' title='bbox 1730 2108 1853 2163; x_wconf 77' lang='lat' dir='ltr'><strong>qua:</strong></span> <span class='ocrx_word' id='word_1_308' title='bbox 1879 2095 2028 2151; x_wconf 86' lang='lat' dir='ltr'><strong>dicta</strong></span> <span class='ocrx_word' id='word_1_309' title='bbox 2064 2105 2195 2151; x_wconf 88' lang='lat' dir='ltr'><strong>sunt</strong></span> <span class='ocrx_word' id='word_1_310' title='bbox 2224 2112 2293 2151; x_wconf 75' lang='lat' dir='ltr'><strong>ex</strong></span> <span class='ocrx_word' id='word_1_311' title='bbox 2322 2098 2447 2153; x_wconf 85' lang='lat' dir='ltr'><strong>divo</strong></span> <span class='ocrx_word' id='word_1_312' title='bbox 2478 2099 2799 2157; x_wconf 82' lang='lat' dir='ltr'><strong>Hierotlteo.</strong></span> 
     </span>
    </p>
   </div>
   <div class='ocr_carea' id='block_1_42' title="bbox 774 2211 1083 2279">
    <p class='ocr_par' dir='ltr' id='par_1_42' title="bbox 774 2211 1083 2279">
     <span class='ocr_line' id='line_1_42' title="bbox 774 2211 1083 2279; baseline -0.013 -11"><span class='ocrx_word' id='word_1_313' title='bbox 774 2211 1083 2279; x_wconf 77' lang='grc' dir='ltr'>Ἶεροϐἐου.</span> 
     </span>
    </p>
   </div>
   <div class='ocr_carea' id='block_1_43' title="bbox 177 2322 1723 2401">
    <p class='ocr_par' dir='ltr' id='par_1_43' title="bbox 177 2322 1723 2401">
     <span class='ocr_line' id='line_1_43' title="bbox 177 2322 1723 2401; baseline -0.003 -19"><span class='ocrx_word' id='word_1_314' title='bbox 177 2325 349 2401; x_wconf 60' lang='grc' dir='ltr'>μιν.</span> <span class='ocrx_word' id='word_1_315' title='bbox 385 2327 717 2397; x_wconf 81' lang='grc' dir='ltr'>Ἐπίστησον</span> <span class='ocrx_word' id='word_1_316' title='bbox 744 2325 897 2388; x_wconf 82' lang='grc' dir='ltr'>ὅπως</span> <span class='ocrx_word' id='word_1_317' title='bbox 922 2327 950 2377; x_wconf 98' lang='lat'><strong>6</strong></span> <span class='ocrx_word' id='word_1_318' title='bbox 985 2325 1161 2397; x_wconf 76' lang='grc' dir='ltr'>μέγας</span> <span class='ocrx_word' id='word_1_319' title='bbox 1201 2324 1461 2394; x_wconf 86' lang='grc' dir='ltr'>Ἱερόθεος</span> <span class='ocrx_word' id='word_1_320' title='bbox 1489 2322 1557 2376; x_wconf 83' lang='grc' dir='ltr'><strong>τά</strong></span> <span class='ocrx_word' id='word_1_321' title='bbox 1594 2323 1723 2394; x_wconf 74' lang='grc' dir='ltr'>περὶ</span> 
     </span>
    </p>
   </div>
   <div class='ocr_carea' id='block_1_44' title="bbox 112 2417 1722 2491">
    <p class='ocr_par' dir='ltr' id='par_1_44' title="bbox 112 2417 1722 2491">
     <span class='ocr_line' id='line_1_44' title="bbox 112 2417 1722 2491; baseline -0.002 -18"><span class='ocrx_word' id='word_1_322' title='bbox 112 2421 204 2474; x_wconf 80' lang='grc' dir='ltr'><strong>τοῦ</strong></span> <span class='ocrx_word' id='word_1_323' title='bbox 236 2419 540 2475; x_wconf 83' lang='grc' dir='ltr'>ἐπαινετοῦ</span> <span class='ocrx_word' id='word_1_324' title='bbox 572 2418 776 2491; x_wconf 75' lang='grc' dir='ltr'>ἔρωτος</span> <span class='ocrx_word' id='word_1_325' title='bbox 801 2418 1000 2491; x_wconf 85' lang='grc' dir='ltr'>ἄριστα</span> <span class='ocrx_word' id='word_1_326' title='bbox 1034 2417 1345 2487; x_wconf 71' lang='grc' dir='ltr'>φιλοσοφεῖ·</span> <span class='ocrx_word' id='word_1_327' title='bbox 1381 2418 1597 2489; x_wconf 83' lang='grc' dir='ltr'>πρῶτον</span> <span class='ocrx_word' id='word_1_328' title='bbox 1624 2419 1722 2489; x_wconf 85' lang='grc' dir='ltr'><strong>μὲν</strong></span> 
     </span>
    </p>
   </div>
   <div class='ocr_carea' id='block_1_45' title="bbox 110 2508 1723 2582">
    <p class='ocr_par' dir='ltr' id='par_1_45' title="bbox 110 2508 1723 2582">
     <span class='ocr_line' id='line_1_45' title="bbox 110 2508 1723 2582; baseline -0.004 -15"><span class='ocrx_word' id='word_1_329' title='bbox 110 2514 257 2570; x_wconf 83' lang='grc' dir='ltr'>θεῖον</span> <span class='ocrx_word' id='word_1_330' title='bbox 293 2513 468 2566; x_wconf 76' lang='grc' dir='ltr'>αὑτὸν</span> <span class='ocrx_word' id='word_1_331' title='bbox 500 2511 675 2581; x_wconf 78' lang='grc' dir='ltr'>λέγων</span> <span class='ocrx_word' id='word_1_332' title='bbox 693 2552 707 2575; x_wconf 93' lang='grc'><strong>,</strong></span> <span class='ocrx_word' id='word_1_333' title='bbox 739 2512 926 2582; x_wconf 79' lang='grc' dir='ltr'>ἐπειδὴ</span> <span class='ocrx_word' id='word_1_334' title='bbox 960 2512 1053 2564; x_wconf 76' lang='grc' dir='ltr'><strong>καὶ</strong></span> <span class='ocrx_word' id='word_1_335' title='bbox 1078 2510 1292 2582; x_wconf 80' lang='grc' dir='ltr'>πρῶτον</span> <span class='ocrx_word' id='word_1_336' title='bbox 1320 2509 1491 2563; x_wconf 79' lang='grc' dir='ltr'>αἴτιον</span> <span class='ocrx_word' id='word_1_337' title='bbox 1520 2508 1723 2582; x_wconf 80' lang='grc' dir='ltr'>ἔρωτος</span> 
     </span>
    </p>
   </div>
   <div class='ocr_carea' id='block_1_46' title="bbox 114 2601 1725 2677">
    <p class='ocr_par' dir='ltr' id='par_1_46' title="bbox 114 2601 1725 2677">
     <span class='ocr_line' id='line_1_46' title="bbox 114 2601 1725 2677; baseline -0.002 -20"><span class='ocrx_word' id='word_1_338' title='bbox 114 2607 141 2657; x_wconf 96' lang='lat'><strong>6</strong></span> <span class='ocrx_word' id='word_1_339' title='bbox 168 2605 302 2669; x_wconf 83' lang='grc' dir='ltr'>Θεός</span> <span class='ocrx_word' id='word_1_340' title='bbox 324 2607 484 2659; x_wconf 88' lang='grc' dir='ltr'>ἐστιν</span> <span class='ocrx_word' id='word_1_341' title='bbox 517 2603 873 2677; x_wconf 75' lang='grc' dir='ltr'>ἐξῃρημένως</span> <span class='ocrx_word' id='word_1_342' title='bbox 901 2604 996 2656; x_wconf 75' lang='grc' dir='ltr'><strong>καὶ</strong></span> <span class='ocrx_word' id='word_1_343' title='bbox 1029 2602 1308 2667; x_wconf 81' lang='grc' dir='ltr'>ἀναιτίως.</span> <span class='ocrx_word' id='word_1_344' title='bbox 1332 2602 1519 2673; x_wconf 85' lang='grc' dir='ltr'>Εἰγάρ</span> <span class='ocrx_word' id='word_1_345' title='bbox 1543 2601 1725 2674; x_wconf 81' lang='grc' dir='ltr'>ὁέρως</span> 
     </span>
    </p>
   </div>
   <div class='ocr_carea' id='block_1_47' title="bbox 115 2697 1720 2770">
    <p class='ocr_par' dir='ltr' id='par_1_47' title="bbox 115 2697 1720 2770">
     <span class='ocr_line' id='line_1_47' title="bbox 115 2697 1720 2770; baseline 0.002 -22"><span class='ocrx_word' id='word_1_346' title='bbox 115 2697 277 2761; x_wconf 85' lang='grc' dir='ltr'>αύτὸς</span> <span class='ocrx_word' id='word_1_347' title='bbox 304 2699 463 2751; x_wconf 82' lang='grc' dir='ltr'>ἐστιν</span> <span class='ocrx_word' id='word_1_348' title='bbox 490 2698 524 2768; x_wconf 86' lang='grc' dir='ltr'>ἡ</span> <span class='ocrx_word' id='word_1_349' title='bbox 554 2698 743 2767; x_wconf 85' lang='grc' dir='ltr'>ἀγάπη</span> <span class='ocrx_word' id='word_1_350' title='bbox 768 2738 783 2761; x_wconf 91' lang='grc'><strong>,</strong></span> <span class='ocrx_word' id='word_1_351' title='bbox 807 2698 884 2762; x_wconf 81' lang='grc' dir='ltr'>ὡς</span> <span class='ocrx_word' id='word_1_352' title='bbox 908 2699 1251 2770; x_wconf 83' lang='grc' dir='ltr'>προείρηται,</span> <span class='ocrx_word' id='word_1_353' title='bbox 1291 2699 1599 2769; x_wconf 81' lang='grc' dir='ltr'>γέγραπται</span> <span class='ocrx_word' id='word_1_354' title='bbox 1628 2697 1685 2751; x_wconf 83' lang='grc' dir='ltr'>δέ</span> <span class='ocrx_word' id='word_1_355' title='bbox 1706 2714 1720 2727; x_wconf 84' lang='lat'><strong><em>°</em></strong></span> 
     </span>
    </p>
   </div>
   <div class='ocr_carea' id='block_1_48' title="bbox 119 2788 1727 2861">
    <p class='ocr_par' dir='ltr' id='par_1_48' title="bbox 119 2788 1727 2861">
     <span class='ocr_line' id='line_1_48' title="bbox 119 2788 1727 2861; baseline -0.001 -18"><span class='ocrx_word' id='word_1_356' title='bbox 119 2790 248 2843; x_wconf 81' lang='grc' dir='ltr'>’Ότι</span> <span class='ocrx_word' id='word_1_357' title='bbox 280 2794 314 2844; x_wconf 87' lang='grc' dir='ltr'><em>ὀ</em></span> <span class='ocrx_word' id='word_1_358' title='bbox 348 2790 502 2855; x_wconf 73' lang='grc' dir='ltr'>Θεὸς</span> <span class='ocrx_word' id='word_1_359' title='bbox 530 2788 730 2859; x_wconf 68' lang='grc' dir='ltr'>ἀγάπη</span> <span class='ocrx_word' id='word_1_360' title='bbox 756 2792 887 2845; x_wconf 76' lang='grc' dir='ltr'>ἐστὶ</span> <span class='ocrx_word' id='word_1_361' title='bbox 907 2830 922 2854; x_wconf 90' lang='grc'><strong>,</strong></span> <span class='ocrx_word' id='word_1_362' title='bbox 964 2790 1207 2861; x_wconf 81' lang='grc' dir='ltr'>δηλονότι</span> <span class='ocrx_word' id='word_1_363' title='bbox 1240 2792 1455 2844; x_wconf 88' lang='grc' dir='ltr'>πάντων</span> <span class='ocrx_word' id='word_1_364' title='bbox 1482 2788 1727 2854; x_wconf 81' lang='grc' dir='ltr'>ἐνοποιὸς</span> 
     </span>
    </p>
   </div>
   <div class='ocr_carea' id='block_1_49' title="bbox 114 2878 1728 2953">
    <p class='ocr_par' dir='ltr' id='par_1_49' title="bbox 114 2878 1728 2953">
     <span class='ocr_line' id='line_1_49' title="bbox 114 2878 1728 2953; baseline 0.001 -21"><span class='ocrx_word' id='word_1_365' title='bbox 114 2881 276 2951; x_wconf 76' lang='grc' dir='ltr'>ἔρως,</span> <span class='ocrx_word' id='word_1_366' title='bbox 306 2882 434 2953; x_wconf 68' lang='grc' dir='ltr'>ἤτοι</span> <span class='ocrx_word' id='word_1_367' title='bbox 456 2882 650 2952; x_wconf 80' lang='grc' dir='ltr'>ἀγάπη</span> <span class='ocrx_word' id='word_1_368' title='bbox 683 2885 711 2936; x_wconf 93' lang='lat'><strong>6</strong></span> <span class='ocrx_word' id='word_1_369' title='bbox 734 2884 868 2948; x_wconf 82' lang='grc' dir='ltr'>Θεός</span> <span class='ocrx_word' id='word_1_370' title='bbox 892 2886 1060 2937; x_wconf 89' lang='grc' dir='ltr'>ἐστιν.</span> <span class='ocrx_word' id='word_1_371' title='bbox 1094 2882 1336 2937; x_wconf 79' lang='grc' dir='ltr'>Ἐκεῖθεν</span> <span class='ocrx_word' id='word_1_372' title='bbox 1366 2878 1459 2936; x_wconf 82' lang='grc' dir='ltr'><strong>οῦν</strong></span> <span class='ocrx_word' id='word_1_373' title='bbox 1490 2883 1728 2953; x_wconf 76' lang='grc' dir='ltr'>μεταϐα-</span> 
     </span>
    </p>
   </div>
   <div class='ocr_carea' id='block_1_50' title="bbox 116 2972 1730 3046">
    <p class='ocr_par' dir='ltr' id='par_1_50' title="bbox 116 2972 1730 3046">
     <span class='ocr_line' id='line_1_50' title="bbox 116 2972 1730 3046; baseline 0.001 -22"><span class='ocrx_word' id='word_1_374' title='bbox 116 2973 283 3037; x_wconf 84' lang='grc' dir='ltr'>τικῶς</span> <span class='ocrx_word' id='word_1_375' title='bbox 311 2974 571 3046; x_wconf 75' lang='grc' dir='ltr'>πρόεισιν</span> <span class='ocrx_word' id='word_1_376' title='bbox 601 2975 688 3025; x_wconf 80' lang='grc' dir='ltr'>ἐπ’</span> <span class='ocrx_word' id='word_1_377' title='bbox 709 2974 973 3043; x_wconf 81' lang='grc' dir='ltr'>ἀγγέλους</span> <span class='ocrx_word' id='word_1_378' title='bbox 992 3015 1006 3039; x_wconf 88' lang='grc'><strong>,</strong></span> <span class='ocrx_word' id='word_1_379' title='bbox 1040 2974 1163 3028; x_wconf 88' lang='grc' dir='ltr'>ὄθεν</span> <span class='ocrx_word' id='word_1_380' title='bbox 1204 2974 1298 3029; x_wconf 76' lang='grc' dir='ltr'><strong>καὶ</strong></span> <span class='ocrx_word' id='word_1_381' title='bbox 1319 2972 1609 3043; x_wconf 66' lang='grc' dir='ltr'>ἀγγελικὴν</span> <span class='ocrx_word' id='word_1_382' title='bbox 1637 2972 1730 3025; x_wconf 87' lang='grc' dir='ltr'>αύ-</span> 
     </span>
    </p>
   </div>
   <div class='ocr_carea' id='block_1_51' title="bbox 116 3061 1723 3136">
    <p class='ocr_par' dir='ltr' id='par_1_51' title="bbox 116 3061 1723 3136">
     <span class='ocr_line' id='line_1_51' title="bbox 116 3061 1723 3136; baseline -0.001 -20"><span class='ocrx_word' id='word_1_383' title='bbox 116 3064 206 3117; x_wconf 88' lang='grc' dir='ltr'>τόν</span> <span class='ocrx_word' id='word_1_384' title='bbox 240 3083 318 3135; x_wconf 69' lang='grc' dir='ltr'>φη</span> <span class='ocrx_word' id='word_1_385' title='bbox 326 3083 436 3129; x_wconf 86' lang='grc' dir='ltr'>σιν,</span> <span class='ocrx_word' id='word_1_386' title='bbox 475 3063 606 3117; x_wconf 75' lang='grc' dir='ltr'>ἔνθα</span> <span class='ocrx_word' id='word_1_387' title='bbox 633 3064 867 3135; x_wconf 83' lang='grc' dir='ltr'>μάλιστα</span> <span class='ocrx_word' id='word_1_388' title='bbox 895 3065 989 3117; x_wconf 73' lang='grc' dir='ltr'>καὶ</span> <span class='ocrx_word' id='word_1_389' title='bbox 1020 3064 1111 3118; x_wconf 82' lang='grc' dir='ltr'><strong>τὸν</strong></span> <span class='ocrx_word' id='word_1_390' title='bbox 1150 3064 1248 3136; x_wconf 82' lang='grc' dir='ltr'><strong>τῆς</strong></span> <span class='ocrx_word' id='word_1_391' title='bbox 1292 3063 1543 3135; x_wconf 82' lang='grc' dir='ltr'>ἐνότητος</span> <span class='ocrx_word' id='word_1_392' title='bbox 1570 3061 1723 3135; x_wconf 71' lang='grc' dir='ltr'>εὖροι</span> 
     </span>
    </p>
   </div>
   <div class='ocr_carea' id='block_1_52' title="bbox 2473 2214 2774 2270">
    <p class='ocr_par' dir='ltr' id='par_1_52' title="bbox 2473 2214 2774 2270">
     <span class='ocr_line' id='line_1_52' title="bbox 2473 2214 2774 2270; baseline 0.01 -3"><span class='ocrx_word' id='word_1_393' title='bbox 2473 2214 2774 2270; x_wconf 75' lang='lat' dir='ltr'><strong>Hicrotltei.</strong></span> 
     </span>
    </p>
   </div>
   <div class='ocr_carea' id='block_1_53' title="bbox 1902 2322 3428 2401">
    <p class='ocr_par' dir='ltr' id='par_1_53' title="bbox 1902 2322 3428 2401">
     <span class='ocr_line' id='line_1_53' title="bbox 1902 2322 3428 2401; baseline 0.005 -22"><span class='ocrx_word' id='word_1_394' title='bbox 1902 2322 2076 2396; x_wconf 78' lang='lat' dir='ltr'><strong>§XV.</strong></span> <span class='ocrx_word' id='word_1_395' title='bbox 2132 2324 2375 2381; x_wconf 81' lang='lat' dir='ltr'><strong>Observa</strong></span> <span class='ocrx_word' id='word_1_396' title='bbox 2419 2343 2585 2397; x_wconf 88' lang='lat' dir='ltr'><strong>quam</strong></span> <span class='ocrx_word' id='word_1_397' title='bbox 2642 2329 2905 2399; x_wconf 67' lang='lat' dir='ltr'><strong>pra-clare</strong></span> <span class='ocrx_word' id='word_1_398' title='bbox 2957 2346 3187 2401; x_wconf 83' lang='lat' dir='ltr'><strong>magnus</strong></span> <span class='ocrx_word' id='word_1_399' title='bbox 3231 2333 3428 2389; x_wconf 87' lang='lat' dir='ltr'><strong>llicro-</strong></span> 
     </span>
    </p>
   </div>
   <div class='ocr_carea' id='block_1_54' title="bbox 1832 2414 3430 2495">
    <p class='ocr_par' dir='ltr' id='par_1_54' title="bbox 1832 2414 3430 2495">
     <span class='ocr_line' id='line_1_54' title="bbox 1832 2414 3430 2495; baseline 0.007 -27"><span class='ocrx_word' id='word_1_400' title='bbox 1832 2414 1992 2471; x_wconf 84' lang='lat' dir='ltr'><strong>theus</strong></span> <span class='ocrx_word' id='word_1_401' title='bbox 2028 2414 2098 2471; x_wconf 91' lang='lat' dir='ltr'><strong>de</strong></span> <span class='ocrx_word' id='word_1_402' title='bbox 2146 2416 2406 2473; x_wconf 87' lang='lat' dir='ltr'><strong>laudabili</strong></span> <span class='ocrx_word' id='word_1_403' title='bbox 2456 2435 2646 2475; x_wconf 89' lang='lat' dir='ltr'><strong>amore</strong></span> <span class='ocrx_word' id='word_1_404' title='bbox 2688 2420 2963 2486; x_wconf 82' lang='lat' dir='ltr'><strong>disserat,</strong></span> <span class='ocrx_word' id='word_1_405' title='bbox 3021 2424 3258 2493; x_wconf 85' lang='lat' dir='ltr'><strong>primum</strong></span> <span class='ocrx_word' id='word_1_406' title='bbox 3300 2429 3430 2495; x_wconf 86' lang='lat' dir='ltr'><strong>qui-</strong></span> 
     </span>
    </p>
   </div>
   <div class='ocr_carea' id='block_1_55' title="bbox 1833 2508 3428 2588">
    <p class='ocr_par' dir='ltr' id='par_1_55' title="bbox 1833 2508 3428 2588">
     <span class='ocr_line' id='line_1_55' title="bbox 1833 2508 3428 2588; baseline 0.009 -27"><span class='ocrx_word' id='word_1_407' title='bbox 1833 2508 1955 2562; x_wconf 88' lang='lat' dir='ltr'><strong>dem</strong></span> <span class='ocrx_word' id='word_1_408' title='bbox 1987 2510 2231 2563; x_wconf 87' lang='lat' dir='ltr'><strong>diviuum</strong></span> <span class='ocrx_word' id='word_1_409' title='bbox 2281 2513 2456 2581; x_wconf 85' lang='lat' dir='ltr'><strong>ipsum</strong></span> <span class='ocrx_word' id='word_1_410' title='bbox 2502 2528 2792 2581; x_wconf 80' lang='lat' dir='ltr'><strong>asserens,</strong></span> <span class='ocrx_word' id='word_1_411' title='bbox 2821 2516 3083 2584; x_wconf 86' lang='lat' dir='ltr'><strong>quoniam</strong></span> <span class='ocrx_word' id='word_1_412' title='bbox 3138 2517 3280 2573; x_wconf 81' lang='lat' dir='ltr'><strong>Deus</strong></span> <span class='ocrx_word' id='word_1_413' title='bbox 3310 2521 3360 2588; x_wconf 91' lang='lat' dir='ltr'><strong>ip</strong></span> <span class='ocrx_word' id='word_1_414' title='bbox 3382 2537 3428 2575; x_wconf 74' lang='lat' dir='ltr'><strong>.e</strong></span> 
     </span>
    </p>
   </div>
   <div class='ocr_carea' id='block_1_56' title="bbox 1832 2602 3423 2677">
    <p class='ocr_par' dir='ltr' id='par_1_56' title="bbox 1832 2602 3423 2677">
     <span class='ocr_line' id='line_1_56' title="bbox 1832 2602 3423 2677; baseline 0.008 -24"><span class='ocrx_word' id='word_1_415' title='bbox 1832 2602 2042 2669; x_wconf 85' lang='lat' dir='ltr'><strong>primus</strong></span> <span class='ocrx_word' id='word_1_416' title='bbox 2076 2614 2271 2657; x_wconf 88' lang='lat' dir='ltr'><strong>auctor</strong></span> <span class='ocrx_word' id='word_1_417' title='bbox 2294 2614 2381 2658; x_wconf 89' lang='lat' dir='ltr'><strong>est</strong></span> <span class='ocrx_word' id='word_1_418' title='bbox 2425 2604 2665 2672; x_wconf 87' lang='lat' dir='ltr'><strong>amoris,</strong></span> <span class='ocrx_word' id='word_1_419' title='bbox 2703 2606 2865 2677; x_wconf 87' lang='lat' dir='ltr'><strong>idque</strong></span> <span class='ocrx_word' id='word_1_420' title='bbox 2909 2624 3009 2675; x_wconf 85' lang='lat' dir='ltr'><strong>per</strong></span> <span class='ocrx_word' id='word_1_421' title='bbox 3041 2610 3423 2673; x_wconf 79' lang='lat' dir='ltr'><strong>excellentiam</strong></span> 
     </span>
    </p>
   </div>
   <div class='ocr_carea' id='block_1_57' title="bbox 1832 2692 3423 2766">
    <p class='ocr_par' dir='ltr' id='par_1_57' title="bbox 1832 2692 3423 2766">
     <span class='ocr_line' id='line_1_57' title="bbox 1832 2692 3423 2766; baseline 0.005 -21"><span class='ocrx_word' id='word_1_422' title='bbox 1832 2700 1888 2745; x_wconf 90' lang='lat' dir='ltr'><strong>et</strong></span> <span class='ocrx_word' id='word_1_423' title='bbox 1929 2693 2046 2746; x_wconf 91' lang='lat' dir='ltr'><strong>sine</strong></span> <span class='ocrx_word' id='word_1_424' title='bbox 2077 2707 2263 2746; x_wconf 89' lang='lat' dir='ltr'><strong>causa.</strong></span> <span class='ocrx_word' id='word_1_425' title='bbox 2312 2692 2369 2747; x_wconf 93' lang='lat' dir='ltr'><strong>Si</strong></span> <span class='ocrx_word' id='word_1_426' title='bbox 2397 2695 2541 2747; x_wconf 88' lang='lat' dir='ltr'><strong>enim</strong></span> <span class='ocrx_word' id='word_1_427' title='bbox 2576 2710 2733 2749; x_wconf 87' lang='lat' dir='ltr'><strong>amor</strong></span> <span class='ocrx_word' id='word_1_428' title='bbox 2791 2698 2906 2766; x_wconf 91' lang='lat' dir='ltr'><strong>ipse</strong></span> <span class='ocrx_word' id='word_1_429' title='bbox 2934 2698 3176 2753; x_wconf 72' lang='lat' dir='ltr'><strong>Charitas</strong></span> <span class='ocrx_word' id='word_1_430' title='bbox 3207 2708 3308 2759; x_wconf 86' lang='lat' dir='ltr'><strong>cst,</strong></span> <span class='ocrx_word' id='word_1_431' title='bbox 3345 2701 3423 2753; x_wconf 91' lang='lat' dir='ltr'><strong>uti</strong></span> 
     </span>
    </p>
   </div>
   <div class='ocr_carea' id='block_1_58' title="bbox 1835 2784 3421 2854">
    <p class='ocr_par' dir='ltr' id='par_1_58' title="bbox 1835 2784 3421 2854">
     <span class='ocr_line' id='line_1_58' title="bbox 1835 2784 3421 2854; baseline 0.006 -19"><span class='ocrx_word' id='word_1_432' title='bbox 1835 2784 2194 2851; x_wconf 70' lang='lat' dir='ltr'><strong>praedictum,</strong></span> <span class='ocrx_word' id='word_1_433' title='bbox 2238 2785 2502 2854; x_wconf 88' lang='lat' dir='ltr'><strong>scriptum</strong></span> <span class='ocrx_word' id='word_1_434' title='bbox 2559 2787 2631 2840; x_wconf 89' lang='lat' dir='ltr'><strong>sit</strong></span> <span class='ocrx_word' id='word_1_435' title='bbox 2678 2799 2906 2845; x_wconf 90' lang='lat' dir='ltr'><strong>autem:</strong></span> <span class='ocrx_word' id='word_1_436' title='bbox 2952 2788 3220 2854; x_wconf 76' lang='lat' dir='ltr'><strong>Quoniam</strong></span> <span class='ocrx_word' id='word_1_437' title='bbox 3283 2791 3421 2845; x_wconf 75' lang='lat' dir='ltr'><strong>Deus</strong></span> 
     </span>
    </p>
   </div>
   <div class='ocr_carea' id='block_1_59' title="bbox 1833 2873 3425 2953">
    <p class='ocr_par' dir='ltr' id='par_1_59' title="bbox 1833 2873 3425 2953">
     <span class='ocr_line' id='line_1_59' title="bbox 1833 2873 3425 2953; baseline 0.004 -24"><span class='ocrx_word' id='word_1_438' title='bbox 1833 2873 2070 2930; x_wconf 75' lang='lat' dir='ltr'><strong>Charitas</strong></span> <span class='ocrx_word' id='word_1_439' title='bbox 2098 2887 2173 2930; x_wconf 79' lang='lat' dir='ltr'><strong>est</strong></span> <span class='ocrx_word' id='word_1_440' title='bbox 2197 2890 2247 2942; x_wconf 76' lang='grc' dir='ltr'>ι,</span> <span class='ocrx_word' id='word_1_441' title='bbox 2284 2878 2336 2932; x_wconf 92' lang='lat' dir='ltr'><strong>id</strong></span> <span class='ocrx_word' id='word_1_442' title='bbox 2368 2888 2452 2932; x_wconf 84' lang='lat' dir='ltr'><strong>est</strong></span> <span class='ocrx_word' id='word_1_443' title='bbox 2480 2894 2638 2931; x_wconf 83' lang='lat' dir='ltr'><strong>amor</strong></span> <span class='ocrx_word' id='word_1_444' title='bbox 2664 2880 2911 2934; x_wconf 89' lang='lat' dir='ltr'><strong>omnium</strong></span> <span class='ocrx_word' id='word_1_445' title='bbox 2939 2882 3207 2948; x_wconf 79' lang='lat' dir='ltr'><strong>unilicus,</strong></span> <span class='ocrx_word' id='word_1_446' title='bbox 3238 2885 3425 2953; x_wconf 88' lang='lat' dir='ltr'><strong>utique</strong></span> 
     </span>
    </p>
   </div>
   <div class='ocr_carea' id='block_1_60' title="bbox 1834 2968 3425 3043">
    <p class='ocr_par' dir='ltr' id='par_1_60' title="bbox 1834 2968 3425 3043">
     <span class='ocr_line' id='line_1_60' title="bbox 1834 2968 3425 3043; baseline 0.006 -23"><span class='ocrx_word' id='word_1_447' title='bbox 1834 2968 2077 3023; x_wconf 81' lang='lat' dir='ltr'><strong>cltaritas</strong></span> <span class='ocrx_word' id='word_1_448' title='bbox 2111 2968 2251 3024; x_wconf 90' lang='lat' dir='ltr'><strong>Deus</strong></span> <span class='ocrx_word' id='word_1_449' title='bbox 2296 2979 2399 3024; x_wconf 85' lang='lat' dir='ltr'><strong>est.</strong></span> <span class='ocrx_word' id='word_1_450' title='bbox 2446 2970 2650 3025; x_wconf 79' lang='lat' dir='ltr'><strong>lstliiuc</strong></span> <span class='ocrx_word' id='word_1_451' title='bbox 2692 2972 2858 3040; x_wconf 79' lang='lat' dir='ltr'><strong>igitur</strong></span> <span class='ocrx_word' id='word_1_452' title='bbox 2886 2989 2983 3042; x_wconf 90' lang='lat' dir='ltr'><strong>per</strong></span> <span class='ocrx_word' id='word_1_453' title='bbox 3029 2978 3425 3043; x_wconf 83' lang='lat' dir='ltr'><strong>transgressio-</strong></span> 
     </span>
    </p>
   </div>
   <div class='ocr_carea' id='block_1_61' title="bbox 1834 3062 3424 3135">
    <p class='ocr_par' dir='ltr' id='par_1_61' title="bbox 1834 3062 3424 3135">
     <span class='ocr_line' id='line_1_61' title="bbox 1834 3062 3424 3135; baseline 0.005 -23"><span class='ocrx_word' id='word_1_454' title='bbox 1834 3075 1959 3112; x_wconf 86' lang='lat' dir='ltr'><strong>nem</strong></span> <span class='ocrx_word' id='word_1_455' title='bbox 2008 3063 2355 3132; x_wconf 74' lang='lat' dir='ltr'><strong>progreditur</strong></span> <span class='ocrx_word' id='word_1_456' title='bbox 2387 3063 2457 3117; x_wconf 86' lang='lat' dir='ltr'><strong>ad</strong></span> <span class='ocrx_word' id='word_1_457' title='bbox 2501 3062 2763 3133; x_wconf 83' lang='lat' dir='ltr'><strong>angelos,</strong></span> <span class='ocrx_word' id='word_1_458' title='bbox 2798 3064 2943 3119; x_wconf 89' lang='lat' dir='ltr'><strong>unde</strong></span> <span class='ocrx_word' id='word_1_459' title='bbox 2993 3066 3165 3134; x_wconf 89' lang='lat' dir='ltr'><strong>ipsum</strong></span> <span class='ocrx_word' id='word_1_460' title='bbox 3205 3081 3424 3135; x_wconf 85' lang='lat' dir='ltr'><strong>quoque</strong></span> 
     </span>
    </p>
   </div>
   <div class='ocr_carea' id='block_1_62' title="bbox 115 3152 1668 3228">
    <p class='ocr_par' dir='ltr' id='par_1_62' title="bbox 115 3154 1664 3228">
     <span class='ocr_line' id='line_1_62' title="bbox 115 3154 1664 3228; baseline -0.003 -17"><span class='ocrx_word' id='word_1_461' title='bbox 115 3174 200 3220; x_wconf 84' lang='grc' dir='ltr'><strong>τις</strong></span> <span class='ocrx_word' id='word_1_462' title='bbox 227 3157 294 3210; x_wconf 85' lang='grc' dir='ltr'>ἂν</span> <span class='ocrx_word' id='word_1_463' title='bbox 323 3157 514 3228; x_wconf 77' lang='grc' dir='ltr'>ἔρωτα</span> <span class='ocrx_word' id='word_1_464' title='bbox 545 3155 688 3209; x_wconf 83' lang='grc' dir='ltr'>θεῖον</span> <span class='ocrx_word' id='word_1_465' title='bbox 708 3172 721 3185; x_wconf 65' lang='grc' dir='ltr'><strong>θ</strong></span> <span class='ocrx_word' id='word_1_466' title='bbox 754 3156 907 3209; x_wconf 77' lang='grc' dir='ltr'>οὐδὲν</span> <span class='ocrx_word' id='word_1_467' title='bbox 938 3155 1049 3227; x_wconf 83' lang='grc' dir='ltr'>γὰρ</span> <span class='ocrx_word' id='word_1_468' title='bbox 1078 3156 1408 3227; x_wconf 76' lang='grc' dir='ltr'>ἀσύμφωνον</span> <span class='ocrx_word' id='word_1_469' title='bbox 1435 3154 1469 3227; x_wconf 85' lang='grc' dir='ltr'>ἢ</span> <span class='ocrx_word' id='word_1_470' title='bbox 1508 3172 1664 3208; x_wconf 87' lang='grc' dir='ltr'>στασι</span> 
     </span>
    </p>
   </div>
   <div class='ocr_carea' id='block_1_63' title="bbox 1905 3152 3422 3228">
    <p class='ocr_par' dir='ltr' id='par_1_63' title="bbox 1907 3152 3422 3228">
     <span class='ocr_line' id='line_1_63' title="bbox 1907 3152 3422 3228; baseline 0.004 -21"><span class='ocrx_word' id='word_1_471' title='bbox 1907 3152 2139 3220; x_wconf 80' lang='lat' dir='ltr'><strong>gelicum</strong></span> <span class='ocrx_word' id='word_1_472' title='bbox 2167 3156 2335 3222; x_wconf 88' lang='lat' dir='ltr'><strong>dicit,</strong></span> <span class='ocrx_word' id='word_1_473' title='bbox 2359 3156 2448 3210; x_wconf 91' lang='lat' dir='ltr'><strong>ubi</strong></span> <span class='ocrx_word' id='word_1_474' title='bbox 2477 3158 2717 3213; x_wconf 77' lang='lat' dir='ltr'><strong>maxime</strong></span> <span class='ocrx_word' id='word_1_475' title='bbox 2752 3158 2875 3228; x_wconf 88' lang='lat' dir='ltr'><strong>quis</strong></span> <span class='ocrx_word' id='word_1_476' title='bbox 2910 3159 3143 3227; x_wconf 82' lang='lat' dir='ltr'><strong>reperiat</strong></span> <span class='ocrx_word' id='word_1_477' title='bbox 3173 3160 3422 3213; x_wconf 85' lang='lat' dir='ltr'><strong>divinum</strong></span> 
     </span>
    </p>
   </div>
   <div class='ocr_carea' id='block_1_64' title="bbox 118 3246 1731 3321">
    <p class='ocr_par' dir='ltr' id='par_1_64' title="bbox 118 3246 1731 3321">
     <span class='ocr_line' id='line_1_64' title="bbox 118 3246 1731 3321; baseline -0.002 -17"><span class='ocrx_word' id='word_1_478' title='bbox 118 3248 207 3313; x_wconf 81' lang='grc' dir='ltr'>ζον</span> <span class='ocrx_word' id='word_1_479' title='bbox 241 3252 365 3304; x_wconf 84' lang='grc' dir='ltr'><strong>ἐστί</strong></span> <span class='ocrx_word' id='word_1_480' title='bbox 393 3248 532 3321; x_wconf 84' lang='grc' dir='ltr'>παρ’</span> <span class='ocrx_word' id='word_1_481' title='bbox 560 3250 765 3314; x_wconf 74' lang='grc' dir='ltr'>αὐτοῖς.</span> <span class='ocrx_word' id='word_1_482' title='bbox 809 3246 944 3303; x_wconf 81' lang='grc' dir='ltr'>Εῐτα</span> <span class='ocrx_word' id='word_1_483' title='bbox 976 3251 1095 3321; x_wconf 88' lang='grc' dir='ltr'>μετ’</span> <span class='ocrx_word' id='word_1_484' title='bbox 1124 3248 1387 3319; x_wconf 74' lang='grc' dir='ltr'>ἀγγέλους</span> <span class='ocrx_word' id='word_1_485' title='bbox 1416 3249 1508 3303; x_wconf 74' lang='grc' dir='ltr'><strong>καὶ</strong></span> <span class='ocrx_word' id='word_1_486' title='bbox 1546 3248 1731 3319; x_wconf 81' lang='grc' dir='ltr'>νοερόν</span> 
     </span>
    </p>
   </div>
   <div class='ocr_carea' id='block_1_65' title="bbox 122 3341 1731 3416">
    <p class='ocr_par' dir='ltr' id='par_1_65' title="bbox 122 3341 1731 3416">
     <span class='ocr_line' id='line_1_65' title="bbox 122 3341 1731 3416; baseline -0.001 -21"><span class='ocrx_word' id='word_1_487' title='bbox 122 3360 284 3408; x_wconf 52' lang='grc' dir='ltr'>φησιν</span> <span class='ocrx_word' id='word_1_488' title='bbox 313 3343 525 3416; x_wconf 74' lang='grc' dir='ltr'>ἔρωτα.</span> <span class='ocrx_word' id='word_1_489' title='bbox 567 3343 997 3416; x_wconf 75' lang='grc' dir='ltr'>τουτέστιπαρά</span> <span class='ocrx_word' id='word_1_490' title='bbox 1034 3342 1202 3407; x_wconf 85' lang='grc' dir='ltr'>θείοις</span> <span class='ocrx_word' id='word_1_491' title='bbox 1231 3343 1459 3414; x_wconf 86' lang='grc' dir='ltr'>ἀνδράσι</span> <span class='ocrx_word' id='word_1_492' title='bbox 1488 3344 1600 3406; x_wconf 86' lang='grc' dir='ltr'>τοῖς</span> <span class='ocrx_word' id='word_1_493' title='bbox 1628 3341 1731 3411; x_wconf 84' lang='grc' dir='ltr'><strong>τῆς</strong></span> 
     </span>
    </p>
   </div>
   <div class='ocr_carea' id='block_1_66' title="bbox 134 3428 1731 3506">
    <p class='ocr_par' dir='ltr' id='par_1_66' title="bbox 134 3428 1731 3506">
     <span class='ocr_line' id='line_1_66' title="bbox 134 3428 1731 3506; baseline 0 -23"><span class='ocrx_word' id='word_1_494' title='bbox 134 3428 470 3506; x_wconf 82' lang='grc' dir='ltr'>Ἐκκλησίας</span> <span class='ocrx_word' id='word_1_495' title='bbox 485 3434 710 3506; x_wconf 75' lang='grc' dir='ltr'>δηλαδὴ,</span> <span class='ocrx_word' id='word_1_496' title='bbox 726 3435 863 3506; x_wconf 75' lang='grc' dir='ltr'>πρὸς</span> <span class='ocrx_word' id='word_1_497' title='bbox 890 3433 984 3498; x_wconf 81' lang='grc' dir='ltr'><strong>οὓς</strong></span> <span class='ocrx_word' id='word_1_498' title='bbox 1005 3436 1033 3487; x_wconf 91' lang='lat'><strong>6</strong></span> <span class='ocrx_word' id='word_1_499' title='bbox 1063 3433 1272 3497; x_wconf 81' lang='grc' dir='ltr'>Παῦλὸς</span> <span class='ocrx_word' id='word_1_500' title='bbox 1295 3448 1481 3505; x_wconf 77' lang='grc' dir='ltr'>φησιν’</span> <span class='ocrx_word' id='word_1_501' title='bbox 1501 3433 1635 3485; x_wconf 71' lang='lat' dir='ltr'><strong>&quot;Ira</strong></span> <span class='ocrx_word' id='word_1_502' title='bbox 1664 3430 1731 3484; x_wconf 85' lang='grc' dir='ltr'>τὸ</span> 
     </span>
    </p>
   </div>
   <div class='ocr_carea' id='block_1_67' title="bbox 120 3520 1732 3597">
    <p class='ocr_par' dir='ltr' id='par_1_67' title="bbox 120 3520 1732 3597">
     <span class='ocr_line' id='line_1_67' title="bbox 120 3520 1732 3597; baseline -0.001 -19"><span class='ocrx_word' id='word_1_503' title='bbox 120 3524 263 3578; x_wconf 76' lang='grc' dir='ltr'>αὐτὸ</span> <span class='ocrx_word' id='word_1_504' title='bbox 286 3527 534 3596; x_wconf 74' lang='grc' dir='ltr'>λέγητε·</span> <span class='ocrx_word' id='word_1_505' title='bbox 566 3528 661 3580; x_wconf 74' lang='grc' dir='ltr'><strong>καὶ</strong></span> <span class='ocrx_word' id='word_1_506' title='bbox 685 3529 713 3581; x_wconf 89' lang='lat'><strong>6</strong></span> <span class='ocrx_word' id='word_1_507' title='bbox 741 3526 951 3597; x_wconf 80' lang='grc' dir='ltr'>Κύριος</span> <span class='ocrx_word' id='word_1_508' title='bbox 974 3543 988 3556; x_wconf 81' lang='lat'>&#39;</span> <span class='ocrx_word' id='word_1_509' title='bbox 1018 3527 1150 3581; x_wconf 71' lang='lat' dir='ltr'><strong>&quot;Ira</strong></span> <span class='ocrx_word' id='word_1_510' title='bbox 1177 3526 1330 3579; x_wconf 71' lang='grc' dir='ltr'>ὠσίν</span> <span class='ocrx_word' id='word_1_511' title='bbox 1356 3525 1445 3580; x_wconf 79' lang='grc' dir='ltr'><strong>ἓν.</strong></span> <span class='ocrx_word' id='word_1_512' title='bbox 1474 3520 1608 3577; x_wconf 82' lang='grc' dir='ltr'>Εἶτα</span> <span class='ocrx_word' id='word_1_513' title='bbox 1636 3523 1732 3577; x_wconf 75' lang='grc' dir='ltr'><strong>καὶ</strong></span> 
     </span>
    </p>
   </div>
   <div class='ocr_carea' id='block_1_68' title="bbox 122 3613 1733 3691">
    <p class='ocr_par' dir='ltr' id='par_1_68' title="bbox 122 3613 1733 3691">
     <span class='ocr_line' id='line_1_68' title="bbox 122 3613 1733 3691; baseline -0.003 -20"><span class='ocrx_word' id='word_1_514' title='bbox 122 3616 269 3685; x_wconf 83' lang='grc' dir='ltr'><strong>παρά</strong></span> <span class='ocrx_word' id='word_1_515' title='bbox 292 3623 414 3683; x_wconf 86' lang='grc' dir='ltr'>τοῖς</span> <span class='ocrx_word' id='word_1_516' title='bbox 445 3618 629 3682; x_wconf 82' lang='grc' dir='ltr'>ἄλλοις</span> <span class='ocrx_word' id='word_1_517' title='bbox 662 3618 975 3691; x_wconf 83' lang='grc' dir='ltr'>ἀνθρώποις</span> <span class='ocrx_word' id='word_1_518' title='bbox 995 3660 1010 3682; x_wconf 93' lang='grc'><strong>,</strong></span> <span class='ocrx_word' id='word_1_519' title='bbox 1036 3620 1093 3672; x_wconf 86' lang='grc' dir='ltr'><strong>ἐν</strong></span> <span class='ocrx_word' id='word_1_520' title='bbox 1119 3613 1200 3682; x_wconf 75' lang='grc' dir='ltr'>οἷς</span> <span class='ocrx_word' id='word_1_521' title='bbox 1225 3621 1253 3671; x_wconf 93' lang='lat'><strong>6</strong></span> <span class='ocrx_word' id='word_1_522' title='bbox 1280 3618 1409 3689; x_wconf 79' lang='grc' dir='ltr'>περὶ</span> <span class='ocrx_word' id='word_1_523' title='bbox 1440 3615 1621 3685; x_wconf 83' lang='grc' dir='ltr'>φιλίας</span> <span class='ocrx_word' id='word_1_524' title='bbox 1646 3613 1733 3666; x_wconf 84' lang='grc' dir='ltr'><strong>λό-</strong></span> 
     </span>
    </p>
   </div>
   <div class='ocr_carea' id='block_1_69' title="bbox 120 3704 1732 3781">
    <p class='ocr_par' dir='ltr' id='par_1_69' title="bbox 120 3704 1732 3781">
     <span class='ocr_line' id='line_1_69' title="bbox 120 3704 1732 3781; baseline -0.002 -22"><span class='ocrx_word' id='word_1_525' title='bbox 120 3718 212 3767; x_wconf 70' lang='grc' dir='ltr'><strong>γος</strong></span> <span class='ocrx_word' id='word_1_526' title='bbox 260 3707 418 3759; x_wconf 89' lang='grc' dir='ltr'>ἐστί·</span> <span class='ocrx_word' id='word_1_527' title='bbox 454 3708 547 3761; x_wconf 81' lang='grc' dir='ltr'><strong>τὸν</strong></span> <span class='ocrx_word' id='word_1_528' title='bbox 589 3708 699 3781; x_wconf 76' lang='grc' dir='ltr'><strong>γὰρ</strong></span> <span class='ocrx_word' id='word_1_529' title='bbox 736 3708 876 3762; x_wconf 85' lang='grc' dir='ltr'><strong>κατά</strong></span> <span class='ocrx_word' id='word_1_530' title='bbox 922 3708 1023 3773; x_wconf 77' lang='grc' dir='ltr'>τὰς</span> <span class='ocrx_word' id='word_1_531' title='bbox 1061 3708 1286 3778; x_wconf 68' lang='grc' dir='ltr'>λογικὰς</span> <span class='ocrx_word' id='word_1_532' title='bbox 1329 3706 1513 3778; x_wconf 71' lang='grc' dir='ltr'>ψυχάς</span> <span class='ocrx_word' id='word_1_533' title='bbox 1551 3704 1732 3776; x_wconf 76' lang='grc' dir='ltr'>ἔρωτα</span> 
     </span>
    </p>
   </div>
   <div class='ocr_carea' id='block_1_70' title="bbox 121 3792 1732 3871">
    <p class='ocr_par' dir='ltr' id='par_1_70' title="bbox 121 3792 1732 3871">
     <span class='ocr_line' id='line_1_70' title="bbox 121 3792 1732 3871; baseline 0.004 -30"><span class='ocrx_word' id='word_1_534' title='bbox 121 3794 302 3863; x_wconf 84' lang='grc' dir='ltr'>νοερὸν</span> <span class='ocrx_word' id='word_1_535' title='bbox 333 3792 485 3861; x_wconf 64' lang='lat' dir='ltr'><strong>siris,</strong></span> <span class='ocrx_word' id='word_1_536' title='bbox 526 3797 760 3869; x_wconf 77' lang='grc' dir='ltr'>ψυχικὸν</span> <span class='ocrx_word' id='word_1_537' title='bbox 782 3799 840 3852; x_wconf 82' lang='grc' dir='ltr'>δὲ</span> <span class='ocrx_word' id='word_1_538' title='bbox 865 3798 1130 3852; x_wconf 82' lang='grc' dir='ltr'>ἐκάλεσεν</span> <span class='ocrx_word' id='word_1_539' title='bbox 1160 3798 1339 3871; x_wconf 77' lang='grc' dir='ltr'>ἔρωτα</span> <span class='ocrx_word' id='word_1_540' title='bbox 1362 3797 1453 3850; x_wconf 84' lang='grc' dir='ltr'><strong>τὸν</strong></span> <span class='ocrx_word' id='word_1_541' title='bbox 1475 3797 1584 3849; x_wconf 85' lang='grc' dir='ltr'>τῶν</span> <span class='ocrx_word' id='word_1_542' title='bbox 1608 3795 1732 3848; x_wconf 82' lang='grc' dir='ltr'>ἀλό-</span> 
     </span>
    </p>
   </div>
   <div class='ocr_carea' id='block_1_71' title="bbox 118 3885 1731 3963">
    <p class='ocr_par' dir='ltr' id='par_1_71' title="bbox 118 3885 1731 3963">
     <span class='ocr_line' id='line_1_71' title="bbox 118 3885 1731 3963; baseline 0.004 -29"><span class='ocrx_word' id='word_1_543' title='bbox 118 3899 248 3950; x_wconf 87' lang='grc' dir='ltr'>γων.</span> <span class='ocrx_word' id='word_1_544' title='bbox 292 3885 394 3938; x_wconf 87' lang='grc' dir='ltr'>Ἐκ</span> <span class='ocrx_word' id='word_1_545' title='bbox 438 3887 550 3956; x_wconf 80' lang='grc' dir='ltr'><strong>γὰρ</strong></span> <span class='ocrx_word' id='word_1_546' title='bbox 593 3891 693 3961; x_wconf 81' lang='grc' dir='ltr'>τῆς</span> <span class='ocrx_word' id='word_1_547' title='bbox 735 3892 1006 3963; x_wconf 80' lang='grc' dir='ltr'>ἐρωτικῆς</span> <span class='ocrx_word' id='word_1_548' title='bbox 1052 3889 1258 3963; x_wconf 85' lang='grc' dir='ltr'>ταύτης</span> <span class='ocrx_word' id='word_1_549' title='bbox 1303 3890 1591 3959; x_wconf 85' lang='grc' dir='ltr'>δυνάμεως</span> <span class='ocrx_word' id='word_1_550' title='bbox 1637 3888 1731 3941; x_wconf 69' lang='grc' dir='ltr'><strong>καὶ</strong></span> 
     </span>
    </p>
   </div>
   <div class='ocr_carea' id='block_1_72' title="bbox 119 3977 1729 4053">
    <p class='ocr_par' dir='ltr' id='par_1_72' title="bbox 119 3977 1729 4053">
     <span class='ocr_line' id='line_1_72' title="bbox 119 3977 1729 4053; baseline 0.005 -25"><span class='ocrx_word' id='word_1_551' title='bbox 119 3977 297 4047; x_wconf 86' lang='grc' dir='ltr'>πτηνά</span> <span class='ocrx_word' id='word_1_552' title='bbox 327 3978 603 4049; x_wconf 85' lang='grc' dir='ltr'>ἀγεληδὸν</span> <span class='ocrx_word' id='word_1_553' title='bbox 634 3981 922 4049; x_wconf 86' lang='grc' dir='ltr'>ῖπτανται,</span> <span class='ocrx_word' id='word_1_554' title='bbox 950 3988 1046 4041; x_wconf 69' lang='grc' dir='ltr'><strong>καὶ</strong></span> <span class='ocrx_word' id='word_1_555' title='bbox 1076 3985 1242 4051; x_wconf 77' lang='grc' dir='ltr'>πεζά,</span> <span class='ocrx_word' id='word_1_556' title='bbox 1272 3986 1369 4039; x_wconf 76' lang='grc' dir='ltr'>καὶ</span> <span class='ocrx_word' id='word_1_557' title='bbox 1400 3983 1573 4053; x_wconf 83' lang='grc' dir='ltr'>νηκτά</span> <span class='ocrx_word' id='word_1_558' title='bbox 1604 4001 1729 4037; x_wconf 61' lang='grc' dir='ltr'>συν-η</span> 
     </span>
    </p>
   </div>
   <div class='ocr_carea' id='block_1_73' title="bbox 118 4067 1733 4150">
    <p class='ocr_par' dir='ltr' id='par_1_73' title="bbox 118 4067 1733 4150">
     <span class='ocr_line' id='line_1_73' title="bbox 118 4067 1733 4150; baseline 0.005 -29"><span class='ocrx_word' id='word_1_559' title='bbox 118 4067 396 4139; x_wconf 82' lang='grc' dir='ltr'>νέμονται.</span> <span class='ocrx_word' id='word_1_560' title='bbox 428 4072 662 4125; x_wconf 81' lang='grc' dir='ltr'>Φυσικὸν</span> <span class='ocrx_word' id='word_1_561' title='bbox 689 4074 868 4147; x_wconf 79' lang='grc' dir='ltr'>ἔρωτά</span> <span class='ocrx_word' id='word_1_562' title='bbox 898 4095 1033 4150; x_wconf 84' lang='grc' dir='ltr'>φησι</span> <span class='ocrx_word' id='word_1_563' title='bbox 1056 4077 1149 4130; x_wconf 84' lang='grc' dir='ltr'><strong>τὸν</strong></span> <span class='ocrx_word' id='word_1_564' title='bbox 1202 4078 1312 4132; x_wconf 86' lang='grc' dir='ltr'><strong>τῶν</strong></span> <span class='ocrx_word' id='word_1_565' title='bbox 1335 4076 1598 4149; x_wconf 69' lang='grc' dir='ltr'>ἐμψύχων</span> <span class='ocrx_word' id='word_1_566' title='bbox 1638 4077 1733 4129; x_wconf 75' lang='grc' dir='ltr'>καὶ</span> 
     </span>
    </p>
   </div>
   <div class='ocr_carea' id='block_1_74' title="bbox 120 4158 1730 4242">
    <p class='ocr_par' dir='ltr' id='par_1_74' title="bbox 120 4158 1730 4242">
     <span class='ocr_line' id='line_1_74' title="bbox 120 4158 1730 4242; baseline 0.007 -31"><span class='ocrx_word' id='word_1_567' title='bbox 120 4158 485 4236; x_wconf 79' lang='grc' dir='ltr'>ἀναισθήτων,</span> <span class='ocrx_word' id='word_1_568' title='bbox 524 4166 617 4218; x_wconf 77' lang='grc' dir='ltr'><strong>καὶ</strong></span> <span class='ocrx_word' id='word_1_569' title='bbox 644 4166 791 4233; x_wconf 87' lang='grc' dir='ltr'>ἰδίως</span> <span class='ocrx_word' id='word_1_570' title='bbox 822 4168 930 4222; x_wconf 83' lang='grc' dir='ltr'>τῶν</span> <span class='ocrx_word' id='word_1_571' title='bbox 960 4169 1308 4242; x_wconf 82' lang='grc' dir='ltr'>ἀναισθήτων</span> <span class='ocrx_word' id='word_1_572' title='bbox 1338 4168 1480 4224; x_wconf 87' lang='grc' dir='ltr'><strong>κατά</strong></span> <span class='ocrx_word' id='word_1_573' title='bbox 1508 4168 1607 4241; x_wconf 76' lang='grc' dir='ltr'>τὴν</span> <span class='ocrx_word' id='word_1_574' title='bbox 1635 4170 1730 4223; x_wconf 87' lang='grc' dir='ltr'>ἐκ-</span> 
     </span>
    </p>
   </div>
   <div class='ocr_carea' id='block_1_75' title="bbox 119 4255 1732 4337">
    <p class='ocr_par' dir='ltr' id='par_1_75' title="bbox 119 4255 1732 4337">
     <span class='ocr_line' id='line_1_75' title="bbox 119 4255 1732 4337; baseline 0.006 -32"><span class='ocrx_word' id='word_1_575' title='bbox 119 4255 273 4329; x_wconf 76' lang='grc' dir='ltr'>τικὴν</span> <span class='ocrx_word' id='word_1_576' title='bbox 301 4257 727 4331; x_wconf 77' lang='grc' dir='ltr'>ἐπιτηδειότητα</span> <span class='ocrx_word' id='word_1_577' title='bbox 765 4261 1020 4334; x_wconf 79' lang='grc' dir='ltr'>ἐρώντων</span> <span class='ocrx_word' id='word_1_578' title='bbox 1063 4264 1160 4316; x_wconf 85' lang='grc' dir='ltr'><strong>τοῦ</strong></span> <span class='ocrx_word' id='word_1_579' title='bbox 1198 4261 1534 4337; x_wconf 85' lang='grc' dir='ltr'>δημιουργοῦ</span> <span class='ocrx_word' id='word_1_580' title='bbox 1556 4262 1644 4316; x_wconf 89' lang='grc' dir='ltr'><strong>διά</strong></span> <span class='ocrx_word' id='word_1_581' title='bbox 1670 4262 1732 4315; x_wconf 89' lang='grc' dir='ltr'><strong>τὸ</strong></span> 
     </span>
    </p>
   </div>
   <div class='ocr_carea' id='block_1_76' title="bbox 121 4346 1731 4428">
    <p class='ocr_par' dir='ltr' id='par_1_76' title="bbox 121 4346 1731 4428">
     <span class='ocr_line' id='line_1_76' title="bbox 121 4346 1731 4428; baseline 0.002 -25"><span class='ocrx_word' id='word_1_582' title='bbox 121 4346 209 4397; x_wconf 76' lang='grc' dir='ltr'><strong>ὑπ’</strong></span> <span class='ocrx_word' id='word_1_583' title='bbox 256 4349 429 4404; x_wconf 80' lang='grc' dir='ltr'>αὑτοῦ</span> <span class='ocrx_word' id='word_1_584' title='bbox 457 4352 780 4407; x_wconf 83' lang='grc' dir='ltr'>συνεστάναι</span> <span class='ocrx_word' id='word_1_585' title='bbox 801 4372 813 4384; x_wconf 71' lang='grc' dir='ltr'><strong><em>ο</em></strong></span> <span class='ocrx_word' id='word_1_586' title='bbox 848 4357 989 4409; x_wconf 83' lang='grc' dir='ltr'><strong>κατά</strong></span> <span class='ocrx_word' id='word_1_587' title='bbox 1013 4356 1128 4428; x_wconf 80' lang='grc' dir='ltr'><strong>γάρ</strong></span> <span class='ocrx_word' id='word_1_588' title='bbox 1159 4356 1259 4427; x_wconf 80' lang='grc' dir='ltr'>τὴν</span> <span class='ocrx_word' id='word_1_589' title='bbox 1283 4357 1521 4428; x_wconf 79' lang='grc' dir='ltr'>φυσικὴν</span> <span class='ocrx_word' id='word_1_590' title='bbox 1548 4353 1731 4410; x_wconf 76' lang='grc' dir='ltr'>αὐτῶν</span> 
     </span>
    </p>
   </div>
   <div class='ocr_carea' id='block_1_77' title="bbox 118 4439 1558 4521">
    <p class='ocr_par' dir='ltr' id='par_1_77' title="bbox 118 4439 1558 4521">
     <span class='ocr_line' id='line_1_77' title="bbox 118 4439 1558 4521; baseline 0.006 -29"><span class='ocrx_word' id='word_1_591' title='bbox 118 4439 352 4513; x_wconf 84' lang='grc' dir='ltr'>κίνησιν,</span> <span class='ocrx_word' id='word_1_592' title='bbox 387 4444 486 4497; x_wconf 77' lang='grc' dir='ltr'><strong>καὶ</strong></span> <span class='ocrx_word' id='word_1_593' title='bbox 516 4446 658 4500; x_wconf 79' lang='grc' dir='ltr'>αύτᾶ</span> <span class='ocrx_word' id='word_1_594' title='bbox 689 4448 827 4520; x_wconf 81' lang='grc' dir='ltr'>πρὸς</span> <span class='ocrx_word' id='word_1_595' title='bbox 860 4448 953 4501; x_wconf 87' lang='grc' dir='ltr'><strong>τὸν</strong></span> <span class='ocrx_word' id='word_1_596' title='bbox 982 4449 1121 4504; x_wconf 84' lang='grc' dir='ltr'>Θεὸν</span> <span class='ocrx_word' id='word_1_597' title='bbox 1154 4451 1558 4521; x_wconf 79' lang='grc' dir='ltr'>ὲπέστραπται.</span> 
     </span>
    </p>
   </div>
   <div class='ocr_carea' id='block_1_78' title="bbox 1837 3246 3425 3321">
    <p class='ocr_par' dir='ltr' id='par_1_78' title="bbox 1837 3246 3425 3321">
     <span class='ocr_line' id='line_1_78' title="bbox 1837 3246 3425 3321; baseline 0.006 -21"><span class='ocrx_word' id='word_1_598' title='bbox 1837 3246 1987 3300; x_wconf 90' lang='lat' dir='ltr'><strong>illum</strong></span> <span class='ocrx_word' id='word_1_599' title='bbox 2043 3262 2289 3304; x_wconf 84' lang='lat' dir='ltr'><strong>amorem</strong></span> <span class='ocrx_word' id='word_1_600' title='bbox 2346 3249 2609 3316; x_wconf 88' lang='lat' dir='ltr'><strong>unitatis;</strong></span> <span class='ocrx_word' id='word_1_601' title='bbox 2683 3252 2817 3306; x_wconf 84' lang='lat' dir='ltr'><strong>nihil</strong></span> <span class='ocrx_word' id='word_1_602' title='bbox 2870 3253 3015 3306; x_wconf 86' lang='lat' dir='ltr'><strong>enim</strong></span> <span class='ocrx_word' id='word_1_603' title='bbox 3084 3254 3225 3319; x_wconf 92' lang='lat' dir='ltr'><strong>apud</strong></span> <span class='ocrx_word' id='word_1_604' title='bbox 3279 3254 3425 3321; x_wconf 69' lang='lat' dir='ltr'><strong>ipsos</strong></span> 
     </span>
    </p>
   </div>
   <div class='ocr_carea' id='block_1_79' title="bbox 1836 3340 3423 3415">
    <p class='ocr_par' dir='ltr' id='par_1_79' title="bbox 1836 3340 3423 3415">
     <span class='ocr_line' id='line_1_79' title="bbox 1836 3340 3423 3415; baseline 0.003 -22"><span class='ocrx_word' id='word_1_605' title='bbox 1836 3340 2117 3394; x_wconf 87' lang='lat' dir='ltr'><strong>dissomuu</strong></span> <span class='ocrx_word' id='word_1_606' title='bbox 2144 3350 2240 3394; x_wconf 87' lang='lat' dir='ltr'><strong>aut</strong></span> <span class='ocrx_word' id='word_1_607' title='bbox 2270 3342 2616 3399; x_wconf 91' lang='lat' dir='ltr'><strong>seditiosum.</strong></span> <span class='ocrx_word' id='word_1_608' title='bbox 2651 3342 2861 3400; x_wconf 82' lang='lat' dir='ltr'><strong>Deinde</strong></span> <span class='ocrx_word' id='word_1_609' title='bbox 2896 3355 3021 3413; x_wconf 88' lang='lat' dir='ltr'><strong>post</strong></span> <span class='ocrx_word' id='word_1_610' title='bbox 3059 3344 3308 3415; x_wconf 86' lang='lat' dir='ltr'><strong>angelos,</strong></span> <span class='ocrx_word' id='word_1_611' title='bbox 3338 3346 3423 3398; x_wconf 85' lang='lat' dir='ltr'><strong>in-</strong></span> 
     </span>
    </p>
   </div>
   <div class='ocr_carea' id='block_1_80' title="bbox 1838 3429 3430 3503">
    <p class='ocr_par' dir='ltr' id='par_1_80' title="bbox 1838 3429 3430 3503">
     <span class='ocr_line' id='line_1_80' title="bbox 1838 3429 3430 3503; baseline 0.003 -20"><span class='ocrx_word' id='word_1_612' title='bbox 1838 3429 2173 3501; x_wconf 84' lang='lat' dir='ltr'><strong>telligentem</strong></span> <span class='ocrx_word' id='word_1_613' title='bbox 2218 3447 2440 3503; x_wconf 87' lang='lat' dir='ltr'><strong>quoque</strong></span> <span class='ocrx_word' id='word_1_614' title='bbox 2477 3449 2721 3487; x_wconf 86' lang='lat' dir='ltr'><strong>amorem</strong></span> <span class='ocrx_word' id='word_1_615' title='bbox 2753 3444 3195 3502; x_wconf 86' lang='lat' dir='ltr'><strong>commemorat,</strong></span> <span class='ocrx_word' id='word_1_616' title='bbox 3244 3433 3296 3489; x_wconf 92' lang='lat' dir='ltr'><strong>id</strong></span> <span class='ocrx_word' id='word_1_617' title='bbox 3344 3445 3430 3488; x_wconf 87' lang='lat' dir='ltr'><strong>est</strong></span> 
     </span>
    </p>
   </div>
   <div class='ocr_carea' id='block_1_81' title="bbox 1836 3525 3428 3596">
    <p class='ocr_par' dir='ltr' id='par_1_81' title="bbox 1836 3525 3428 3596">
     <span class='ocr_line' id='line_1_81' title="bbox 1836 3525 3428 3596; baseline 0.003 -20"><span class='ocrx_word' id='word_1_618' title='bbox 1836 3525 1927 3593; x_wconf 89' lang='lat' dir='ltr'><strong>qui</strong></span> <span class='ocrx_word' id='word_1_619' title='bbox 1960 3525 2092 3579; x_wconf 91' lang='lat' dir='ltr'><strong>insit</strong></span> <span class='ocrx_word' id='word_1_620' title='bbox 2117 3526 2249 3579; x_wconf 88' lang='lat' dir='ltr'><strong>viris</strong></span> <span class='ocrx_word' id='word_1_621' title='bbox 2280 3526 2482 3579; x_wconf 82' lang='lat' dir='ltr'><strong>divinis</strong></span> <span class='ocrx_word' id='word_1_622' title='bbox 2520 3526 2799 3591; x_wconf 63' lang='lat' dir='ltr'><strong>Ecclesite,</strong></span> <span class='ocrx_word' id='word_1_623' title='bbox 2834 3528 2900 3581; x_wconf 89' lang='lat' dir='ltr'><strong>ad</strong></span> <span class='ocrx_word' id='word_1_624' title='bbox 2940 3542 3079 3596; x_wconf 86' lang='lat' dir='ltr'><strong>quos</strong></span> <span class='ocrx_word' id='word_1_625' title='bbox 3109 3527 3310 3581; x_wconf 82' lang='lat' dir='ltr'><strong>Paulus</strong></span> <span class='ocrx_word' id='word_1_626' title='bbox 3347 3528 3428 3581; x_wconf 89' lang='lat' dir='ltr'><strong>ait</strong></span> 
     </span>
    </p>
   </div>
   <div class='ocr_carea' id='block_1_82' title="bbox 1838 3614 3427 3684">
    <p class='ocr_par' dir='ltr' id='par_1_82' title="bbox 1838 3614 3427 3684">
     <span class='ocr_line' id='line_1_82' title="bbox 1838 3614 3427 3684; baseline 0.003 -17"><span class='ocrx_word' id='word_1_627' title='bbox 1838 3626 1893 3668; x_wconf 82' lang='lat' dir='ltr'><strong>ut</strong></span> <span class='ocrx_word' id='word_1_628' title='bbox 1941 3616 2080 3669; x_wconf 80' lang='lat' dir='ltr'><strong>idem</strong></span> <span class='ocrx_word' id='word_1_629' title='bbox 2118 3617 2308 3671; x_wconf 77' lang='lat' dir='ltr'><strong>dicatis</strong></span> <span class='ocrx_word' id='word_1_630' title='bbox 2336 3624 2401 3684; x_wconf 64' lang='grc' dir='ltr'>ῖς</span> <span class='ocrx_word' id='word_1_631' title='bbox 2450 3626 2507 3671; x_wconf 85' lang='grc' dir='ltr'><strong>ει</strong></span> <span class='ocrx_word' id='word_1_632' title='bbox 2556 3618 2824 3671; x_wconf 88' lang='lat' dir='ltr'><strong>Dominus</strong></span> <span class='ocrx_word' id='word_1_633' title='bbox 2864 3632 2879 3671; x_wconf 91' lang='lat'><strong>:</strong></span> <span class='ocrx_word' id='word_1_634' title='bbox 2925 3614 2990 3670; x_wconf 87' lang='lat' dir='ltr'><strong>Ut</strong></span> <span class='ocrx_word' id='word_1_635' title='bbox 3039 3618 3147 3671; x_wconf 78' lang='lat' dir='ltr'><strong>sint</strong></span> <span class='ocrx_word' id='word_1_636' title='bbox 3192 3632 3356 3670; x_wconf 83' lang='lat' dir='ltr'><strong>unum</strong></span> <span class='ocrx_word' id='word_1_637' title='bbox 3377 3625 3427 3671; x_wconf 81' lang='grc'>³.</span> 
     </span>
    </p>
   </div>
   <div class='ocr_carea' id='block_1_83' title="bbox 1836 3707 3427 3780">
    <p class='ocr_par' dir='ltr' id='par_1_83' title="bbox 1836 3707 3427 3780">
     <span class='ocr_line' id='line_1_83' title="bbox 1836 3707 3427 3780; baseline -0.001 -18"><span class='ocrx_word' id='word_1_638' title='bbox 1836 3707 2032 3763; x_wconf 77' lang='lat' dir='ltr'><strong>Postea</strong></span> <span class='ocrx_word' id='word_1_639' title='bbox 2069 3710 2237 3763; x_wconf 85' lang='lat' dir='ltr'><strong>etiam</strong></span> <span class='ocrx_word' id='word_1_640' title='bbox 2287 3712 2353 3765; x_wconf 90' lang='lat' dir='ltr'><strong>de</strong></span> <span class='ocrx_word' id='word_1_641' title='bbox 2398 3711 2521 3764; x_wconf 88' lang='lat' dir='ltr'><strong>aliis</strong></span> <span class='ocrx_word' id='word_1_642' title='bbox 2554 3709 2871 3766; x_wconf 80' lang='lat' dir='ltr'><strong>hominibus</strong></span> <span class='ocrx_word' id='word_1_643' title='bbox 2909 3711 3003 3780; x_wconf 88' lang='lat' dir='ltr'><strong>qui</strong></span> <span class='ocrx_word' id='word_1_644' title='bbox 3034 3710 3291 3764; x_wconf 71' lang='lat' dir='ltr'><strong>amicitia:</strong></span> <span class='ocrx_word' id='word_1_645' title='bbox 3333 3725 3427 3762; x_wconf 88' lang='lat' dir='ltr'><strong>ra-</strong></span> 
     </span>
    </p>
   </div>
   <div class='ocr_carea' id='block_1_84' title="bbox 1837 3796 3431 3873">
    <p class='ocr_par' dir='ltr' id='par_1_84' title="bbox 1837 3796 3431 3873">
     <span class='ocr_line' id='line_1_84' title="bbox 1837 3796 3431 3873; baseline -0.002 -20"><span class='ocrx_word' id='word_1_646' title='bbox 1837 3801 2037 3854; x_wconf 83' lang='lat' dir='ltr'><strong>tionem</strong></span> <span class='ocrx_word' id='word_1_647' title='bbox 2069 3800 2232 3873; x_wconf 68' lang='grc'><strong>403</strong></span> <span class='ocrx_word' id='word_1_648' title='bbox 2271 3796 2662 3865; x_wconf 69' lang='grc' dir='ltr'>Ιιιιὺεηι;ἰιιιιιι</span> <span class='ocrx_word' id='word_1_649' title='bbox 2705 3817 2952 3856; x_wconf 88' lang='lat' dir='ltr'><strong>amorem</strong></span> <span class='ocrx_word' id='word_1_650' title='bbox 2995 3801 3088 3870; x_wconf 91' lang='lat' dir='ltr'><strong>qui</strong></span> <span class='ocrx_word' id='word_1_651' title='bbox 3121 3808 3203 3855; x_wconf 90' lang='lat' dir='ltr'><strong>est</strong></span> <span class='ocrx_word' id='word_1_652' title='bbox 3231 3814 3431 3853; x_wconf 86' lang='lat' dir='ltr'><strong>secun-</strong></span> 
     </span>
    </p>
   </div>
   <div class='ocr_carea' id='block_1_85' title="bbox 1834 3890 3425 3962">
    <p class='ocr_par' dir='ltr' id='par_1_85' title="bbox 1834 3890 3425 3962">
     <span class='ocr_line' id='line_1_85' title="bbox 1834 3890 3425 3962; baseline -0.002 -18"><span class='ocrx_word' id='word_1_653' title='bbox 1834 3892 1964 3945; x_wconf 87' lang='lat' dir='ltr'><strong>dum</strong></span> <span class='ocrx_word' id='word_1_654' title='bbox 2016 3895 2233 3946; x_wconf 87' lang='lat' dir='ltr'><strong>animas</strong></span> <span class='ocrx_word' id='word_1_655' title='bbox 2274 3892 2605 3957; x_wconf 88' lang='lat' dir='ltr'><strong>rationales,</strong></span> <span class='ocrx_word' id='word_1_656' title='bbox 2658 3892 3051 3962; x_wconf 81' lang='lat' dir='ltr'><strong>intelligentetn</strong></span> <span class='ocrx_word' id='word_1_657' title='bbox 3096 3890 3425 3950; x_wconf 82' lang='lat' dir='ltr'><strong>nominavit,</strong></span> 
     </span>
    </p>
   </div>
   <div class='ocr_carea' id='block_1_86' title="bbox 1833 3978 3427 4038">
    <p class='ocr_par' dir='ltr' id='par_1_86' title="bbox 1833 3978 3427 4038">
     <span class='ocr_line' id='line_1_86' title="bbox 1833 3978 3427 4038; baseline 0 -5"><span class='ocrx_word' id='word_1_658' title='bbox 1833 3981 2127 4036; x_wconf 84' lang='lat' dir='ltr'><strong>animalem</strong></span> <span class='ocrx_word' id='word_1_659' title='bbox 2201 3983 2332 4037; x_wconf 76' lang='lat' dir='ltr'><strong>vero</strong></span> <span class='ocrx_word' id='word_1_660' title='bbox 2384 3985 2605 4038; x_wconf 90' lang='lat' dir='ltr'><strong>vocavit</strong></span> <span class='ocrx_word' id='word_1_661' title='bbox 2668 3998 2913 4037; x_wconf 88' lang='lat' dir='ltr'><strong>amorem</strong></span> <span class='ocrx_word' id='word_1_662' title='bbox 2982 3983 3292 4036; x_wconf 91' lang='lat' dir='ltr'><strong>brutorum.</strong></span> <span class='ocrx_word' id='word_1_663' title='bbox 3347 3978 3427 4033; x_wconf 68' lang='lat' dir='ltr'><strong>Ex</strong></span> 
     </span>
    </p>
   </div>
   <div class='ocr_carea' id='block_1_87' title="bbox 1834 4071 3425 4145">
    <p class='ocr_par' dir='ltr' id='par_1_87' title="bbox 1834 4071 3425 4145">
     <span class='ocr_line' id='line_1_87' title="bbox 1834 4071 3425 4145; baseline -0.003 -18"><span class='ocrx_word' id='word_1_664' title='bbox 1834 4078 2097 4129; x_wconf 84' lang='lat' dir='ltr'><strong>amatoria</strong></span> <span class='ocrx_word' id='word_1_665' title='bbox 2143 4075 2251 4131; x_wconf 84' lang='lat' dir='ltr'><strong>hac</strong></span> <span class='ocrx_word' id='word_1_666' title='bbox 2290 4077 2498 4131; x_wconf 88' lang='lat' dir='ltr'><strong>virtute</strong></span> <span class='ocrx_word' id='word_1_667' title='bbox 2528 4085 2584 4131; x_wconf 85' lang='lat' dir='ltr'><strong>et</strong></span> <span class='ocrx_word' id='word_1_668' title='bbox 2622 4075 2873 4131; x_wconf 81' lang='lat' dir='ltr'><strong>volucres</strong></span> <span class='ocrx_word' id='word_1_669' title='bbox 2912 4072 3181 4145; x_wconf 81' lang='lat' dir='ltr'><strong>gregatim</strong></span> <span class='ocrx_word' id='word_1_670' title='bbox 3212 4071 3425 4134; x_wconf 88' lang='lat' dir='ltr'><strong>volant,</strong></span> 
     </span>
    </p>
   </div>
   <div class='ocr_carea' id='block_1_88' title="bbox 1832 4165 3429 4239">
    <p class='ocr_par' dir='ltr' id='par_1_88' title="bbox 1832 4165 3429 4239">
     <span class='ocr_line' id='line_1_88' title="bbox 1832 4165 3429 4239; baseline -0.003 -17"><span class='ocrx_word' id='word_1_671' title='bbox 1832 4176 1890 4223; x_wconf 88' lang='lat' dir='ltr'><strong>et</strong></span> <span class='ocrx_word' id='word_1_672' title='bbox 1918 4167 2203 4222; x_wconf 87' lang='lat' dir='ltr'><strong>terrestria</strong></span> <span class='ocrx_word' id='word_1_673' title='bbox 2230 4167 2589 4238; x_wconf 87' lang='lat' dir='ltr'><strong>natatiliaque</strong></span> <span class='ocrx_word' id='word_1_674' title='bbox 2618 4169 3048 4239; x_wconf 84' lang='lat' dir='ltr'><strong>conjunguutur.</strong></span> <span class='ocrx_word' id='word_1_675' title='bbox 3076 4165 3251 4221; x_wconf 87' lang='lat' dir='ltr'><strong>Porro</strong></span> <span class='ocrx_word' id='word_1_676' title='bbox 3274 4178 3429 4217; x_wconf 88' lang='lat' dir='ltr'><strong>amo-</strong></span> 
     </span>
    </p>
   </div>
   <div class='ocr_carea' id='block_1_89' title="bbox 1836 4260 3429 4337">
    <p class='ocr_par' dir='ltr' id='par_1_89' title="bbox 1836 4260 3429 4337">
     <span class='ocr_line' id='line_1_89' title="bbox 1836 4260 3429 4337; baseline -0.003 -22"><span class='ocrx_word' id='word_1_677' title='bbox 1836 4276 1951 4315; x_wconf 87' lang='lat' dir='ltr'><strong>rem</strong></span> <span class='ocrx_word' id='word_1_678' title='bbox 2006 4261 2315 4316; x_wconf 86' lang='lat' dir='ltr'><strong>naturalem</strong></span> <span class='ocrx_word' id='word_1_679' title='bbox 2360 4274 2524 4316; x_wconf 88' lang='lat' dir='ltr'><strong>vocat</strong></span> <span class='ocrx_word' id='word_1_680' title='bbox 2558 4260 2712 4317; x_wconf 90' lang='lat' dir='ltr'><strong>illum</strong></span> <span class='ocrx_word' id='word_1_681' title='bbox 2747 4276 2930 4318; x_wconf 87' lang='lat' dir='ltr'><strong>rerum</strong></span> <span class='ocrx_word' id='word_1_682' title='bbox 2961 4261 3331 4337; x_wconf 84' lang='lat' dir='ltr'><strong>animatarum</strong></span> <span class='ocrx_word' id='word_1_683' title='bbox 3372 4266 3429 4310; x_wconf 82' lang='lat' dir='ltr'><strong>et</strong></span> 
     </span>
    </p>
   </div>
   <div class='ocr_carea' id='block_1_90' title="bbox 1835 4350 3427 4421">
    <p class='ocr_par' dir='ltr' id='par_1_90' title="bbox 1835 4350 3427 4421">
     <span class='ocr_line' id='line_1_90' title="bbox 1835 4350 3427 4421; baseline -0.003 -14"><span class='ocrx_word' id='word_1_684' title='bbox 1835 4370 1999 4412; x_wconf 86' lang='lat' dir='ltr'><strong>sensu</strong></span> <span class='ocrx_word' id='word_1_685' title='bbox 2032 4355 2368 4420; x_wconf 89' lang='lat' dir='ltr'><strong>carentium,</strong></span> <span class='ocrx_word' id='word_1_686' title='bbox 2388 4372 2514 4409; x_wconf 91' lang='lat' dir='ltr'><strong>cum</strong></span> <span class='ocrx_word' id='word_1_687' title='bbox 2545 4371 2710 4412; x_wconf 86' lang='lat' dir='ltr'><strong>sensu</strong></span> <span class='ocrx_word' id='word_1_688' title='bbox 2739 4354 2990 4410; x_wconf 85' lang='lat' dir='ltr'><strong>carentia</strong></span> <span class='ocrx_word' id='word_1_689' title='bbox 3014 4353 3179 4408; x_wconf 89' lang='lat' dir='ltr'><strong>etiam</strong></span> <span class='ocrx_word' id='word_1_690' title='bbox 3202 4350 3427 4421; x_wconf 87' lang='lat' dir='ltr'><strong>proprie</strong></span> 
     </span>
    </p>
   </div>
   <div class='ocr_carea' id='block_1_91' title="bbox 1837 4448 3418 4520">
    <p class='ocr_par' dir='ltr' id='par_1_91' title="bbox 1837 4448 3418 4520">
     <span class='ocr_line' id='line_1_91' title="bbox 1837 4448 3418 4520; baseline -0.006 -19"><span class='ocrx_word' id='word_1_691' title='bbox 1837 4448 2203 4504; x_wconf 87' lang='lat' dir='ltr'><strong>habitudiuali</strong></span> <span class='ocrx_word' id='word_1_692' title='bbox 2276 4449 2583 4520; x_wconf 86' lang='lat' dir='ltr'><strong>aptitudiue</strong></span> <span class='ocrx_word' id='word_1_693' title='bbox 2634 4448 2955 4504; x_wconf 84' lang='lat' dir='ltr'><strong>Creatorem</strong></span> <span class='ocrx_word' id='word_1_694' title='bbox 3028 4453 3245 4504; x_wconf 90' lang='lat' dir='ltr'><strong>ament,</strong></span> <span class='ocrx_word' id='word_1_695' title='bbox 3299 4460 3418 4512; x_wconf 83' lang='lat' dir='ltr'><strong>pru-</strong></span> 
     </span>
    </p>
   </div>
   <div class='ocr_carea' id='block_1_92' title="bbox 122 4538 3424 4615">
    <p class='ocr_par' dir='ltr' id='par_1_92' title="bbox 122 4538 3424 4615">
     <span class='ocr_line' id='line_1_92' title="bbox 122 4538 3424 4615; baseline 0.001 -25"><span class='ocrx_word' id='word_1_696' title='bbox 122 4546 299 4603; x_wconf 84' lang='lat' dir='ltr'><strong>plerea</strong></span> <span class='ocrx_word' id='word_1_697' title='bbox 325 4543 478 4611; x_wconf 89' lang='lat' dir='ltr'><strong>quod</strong></span> <span class='ocrx_word' id='word_1_698' title='bbox 509 4545 575 4597; x_wconf 86' lang='lat' dir='ltr'><strong>ab</strong></span> <span class='ocrx_word' id='word_1_699' title='bbox 612 4544 730 4614; x_wconf 92' lang='lat' dir='ltr'><strong>ipso</strong></span> <span class='ocrx_word' id='word_1_700' title='bbox 777 4548 1050 4615; x_wconf 85' lang='lat' dir='ltr'><strong>producta</strong></span> <span class='ocrx_word' id='word_1_701' title='bbox 1083 4547 1231 4613; x_wconf 91' lang='lat' dir='ltr'><strong>sint;</strong></span> <span class='ocrx_word' id='word_1_702' title='bbox 1263 4562 1393 4600; x_wconf 88' lang='lat' dir='ltr'><strong>nam</strong></span> <span class='ocrx_word' id='word_1_703' title='bbox 1458 4546 1763 4600; x_wconf 90' lang='lat' dir='ltr'><strong>secundum</strong></span> <span class='ocrx_word' id='word_1_704' title='bbox 1799 4547 2110 4603; x_wconf 87' lang='lat' dir='ltr'><strong>naturalem</strong></span> <span class='ocrx_word' id='word_1_705' title='bbox 2167 4560 2325 4601; x_wconf 90' lang='lat' dir='ltr'><strong>suum</strong></span> <span class='ocrx_word' id='word_1_706' title='bbox 2393 4555 2601 4601; x_wconf 84' lang='lat' dir='ltr'><strong>motum</strong></span> <span class='ocrx_word' id='word_1_707' title='bbox 2654 4546 2821 4600; x_wconf 85' lang='lat' dir='ltr'><strong>etiam</strong></span> <span class='ocrx_word' id='word_1_708' title='bbox 2874 4545 3106 4615; x_wconf 86' lang='lat' dir='ltr'><strong>ipsamet</strong></span> <span class='ocrx_word' id='word_1_709' title='bbox 3148 4541 3214 4593; x_wconf 88' lang='lat' dir='ltr'><strong>ad</strong></span> <span class='ocrx_word' id='word_1_710' title='bbox 3259 4538 3424 4593; x_wconf 89' lang='lat' dir='ltr'><strong>Deum</strong></span> 
     </span>
    </p>
   </div>
   <div class='ocr_carea' id='block_1_93' title="bbox 118 4646 543 4693">
    <p class='ocr_par' dir='ltr' id='par_1_93' title="bbox 118 4646 543 4693">
     <span class='ocr_line' id='line_1_93' title="bbox 118 4646 543 4693; baseline 0.019 -8"><span class='ocrx_word' id='word_1_711' title='bbox 118 4646 543 4693; x_wconf 82' lang='lat' dir='ltr'><strong>c.uvertuutttr.</strong></span> 
     </span>
    </p>
   </div>
   <div class='ocr_carea' id='block_1_94' title="bbox 738 4755 1103 4812">
    <p class='ocr_par' dir='ltr' id='par_1_94' title="bbox 738 4755 1103 4812">
     <span class='ocr_line' id='line_1_94' title="bbox 738 4755 1103 4812; baseline -0.003 -3"><span class='ocrx_word' id='word_1_712' title='bbox 738 4755 849 4810; x_wconf 86' lang='grc' dir='ltr'>Τοῦ</span> <span class='ocrx_word' id='word_1_713' title='bbox 886 4756 1103 4812; x_wconf 79' lang='grc' dir='ltr'>αὑτοῦ.</span> 
     </span>
    </p>
   </div>
   <div class='ocr_carea' id='block_1_95' title="bbox 190 4856 1725 4946">
    <p class='ocr_par' dir='ltr' id='par_1_95' title="bbox 190 4856 1725 4946">
     <span class='ocr_line' id='line_1_95' title="bbox 190 4856 1725 4946; baseline 0.011 -35"><span class='ocrx_word' id='word_1_714' title='bbox 190 4856 216 4927; x_wconf 68' lang='grc' dir='ltr'><strong>ς</strong></span> <span class='ocrx_word' id='word_1_715' title='bbox 252 4861 395 4918; x_wconf 74' lang='lat' dir='ltr'><strong>XVI.</strong></span> <span class='ocrx_word' id='word_1_716' title='bbox 458 4860 685 4936; x_wconf 81' lang='grc' dir='ltr'>Ἐπειδὴ</span> <span class='ocrx_word' id='word_1_717' title='bbox 712 4867 778 4919; x_wconf 82' lang='grc' dir='ltr'><strong>ἐκ</strong></span> <span class='ocrx_word' id='word_1_718' title='bbox 802 4866 900 4921; x_wconf 89' lang='grc' dir='ltr'><strong>τοῦ</strong></span> <span class='ocrx_word' id='word_1_719' title='bbox 944 4869 1154 4924; x_wconf 81' lang='grc' dir='ltr'>ἐνιαίου</span> <span class='ocrx_word' id='word_1_720' title='bbox 1186 4873 1282 4926; x_wconf 78' lang='grc' dir='ltr'>καὶ</span> <span class='ocrx_word' id='word_1_721' title='bbox 1311 4873 1483 4938; x_wconf 79' lang='grc' dir='ltr'>ὅντως</span> <span class='ocrx_word' id='word_1_722' title='bbox 1521 4874 1725 4946; x_wconf 81' lang='grc' dir='ltr'>ἔρωτος</span> 
     </span>
    </p>
   </div>
   <div class='ocr_carea' id='block_1_96' title="bbox 122 4948 1727 5036">
    <p class='ocr_par' dir='ltr' id='par_1_96' title="bbox 122 4948 1727 5036">
     <span class='ocr_line' id='line_1_96' title="bbox 122 4948 1727 5036; baseline 0.014 -35"><span class='ocrx_word' id='word_1_723' title='bbox 122 4948 209 5002; x_wconf 85' lang='grc' dir='ltr'><strong>τοῦ</strong></span> <span class='ocrx_word' id='word_1_724' title='bbox 248 4950 389 5006; x_wconf 81' lang='grc' dir='ltr'>Θεοῦ</span> <span class='ocrx_word' id='word_1_725' title='bbox 422 4956 656 5022; x_wconf 74' lang='grc' dir='ltr'>πολλοὺς</span> <span class='ocrx_word' id='word_1_726' title='bbox 698 4958 909 5031; x_wconf 79' lang='grc' dir='ltr'>ἔρωτας</span> <span class='ocrx_word' id='word_1_727' title='bbox 949 4963 1348 5036; x_wconf 83' lang='grc' dir='ltr'>συνετάξαμεν,</span> <span class='ocrx_word' id='word_1_728' title='bbox 1395 4967 1522 5030; x_wconf 76' lang='grc' dir='ltr'>τοὺς</span> <span class='ocrx_word' id='word_1_729' title='bbox 1555 4966 1727 5034; x_wconf 83' lang='grc' dir='ltr'>ἀγγε-</span> 
     </span>
    </p>
   </div>
   <div class='ocr_carea' id='block_1_97' title="bbox 121 5039 1723 5129">
    <p class='ocr_par' dir='ltr' id='par_1_97' title="bbox 121 5039 1723 5129">
     <span class='ocr_line' id='line_1_97' title="bbox 121 5039 1723 5129; baseline 0.012 -35"><span class='ocrx_word' id='word_1_730' title='bbox 121 5039 322 5108; x_wconf 73' lang='grc' dir='ltr'>λικοὺς,</span> <span class='ocrx_word' id='word_1_731' title='bbox 357 5047 492 5109; x_wconf 76' lang='grc' dir='ltr'>τοὺς</span> <span class='ocrx_word' id='word_1_732' title='bbox 519 5051 761 5119; x_wconf 84' lang='grc' dir='ltr'>νοεροὺς,</span> <span class='ocrx_word' id='word_1_733' title='bbox 797 5053 929 5119; x_wconf 77' lang='grc' dir='ltr'>τοὺς</span> <span class='ocrx_word' id='word_1_734' title='bbox 955 5056 1245 5127; x_wconf 76' lang='grc' dir='ltr'>ψυχικοὺς,</span> <span class='ocrx_word' id='word_1_735' title='bbox 1270 5059 1400 5123; x_wconf 75' lang='grc' dir='ltr'>τοὺς</span> <span class='ocrx_word' id='word_1_736' title='bbox 1432 5060 1723 5129; x_wconf 80' lang='grc' dir='ltr'>φυσικοὺς,</span> 
     </span>
    </p>
   </div>
   <div class='ocr_carea' id='block_1_98' title="bbox 124 5131 1722 5223">
    <p class='ocr_par' dir='ltr' id='par_1_98' title="bbox 124 5131 1722 5223">
     <span class='ocr_line' id='line_1_98' title="bbox 124 5131 1722 5223; baseline 0.012 -35"><span class='ocrx_word' id='word_1_737' title='bbox 124 5131 284 5204; x_wconf 73' lang='grc' dir='ltr'>(οὗτοι</span> <span class='ocrx_word' id='word_1_738' title='bbox 312 5138 425 5223; x_wconf 87' lang='grc' dir='ltr'><strong>γάρ</strong></span> <span class='ocrx_word' id='word_1_739' title='bbox 452 5142 592 5195; x_wconf 86' lang='grc' dir='ltr'>είσιν</span> <span class='ocrx_word' id='word_1_740' title='bbox 612 5146 660 5195; x_wconf 88' lang='grc' dir='ltr'>οἱ</span> <span class='ocrx_word' id='word_1_741' title='bbox 689 5146 789 5215; x_wconf 79' lang='grc' dir='ltr'><strong>μὲν</strong></span> <span class='ocrx_word' id='word_1_742' title='bbox 826 5148 1113 5221; x_wconf 80' lang='grc' dir='ltr'>ἐγκόσμιοι</span> <span class='ocrx_word' id='word_1_743' title='bbox 1135 5192 1149 5215; x_wconf 90' lang='grc'><strong>,</strong></span> <span class='ocrx_word' id='word_1_744' title='bbox 1181 5153 1233 5204; x_wconf 87' lang='grc' dir='ltr'>οἱ</span> <span class='ocrx_word' id='word_1_745' title='bbox 1272 5152 1329 5205; x_wconf 84' lang='grc' dir='ltr'>δὲ</span> <span class='ocrx_word' id='word_1_746' title='bbox 1355 5152 1722 5223; x_wconf 85' lang='grc' dir='ltr'>ὑπερκὸσμιοι</span> 
     </span>
    </p>
   </div>
   <div class='ocr_carea' id='block_1_99' title="bbox 123 5222 1724 5315">
    <p class='ocr_par' dir='ltr' id='par_1_99' title="bbox 123 5222 1724 5315">
     <span class='ocr_line' id='line_1_99' title="bbox 123 5222 1724 5315; baseline 0.007 -29"><span class='ocrx_word' id='word_1_747' title='bbox 123 5225 338 5297; x_wconf 74' lang='grc' dir='ltr'>ἔρωτες,</span> <span class='ocrx_word' id='word_1_748' title='bbox 356 5222 434 5283; x_wconf 78' lang='grc' dir='ltr'>ὧν</span> <span class='ocrx_word' id='word_1_749' title='bbox 457 5229 819 5301; x_wconf 73' lang='grc' dir='ltr'>ὑπερέχουσιν</span> <span class='ocrx_word' id='word_1_750' title='bbox 835 5240 893 5291; x_wconf 87' lang='grc' dir='ltr'>αἱ</span> <span class='ocrx_word' id='word_1_751' title='bbox 914 5240 1025 5295; x_wconf 84' lang='grc' dir='ltr'><strong>τῶν</strong></span> <span class='ocrx_word' id='word_1_752' title='bbox 1040 5242 1245 5313; x_wconf 81' lang='grc' dir='ltr'>νοερῶν</span> <span class='ocrx_word' id='word_1_753' title='bbox 1268 5261 1326 5295; x_wconf 87' lang='grc' dir='ltr'><strong>τε</strong></span> <span class='ocrx_word' id='word_1_754' title='bbox 1350 5243 1445 5296; x_wconf 70' lang='grc' dir='ltr'>καὶ</span> <span class='ocrx_word' id='word_1_755' title='bbox 1468 5244 1724 5315; x_wconf 86' lang='grc' dir='ltr'>νοητῶν·)</span> 
     </span>
    </p>
   </div>
   <div class='ocr_carea' id='block_1_100' title="bbox 128 5319 1723 5407">
    <p class='ocr_par' dir='ltr' id='par_1_100' title="bbox 128 5319 1723 5407">
     <span class='ocr_line' id='line_1_100' title="bbox 128 5319 1723 5407; baseline 0.01 -36"><span class='ocrx_word' id='word_1_756' title='bbox 128 5319 253 5392; x_wconf 81' lang='grc' dir='ltr'>φέρε</span> <span class='ocrx_word' id='word_1_757' title='bbox 299 5321 672 5393; x_wconf 81' lang='grc' dir='ltr'>συνελίξωμεν</span> <span class='ocrx_word' id='word_1_758' title='bbox 711 5324 961 5395; x_wconf 77' lang='grc' dir='ltr'>ἅπαντας</span> <span class='ocrx_word' id='word_1_759' title='bbox 1001 5333 1094 5386; x_wconf 81' lang='grc' dir='ltr'>ἐπὶ</span> <span class='ocrx_word' id='word_1_760' title='bbox 1120 5334 1212 5388; x_wconf 85' lang='grc' dir='ltr'><strong>τὸν</strong></span> <span class='ocrx_word' id='word_1_761' title='bbox 1250 5334 1473 5407; x_wconf 79' lang='grc' dir='ltr'>Πατέρα</span> <span class='ocrx_word' id='word_1_762' title='bbox 1518 5336 1723 5388; x_wconf 76' lang='grc' dir='ltr'>αὐτῶν.</span> 
     </span>
    </p>
   </div>
   <div class='ocr_carea' id='block_1_101' title="bbox 127 5409 1723 5500">
    <p class='ocr_par' dir='ltr' id='par_1_101' title="bbox 127 5409 1723 5500">
     <span class='ocr_line' id='line_1_101' title="bbox 127 5409 1723 5500; baseline 0.013 -39"><span class='ocrx_word' id='word_1_763' title='bbox 127 5409 436 5482; x_wconf 81' lang='grc' dir='ltr'>Σημείωσαι</span> <span class='ocrx_word' id='word_1_764' title='bbox 457 5413 539 5476; x_wconf 75' lang='grc' dir='ltr'><strong>δὲ,</strong></span> <span class='ocrx_word' id='word_1_765' title='bbox 574 5416 654 5468; x_wconf 86' lang='grc' dir='ltr'>ὅτι</span> <span class='ocrx_word' id='word_1_766' title='bbox 681 5420 848 5489; x_wconf 85' lang='grc' dir='ltr'>νοερά</span> <span class='ocrx_word' id='word_1_767' title='bbox 879 5424 984 5475; x_wconf 86' lang='grc' dir='ltr'>εἰσι</span> <span class='ocrx_word' id='word_1_768' title='bbox 1011 5425 1077 5478; x_wconf 68' lang='grc' dir='ltr'>τὰ</span> <span class='ocrx_word' id='word_1_769' title='bbox 1102 5426 1352 5491; x_wconf 83' lang='grc' dir='ltr'>νοοῦντα,</span> <span class='ocrx_word' id='word_1_770' title='bbox 1384 5427 1551 5500; x_wconf 84' lang='grc' dir='ltr'>νοητά</span> <span class='ocrx_word' id='word_1_771' title='bbox 1571 5428 1627 5481; x_wconf 86' lang='grc' dir='ltr'><strong>δέ</strong></span> <span class='ocrx_word' id='word_1_772' title='bbox 1654 5428 1723 5481; x_wconf 73' lang='grc' dir='ltr'><strong>τὰ</strong></span> 
     </span>
    </p>
   </div>
   <div class='ocr_carea' id='block_1_102' title="bbox 128 5508 1721 5589">
    <p class='ocr_par' dir='ltr' id='par_1_102' title="bbox 128 5508 1721 5589">
     <span class='ocr_line' id='line_1_102' title="bbox 128 5508 1721 5589; baseline 0.009 -34"><span class='ocrx_word' id='word_1_773' title='bbox 128 5508 420 5576; x_wconf 64' lang='grc' dir='ltr'>νοούμεναθ</span> <span class='ocrx_word' id='word_1_774' title='bbox 472 5508 569 5559; x_wconf 74' lang='grc' dir='ltr'><strong>καὶ</strong></span> <span class='ocrx_word' id='word_1_775' title='bbox 615 5509 1041 5581; x_wconf 79' lang='grc' dir='ltr'>ύπερϐαίνονται</span> <span class='ocrx_word' id='word_1_776' title='bbox 1086 5517 1154 5569; x_wconf 82' lang='grc' dir='ltr'><strong>τά</strong></span> <span class='ocrx_word' id='word_1_777' title='bbox 1199 5519 1363 5588; x_wconf 80' lang='grc' dir='ltr'>νοερά</span> <span class='ocrx_word' id='word_1_778' title='bbox 1413 5519 1566 5589; x_wconf 86' lang='grc' dir='ltr'><strong>παρά</strong></span> <span class='ocrx_word' id='word_1_779' title='bbox 1609 5518 1721 5571; x_wconf 76' lang='grc' dir='ltr'>τῶν</span> 
     </span>
    </p>
   </div>
   <div class='ocr_carea' id='block_1_103' title="bbox 130 5596 1719 5674">
    <p class='ocr_par' dir='ltr' id='par_1_103' title="bbox 130 5596 1719 5674">
     <span class='ocr_line' id='line_1_103' title="bbox 130 5596 1719 5674; baseline 0.01 -27"><span class='ocrx_word' id='word_1_780' title='bbox 130 5596 347 5666; x_wconf 76' lang='grc' dir='ltr'>νοητῶν,</span> <span class='ocrx_word' id='word_1_781' title='bbox 379 5598 508 5652; x_wconf 76' lang='grc' dir='ltr'>ὅθεν</span> <span class='ocrx_word' id='word_1_782' title='bbox 550 5602 645 5654; x_wconf 79' lang='grc' dir='ltr'><strong>καὶ</strong></span> <span class='ocrx_word' id='word_1_783' title='bbox 678 5605 854 5674; x_wconf 82' lang='grc' dir='ltr'>τροφή</span> <span class='ocrx_word' id='word_1_784' title='bbox 898 5608 1016 5659; x_wconf 84' lang='grc' dir='ltr'>ἐστι</span> <span class='ocrx_word' id='word_1_785' title='bbox 1041 5608 1149 5662; x_wconf 84' lang='grc' dir='ltr'><strong>τῶν</strong></span> <span class='ocrx_word' id='word_1_786' title='bbox 1173 5610 1440 5665; x_wconf 84' lang='grc' dir='ltr'>νοούντων</span> <span class='ocrx_word' id='word_1_787' title='bbox 1468 5613 1535 5664; x_wconf 67' lang='grc' dir='ltr'>τὶ</span> <span class='ocrx_word' id='word_1_788' title='bbox 1562 5610 1719 5664; x_wconf 80' lang='grc' dir='ltr'>νοού-</span> 
     </span>
    </p>
   </div>
   <div class='ocr_carea' id='block_1_104' title="bbox 201 5775 2071 5847">
    <p class='ocr_par' dir='ltr' id='par_1_104' title="bbox 201 5775 2071 5847">
     <span class='ocr_line' id='line_1_104' title="bbox 201 5775 2071 5847; baseline 0.007 -23"><span class='ocrx_word' id='word_1_789' title='bbox 201 5780 228 5812; x_wconf 76' lang='grc'>⁸</span> <span class='ocrx_word' id='word_1_790' title='bbox 255 5775 268 5825; x_wconf 91' lang='grc' dir='ltr'><strong>Ι</strong></span> <span class='ocrx_word' id='word_1_791' title='bbox 296 5775 458 5831; x_wconf 79' lang='lat' dir='ltr'><strong>Juan.</strong></span> <span class='ocrx_word' id='word_1_792' title='bbox 490 5792 567 5841; x_wconf 80' lang='lat' dir='ltr'><strong>tv,</strong></span> <span class='ocrx_word' id='word_1_793' title='bbox 608 5778 666 5843; x_wconf 88' lang='lat'><strong>8,</strong></span> <span class='ocrx_word' id='word_1_794' title='bbox 708 5779 943 5835; x_wconf 76' lang='lat' dir='ltr'><strong>lectione</strong></span> <span class='ocrx_word' id='word_1_795' title='bbox 971 5787 1144 5847; x_wconf 83' lang='lat' dir='ltr'><strong>varia.</strong></span> <span class='ocrx_word' id='word_1_796' title='bbox 1174 5788 1253 5842; x_wconf 69' lang='lat' dir='ltr'><strong>Cl‘.</strong></span> <span class='ocrx_word' id='word_1_797' title='bbox 1301 5789 1357 5842; x_wconf 74' lang='grc' dir='ltr'>Ρ.</span> <span class='ocrx_word' id='word_1_798' title='bbox 1394 5791 1777 5845; x_wconf 56' lang='lat' dir='ltr'><strong>Sabatiarvl.</strong></span> <span class='ocrx_word' id='word_1_799' title='bbox 1807 5786 2071 5841; x_wconf 81' lang='lat' dir='ltr'><strong>Italicam.</strong></span> 
     </span>
    </p>
   </div>
   <div class='ocr_carea' id='block_1_105' title="bbox 364 5876 968 5941">
    <p class='ocr_par' dir='ltr' id='par_1_105' title="bbox 364 5876 968 5941">
     <span class='ocr_line' id='line_1_105' title="bbox 364 5876 968 5941; baseline 0.008 -8"><span class='ocrx_word' id='word_1_800' title='bbox 364 5876 623 5933; x_wconf 76' lang='lat' dir='ltr'><strong>Pnact.</strong></span> <span class='ocrx_word' id='word_1_801' title='bbox 679 5877 797 5937; x_wconf 77' lang='lat' dir='ltr'><strong>Gn.</strong></span> <span class='ocrx_word' id='word_1_802' title='bbox 860 5878 968 5941; x_wconf 86' lang='grc' dir='ltr'><strong>ΙΙΙ.</strong></span> 
     </span>
    </p>
   </div>
   <div class='ocr_carea' id='block_1_106' title="bbox 1758 4756 1809 4815">
    <p class='ocr_par' dir='ltr' id='par_1_106' title="bbox 1758 4756 1809 4815">
     <span class='ocr_line' id='line_1_106' title="bbox 1758 4756 1809 4815; baseline 0 0"><span class='ocrx_word' id='word_1_803' title='bbox 1758 4756 1809 4815; x_wconf 90' lang='lat' dir='ltr'><strong>D</strong></span> 
     </span>
    </p>
   </div>
   <div class='ocr_carea' id='block_1_107' title="bbox 2484 4749 2766 4818">
    <p class='ocr_par' dir='ltr' id='par_1_107' title="bbox 2484 4749 2766 4818">
     <span class='ocr_line' id='line_1_107' title="bbox 2484 4749 2766 4818; baseline 0 -16"><span class='ocrx_word' id='word_1_804' title='bbox 2484 4749 2766 4818; x_wconf 73' lang='lat' dir='ltr'><strong>Ejusdem.</strong></span> 
     </span>
    </p>
   </div>
   <div class='ocr_carea' id='block_1_108' title="bbox 1909 4858 3421 4940">
    <p class='ocr_par' dir='ltr' id='par_1_108' title="bbox 1909 4858 3421 4940">
     <span class='ocr_line' id='line_1_108' title="bbox 1909 4858 3421 4940; baseline -0.01 -15"><span class='ocrx_word' id='word_1_805' title='bbox 1909 4867 1939 4940; x_wconf 85' lang='lat'>§</span> <span class='ocrx_word' id='word_1_806' title='bbox 1993 4865 2135 4924; x_wconf 76' lang='lat' dir='ltr'><strong>XVI.</strong></span> <span class='ocrx_word' id='word_1_807' title='bbox 2182 4865 2452 4933; x_wconf 86' lang='lat' dir='ltr'><strong>Quoniam</strong></span> <span class='ocrx_word' id='word_1_808' title='bbox 2516 4879 2583 4919; x_wconf 80' lang='lat' dir='ltr'><strong>ex</strong></span> <span class='ocrx_word' id='word_1_809' title='bbox 2651 4878 2759 4918; x_wconf 91' lang='lat' dir='ltr'><strong>uno</strong></span> <span class='ocrx_word' id='word_1_810' title='bbox 2804 4876 2871 4917; x_wconf 89' lang='lat' dir='ltr'><strong>ac</strong></span> <span class='ocrx_word' id='word_1_811' title='bbox 2916 4874 3047 4915; x_wconf 89' lang='lat' dir='ltr'><strong>vero</strong></span> <span class='ocrx_word' id='word_1_812' title='bbox 3089 4873 3275 4912; x_wconf 89' lang='lat' dir='ltr'><strong>amore</strong></span> <span class='ocrx_word' id='word_1_813' title='bbox 3328 4858 3421 4912; x_wconf 88' lang='lat' dir='ltr'><strong>Dei</strong></span> 
     </span>
    </p>
   </div>
   <div class='ocr_carea' id='block_1_109' title="bbox 1836 4950 3423 5023">
    <p class='ocr_par' dir='ltr' id='par_1_109' title="bbox 1836 4950 3423 5023">
     <span class='ocr_line' id='line_1_109' title="bbox 1836 4950 3423 5023; baseline -0.008 -7"><span class='ocrx_word' id='word_1_814' title='bbox 1836 4962 2040 5016; x_wconf 88' lang='lat' dir='ltr'><strong>multos</strong></span> <span class='ocrx_word' id='word_1_815' title='bbox 2058 4975 2277 5016; x_wconf 83' lang='lat' dir='ltr'><strong>amores</strong></span> <span class='ocrx_word' id='word_1_816' title='bbox 2303 4957 2776 5019; x_wconf 84' lang='lat' dir='ltr'><strong>coordiuavimus,</strong></span> <span class='ocrx_word' id='word_1_817' title='bbox 2797 4953 3098 5023; x_wconf 87' lang='lat' dir='ltr'><strong>augelicos,</strong></span> <span class='ocrx_word' id='word_1_818' title='bbox 3120 4950 3423 5019; x_wconf 84' lang='lat' dir='ltr'><strong>intelligen-</strong></span> 
     </span>
    </p>
   </div>
   <div class='ocr_carea' id='block_1_110' title="bbox 1838 5035 3419 5115">
    <p class='ocr_par' dir='ltr' id='par_1_110' title="bbox 1838 5035 3419 5115">
     <span class='ocr_line' id='line_1_110' title="bbox 1838 5035 3419 5115; baseline -0.01 -9"><span class='ocrx_word' id='word_1_819' title='bbox 1838 5061 1948 5115; x_wconf 85' lang='lat' dir='ltr'><strong>tes,</strong></span> <span class='ocrx_word' id='word_1_820' title='bbox 1998 5050 2287 5112; x_wconf 87' lang='lat' dir='ltr'><strong>animales,</strong></span> <span class='ocrx_word' id='word_1_821' title='bbox 2339 5044 2625 5102; x_wconf 87' lang='lat' dir='ltr'><strong>naturales</strong></span> <span class='ocrx_word' id='word_1_822' title='bbox 2671 5042 2968 5114; x_wconf 87' lang='lat' dir='ltr'><strong>(siquidem</strong></span> <span class='ocrx_word' id='word_1_823' title='bbox 3010 5039 3209 5094; x_wconf 84' lang='lat' dir='ltr'><strong>borum</strong></span> <span class='ocrx_word' id='word_1_824' title='bbox 3254 5035 3419 5104; x_wconf 78' lang='lat' dir='ltr'><strong>aliqui</strong></span> 
     </span>
    </p>
   </div>
   <div class='ocr_carea' id='block_1_111' title="bbox 1837 5128 3418 5205">
    <p class='ocr_par' dir='ltr' id='par_1_111' title="bbox 1837 5128 3418 5205">
     <span class='ocr_line' id='line_1_111' title="bbox 1837 5128 3418 5205; baseline -0.011 -5"><span class='ocrx_word' id='word_1_825' title='bbox 1837 5144 2145 5201; x_wconf 81' lang='lat' dir='ltr'><strong>mundiales</strong></span> <span class='ocrx_word' id='word_1_826' title='bbox 2188 5152 2341 5205; x_wconf 83' lang='lat' dir='ltr'><strong>sunt,</strong></span> <span class='ocrx_word' id='word_1_827' title='bbox 2373 5139 2466 5196; x_wconf 83' lang='lat' dir='ltr'><strong>alii</strong></span> <span class='ocrx_word' id='word_1_828' title='bbox 2499 5152 2632 5194; x_wconf 87' lang='lat' dir='ltr'><strong>vero</strong></span> <span class='ocrx_word' id='word_1_829' title='bbox 2672 5150 2894 5192; x_wconf 89' lang='lat' dir='ltr'><strong>amores</strong></span> <span class='ocrx_word' id='word_1_830' title='bbox 2922 5128 3418 5203; x_wconf 80' lang='lat' dir='ltr'><strong>supramundiales,</strong></span> 
     </span>
    </p>
   </div>
   <div class='ocr_carea' id='block_1_112' title="bbox 1832 5222 3420 5308">
    <p class='ocr_par' dir='ltr' id='par_1_112' title="bbox 1832 5222 3420 5308">
     <span class='ocr_line' id='line_1_112' title="bbox 1832 5222 3420 5308; baseline -0.011 -16"><span class='ocrx_word' id='word_1_831' title='bbox 1832 5239 1979 5293; x_wconf 91' lang='lat' dir='ltr'><strong>inter</strong></span> <span class='ocrx_word' id='word_1_832' title='bbox 2008 5253 2148 5308; x_wconf 87' lang='lat' dir='ltr'><strong>quos</strong></span> <span class='ocrx_word' id='word_1_833' title='bbox 2198 5233 2618 5305; x_wconf 85' lang='lat' dir='ltr'><strong>intelligentiam</strong></span> <span class='ocrx_word' id='word_1_834' title='bbox 2660 5240 2718 5286; x_wconf 91' lang='lat' dir='ltr'><strong>et</strong></span> <span class='ocrx_word' id='word_1_835' title='bbox 2767 5226 3198 5298; x_wconf 74' lang='lat' dir='ltr'><strong>intelligiliilium</strong></span> <span class='ocrx_word' id='word_1_836' title='bbox 3236 5222 3420 5276; x_wconf 72' lang='lat' dir='ltr'><strong>excel-</strong></span> 
     </span>
    </p>
   </div>
   <div class='ocr_carea' id='block_1_113' title="bbox 1830 5313 3418 5399">
    <p class='ocr_par' dir='ltr' id='par_1_113' title="bbox 1830 5313 3418 5399">
     <span class='ocr_line' id='line_1_113' title="bbox 1830 5313 3418 5399; baseline -0.011 -15"><span class='ocrx_word' id='word_1_837' title='bbox 1830 5331 1997 5397; x_wconf 89' lang='lat' dir='ltr'><strong>luut),</strong></span> <span class='ocrx_word' id='word_1_838' title='bbox 2038 5330 2272 5399; x_wconf 77' lang='lat' dir='ltr'><strong>agedum</strong></span> <span class='ocrx_word' id='word_1_839' title='bbox 2303 5340 2495 5382; x_wconf 89' lang='lat' dir='ltr'><strong>omnes</strong></span> <span class='ocrx_word' id='word_1_840' title='bbox 2541 5324 2610 5379; x_wconf 85' lang='lat' dir='ltr'><strong>ad</strong></span> <span class='ocrx_word' id='word_1_841' title='bbox 2642 5321 2963 5380; x_wconf 86' lang='lat' dir='ltr'><strong>eorumdem</strong></span> <span class='ocrx_word' id='word_1_842' title='bbox 2996 5318 3215 5372; x_wconf 84' lang='lat' dir='ltr'><strong>Patrem</strong></span> <span class='ocrx_word' id='word_1_843' title='bbox 3248 5313 3418 5369; x_wconf 80' lang='lat' dir='ltr'><strong>colle-</strong></span> 
     </span>
    </p>
   </div>
   <div class='ocr_carea' id='block_1_114' title="bbox 1828 5408 3414 5482">
    <p class='ocr_par' dir='ltr' id='par_1_114' title="bbox 1828 5408 3414 5482">
     <span class='ocr_line' id='line_1_114' title="bbox 1828 5408 3414 5482; baseline -0.011 -5"><span class='ocrx_word' id='word_1_844' title='bbox 1828 5425 1959 5477; x_wconf 88' lang='lat' dir='ltr'><strong>etim</strong></span> <span class='ocrx_word' id='word_1_845' title='bbox 1996 5423 2345 5477; x_wconf 74' lang='lat' dir='ltr'><strong>reducamus.</strong></span> <span class='ocrx_word' id='word_1_846' title='bbox 2387 5418 2526 5472; x_wconf 81' lang='lat' dir='ltr'><strong>Nota</strong></span> <span class='ocrx_word' id='word_1_847' title='bbox 2556 5425 2767 5482; x_wconf 82' lang='lat' dir='ltr'><strong>autem,</strong></span> <span class='ocrx_word' id='word_1_848' title='bbox 2802 5408 3162 5481; x_wconf 80' lang='lat' dir='ltr'><strong>intelligentia</strong></span> <span class='ocrx_word' id='word_1_849' title='bbox 3194 5419 3318 5461; x_wconf 75' lang='lat' dir='ltr'><strong>esse</strong></span> <span class='ocrx_word' id='word_1_850' title='bbox 3350 5420 3414 5460; x_wconf 88' lang='lat' dir='ltr'><strong>ea</strong></span> 
     </span>
    </p>
   </div>
   <div class='ocr_carea' id='block_1_115' title="bbox 1828 5497 3413 5585">
    <p class='ocr_par' dir='ltr' id='par_1_115' title="bbox 1828 5497 3413 5585">
     <span class='ocr_line' id='line_1_115' title="bbox 1828 5497 3413 5585; baseline -0.011 -18"><span class='ocrx_word' id='word_1_851' title='bbox 1828 5533 1951 5585; x_wconf 78' lang='lat' dir='ltr'><strong>qua:</strong></span> <span class='ocrx_word' id='word_1_852' title='bbox 1997 5513 2334 5580; x_wconf 81' lang='lat' dir='ltr'><strong>intelligunt,</strong></span> <span class='ocrx_word' id='word_1_853' title='bbox 2374 5506 2739 5578; x_wconf 81' lang='lat' dir='ltr'><strong>iutelligibilia</strong></span> <span class='ocrx_word' id='word_1_854' title='bbox 2781 5518 2911 5558; x_wconf 89' lang='lat' dir='ltr'><strong>vero</strong></span> <span class='ocrx_word' id='word_1_855' title='bbox 2955 5516 3018 5555; x_wconf 83' lang='lat' dir='ltr'><strong>ea</strong></span> <span class='ocrx_word' id='word_1_856' title='bbox 3048 5514 3169 5569; x_wconf 76' lang='lat' dir='ltr'><strong>qua:</strong></span> <span class='ocrx_word' id='word_1_857' title='bbox 3214 5497 3413 5552; x_wconf 87' lang='lat' dir='ltr'><strong>intelli-</strong></span> 
     </span>
    </p>
   </div>
   <div class='ocr_carea' id='block_1_116' title="bbox 1829 5592 3415 5678">
    <p class='ocr_par' dir='ltr' id='par_1_116' title="bbox 1829 5592 3415 5678">
     <span class='ocr_line' id='line_1_116' title="bbox 1829 5592 3415 5678; baseline -0.008 -22"><span class='ocrx_word' id='word_1_858' title='bbox 1829 5618 2055 5678; x_wconf 75' lang='lat' dir='ltr'><strong>guntur,</strong></span> <span class='ocrx_word' id='word_1_859' title='bbox 2093 5614 2149 5660; x_wconf 90' lang='lat' dir='ltr'><strong>et</strong></span> <span class='ocrx_word' id='word_1_860' title='bbox 2182 5601 2547 5671; x_wconf 78' lang='lat' dir='ltr'><strong>intelligentia</strong></span> <span class='ocrx_word' id='word_1_861' title='bbox 2575 5598 2645 5653; x_wconf 90' lang='lat' dir='ltr'><strong>ab</strong></span> <span class='ocrx_word' id='word_1_862' title='bbox 2672 5594 3112 5664; x_wconf 74' lang='lat' dir='ltr'><strong>intelligibilibus</strong></span> <span class='ocrx_word' id='word_1_863' title='bbox 3141 5592 3415 5662; x_wconf 85' lang='lat' dir='ltr'><strong>superari,</strong></span> 
     </span>
    </p>
   </div>
   <div class='ocr_carea' id='block_1_117' title="bbox 2683 5773 3191 5836">
    <p class='ocr_par' dir='ltr' id='par_1_117' title="bbox 2683 5773 3191 5836">
     <span class='ocr_line' id='line_1_117' title="bbox 2683 5773 3191 5836; baseline -0.018 -4"><span class='ocrx_word' id='word_1_864' title='bbox 2683 5787 2704 5815; x_wconf 76' lang='grc' dir='ltr'><em>τ</em></span> <span class='ocrx_word' id='word_1_865' title='bbox 2739 5789 2893 5832; x_wconf 67' lang='lat' dir='ltr'><strong>toan.</strong></span> <span class='ocrx_word' id='word_1_866' title='bbox 2929 5791 3059 5836; x_wconf 72' lang='lat' dir='ltr'><strong>xm,</strong></span> <span class='ocrx_word' id='word_1_867' title='bbox 3098 5773 3191 5825; x_wconf 71' lang='grc' dir='ltr'><strong>ει.</strong></span> 
     </span>
    </p>
   </div>
   <div class='ocr_carea' id='block_1_118' title="bbox 2149 5778 2590 5849">
    <p class='ocr_par' dir='ltr' id='par_1_118' title="bbox 2149 5778 2590 5849">
     <span class='ocr_line' id='line_1_118' title="bbox 2149 5778 2590 5849; baseline -0.005 -16"><span class='ocrx_word' id='word_1_868' title='bbox 2149 5790 2177 5833; x_wconf 74' lang='grc' dir='ltr'><strong><em>γ</em></strong></span> <span class='ocrx_word' id='word_1_869' title='bbox 2204 5781 2407 5849; x_wconf 82' lang='lat' dir='ltr'><strong>Philip.</strong></span> <span class='ocrx_word' id='word_1_870' title='bbox 2441 5795 2502 5845; x_wconf 88' lang='grc' dir='ltr'><strong>ιι,</strong></span> <span class='ocrx_word' id='word_1_871' title='bbox 2537 5778 2590 5832; x_wconf 76' lang='grc' dir='ltr'><strong>ε.</strong></span> 
     </span>
    </p>
   </div>
  </div>
