3742 6332
364 316 467 373 779

1544 314 1598 369 S.
1638 310 1941 368 DIONYSII
1978 308 2448 367 AREOPAGITA‘I
3554 314 3641 369 78!!

366 433 514 488 umle
548 432 715 487 etiam
746 429 836 486 illa
864 444 989 500 qua:
1030 428 1408 498 intelliguntur
1451 425 1611 481 cibus
1637 435 1764 480 sunt
1796 423 1934 479 intel‘

2110 439 2220 475 ενα.
2253 422 2334 476 Τά
2362 421 2494 492 γοῦν
2525 424 2686 495 νοερά
2718 424 2823 497 ἐρᾷ
2851 424 2960 480 τῶν
2990 426 3198 499 νοητῶν
3219 429 3643 501 ἐπιστρεππῴ

362 525 673 596 Iigentium.
708 523 894 594 Itaque
945 522 1310 593 intelligentia
1361 528 1548 574 amant
1588 518 1954 591 intelligibilia

361 632 590 688 prorsus
620 616 977 682 conversive;
1009 612 1375 685 iuteliigibilia
1408 627 1538 667 vero
1569 612 1734 667 etiam
1762 618 1955 666 amant

363 710 751 782 intelligentia,
800 709 893 764 sed
945 708 1244 779 provisive,
1299 706 1405 761 illis
1441 705 1592 760 utilia
1646 704 1955 759 communi-

362 802 560 857 cando.
609 801 663 883 |.n
725 801 980 855 confesso
1035 799 1202 869 igitur
1259 808 1343 853 est
1389 812 1607 851 amores
1649 796 1953 851 istiusmodi

359 908 628 962 superare
669 893 984 948 sensitivos.
1030 889 1302 947 Caeterum
1347 889 1465 945 haec
1495 889 1863 959 intelligibilia
1898 898 1955 944 et

364 986 730 1056 intelligentia
763 1001 829 1040 ex
864 984 1289 1057 participatione
1321 984 1435 1039 veri
1481 984 1606 1038 boni
1639 983 1769 1037 talia
1805 981 1949 1039 facta

360 1086 513 1142 sunt,
545 1077 646 1146 ipsi
680 1084 864 1130 autem
897 1089 1116 1130 amores
1146 1089 1245 1144 per
1271 1088 1331 1129 se
1363 1072 1758 1144 intelligibiles,
1781 1073 1949 1128 divini

362 1180 511 1225 sunt.
547 1170 705 1225 Sicut
735 1168 880 1223 enim
925 1167 1070 1222 aliud
1102 1177 1187 1222 est
1220 1167 1420 1222 bonum
1453 1182 1549 1236 per
1578 1166 1956 1237 participatio-

363 1277 512 1328 nem,
544 1272 600 1317 et
642 1261 789 1315 aliud
834 1261 1036 1315 bonum
1077 1259 1436 1330 simpliciter;
1469 1259 1550 1313 sic
1586 1259 1751 1313 etiam
1803 1258 1953 1314 aliud

361 1368 447 1413 est
480 1357 829 1428 intelligibile
858 1357 1047 1422 alicui,
1082 1366 1142 1412 ut
1180 1356 1328 1427 quod
1364 1355 1434 1410 ab
1464 1353 1556 1408 illo
1585 1352 1948 1423 intelligitur;

359 1460 417 1504 et
460 1449 606 1505 aliud
641 1449 793 1520 quod
847 1447 1171 1519 simpliciter
1214 1455 1300 1502 est
1344 1443 1711 1515 intelligibile.
1753 1458 1862 1498 non
1893 1448 1954 1495 ut

359 1553 577 1614 tempus
625 1552 723 1597 aut
775 1543 930 1597 locus
966 1542 1105 1612 (haec
1150 1542 1295 1596 enim
1346 1540 1515 1594 etiam
1564 1535 1949 1608 iutelligibilia,

360 1650 484 1689 cum
512 1651 619 1688 non
640 1634 752 1690 sint
779 1632 1111 1700 sensibilia),
1142 1633 1237 1685 sed
1260 1628 1404 1698 quod
1429 1628 1499 1683 sit
1528 1626 1838 1681 intellectus
1868 1624 1953 1677 in-

2058 519 2298 583 πάντως,
2328 521 2432 591 ὲρᾷ
2455 519 2512 572 δὲ
2544 519 2640 573 καὶ
2669 519 2738 573 τά
2761 520 2927 593 νοητά
2961 521 3072 575 τῶν
3099 523 3325 594 νοερῶν,
3359 524 3501 578 ἀλλὰ
3524 544 3634 597 προ-

2057 613 2325 685 νοητικῶς
2351 612 2429 684 τῷ
2473 614 2811 685 μεταδιδόναι
2838 614 2939 685 τῆς
2988 614 3281 685 ὠφελείας.
3332 618 3641 688 Ὀμολογού-

2062 724 2224 779 μενον
2266 702 2361 761 οὖν
2389 709 2557 770 ἐστιν,
2591 708 2674 762 ὅτι
2708 711 2758 762 οἱ
2788 709 2899 763 τῶν
2926 709 3183 764 τοιούτων
3224 710 3438 782 ἔρωτες
3467 715 3645 783 ὑπερε-

2059 799 2218 851 στᾶσι
2260 796 2371 850 τῶν
2413 797 2712 870 αἰσθητῶν.
2772 797 2932 851 Ἀλλά
2968 799 3145 852 ταῦτα
3176 801 3275 870 μὲν
3302 801 3376 854 τὰ
3408 804 3574 873 νοητά
3597 821 3643 855 τε

2055 892 2152 945 καὶ
2196 892 2380 965 νοερὰ,
2427 893 2493 945 ὲκ
2536 892 2775 964 μετοχῆς
2819 891 2916 945 τοῦ
2962 892 3133 957 ὅντως
3178 893 3394 963 ἀγαθοῦ
3439 897 3645 949 τοιαῦτα

2055 986 2405 1058 γεγένηνται,
2445 986 2495 1039 οἱ
2532 986 2590 1039 δὲ
2628 986 2949 1058 αὐτονόητοι
2978 985 3203 1058 ἔρωτες,
3234 989 3285 1039 oi.
3331 987 3476 1042 θεῖοί
3506 993 3642 1042 εἰσιν.

2058 1078 2270 1150 Ὠσπερ
2300 1078 2419 1150 γὰρ
2439 1077 2569 1133 ἀλλο
2606 1078 2729 1130 ἐστὶ
2752 1077 2815 1131 τὸ
2852 1076 2995 1130 κατά
3028 1078 3259 1149 μετοχὴν
3289 1080 3528 1148 ἀγαθὸν,
3569 1083 3646 1134 καὶ

2054 1167 2185 1222 ἄλλο
2209 1168 2271 1221 τὸ
2302 1168 2490 1232 ἁπλῶς
2529 1167 2769 1237 ἀγαθόν·
2804 1168 2977 1233 οὕτως
3003 1170 3122 1223 ἐστὶ
3163 1171 3259 1223 καὶ
3282 1170 3417 1225 ἀλλο
3455 1172 3520 1225 τό
3555 1191 3644 1225 τινι

2056 1258 2268 1328 νοητὸν,
2294 1259 2392 1313 ἀτε
2417 1258 2709 1331 νοούμενον
2749 1260 2843 1313 ὑπ’
2864 1258 3051 1323 αὐτοῦ,
3085 1261 3181 1314 καὶ
3200 1261 3330 1316 ἄλλο
3378 1263 3448 1315 τὸ
3478 1264 3647 1325 ἁ.πά

2054 1352 2264 1424 νοητὸν,
2289 1351 2388 1423 οὐχ
2425 1352 2502 1418 ὡς
2525 1355 2553 1407 6
2592 1353 2807 1425 χρόνος,
2835 1353 2868 1425 ἦ
2899 1355 2928 1406 6
2958 1354 3143 1420 τόπος,
3181 1354 3379 1427 (νοητὰ
3432 1358 3544 1429 γὰρ
3569 1362 3647 1412 καὶ

2052 1444 2246 1510 ταῦτα,
2272 1447 2397 1499 ἐπεὶ
2422 1446 2495 1519 μὴ
2524 1446 2804 1518 αἰσθητὰ),
2832 1445 2970 1499 ἀλλά
2999 1446 3125 1511 νοῦς
3147 1448 3259 1501 τῶν
3287 1450 3531 1520 νοητῶν,
3570 1456 3648 1504 καὶ

2054 1531 2183 1598 ζῶν,
2209 1534 2304 1587 καὶ
2329 1533 2463 1606 ζωὴ,
2501 1535 2601 1588 καὶ
2627 1535 2898 1608 ἐνέργεια.
2959 1535 3093 1589 Ἀπὸ
3120 1536 3251 1605 γοῦν
3280 1539 3399 1593 τῶν
3452 1541 3648 1594 πολλῶν

2052 1625 2275 1698 ἐρώτων
2300 1629 2382 1691 είς
2406 1626 2501 1680 δύο
2534 1630 2810 1700 συναιρεῖν
2836 1627 3110 1700 ἐρωτικὰς
3133 1628 3370 1683 καθόλου
3399 1631 3649 1704 δυνάμεις

363 1727 749 1798 telligibilium,
782 1734 837 1780 et
879 1724 1094 1789 vivens,
1145 1732 1202 1778 et
1231 1723 1373 1786 vita,
1405 1729 1461 1775 et
1492 1719 1765 1790 operatio.
1792 1716 1934 1772 Vires

2110 1720 2325 1782 ιύλεται,
2357 1719 2459 1783 τάς
2486 1737 2549 1773 τε
2574 1720 2772 1792 νοητὰς
2798 1721 2892 1773 καὶ
2926 1720 3028 1785 τὰς
3069 1721 3286 1793 νοερὰς,
3331 1717 3418 1777 ὧν
3455 1742 3650 1796 προκα-

360 1822 547 1892 itaque
571 1818 868 1874 amatorias
887 1832 917 1872 a
944 1816 1133 1871 multis
1159 1813 1444 1868 amoribus
1466 1812 1535 1867 ad
1560 1812 1700 1867 duos
1726 1809 1934 1867 omnim

2110 1816 2243 1885 ιρχει
2294 1812 2513 1879 πάντως
2540 1815 2574 1885 ἡ
2630 1815 2833 1879 παντὸς
2877 1815 3137 1868 ἐπέκεινα
3184 1818 3427 1888 ἄσχετος
3490 1820 3647 1873 αἰτία.

358 1914 610 1972 contrahi
647 1913 818 1984 cupit,
851 1919 962 1966 tam
1003 1908 1387 1980 intelligibiles
1438 1922 1605 1977 quam
1640 1906 1952 1977 intelligen-

358 2018 467 2077 tes,
516 2007 716 2078 quibus
756 2004 1017 2060 omnibus
1066 2010 1296 2073 praestat
1334 2008 1392 2055 et
1432 1998 1705 2055 antecellit
1744 1998 1953 2054 incom-

357 2080 746 2170 prehensibilis
795 2095 887 2149 illa
921 2094 1105 2151 omnis
1149 2092 1354 2147 amoris
1398 2106 1588 2147 causa.
1635 2092 1955 2159 Iucompre-

357 2188 686 2247 lieusibilem
732 2203 859 2242 vero
888 2202 1113 2241 causam
1144 2194 1305 2240 vocat
1331 2184 1441 2238 vim
1479 2183 1740 2248 creandi;
1774 2182 1951 2252 siqui-

356 2286 486 2339 dem
533 2285 647 2338 Iuec
678 2280 793 2337 sola
830 2280 975 2335 valet
1007 2279 1082 2342 id,
1116 2278 1259 2348 quod
1304 2276 1533 2331 effectus
1565 2275 1865 2331 materialis
1897 2284 1952 2329 et

348 2372 606 2430 Turmalis
632 2386 687 2429 et
719 2371 922 2439 ﬁnalis,
950 2371 1078 2426 dum
1101 2368 1262 2425 efﬁcit
1296 2382 1422 2438 qua;
1454 2368 1529 2421 illi
1559 2368 1832 2422 videntur.
1867 2366 1949 2422 Ad

360 2464 507 2519 hanc
544 2464 711 2535 igitur
739 2438 1359 2532 incompreliensibilem
1385 2438 1439 2512 et
1466 2456 1793 2513 efﬁcientem
1819 2473 1949 2512 cau-

359 2571 502 2622 sam,
537 2554 592 2609 in
628 2553 978 2610 commodum
1004 2549 1456 2619 uniuscujusque,
1487 2549 1730 2604 omnium
1766 2549 1952 2605 totalis

358 2664 519 2703 amor
576 2647 917 2711 extenditur,
972 2642 1194 2698 totalem
1237 2640 1403 2714 ἦ,οά
1458 2656 1702 2696 amorem
1745 2655 1950 2696 vocans

359 2741 511 2795 illum
542 2780 557 2807 ,
611 2739 703 2809 qui
760 2752 829 2792 ex
883 2737 1141 2791 omnibus
1186 2734 1613 2805 particularibus
1664 2734 1948 2789 amoribus

357 2832 619 2887 rolleetus
701 2841 816 2898 est;
882 2830 1026 2884 Deus
1076 2838 1260 2883 autem
1313 2826 1496 2883 totalis
1556 2836 1611 2882 et
1659 2826 1950 2897 particula-

360 2925 438 2979 ris
485 2940 642 2979 amor
667 2921 900 2984 exsistit,
953 2922 1006 2976 in
1054 2930 1318 2991 quantum
1371 2934 1536 2975 causa
1564 2928 1649 2974 est
1688 2928 1744 2975 et
1773 2920 1950 2974 enmi-

359 3018 459 3072 Ims
520 3018 730 3088 prabet
784 3015 1109 3070 amatorium
1166 3013 1567 3083 quodammodo
1631 3013 1941 3068 humorem.

2056 1907 2322 1976 Ἀσχετον
2352 1905 2407 1959 δὲ
2425 1907 2603 1960 αἰτίαν
2624 1906 2722 1979 τὴν
2747 1908 2809 1979 δη
2819 1912 3145 1983 μιουργικήν
3167 1928 3354 1982 φησιν·
3384 1913 3531 1985 αὑτὴ
3555 1914 3652 1985 γὰρ

2052 2001 2147 2054 καὶ
2182 2000 2315 2072 μόνη
2346 2002 2732 2074 κεχωρισμένη
2766 2005 2886 2058 ἐστὶ
2920 2005 3015 2060 τοῦ
3049 2007 3530 2077 ἀποτελέσματος,
3563 2008 3653 2077 τῆς

2054 2090 2265 2163 ὑλικῆς,
2298 2093 2391 2146 καὶ
2415 2095 2514 2164 τῆς
2541 2093 2771 2165 εἰδικῆς,
2802 2097 2898 2150 καὶ
2922 2098 3023 2169 τῆς
3053 2099 3295 2170 τελικῆς,
3323 2101 3389 2152 ὲν
3416 2100 3501 2171 τῷ
3528 2101 3655 2154 ἀπο-

2051 2183 2343 2255 τελέσματι
2378 2186 2722 2258 φαινόμενον.
2749 2188 2893 2260 Πρὸς
2925 2189 3130 2260 ταύτην
3168 2186 3262 2244 οὖν
3291 2190 3400 2262 τὴν
3430 2193 3653 2261 ἄσχετον

2052 2276 2148 2329 καὶ
2175 2277 2464 2350 ποιητικὴν
2495 2279 2697 2343 αἰτίαν,
2746 2281 3075 2353 προσφόρως
3102 2283 3342 2355 ἑκάστῳ,
3388 2287 3422 2338 6
3453 2287 3525 2337 ἐκ
3553 2284 3653 2337 τῶν

2040 2368 2306 2423 ἀπάντων
2329 2370 2508 2435 όλικὸς
2532 2372 2671 2444 ἔρως
2697 2374 3054 2440 ἀνατείνεται,
3074 2375 3252 2429 όλικὸν
3274 2376 3469 2448 ἔρωτα
3487 2379 3653 2446 λέγων

2050 2459 2142 2511 τὸν
2179 2462 2245 2513 ὲκ
2270 2460 2486 2514 πάντων
2518 2463 2626 2516 τῶν
2668 2465 2908 2536 μερικῶν
2936 2466 3327 2537 συναγόμενον.
3372 2468 3545 2520 Ἐστι
3570 2469 3653 2521 καὶ

2052 2553 2080 2604 6
2105 2551 2236 2616 Θεὸς
2267 2552 2444 2618 ὁλικὸς
2473 2557 2568 2608 καὶ
2602 2557 2826 2628 μερικὸς
2876 2557 3037 2630 ἔρως,
3069 2558 3145 2622 ὡς
3181 2560 3358 2624 αἴτιος
3393 2563 3496 2614 καὶ
3530 2564 3652 2613 πᾶσι

2066 2646 2325 2717 χορηγῶν
2352 2648 2493 2702 κατὰ
2528 2649 2630 2721 τὴν
2672 2650 2902 2705 ἑκάστου
2939 2652 3169 2723 δύναμιν
3205 2655 3518 2727 ἐρωτικὴν,
3552 2649 3651 2705 οἷον

2051 2737 2371 2812 ἀπόρροιαν.
2405 2740 2530 2805 Πῶς
2570 2738 2663 2796 οὖν
2691 2745 2719 2796 6
2746 2742 2880 2807 Θεὸς
2906 2744 3003 2796 καὶ
3031 2745 3091 2797 τὸ
3119 2745 3240 2797 ὅλον
3269 2746 3364 2798 καὶ
3395 2747 3463 2798 τὸ
3497 2747 3653 2817 μέρος

2052 2829 2460 2903 ἀνεκφοιτήτως
2514 2833 2692 2904 ἐαυτῷ
2742 2832 2921 2887 συνὼν
2960 2830 3100 2888 εἶναι
3144 2834 3393 2898 δύναται,
3444 2839 3515 2889 ἐκ
3567 2835 3651 2888 τοῦ

2054 2924 2429 2995 σπερματικοῦ
2462 2924 2621 2995 λόγου
2656 2927 2827 2996 σαφὲς
2859 2928 3093 2997 γίνεται·
3129 2930 3259 2981 ὅταν
3303 2928 3412 2997 μὲν
3446 2930 3561 3000 γὰρ
3600 2928 3654 2979 τὸ

2053 3015 2275 3088 σπέρμα
2303 3017 2613 3083 ἀδιακόπως
2640 3019 2777 3091 ὁμοῦ
2810 3023 2889 3085 εἰς
2919 3023 3019 3093 τὴν
3054 3024 3269 3094 μήτραν
3300 3022 3648 3092 καταϐληθῇ,

357 3110 641 3177 Quomodo
692 3108 862 3180 igitur
894 3108 1037 3162 Deus
1062 3115 1241 3161 totum
1292 3116 1349 3160 et
1381 3120 1532 3175 pars,
1565 3104 1687 3160 sine
1718 3118 1934 3177 egressu

2146 3107 2493 3163 ἀποτελεῖται
2528 3109 2799 3181 ἔμϐρυον
2834 3112 2930 3166 ἐὰν
2954 3114 3012 3167 δὲ
3045 3113 3276 3186 μερισθῇ
3317 3115 3388 3167 τὸ
3426 3115 3651 3185 σπέρμα

356 3206 461 3262 sibi
501 3218 740 3276 praesens
764 3216 886 3259 esse
915 3202 1108 3271 possit,
1144 3216 1210 3255 ex
1251 3199 1559 3272 seminandi
1597 3200 1811 3257 ratione
1842 3214 1942 3270 pa.

354 3307 433 3352 tet
478 3312 494 3350 :
545 3294 766 3365 quando
818 3292 966 3347 enim
1022 3304 1210 3345 semen
1270 3290 1480 3360 absque
1530 3289 1940 3360 interruptione

354 3386 519 3442 simul
559 3386 615 3440 in
670 3383 955 3439 matricem
1005 3378 1300 3447 deciderit,
1355 3395 1497 3435 unus
1551 3381 1774 3451 quidam
1825 3396 1945 3436 em-

354 3482 492 3552 bryo
524 3478 827 3542 formatur;
879 3475 925 3530 si
960 3488 1094 3529 vero
1140 3487 1326 3528 semen
1379 3472 1432 3527 in
1465 3473 1649 3528 varias
1696 3476 1943 3532 matricis

352 3571 577 3627 cellulas
619 3568 921 3633 dividatur,
968 3563 1230 3637 Quaelibet
1259 3576 1392 3633 pars
1432 3563 1707 3635 integrum
1736 3564 1941 3621 format

361 3666 751 3736 embryonem;
789 3660 903 3717 erit
944 3669 1127 3713 autem
1170 3655 1395 3712 seminis
1435 3671 1563 3726 pars
1615 3672 1719 3711 una
1750 3672 1938 3726 nasus,

351 3756 521 3813 altera
568 3752 783 3818 oculus,
829 3760 884 3807 et
929 3750 1009 3805 sic
1058 3749 1341 3819 deinceps,
1408 3747 1708 3818 omniaque
1758 3749 1940 3819 perfe-

2045 3199 2125 3261 είς
2154 3197 2447 3271 διαφόρους
2486 3199 2746 3265 κύστιδας
2784 3203 2883 3273 τῆς
2917 3203 3153 3273 μήτρας,
3201 3202 3445 3256 ἕκαστον
3494 3204 3651 3275 μέρος

2044 3292 2341 3365 ὁλόκληρον
2371 3294 2609 3367 ἔμϐρυον
2641 3297 3023 3367 ἀποτεμεῖῖαιο
3062 3296 3215 3350 ἔσται
3238 3291 3332 3349 οὖν
3354 3296 3462 3350 τοῦ
3488 3297 3651 3366 σπέρ-

2050 3401 2221 3455 ματος
2244 3385 2309 3438 τὸ
2336 3386 2433 3457 μὲν
2462 3386 2570 3457 ῥὶς,
2596 3387 2656 3441 τὸ
2699 3388 2757 3442 δὲ
2786 3388 3088 3459 ὀφθαλμὸς,
3119 3389 3215 3442 καὶ
3251 3388 3323 3441 τά
3365 3388 3531 3459 ἑξῆς,
3564 3382 3648 3438 καὶ

2045 3476 2226 3531 πάντα
2252 3475 2456 3533 τέλεια.
2490 3480 2716 3551 Ὅμοιόν
2755 3498 2807 3535 τι
2840 3480 3144 3553 θεωρητέον
3170 3480 3313 3535 κατά
3348 3480 3647 3548 ἀναλογίαν

2045 3569 2301 3643 καὶπερὶ
2337 3570 2429 3624 τὸν
2471 3572 2788 3628 παντέλειον
2814 3558 2975 3628 νοῦνέ
3016 3573 3111 3646 ὅλη
3155 3574 3267 3647 γὰρ
3312 3576 3348 3646 ἠ
3395 3576 3648 3645 ἐνέργεια

2046 3667 2294 3739 περιέχει
2320 3669 2417 3723 καὶ
2442 3667 2512 3722 τὰ
2555 3668 2726 3742 μέρη’
2772 3671 2871 3725 καὶ
2899 3669 3128 3736 οὕτωςνό
3150 3670 3286 3736 Θεὸς
3331 3672 3435 3725 καὶ
3470 3664 3647 3726 όλικὸς

2046 3757 2141 3810 καὶ
2166 3758 2391 3831 μερικὸς
2415 3758 2553 3831 ἔρως
2578 3759 2714 3815 ἐστὶ.

310 3858 463 3928 ἀει,
512 3844 705 3902 Simile
755 3842 1036 3914 quidpiam
1090 3840 1553 3897 considerandum
1596 3840 1763 3895 etiam
1830 3858 1930 3913 per
1961 3850 2374 3917 proportionem
2415 3853 2483 3907 de
2542 3866 2727 3909 mente
2759 3854 3026 3925 perfecta,
3089 3870 3215 3909 nam
3274 3862 3359 3907 tot
3403 3846 3643 3905 eiﬁcacia

346 3939 735 4011 complectitur
784 3936 953 3992 etiam
994 3946 1182 4007 partes
1225 3953 1241 3991 :
1287 3936 1369 3993 sic
1413 3934 1580 3991 etiam
1631 3935 1776 3991 Deus
1829 3945 1938 3992 tam
1975 3942 2161 3998 totalis
2192 3959 2354 4013 quam
2388 3946 2634 4015 partialis
2656 3963 2813 4002 amor
2841 3958 2945 4002 est.

1005 4026 1284 4097 Ejusdem.

420 4125 451 4198 ς
498 4123 665 4179 XVII.
710 4125 862 4179 Duas
928 4122 1097 4193 igitur
1146 4123 1383 4179 virtutes
1433 4125 1735 4179 amatorias
1773 4138 1939 4194 supra

2677 4038 2786 4093 Τοῦ
2813 4039 3020 4094 αὐτοῦ.

2110 4127 2142 4199 §
2180 4126 2344 4184 XVII.
2391 4128 2504 4194 Τάς
2533 4128 2665 4198 γοῦν
2703 4130 2912 4184 ἄνωθεν
2944 4128 3206 4201 ῥηθείσας
3241 4127 3532 4199 ἐρωτικὰς
3559 4127 3645 4178 δύο

344 4216 524 4271 dictas
552 4215 784 4286 agedum
813 4214 867 4269 in
912 4230 1079 4269 unum
1107 4215 1449 4286 colligentes,
1478 4215 1727 4271 dicamus
1774 4233 1934 4272 unam

2110 4218 2326 4290 νάμεις,
2362 4222 2462 4290 ἄγε
2504 4224 2586 4286 είς
2624 4221 2683 4275 ἓν
2714 4221 3061 4289 συνάγοντες,
3105 4219 3374 4289 εἴπωμεν,
3422 4219 3509 4269 ὅτι
3551 4218 3643 4286 μία

353 4323 478 4363 esse
500 4306 817 4376 simplicem
845 4305 1134 4374 virtutem,
1166 4322 1288 4377 qua:
1318 4323 1385 4362 ex
1413 4309 1731 4380 semetipsa,
1761 4320 1814 4364 et
1842 4326 1934 4381 per

2113 4312 2194 4365 τὶν
2224 4313 2257 4383 ἡ
2286 4312 2430 4386 ἁπλῆ
2462 4313 2771 4386 δύναμις,ὴ
2804 4314 2863 4380 ἐξ
2907 4312 3079 4382 αὐτῆς
3121 4308 3403 4381 κινητικὴν
3456 4311 3557 4363 καὶ
3580 4308 3641 4361 δι’
3690 4382 3693 4383 ν

347 4397 727 4466 semetipsam,
770 4403 825 4450 et
868 4409 975 4453 non
1013 4410 1113 4464 per
1159 4396 1320 4451 aliam
1361 4396 1604 4468 aliquam
1649 4401 1933 4468 virtutem,

2113 4403 2268 4475 υτῆς,
2304 4405 2401 4459 καὶ
2440 4404 2502 4458 οὺ
2548 4405 2617 4459 δι’
2662 4405 2831 4476 ἄλλης
2872 4403 3018 4468 τινὸς
3064 4401 3370 4471 δυνάμεως,
3434 4401 3533 4453 καὶ
3564 4398 3642 4466 ἐφ’

348 4500 405 4546 et
432 4490 486 4546 in
520 4490 820 4559 semetipsa
852 4498 1108 4544 movetur
1156 4505 1174 4546 :
1214 4490 1670 4561 inegressibiliter
1698 4493 1843 4547 enim
1870 4507 1934 4548 ex

2114 4492 2278 4563 υτῆςο
2321 4493 2730 4565 ἀνεκφοιτήτως
2757 4492 2868 4564 γὰρ
2899 4493 2979 4555 είς
3023 4488 3222 4560 ἑαυτὴν
3250 4487 3642 4540 ἁνακυκλοῦσα

346 4585 644 4655 semetipsa
675 4583 730 4638 in
775 4580 1128 4653 semetipsam
1174 4583 1478 4639 revolvitur
1518 4599 1693 4655 usque
1730 4585 1798 4641 ad
1835 4600 1934 4642 ex-

2116 4585 2317 4657 ὲαυτῆς
2344 4585 2506 4657 μέχρι
2525 4584 2621 4639 τοῦ
2647 4584 2758 4638 τῶν
2774 4584 2944 4638 ὄντων
2972 4582 3225 4653 ἐσχάτου,
3250 4579 3345 4632 καὶ
3361 4580 3433 4631 ὲκ
3451 4579 3639 4632 τούτου

348 4677 686 4733 tremitatem
730 4688 942 4739 rerum,
989 4683 1045 4729 et
1090 4688 1157 4729 ex
1205 4675 1311 4729 hac
1355 4676 1408 4730 in
1455 4677 1835 4749 semetipsam.
1869 4677 1934 4734 Et

2110 4694 2120 4739 ;
2161 4677 2383 4750 ἑαυτήν.
2433 4676 2548 4731 Καὶ
2592 4677 2731 4749 μετὰ
2771 4674 2947 4729 ταῦτα
2989 4673 3264 4727 ἐκτίθεται
3300 4672 3330 4723 6
3365 4670 3531 4739 ἆγιος
3572 4668 3641 4729 tu;

340 4779 474 4839 post
506 4772 622 4827 haec
644 4767 873 4841 exponit
902 4775 1133 4823 sanctus
1161 4766 1250 4821 hic
1280 4768 1643 4837 quorumdam
1675 4770 1934 4839 questio-

2110 4768 2150 4822 τό
2172 4786 2334 4823 τινων
2362 4770 2597 4840 ἀπορίαν
2615 4770 2739 4824 τινά
2761 4785 2775 4799 ·
2820 4767 2939 4822 ἐστι
2960 4766 3020 4820 δὲ
3046 4765 3108 4819 τὸ
3134 4765 3241 4819 πᾶν
3264 4762 3412 4816 κατὰ
3453 4762 3639 4830 Ἐλλή-

350 4873 611 4929 uem,est
654 4869 839 4918 autem
873 4861 989 4917 fere
1034 4870 1149 4917 tota
1182 4859 1469 4931 gentilium
1500 4870 1560 4917 et
1600 4860 1937 4919 Manichaeo-

351 4973 490 5011 rum.

423 5048 451 5121 §
483 5047 668 5104 XVIII.
708 5048 800 5103 Ait
825 5048 1034 5118 itaque,
1060 5045 1449 5103 nonneminem
1475 5045 1716 5116 obiicere
1737 5060 1930 5116 posse:

338 5138 408 5195 ‘Si
436 5141 636 5195 bonum
662 5139 923 5194 omnibus
949 5147 1035 5195 est
1058 5138 1295 5193 amabile
1322 5137 1475 5207 (nam
1500 5137 1555 5192 id
1583 5138 1763 5206 ipsum
1788 5139 1933 5206 quod

347 5249 457 5289 non
501 5239 587 5288 est
634 5228 766 5285 illud
813 5230 1046 5299 expetit,
1091 5243 1200 5283 non
1241 5243 1342 5283 ens
1390 5242 1595 5283 vocans
1642 5226 1934 5282 informem

346 5325 671 5390 materiam;
697 5324 850 5379 idem
875 5321 1022 5377 enim
1046 5329 1130 5375 est
1151 5322 1354 5378 bonum
1381 5330 1548 5391 atque
1576 5319 1931 5375 formilieum.

330 5414 809 5483 Quemadmodum
847 5415 1016 5486 igitur
1045 5414 1278 5468 materia
1307 5412 1568 5478 formam,
1600 5412 1682 5467 sic
1709 5413 1761 5467 id
1788 5415 1932 5481 quod

345 5525 450 5560 nou
496 5515 579 5561 est
630 5506 797 5560 Deum
824 5506 1050 5577 expetit.
1101 5505 1360 5574 Quinimo
1388 5507 1535 5575 quod
1580 5522 1690 5561 non
1735 5515 1840 5570 est,
1876 5507 1931 5561 in

336 5600 455 5652 “lien
477 5613 638 5666 supra
664 5599 966 5653 essentiam
989 5599 1213 5664 dicitur,
1238 5599 1511 5667 siquidem
1546 5607 1602 5653 et
1623 5599 1931 5668 quantitate

342 5702 395 5746 ct
427 5692 601 5745 forma
647 5700 703 5746 et
754 5692 928 5763 figura
959 5703 1153 5759 caret;
1200 5702 1252 5747 et
1303 5693 1449 5750 Deus
1490 5700 1576 5747 est
1609 5708 1714 5747 non
1754 5705 1927 5761 terra,

342 5798 450 5837 non
483 5796 645 5851 aqua,
680 5796 787 5837 non
823 5782 982 5856 ignis,
1008 5784 1100 5841 sed
1132 5799 1295 5856 supra
1326 5784 1442 5838 haec
1467 5783 1647 5840 omnia
1672 5798 1926 5853 superes-

2040 4878 2147 4916 νων
2178 4863 2272 4916 καὶ
2300 4861 2643 4934 Μανιχαίων.

2110 5045 2139 5116 §
2182 5045 2373 5101 XVIII.
2421 5047 2560 5118 Φησὶ
2609 5046 2764 5117 γοῦν,
2807 5047 2890 5099 ὅτι
2920 5042 3055 5113 φαίη
3099 5054 3183 5099 τις
3226 5035 3322 5087 ἀν’
3372 5032 3441 5085 Ei
3472 5030 3635 5083 πᾶσίν

2038 5136 2185 5189 ἐστιν
2217 5137 2447 5208 ὲραστὸν
2473 5138 2535 5192 τὸ
2557 5138 2760 5206 ἀγαθὸν
2793 5136 2908 5205 (καὶ
2930 5131 3065 5186 αὐτὸ
3085 5128 3195 5199 γὰρ
3218 5126 3279 5178 τὸ
3304 5122 3381 5194 μὴ
3407 5122 3469 5175 ὃν
3493 5122 3636 5189 ὲςρίε-

2035 5244 2127 5281 ται
2148 5229 2362 5292 τούτου,
2388 5229 2462 5300 μὴ
2488 5229 2546 5281 ὃν
2568 5225 2745 5298 λέγων
2769 5227 2867 5299 τὴν
2896 5223 3132 5279 ἀνείδεον
3159 5219 3291 5286 ὕλην
3314 5233 3327 5243 °
3355 5214 3495 5267 αὐτὸ
3526 5213 3631 5282 γάρ

2036 5321 2155 5373 ὲστι
2194 5320 2255 5373 τὸ
2294 5320 2500 5389 ἀγαθὸν
2544 5320 2606 5374 τὸ
2641 5318 2926 5373 είδοποιόν.
2987 5316 3072 5375 Ὡς
3133 5307 3265 5377 γοῦν
3315 5308 3350 5377 ἡ
3398 5306 3504 5376 ὕλη
3540 5302 3629 5355 τοῦ

2036 5411 2229 5476 εἴδους,
2270 5411 2415 5466 οὕτω
2457 5412 2519 5465 τὸ
2564 5412 2639 5483 μὴ
2686 5410 2747 5463 ὃν
2790 5406 2884 5460 τοῦ
2916 5402 3074 5457 Θείου
3120 5399 3356 5469 ἐφίεται.
3402 5398 3519 5450 Καὶ
3556 5396 3629 5447 ἔτι

2037 5503 2377 5574 ὑπερουσίως
2415 5503 2632 5571 λέγεται
2656 5501 2717 5553 τὸ
2751 5498 2825 5570 μὴ
2868 5496 2927 5549 ’ὸν
2954 5493 3049 5547 ἐπὶ
3073 5485 3235 5554 Θεοῦ,
3268 5489 3480 5551 ἄποτος
3524 5487 3627 5553 γὰρ

2035 5598 2129 5650 καὶ
2155 5597 2396 5661 ἀνείδεος
2424 5596 2517 5648 καὶ
2540 5592 2969 5665 ἀσχημάτιστος,
2998 5586 3093 5641 xui.
3121 5584 3181 5637 οὐ
3214 5583 3312 5653 γῆ,
3338 5580 3440 5653 οὐχ
3465 5579 3625 5647 ὕδωρ,

2032 5692 2091 5744 οὐ
2143 5690 2276 5763 πῦρ,
2320 5694 2347 5744 6
2387 5690 2519 5754 Θεός
2565 5690 2734 5752 ἐστιν,
2780 5683 3122 5758 ὑπερουοξως
3167 5680 3226 5732 δὲ
3270 5678 3414 5749 ὑπὲρ
3458 5674 3621 5727 ταῦτα

2033 5783 2269 5853 πάνταο)
2306 5783 2353 5835 εί
2399 5778 2495 5835 οὖν
2541 5780 2722 5835 πάντα
2762 5777 2855 5831 τοῦ
2903 5771 3111 5844 ἀγαυοῦ
3155 5770 3396 5842 ἐφίεται,
3446 5764 3559 5825 mi.
3589 5770 3619 5827 η
