3742 6314
176 295 279 352 781

758 302 849 359 DE
880 303 1139 360 DIVINIS
1170 305 1572 372 NOMINIBUS,
1605 306 1759 363 CAP.
1799 306 1887 362 IV.
1922 339 1993 348 —
2025 308 2375 368 PARA‘I’IIR.
2414 311 2891 376 PACHYMERE.

3360 322 3465 380 789.

166 413 430 485 δαιμονία
448 414 656 488 πληθὺς
670 418 770 472 οὐκ
796 421 1043 491 scpis-cat;
1060 422 1335 496 Πρότερον
1358 424 1415 478 δὲ
1435 442 1644 497 σημειω

1980 424 2263 495 utialiter),
2293 426 2362 490 si,
2390 426 2639 497 inquam,
2688 431 2873 485 omnia
2921 432 3123 489 bonum
3174 444 3458 505 appetunt.

171 507 312 577 περὶ
336 506 429 559 τοῦ
470 507 544 579 μὴ
587 510 759 575 ὄντος,
785 514 868 567 ὅτι
905 515 1067 568 τοῦτο
1084 517 1149 571 τὸ
1171 516 1248 589 μὴ
1271 517 1331 571 ὃν
1359 519 1409 571 οἱ
1439 518 1658 573 παλαιοὶ
1695 520 1771 592 μὴ

171 599 342 669 μόνον
366 600 603 655 ἀνείδεον
635 602 766 676 ῦλην
800 606 1091 674 ἐκάλεσαν,
1126 608 1264 663 ἀλλά
1302 610 1399 663 καὶ
1423 610 1650 682 ἔσχατον
1684 609 1770 666 αἷ-

169 704 328 759 σχος.
359 691 593 760 Λέγεται
621 694 678 747 δὲ
704 696 780 766 μὴ
802 696 861 750 ὃν
888 701 923 771 ἠ
950 698 1051 771 ῦλη
1075 700 1173 772 οὐχ
1197 702 1280 754 ὅτι
1313 702 1589 768 παντελῶς
1614 704 1770 758 οὐδέν

163 782 348 847 ἐστιν,
382 784 495 837 ἀλλ’
531 786 615 838 ὅτι
649 786 724 859 μὴ
759 788 876 841 ὲστί
907 808 960 844 τι
988 792 1099 846 τῶν
1121 793 1322 847 ὄντων·
1356 795 1637 866 παρῆκται
1670 798 1768 869 μὲν

162 874 287 945 γὰρ
312 877 376 928 ὲκ
398 877 473 948 μὴ
507 877 678 931 ὄντων
712 880 819 933 ὑπὸ
851 881 946 935 τοῦ
983 884 1117 936 Θεοῦ
1143 886 1237 938 xal.
1269 888 1303 957 ἡ
1339 887 1437 957 ὕλη
1460 905 1473 917 .
1498 888 1616 941 ἀλλς
1645 890 1767 961 οὐχ,

160 964 251 1029 ὣς
283 985 427 1031 τινες
462 970 754 1035 ὑπέλαϐον,
782 973 1020 1039 ἁνείδεος
1041 976 1136 1029 καὶ
1166 979 1579 1049 ἀσχημάτιστος
1598 999 1611 1011 ·
1644 982 1769 1036 ὅθεν

158 1060 297 1113 οὐδὲ
324 1062 467 1132 ἀρχὴ
501 1062 610 1115 τῶν
655 1065 931 1135 αἰσθητῶν
966 1069 998 1139 ἡ
1034 1067 1159 1140 ὕλη,
1200 1069 1336 1124 ἀλλὰ
1384 1072 1584 1142 μᾶλλον
1630 1091 1768 1144 συμ-

161 1153 495 1227 πληρωτικὴ
548 1156 752 1210 τούτων
799 1161 894 1212 καὶ
945 1160 1171 1231 ἔσχατόν
1204 1180 1256 1215 τι
1293 1163 1387 1216 καὶ
1441 1165 1762 1236 ὑποστάθμη

158 1246 284 1298 τῶν
306 1247 496 1301 ὄντων.
522 1251 631 1302 Καὶ
659 1252 720 1303 τὸ
756 1252 1014 1325 αἰσθητὸν
1040 1256 1141 1309 ούκ
1172 1256 1300 1309 ἄνευ
1333 1258 1431 1326 μὲν
1463 1258 1594 1330 ῦλης
1623 1260 1762 1321 ἐστὶ,

156 1341 421 1408 κρεῖττον
455 1341 510 1394 δὲ
545 1343 643 1413 τῆς
674 1343 827 1416 ὕλης,
876 1345 1050 1410 εἴδους
1086 1350 1334 1403 ὁπωσοῦν
1370 1350 1629 1422 μετέχον·
1671 1351 1764 1403 ού-

154 1430 365 1483 δέποτε
413 1426 505 1484 οῦν
551 1433 895 1506 δειχθήσεται
940 1439 973 1509 ή
1011 1437 1108 1509 ῦλη
1152 1439 1277 1511 δίχα
1319 1441 1415 1495 τοῦ
1461 1443 1636 1509 εἴδους
1669 1445 1766 1498 καὶ

153 1520 279 1572 τῶν
318 1523 653 1594 ποιοτήτων·
696 1526 829 1579 πότε
863 1527 973 1600 γὰρ
1004 1530 1193 1598 γέγονε
1222 1530 1283 1583 τὸ
1322 1532 1434 1605 πῦρ
1472 1534 1599 1587 ἄνευ
1634 1534 1762 1608 θερ-

154 1613 409 1685 μότητος
451 1615 483 1686 ἦ
522 1619 721 1687 φωτὸς,
762 1620 796 1691 ἢ
834 1622 895 1675 τὸ
930 1623 1074 1696 ὕδωρ
1124 1624 1254 1678 ἄνευ
1286 1624 1625 1698 ψυχρότητος
1670 1629 1764 1681 καὶ

154 1704 470 1777 ὑγρότητος
500 1710 712 1763 καὶτοῦ
744 1711 1092 1778 κυανίζοντος
1122 1714 1411 1787 χρώματος
1437 1734 1451 1782 ;
1484 1719 1583 1772 Διά
1606 1720 1764 1774 τοῦτο

1874 516 2150 583 quomodo
2200 515 2360 569 turba
2413 517 2726 573 daemonum
2759 536 2867 574 non
2897 518 3028 576 illud
3057 525 3304 593 expetit?
3338 526 3459 579 Pri-

1873 623 2022 662 mttm
2070 618 2254 662 autem
2302 610 2706 666 observandum
2738 614 2887 668 circa
2936 630 3041 668 non
3087 632 3207 681 ens.
3242 630 3458 673 veteres

1874 700 2009 755 illud
2036 716 2142 754 non
2164 716 2263 754 ens
2286 716 2392 755 non
2419 701 2595 757 solum
2624 703 2917 760 informem
2942 709 3451 772 matcriam,verum

1873 790 2042 844 etiam
2064 801 2371 845 extremam
2403 794 2804 859 turpitudinem
2844 798 3171 867 appellasse.
3224 800 3451 856 Materia

1873 892 2055 936 autem
2096 883 2303 937 dicitur
2331 900 2436 938 non
2466 901 2583 949 ens,
2618 902 2722 940 non
2756 892 2899 957 quod
2924 891 3148 945 omnino
3184 892 3320 946 nihil
3354 894 3452 959 sit,

1871 973 2123 1043 sed'quod
2148 990 2252 1029 non
2280 976 2349 1028 sit
2375 976 2582 1046 aliquid
2607 994 2787 1037 rerum
2820 982 3203 1036 exsistentium
3229 999 3245 1047 ;
3277 986 3452 1054 siqui«

1870 1064 1997 1121 dem
2024 1080 2093 1119 ex
2121 1082 2226 1120 non
2266 1067 2487 1122 entibus
2517 1069 2683 1123 etiam
2712 1070 2825 1139 ipsa
2859 1074 3087 1127 materia
3117 1090 3144 1125 a
3184 1073 3295 1128 Deo
3326 1090 3454 1144 pro-

1869 1158 2033 1211 ducta
2079 1156 2204 1223 fuit,
2251 1160 2345 1213 sed
2388 1176 2517 1223 non,
2574 1171 2637 1215 ut
2685 1162 2850 1231 aliqni
2899 1164 3292 1232 opinabantur,
3333 1168 3455 1219 sine

1870 1248 2043 1302 forma
2090 1258 2147 1303 et
2179 1251 2402 1320 ﬁgura:
2447 1252 2679 1321 ideoque
2727 1254 2890 1326 405
2939 1257 3164 1311 materia
3214 1271 3319 1311 non
3369 1269 3458 1312 est

1869 1340 2200 1410 principium
2254 1343 2564 1409 sensilium,
2598 1347 2695 1399 sed
2747 1347 2930 1416 petius
2977 1363 3166 1402 eormn
3208 1351 3452 1421 comple-

1868 1446 2143 1500 mentum,
2169 1447 2225 1492 et
2269 1448 2582 1494 extremum
2623 1440 2756 1508 quid
2798 1457 2862 1495 ac
2908 1440 3324 1497 fundamentum
3355 1458 3455 1499 en-

1870 1528 2026 1583 tium.
2061 1528 2125 1582 Et
2153 1531 2295 1597 quod
2340 1531 2606 1586 sensibile
2629 1541 2734 1599 est,
2784 1548 2891 1586 non
2920 1534 3041 1588 sine
3084 1536 3312 1590 materia
3344 1545 3454 1600 est,

1865 1621 1961 1674 sed
1986 1633 2109 1673 cum
2136 1621 2207 1674 sit
2236 1622 2598 1689 praestantius
2625 1624 2756 1693 quid
2783 1626 3034 1689 materia,
3062 1625 3290 1681 formam
3317 1642 3456 1697 quo-

1863 1726 1973 1780 quo
2000 1713 2160 1768 modo
2190 1714 2491 1783 participat
2522 1732 2537 1780 ;
2590 1732 2870 1788 nunquam
2918 1721 3084 1790 igitur
3129 1723 3452 1777 ostendetur

149 1800 263 1851 καὶ
305 1800 448 1872 λόγῳ
496 1802 750 1875 θεωρητή
786 1807 935 1859 ἐστιν
984 1809 1017 1877 ἡ
1058 1808 1180 1880 ὕλη,
1221 1809 1320 1865 καὶ
1363 1812 1465 1864 οὐκ
1506 1812 1627 1867 αίσθ

1975 1808 2097 1860 .eria
2139 1807 2257 1862 sine
2290 1806 2466 1862 forma
2510 1818 2567 1862 et
2591 1810 2996 1879 qualitatibus:
3040 1814 3263 1882 quando
3309 1818 3453 1871 enim

148 1892 367 1965 ληπτὴ,
399 1895 493 1948 καὶ
526 1896 665 1968 νόθῳ
687 1897 931 1969 λογισμῷ
961 1901 1474 1973 καταλαμϐάνεσθαι
1504 1906 1755 1973 λέγεται·

154 1985 293 2037 τόδε
324 1988 462 2051 ἐστὶ,
494 1986 733 2057 λέγεται,
770 1990 884 2043 ἀλλ’
917 1993 1002 2045 ὅτι
1036 1994 1155 2047 τόδε
1192 1996 1291 2049 ούκ
1324 1996 1459 2061 ἔστι,
1498 2001 1677 2069 χεῖρον
1703 1999 1760 2053 δὲ

146 2077 404 2133 πάντων.
439 2072 607 2134 Οῦτων
633 2080 743 2154 γὰρ
784 2084 878 2137 καὶ
908 2085 1002 2138 ἐπὶ
1036 2086 1131 2140 τοῦ
1170 2089 1305 2142 Θεοῦ
1341 2090 1571 2163 λέγομεν
1592 2110 1605 2122 ·
1644 2093 1759 2147 ἀλλ’

146 2167 347 2221 ἐκεῖσε
378 2173 625 2241 κρεῖττον
669 2174 889 2227 πάντων
926 2176 1126 2247 φαμὲν,
1164 2182 1256 2234 καὶ
1300 2182 1663 2255 ύπερουσίως.
1696 2187 1760 2240 Εἰ

145 2260 298 2329 γοῦν
329 2261 471 2316 οὕτω
500 2263 696 2330 ταῦτα,
736 2267 853 2332 πῶς
885 2271 918 2341 ἡ
958 2272 1213 2342 δαιμονία
1242 2274 1453 2345 πληθὺς
1484 2277 1579 2330 τοῦ
1623 2278 1760 2347 ἀγα-

145 2358 257 2412 θοῦ
278 2362 377 2414 οὐκ
393 2362 623 2431 ἐφίεται,
648 2364 1077 2421 ἀποπεπσωκυία
1093 2367 1171 2432 δὲ,
1191 2368 1375 2421 κακῶν
1390 2370 1646 2423 ἀπάντων
1669 2372 1761 2424 καὶ

144 2453 331 2523 ἑαυτῇ
348 2454 442 2507 καὶ
460 2458 569 2519 τοῖς
593 2457 985 2528 κακυνομένοις
1002 2458 1149 2512 αἰτία
1163 2460 1391 2527 γίνεται;
1416 2460 1539 2525 Πῶς
1554 2461 1631 2526 δὲ,
1655 2479 1761 2515 πα-

149 2542 435 2613 ραχθεῑσα
468 2546 533 2597 ὲκ
564 2544 659 2597 τοῦ
695 2546 925 2614 ἀγαθοῦ,
967 2549 1069 2601 ούκ
1103 2548 1250 2602 ἔστιν
1291 2550 1633 2622 ἀγαθοειδὴς,
1664 2570 1761 2622 με·

144 2637 441 2704 τασχοῦσα
462 2636 557 2691 τοῦ
572 2638 852 2703 ούσιωδῶς
882 2640 977 2694 καὶ⁵
996 2644 1060 2694 ού
1080 2642 1220 2696 κατὰ
1249 2642 1481 2714 μετοχὴν
1511 2644 1719 2712 ἀγαθοῦ
1741 2661 1755 2710 ;

140 2726 227 2779 τὰ
269 2728 380 2799 γὰρ
423 2729 623 2796 ἔξωθεν
656 2732 1040 2805 ἀγαθυνόμενα
1083 2738 1150 2805 τῇ
1201 2736 1331 2806 περὶ
1384 2736 1518 2789 αὐτὸ
1571 2736 1758 2807 ἐφέσει

146 2821 455 2895 ἀγαθοειδῆ
495 2824 765 2894 λέγονται,
802 2829 897 2881 καὶ⁵
944 2828 1045 2882 οὐκ
1088 2828 1414 2901 αὐτόχρημα
1452 2829 1668 2897 ἀγαθά·
1722 2830 1756 2901 ἦ

147 2916 283 2980 πῶς
314 2919 519 2987 ἀγαθὸν
560 2922 805 2990 γεγονὸς,
846 2922 1137 2994 ἠλλοιώθη,
1171 2924 1246 2995 μὴ
1272 2924 1369 2976 τοῦ
1410 2924 1616 2994 ἀγαθοῦ
1662 2928 1758 2980 ὲκ-

144 3010 518 3079 νικήσαντοςς
560 3014 670 3066 Καὶ
700 3013 754 3065 τί
788 3015 906 3067 ἐστι
940 3014 1002 3067 τὸ
1035 3016 1264 3087 κινῆσαν
1318 3016 1490 3087 αὐτὴν
1533 3018 1613 3081 είς
1660 3035 1759 3071 κα-

146 3101 310 3165 κίαν,
344 3103 376 3174 ἢ
407 3104 625 3173 μᾶλλον,
645 3106 730 3169 τίς
757 3108 789 3177 ή
822 3106 964 3179 ἀρχὴ
987 3106 1179 3161 τούτου
1206 3124 1220 3173 ;
1255 3107 1378 3161 οὐδὲ
1402 3108 1513 3179 γὰρ
1534 3108 1753 3176 εὐαγὲς,

1866 1897 1970 1952 fuit
1996 1898 2137 1969 ignis
2166 1900 2290 1954 sine
2327 1899 2511 1954 calore
2537 1912 2631 1955 aut
2660 1901 2893 1969 lumine,
2921 1904 3007 1959 vel
3032 1921 3171 1975 aqua
3204 1908 3325 1963 sine
3353 1911 3453 1961 fri-

1864 2004 1996 2060 gore
2017 2000 2071 2044 et
2100 1990 2429 2047 humiditate
2452 2002 2507 2047 et
2539 1994 2778 2048 caeruleo
2804 1995 3021 2051 colore?
3051 1997 3258 2054 Idcirco
3283 2002 3448 2055 etiam

1865 2083 1978 2138 dixi
2026 2085 2312 2138 materiam
2359 2087 2572 2140 ratione
2618 2088 2855 2158 concipi,
2901 2099 2955 2143 et
3003 2106 3108 2144 non
3146 2106 3308 2146 sensu
3354 2109 3451 2164 ap—

1864 2176 2149 2245 prehendi,
2180 2192 2280 2231 nec
2312 2192 2417 2231 non
2445 2179 2745 2250 impmpria
2774 2196 2869 2235 seu
2901 2183 3185 2253 illegitima
3232 2189 3449 2242 ratione

1864 2268 2081 2338 concipi
2113 2269 2433 2337 perhibetur
2465 2287 2476 2321 :
2510 2269 2590 2323 sic
2618 2271 2783 2323 etiam
2817 2277 2960 2339 quod
2997 2274 3097 2325 hoc
3120 2273 3191 2326 sit
3222 2273 3448 2339 dicitur,

1863 2359 1961 2413 sed
1993 2361 2139 2429 quod
2173 2361 2306 2415 illud
2338 2377 2445 2416 non
2475 2363 2570 2429 sit,
2598 2364 2800 2433 quippe
2831 2366 2959 2433 quid
2990 2367 3143 2436 pejus
3172 2370 3447 2424 omnibus.

1863 2448 2081 2504 Etenim
2112 2452 2191 2508 sic
2224 2453 2392 2507 etiam
2425 2453 2492 2506 de
2528 2454 2637 2507 Deo
2672 2453 2926 2517 dicimus,
2965 2470 3152 2508 verum
3186 2466 3316 2511 tune
3358 2474 3451 2511 as-

1863 2547 2123 2613 serimus,
2148 2549 2324 2619 ipsum
2370 2549 2501 2619 quid
2546 2550 2804 2605 omnibus
2852 2564 2976 2605 esse
3017 2551 3236 2619 melius,
3288 2553 3452 2624 idque

1864 2645 2425 2713 superessentialiler.
2467 2642 2525 2699 Si
2567 2646 2755 2715 itaque
2789 2647 2907 2700 hate
2949 2646 3026 2701 ita
3076 2663 3136 2701 se
3191 2648 3452 2714 habeant,

1866 2737 2144 2803 quomodo
2172 2738 2329 2791 turba
2360 2737 2670 2793 dzemonum
2714 2740 2916 2793 bonum
2961 2756 3066 2794 non
3095 2742 3323 2807 expetit,
3354 2744 3451 2797 sed

1865 2842 1895 2879 a
1930 2842 2031 2881 suo
2071 2838 2218 2884 statu
2251 2831 2529 2900 prolapsa,
2570 2843 2683 2885 tam
2709 2831 2813 2886 sibi
2845 2833 2945 2902 ipsi
2978 2849 3139 2901 quant
3173 2834 3296 2889 aliis
3325 2852 3454 2900 per-

1863 2920 2037 2975 versis
2074 2920 2343 2977 malorum
2369 2923 2613 2978 omnium
2659 2938 2825 2978 causa
2861 2926 3127 2979 exsistit?
3164 2926 3452 2993 Quomodo

1863 3023 2073 3077 autem,
2102 3030 2225 3069 cum
2256 3017 2521 3085 producta
2544 3016 2617 3071 sit
2644 3031 2711 3072 ex
2731 3018 2897 3082 bono,
2920 3017 3045 3071 boni
3077 3018 3249 3072 forma
3277 3030 3449 3084 caret,

1863 3106 2143 3175 particeps
2166 3109 2443 3164 exsistens
2471 3107 2589 3176 ejus
2612 3110 2703 3179 qui
2723 3107 3092 3166 essentialiter
3107 3120 3161 3165 et
3190 3094 3295 3166 n'oa
3323 3128 3453 3182 par-

143 3192 254 3246 δύο
288 3166 464 3266 ἀρχάς
512 3166 724 3261 εἰπεῖν,
753 3166 1061 3264 sufﬁt»;
1107 3166 1495 3271 Μανιχαίους.¹
1519 3202 1582 3255 El

1971 3200 2181 3268 patione
2216 3202 2390 3255 bonus
2431 3202 2560 3256 est?
2611 3219 2739 3257 nam
2773 3219 2895 3273 qua:
2937 3205 3283 3258 extrinsecus
3329 3204 3449 3272 ejus

143 3286 363 3353 ἀγαθὸς
388 3288 630 3360 παρῆξεν
654 3291 846 3363 αὐτὴν,
867 3291 986 3357 πῶς
1008 3292 1281 3365 ἠϐουλήθη
1306 3293 1466 3347 τοῦτο
1493 3295 1751 3366 ποιῆσαις

146 3378 190 3447 ἦ
219 3380 523 3453 βουληθεὶς,
559 3385 677 3450 πῶς
706 3387 947 3459 ἠδυνήθη
971 3404 986 3452 ;
1032 3389 1120 3452 Ὠς
1146 3390 1255 3462 γὰρ
1285 3390 1346 3444 τὸ
1370 3390 1484 3463 πῦρ
1517 3393 1753 3465 φυσικὴν

146 3472 463 3545 ἀδυναμίαν
500 3477 611 3548 ἔχει
646 3479 783 3550 πρὸς
808 3482 870 3534 τὸ
902 3481 1117 3554 ψύχειν,
1156 3486 1249 3539 καὶ
1286 3485 1345 3538 οὐ
1375 3484 1533 3555 ψύξει
1574 3486 1676 3541 κᾶν
1704 3487 1759 3541 εἶ

110 3576 115 3581 ·
143 3578 207 3614 τι
236 3567 330 3618 καὶ
352 3567 576 3640 γένηται
598 3586 611 3599 ·
648 3569 791 3624 οὕτω
821 3573 997 3627 καὶτὸ
1028 3574 1336 3643 αύτάγαθον
1366 3578 1599 3649 φυσικὴν
1630 3578 1757 3632 ἀδυ-

145 3652 359 3724 ναμίαν
416 3660 530 3730 ἔχει
574 3663 715 3735 πρὸς
759 3665 820 3718 τὺ
866 3666 1035 3723 κακὸν
1073 3668 1334 3740 παράξαι.
1384 3670 1510 3733 Πῶς
1554 3670 1611 3723 δὲ
1658 3672 1754 3725 καὶ

147 3748 416 3816 προνοίας
436 3752 604 3825 οὔσης
628 3756 724 3809 καὶ⁵
764 3758 1140 3831 κυϐερνὼσης,
1169 3763 1256 3831 ἐφ’
1366 3764 1546 3817 πάντα
1578 3766 1637 3817 ὲν
1674 3764 1753 3835 τῷ

145 3836 350 3907 ἀγαθῷ
380 3842 578 3909 μένειν,
617 3844 734 3899 ἐστι
761 3846 822 3899 τὸ
853 3848 1045 3913 κακὸν,
1085 3849 1118 3919 ἢ
1159 3850 1446 3920 γινόμενον
1472 3866 1486 3914 ;
1527 3850 1559 3921 ἢ
1591 3850 1748 3904 εἵπου

147 3928 253 3981 καὶ
276 3930 533 4004 ἐγενήθη,
575 3934 649 4005 μὴ
682 3938 1077 4011 ἀναιρούμενον
1099 3957 1113 4005 ;
1138 3942 1232 3994 καὶ
1262 3940 1382 4004 πῶς
1419 3942 1590 4005 ἐστιν,
1619 3941 1752 4010 ἀφέ-

1858 3291 2136 3348 desiderio
2166 3293 2310 3347 bona
2346 3293 2489 3349 facta
2534 3305 2686 3362 sunt,
2718 3296 3053 3350 boniformia
3083 3297 3364 3363 dicuntur,
3395 3307 3453 3351 et

1860 3399 1969 3437 non
1999 3398 2197 3454 reapse
2237 3386 2404 3449 bona,
2437 3396 2528 3440 aut
2557 3387 2833 3456 quomodo
2859 3385 3003 3440 bona
3046 3385 3213 3451 facta,
3244 3397 3449 3439 mutata

1857 3483 1942 3530 est
1972 3475 2118 3531 bono
2144 3476 2376 3532 minime
2398 3476 2744 3548 superante?
2774 3476 2984 3545 Ecquid
3012 3486 3097 3531 est
3119 3476 3263 3545 quod
3300 3476 3445 3529 illam

1867 3568 2038 3622 movit
2062 3568 2129 3623 ad
2157 3568 2448 3635 malitiam,
2474 3569 2557 3624 vel
2582 3570 2789 3640 potius,
2823 3570 3102 3639 quodnam
3145 3570 3261 3640 ejus
3300 3571 3452 3640 prin-

1863 3660 2107 3729 cipium?
2156 3676 2334 3731 neque
2370 3662 2517 3717 enim
2564 3661 2885 3731 religiosum
2927 3663 2999 3717 sit
3037 3660 3145 3715 duo
3179 3660 3450 3731 principia

1861 3762 2127 3821 statuere,
2173 3756 2478 3809 secundum
2522 3753 2877 3809 Manichaeos.
2931 3754 2991 3807 Si
3038 3764 3219 3807 autem
3273 3754 3451 3807 bonus

1862 3846 2037 3915 ipsam
2070 3847 2352 3915 produxit,
2383 3846 2658 3914 quomodo
2685 3846 2859 3901 voluit
2897 3846 3005 3900 hoc
3037 3844 3217 3898 facere
3242 3844 3265 3897 ?
3293 3843 3374 3915 xei
3402 3844 3448 3898 si

1860 3937 2058 4004 voluit,
2083 3938 2358 4007 quomodo
2384 3937 2606 4007 potuit?
2630 3937 3106 4004 Quemadmodum
3136 3936 3281 3989 enim
3307 3937 3450 4004 ignis

1864 4030 2173 4086 naturalem
2203 4029 2587 4099 impotentiam
2614 4029 2775 4081 habet
2801 4027 2868 4081 ad
2892 4026 3365 4098 l’rigel‘aciendum,
3398 4037 3454 4079 et

150 4021 320 4092 μενόν
354 4042 407 4077 τι
440 4026 535 4080 τοῦ
566 4029 794 4098 ἀγαθοῦ,
831 4031 926 4085 τοῦ
965 4030 1139 4086 κακοῦ
1174 4031 1461 4100 ὲφίεσθαι;

145 4114 421 4183 quidquid
450 4098 542 4173 fiat
570 4134 677 4174 non
708 4121 1095 4192 refrigerabit;
1126 4098 1395 4177 sie—etiam
1426 4126 1604 4194 ipsum
1634 4138 1733 4190 per
1792 4137 1852 4177 se
1911 4123 2116 4177 bonum
2176 4098 2486 4175 naturalem
2518 4118 2895 4189 impotentiam
2935 4118 3101 4173 habet
3127 4120 3197 4173 ad
3236 4117 3448 4173 faciest-

144 4208 288 4262 dum
318 4209 546 4265 malum.
580 4212 863 4279 Quomodo
893 4230 1046 4281 vero,
1079 4216 1247 4272 etiam
1277 4225 1529 4270 exstante
1572 4223 1738 4285 atque
1773 4215 1959 4268 omnia
1991 4214 2333 4285 gubernante
2362 4210 2738 4277 Providentia,
2782 4227 2889 4281 qua
2922 4221 3122 4267 cuncta
3179 4212 3234 4266 in
3298 4214 3447 4266 bono

145 4314 533 4370 perseverant.
584 4307 785 4361 malum
827 4318 934 4373 est,
986 4309 1071 4363 vel
1122 4309 1218 4363 lit?
1266 4310 1349 4363 vel
1403 4310 1450 4363 si
1489 4325 1727 4379 unquam
1763 4308 1963 4363 factum
1994 4307 2089 4371 sit,
2116 4322 2224 4361 tton
2278 4322 2310 4362 e
2366 4305 2548 4360 medio
2608 4304 2885 4360 sublatum
2920 4304 3043 4360 est?
3076 4316 3132 4360 et
3172 4305 3451 4376 quomodo

143 4396 434 4465 quidpiam
462 4400 652 4456 relicto
684 4402 846 4467 bono,
874 4404 1077 4458 malum
1109 4405 1319 4474 expetit
1343 4404 1366 4457 ?

220 4493 250 4564 §
302 4492 441 4547 XIX.
502 4496 590 4549 Ἐν
620 4498 804 4569 ταύτῴ
834 4498 1129 4569 γυμνάζων
1167 4501 1260 4554 τὸν
1310 4499 1467 4569 λόγον
1500 4500 1629 4571 περὶ
1658 4516 1698 4551 τε

2024 4492 2171 4547 XIX.
2205 4491 2416 4562 Stylum
2464 4490 2555 4546 hic
2603 4490 2753 4546 circa
2795 4491 3000 4545 malum
3036 4489 3364 4559 simpliciter
3395 4495 3449 4541 et

142 4585 328 4638 κακοῦ
356 4587 565 4651 ἁπλῶς,
590 4592 683 4642 καὶ
705 4591 766 4642 ού
799 4608 865 4643 πε
875 4592 927 4662 pl.
949 4592 1059 4645 τῶν
1083 4592 1480 4664 δαιμόνων,καὶ
1502 4589 1751 4645 ἀναλύων

141 4679 251 4741 τὰς
288 4679 522 4751 ἀπορίας
570 4682 740 4752 φησί·
783 4683 856 4735 Τὸ
903 4684 1073 4737 κακὸν
1122 4683 1245 4737 οὔτε
1293 4686 1359 4737 ὲκ
1397 4684 1490 4737 τοῦ
1542 4682 1750 4753 ἀγαθοῦ

146 4770 422 4842 μέλλομεν
451 4776 628 4827 εἰπεῖν
660 4776 1029 4847 παραχθῆναι,
1061 4776 1184 4830 οὔτε
1214 4780 1280 4830 ὲκ
1314 4776 1408 4829 τοῦ
1449 4777 1621 4831 κακοῦ
1643 4794 1656 4807 ·
1686 4779 1752 4831 ὲκ

147 4862 251 4929 μὲν
282 4862 377 4915 τοῦ
406 4865 614 4932 ἀγαθοῦ
649 4867 751 4919 οὐκ
777 4867 947 4931 ἔστιν,
973 4870 1056 4922 ὃτι
1083 4871 1179 4923 καὶ
1198 4868 1331 4921 αὐτὸ
1360 4868 1586 4940 ἔμελλεν
1612 4865 1750 4923 εἶναι

141 4954 206 5006 οὐ
242 4954 414 5007 κακόν
441 4973 453 4985 ·
491 4957 567 5020 ὼς
602 4958 713 5029 γὰρ
744 4959 805 5012 οὐ
852 4960 1025 5032 πυρὸς
1057 4961 1119 5013 τὸ
1158 4959 1376 5031 ψύχειν,
1414 4962 1588 5025 οὕτως
1627 4962 1750 5015 οὐδὲ

142 5044 359 5114 ἀγαθοῦ
386 5046 449 5098 τὸ
486 5050 978 5120 παράγεινκακόν.
1020 5053 1190 5107 Πάλιν
1228 5052 1285 5104 δὲ
1330 5055 1396 5105 ὲκ
1442 5054 1536 5107 τοῦ
1573 5053 1748 5108 κακοῦ

141 5143 249 5195 οὐκ
284 5141 453 5205 ἔστιν,
484 5145 568 5197 ὅτι
601 5144 791 5217 ὥσπερ
819 5146 896 5216 τῷ
923 5146 1113 5217 ἀγαθῷ
1142 5154 1302 5215 φύσις
1331 5148 1450 5200 ἐστὶ
1478 5149 1749 5220 παράγειν

143 5236 244 5288 καί
282 5233 507 5299 σώζειν·
546 5237 689 5290 οὕτω
716 5238 795 5308 τῷ
823 5238 980 5308 κακῷ
1018 5239 1262 5310 φθείρειν
1302 5240 1395 5292 καὶ
1435 5240 1745 5294 ἀπολλύειν.

143 5328 214 5381 Τί
252 5322 382 5392 οῦν;
416 5329 559 5382 εἴποι
593 5348 677 5393 τις
704 5348 716 5360 ·
752 5333 823 5383 Ἢ
855 5332 1035 5385 τοίνυν
1068 5333 1169 5385 οὐκ
1191 5332 1308 5385 ἔστι
1336 5332 1523 5385 λοιπὸν
1555 5332 1616 5386 τὸ
1647 5351 1747 5386 κα-

150 5420 267 5481 κον,
290 5418 323 5489 ἢ
346 5417 405 5471 ὂν
436 5418 549 5489 ἔχει
572 5420 696 5472 τινὰ
727 5424 924 5493 μοῖραν
945 5422 1041 5475 τοῦ
1068 5421 1299 5490 ἀγαθοῦ,
1345 5422 1465 5475 καθ’
1504 5422 1571 5493 ἣν
1608 5422 1749 5485 ὅλως

143 5511 286 5565 ἐστί.
338 5512 506 5566 Πάλιν
540 5509 632 5566 οῦν
666 5514 1057 5585 ἀμφοτέρωθεν
1090 5516 1313 5586 ἀπορία.
1369 5516 1432 5568 El.
1501 5516 1597 5586 μὲν
1650 5514 1749 5567 οὐκ

147 5605 299 5658 ἔστιν
334 5606 471 5670 ὅλως
519 5607 582 5659 τὸ
617 5608 786 5660 κακὸν
810 5648 825 5672 ,
884 5608 1065 5679 μέλλει
1102 5608 1240 5662 εἶναι
1278 5611 1310 5680 ὴ
1351 5608 1521 5679 ἀρετὴ
1572 5610 1666 5661 καὶ
1715 5611 1747 5679 ὴ

145 5696 316 5750 κακία
344 5697 562 5759 ταύτὸν,
586 5698 726 5767 ὅπερ
762 5696 1116 5767 παρακατιὼν
1140 5697 1384 5767 τίθησιν·
1420 5698 1467 5749 εί
1509 5696 1564 5749 δέ
1606 5696 1745 5757 ἐστι,

149 5786 217 5841 τὰ
242 5790 298 5844 δὲ
330 5791 461 5844 ὅντα
495 5792 671 5845 πάντα
714 5791 805 5845 τοῦ
843 5792 1007 5845 καλοῦ
1036 5792 1301 5861 ἐφίενται,
1339 5792 1432 5844 καὶ
1464 5789 1567 5843 εἴτι
1599 5788 1746 5870 γίνεῖ
1768 5863 1788 5872 -

1864 4603 1973 4643 non
2020 4586 2169 4643 circa
2212 4590 2489 4639 daemones
2538 4599 2829 4646 exercens,
2864 4587 2932 4654 {et
2975 4584 3254 4638 resolvens
3302 4596 3449 4648 quae-

1866 4679 2098 4742 stiones,
2124 4677 2205 4731 ait
2232 4676 2469 4731 :Malttnt
2501 4692 2677 4748 neque
2703 4693 2769 4732 ex
2799 4678 2941 4731 bono
2968 4678 3211 4730 dicemus
3242 4674 3448 4743 prmiu-

1856 4782 2005 4827 ctum
2039 4786 2181 4835 esse,
2233 4784 2414 4840 neque
2448 4784 2514 4823 ex
2552 4769 2736 4834 malo;
2787 4769 3059 4838 siquidem
3107 4781 3213 4820 non
3258 4774 3445 4819 estex

1856 4866 2022 4931 bono,
2061 4864 2189 4935 quia
2219 4863 2359 4917 alias
2392 4864 2571 4932 ipsum
2616 4875 2837 4931 quoque
2868 4877 2973 4914 non
3007 4869 3158 4913 esset
3206 4858 3445 4921 malum;

1853 4954 2315 5024 quemadmodum
2347 4956 2494 5009 enim
2530 4953 2670 5023 ignis
2700 4969 2806 5008 non
2850 4960 2936 5008 est
2980 4950 3332 5023 refrigerare.
3362 4950 3444 5005 sic

1862 5063 2040 5118 neque
2089 5049 2219 5103 boni
2278 5050 2482 5102 malum
2528 5049 2857 5117 producere.
2888 5047 3123 5100 Rursum
3166 5058 3296 5099 vero
3338 5058 3443 5099 non

1856 5151 2036 5196 estex
2087 5141 2254 5206 malo,
2308 5141 2568 5209 quoniam
2621 5140 2767 5195 sicut
2818 5140 2946 5196 boni
2992 5139 3159 5212 406
3189 5150 3274 5193 est
3318 5154 3442 5208 pro-

1854 5237 2056 5289 ducere
2086 5250 2151 5287 ac
2190 5248 2438 5296 servare,
2467 5233 2550 5287 sic
2581 5233 2750 5287 etiam
2785 5233 2914 5286 mali
2957 5243 3043 5286 est
3087 5246 3440 5297 corrumpere

1853 5341 1922 5382 ac
1953 5328 2206 5396 perdere.
2253 5325 2396 5392 Quid
2450 5325 2660 5394 igitur?
2692 5325 2843 5379 dicet
2880 5324 3102 5394 aliquis.
3134 5322 3233 5378 Vel
3276 5323 3443 5391 igitur

1854 5432 1962 5471 non
1985 5427 2069 5473 est
2094 5418 2297 5471 malum
2317 5416 2615 5486 reliquum,
2642 5416 2725 5471 vei
2749 5416 3023 5471 exsistens
3044 5414 3211 5469 habet
3228 5423 3438 5484 partem

1855 5509 2095 5577 aliquam
2122 5511 2274 5573 boni,
2299 5510 2603 5564 secundum
2631 5522 2795 5578 quam
2823 5508 3049 5562 omnino
3070 5516 3173 5563 est.
3202 5506 3443 5560 Rursum

1853 5605 2030 5657 oritur
2077 5603 2332 5672 utrinque
2369 5600 2623 5672 quaestio.
2662 5600 2719 5655 Si
2762 5616 2993 5671 namque
3042 5616 3147 5656 non
3190 5609 3273 5655 est
3317 5614 3442 5653 om-

1853 5696 1985 5749 nino
2011 5696 2236 5757 malum,
2268 5696 2441 5749 virtus
2471 5702 2527 5749 et
2558 5694 2768 5747 malitia
2797 5696 2926 5763 quid
2960 5710 3125 5747 unum
3149 5704 3332 5750 erunt.
3366 5692 3440 5743 uti

1857 5790 1909 5843 in
1943 5804 2234 5860 progressu
2272 5789 2471 5851 tradit;
2508 5789 2553 5843 si
2590 5797 2772 5844 autem
2805 5800 2912 5857 est,
2944 5799 2998 5843 et
3037 5805 3099 5844 ea
3145 5805 3266 5857 qua:
3295 5796 3445 5849 sunt,
