3742 6300
387 304 493 363 735

1567 307 1624 361 S.
1664 303 1965 362 DlO'NYSl!
2003 303 2469 365 AREOPAGITJE
3552 311 3628 367 78i

386 421 570 477 omnia
599 419 798 475 bonum
827 430 1127 491 appetunt;
1174 431 1228 476 et
1257 421 1298 476 si
1328 421 1460 491 quid
1513 421 1594 486 iit,
1626 422 1709 476 vel
1745 429 1902 494 prnpt

2087 439 2184 486 rat,
2213 421 2246 494 ἢ
2288 423 2376 479 διὰ
2408 424 2469 478 τὸ
2501 424 2726 494 ἀγαθὸν,
2757 426 2791 498 ἢ
2819 425 2906 481 διὰ
2939 427 3001 480 τὸ
3035 427 3229 481 δοκοῦν
3264 427 3504 497 γίνεται,
3544 431 3630 497 (zz-.3

374 515 590 590 bonum
621 513 703 576 iit,
734 513 817 568 vel
847 523 1070 583 propter
1097 513 1148 568 id
1181 515 1322 583 quod
1348 515 1564 568 videtur
1585 515 1788 569 bonum
1819 517 1968 583 (nam

387 614 445 660 et
485 607 716 677 ipsamct
743 606 944 660 invidia
981 605 1159 661 oritur
1190 617 1415 676 propter
1453 606 1505 660 id
1541 609 1685 676 quod
1740 615 1969 676 apparet

371 709 610 768 “bonum,
639 709 694 754 et
723 700 900 754 omnis
926 715 1109 755 rerum
1140 715 1338 771 scopus
1362 701 1689 772 principium
1715 717 1776 756 ac
1801 705 1967 756 linem

385 795 551 849 habet
588 794 849 862 bonum);
890 794 1058 849 etiam
1086 794 1314 860 malum,
1347 795 1400 850 in
1436 807 1702 864 quantum
1731 805 1834 859 est,
1863 797 1968 850 ha-

359 884 536 940 'bebit
568 887 870 956 appetitum
896 887 964 941 ad
997 887 1238 953 bonum;
1273 888 1548 956 quomodo
1571 888 1717 943 enim
1743 892 1969 943 omnino

358 977 620 1034 exsistat
654 977 987 1048 ejuscemodi
1019 978 1143 1033 boni
1175 979 1370 1034 aﬂ'ectu
1401 981 1760 1035 destitutum?
1784 980 1840 1036 Si
1869 983 1970 1052 igi-

384 1077 473 1123 tur
506 1085 596 1123 res
622 1083 813 1124 omnes
835 1070 1002 1124 etiam
1029 1087 1095 1126 ex
1134 1071 1243 1126 Deo
1275 1082 1327 1126 ct
1363 1072 1416 1126 in
1452 1072 1562 1127 Deo
1602 1071 1714 1128 sint
1743 1074 1962 1148 ,letiam

356 1156 514 1215 'illud
553 1162 729 1231 ipsum
777 1163 920 1234 quod
972 1180 1080 1220 non
1112 1175 1286 1220 estut
1326 1167 1578 1230 materia,
1630 1175 1686 1220 et
1731 1182 1853 1236 qua:
1894 1184 1959 1224 ex

355 1253 657 1309 ablatione
691 1255 757 1310 de
811 1253 920 1310 Deo
974 1257 1519 1325 superessentialiter
1561 1259 1961 1326 praedicantur,

381 1346 584 1402 malum
615 1347 668 1402 id
697 1351 843 1419 quod
874 1350 924 1403 in
968 1349 1130 1406 rebus
1159 1351 1406 1418 pellitur,
1434 1352 1486 1405 in
1520 1351 1630 1406 Deo
1657 1350 1786 1418 erit,
1823 1362 1875 1407 et
1905 1353 1960 1406 id

355 1439 520 1509 quod
547 1456 654 1496 non
685 1451 770 1496 est
797 1441 848 1496 in
877 1440 1064 1505 rebus.
1093 1443 1288 1497 iterum
1318 1444 1370 1497 in
1404 1443 1512 1499 Deo
1543 1443 1744 1500 erit.Si
1773 1453 1958 1499 autem

361 1547 489 1585 non
521 1533 591 1586 sit
633 1533 685 1587 in
723 1532 853 1596 Deo,
899 1534 1031 1603 quid
1081 1536 1298 1589 tandem
1341 1535 1449 1590 erit
1486 1537 1631 1603 quod
1669 1545 1824 1590 extra
1872 1551 1961 1591 res

356 1634 429 1676 -et
456 1639 560 1678 non
590 1641 676 1680 res
702 1625 827 1680 est?
856 1641 977 1680 cum
1015 1626 1065 1679 in
1105 1625 1356 1680 confesso
1385 1626 1455 1680 sit
1504 1627 1673 1680 Deum
1717 1641 1841 1681 esse
1864 1641 1961 1680 ex-

360 1719 457 1764 ~tra
485 1724 547 1764 ea
584 1725 704 1780 quae
739 1719 904 1776 sunt,
934 1719 990 1765 et
1026 1720 1181 1765 extra
1211 1725 1274 1766 ea
1307 1726 1426 1782 qua:
1469 1727 1572 1766 non
1615 1722 1782 1778 sunt;
1820 1719 1873 1767 et
1905 1712 1959 1766 id

2075 516 2238 580 αὐτὸς
2255 517 2368 590 γάρ
2399 520 2428 570 6
2459 517 2650 587 φθόνος
2670 518 2762 572 διά
2788 537 2840 572 τι
2869 521 3061 574 δοκοῦν
3083 520 3285 588 ἀγαθὸν
3307 521 3538 590 γίνεται,
3563 525 3630 574 κεί

2074 613 2183 674 πᾶς
2220 613 2248 665 ὀ
2279 611 2390 664 τῶν
2437 611 2607 666 ὄντων
2654 613 2855 677 σκοπὸς
2896 612 3072 684 ἀρχὴν
3106 613 3220 685 ἔχει
3266 615 3367 667 καὶ
3414 614 3554 676 τέλος
3589 616 3630 666 τῆ

2073 703 2276 771 ἀγαθόν
2387 703 2500 770 ἕξει
2535 705 2627 758 καὶ
2665 705 2727 758 τὸ
2761 705 2948 768 κακὸν,
2987 704 3187 758 καθότι
3215 705 3358 767 ἐστὶ,
3400 706 3498 776 τὴν
3528 707 3629 775 πρὶς

2071 791 2133 845 τὸ
2162 792 2365 861 ἀγαθὸν
2396 792 2610 861 ἔφεσιν·
2656 793 2775 856 πῶς
2815 791 2927 864 γὰρ
2969 791 3108 855 ὅλως
3155 792 3216 844 ὃν
3262 793 3373 861 τῆς
3413 792 3630 859 τοιαύτης

2071 885 2280 956 ἀγαθῆς
2306 884 2766 957 παραιρεθήσεται
2781 884 2982 949 ἓξεως;
3005 885 3068 938 Εἰ
3089 884 3222 953 γοῦν
3243 885 3314 937 τὰ
3341 884 3474 937 ὄντα
3491 884 3626 935 πάντα

2068 979 2164 1033 καὶ
2199 981 2263 1034 ἐκ
2289 977 2426 1031 Θεοῦ
2461 980 2557 1032 καὶ
2583 980 2642 1032 ἐν
2662 978 2743 1049 τῷ
2769 977 2891 1049 θεῷ
2925 981 3052 1040 εἰσι,
3094 980 3189 1032 καὶ
3229 978 3368 1031 αὐτὸ
3408 977 3472 1047 δὴ
3503 977 3557 1029 τὸ
3576 978 3629 1045 μῆ

2067 1071 2128 1126 ὃν
2160 1070 2294 1144 ὡςή
2334 1071 2456 1142 ὕλη,
2501 1071 2596 1124 καὶ
2635 1070 2706 1125 τὰ
2757 1071 2819 1136 ἐξ
2861 1071 3206 1142 ἀφαιρέσεως
3255 1070 3529 1142 λεγόμενα
3561 1072 3631 1123 ἐπὶ

2065 1163 2161 1218 τοῦ
2199 1164 2337 1218 Θεοῦ
2375 1164 2738 1234 ὑπερουσίως,
2773 1164 2833 1216 τὸ
2861 1165 3033 1218 κακὸν
3073 1167 3131 1218 ἐν
3157 1167 3274 1228 τοῖς
3315 1160 3444 1219 οὖσι
3475 1164 3629 1216 ταττό-

2071 1273 2252 1328 μενον,
2290 1257 2349 1311 ἐν
2383 1257 2465 1327 τῷ
2495 1255 2616 1328 Θεῷ
2643 1257 2816 1321 ἔσται,
2857 1257 2954 1310 καὶ
2982 1259 3039 1310 ἐν
3065 1259 3178 1319 τοῖς
3213 1255 3288 1327 μὴ
3317 1251 3466 1318 οὖσι,
3499 1254 3630 1307 πάλιν

2065 1352 2124 1404 ἐν
2161 1348 2239 1421 τῷ
2272 1349 2393 1421 Θεῷ
2430 1350 2600 1403 ἔσται.
2633 1351 2695 1404 Ei
2728 1351 2785 1405 δὲ
2813 1351 2911 1404 οὐκ
2941 1349 3089 1403 ἔστιν
3123 1351 3181 1404 ἐν
3219 1348 3300 1420 τῷ
3322 1348 3472 1419 Θεῷ,
3503 1347 3550 1400 τί
3580 1348 3630 1400 iv

2065 1441 2154 1515 εῐη
2186 1443 2325 1514 ὅπερ
2360 1441 2464 1508 ἔξω
2503 1441 2614 1495 τῶν
2657 1441 2826 1495 ὄντων
2865 1441 2958 1494 καὶ
2993 1442 3104 1494 τῶν
3152 1440 3226 1512 μὴ
3283 1441 3465 1494 ὅντων
3504 1440 3629 1500 ﬁeri;

2061 1535 2637 1607 Προομολογουμένου,
2667 1536 2749 1589 ὅτι
2791 1536 2854 1588 τὸ
2895 1534 3048 1588 Θεῖον
3079 1534 3175 1588 καὶ
3206 1534 3318 1586 τῶν
3353 1533 3524 1586 ὄντων
3558 1533 3632 1583 καὶ

2061 1627 2171 1681 τῶν
2210 1627 2284 1699 μὴ
2321 1626 2489 1680 ὄντων
2523 1626 2628 1691 ἔξω
2663 1628 2801 1691 ἐστὶ,
2833 1627 2930 1680 καὶ
2966 1626 3027 1679 τὸ
3059 1627 3132 1698 μὴ
3159 1626 3219 1680 ὃν
3247 1628 3310 1680 ἐν
3351 1625 3436 1696 τῷ
3469 1623 3631 1692 ἀγαθῷ

2063 1713 2206 1770 κατὰ
2244 1713 2306 1768 τὸ
2349 1712 2673 1786 ὑπεροῦσιον
2710 1713 2950 1783 λέγεται,
2995 1713 3056 1766 οὐ
3081 1713 3200 1766 τόδε
3227 1711 3369 1784 γάρ,
3406 1713 3468 1765 οὐ
3499 1711 3627 1771 τόᾶ,

356 1802 518 1872 -ηυοά
549 1816 656 1857 non
700 1811 786 1856 est
819 1773 1044 1856 inibono
1071 1816 1235 1872 supra
1270 1773 1635 1856 substantiam
1673 1773 1806 1865 dici,
1847 1815 1902 1855 nt

2087 1807 2172 1861 ιλλ’
2197 1807 2336 1878 ὑπὲρ
2358 1773 2532 1860 ταῦτα
2548 1773 2904 1879 ὑπερουσῑίως.
2925 1773 3125 1858 λοιπὸν
3150 1805 3212 1858 τὸ
3232 1773 3448 1874 ἀγαθὸν
3483 1805 3630 1873 ὑπερ-

368 1895 516 1964 quod
546 1896 650 1950 hoc
675 1897 748 1949 sit
770 1893 856 1950 vel
890 1893 1046 1960 illud,
1070 1894 1164 1949 sed
1197 1909 1360 1960 supra
1389 1888 1508 1949 haec
1531 1892 1957 1963 suprasubstau-

369 1990 600 2044 tialiter.
627 1988 837 2043 Bonum
863 2003 995 2058 ergo
1034 1987 1273 2042 locatum
1302 1997 1386 2042 est
1411 2002 1572 2056 supra
1601 1988 1651 2042 id
1675 1989 1818 2057 quod
1847 1996 1952 2050 est,

365 2090 422 2135 et
448 2096 610 2151 supra
643 2081 695 2135 id
726 2079 869 2152 quod
899 2096 1006 2134 non
1041 2090 1166 2146 est;
1201 2080 1402 2134 malum
1434 2093 1614 2133 autem
1646 2095 1751 2134 non
1775 2080 1952 2136 solum

364 2173 601 2228 alienum
633 2180 718 2227 est
759 2187 790 2227 a
838 2171 1000 2227 rebus
1031 2173 1180 2242 (nam
1211 2173 1257 2226 si
1294 2181 1465 2238 esset,
1503 2172 1630 2226 boni
1671 2171 1952 2242 particeps

364 2267 704 2335 exsisteret),
719 2282 907 2322 verum
925 2267 1092 2320 etiam
1114 2281 1144 2320 a
1172 2280 1276 2320 non
1297 2266 1518 2320 cutibus
1548 2274 1819 2320 remotum
1845 2274 1952 2331 est,

367 2369 426 2415 et
461 2363 527 2419 iis
572 2361 706 2432 ipsis
750 2360 932 2415 minus
972 2373 1072 2413 ens
1113 2370 1220 2424 est,
1269 2372 1394 2413 cum
1449 2358 1502 2413 id
1534 2359 1676 2428 quod
1711 2375 1815 2414 non
1868 2368 1952 2416 est

362 2453 532 2509 etiam
566 2453 618 2508 in
664 2452 776 2508 Deo
803 2451 1043 2524 desuper
1073 2450 1402 2506 collocetur.
1449 2449 1810 2506 Concluditur
1843 2450 1950 2507 ita-

363 2561 503 2616 que,
561 2547 982 2615 haudquaquam
1029 2543 1329 2613 quidquam
1378 2554 1499 2598 esse
1534 2542 1758 2612 malum,
1796 2555 1849 2600 et
1900 2545 1948 2601 si

359 2638 467 2694 hoc
495 2637 588 2702 sit,
623 2636 986 2692 indiﬂ‘ereatia
1015 2645 1177 2692 erunt
1205 2636 1390 2692 omnia
1415 2645 1470 2689 et
1507 2636 1805 2694 laudabilia
1837 2656 1852 2706 ;
1893 2647 1950 2694 et

366 2747 474 2788 non
511 2730 686 2786 solum
725 2731 898 2785 virtus
943 2744 1067 2783 cum
1100 2728 1308 2782 malitia
1341 2728 1449 2783 erit
1487 2729 1654 2796 idem,
1681 2739 1791 2786 tota
1822 2732 1943 2800 toti,

358 2836 422 2882 et
467 2823 711 2896 partialis
738 2821 1161 2893 proportionaii,
1190 2837 1244 2877 v.
1277 2837 1329 2893 ε.
1366 2820 1631 2878 fortitudo
1659 2825 1946 2893 pusillani-

355 2918 557 2983 mitati,
582 2932 772 2972 verum
797 2916 963 2970 etiam
998 2916 1051 2970 id
1078 2916 1224 2984 quod
1255 2916 1444 2970 virtuti
1474 2927 1742 2987 repugnat
1766 2919 1944 2974 virtus

343 3010 483 3066 erit.
512 3006 784 3064 Caeterum
813 3005 1064 3061 formans
1095 3005 1472 3078 syllogismum
1504 3007 1937 3078 hypotbeticum,

2062 1901 2341 1972 ιδρυμένον
2382 1902 2500 1954 ἐστὶ
2527 1901 2622 1954 καὶ
2659 1902 2718 1954 ἐν
2756 1899 2836 1970 τῷ
2869 1899 2983 1952 ὄντι
3020 1899 3116 1952 καὶ
3173 1900 3233 1952 ἐν
3261 1898 3346 1969 τῷ
3402 1897 3477 1969 μὴ
3503 1896 3626 1949 ὁντι-

2056 1995 2118 2048 τὸ
2155 1993 2212 2048 δέ
2232 1994 2401 2048 κακὸν
2439 1993 2512 2065 μὴ
2547 1992 2704 2064 μόνον
2737 1991 2847 2045 τῶν
2885 1991 3054 2046 ὄντων
3087 1991 3397 2062 ἀλλότριον,
3427 1991 3517 2058 (ἂν
3538 1988 3628 2057 γὰρ

2055 2083 2144 2160 ἦν,
2175 2088 2423 2160 μετεῖχεν
2452 2087 2518 2140 ἂν
2537 2085 2631 2139 τοῦ
2659 2083 2866 2154 ἀγαοοῦ
2889 2084 2926 2154 ο)
2953 2083 3089 2138 ἀλλά
3108 2083 3202 2137 καὶ
3230 2082 3346 2135 τῶν
3375 2083 3452 2154 μὴ
3482 2082 3629 2135 ὄντων

2057 2181 2356 2253 ἀλλότριον,
2376 2180 2472 2234 καὶ
2488 2177 2779 2233 ἀνουσιώτε
2789 2194 2901 2250 ρον,
2928 2177 3051 2230 ἐπεὶ
3079 2175 3173 2230 καὶ
3195 2174 3259 2228 τὸ
3293 2174 3376 2245 μὴ
3399 2174 3461 2227 ὃν
3481 2175 3538 2226 ἐν
3563 2171 3628 2240 τῷ

2054 2270 2174 2343 Θεῷ
2207 2269 2580 2342 ὑπερίδρυται.
2624 2269 2922 2337 Συνάγεται
2955 2267 3155 2329 τοίνυν,
3192 2265 3275 2318 ὅτι
3314 2264 3528 2333 οὐδαμῆ
3555 2261 3628 2312 οὑ-

2053 2363 2242 2434 δαμῶς
2275 2363 2336 2417 τὸ
2362 2362 2531 2417 κακόν
2561 2362 2709 2415 ἐστι·
2741 2361 2836 2414 καὶ
2869 2361 2918 2412 εἰ
2949 2357 3128 2422 τοῦτο,
3173 2355 3476 2426 ἀδιάκριτα
3497 2354 3626 2406 ἔσται

2055 2460 2232 2513 πάντα
2272 2457 2368 2512 καὶ
2408 2453 2796 2525 ἐπαινούμενα,
2839 2452 2935 2506 καὶ
2977 2452 3050 2524 μὴ
3094 2450 3252 2522 μόνον
3299 2452 3336 2521 ἡ
3377 2447 3544 2520 ἀρετὴ
3569 2446 3624 2514 τῇ

2053 2553 2223 2624 κακίᾳ
2257 2550 2474 2616 ταύτὸν,
2505 2550 2540 2621 ἠ
2568 2547 2817 2610 καθόλου,
2849 2548 2914 2616 τῇ
2944 2543 3196 2606 καθόλου,
3239 2541 3339 2595 καὶ
3363 2544 3398 2612 ή
3445 2538 3625 2611 μερικὴ

2048 2651 2116 2719 τῇ
2150 2645 2417 2715 ἀναλόγῳ,
2445 2641 2688 2713 δηλονότι
2731 2643 2764 2712 ἡ
2805 2639 3000 2712 ἀνδρία
3029 2640 3096 2708 τῇ
3134 2635 3330 2707 δειλίᾳ,
3383 2634 3518 2688 ἀλλά
3547 2632 3627 2684 καὶ

2048 2739 2108 2792 τὸ
2129 2735 2502 2807 ἀντικείμενον
2523 2735 2589 2804 τῇ
2610 2734 2778 2804 ἀρετῇ
2797 2731 2966 2803 ἀρετὴ
2984 2729 3160 2783 ἔσται,
3183 2727 3389 2781 Λοιπὸν
3413 2724 3625 2786 συνάξας

2045 2833 2138 2886 τὸν
2173 2829 2494 2885 ὑποθετικὸν
2545 2825 2938 2896 συλλογισμὸν,
2979 2824 3188 2893 ἀναιρεῖ
3234 2819 3296 2872 τὸ
3351 2820 3622 2888 ἑπόμενον,

2046 2924 2223 2978 καίτοι
2261 2922 2467 2992 λέγων·
2521 2918 2772 2973 Ἐναντία
2800 2919 2868 2988 τῇ
2914 2913 3238 2986 σωφροσύνῃ
3278 2915 3311 2984 ἡ
3351 2911 3622 2966 ἀκολασία.

2043 3018 2156 3073 Καὶ
2192 3017 2252 3070 οὗ
2287 3015 2432 3084 λέγω
2466 3012 2589 3067 κατ’
2628 3010 2825 3074 αὐτοὺς
2852 3010 2980 3072 τοὺς
3024 3007 3348 3079 ἀνθρώπους
3383 3007 3512 3068 τοὺς
3545 3019 3624 3073 με·

353 3103 508 3160 eiidit
539 3100 851 3172 sequelam,
881 3100 1071 3156 dicens
1097 3113 1113 3153 :
1137 3099 1430 3155 Contraria
1459 3111 1545 3154 est
1570 3101 1902 3170 temperanti:

2087 3113 2301 3184 ἔχοντας
2345 3107 2572 3172 τούτων,
2613 3106 2694 3160 ὅτι
2727 3105 2988 3176 μάχονται
3025 3104 3120 3156 καὶ
3151 3100 3491 3154 ἀντίκεινται
3532 3096 3623 3166 (δό-

351 3196 671 3252 dissolutio.
713 3193 905 3264 Neque
935 3207 1067 3248 vero
1106 3191 1231 3246 dico
1262 3190 1353 3246 illa
1396 3191 1502 3247 sibi
1547 3205 1856 3262 repugnare
1887 3203 1944 3247 et

362 3287 723 3352 eontrariari,
752 3287 805 3342 in
843 3294 1111 3356 quantum
1137 3285 1206 3338 ab
1246 3282 1560 3338 hominibus
1600 3283 1734 3353 ipsis
1763 3283 1941 3354 parti-

347 3384 614 3452 cipantur
655 3379 758 3452 (sic
784 3379 929 3434 enim
964 3389 1187 3448 propter
1218 3375 1355 3429 alias
1379 3373 1594 3444 aliquas
1618 3391 1816 3431 causas
1846 3378 1945 3431 ad-

350 3472 562 3528 versari
591 3470 949 3542 viderentur);
973 3483 1160 3523 vermn
1185 3467 1352 3522 etiam
1375 3473 1668 3535 antequam
1693 3468 1941 3522 exterius

343 3581 411 3622 se
444 3565 682 3637 prodant
721 3570 777 3619 et
806 3569 1133 3632 appareant,
1184 3559 1359 3615 multo
1402 3559 1560 3631 prius
1606 3558 1662 3613 in
1709 3559 1941 3630 ipsamct

345 3661 532 3716 anima
578 3673 704 3714 cum
734 3667 894 3728 parte
942 3653 1198 3710 rationali
1251 3653 1451 3710 anima:
1492 3655 1762 3712 dissident
1807 3655 1939 3726 ipsa:

339 3753 650 3826 passiones,
677 3750 1045 3819 ira,inquam.
1070 3757 1122 3802 et
1141 3748 1593 3818 concupiscentia
1617 3765 1631 3815 ;
1660 3757 1825 3818 atque
1843 3749 1936 3804 illa

339 3847 568 3920 quidem
599 3844 794 3917 auriga
827 3843 1053 3909 dicitur,
1082 3841 1250 3915 407
1286 3843 1404 3896 haec
1430 3854 1563 3896 vero
1597 3840 1935 3911 subjugalia,

342 3953 562 4010 semper
614 3938 836 4010 quidem
887 3935 1314 4004 praevertentia,
1360 3949 1757 4004 nonnunquam
1800 3949 1933 3991 vero

334 4036 508 4091 etiam
569 4030 968 4103 obsequentia,
1014 4029 1237 4100 quando
1281 4027 1537 4083 videlicet
1583 4029 1723 4082 ratio
1780 4037 1933 4082 tenet

337 4127 732 4199 principatum.
759 4121 838 4179 Ex
884 4124 988 4178 hoc
1030 4122 1216 4192 itaque
1263 4120 1325 4175 iit
1366 4123 1764 4189 necessarium,
1810 4121 1929 4176 dari

335 4219 548 4292 aliquid
581 4221 726 4274 bono
766 4215 1146 4283 contrarium;
1181 4230 1360 4284 neque
1403 4215 1550 4270 enim
1593 4216 1793 4270 bonum
1824 4218 1928 4273 sibi

335 4313 439 4385 ipsi
467 4314 824 4375 adversatur;
849 4311 1034 4364 omnia
1054 4309 1398 4377 enim,bona,
1425 4311 1496 4365 ab
1527 4326 1634 4366 uno
1657 4313 1928 4384 principio

334 4419 555 4478 unaque
578 4417 745 4459 causa
767 4402 1034 4471 profecta,
1058 4401 1270 4457 unitate
1294 4402 1556 4472 gaudent,
1586 4413 1640 4458 et
1663 4404 1768 4461 sibi
1802 4423 1926 4462 mu-

335 4511 430 4555 tuo
461 4472 814 4568 nequaquam
856 4493 1244 4551 adversantur.
1283 4492 1361 4548 Ne
1398 4495 1520 4563 quis
1554 4497 1740 4566 itaque
1769 4498 1924 4554 dixe-
1957 4472 2002 4529 ι)

343 4593 437 4657 rit,
465 4589 643 4659 majus
669 4586 872 4644 bonum
904 4584 1103 4640 minori
1132 4587 1276 4642 bono
1319 4601 1663 4660 repugnare;
1695 4592 1923 4662 quanti-

333 4683 429 4736 tati
461 4681 609 4737 enim
644 4677 783 4735 nihil
824 4687 912 4733 est
937 4678 1309 4744 contrarium,
1353 4695 1534 4750 neque
1566 4685 1741 4754 magis
1785 4684 1923 4740 cali-

331 4778 461 4830 dum
517 4773 700 4830 minus
750 4769 935 4828 calido
986 4765 1390 4827 contrariatur.
1446 4773 1682 4846 Sequela
1736 4778 1923 4847 itaque

330 4867 465 4922 elisa
489 4863 859 4930 concluditur,
888 4861 1094 4916 malum
1123 4862 1417 4929 exsistere,
1438 4874 1496 4918 et
1513 4866 1710 4935 opponi
1744 4867 1916 4932 bono;

333 4971 510 5028 neque
531 4959 678 5012 enim
703 4957 848 5027 quod
884 4953 1090 5010 malum
1113 4955 1398 5026 corruptio
1418 4957 1490 5011 sit
1513 4973 1720 5023 rerum,
1741 4961 1920 5031 ipsum

337 5053 441 5107 huc
469 5048 670 5104 malum
699 5049 769 5104 ab
797 5047 1018 5104 essendi
1048 5057 1198 5103 statu
1222 5048 1498 5114 eliminat,
1521 5049 1653 5117 quin
1688 5051 1923 5120 ipsamct

331 5140 610 5212 corruptio
647 5138 986 5210 quandoque
1040 5140 1108 5194 ad
1159 5141 1576 5208 generationem
1628 5142 1782 5198 facit.
1829 5143 1923 5200 Sic

331 5251 494 5293 ovum
527 5233 748 5304 quidem
792 5232 1185 5302 corrumpitur,
1221 5235 1318 5290 sed
1367 5234 1420 5288 in
1455 5249 1612 5288 avem
1646 5235 1920 5291 transfor-

333 5337 548 5390 matur;
589 5334 644 5379 et
672 5321 916 5379 medulla
960 5324 1176 5378 cerebri
1220 5324 1377 5379 bovis
1424 5327 1479 5379 in
1515 5341 1670 5396 apes.
1703 5337 1758 5382 et
1792 5330 1917 5397 equi

331 5415 384 5470 in
418 5429 610 5485 vespas
633 5429 732 5483 per
761 5413 1174 5482 corruptionem
1207 5423 1630 5468 transmittatur.
1661 5414 1776 5469 Erit
1811 5417 1913 5470 ita-

2045 3203 2194 3271 ξειαν
2224 3202 2334 3274 γὰρ
2355 3201 2422 3255 δι’
2443 3200 2609 3264 ἄλλας
2635 3197 2789 3262 τινὰς
2807 3197 2988 3260 αἰτίας
3019 3196 3218 3259 αὐτοὺς
3241 3192 3574 3248 ἀντικεῖσθαι
3589 3191 3622 3256 ’)

2043 3295 2178 3350 ἀλλὰ
2206 3296 2301 3349 καὶ
2323 3293 2429 3363 πρὸ
2465 3292 2574 3346 τῶν
2605 3288 2946 3362 ἐξωτερικῶν
2988 3288 3195 3342 τούτων
3229 3288 3325 3340 καὶ
3371 3281 3620 3355 φαινομέ-

2042 3406 2148 3446 νων
2177 3391 2235 3443 ἐν
2266 3388 2403 3460 αὑτῇ
2426 3385 2606 3456 πολλῷ
2628 3385 2893 3456 πρότερον
2921 3385 2989 3454 τῇ
3015 3381 3162 3453 ψυχῇ
3191 3380 3478 3444 στασιάζει
3501 3375 3619 3445 πρὸς

2040 3482 2102 3535 τὸ
2131 3481 2348 3552 λογικὸν
2377 3481 2477 3551 τῆς
2513 3478 2692 3550 ψυχῆς
2723 3476 2793 3530 τὰ
2824 3475 2993 3547 πάθη,
3031 3479 3060 3529 ό
3089 3475 3259 3546 θυμὸς
3295 3473 3448 3541 λέγω
3476 3469 3564 3523 καὶ
3589 3466 3616 3533 ἡ

2041 3572 2326 3645 ἐπιθυμία,
2379 3572 2633 3634 κάκεῖνος
2684 3570 2782 3642 μὲν
2825 3568 3041 3639 ἡνίοχος
3076 3565 3318 3634 λέγεται,
3361 3563 3536 3616 ταῦτα
3571 3556 3618 3607 δὲ

2041 3667 2333 3736 ὑποζύγια,
2359 3665 2445 3718 ἀεὶ
2473 3662 2570 3735 μὲν
2593 3661 2995 3726 ἀντιϐαίνοντα,
3019 3659 3150 3714 ποτέ
3172 3658 3228 3712 δὲ
3253 3657 3349 3711 καὶ
3375 3654 3614 3708 ὑπείκονο

2039 3776 2132 3820 τα,
2164 3757 2252 3811 ὅτε
2283 3753 2483 3828 δηλαδὴ
2514 3756 2538 3807 6
2569 3752 2729 3828 λόγος
2761 3750 3192 3822 κατακρατήσει.
3232 3746 3475 3815 Ἀνάγκη
3503 3741 3615 3810 γοῦν

2036 3853 2104 3907 ἐκ
2132 3827 2544 3905 τούτουνδοῦναι
2587 3844 2665 3915 τῷ
2701 3827 2892 3913 ἀγαθῷ
2922 3842 3166 3896 ἐναντίον
3190 3857 3204 3870 ο
3250 3839 3374 3893 οὐδὲ
3417 3835 3525 3906 γὰρ
3563 3831 3614 3882 τὸ

2033 3943 2238 4014 ἀγαθὸν
2260 3940 2501 3995 ἐναντίον
2530 3937 2707 4008 ἐαυτῷ
2724 3953 2740 3967 ⁸
2770 3938 2950 3991 πάντα
2971 3935 3082 4005 γάρ
3102 3932 3172 3986 τὰ
3195 3929 3400 4000 ἀγαθὰ,
3423 3929 3501 3991 ὡς
3519 3923 3612 3979 ἀπὸ

2033 4038 2169 4109 μιᾶς
2191 4033 2366 4107 ἀρχῆς
2388 4033 2482 4086 καὶ¹
2505 4031 2627 4095 ἐνὸς
2649 4029 2822 4083 αίτίου
2849 4027 3066 4097 ἔκγονα,
3091 4027 3159 4096 τῇ
3185 4022 3401 4094 ἐνότητι
3426 4019 3608 4092 χαίρει,

2033 4128 2130 4180 καὶ
2161 4126 2264 4180 οὐκ
2296 4123 2596 4178 ἀντίκειται
2632 4121 2769 4193 πρὸς
2816 4118 3041 4188 ἄλληλα.
3085 4115 3177 4188 Μὴ
3206 4109 3302 4168 οὖν
3339 4113 3487 4165 εἴποι
3511 4125 3606 4170 τις,

2031 4221 2113 4274 ὅτι
2147 4215 2454 4290 μαχόμενόν
2475 4216 2592 4268 ἐστι
2618 4212 2681 4266 τὸ
2711 4211 2896 4284 μεῖζον
2921 4210 3126 4280 ἀγαθὸν
3155 4206 3294 4278 πρὸς
3314 4207 3378 4259 τὸ
3407 4205 3609 4258 ἔλαττον

2031 4307 2268 4378 ἀγαθόν’
2300 4305 2378 4376 τῷ
2416 4303 2528 4376 γὰρ
2556 4302 2710 4375 ποσῷ
2749 4302 2903 4356 οὐδέν
2938 4304 3089 4355 ἐστιν
3132 4298 3400 4362 ἐναντίον,
3437 4295 3526 4351 καὶ
3557 4292 3608 4344 τὸ

2035 4402 2234 4476 μᾶλλον
2259 4401 2463 4474 θερμὸν
2484 4397 2563 4470 τῷ
2584 4393 2748 4471 ἦττον
2767 4395 2958 4469 θερμῷ
2983 4395 3084 4449 οὐκ
3100 4393 3424 4448 ἀντίκειται.
3453 4388 3607 4444 Συνά-

2029 4513 2186 4565 γεται
2212 4494 2391 4548 τοίνυν
2411 4533 2423 4557 ,
2451 4490 2548 4545 τοῦ
2581 4488 2852 4561 ἑπομένου
2889 4487 3292 4557 ἀναιρεθέντος,
3319 4486 3404 4539 ὅτι
3424 4484 3534 4537 ἐστι
3554 4480 3605 4532 τὸ

2030 4589 2220 4655 κακὸν,
2270 4588 2365 4642 καλ⁵
2403 4585 2707 4640 ἀντίκειται
2742 4583 2822 4654 τῷ
2857 4581 3078 4652 ἀγαθῷ-
3123 4580 3248 4635 οὺδέ
3284 4579 3398 4651 γὰρ
3435 4581 3516 4633 ὅτι
3553 4575 3605 4628 τὸ

2030 4682 2199 4756 κακὸν
2227 4679 2403 4752 φθορά
2444 4680 2560 4732 ἐστι
2597 4677 2708 4729 τῶν
2733 4675 2925 4738 ὄντων,
2963 4673 3216 4728 ἐκϐάλλει
3253 4673 3348 4726 καὶ
3385 4671 3514 4726 αὐτὸ
3552 4665 3604 4718 τὸ

2029 4775 2200 4829 κακὸν
2223 4772 2319 4826 τοῦ
2359 4767 2499 4824 εἶναι
2523 4786 2536 4799 ο
2565 4767 2682 4822 ἀλλ’
2706 4769 2740 4839 ἠ
2773 4765 2951 4838 φθορά
2983 4767 3125 4838 αὑτὴ
3153 4764 3267 4818 ἔσθ’
3304 4765 3391 4819 ὅτε
3429 4767 3505 4826 εἰς
3527 4758 3602 4830 γέ-

2031 4883 2178 4920 νεσιν
2204 4865 2347 4934 ἄγει.
2371 4861 2498 4917 Οἷον
2516 4861 2576 4915 τὺ
2593 4860 2703 4914 ὠὸν
2725 4860 3009 4931 φθείρεται
3041 4859 3162 4930 μέν,
3184 4851 3598 4929 μεταστοιχειοῦ-

2026 4977 2116 5013 ται
2149 4958 2208 5012 δέ
2253 4960 2334 5021 είς
2381 4955 2615 5028 πτηνόν·
2669 4956 2766 5008 καὶ
2803 4955 2833 5007 6
2873 4952 2970 5006 τοῦ
3011 4951 3316 5021 ἐγκεφάλου
3355 4949 3451 5003 τοῦ
3494 4944 3597 5017 βοὸς

2030 5053 2226 5126 μυελὸς
2267 5055 2346 5117 εἰς
2393 5050 2673 5124 μελίσσας,
2722 5049 2818 5102 καὶ
2859 5051 2889 5103 6
2925 5047 3021 5100 τοῦ
3049 5047 3218 5100 ἵππου
3257 5047 3340 5109 εἰς
3382 5044 3592 5114 σφῆκας.

2026 5143 2372 5214 φθειρόμενοι
2403 5139 2846 5212 μεταϐάλλονται.
2875 5139 3069 5191 Ἔσται
3103 5135 3236 5206 γοῦν
3263 5136 3358 5189 καὶ
3384 5132 3509 5187 αὐτὸ
3534 5129 3594 5200 μὴ

2029 5237 2186 5308 μόνον
2211 5237 2293 5301 ὃν,
2327 5235 2463 5290 ἀλλά
2498 5235 2593 5289 καὶ
2615 5232 3021 5305 γενεσιουργὸν,
3056 5231 3152 5284 καὶ
3177 5232 3259 5294 είς
3285 5227 3594 5296 συμπλήρω-

2029 5347 2114 5382 σιν
2132 5328 2439 5392 συντελοῦν,
2460 5329 2555 5380 καὶ
2573 5327 2639 5380 δι’
2657 5325 2817 5378 ἐαυτὸ
2839 5324 3078 5396 παρέχον
3090 5321 3169 5393 τῷ
3190 5321 3592 5390 ἀποτελέσματις

2022 5421 2084 5473 τὸ
2117 5420 2190 5492 μὴ
2217 5421 2404 5484 ἀτελὲς
2434 5417 2592 5474 εἶναι.

328 5522 436 5578 que
466 5517 520 5561 et
558 5506 734 5576 ipsum
764 5519 871 5559 non
901 5504 1079 5559 solum
1110 5519 1230 5573 ens,
1257 5520 1448 5562 verum
1513 5507 1678 5561 etiam
1718 5523 1844 5562 cum
1901 5511 1967 5566 ad
2003 5513 2440 5583 generationem,
2463 5522 2576 5564 tmn
2622 5511 2687 5565 ad
2730 5507 3266 5565 consummationem
3322 5503 3586 5560 couduecl,

327 5612 382 5656 et
429 5616 524 5668 per
569 5615 627 5654 se
674 5600 940 5668 praebebit
984 5598 1201 5654 eil'ectui
1257 5613 1316 5656 ut
1359 5617 1469 5655 non
1524 5603 1596 5657 sit
1649 5603 2054 5674 imperfectum.

400 5692 428 5765 ᾗ
466 5690 582 5748 ΧΧ.
622 5692 916 5763 Postquam
943 5694 1102 5758 dixit,
1131 5710 1200 5749 ex
1245 5696 1558 5751 istiusmodi
1595 5696 1902 5751 rationibus

2087 5697 2114 5769 §
2157 5699 2269 5752 ΧΧ.
2302 5698 2488 5752 Εἰπὼν
2513 5699 2593 5752 ὅτι
2617 5699 2911 5767 συνάγεται
2939 5698 3003 5750 ἐκ
3021 5693 3132 5749 τῶν
3154 5694 3414 5748 τοιούτων
3438 5691 3588 5758 λόγων

327 5786 510 5857 colligi
540 5795 593 5840 et
621 5799 741 5842 esse
776 5787 998 5856 malum,
1028 5797 1082 5842 et
1107 5789 1171 5842 ad
1195 5790 1560 5858 quorumdam
1586 5791 1896 5860 generatio-

2087 5792 2101 5844 ί
2135 5787 2271 5846 εἶναι
2309 5792 2368 5845 τὸ
2395 5791 2585 5852 κακὸν,
2612 5793 2704 5846 καὶ
2733 5788 3120 5860 γενεσιονργὸν
3144 5783 3286 5854 εἶναί
3317 5801 3493 5849 τινων,
3508 5781 3581 5832 ἀ)-
