3742 6310
174 305 287 363 785

808 310 851 364 Ε
888 309 1144 366 DIV'IMS
1177 306 1583 371 NOMINIBUS,
1616 307 1771 365 CAP.
1811 307 1900 364 IV.
1935 337 2007 348 -—
2037 303 2895 399 PARAPHR..PACHYHERIE.

3364 306 3466 363 786

164 426 441 498 τιτίθησιν
467 427 657 500 ἕτερον
701 428 960 499 λογισμὸν
1000 427 1382 501 ἀληθέστερον,
1433 428 1526 482 καί
1579 446 1642 499 φτ

1981 440 1994 477 ι
2035 423 2238 488 ﬂicere,
2268 424 2432 478 aliam
2467 424 2699 494 opponit
2728 423 3000 477 rationem
3051 420 3347 489 veriorem,
3402 433 3459 479 et

163 520 258 572 ὅτι
287 520 348 573 τὸ
372 522 561 585 κακὸν,
649 521 843 586 κακὸν,
876 520 1135 593 οὐδεμίαν
1159 522 1374 591 γένεσιν
1390 524 1554 585 ποιεῖ,
1605 521 1768 593 μόνον

162 611 229 664 δὲ
258 613 489 684 φθείρει,
509 615 634 667 ὅσον
649 614 710 667 τὸ
727 614 813 667 ἐπ’
833 613 1002 685 αὐτῷ,
1019 612 1117 685 τὴν
1131 613 1238 666 τῶν
1255 612 1424 667 ὄντων
1444 613 1761 668 ὑπόστασιν.

162 706 237 757 ΕΞ
289 706 352 758 δὲ
393 706 541 775 λέγοι
562 724 646 770 τις
698 706 831 760 αὐτὸ
878 706 1282 777 γενεσιουργὸν,
1326 706 1525 777 διότιὴ
1574 706 1764 778 ἑτέρου

159 797 349 869 φθορᾶ
379 797 612 871 θατέρου
638 798 853 867 γένεσίς
878 800 1047 864 ἐστιν,
1074 800 1401 871 ἀποκριτέον
1419 841 1434 863 ,
1463 799 1540 865 ὡς
1580 800 1680 871 οὐχ
1726 794 1762 875 ᾖ

156 889 385 962 φθείρει
411 890 597 943 δίδωσι
618 890 717 962 τὴν
738 889 950 959 γένεσιν
968 907 982 921 ⁸
1010 891 1125 944 ἀλλ’
1151 893 1179 963 ἡ
1208 893 1305 963 μὲν
1330 891 1504 963 φθορὰ
1527 892 1760 966 φθείρει,

153 984 215 1035 εἰ
246 982 305 1035 δέ
328 999 391 1051 γε
422 983 519 1035 καὶ
542 982 754 1051 γίνεταί
774 1000 848 1049 τι,
878 985 943 1036 ἐκ
978 982 1074 1037 τοῦ
1122 982 1328 1051 ἀγαθοῦ
1370 985 1581 1053 γίνεται
1605 1025 1621 1049 ,
1666 984 1763 1039 καὶ

150 1076 319 1128 ἔσται
343 1076 404 1128 τὸ
439 1076 629 1130 κακόν.
660 1077 1099 1151 Σημείωσαιγάρ
1118 1078 1201 1131 ὅτι
1241 1076 1319 1130 ἔτι
1361 1077 1633 1149 γυμνάζει
1666 1080 1761 1133 τὸν

147 1168 342 1236 λόγον,
372 1168 465 1220 καὶ
491 1167 577 1221 διὰ
599 1166 755 1220 τοῦτο
776 1167 947 1237 λέγει,
978 1168 1093 1221 ἐστι
1119 1168 1213 1221 καὶ
1233 1168 1334 1221 οὐκ
1359 1166 1526 1221 ἔστιν.
1564 1169 1759 1222 Ἔσται

146 1262 343 1315 τοίνυν
367 1262 427 1314 τὸ
450 1262 618 1315 κακὸν
643 1260 817 1332 φθορὰ
847 1262 946 1333 μὲν
960 1260 1026 1314 δι’
1042 1262 1203 1316 ἑαυτό
1219 1279 1234 1292 ⁶
1259 1261 1349 1316 διὰ
1372 1262 1435 1315 τὸ
1459 1262 1664 1331 ἀγαθὸν
1675 1263 1753 1326 δὲ,

145 1354 564 1425 γενεσιουργόν.
602 1357 714 1409 Καὶ
735 1356 806 1409 δι’
832 1355 995 1410 ἑαυτὸ
1025 1356 1123 1427 μὲν
1145 1353 1270 1409 οῦτε
1307 1354 1389 1419 δν,
1413 1354 1538 1409 οὔτε
1585 1354 1756 1411 ὄντων

145 1445 447 1515 ποιητικόν
474 1448 591 1500 ἐστι
614 1464 627 1477 ο
665 1449 835 1502 κακὸν
857 1449 965 1520 γὰρ
986 1448 1068 1515 ὂν,
1095 1446 1213 1512 πῶς
1240 1447 1306 1501 ἀν
1330 1446 1556 1518 συσταίη
1586 1444 1717 1500 ποτὲ
1737 1485 1752 1509 ,

144 1538 251 1589 καὶ
286 1537 449 1591 πόθεν
472 1539 625 1610 σχοίη
647 1538 745 1611 τὴν
770 1539 1026 1612 ὓπαρξιν,
1052 1539 1311 1611 στέρησις
1336 1539 1396 1593 ὅν
1420 1555 1434 1604 ;
1486 1539 1585 1593 Διά
1610 1538 1668 1593 δὲ
1693 1543 1755 1592 rb

141 1635 382 1703 ἀγαθὸν,
415 1639 507 1690 καὶ
529 1638 588 1691 ὃν
616 1640 708 1692 καὶ
728 1640 949 1710 ἀγαθῶν
968 1641 1248 1713 ποιητικόν
1264 1642 1431 1693 ἐστιν’
1447 1639 1507 1694 ὃν
1526 1641 1644 1713 μὲν,
1670 1640 1752 1693 ὃτι

138 1726 347 1779 τούτου
374 1728 807 1802 ὑποχωροῦντος,
832 1733 1009 1784 ἐκεῖνο
1032 1731 1359 1804 ἐμφαίνεται
1382 1749 1396 1763 ·
1440 1730 1660 1802 ἀγαθῶν
1694 1730 1752 1784 δὲ

1867 518 1965 585 ait,
2003 520 2205 574 malum
2230 535 2338 589 qua
2363 517 2563 573 malum
2594 520 2662 573 ad
2696 518 2899 573 nullam
2934 517 3345 591 generationem
3371 515 3457 571 fa-

1868 627 2012 679 cere,
2038 612 2132 666 sed
2165 622 2377 665 tantum
2409 626 2789 682 corrumpere,
2833 621 3101 681 quantum
3132 626 3200 667 ex
3232 625 3293 667 se
3345 623 3455 679 est,

1868 704 2517 763 rerumsubsistentiam.
2570 703 2628 759 Si
2662 704 2786 774 quis
2841 715 3028 758 autem
3091 704 3318 771 dixerit,
3355 704 3457 761 hoc

1867 789 1984 859 ipso
2016 794 2364 861 generatioui
2402 793 2747 860 subservire,
2788 795 2934 863 quod
2983 794 3210 850 alterius
3258 812 3455 852 corru-

1866 882 1977 952 ptio
2003 884 2231 940 alterius
2254 887 2537 957 generatio
2558 888 2811 952 exsistat,
2850 886 3309 957 respondendum,
3342 905 3452 945 non

1865 974 1919 1030 in
1977 986 2245 1047 quantum
2302 981 2609 1053 corrumpit
2670 981 2806 1037 dare
2854 984 3307 1053 generationem;
3356 986 3452 1041 sed

1863 1067 2142 1136 corruptio
2161 1068 2748 1145 quidem,corrumpit,
2778 1071 2825 1128 si
2877 1073 3008 1143 quid
3046 1086 3232 1131 autem
3272 1076 3451 1147 gigni-

1865 1162 1973 1222 tur,
2000 1172 2070 1211 ex
2100 1158 2247 1215 bono
2278 1160 2548 1232 gignitur,
2575 1173 2627 1217 ει
2650 1162 2758 1220 erit
2780 1163 3006 1219 malum.
3041 1166 3281 1222 Observa
3303 1168 3449 1224 enim

1860 1249 2008 1317 quod
2038 1250 2221 1307 adhuc
2253 1254 2535 1309 examinet
2565 1255 2859 1325 rationem,
2916 1267 2972 1313 et
3000 1259 3211 1315 idcirco
3262 1260 3446 1317 dicat:

1859 1339 1957 1395 Est
1975 1350 2032 1396 et
2062 1354 2297 1400 nonest.
2323 1348 2504 1416 Atque
2532 1348 2671 1403 adeo
2700 1348 2900 1404 malum
2927 1366 2993 1406 ex
3018 1368 3078 1408 se
3099 1354 3318 1423 quidem
3342 1354 3451 1411 erit

1858 1434 2162 1503 corruptio,
2192 1435 2471 1491 subservit
2508 1448 2689 1494 autem
2722 1443 3060 1511 generationi
3094 1460 3193 1514 per
3221 1445 3275 1500 id
3301 1447 3448 1518 quod

1856 1524 2059 1580 bonum
2085 1537 2193 1582 est.
2226 1528 2293 1582 Et
2312 1545 2411 1599 per
2436 1545 2498 1585 se
2527 1533 2747 1602 quidem
2780 1550 2958 1606 neque
2996 1552 3084 1593 res
3139 1547 3247 1602 est,
3271 1552 3448 1608 neque

1857 1630 1950 1670 res
2008 1619 2293 1687 producit;
2348 1636 2472 1677 cum
2526 1627 2671 1678 enim
2735 1624 2809 1679 sit
2865 1627 3101 1692 malum,
3165 1630 3443 1699 quomodo

1855 1708 2125 1764 consistat
2147 1726 2407 1780 unquam,
2431 1723 2486 1769 et
2504 1715 2646 1769 unde
2667 1715 2870 1773 habeat
2892 1718 3298 1789 exsisteutiam,
3320 1737 3445 1778 cum

142 1822 460 1892 ποιητικὸν,
486 1823 567 1875 ὅτι
595 1825 654 1876 ἐν
687 1822 766 1894 τῷ
803 1824 1046 1897 φθείρειν
1071 1825 1229 1878 τοῦτο
1266 1825 1365 1898 τὴν
1403 1826 1620 1879 είδοπεπ

1966 1799 2359 1867 privatio?Per
2379 1803 2584 1860 bonum
2624 1820 2804 1862 autem
2853 1820 2907 1865 et
2954 1827 3045 1867 res
3078 1822 3186 1881 est,
3217 1823 3274 1869 et
3302 1813 3444 1870 bona

143 1913 325 1984 μένην
342 1914 548 1977 οὐσίαν,
564 1916 944 1985 ἀντεισάγεται
965 1912 1104 1983 εἶδος
1119 1918 1206 1971 ἒτε
1215 1936 1304 1990 ρον
1320 1920 1418 1991 τῆς
1440 1920 1573 1992 ὕλης
1592 1922 1751 1974 ἐνυπ-

136 2006 451 2076 αρχούσης,
496 2008 589 2059 καὶ
616 2007 704 2060 διὰ
744 2008 804 2061 τὸ
844 2009 1050 2078 ἀγαθὸν
1104 2010 1405 2082 δεχομένης
1458 2011 1559 2081 τὴν
1612 2010 1749 2064 είδο-

136 2097 372 2167 ποέησιν
392 2114 406 2128 ο
440 2098 639 2168 μᾶλλον
661 2099 717 2152 δὲ
742 2102 867 2155 ἐπεὶ
884 2101 1162 2167 ἀκώλυτός
1188 2105 1337 2157 ἐστιν
1359 2105 1421 2156 ἐν
1448 2106 1561 2168 τοῖς
1582 2104 1748 2171 θείοις

131 2189 351 2257 λογίοις
368 2192 399 2263 ἡ
417 2192 475 2258 ἐξ
497 2192 851 2264 ἐπιλογισμοῦ
873 2193 982 2247 τῶν
1002 2195 1407 2269 ἀκριϐεστέρων
1425 2197 1741 2268 παράδοσις.

132 2282 217 2334 Τὸ
248 2284 378 2346 πᾶν,
406 2282 573 2352 λέγει,
602 2284 695 2338 τοῦ
722 2285 928 2354 ἀγαθοῦ
964 2288 1101 2353 ἐστι,
1126 2289 1310 2353 καθὼς
1335 2290 1431 2343 καὶ
1460 2307 1744 2361 παρακατ-

135 2372 242 2427 ιὼν
304 2376 597 2444 ἀποδείξει.
628 2378 753 2442 Πῶς
784 2378 894 2452 γὰρ
924 2378 1077 2435 ἔσται
1126 2381 1187 2434 τὸ
1217 2383 1349 2436 αὐτὸ
1405 2384 1502 2436 καὶ
1540 2383 1743 2452 ἀγαθὸν

128 2464 216 2527 ὡς
241 2466 310 2519 ὲκ
331 2466 424 2519 τοῦ
454 2468 695 2541 φθείρειν
720 2470 1014 2543 προξενοῦν
1053 2472 1286 2542 γένεσιν,
1312 2474 1407 2528 καὶ
1450 2473 1620 2529 κακὸν
1664 2475 1742 2541 ὡς

129 2556 401 2628 φθεῖρον;
427 2561 548 2615 οὐδὲ
579 2562 690 2633 γὰρ
718 2561 812 2615 τοῦ
838 2563 1001 2617 αὐτοῦ
1028 2566 1121 2618 καὶ
1145 2567 1264 2632 ὲνὸς
1289 2567 1613 2640 πράγματος
1643 2568 1740 2623 uia

127 2651 287 2706 κατὰ
318 2652 377 2706 τὸ
401 2655 532 2707 αὐτὸ
558 2655 809 2729 δύναμις,
837 2659 932 2712 καὶ
963 2658 1141 2730 φθορά
1186 2661 1308 2713 ἐστι
1340 2661 1436 2714 καὶ
1486 2661 1697 2730 γένεσις
1720 2680 1734 2693 ·

123 2743 281 2815 ὅπερ
314 2746 623 2816 συμϐαίνει,
656 2749 815 2823 εἴπερ
840 2750 1135 2823 δεξαίμεθα
1160 2792 1175 2816 ,
1231 2753 1313 2805 ὅτι
1355 2751 1585 2824 δύναμίς
1619 2756 1737 2807 ἐστι

121 2835 192 2887 τὸ
220 2837 397 2890 κακὸν
437 2840 560 2894 καθ’
589 2842 792 2914 ἑαυτὴν
839 2843 914 2915 μὴ
955 2843 1287 2916 φθείρουσα,
1344 2845 1485 2899 κατά
1533 2847 1738 2917 συμϐε-

126 2932 310 3002 6ηκὸς
337 2934 394 2988 δὲ
416 2937 516 3009 τὴν
550 2938 767 3007 γένεσιν
814 2940 1151 3012 παρέχουσα.
1191 2940 1317 3006 Πῶς
1355 2940 1466 3014 γάρ
1500 2942 1599 3012 τῆς
1625 2942 1736 2995 τῶν

122 3026 397 3081 ἐναντίων
429 3030 699 3101 κινήσεως
729 3030 826 3102 μία
848 3032 943 3084 καὶ
973 3033 1006 3103 ἡ
1046 3032 1183 3104 αὐτὴ
1204 3032 1355 3086 ἔσται
1375 3032 1600 3105 δύναμις
1625 3050 1639 3100 ;
1669 3035 1733 3089 Et

120 3117 241 3187 γὰρ
268 3119 363 3172 καὶ
396 3122 424 3174 ὁ
458 3121 643 3193 ἰατρὸς
674 3122 892 3192 λέγεται
918 3122 1145 3195 δύναμιν
1177 3124 1321 3195 ἔχειν
1361 3125 1609 3195 ὑγιάσαι,
1635 3128 1730 3181 καὶ

118 3211 364 3282 δύναμιν
384 3211 528 3283 ἔχειν
558 3214 714 3269 νόσον
745 3219 1073 3289 παρασχεῖν,
1097 3216 1157 3269 τὸ
1191 3217 1289 3288 μὲν
1313 3218 1437 3271 καθ’
1467 3218 1600 3272 αὐτὸ
1619 3258 1634 3283 ,
1665 3219 1729 3273 τὸ

118 3301 181 3354 δε
208 3303 355 3356 διατά
386 3305 735 3379 συμϐεϐηκὸς
760 3311 828 3380 τῇ
860 3307 1098 3380 ἀπουσίᾳ
1135 3309 1229 3363 καί
1266 3308 1346 3381 τῷ
1387 3309 1462 3383 μὴ
1502 3312 1727 3366 ἐπισκέ-

117 3393 367 3461 ψασθαι·
404 3398 611 3451 καὶτὸν
643 3398 987 3473 κυϐερνήτην
1027 3401 1101 3472 μὴ
1142 3402 1302 3473 μόνον
1351 3403 1596 3475 παρόντα
1628 3405 1728 3477 τῆς

121 3486 407 3559 σωτηρίας
430 3488 526 3559 τῆς
557 3488 687 3554 νεὼς
709 3490 1033 3562 αἰτιώμεθα,
1061 3493 1199 3547 ἀλλὰ
1236 3494 1331 3547 καὶ
1378 3495 1587 3550 ἀπόντα
1625 3497 1727 3569 τῆς

117 3574 427 3641 ἀπωλείας.
458 3580 524 3633 Ὀ
546 3579 657 3653 γὰρ
698 3582 870 3655 παρὸν
904 3583 1206 3656 αἰτιώμεθα
1249 3584 1437 3651 τοῦδε,
1484 3587 1650 3658 φησὶν
1696 3589 1726 3641 ὁ

129 3667 538 3743 Ἀριστοτέλης,
560 3672 720 3726 τοῦτο
741 3675 835 3727 καὶ
857 3674 996 3728 ἀπὸν
1015 3674 1318 3748 αἰτιώμεθα
1337 3676 1430 3731 τοῦ
1452 3677 1719 3734 ἐναντίου.

128 3761 298 3816 Ἀλλά
323 3766 738 3836 προϋπόκειται,
760 3768 843 3821 ὅτι
864 3768 1091 3840 δύναμίς
1112 3770 1196 3835 τίς
1225 3773 1373 3825 ἐστιν
1402 3774 1462 3825 ὲν
1486 3770 1718 3837 τούτοις,

110 3857 177 3910 ὲν
206 3857 409 3928 ἐκείνῳ
437 3861 535 3930 μὲν
558 3859 653 3913 τοῦ
676 3861 923 3929 ὑγιάσαι,
955 3864 1016 3917 ὲν
1059 3863 1235 3936 τούτῳ
1272 3864 1330 3918 δὲ
1368 3863 1463 3917 τοῦ
1504 3865 1715 3931 σῶσαι,

112 3941 395 4020 ἧστινοςὴ
426 3949 665 4004 ἀπουσία
692 3952 954 4006 τάναντία
982 3955 1248 4028 παρέχει·
1297 3954 1392 4008 καὶ
1431 3955 1555 4009 καθ’
1586 3955 1718 4010 αὐτὸ

114 4039 218 4107 μὲν
246 4040 317 4092 τὰ
342 4039 466 4093 καθ’
497 4041 609 4108 ἕξιν
638 4042 899 4111 γίνονται,
926 4044 993 4098 τὰ
1021 4045 1078 4097 δὲ
1108 4044 1249 4100 κατά
1283 4046 1543 4118 στέρησιν
1573 4048 1715 4102 κατά

112 4132 500 4204 συμϐεϐηκός·
529 4137 709 4189 ἐκεῖσε
735 4137 792 4190 δὲ
818 4140 849 4209 ὴ
889 4136 987 4209 μὲν
1023 4137 1280 4209 στέρησις
1318 4137 1381 4191 τὸ
1429 4138 1554 4192 καθ’
1582 4141 1715 4194 αὐτὸ

109 4220 249 4293 ἔχει,
279 4224 312 4295 ἡ
340 4224 397 4277 δὲ
427 4226 541 4292 ἕξις
564 4228 626 4280 τὸ
650 4228 791 4282 κατὰ
821 4229 1189 4301 συμϐεϐηκός.
1230 4231 1327 4295 Τίς
1350 4228 1445 4285 οῦν
1468 4233 1502 4304 ἡ
1547 4231 1711 4288 δύνα-

112 4341 206 4393 μις
235 4324 399 4397 αῦτη,
431 4328 464 4398 ἡ
494 4328 636 4381 κατὰ
656 4329 913 4402 στέρησιν
947 4332 1313 4403 συνισταμένη
1336 4372 1351 4396 ,
1396 4334 1518 4405 ἥτις
1556 4334 1711 4389 ἐστὶν

108 4418 167 4469 ὲν
192 4417 276 4489 τῷ
300 4418 448 4490 αὐτῷ
481 4421 575 4474 καὶ
621 4422 795 4494 φθορὰ
853 4423 947 4477 καὶ
970 4424 1221 4493 γένεσις;
1270 4425 1405 4479 Οὐδὲ
1446 4426 1557 4499 γὰρ
1608 4428 1709 4500 τῆς

1852 1890 2128 1957 producit.
2190 1890 2325 1958 Res,
2366 1894 2638 1965 inquam,
2672 1899 2934 1967 quoniam
2984 1901 3090 1958 lioc
3149 1904 3444 1961 recedente

1855 1978 1987 2034 illud
2019 1992 2275 2053 apparet;
2294 1984 2438 2043 liona
2452 1999 2578 2041 vero
2592 1990 2863 2065 producit,
2898 1995 3025 2065 quia
3044 1994 3173 2050 dum
3194 1997 3296 2051 hoc
3311 2013 3441 2053 cor-

1850 2076 2058 2144 rumpit
2079 2076 2444 2133 substantiam
2475 2062 3299 2147 formatam,'suliintroducitnr
3332 2090 3439 2144 alia

1848 2164 2022 2222 forma
2070 2172 2319 2225 materiae
2360 2170 2763 2243 inexsistentis,
2796 2186 2849 2231 et
2879 2193 2975 2247 per
2998 2178 3198 2234 bonum
3234 2181 3441 2237 forma-

1850 2259 2051 2314 tionem
2104 2263 2495 2332 suscipientis;
2533 2268 2840 2336 praesertim
2882 2285 3006 2325 cum
3056 2272 3219 2327 obvia
3257 2274 3331 2330 sit
3380 2276 3444 2330 in
3512 2281 3523 2293 '

1847 2349 2046 2405 divinis
2073 2354 2317 2408 oraculis
2360 2370 2429 2411 ex
2458 2371 2640 2411 rerum
2679 2360 3083 2431 praecipitarunt
3135 2380 3439 2423 enumera-

1847 2447 1995 2499 tione
2017 2442 2187 2516 408
2221 2446 2465 2503 traditio.
2500 2447 2615 2505 Hoc
2664 2452 3003 2520 universum,
3059 2456 3263 2527 inquit,
3297 2460 3440 2515 boni.

1842 2546 1949 2603 est,
2004 2543 2152 2595 sicut
2189 2540 2247 2597 in
2303 2560 2598 2615 progressu
2652 2548 3085 2610 demonstrabit.
3148 2552 3447 2621 Quomodo

1842 2631 1987 2685 enim
2014 2633 2064 2687 id
2090 2634 2263 2704 ipsum
2284 2639 2390 2693 erit
2414 2649 2469 2693 et
2498 2642 2723 2706 bonum,
2771 2641 2826 2697 in
2882 2653 3149 2713 quantum
3178 2663 3437 2702 corrum-

1839 2728 2020 2794 pendo
2047 2741 2334 2797 promovet
2356 2734 2794 2802 generationem,
2820 2746 2876 2792 et
2907 2738 3135 2807 malum,
3165 2739 3220 2794 in
3249 2755 3434 2811 quan-

1843 2829 1955 2874 tum
1992 2825 2332 2896 corrumpit?
2370 2842 2550 2897 neque
2581 2831 2726 2884 enim
2754 2831 3001 2899 ejusdem
3039 2841 3095 2888 et
3145 2834 3311 2889 anius
3351 2834 3433 2890 rei

1838 2910 2013 2967 virtus
2040 2915 2203 2970 unica
2231 2920 2536 2977 secundum
2574 2921 2716 2976 idem
2743 2932 2797 2977 et
2820 2926 3102 2996 corruptio
3140 2936 3226 2981 est
3255 2935 3311 2983 et
3330 2940 3431 2994 ge-

1838 3005 2086 3072 neratio;
2113 3010 2255 3077 quod
2282 3011 2470 3081 utique
2497 3014 2788 3083 contingit,
2821 3016 2866 3071 si
2888 3017 3281 3085 concedamus,
3313 3033 3428 3071 ma-

1836 3092 1946 3149 lum
1977 3112 2097 3153 esse
2124 3100 2386 3156 virtutem
2421 3118 2543 3173 quae
2566 3106 2871 3162 secundum
2909 3123 2969 3163 se
3009 3125 3116 3165 non
3169 3106 3428 3167 corruim-

1832 3195 1947 3255 pat,
1978 3202 2075 3257 per
2111 3191 2373 3249 accidens
2422 3202 2607 3250 autem
2662 3199 3077 3265 generationem
3133 3202 3419 3257 exhibeat.

1834 3279 2118 3346 Quomodo
2146 3285 2293 3339 enim
2322 3296 2510 3343 motus
2536 3292 2946 3347 contrariorum
2982 3309 3087 3349 una
3119 3294 3426 3366 eademque

1830 3374 1913 3428 vis
1941 3375 2092 3429 erit?
2123 3392 2249 3432 nam
2279 3379 2326 3433 si
2350 3380 2520 3434 etiam
2560 3382 2811 3439 medicus
2839 3386 3051 3440 dicatur
3079 3386 3284 3444 habere
3311 3387 3427 3443 vim

1828 3468 2082 3534 sanandi,
2109 3478 2164 3523 et
2192 3469 2398 3526 habere
2425 3473 2535 3527 vim
2568 3474 2819 3531 morbum
2868 3478 3185 3534 conferendi
3213 3516 3232 3546 ,
3265 3478 3427 3548 jillud

1827 3557 2047 3627 quidem
2084 3575 2182 3629 per
2213 3576 2295 3629 se,
2340 3566 2446 3619 hoc
2473 3577 2654 3621 autem
2714 3582 2816 3638 per
2844 3569 3107 3626 accidens
3131 3611 3149 3640 ,
3192 3582 3423 3643 pr0pter

1827 3651 2137 3707 absentiam
2171 3656 2259 3710 vel
2286 3655 2786 3728 inadverteutiam;
2821 3671 2878 3715 et
2908 3663 3263 3735 gubernatori
3305 3681 3428 3724 non.

1823 3743 2000 3801 solum
2037 3751 2294 3816 prtesenti
2327 3752 2562 3807 salutem
2595 3754 2751 3811 navis
2802 3760 3138 3816 ascribimus
3162 3800 3180 3827 ,
3222 3774 3416 3817 verum

1823 3837 1992 3892 etiam
2035 3841 2250 3895 absenti
2306 3844 2693 3912 perditionem.
2753 3847 2911 3916 Quod
2965 3852 3111 3906 enim
3167 3868 3437 3923 praesens.

1823 3927 1985 3997 hujus
2004 3945 2225 3986 causam
2266 3933 2526 4002 dicimus,
2558 3938 2737 4009 inquit
2767 3942 3117 4013 Aristoteles,
3157 3947 3212 4003 id
3245 3948 3433 4009 etiam.

1820 4023 2023 4077 absens
2051 4027 2323 4081 contrarii
2353 4044 2579 4085 causam
2602 4037 2929 4091 asserimus.
2962 4037 3071 4095 Sed
3094 4029 3411 4115 praesuppo-

1820 4114 1969 4169 nitur
2000 4115 2055 4170 in
2088 4117 2175 4173 bis
2200 4118 2281 4174 vis
2307 4120 2493 4191 aliqua
2516 4160 2533 4189 ,
2568 4123 2623 4178 in
2650 4126 2742 4182 illo
2774 4127 2998 4198 quidem
3039 4135 3271 4189 curandi
3303 4114 3325 4201 ,ί
3350 4136 3405 4190 in

1819 4203 1923 4261 hoc
1952 4215 2136 4262 autem
2165 4212 2448 4278 servandi,
2474 4212 2636 4284 cujus
2674 4216 2929 4276 absentia
2954 4226 3237 4281 cantraria
3268 4242 3410 4296 pra:-

1816 4306 1957 4354 stet:
1993 4315 2059 4355 ac
2087 4316 2187 4371 per
2208 4317 2271 4357 se
2298 4306 2520 4373 quidem
2553 4308 2645 4364 illa
2701 4312 2840 4366 ﬁunt
2894 4319 3199 4374 secundum
3252 4321 3410 4377 liabi-

1818 4401 1956 4467 turn,
1976 4392 2091 4448 haec
2117 4409 2249 4451 vero
2274 4398 2577 4454 secundum
2603 4404 2969 4472 privationem
2998 4424 3099 4479 per.
3119 4413 3405 4469 accidens:

105 4510 319 4583 φθορᾶς
346 4513 378 4582 ἡ
402 4512 656 4585 στέρησις
677 4492 889 4583 γένεσίς
914 4492 1083 4579 ἐστιν,
1103 4517 1218 4571 ἀλλ’
1244 4519 1276 4590 ἡ
1306 4518 1408 4589 τῆς
1430 4492 1583 4590 γενέσ

1927 4504 2093 4549 intem
2122 4496 2360 4564 privatio
2412 4513 2472 4553 se
2526 4500 2729 4556 babet-
2745 4520 2844 4574 per
2873 4521 2965 4573 se,
3011 4508 3230 4567 habitus
3277 4526 3405 4569 vero

104 4602 318 4656 καὶτοῦ
356 4601 493 4658 εἶναι
529 4607 783 4679 στέρησις
808 4609 1015 4682 φθορά·
1048 4611 1225 4683 οὐδὲὴ
1259 4611 1359 4682 τῆς
1391 4614 1703 4686 στερήσεως

103 4692 346 4747 ἀπουσία
367 4691 537 4765 εἶδος,
565 4698 679 4750 ἀλλ’
705 4701 738 4770 ἡ
762 4700 856 4754 τοῦ
909 4702 1083 4767 εἴδους
1131 4704 1369 4757 ἀπουσία
1402 4704 1578 4777 φθορά
1608 4705 1703 4758 καὶ

104 4785 384 4856 στέρησις.
418 4788 517 4841 Διά
548 4790 739 4856 τοῦτο,
782 4794 904 4846 ἐπεὶ
936 4795 1030 4848 καὶ
1070 4794 1132 4849 τὸ
1177 4797 1351 4849 κακὸν
1388 4798 1702 4870 αὐτοφθορά

103 4874 240 4939 ἐστι,
266 4878 328 4931 τὸ
348 4880 403 4932 δὲ
428 4883 629 4951 ἀγαθὸν
651 4885 1013 4957 αὐτοδύναμις
1042 4888 1123 4953 είς
1176 4890 1391 4958 γένεσιν
1422 4930 1436 4954 ,
1481 4891 1602 4957 πῶς
1631 4892 1699 4946 ἂν

103 4964 183 5036 εἴη
217 4968 252 5037 ἠ
300 4968 613 5045 αὐτοφθορά
654 4976 1052 5048 αὐτοδύναμις,
1104 4979 1181 5044 ὡς
1225 4980 1486 5035 δύνασθαι
1527 4983 1698 5057 αὐτὴν

102 5058 279 5108 ποιεῖν
308 5075 360 5111 τι
387 5075 401 5125 ;
446 5060 583 5115 Ἀλλ’
608 5065 806 5119 εἰδέναι
832 5068 959 5139 χρὴ,
1001 5070 1082 5122 ὅτι
1110 5071 1233 5123 ἐπεὶ
1258 5070 1319 5123 rb
1369 5072 1693 5142 αὐτόκακον,

102 5144 497 5221 αὐτοάμετρον,
529 5155 623 5206 καὶ
646 5156 1039 5224 αὑτοανείδεον,
1069 5161 1163 5213 καὶ
1190 5161 1368 5233 ἑαυτῷ
1396 5164 1565 5217 κακὸν
1603 5166 1695 5218 οὐ·

104 5239 291 5305 σιῶδές
317 5243 487 5307 ἐστιν,
513 5247 573 5299 οὑ
615 5249 722 5320 μὴν
745 5251 917 5321 ἑτέρῳ
941 5253 1109 5305 κακόν
1133 5270 1147 5283 ο
1193 5253 1354 5308 τοῦτο
1398 5256 1509 5329 γὰρ
1552 5253 1694 5325 εἶδός

101 5330 244 5387 ἐστιν
275 5328 388 5386 οἷον
415 5338 509 5389 καὶ
554 5340 902 5412 συμϐεϐηκὸς
946 5343 1165 5409 κακίας.
1215 5346 1426 5419 Ὥσπερ
1474 5350 1693 5405 πάλινὸ

101 5420 224 5487 Θεὸς
241 5425 600 5499 αὐτόμετρον,
637 5433 733 5485 καὶ
767 5433 1187 5501 αὑτοειδοποιὸν,
1217 5440 1311 5491 καὶ
1352 5440 1691 5510 αὑτοάγαθον

101 5514 373 5581 οὐσιῶδες,
399 5520 458 5571 οὐ
500 5522 606 5593 μὴν
635 5523 696 5576 τὸ
730 5526 789 5577 ἐν
834 5527 1007 5599 ἑτέρῳ
1053 5529 1255 5597 ἀγαθόν
1278 5547 1293 5561 ·
1342 5536 1690 5606 συμϐεϐηκὸς

100 5604 199 5680 γὰρ
222 5610 402 5663 τοῦτο.
452 5614 624 5667 Τοῦτο
661 5616 840 5670 τοίνυν
859 5618 922 5671 τὸ
944 5620 1251 5676 αὑτόκακον
1288 5622 1410 5677 οῦτε
1440 5625 1521 5692 ὃν,
1561 5627 1689 5683 οὔτε

100 5703 376 5772 ποιητικόν
399 5706 567 5771 ἐστιν,
600 5709 702 5762 οὐκ
728 5712 786 5764 ἐν
810 5712 1044 5785 ὑπάρξει
1068 5717 1178 5768 τινὶ
1194 5718 1466 5786 φαίνεται,
1494 5721 1610 5775 ἀλλ’
1628 5726 1687 5777 ὲν

106 5796 531 5872 παρεισδύσειέν
559 5804 626 5870 τῇ
648 5801 741 5855 τοῦ
792 5805 1019 5883 ἀγαθοῦ-
1046 5814 1320 5884 στερήσει.
1374 5816 1482 5869 Καὶ
1529 5817 1693 5871 τοῦτό

1810 4600 1909 4655 per
1935 4588 2213 4644 accidens.
2244 4590 2509 4658 Quantam
2545 4593 2733 4664 itaque
2763 4600 2883 4657 haec
2917 4601 3135 4667 vissit,
3159 4619 3281 4674 qua:
3308 4620 3401 4659 se-

1806 4681 2045 4736 cundum
2081 4683 2447 4752 privationem
2481 4689 2773 4755 subsistat,
2832 4707 2953 4762 quas
2988 4692 3041 4747 in
3096 4699 3293 4749 eodem
3328 4698 3420 4753 sit.

1805 4781 1863 4827 et
1881 4776 2161 4846 corruptio
2187 4788 2244 4832 et
2271 4781 2603 4846 generatio?
2634 4782 2824 4853 Neque
2852 4786 3000 4840 enim
3023 4788 3400 4857 corruptionis

1803 4867 2041 4937 privatio
2063 4872 2348 4938 generatio
2373 4881 2479 4939 est,
2510 4873 2606 4928 sed
2625 4876 2995 4944 generationis
3024 4889 3082 4933 et
3115 4878 3392 4936 exsisten-

1804 4965 1892 5018 tia:
1916 4968 2153 5035 privatio
2171 4971 2457 5038 corruptio
2485 4980 2602 5035 est;
2641 4986 2816 5042 neque
2844 4975 3174 5044 privationis
3197 4977 3397 5033 absen-

1804 5059 1876 5114 tia
1910 5060 2086 5116 forma
2115 5072 2222 5126 est,
2248 5067 2344 5119 sed
2368 5067 2562 5121 formae
2591 5066 2845 5123 absentia
2890 5072 3177 5141 corruptio
3200 5082 3288 5128 est
3335 5083 3394 5129 et

1799 5153 2051 5222 privatio.
2100 5158 2445 5227 Quam-apter
2500 5175 2626 5215 cum
2694 5162 2863 5218 etiam
2922 5164 3126 5218 malum
3175 5180 3274 5235 per
3328 5181 3399 5222 se

1798 5250 2079 5318 corruptio
2100 5251 2193 5314 sit,
2220 5252 2421 5307 bonum
2451 5263 2635 5306 autem
2664 5269 2763 5325 per
2808 5270 2869 5310 se
2897 5256 3079 5310 valeat
3109 5258 3178 5310 ad
3217 5270 3383 5328 gene-

1797 5343 2092 5413 rationem,
2138 5347 2413 5416 quomodo
2434 5364 2532 5418 per
2563 5363 2622 5404 se
2648 5350 2930 5419 corruptio
2963 5352 3037 5405 sit
3058 5366 3157 5420 per
3183 5366 3245 5407 se
3268 5351 3390 5405 vir.

1798 5445 1905 5502 tus,
1939 5450 1999 5493 ut
2027 5441 2429 5511 possitaliquid
2464 5444 2689 5500 facere?
2717 5443 2825 5499 Sed
2873 5445 3181 5514 sciendum,
3232 5446 3397 5517 quod

1794 5547 1920 5587 cum
1944 5548 2040 5601 per
2063 5549 2123 5588 se
2146 5533 2370 5596 malum,
2399 5551 2499 5604 per
2527 5551 2587 5592 se
2643 5537 2994 5605 immensum,
3044 5552 3144 5611 per
3188 5553 3251 5596 se
3300 5542 3387 5595 in-

1795 5626 1992 5697 forme,
2014 5639 2067 5685 et
2092 5644 2152 5684 se
2180 5630 2297 5700 ipso
2318 5631 2687 5687 essentialiter
2715 5632 2918 5688 malum
2938 5633 3033 5701 sit,
3060 5650 3167 5690 non
3193 5645 3377 5692 autem

1792 5739 1893 5795 per
1919 5726 2153 5780 alterum
2188 5724 2426 5792 malum;
2458 5727 2564 5783 hoc
2587 5727 2734 5783 enim
2765 5727 2942 5783 forma
2991 5738 3098 5795 est,
3131 5739 3187 5785 et
3218 5730 3403 5799 quasi.

1796 5819 2052 5876 accidens
2091 5821 2335 5876 malitiae.
2380 5822 2533 5878 Sicut
2565 5820 2766 5879 iterum
2801 5822 2947 5880 Deus
2976 5839 3073 5893 per
3114 5837 3170 5879 se
3226 5838 3384 5879 mcu-
