3742 6318
383 265 486 353 πεῖ

1553 277 1611 353 ἐ.
1647 282 2451 357 ῡιοῐιγειιῖυιεορλοιτλε
2489 284 2494 291 ’

3540 308 3617 363 τ88

382 432 534 480 sura,
562 432 656 483 per
681 430 738 470 se
768 415 996 469 formam
1035 415 1302 479 tribuens.
1333 424 1384 470 et
1410 429 1507 484 per
1533 431 1593 470 se
1642 416 1843 471 bonum

2135 434 2213 469 τιν
2235 417 2263 470 ὃ
2290 416 2439 485 λέγει
2464 419 2493 471 ὁ
2520 418 2695 489 μ’ἐγας
2724 418 2972 487 θεολόγος
2995 419 3296 492 Γρηγόριος
3315 418 3399 489 τῇ
3418 421 3519 475 τοῦ
3538 439 3613 474 κα·

384 508 616 563 scutiale
646 518 752 575 est,
784 522 888 564 non
928 519 1113 564 autem
1134 510 1189 563 in
1211 510 1386 564 altero
1414 509 1650 574 bonum;
1680 510 1785 565 hoc
1815 510 1959 565 enim

381 600 656 655 accidens.
684 600 831 654 lstud
882 601 1069 671 itaque
1100 617 1199 672 per
1257 616 1319 656 se
1376 602 1579 658 malum
1627 618 1804 671 neque
1853 614 1955 666 est.

388 705 567 761 neque
596 690 782 747 eﬂicax
813 702 920 758 est,
952 707 1056 747 nec
1078 702 1308 763 apparet
1338 693 1388 747 in
1414 693 1594 763 aliqua
1619 693 1954 761 exsistentia,

378 784 473 838 sed
508 785 563 839 in
598 785 921 856 irreptione,
950 786 1003 841 in
1027 786 1155 841 boni
1204 788 1533 857 privatione.
1589 788 1658 843 Et
1710 789 1813 843 hoc
1850 800 1955 853 est,

375 879 518 947 quod
543 894 772 950 magnus
804 879 894 934 ille
927 881 1213 951 theologus
1261 880 1556 951 Gregorius
1594 881 1674 936 ait
1729 898 1853 938 esse
1899 883 1957 937 in

378 972 500 1025 boni
535 973 683 1042 fuga.
716 971 999 1038 Quomodo
1024 974 1189 1044 igitur
1207 973 1406 1027 malum
1439 974 1667 1044 irrepat,
1694 989 1815 1030 cum
1848 990 1956 1030 non

378 1063 472 1127 sit,
502 1061 677 1118 fusius
706 1064 950 1132 exponit,
978 1074 1035 1118 et
1059 1074 1232 1119 totum
1258 1065 1405 1119 bono
1436 1064 1953 1122 attribuit.‘Bonum

375 1153 542 1225 409
570 1154 753 1223 itaque
780 1155 1199 1225 quibuscunque
1222 1154 1443 1224 quidem
1497 1153 1743 1224 perfecte
1787 1154 1952 1221 inest,

376 1250 562 1303 eadem
593 1247 932 1319 impermista
971 1257 1027 1304 et
1075 1248 1289 1318 integra
1324 1249 1462 1301 bona
1517 1247 1726 1312 reddit;
1753 1246 1954 1316 quibus

371 1357 506 1396 vero
527 1342 705 1397 minus
728 1343 893 1408 inest,
920 1341 1179 1411 permista
1205 1349 1330 1393 sunt
1353 1338 1513 1393 malo.
1543 1336 1742 1391 Malum
1768 1347 1951 1392 tamen

373 1450 482 1489 non
520 1446 604 1487 est
629 1449 725 1503 per
749 1448 831 1498 se,
864 1433 961 1487 sed
990 1447 1087 1502 per
1109 1431 1238 1487 boni
1280 1430 1576 1497 defectum,
1607 1430 1953 1501 quandoqui-

370 1524 493 1578 dem
519 1524 611 1577 illa
645 1522 885 1594 perfecta
916 1524 1155 1590 bonitas,
1180 1540 1298 1592 qua:
1324 1538 1422 1592 per
1443 1523 1624 1576 omnia
1651 1538 1729 1592 se,
1749 1521 1949 1577 diffun-

370 1617 469 1681 dit,
505 1632 613 1670 uon
648 1618 821 1671 solum
858 1631 1030 1686 usque
1060 1616 1128 1670 ad
1160 1615 1413 1671 caelestes
1438 1631 1503 1670 ac
1527 1616 1743 1671 divinas
1773 1616 1948 1669 virtu-

368 1716 452 1763 tes
482 1710 761 1779 pertingit,
795 1710 888 1763 sed
916 1710 984 1763 ad
1021 1719 1303 1764 extremas
1343 1722 1514 1777 usque
1555 1709 1723 1763 etiam
1773 1718 1949 1764 terre-

2061 510 2177 563 λοῦ
2197 508 2381 579 φυγῇ.
2399 509 2524 573 Πῶς
2550 509 2727 563 τοίνυν
2746 511 2806 564 τὸ
2828 512 3016 575 κακὸν,
3044 513 3120 584 μὴ
3136 513 3217 578 ὃν,
3236 514 3615 584 παρεισδὺεται,

2059 603 2307 674 ἐκτίθησι
2332 603 2687 676 πλατύτερον,
2717 606 2811 659 καί
2835 606 2896 659 τὸ
2920 608 3032 659 πᾶν
3057 608 3307 677 ὲπινέμει
3335 607 3419 677 τῷ
3438 606 3615 675 ἀγαθῷ.

2060 698 2135 750 Τὸ
2157 696 2289 767 γοῦν
2311 698 2537 767 ἀγαθὸν,
2563 701 2620 752 ὲν
2646 696 2728 763 οἷς
2757 700 2856 771 μὲν
2876 700 3076 764 τελέως
3097 702 3396 773 ἐγγένηται
3417 742 3433 765 ,
3474 701 3616 770 ἀμιγῆ

2059 791 2204 842 ποιεῖ
2222 792 2316 843 καὶ
2340 790 2618 862 ὁλόκληρα
2630 792 2812 861 ἀγαθά
2829 809 2843 822 ·
2872 790 2955 857 οἷς
2980 794 3037 846 δὲ
3078 790 3244 866 ⁴ἧττον
3263 835 3277 859 ,
3336 797 3618 866 μεμιγμένα

2060 880 2196 951 πρὸς
2222 880 2284 933 τὸ
2304 881 2492 934 κακόν.
2524 882 2599 935 Οὐ
2633 881 2736 953 μὴν
2762 881 2820 935 δέ
2855 884 2972 935 ἐστι
3011 883 3072 936 τὸ
3121 884 3292 937 κακὸν
3340 885 3465 937 καθ’
3490 886 3614 947 αὐτὸ,

2057 969 2195 1023 ἀλλὰ
2220 969 2307 1024 διὰ
2331 969 2435 1042 τὴν
2480 970 2574 1024 τοῦ
2608 973 2831 1041 ἀγαθοῦ
2860 972 3096 1044 ἔλλειψιν
3119 992 3133 1005 ο
3180 976 3422 1047 ὲπείπερ
3547 976 3617 1027 διὰ

2057 1063 2277 1124 πάντων
2301 1064 2542 1133 φοιτῶσα
2565 1065 2836 1137 παντελὴς
2867 1066 3140 1136 άγαθότης
3167 1068 3228 1120 οὐ
3272 1068 3441 1139 μέχρι
3472 1068 3616 1137 μόνω

2055 1158 2225 1225 χωρεῖ
2246 1156 2357 1208 τῶν
2382 1156 2650 1227 οὐρανίων
2677 1157 2770 1209 καὶ
2794 1157 2954 1210 θείων
2981 1157 3263 1229 δυνάμεων
3283 1198 3299 1221 ,
3331 1157 3449 1210 ἀλλ’
3469 1159 3615 1209 ἐκτεί-

2055 1264 2204 1300 νεται
2232 1247 2360 1319 ἄχρι
2388 1249 2481 1301 καὶ
2531 1246 2641 1300 τῶν
2665 1249 2911 1319 ἐσχάτων
2956 1250 3051 1302 καὶ
3095 1249 3204 1303 τῶν
3258 1250 3502 1319 γηΐνων
3547 1250 3614 1301 διὰ

2051 1338 2210 1392 τοῦτο
2236 1339 2345 1409 γὰρ
2366 1340 2463 1392 καὶ
2489 1342 2521 1411 ἠ
2552 1339 2625 1410 γῆ
2648 1338 2743 1393 τοῦ
2766 1338 2901 1393 Θεοῦ
2926 1339 3145 1408 λέγεται
3170 1341 3486 1394 ὑποπόδιον.
3531 1341 3617 1392 Καὶ

2050 1434 2164 1495 τοῖς
2191 1431 2289 1502 μὲν
2310 1431 2485 1495 ἄλλως
2509 1431 2604 1485 καὶ
2633 1431 2808 1496 άλλως
2833 1433 2954 1485 κατ’
2981 1431 3235 1485 ὲπίτασίν
3271 1449 3338 1485 τε
3381 1433 3477 1486 καὶ
3510 1432 3617 1500 ὕψε-

2053 1536 2157 1584 σιν,
2184 1522 2298 1584 τοῖς
2320 1521 2377 1573 δὲ
2402 1521 2651 1591 ἐσχάτοις
2677 1520 2819 1575 κατὰ.
2856 1520 3081 1591 ἔσχατον
3105 1521 3386 1592 ἀπήχημα
3413 1522 3616 1592 πάρεστι

2049 1611 2304 1680 τάγαθόν.
2345 1613 2432 1676 Ὠς
2463 1612 2574 1684 γάρ
2597 1612 2829 1683 ἔφημεν,
2860 1614 3060 1667 ὑπόθου
3091 1613 3215 1669 τινὰ
3246 1614 3447 1685 βοῆσαι
3477 1614 3615 1685 μέγα,

2050 1702 2145 1755 xui.
2198 1702 2291 1755 τὸν
2344 1703 2440 1773 μὲν
2497 1704 2664 1774 ἐγγὺς
2712 1705 2998 1775 ἱστάμενον
3062 1708 3157 1760 καὶ
3221 1706 3537 1776 ὲρῤωμένον
3571 1704 3618 1756 τὸ

368 1815 578 1869 nasque
602 1802 981 1872 protenditur;
1017 1802 1279 1871 quoniam
1319 1801 1526 1857 idcirco
1570 1802 1735 1857 etiam
1795 1812 1846 1857 te

2140 1796 2387 1862 »υστικὸν,
2411 1796 2539 1868 ὅλην
2564 1796 2818 1861 δέξασθαι
2839 1798 2936 1869 τὴν
2965 1797 3091 1869 βοὴν
3108 1838 3125 1863 ,
3168 1799 3296 1863 τοὺς
3316 1799 3379 1852 δὲ
3409 1800 3618 1867 ἀφεστη-

370 1894 577 1948 dicitur
603 1896 899 1951 scabellum
931 1896 1023 1951 Dei
1042 1907 1089 1949 α.
1112 1897 1290 1964 Atque
1309 1894 1431 1949 aliis
1448 1895 1671 1964 quidem
1686 1896 1845 1951 aliter
1861 1906 1949 1951 at-

367 2001 473 2054 que
495 1986 655 2042 aliter
670 1988 1343 2045 secundumintentiouem
1363 1999 1413 2042 et
1433 1987 1834 2053 remissionem,
1851 2003 1947 2042 ex-

314 2102 315 2105 η
368 2078 557 2133 tremis
582 2092 713 2133 vero
736 2080 1033 2133 secundum
1064 2089 1366 2133 extremam
1395 2079 1549 2149 quasi
1576 2078 1942 2134 resonantiam

361 2172 519 2226 adest
548 2174 771 2226 bonum.
798 2171 952 2225 Sicut
970 2174 1114 2225 enim
1139 2171 1399 2238 diximus,
1428 2187 1671 2242 suppone
1705 2172 1943 2239 aliquem

362 2264 474 2318 alte
488 2264 806 2331 vociferari,
828 2279 892 2319 ac
919 2265 1156 2318 vicinum
1181 2265 1400 2335 quidem
1428 2266 1728 2334 audituque
1753 2265 1942 2319 valen-

363 2365 472 2411 tem
498 2365 669 2411 totam
694 2371 883 2411 vocem
913 2356 1188 2425 excipere,
1221 2365 1460 2411 remotos
1487 2366 1667 2411 autem
1695 2372 1795 2426 pro
1824 2366 1940 2411 rata

363 2450 639 2503 distantia:
668 2449 1371 2519 portione,remotissimum
1398 2463 1532 2503 vero
1553 2448 1940 2504 obscurissime

365 2553 627 2611 tanquam
699 2542 1065 2597 resonantiam
1122 2543 1413 2612 quamdam
1491 2541 1737 2596 ultimam
1789 2542 1940 2597 vocis

364 2635 767 2703 quodammodo
786 2636 1100 2704 percipere;
1132 2635 1234 2688 nisi
1255 2635 1399 2689 enim
1426 2635 1528 2689 hoc
1553 2636 1712 2689 modo
1734 2636 1937 2689 bonum

361 2726 801 2795 participaretur,
836 2726 1024 2793 utique
1055 2724 1396 2779 divinissima
1436 2726 1789 2791 exsisterent,
1810 2740 1933 2794 quae

364 2816 787 2871 novissimorum
812 2818 971 2871 modo
993 2817 1241 2871 ordinem
1265 2827 1469 2871 tenent.
1488 2817 1733 2883 Quonam
1754 2828 1933 2871 autem

357 2917 523 2977 pacto
561 2907 849 2979 oportebat
900 2907 1189 2977 aequaliter
1219 2886 1402 2962 omnia
1454 2907 1651 2961 bonum
1712 2909 1937 2977 partici-

356 3016 511 3070 pare,
545 3017 667 3056 cum
692 3000 948 3069 quaelibet
975 2999 1040 3054 ad
1078 2998 1345 3069 aequalem
1378 2999 1504 3055 boni
1562 3001 1935 3070 participatio-

357 3106 479 3145 nem
514 3107 621 3147 non
649 3092 758 3146 sint
809 3088 1266 3145 accommodata?
1294 3088 1449 3143 Nunc
1481 3099 1662 3142 autem
1708 3089 1822 3143 haec
1850 3096 1933 3143 est

2048 1889 2211 1953 κότας
2255 1888 2531 1957 ἀναλόγως
2566 1892 2633 1961 τῇ
2676 1890 2987 1958 διαστάσει,
3028 1891 3121 1946 τὸν
3160 1891 3217 1945 δὲ
3256 1892 3411 1946 πάνυ
3456 1889 3619 1962 πόρρω

2047 1982 2399 2053 άμυδρότατα
2423 1981 2498 2045 ὡς
2522 1981 2708 2053 ἀπηχή
2719 1999 2887 2052 ματος
2912 1982 3144 2036 ὑστάτου
3172 1981 3362 2045 ποσῶς
3388 1980 3616 2034 αἰσθάνε-

2047 2072 2204 2127 σθαι·
2238 2076 2285 2127 εί
2312 2073 2422 2144 γάρ
2451 2074 2525 2145 μὴ
2566 2073 2737 2137 οὕτως
2774 2076 2811 2145 ἡ
2847 2073 2941 2127 τοῦ
2994 2072 3199 2142 ἀγαθοῦ
3243 2072 3509 2143 μετουσία
3542 2060 3614 2140 ἦν.

2042 2161 2182 2237 ἦσαν
2214 2169 2279 2221 ἂν
2304 2166 2372 2220 τὰ
2399 2166 2651 2220 θειότατα
2677 2166 2773 2238 τὴν
2802 2167 2913 2220 τῶν
2937 2168 3181 2237 ἐσχάτων
3220 2166 3384 2232 τάξιν
3429 2164 3615 2236 ἔχοντα.

2043 2256 2169 2321 Πῶς
2190 2257 2247 2311 δὲ
2273 2257 2381 2311 ἔδει
2411 2258 2593 2313 πάντα
2639 2258 2836 2329 ἐπίσης
2874 2258 3126 2329 δέχεσθαι
3164 2258 3227 2310 τὸ
3272 2256 3517 2325 ἀγαθὸν,
3556 2254 3617 2323 μὴ

2041 2349 2170 2402 ὂντα
2197 2350 2393 2422 ἐπίσης
2416 2351 2551 2423 πρὸς
2576 2350 2735 2404 τοῦτο
2760 2351 3041 2422 ἐπιτήδεια
3062 2367 3077 2417 ;
3107 2349 3221 2404 Νῦν
3246 2349 3304 2403 δὲ
3330 2349 3495 2403 τοῦτό
3519 2350 3616 2399 ἐπι

2040 2443 2102 2496 τὸ
2128 2443 2462 2515 ὑπερϐάλλον
2491 2445 2592 2515 τῆς
2609 2444 2704 2497 τοῦ
2735 2444 2939 2513 ἀγαθοῦ
2965 2445 3270 2515 δυνάμεως,
3297 2444 3387 2496 ὅτι
3431 2443 3524 2495 καὶ
3560 2441 3616 2491 7'1

2040 2535 2379 2605 έστερημένα
2399 2538 2497 2589 οὐκ
2521 2537 2694 2591 ἄλλων
2720 2536 2841 2589 οὐδὲ
2868 2536 2986 2590 κατ’
3014 2536 3143 2590 ἄλλο
3177 2554 3253 2601 τι,
3302 2536 3449 2590 ἀλλὰ
3496 2531 3614 2586 κατὰ

2039 2628 2138 2701 τὴν
2162 2627 2327 2682 αὐτοῦ
2361 2629 2615 2700 στέρησιν
2636 2629 2923 2699 ὲνδυναμοῖ
2966 2629 3107 2682 κατὰ
3152 2629 3335 2692 τοῦτο,
3383 2628 3525 2682 κατὰ
3566 2628 3616 2679 τὸ

2036 2721 2173 2786 ὅλως
2199 2720 2362 2775 αὑτοῦ
2390 2722 2653 2793 μετέχειν.
2681 2723 2791 2775 Καὶ
2812 2721 2970 2776 τοῦτό
2994 2724 3110 2775 ἐστι
3156 2723 3235 2775 τό·
3265 2723 3343 2776 τὰ
3363 2722 3616 2776 ἀδύνατα

2037 2812 2199 2881 παρὰ
2222 2810 2551 2881 ἀνθρώποις
2570 2812 2800 2868 δυνατὰ
2816 2814 2979 2882 παρὰ
2995 2813 3077 2880 τῷ
3092 2814 3233 2879 Θεῷ.
3262 2814 3329 2867 Εἰ
3348 2814 3467 2887 χρὴ
3481 2814 3532 2865 δὲ
3552 2815 3617 2864 εί-

2037 2908 2159 2960 πεῖν
2194 2905 2693 2977 παρῤησιασμένον,
2720 2907 2802 2960 ὅτι
2827 2905 2920 2961 καὶ
2945 2906 3014 2960 τὰ
3050 2906 3333 2977 μαχόμενα
3372 2905 3539 2975 αὐτῷ,
3559 2908 3615 2973 τῇ

2035 2997 2201 3053 αὐτοῦ
2227 2998 2455 3069 δυνάμει
2482 2997 2577 3051 καὶ
2600 2998 2715 3051 ἔστι
2738 2999 2833 3051 καὶ
2875 3000 3138 3070 μάχονται
3158 3016 3171 3028 ·
3214 2998 3477 3069 ἀνέχεται
3522 2998 3615 3065 γὰρ

2036 3091 2130 3145 καὶ
2160 3091 2498 3162 ἁμαρτωλῶν
2521 3095 2550 3145 ό
2574 3091 2727 3157 Θεὸς,
2754 3090 2888 3146 ἀλλὰ
2927 3092 3021 3146 καὶ
3046 3090 3257 3145 πολλῶν
3304 3091 3615 3161 μαχομένων

354 3184 613 3251 potentiae
638 3184 765 3238 boni
799 3192 1063 3252 praestans
1089 3182 1411 3253 magnitudo
1438 3219 1453 3246 ,
1481 3180 1624 3249 quod
1654 3181 1821 3234 etiam

2134 3182 2341 3247 ῖθείοις
2374 3182 2539 3235 αὑτοῦ
2568 3182 2867 3253 θελήμασιο
2923 3183 3020 3235 καὶ
3046 3181 3204 3235 τοῦτό
3256 3184 3383 3235 ἐστι
3419 3182 3480 3234 τὸ

355 3277 602 3343 expertia
634 3292 739 3330 non
769 3277 913 3340 aliis,
951 3292 1130 3345 neque
1171 3276 1335 3330 aliter
1366 3290 1526 3342 quam
1555 3287 1654 3342 per
1677 3273 1757 3329 sui
1815 3273 1934 3342 pri-

358 3368 630 3421 vationem
664 3368 980 3422 corroboret
1023 3367 1091 3423 ad
1117 3368 1293 3435 ipsum
1342 3366 1565 3419 oumino
1598 3365 1937 3434 participan-

356 3460 507 3511 dum.
541 3459 606 3512 Et
627 3459 727 3513 hoc
758 3469 863 3523 est,
883 3459 1029 3527 quod
1060 3474 1180 3529 qua:
1205 3458 1562 3526 impossibilia
1597 3466 1724 3511 sunt
1755 3456 1934 3510 horni-

356 3549 538 3614 nibus,
592 3550 870 3621 possibilia
922 3552 1037 3605 sint
1090 3550 1223 3606 Deo.
1267 3550 1424 3616 Quod
1477 3550 1523 3603 si
1569 3549 1933 3605 conﬁdentius

355 3643 538 3696 dicere
564 3642 745 3709 liceat,
773 3643 861 3696 illa
894 3644 1058 3697 etiam
1091 3657 1216 3714 quae
1250 3643 1352 3711 ipsi
1382 3652 1703 3712 repugnant,
1730 3642 1932 3710 ipsius-

356 3742 467 3788 met
502 3736 551 3787 vi
576 3742 777 3790 etsunt
802 3747 857 3791 et
886 3746 1169 3806 pugnant;
1209 3736 1446 3790 sustinet
1488 3736 1634 3789 enim
1680 3745 1931 3804 peccato-

357 3839 446 3878 res
474 3824 635 3890 Deus,
687 3825 796 3880 imo
824 3828 1091 3896 plurimos
1139 3828 1338 3881 divinis
1396 3827 1510 3881 suis
1560 3824 1932 3880 voluntatibus

353 3927 755 3986 repugnantes;
785 3927 840 3974 et
868 3920 969 3973 hoc
999 3928 1083 3974 est
1109 3920 1254 3989 quod
1286 3919 1456 3987 ipsius
1491 3918 1716 3987 iudiciis
1744 3932 1929 3972 reser-

350 4020 538 4065 vatum
557 4020 661 4077 est,
679 4013 804 4065 dum
835 4012 1091 4078 dicimus,
1113 4013 1311 4082 quibus
1329 4014 1554 4083 judiciis
1586 4012 1737 4067 novit
1762 4011 1928 4077 Deus,

354 4100 456 4155 hoc
486 4101 567 4168 ﬁt,
602 4111 656 4156 et
685 4102 788 4157 hoc
816 4118 923 4156 non
968 4105 1047 4157 tit.
1079 4105 1356 4170 Quinimo,
1390 4116 1448 4158 ut
1492 4104 1807 4159 summatim
1843 4106 1929 4158 di-

355 4206 501 4255 cam,
531 4207 593 4246 ea
621 4207 740 4261 qua:
771 4202 897 4247 sunt
924 4193 1128 4258 omnia,
1161 4194 1211 4247 in
1238 4204 1503 4263 quantum
1534 4196 1676 4248 bona
1701 4203 1851 4253 sunt.
1876 4203 1932 4249 et

354 4293 502 4347 sunt,
536 4292 592 4335 et
631 4285 768 4337 bona
805 4299 874 4338 ex
920 4285 1065 4339 bono
1092 4291 1260 4349 sunt;
1319 4285 1371 4338 in
1428 4296 1694 4354 quantum
1744 4297 1929 4340 autem

354 4375 498 4427 bono
530 4375 738 4442 privata
783 4384 932 4443 sunt,
967 4391 1073 4429 non
1105 4378 1264 4430 modo
1296 4392 1401 4431 non
1444 4381 1584 4432 bona
1612 4389 1741 4432 sunt
1761 4418 1779 4445 ,
1835 4378 1932 4433 sed

358 4481 426 4517 ne
449 4467 720 4519 exsistunt
748 4467 990 4534 quidem.
1016 4466 1155 4520 llinc
1179 4467 1449 4536 intelliges
1471 4468 1637 4523 etiam
1666 4469 1797 4523 illud
1816 4470 1929 4524 Ab-

353 4558 455 4610 dita
504 4560 778 4626 propheta:
816 4557 1023 4612 dictum
1073 4557 1141 4612 de
1185 4561 1611 4628 peccatoribus:
1650 4560 1722 4614 Et
1768 4568 1926 4614 erant

352 4649 503 4715 quasi
541 4665 645 4701 non
676 4650 780 4703 sint
808 4649 858 4704 δ.
883 4648 1035 4715 Quod
1063 4649 1231 4703 etiam
1271 4651 1323 4702 in
1356 4651 1598 4718 profanis
1620 4652 1798 4708 locum
1828 4655 1929 4708 lia-

353 4740 464 4804 bet,
509 4749 567 4794 ut
598 4741 653 4795 in
684 4740 940 4807 Homero,
974 4757 1029 4797 ν.
1060 4757 1113 4812 g.
1139 4756 1264 4796 cum
1295 4744 1418 4810 quis
1460 4743 1705 4814 loquitur
1736 4749 1803 4801 de
1829 4746 1928 4801 bo-

353 4832 438 4884 nis
466 4847 698 4900 quorum
721 4834 849 4887 olim
876 4834 1152 4903 particeps
1206 4835 1457 4901 exstitit,
1509 4838 1705 4905 quibus
1765 4840 1928 4895 modo

354 4922 594 4991 privatus
652 4934 755 4991 est,
814 4927 859 4980 si
917 4929 1129 4997 quando
1177 4928 1401 4996 fuerint.
1449 4928 1605 4984 Unde
1653 4931 1928 4999 colligitur

350 5014 571 5069 omnino
619 5017 821 5069 malum
868 5032 989 5072 esse
1044 5019 1188 5087 quod
1237 5019 1460 5074 omnino
1512 5022 1786 5090 privatum
1835 5034 1924 5079 est

355 5108 521 5170 bono,
542 5115 600 5158 ut
629 5106 772 5173 quod
794 5121 892 5161 nec
914 5118 1054 5173 erat,
1110 5124 1210 5163 nec
1250 5120 1359 5175 est,
1408 5125 1508 5165 nec
1542 5125 1669 5166 esse
1721 5123 1921 5181 potest.

358 5197 638 5265 Suppone.
667 5198 867 5266 inquit,
890 5201 1089 5254 bonum
1121 5214 1244 5256 esse
1274 5202 1552 5271 habitum;
1594 5206 1762 5279 410
1798 5222 1926 5263 nam

355 5288 483 5341 licet
509 5288 650 5342 Deus
672 5290 744 5341 sit
772 5292 1371 5357 supersubstantialiter
1396 5306 1451 5349 et
1479 5310 1577 5364 per
1603 5313 1665 5352 se
1693 5299 1923 5365 bonum,

352 5389 406 5430 et
434 5379 729 5433 essentiale
764 5380 989 5446 bonum,
1022 5390 1198 5437 tamen
1241 5385 1295 5438 in
1345 5389 1704 5460 participibus
1754 5391 1921 5445 etiam

352 5471 552 5525 bonum
578 5481 663 5526 est
692 5474 991 5549 secundum
1016 5476 1303 5541 quemdam
1330 5478 1598 5536 habitum.
1638 5482 1797 5538 Ponit
1820 5484 1924 5538 ita-

353 5575 459 5632 que
485 5563 718 5632 aliquam
752 5564 970 5632 quidem
999 5580 1216 5621 manere
1244 5569 1297 5621 in
1336 5569 1544 5643 habitu,
1595 5576 1761 5631 etiam
1794 5577 1927 5631 deli-

461 5750 485 5777 ⁸
516 5739 618 5793 Isa.
658 5744 883 5808 LXVI,1.
962 5745 988 5783 b
1028 5748 1164 5800 Abd.
1198 5746 1279 5801 16.

2036 3275 2201 3329 αὐτοῦ
2226 3274 2726 3346 παραπεμπόμενον
2746 3275 2999 3346 κρίμασι,
3026 3274 3291 3343 λεγόντων
3319 3274 3483 3345 ἡμῶν
3500 3290 3512 3302 '
3532 3267 3613 3332 οἷς

2038 3365 2301 3436 κρίμασιν
2321 3360 2427 3418 οἶδε
2454 3366 2607 3430 Θεὸς,
2637 3366 2797 3419 τοῦτο
2822 3366 3051 3434 γίνεται,
3080 3368 3175 3421 καὶ
3199 3366 3361 3418 τοῦτο
3398 3365 3459 3418 οὺ
3486 3365 3614 3432 γίνε-

2034 3474 2144 3509 ται.
2171 3456 2386 3511 Μᾶλλον
2406 3458 2483 3521 δὲ,
2509 3459 2596 3512 ἵνα
2619 3457 2899 3511 συλλαϐὼν
2924 3458 3065 3513 εἴπω
3088 3499 3103 3523 ,
3134 3459 3203 3512 τὰ
3248 3459 3387 3511 ὅντα
3428 3459 3609 3515 πάντα,

2036 3548 2155 3602 καθ’
2184 3549 2307 3601 ὅσον
2334 3550 2512 3617 ἀγαθά
2534 3552 2673 3616 ἐστι,
2730 3554 2825 3605 καὶ¹
2857 3552 2995 3615 ἔστι,
3048 3552 3141 3604 καὶ
3189 3550 3377 3619 ἀγαθὰ
3427 3553 3491 3602 ἐκ
3530 3545 3611 3598 τοῦ

2035 3641 2239 3708 ἀγαθοῦ
2268 3644 2385 3694 ἐστι
2405 3658 2418 3671 ’
2451 3641 2569 3694 καθ’
2587 3644 2711 3696 ὅσον
2737 3643 2794 3696 δὲ
2819 3643 3138 3714 ἐστέρηνται
3165 3640 3260 3695 τοῦ
3294 3639 3529 3709 ἀγαθοῦ,
3548 3636 3611 3708 μὴ

2038 3734 2198 3805 μόνον
2226 3734 2326 3787 οὐκ
2346 3734 2545 3802 ἀγαθὰ,
2576 3735 2695 3787 ἀλλ’
2723 3735 2842 3788 οὐδὲ
2874 3735 3004 3788 ὄντα
3055 3735 3225 3788 ἐστίν.
3264 3734 3464 3787 Ἔνθεν
3501 3732 3609 3801 νοή-

2035 3842 2151 3890 σεις
2173 3826 2267 3878 καὶ
2288 3826 2349 3878 τὸ
2375 3827 2524 3899 παρὰ
2564 3827 2771 3880 ’Λὸδιοὺ
2799 3827 2876 3897 τῷ
2904 3831 3156 3898 προφήτῃ
3181 3825 3475 3896 εἰρημένον
3500 3823 3612 3892 περὶ

2032 3915 2139 3968 τῶν
2168 3915 2505 3988 ἁμαρτωλῶν
2528 3934 2541 3946 ’
2573 3918 2682 3969 Καὶ
2714 3919 2955 3970 ἔσονται
2986 3918 3065 3982 ὡς
3092 3915 3177 3985 μὴ
3211 3916 3404 3980 ὄντες.
3450 3916 3607 3965 Ὅπου

2032 4024 2098 4076 γε
2125 4010 2218 4060 καὶ
2242 4006 2389 4078 παρὰ
2423 4010 2535 4070 τοῖς
2570 4006 2765 4072 ἔξωθεν
2792 4007 2950 4060 τοῦτο
2969 4006 3205 4075 λέγεται,
3238 4004 3312 4069 ὡς
3363 4003 3516 4074 παρά
3544 3999 3609 4069 τῷ

2045 4100 2286 4170 Ὁμήρῳ,
2311 4102 2371 4152 ὲν
2403 4094 2483 4163 οἷς
2510 4099 2653 4167 λέγει
2681 4118 2764 4163 τις
2794 4100 2920 4170 περὶ
2939 4098 3046 4152 τῶν
3067 4092 3141 4151 ὧν
3160 4102 3217 4151 ἐν
3237 4096 3500 4168 μετουσία
3516 4096 3606 4145 πά-

2032 4193 2117 4247 λαι
2138 4192 2316 4248 καλῶν
2337 4194 2599 4261 ἐγεγόνει,
2624 4194 2719 4247 καὶ
2734 4193 2827 4245 νῦν
2851 4192 3054 4245 τούτων
3069 4191 3387 4263 ἐστέρηται,
3410 4191 3467 4244 εἴ
3482 4204 3609 4242 ποτε

2032 4286 2113 4355 ἦν
2131 4302 2217 4355 τε.
2253 4285 2530 4340 Ἐντεῦθεν
2549 4285 2919 4353 συλλογίζεται
2947 4284 3103 4337 ὅτιτὸ
3126 4282 3409 4346 παντελῶς
3430 4281 3605 4338 κακὸν,

2030 4378 2106 4443 ὼς
2158 4378 2520 4449 ἐστερημένον
2552 4376 2829 4440 παντελῶς
2854 4376 2948 4429 τοῦ
2975 4374 3203 4445 ἀγαθοῦ,
3228 4374 3352 4427 οὔτε
3374 4370 3464 4445 ἦν,
3496 4370 3606 4423 οὔτε

2032 4470 2201 4533 ἐστὶν,
2226 4468 2352 4521 οὔτε
2378 4464 2515 4521 εἶναι
2537 4467 2778 4521 δύναται.
2800 4467 2909 4519 Καί
2938 4468 3219 4537 φησιν,ὅτι
3256 4465 3490 4518 Ὑπόθου
3508 4461 3606 4524 ἕξιν

2030 4566 2091 4617 τὸ
2124 4563 2357 4631 ἀγαθόν·
2390 4562 2493 4615 κᾶν
2521 4562 2629 4633 γὰρ
2654 4562 2993 4632 ὑπερουσίως
3033 4561 3128 4614 καὶ
3159 4559 3474 4627 αὑτάγαθόν
3503 4560 3605 4609 ἐστι

2028 4658 2091 4711 τὸ
2115 4657 2290 4719 Θεῖον,
2315 4656 2409 4709 καὶ
2430 4655 2685 4718 οὐσιῶδες
2713 4656 2937 4723 ἀγαθὸν,
2956 4652 3091 4706 ἀλλὰ
3118 4652 3213 4705 καὶ
3239 4653 3332 4704 ἐπὶ
3349 4653 3467 4713 τοῖς
3487 4666 3603 4719 μετ-

2032 4750 2214 4820 έχουσι
2239 4749 2299 4801 τὸ
2325 4749 2528 4816 ἀγαθὸν
2556 4748 2696 4801 κατὰ
2722 4747 2835 4811 egw
2882 4746 3005 4799 τινά
3030 4748 3167 4798 ἐστι.
3204 4743 3402 4813 Τίθησι
3444 4741 3605 4794 τοίνυν

2030 4842 2152 4895 τινὰ
2190 4842 2286 4913 μὲν
2323 4841 2549 4911 μένοντα
2571 4841 2628 4892 ἐν
2651 4843 2716 4911 τῇ
2744 4839 2853 4904 ἕξει
2875 4879 2889 4903 ,
2940 4838 3033 4890 καὶ
3079 4836 3484 4905 ἀπολειπούσης
3520 4833 3603 4898 τῆς

2034 4934 2230 4999 ἕξεως,
2272 4934 2349 4999 ὡς
2396 4934 2496 5003 τῆς
2535 4932 2630 4985 τοῦ
2679 4933 2849 5001 πυρὸς
2896 4930 3249 5001 θερμότητος,
3290 4928 3358 4981 τά
3386 4929 3601 4997 θερμαν-

2032 5024 2190 5079 θέντα
2217 5024 2416 5096 θερμὰ,
2452 5026 2545 5077 καὶ
2566 5026 2665 5095 τῆς
2697 5022 3032 5094 ψυχρότητος
3054 5022 3151 5091 τῆς
3177 5021 3353 5091 χιόνος
3373 5059 3389 5083 ο
3426 5017 3493 5071 τὰ
3514 5015 3600 5086 εἶὐ·

2033 5117 2334 5189 χρανθέντα
2352 5118 2554 5188 ψυχρά.
2586 5114 2696 5169 Καὶ
2725 5116 2884 5169 πάλιν
2908 5114 3062 5176 ἄλλα,
3096 5114 3239 5184 ἆπερ
3272 5112 3374 5164 οὐκ
3401 5112 3461 5163 ὲν
3487 5107 3599 5179 μεθ-

2035 5209 2145 5274 έξει
2203 5208 2332 5261 ὂντα
2384 5209 2548 5261 τινῶν
2594 5208 2796 5274 ἕξεων,
2845 5208 2994 5276 ὅμως
3030 5204 3294 5267 σώζονται
3347 5203 3444 5255 καί
3488 5202 3594 5252 εἰσι.

2035 5300 2185 5352 Πόσα
2206 5298 2316 5370 γάρ
2336 5299 2538 5371 ἄμοιρα
2564 5298 2730 5369 ζωῆς,
2759 5299 2902 5352 πόσα
2930 5296 3021 5350 νοῦ
3048 5335 3064 5360 ,
3115 5294 3228 5349 ἀλλ’
3276 5297 3429 5366 ὅμως
3475 5289 3595 5350 εἰσὶν

2036 5391 2171 5444 λίθοι
2190 5393 2285 5445 καὶ
2310 5392 2471 5460 φυτὰ.
2495 5392 2671 5444 καὶτὰ
2695 5389 3048 5462 παραπλήσια
3069 5405 3083 5453 ;
3117 5386 3267 5439 Ἐλθὲ
3301 5385 3396 5438 καί
3418 5382 3501 5435 ἐπ’
3518 5379 3587 5432 αὑ-

2030 5484 2123 5536 τὸν
2155 5484 2245 5535 τὸν
2277 5483 2426 5535 Θεόν·
2447 5484 2634 5547 οὐσίας
2656 5483 2992 5556 ἐξῃρημένος
3011 5480 3147 5544 ἐστὶ,
3170 5480 3263 5531 καὶ
3282 5477 3429 5530 ἔστιν
3446 5476 3591 5542 ὑπερο

2036 5574 2241 5639 ούσιος.
2271 5576 2380 5629 Καὶ
2429 5575 2644 5641 ἁπλῶς,
2665 5576 2758 5629 ἐπὶ
2781 5576 2880 5646 μὲν
2907 5574 3015 5628 τῶν
3042 5572 3217 5628 ἄλλων
3236 5611 3251 5637 ,
3288 5570 3321 5642 ἢ
3348 5564 3591 5623 ἀπελθού-
