  <div class='ocr_page' id='page_1' title='image "/cluster/home/n/w/nwhite01/storage/ocr_20150623/3/hvd.32044014713192/402.png"; bbox 0 0 3752 6288; ppageno 0'>
   <div class='ocr_carea' id='block_1_1' title="bbox 155 251 256 307">
    <p class='ocr_par' dir='ltr' id='par_1_1' title="bbox 155 251 256 307">
     <span class='ocr_line' id='line_1_1' title="bbox 155 251 256 307; baseline 0.02 -2"><span class='ocrx_word' id='word_1_1' title='bbox 155 251 256 307; x_wconf 82' lang='lat'><strong>789</strong></span> 
     </span>
    </p>
   </div>
   <div class='ocr_carea' id='block_1_2' title="bbox 737 246 2845 318">
    <p class='ocr_par' dir='ltr' id='par_1_2' title="bbox 737 246 2845 318">
     <span class='ocr_line' id='line_1_2' title="bbox 737 246 2845 318; baseline -0.002 -11"><span class='ocrx_word' id='word_1_2' title='bbox 737 252 822 308; x_wconf 84' lang='lat' dir='ltr'><strong>DE</strong></span> <span class='ocrx_word' id='word_1_3' title='bbox 858 251 1114 309; x_wconf 76' lang='lat' dir='ltr'><strong>DIVINIS</strong></span> <span class='ocrx_word' id='word_1_4' title='bbox 1144 251 1549 318; x_wconf 78' lang='lat' dir='ltr'><strong>NOMINIBUS,</strong></span> <span class='ocrx_word' id='word_1_5' title='bbox 1585 251 1741 309; x_wconf 85' lang='lat' dir='ltr'><strong>CAP.</strong></span> <span class='ocrx_word' id='word_1_6' title='bbox 1778 248 1941 305; x_wconf 79' lang='lat' dir='ltr'><strong>lV.—-</strong></span> <span class='ocrx_word' id='word_1_7' title='bbox 1974 247 2324 307; x_wconf 71' lang='lat' dir='ltr'><strong>PARAPHR.</strong></span> <span class='ocrx_word' id='word_1_8' title='bbox 2362 246 2845 305; x_wconf 59' lang='lat' dir='ltr'><strong>PACIIYMERE.</strong></span> 
     </span>
    </p>
   </div>
   <div class='ocr_carea' id='block_1_3' title="bbox 3327 246 3427 316">
    <p class='ocr_par' dir='ltr' id='par_1_3' title="bbox 3327 246 3427 316">
     <span class='ocr_line' id='line_1_3' title="bbox 3327 246 3427 316; baseline -0.01 -13"><span class='ocrx_word' id='word_1_9' title='bbox 3327 246 3427 316; x_wconf 79' lang='lat'><strong>790</strong></span> 
     </span>
    </p>
   </div>
   <div class='ocr_carea' id='block_1_4' title="bbox 158 364 1640 445">
    <p class='ocr_par' dir='ltr' id='par_1_4' title="bbox 158 368 1640 445">
     <span class='ocr_line' id='line_1_4' title="bbox 158 368 1640 445; baseline -0.001 -21"><span class='ocrx_word' id='word_1_10' title='bbox 158 389 253 441; x_wconf 86' lang='grc' dir='ltr'><strong>σης</strong></span> <span class='ocrx_word' id='word_1_11' title='bbox 278 371 381 441; x_wconf 74' lang='grc' dir='ltr'>τῆς</span> <span class='ocrx_word' id='word_1_12' title='bbox 405 371 593 439; x_wconf 71' lang='grc' dir='ltr'>ἕξεως,</span> <span class='ocrx_word' id='word_1_13' title='bbox 618 374 655 445; x_wconf 75' lang='grc' dir='ltr'>ἢ</span> <span class='ocrx_word' id='word_1_14' title='bbox 689 375 824 444; x_wconf 79' lang='grc' dir='ltr'>μηδὲ</span> <span class='ocrx_word' id='word_1_15' title='bbox 848 374 1229 444; x_wconf 75' lang='grc' dir='ltr'><strong>ἐγγινομένης,</strong></span> <span class='ocrx_word' id='word_1_16' title='bbox 1260 368 1400 426; x_wconf 75' lang='grc' dir='ltr'>εἶναί</span> <span class='ocrx_word' id='word_1_17' title='bbox 1425 389 1478 424; x_wconf 87' lang='grc' dir='ltr'><strong>τι</strong></span> <span class='ocrx_word' id='word_1_18' title='bbox 1501 372 1596 425; x_wconf 70' lang='grc' dir='ltr'>καὶ.</span> <span class='ocrx_word' id='word_1_19' title='bbox 1621 371 1640 423; x_wconf 82' lang='lat' dir='ltr'><strong>t&#39;</strong></span> 
     </span>
    </p>
   </div>
   <div class='ocr_carea' id='block_1_5' title="bbox 1953 364 3435 445">
    <p class='ocr_par' dir='ltr' id='par_1_5' title="bbox 1953 364 3435 437">
     <span class='ocr_line' id='line_1_5' title="bbox 1953 364 3435 437; baseline -0.003 -17"><span class='ocrx_word' id='word_1_20' title='bbox 1953 376 2042 420; x_wconf 85' lang='lat' dir='ltr'><strong>n-le</strong></span> <span class='ocrx_word' id='word_1_21' title='bbox 2072 366 2286 431; x_wconf 83' lang='lat' dir='ltr'><strong>habitu,</strong></span> <span class='ocrx_word' id='word_1_22' title='bbox 2322 368 2463 420; x_wconf 87' lang='lat' dir='ltr'><strong>sicut</strong></span> <span class='ocrx_word' id='word_1_23' title='bbox 2492 366 2779 425; x_wconf 76' lang='lat' dir='ltr'><strong>deficiente</strong></span> <span class='ocrx_word' id='word_1_24' title='bbox 2805 364 2990 421; x_wconf 77' lang='lat' dir='ltr'><strong>calore</strong></span> <span class='ocrx_word' id='word_1_25' title='bbox 3014 364 3435 437; x_wconf 75' lang='lat' dir='ltr'><strong>ignis(mant-m)</strong></span> 
     </span>
    </p>
   </div>
   <div class='ocr_carea' id='block_1_6' title="bbox 154 465 1751 536">
    <p class='ocr_par' dir='ltr' id='par_1_6' title="bbox 154 465 1751 536">
     <span class='ocr_line' id='line_1_6' title="bbox 154 465 1751 536; baseline -0.001 -17"><span class='ocrx_word' id='word_1_26' title='bbox 154 466 388 525; x_wconf 73' lang='grc' dir='ltr'>στασθαι</span> <span class='ocrx_word' id='word_1_27' title='bbox 414 467 657 531; x_wconf 84' lang='grc' dir='ltr'>δύναται,</span> <span class='ocrx_word' id='word_1_28' title='bbox 687 469 747 521; x_wconf 78' lang='grc' dir='ltr'>τὸ</span> <span class='ocrx_word' id='word_1_29' title='bbox 772 469 829 523; x_wconf 80' lang='grc' dir='ltr'>δὲ</span> <span class='ocrx_word' id='word_1_30' title='bbox 855 468 1001 521; x_wconf 68' lang='grc' dir='ltr'>κατὰ.</span> <span class='ocrx_word' id='word_1_31' title='bbox 1030 469 1208 522; x_wconf 80' lang='grc' dir='ltr'>πάντα</span> <span class='ocrx_word' id='word_1_32' title='bbox 1228 465 1322 520; x_wconf 89' lang='grc' dir='ltr'><strong>τοῦ</strong></span> <span class='ocrx_word' id='word_1_33' title='bbox 1347 465 1555 536; x_wconf 90' lang='grc' dir='ltr'>ἀγαθοῦ</span> <span class='ocrx_word' id='word_1_34' title='bbox 1594 468 1751 518; x_wconf 80' lang='grc' dir='ltr'>ἐστε-</span> 
     </span>
    </p>
   </div>
   <div class='ocr_carea' id='block_1_7' title="bbox 161 556 1753 634">
    <p class='ocr_par' dir='ltr' id='par_1_7' title="bbox 161 556 1753 634">
     <span class='ocr_line' id='line_1_7' title="bbox 161 556 1753 634; baseline -0.005 -18"><span class='ocrx_word' id='word_1_35' title='bbox 161 560 427 634; x_wconf 80' lang='grc' dir='ltr'>ρημένον..</span> <span class='ocrx_word' id='word_1_36' title='bbox 454 561 533 627; x_wconf 84' lang='grc' dir='ltr'><strong>ὡς</strong></span> <span class='ocrx_word' id='word_1_37' title='bbox 556 558 697 616; x_wconf 79' lang='grc' dir='ltr'>εἶναι</span> <span class='ocrx_word' id='word_1_38' title='bbox 719 562 1047 626; x_wconf 75' lang='grc' dir='ltr'>αύτόκακον,</span> <span class='ocrx_word' id='word_1_39' title='bbox 1083 562 1185 614; x_wconf 83' lang='grc' dir='ltr'><strong>ούκ</strong></span> <span class='ocrx_word' id='word_1_40' title='bbox 1212 556 1351 613; x_wconf 73' lang='grc' dir='ltr'>εἶναι</span> <span class='ocrx_word' id='word_1_41' title='bbox 1374 557 1557 621; x_wconf 83' lang='grc' dir='ltr'>ποσῶς</span> <span class='ocrx_word' id='word_1_42' title='bbox 1594 556 1753 610; x_wconf 80' lang='grc' dir='ltr'>δύνα-</span> 
     </span>
    </p>
   </div>
   <div class='ocr_carea' id='block_1_8' title="bbox 158 647 1753 726">
    <p class='ocr_par' dir='ltr' id='par_1_8' title="bbox 158 647 1753 726">
     <span class='ocr_line' id='line_1_8' title="bbox 158 647 1753 726; baseline -0.004 -19"><span class='ocrx_word' id='word_1_43' title='bbox 158 671 266 708; x_wconf 82' lang='grc' dir='ltr'>ται.</span> <span class='ocrx_word' id='word_1_44' title='bbox 291 654 489 726; x_wconf 83' lang='grc' dir='ltr'>Τίθησι</span> <span class='ocrx_word' id='word_1_45' title='bbox 518 655 648 724; x_wconf 83' lang='grc' dir='ltr'>γοῦν</span> <span class='ocrx_word' id='word_1_46' title='bbox 676 656 1025 726; x_wconf 78' lang='grc' dir='ltr'>παράδειγμα</span> <span class='ocrx_word' id='word_1_47' title='bbox 1051 653 1142 706; x_wconf 79' lang='grc' dir='ltr'><strong>τὸν</strong></span> <span class='ocrx_word' id='word_1_48' title='bbox 1168 652 1485 714; x_wconf 80' lang='grc' dir='ltr'><strong>ἀκόλαστον,</strong></span> <span class='ocrx_word' id='word_1_49' title='bbox 1513 650 1575 713; x_wconf 75' lang='grc' dir='ltr'>ὃς</span> <span class='ocrx_word' id='word_1_50' title='bbox 1597 651 1655 702; x_wconf 81' lang='grc' dir='ltr'>ὲν</span> <span class='ocrx_word' id='word_1_51' title='bbox 1673 647 1753 719; x_wconf 84' lang='grc' dir='ltr'>τῷ</span> 
     </span>
    </p>
   </div>
   <div class='ocr_carea' id='block_1_9' title="bbox 157 731 1752 816">
    <p class='ocr_par' dir='ltr' id='par_1_9' title="bbox 157 731 1752 816">
     <span class='ocr_line' id='line_1_9' title="bbox 157 731 1752 816; baseline -0.006 -18"><span class='ocrx_word' id='word_1_52' title='bbox 157 743 328 799; x_wconf 82' lang='grc' dir='ltr'>κακοῦ</span> <span class='ocrx_word' id='word_1_53' title='bbox 356 745 609 816; x_wconf 80' lang='grc' dir='ltr'><strong>μετέχειν</strong></span> <span class='ocrx_word' id='word_1_54' title='bbox 630 743 751 797; x_wconf 83' lang='grc' dir='ltr'>οῦτε</span> <span class='ocrx_word' id='word_1_55' title='bbox 778 744 947 805; x_wconf 73' lang='grc' dir='ltr'>ἐστὶν,</span> <span class='ocrx_word' id='word_1_56' title='bbox 972 740 1094 796; x_wconf 58' lang='grc' dir='ltr'>οὔτε</span> <span class='ocrx_word' id='word_1_57' title='bbox 1124 742 1293 804; x_wconf 74' lang='grc' dir='ltr'>ὅντως</span> <span class='ocrx_word' id='word_1_58' title='bbox 1313 738 1591 809; x_wconf 76' lang='grc' dir='ltr'>ἐπιθυμεῖ,</span> <span class='ocrx_word' id='word_1_59' title='bbox 1621 731 1752 807; x_wconf 75' lang='grc' dir='ltr'>(οἷος</span> 
     </span>
    </p>
   </div>
   <div class='ocr_carea' id='block_1_10' title="bbox 157 830 1753 909">
    <p class='ocr_par' dir='ltr' id='par_1_10' title="bbox 157 830 1753 909">
     <span class='ocr_line' id='line_1_10' title="bbox 157 830 1753 909; baseline -0.004 -19"><span class='ocrx_word' id='word_1_60' title='bbox 157 836 528 909; x_wconf 67' lang='grc' dir='ltr'>γὰροέρως,</span> <span class='ocrx_word' id='word_1_61' title='bbox 569 836 795 892; x_wconf 78' lang='grc' dir='ltr'>τοιαῦτα</span> <span class='ocrx_word' id='word_1_62' title='bbox 835 835 931 894; x_wconf 64' lang='grc' dir='ltr'><strong>καὶ</strong></span> <span class='ocrx_word' id='word_1_63' title='bbox 976 834 1054 891; x_wconf 75' lang='grc' dir='ltr'><strong>τὰ·</strong></span> <span class='ocrx_word' id='word_1_64' title='bbox 1094 833 1335 906; x_wconf 75' lang='grc' dir='ltr'>ἐραστὰ)</span> <span class='ocrx_word' id='word_1_65' title='bbox 1363 831 1484 886; x_wconf 82' lang='grc' dir='ltr'>κατ’</span> <span class='ocrx_word' id='word_1_66' title='bbox 1519 830 1650 884; x_wconf 73' lang='grc' dir='ltr'>αὐτὸ</span> <span class='ocrx_word' id='word_1_67' title='bbox 1693 830 1753 883; x_wconf 79' lang='grc' dir='ltr'>δὲ</span> 
     </span>
    </p>
   </div>
   <div class='ocr_carea' id='block_1_11' title="bbox 156 921 1750 1000">
    <p class='ocr_par' dir='ltr' id='par_1_11' title="bbox 156 921 1750 1000">
     <span class='ocr_line' id='line_1_11' title="bbox 156 921 1750 1000; baseline -0.005 -17"><span class='ocrx_word' id='word_1_68' title='bbox 156 930 307 1000; x_wconf 73' lang='grc' dir='ltr'>ὅμως</span> <span class='ocrx_word' id='word_1_69' title='bbox 330 928 392 982; x_wconf 73' lang='grc' dir='ltr'>τὸ</span> <span class='ocrx_word' id='word_1_70' title='bbox 424 929 529 999; x_wconf 81' lang='grc' dir='ltr'>τῆς</span> <span class='ocrx_word' id='word_1_71' title='bbox 554 926 799 992; x_wconf 81' lang='grc' dir='ltr'>ὲνώσεως</span> <span class='ocrx_word' id='word_1_72' title='bbox 833 928 928 982; x_wconf 77' lang='grc' dir='ltr'>καὶ</span> <span class='ocrx_word' id='word_1_73' title='bbox 962 925 1144 996; x_wconf 78' lang='grc' dir='ltr'><strong>φιλίας</strong></span> <span class='ocrx_word' id='word_1_74' title='bbox 1167 925 1356 996; x_wconf 81' lang='grc' dir='ltr'>σχῆμα</span> <span class='ocrx_word' id='word_1_75' title='bbox 1403 923 1620 995; x_wconf 82' lang='grc' dir='ltr'>μετέχει</span> <span class='ocrx_word' id='word_1_76' title='bbox 1656 921 1750 977; x_wconf 88' lang='grc' dir='ltr'><strong>τοῦ</strong></span> 
     </span>
    </p>
   </div>
   <div class='ocr_carea' id='block_1_12' title="bbox 158 1015 1753 1093">
    <p class='ocr_par' dir='ltr' id='par_1_12' title="bbox 158 1015 1753 1093">
     <span class='ocr_line' id='line_1_12' title="bbox 158 1015 1753 1093; baseline -0.006 -15"><span class='ocrx_word' id='word_1_77' title='bbox 158 1021 385 1090; x_wconf 81' lang='grc' dir='ltr'>ἀγαθοῦ,</span> <span class='ocrx_word' id='word_1_78' title='bbox 422 1023 473 1074; x_wconf 86' lang='grc' dir='ltr'><strong>εί</strong></span> <span class='ocrx_word' id='word_1_79' title='bbox 508 1022 603 1075; x_wconf 81' lang='grc' dir='ltr'><strong>καὶ</strong></span> <span class='ocrx_word' id='word_1_80' title='bbox 636 1020 709 1093; x_wconf 85' lang='grc' dir='ltr'>μὴ</span> <span class='ocrx_word' id='word_1_81' title='bbox 733 1020 907 1084; x_wconf 76' lang='grc' dir='ltr'>ὄντος,</span> <span class='ocrx_word' id='word_1_82' title='bbox 944 1019 1080 1073; x_wconf 82' lang='grc' dir='ltr'><strong>ἀλλά</strong></span> <span class='ocrx_word' id='word_1_83' title='bbox 1105 1018 1199 1071; x_wconf 89' lang='grc' dir='ltr'><strong>τοῦ</strong></span> <span class='ocrx_word' id='word_1_84' title='bbox 1224 1017 1509 1081; x_wconf 74' lang='grc' dir='ltr'>δοκοῦντος</span> <span class='ocrx_word' id='word_1_85' title='bbox 1532 1034 1544 1046; x_wconf 89' lang='grc'>·</span> <span class='ocrx_word' id='word_1_86' title='bbox 1592 1015 1753 1069; x_wconf 85' lang='grc' dir='ltr'>τοῦτο</span> 
     </span>
    </p>
   </div>
   <div class='ocr_carea' id='block_1_13' title="bbox 158 1106 1752 1185">
    <p class='ocr_par' dir='ltr' id='par_1_13' title="bbox 158 1106 1752 1185">
     <span class='ocr_line' id='line_1_13' title="bbox 158 1106 1752 1185; baseline -0.005 -17"><span class='ocrx_word' id='word_1_87' title='bbox 158 1114 266 1185; x_wconf 88' lang='grc' dir='ltr'><strong>γάρ</strong></span> <span class='ocrx_word' id='word_1_88' title='bbox 291 1116 407 1167; x_wconf 87' lang='grc' dir='ltr'>ὲστι</span> <span class='ocrx_word' id='word_1_89' title='bbox 444 1113 507 1166; x_wconf 87' lang='grc' dir='ltr'><strong>τὸ</strong></span> <span class='ocrx_word' id='word_1_90' title='bbox 533 1113 773 1184; x_wconf 84' lang='grc' dir='ltr'>ἀμυδρὸν</span> <span class='ocrx_word' id='word_1_91' title='bbox 807 1113 906 1184; x_wconf 86' lang='grc' dir='ltr'><strong>τῆς</strong></span> <span class='ocrx_word' id='word_1_92' title='bbox 927 1112 1095 1165; x_wconf 71' lang='grc' dir='ltr'>ὄντων</span> <span class='ocrx_word' id='word_1_93' title='bbox 1122 1110 1304 1180; x_wconf 78' lang='grc' dir='ltr'><strong>φιλίας</strong></span> <span class='ocrx_word' id='word_1_94' title='bbox 1328 1110 1616 1181; x_wconf 83' lang='grc' dir='ltr'>ἀπήχημα.</span> <span class='ocrx_word' id='word_1_95' title='bbox 1640 1106 1752 1161; x_wconf 79' lang='grc' dir='ltr'><strong>Καὶ</strong></span> 
     </span>
    </p>
   </div>
   <div class='ocr_carea' id='block_1_14' title="bbox 158 1199 1751 1277">
    <p class='ocr_par' dir='ltr' id='par_1_14' title="bbox 158 1199 1751 1277">
     <span class='ocr_line' id='line_1_14' title="bbox 158 1199 1751 1277; baseline -0.004 -18"><span class='ocrx_word' id='word_1_96' title='bbox 158 1205 281 1277; x_wconf 84' lang='grc' dir='ltr'>ό.τῷ</span> <span class='ocrx_word' id='word_1_97' title='bbox 311 1204 470 1275; x_wconf 83' lang='grc' dir='ltr'>θυμῷ</span> <span class='ocrx_word' id='word_1_98' title='bbox 498 1203 888 1276; x_wconf 76' lang='grc' dir='ltr'><strong>ἀποχρώμενος</strong></span> <span class='ocrx_word' id='word_1_99' title='bbox 928 1204 1173 1276; x_wconf 81' lang='grc' dir='ltr'><strong>μετέχειν</strong></span> <span class='ocrx_word' id='word_1_100' title='bbox 1219 1202 1437 1270; x_wconf 83' lang='grc' dir='ltr'>λέγεται</span> <span class='ocrx_word' id='word_1_101' title='bbox 1475 1199 1570 1254; x_wconf 91' lang='grc' dir='ltr'><strong>τοῦ</strong></span> <span class='ocrx_word' id='word_1_102' title='bbox 1610 1201 1751 1270; x_wconf 89' lang='grc' dir='ltr'>ἀγα-</span> 
     </span>
    </p>
   </div>
   <div class='ocr_carea' id='block_1_15' title="bbox 159 1294 1751 1369">
    <p class='ocr_par' dir='ltr' id='par_1_15' title="bbox 159 1294 1751 1369">
     <span class='ocr_line' id='line_1_15' title="bbox 159 1294 1751 1369; baseline -0.004 -18"><span class='ocrx_word' id='word_1_103' title='bbox 159 1297 251 1351; x_wconf 88' lang='grc' dir='ltr'><strong>θοῦ</strong></span> <span class='ocrx_word' id='word_1_104' title='bbox 268 1299 324 1351; x_wconf 83' lang='grc' dir='ltr'><strong>ὲν</strong></span> <span class='ocrx_word' id='word_1_105' title='bbox 340 1294 417 1367; x_wconf 80' lang='grc' dir='ltr'>τῷ</span> <span class='ocrx_word' id='word_1_106' title='bbox 434 1297 574 1368; x_wconf 87' lang='grc' dir='ltr'>πρὸς</span> <span class='ocrx_word' id='word_1_107' title='bbox 597 1297 882 1369; x_wconf 85' lang='grc' dir='ltr'>διόρθωσιν</span> <span class='ocrx_word' id='word_1_108' title='bbox 916 1296 1180 1350; x_wconf 87' lang='grc' dir='ltr'>κινεῖσθαι</span> <span class='ocrx_word' id='word_1_109' title='bbox 1202 1295 1312 1348; x_wconf 87' lang='grc' dir='ltr'><strong>τῶν</strong></span> <span class='ocrx_word' id='word_1_110' title='bbox 1335 1294 1635 1348; x_wconf 81' lang='grc' dir='ltr'>δοκούντων</span> <span class='ocrx_word' id='word_1_111' title='bbox 1653 1310 1751 1346; x_wconf 85' lang='grc' dir='ltr'>κα-</span> 
     </span>
    </p>
   </div>
   <div class='ocr_carea' id='block_1_16' title="bbox 159 1384 1749 1461">
    <p class='ocr_par' dir='ltr' id='par_1_16' title="bbox 159 1384 1749 1461">
     <span class='ocr_line' id='line_1_16' title="bbox 159 1384 1749 1461; baseline -0.007 -15"><span class='ocrx_word' id='word_1_112' title='bbox 159 1391 288 1446; x_wconf 85' lang='grc' dir='ltr'>κῶν.</span> <span class='ocrx_word' id='word_1_113' title='bbox 312 1389 471 1444; x_wconf 76' lang='grc' dir='ltr'>Οὕτω</span> <span class='ocrx_word' id='word_1_114' title='bbox 504 1390 601 1447; x_wconf 76' lang='grc' dir='ltr'><strong>καὶ</strong></span> <span class='ocrx_word' id='word_1_115' title='bbox 632 1392 660 1446; x_wconf 85' lang='grc' dir='ltr'><strong>ό</strong></span> <span class='ocrx_word' id='word_1_116' title='bbox 695 1391 799 1461; x_wconf 72' lang='grc' dir='ltr'>τῆς,</span> <span class='ocrx_word' id='word_1_117' title='bbox 828 1389 1095 1458; x_wconf 79' lang='grc' dir='ltr'>κακίστης</span> <span class='ocrx_word' id='word_1_118' title='bbox 1132 1386 1281 1457; x_wconf 74' lang='grc' dir='ltr'>ζωῆς</span> <span class='ocrx_word' id='word_1_119' title='bbox 1319 1384 1605 1455; x_wconf 73' lang='grc' dir='ltr'>ἐφιέμενος</span> <span class='ocrx_word' id='word_1_120' title='bbox 1652 1401 1749 1454; x_wconf 88' lang='grc' dir='ltr'>με-</span> 
     </span>
    </p>
   </div>
   <div class='ocr_carea' id='block_1_17' title="bbox 159 1474 1750 1554">
    <p class='ocr_par' dir='ltr' id='par_1_17' title="bbox 159 1474 1750 1554">
     <span class='ocr_line' id='line_1_17' title="bbox 159 1474 1750 1554; baseline -0.004 -19"><span class='ocrx_word' id='word_1_121' title='bbox 159 1482 421 1554; x_wconf 68' lang='grc' dir='ltr'>τέχιιτοῦ</span> <span class='ocrx_word' id='word_1_122' title='bbox 451 1481 660 1551; x_wconf 87' lang='grc' dir='ltr'>ἀγαθοῦ</span> <span class='ocrx_word' id='word_1_123' title='bbox 696 1482 757 1534; x_wconf 80' lang='grc' dir='ltr'><strong>ἐν</strong></span> <span class='ocrx_word' id='word_1_124' title='bbox 788 1480 865 1551; x_wconf 84' lang='grc' dir='ltr'>τῷ</span> <span class='ocrx_word' id='word_1_125' title='bbox 898 1481 997 1551; x_wconf 80' lang='grc' dir='ltr'>τῆς</span> <span class='ocrx_word' id='word_1_126' title='bbox 1029 1478 1295 1549; x_wconf 80' lang='grc' dir='ltr'>δοκούσης</span> <span class='ocrx_word' id='word_1_127' title='bbox 1332 1475 1481 1546; x_wconf 80' lang='grc' dir='ltr'>αὐτῷ</span> <span class='ocrx_word' id='word_1_128' title='bbox 1520 1474 1750 1547; x_wconf 88' lang='grc' dir='ltr'>ἀρίστης</span> 
     </span>
    </p>
   </div>
   <div class='ocr_carea' id='block_1_18' title="bbox 159 1560 1750 1644">
    <p class='ocr_par' dir='ltr' id='par_1_18' title="bbox 159 1560 1750 1644">
     <span class='ocr_line' id='line_1_18' title="bbox 159 1560 1750 1644; baseline -0.007 -17"><span class='ocrx_word' id='word_1_129' title='bbox 159 1560 303 1644; x_wconf 77' lang='grc' dir='ltr'>ζωῆς</span> <span class='ocrx_word' id='word_1_130' title='bbox 336 1574 613 1644; x_wconf 76' lang='grc' dir='ltr'>ἐφίεσθαι.</span> <span class='ocrx_word' id='word_1_131' title='bbox 651 1573 761 1627; x_wconf 69' lang='grc' dir='ltr'>Καὶ</span> <span class='ocrx_word' id='word_1_132' title='bbox 786 1572 815 1624; x_wconf 88' lang='grc' dir='ltr'><strong>ό</strong></span> <span class='ocrx_word' id='word_1_133' title='bbox 844 1572 907 1625; x_wconf 84' lang='grc' dir='ltr'><strong>τὸ</strong></span> <span class='ocrx_word' id='word_1_134' title='bbox 929 1570 1097 1624; x_wconf 82' lang='grc' dir='ltr'>κακὸν</span> <span class='ocrx_word' id='word_1_135' title='bbox 1134 1570 1190 1623; x_wconf 79' lang='grc' dir='ltr'>δὲ</span> <span class='ocrx_word' id='word_1_136' title='bbox 1228 1566 1430 1641; x_wconf 84' lang='grc' dir='ltr'>μετιὼν</span> <span class='ocrx_word' id='word_1_137' title='bbox 1466 1568 1525 1620; x_wconf 83' lang='grc' dir='ltr'>ὲν</span> <span class='ocrx_word' id='word_1_138' title='bbox 1553 1564 1629 1636; x_wconf 79' lang='grc' dir='ltr'>τῷ</span> <span class='ocrx_word' id='word_1_139' title='bbox 1665 1564 1750 1617; x_wconf 89' lang='grc' dir='ltr'>δο-</span> 
     </span>
    </p>
   </div>
   <div class='ocr_carea' id='block_1_19' title="bbox 158 1658 1749 1737">
    <p class='ocr_par' dir='ltr' id='par_1_19' title="bbox 158 1658 1749 1737">
     <span class='ocr_line' id='line_1_19' title="bbox 158 1658 1749 1737; baseline -0.008 -14"><span class='ocrx_word' id='word_1_140' title='bbox 158 1671 270 1724; x_wconf 76' lang='grc' dir='ltr'>κεῖν</span> <span class='ocrx_word' id='word_1_141' title='bbox 302 1667 468 1722; x_wconf 80' lang='grc' dir='ltr'>καλὸν</span> <span class='ocrx_word' id='word_1_142' title='bbox 524 1669 698 1719; x_wconf 55' lang='grc' dir='ltr'>ποιεῦ]</span> <span class='ocrx_word' id='word_1_143' title='bbox 758 1664 973 1737; x_wconf 80' lang='grc' dir='ltr'>μετέχει</span> <span class='ocrx_word' id='word_1_144' title='bbox 1022 1662 1117 1718; x_wconf 86' lang='grc' dir='ltr'><strong>τοῦ</strong></span> <span class='ocrx_word' id='word_1_145' title='bbox 1173 1660 1400 1731; x_wconf 88' lang='grc' dir='ltr'>ἀγαθοῦ.</span> <span class='ocrx_word' id='word_1_146' title='bbox 1441 1660 1644 1723; x_wconf 81' lang='grc' dir='ltr'>Ὥστε,</span> <span class='ocrx_word' id='word_1_147' title='bbox 1684 1658 1749 1712; x_wconf 79' lang='grc' dir='ltr'>ἂν</span> 
     </span>
    </p>
   </div>
   <div class='ocr_carea' id='block_1_20' title="bbox 158 1734 1822 1831">
    <p class='ocr_par' dir='ltr' id='par_1_20' title="bbox 158 1734 1822 1831">
     <span class='ocr_line' id='line_1_20' title="bbox 158 1734 1822 1831; baseline -0.005 -16"><span class='ocrx_word' id='word_1_148' title='bbox 158 1761 330 1830; x_wconf 81' lang='grc' dir='ltr'>πάντη</span> <span class='ocrx_word' id='word_1_149' title='bbox 353 1760 415 1814; x_wconf 87' lang='grc' dir='ltr'><strong>τὸ</strong></span> <span class='ocrx_word' id='word_1_150' title='bbox 449 1761 657 1830; x_wconf 78' lang='grc' dir='ltr'>ἀγαθὸν</span> <span class='ocrx_word' id='word_1_151' title='bbox 695 1734 910 1831; x_wconf 76' lang='grc' dir='ltr'>ἀνέλῃς,</span> <span class='ocrx_word' id='word_1_152' title='bbox 959 1757 1169 1820; x_wconf 83' lang='grc' dir='ltr'>ἀνεῖλες</span> <span class='ocrx_word' id='word_1_153' title='bbox 1205 1757 1299 1809; x_wconf 78' lang='grc' dir='ltr'><strong>καὶ</strong></span> <span class='ocrx_word' id='word_1_154' title='bbox 1339 1756 1533 1809; x_wconf 83' lang='grc' dir='ltr'>πάντα.</span> <span class='ocrx_word' id='word_1_155' title='bbox 1583 1754 1745 1807; x_wconf 83' lang='grc' dir='ltr'>Ὥστε</span> <span class='ocrx_word' id='word_1_156' title='bbox 1779 1734 1822 1788; x_wconf 73' lang='grc' dir='ltr'><strong>Β</strong></span> 
     </span>
    </p>
   </div>
   <div class='ocr_carea' id='block_1_21' title="bbox 155 1848 1743 1925">
    <p class='ocr_par' dir='ltr' id='par_1_21' title="bbox 155 1848 1743 1925">
     <span class='ocr_line' id='line_1_21' title="bbox 155 1848 1743 1925; baseline -0.006 -17"><span class='ocrx_word' id='word_1_157' title='bbox 155 1855 247 1908; x_wconf 77' lang='grc' dir='ltr'><strong>καὶ</strong></span> <span class='ocrx_word' id='word_1_158' title='bbox 277 1855 339 1908; x_wconf 81' lang='grc' dir='ltr'>τὸ</span> <span class='ocrx_word' id='word_1_159' title='bbox 364 1856 429 1907; x_wconf 76' lang='grc' dir='ltr'>ὲκ</span> <span class='ocrx_word' id='word_1_160' title='bbox 456 1853 666 1925; x_wconf 78' lang='grc' dir='ltr'>φθορᾶς</span> <span class='ocrx_word' id='word_1_161' title='bbox 681 1852 924 1921; x_wconf 89' lang='grc' dir='ltr'>γίνεσθαι</span> <span class='ocrx_word' id='word_1_162' title='bbox 940 1851 1174 1920; x_wconf 86' lang='grc' dir='ltr'>γένεσιν,</span> <span class='ocrx_word' id='word_1_163' title='bbox 1204 1851 1231 1903; x_wconf 83' lang='grc' dir='ltr'><strong>ὅ</strong></span> <span class='ocrx_word' id='word_1_164' title='bbox 1251 1850 1504 1921; x_wconf 80' lang='grc' dir='ltr'>ἀνωτέρω</span> <span class='ocrx_word' id='word_1_165' title='bbox 1539 1848 1743 1917; x_wconf 78' lang='grc' dir='ltr'>ἔλεγεν,</span> 
     </span>
    </p>
   </div>
   <div class='ocr_carea' id='block_1_22' title="bbox 154 1942 1747 2016">
    <p class='ocr_par' dir='ltr' id='par_1_22' title="bbox 154 1942 1747 2016">
     <span class='ocr_line' id='line_1_22' title="bbox 154 1942 1747 2016; baseline -0.002 -18"><span class='ocrx_word' id='word_1_166' title='bbox 154 1946 253 1999; x_wconf 75' lang='grc' dir='ltr'><strong>οὐκ</strong></span> <span class='ocrx_word' id='word_1_167' title='bbox 275 1944 389 2011; x_wconf 72' lang='grc' dir='ltr'>ἔστι</span> <span class='ocrx_word' id='word_1_168' title='bbox 413 1944 591 1998; x_wconf 85' lang='grc' dir='ltr'>κακοῦ</span> <span class='ocrx_word' id='word_1_169' title='bbox 612 1944 863 2016; x_wconf 84' lang='grc' dir='ltr'>δύναμις,</span> <span class='ocrx_word' id='word_1_170' title='bbox 902 1942 1013 1997; x_wconf 78' lang='grc' dir='ltr'>ἀλλ’</span> <span class='ocrx_word' id='word_1_171' title='bbox 1037 1943 1241 2012; x_wconf 88' lang='grc' dir='ltr'>ἀγαθοῦ</span> <span class='ocrx_word' id='word_1_172' title='bbox 1271 1943 1490 2012; x_wconf 71' lang='grc' dir='ltr'>ἥττονος</span> <span class='ocrx_word' id='word_1_173' title='bbox 1517 1942 1747 2013; x_wconf 77' lang='grc' dir='ltr'>ἐπικρά-</span> 
     </span>
    </p>
   </div>
   <div class='ocr_carea' id='block_1_23' title="bbox 152 2026 1744 2106">
    <p class='ocr_par' dir='ltr' id='par_1_23' title="bbox 152 2026 1744 2106">
     <span class='ocr_line' id='line_1_23' title="bbox 152 2026 1744 2106; baseline -0.003 -18"><span class='ocrx_word' id='word_1_174' title='bbox 152 2051 327 2104; x_wconf 85' lang='grc' dir='ltr'>τησις.</span> <span class='ocrx_word' id='word_1_175' title='bbox 366 2036 580 2106; x_wconf 81' lang='grc' dir='ltr'>Ὠσπερ</span> <span class='ocrx_word' id='word_1_176' title='bbox 615 2035 708 2089; x_wconf 78' lang='grc' dir='ltr'>καὶ</span> <span class='ocrx_word' id='word_1_177' title='bbox 745 2038 779 2106; x_wconf 81' lang='grc' dir='ltr'>ὴ</span> <span class='ocrx_word' id='word_1_178' title='bbox 817 2026 997 2102; x_wconf 76' lang='grc' dir='ltr'>ὑγίεια</span> <span class='ocrx_word' id='word_1_179' title='bbox 1022 2032 1175 2098; x_wconf 77' lang='grc' dir='ltr'>τάξις</span> <span class='ocrx_word' id='word_1_180' title='bbox 1223 2032 1337 2085; x_wconf 78' lang='grc' dir='ltr'>ἐστὶ</span> <span class='ocrx_word' id='word_1_181' title='bbox 1386 2032 1480 2085; x_wconf 74' lang='grc' dir='ltr'><strong>καὶ</strong></span> <span class='ocrx_word' id='word_1_182' title='bbox 1530 2049 1744 2103; x_wconf 87' lang='grc' dir='ltr'>συμμε-</span> 
     </span>
    </p>
   </div>
   <div class='ocr_carea' id='block_1_24' title="bbox 152 2124 1746 2198">
    <p class='ocr_par' dir='ltr' id='par_1_24' title="bbox 152 2124 1746 2198">
     <span class='ocr_line' id='line_1_24' title="bbox 152 2124 1746 2198; baseline 0.001 -21"><span class='ocrx_word' id='word_1_183' title='bbox 152 2127 276 2198; x_wconf 80' lang='grc' dir='ltr'>τρία</span> <span class='ocrx_word' id='word_1_184' title='bbox 306 2126 419 2179; x_wconf 89' lang='grc' dir='ltr'><strong>τῶν</strong></span> <span class='ocrx_word' id='word_1_185' title='bbox 440 2129 713 2198; x_wconf 84' lang='grc' dir='ltr'>κράσεων,</span> <span class='ocrx_word' id='word_1_186' title='bbox 750 2128 783 2198; x_wconf 78' lang='grc' dir='ltr'>ἡ</span> <span class='ocrx_word' id='word_1_187' title='bbox 817 2126 874 2179; x_wconf 84' lang='grc' dir='ltr'>δὲ</span> <span class='ocrx_word' id='word_1_188' title='bbox 907 2126 1060 2189; x_wconf 87' lang='grc' dir='ltr'>νόσος</span> <span class='ocrx_word' id='word_1_189' title='bbox 1082 2124 1316 2195; x_wconf 66' lang='grc' dir='ltr'>ἔλλειψις</span> <span class='ocrx_word' id='word_1_190' title='bbox 1355 2126 1453 2196; x_wconf 75' lang='grc' dir='ltr'>τῆς</span> <span class='ocrx_word' id='word_1_191' title='bbox 1488 2125 1746 2197; x_wconf 74' lang='grc' dir='ltr'>τοιαύτης</span> 
     </span>
    </p>
   </div>
   <div class='ocr_carea' id='block_1_25' title="bbox 151 2217 1742 2291">
    <p class='ocr_par' dir='ltr' id='par_1_25' title="bbox 151 2217 1742 2291">
     <span class='ocr_line' id='line_1_25' title="bbox 151 2217 1742 2291; baseline 0.002 -21"><span class='ocrx_word' id='word_1_192' title='bbox 151 2217 375 2283; x_wconf 71' lang='grc' dir='ltr'>τάξεως,</span> <span class='ocrx_word' id='word_1_193' title='bbox 402 2218 546 2289; x_wconf 77' lang='grc' dir='ltr'>πλὴν</span> <span class='ocrx_word' id='word_1_194' title='bbox 575 2219 633 2272; x_wconf 82' lang='grc' dir='ltr'>δὲ</span> <span class='ocrx_word' id='word_1_195' title='bbox 665 2219 724 2272; x_wconf 86' lang='grc' dir='ltr'><strong>ού</strong></span> <span class='ocrx_word' id='word_1_196' title='bbox 762 2219 959 2290; x_wconf 80' lang='grc' dir='ltr'>πάσης,</span> <span class='ocrx_word' id='word_1_197' title='bbox 985 2217 1119 2271; x_wconf 87' lang='grc' dir='ltr'><strong>ἀλλά</strong></span> <span class='ocrx_word' id='word_1_198' title='bbox 1137 2236 1280 2282; x_wconf 87' lang='grc' dir='ltr'>τινος</span> <span class='ocrx_word' id='word_1_199' title='bbox 1299 2236 1312 2248; x_wconf 68' lang='grc' dir='ltr'>υ</span> <span class='ocrx_word' id='word_1_200' title='bbox 1337 2221 1385 2271; x_wconf 82' lang='grc' dir='ltr'><strong>εί</strong></span> <span class='ocrx_word' id='word_1_201' title='bbox 1412 2218 1520 2291; x_wconf 78' lang='grc' dir='ltr'><strong>γὰρ</strong></span> <span class='ocrx_word' id='word_1_202' title='bbox 1540 2220 1742 2289; x_wconf 82' lang='grc' dir='ltr'>πάσης,</span> 
     </span>
    </p>
   </div>
   <div class='ocr_carea' id='block_1_26' title="bbox 154 2305 1741 2381">
    <p class='ocr_par' dir='ltr' id='par_1_26' title="bbox 154 2305 1741 2381">
     <span class='ocr_line' id='line_1_26' title="bbox 154 2305 1741 2381; baseline 0.003 -23"><span class='ocrx_word' id='word_1_203' title='bbox 154 2305 497 2378; x_wconf 72' lang='grc' dir='ltr'>φθαρήσεται</span> <span class='ocrx_word' id='word_1_204' title='bbox 523 2309 588 2361; x_wconf 79' lang='grc' dir='ltr'><strong>ἂν</strong></span> <span class='ocrx_word' id='word_1_205' title='bbox 614 2308 673 2361; x_wconf 85' lang='grc' dir='ltr'><strong>τὸ</strong></span> <span class='ocrx_word' id='word_1_206' title='bbox 709 2307 866 2372; x_wconf 75' lang='grc' dir='ltr'>ζῶον,</span> <span class='ocrx_word' id='word_1_207' title='bbox 890 2310 982 2362; x_wconf 75' lang='grc' dir='ltr'><strong>καὶ</strong></span> <span class='ocrx_word' id='word_1_208' title='bbox 1006 2309 1208 2380; x_wconf 82' lang='grc' dir='ltr'>ἡνόσος</span> <span class='ocrx_word' id='word_1_209' title='bbox 1234 2310 1332 2381; x_wconf 74' lang='grc' dir='ltr'><strong>οὐχ</strong></span> <span class='ocrx_word' id='word_1_210' title='bbox 1354 2310 1741 2381; x_wconf 78' lang='grc' dir='ltr'>ύποστήσεται.</span> 
     </span>
    </p>
   </div>
   <div class='ocr_carea' id='block_1_27' title="bbox 158 2400 1744 2474">
    <p class='ocr_par' dir='ltr' id='par_1_27' title="bbox 158 2400 1744 2474">
     <span class='ocr_line' id='line_1_27' title="bbox 158 2400 1744 2474; baseline 0.003 -22"><span class='ocrx_word' id='word_1_211' title='bbox 158 2400 310 2455; x_wconf 78' lang='grc' dir='ltr'>Ἐστι</span> <span class='ocrx_word' id='word_1_212' title='bbox 376 2402 562 2455; x_wconf 83' lang='grc' dir='ltr'>τοίνυν</span> <span class='ocrx_word' id='word_1_213' title='bbox 620 2403 655 2474; x_wconf 82' lang='grc' dir='ltr'>ἡ</span> <span class='ocrx_word' id='word_1_214' title='bbox 696 2402 851 2465; x_wconf 84' lang='grc' dir='ltr'>νόσος</span> <span class='ocrx_word' id='word_1_215' title='bbox 900 2403 1134 2457; x_wconf 82' lang='grc' dir='ltr'>ἀπουσία</span> <span class='ocrx_word' id='word_1_216' title='bbox 1181 2404 1416 2471; x_wconf 74' lang='grc' dir='ltr'>ὑγιείας,</span> <span class='ocrx_word' id='word_1_217' title='bbox 1486 2403 1744 2459; x_wconf 88' lang='grc' dir='ltr'>σύστασιν</span> 
     </span>
    </p>
   </div>
   <div class='ocr_carea' id='block_1_28' title="bbox 152 2490 1752 2574">
    <p class='ocr_par' dir='ltr' id='par_1_28' title="bbox 152 2490 1752 2574">
     <span class='ocr_line' id='line_1_28' title="bbox 152 2490 1752 2574; baseline 0.003 -30"><span class='ocrx_word' id='word_1_218' title='bbox 152 2490 350 2562; x_wconf 71' lang='grc' dir='ltr'>ἔχουσα</span> <span class='ocrx_word' id='word_1_219' title='bbox 381 2492 480 2564; x_wconf 79' lang='grc' dir='ltr'>τὴν</span> <span class='ocrx_word' id='word_1_220' title='bbox 528 2493 818 2566; x_wconf 74' lang='grc' dir='ltr'>ἐλαχίστην</span> <span class='ocrx_word' id='word_1_221' title='bbox 856 2494 1045 2561; x_wconf 77' lang='grc' dir='ltr'>τάξιν⁶</span> <span class='ocrx_word' id='word_1_222' title='bbox 1100 2496 1165 2549; x_wconf 88' lang='grc' dir='ltr'>ἂν</span> <span class='ocrx_word' id='word_1_223' title='bbox 1202 2496 1276 2568; x_wconf 78' lang='grc' dir='ltr'>μὴ</span> <span class='ocrx_word' id='word_1_224' title='bbox 1326 2495 1436 2569; x_wconf 78' lang='grc' dir='ltr'>γὰρ</span> <span class='ocrx_word' id='word_1_225' title='bbox 1485 2497 1752 2574; x_wconf 65' lang='grc' dir='ltr'>ἀποφύγῃ</span> 
     </span>
    </p>
   </div>
   <div class='ocr_carea' id='block_1_29' title="bbox 154 2585 1743 2661">
    <p class='ocr_par' dir='ltr' id='par_1_29' title="bbox 154 2585 1743 2661">
     <span class='ocr_line' id='line_1_29' title="bbox 154 2585 1743 2661; baseline 0 -20"><span class='ocrx_word' id='word_1_226' title='bbox 154 2585 351 2652; x_wconf 77' lang='grc' dir='ltr'>ὑγίεια,</span> <span class='ocrx_word' id='word_1_227' title='bbox 378 2588 481 2640; x_wconf 82' lang='grc' dir='ltr'><strong>ούκ</strong></span> <span class='ocrx_word' id='word_1_228' title='bbox 506 2586 572 2641; x_wconf 86' lang='grc' dir='ltr'><strong>ἂν</strong></span> <span class='ocrx_word' id='word_1_229' title='bbox 608 2587 831 2659; x_wconf 89' lang='grc' dir='ltr'>συσταίη</span> <span class='ocrx_word' id='word_1_230' title='bbox 857 2591 889 2659; x_wconf 83' lang='grc' dir='ltr'>ή</span> <span class='ocrx_word' id='word_1_231' title='bbox 918 2587 1089 2651; x_wconf 85' lang='grc' dir='ltr'>νόσος,</span> <span class='ocrx_word' id='word_1_232' title='bbox 1115 2589 1571 2661; x_wconf 74' lang='grc' dir='ltr'>παρυφισταμένη</span> <span class='ocrx_word' id='word_1_233' title='bbox 1594 2590 1651 2643; x_wconf 78' lang='grc' dir='ltr'>ἐν</span> <span class='ocrx_word' id='word_1_234' title='bbox 1666 2588 1743 2660; x_wconf 83' lang='grc' dir='ltr'>τῷ</span> 
     </span>
    </p>
   </div>
   <div class='ocr_carea' id='block_1_30' title="bbox 152 2677 1743 2753">
    <p class='ocr_par' dir='ltr' id='par_1_30' title="bbox 152 2677 1743 2753">
     <span class='ocr_line' id='line_1_30' title="bbox 152 2677 1743 2753; baseline 0.003 -22"><span class='ocrx_word' id='word_1_235' title='bbox 152 2677 247 2748; x_wconf 69' lang='grc' dir='ltr'><strong>την</strong></span> <span class='ocrx_word' id='word_1_236' title='bbox 280 2677 397 2742; x_wconf 80' lang='grc' dir='ltr'>’ἐξιν</span> <span class='ocrx_word' id='word_1_237' title='bbox 430 2679 869 2739; x_wconf 87' lang='grc' dir='ltr'>ἀποδιίστασθαι.</span> <span class='ocrx_word' id='word_1_238' title='bbox 893 2680 1013 2735; x_wconf 76' lang='grc' dir='ltr'>οὐδὲ</span> <span class='ocrx_word' id='word_1_239' title='bbox 1030 2683 1306 2753; x_wconf 78' lang='grc' dir='ltr'>νικωμένη</span> <span class='ocrx_word' id='word_1_240' title='bbox 1330 2681 1436 2736; x_wconf 84' lang='grc' dir='ltr'><strong>ὑπὸ</strong></span> <span class='ocrx_word' id='word_1_241' title='bbox 1467 2682 1567 2753; x_wconf 84' lang='grc' dir='ltr'>τῆς</span> <span class='ocrx_word' id='word_1_242' title='bbox 1585 2683 1743 2736; x_wconf 88' lang='grc' dir='ltr'>νόσου.</span> 
     </span>
    </p>
   </div>
   <div class='ocr_carea' id='block_1_31' title="bbox 150 2769 1741 2851">
    <p class='ocr_par' dir='ltr' id='par_1_31' title="bbox 150 2769 1741 2851">
     <span class='ocr_line' id='line_1_31' title="bbox 150 2769 1741 2851; baseline 0.007 -30"><span class='ocrx_word' id='word_1_243' title='bbox 150 2771 185 2841; x_wconf 81' lang='grc' dir='ltr'>ὴ</span> <span class='ocrx_word' id='word_1_244' title='bbox 211 2769 393 2839; x_wconf 79' lang='grc' dir='ltr'>ὑγίεια</span> <span class='ocrx_word' id='word_1_245' title='bbox 427 2770 649 2825; x_wconf 81' lang='grc' dir='ltr'>ἄπεισιν</span> <span class='ocrx_word' id='word_1_246' title='bbox 669 2789 681 2802; x_wconf 79' lang='lat'>&#39;</span> <span class='ocrx_word' id='word_1_247' title='bbox 699 2771 841 2825; x_wconf 76' lang='grc' dir='ltr'>οὕτω</span> <span class='ocrx_word' id='word_1_248' title='bbox 875 2773 984 2848; x_wconf 78' lang='grc' dir='ltr'>γὰρ</span> <span class='ocrx_word' id='word_1_249' title='bbox 1018 2774 1082 2828; x_wconf 85' lang='grc' dir='ltr'>ἂν</span> <span class='ocrx_word' id='word_1_250' title='bbox 1100 2771 1245 2847; x_wconf 78' lang='grc' dir='ltr'>εἶχεν</span> <span class='ocrx_word' id='word_1_251' title='bbox 1270 2779 1303 2848; x_wconf 80' lang='grc' dir='ltr'>ἡ</span> <span class='ocrx_word' id='word_1_252' title='bbox 1333 2778 1493 2843; x_wconf 77' lang='grc' dir='ltr'>νόσος</span> <span class='ocrx_word' id='word_1_253' title='bbox 1511 2780 1605 2833; x_wconf 74' lang='grc' dir='ltr'><strong>καὶ</strong></span> <span class='ocrx_word' id='word_1_254' title='bbox 1646 2779 1741 2851; x_wconf 81' lang='grc' dir='ltr'>τὴν</span> 
     </span>
    </p>
   </div>
   <div class='ocr_carea' id='block_1_32' title="bbox 154 2862 1740 2938">
    <p class='ocr_par' dir='ltr' id='par_1_32' title="bbox 154 2862 1740 2938">
     <span class='ocr_line' id='line_1_32' title="bbox 154 2862 1740 2938; baseline 0.008 -26"><span class='ocrx_word' id='word_1_255' title='bbox 154 2862 469 2933; x_wconf 85' lang='grc' dir='ltr'>πρωτίστην</span> <span class='ocrx_word' id='word_1_256' title='bbox 484 2862 659 2929; x_wconf 80' lang='grc' dir='ltr'>τάξιν.</span> <span class='ocrx_word' id='word_1_257' title='bbox 700 2863 837 2920; x_wconf 82' lang='grc' dir='ltr'>Ἀλλ’</span> <span class='ocrx_word' id='word_1_258' title='bbox 877 2866 910 2936; x_wconf 80' lang='grc' dir='ltr'>ἡ</span> <span class='ocrx_word' id='word_1_259' title='bbox 935 2865 1033 2935; x_wconf 75' lang='grc' dir='ltr'>τῆς</span> <span class='ocrx_word' id='word_1_260' title='bbox 1074 2864 1283 2933; x_wconf 81' lang='grc' dir='ltr'>ὑγιείας</span> <span class='ocrx_word' id='word_1_261' title='bbox 1308 2867 1561 2938; x_wconf 84' lang='grc' dir='ltr'>στέρησις</span> <span class='ocrx_word' id='word_1_262' title='bbox 1585 2871 1740 2934; x_wconf 87' lang='grc' dir='ltr'>νόσος</span> 
     </span>
    </p>
   </div>
   <div class='ocr_carea' id='block_1_33' title="bbox 150 2950 1739 3029">
    <p class='ocr_par' dir='ltr' id='par_1_33' title="bbox 150 2950 1739 3029">
     <span class='ocr_line' id='line_1_33' title="bbox 150 2950 1739 3029; baseline 0.009 -27"><span class='ocrx_word' id='word_1_263' title='bbox 150 2951 298 3006; x_wconf 81' lang='grc' dir='ltr'>ἐστί’</span> <span class='ocrx_word' id='word_1_264' title='bbox 324 2954 414 3013; x_wconf 83' lang='grc' dir='ltr'>διὰ</span> <span class='ocrx_word' id='word_1_265' title='bbox 434 2954 597 3015; x_wconf 78' lang='grc' dir='ltr'>τοῦτο</span> <span class='ocrx_word' id='word_1_266' title='bbox 618 2955 727 3028; x_wconf 73' lang='grc' dir='ltr'><strong>γὰρ</strong></span> <span class='ocrx_word' id='word_1_267' title='bbox 759 2950 881 3011; x_wconf 72' lang='grc' dir='ltr'>εἷπε</span> <span class='ocrx_word' id='word_1_268' title='bbox 923 2959 1016 3011; x_wconf 80' lang='grc' dir='ltr'><strong>καὶ</strong></span> <span class='ocrx_word' id='word_1_269' title='bbox 1050 2960 1549 3029; x_wconf 56' lang='grc' dir='ltr'>παρυφισταμένη</span> <span class='ocrx_word' id='word_1_270' title='bbox 1574 2978 1587 2992; x_wconf 82' lang='grc'><strong>’</strong></span> <span class='ocrx_word' id='word_1_271' title='bbox 1618 2963 1739 3017; x_wconf 73' lang='grc' dir='ltr'>οὐδὲ</span> 
     </span>
    </p>
   </div>
   <div class='ocr_carea' id='block_1_34' title="bbox 1855 455 3438 527">
    <p class='ocr_par' dir='ltr' id='par_1_34' title="bbox 1855 455 3438 527">
     <span class='ocr_line' id='line_1_34' title="bbox 1855 455 3438 527; baseline -0.002 -15"><span class='ocrx_word' id='word_1_272' title='bbox 1855 458 2033 512; x_wconf 88' lang='lat' dir='ltr'><strong>calida</strong></span> <span class='ocrx_word' id='word_1_273' title='bbox 2076 472 2195 525; x_wconf 70' lang='lat' dir='ltr'><strong>qnze</strong></span> <span class='ocrx_word' id='word_1_274' title='bbox 2229 456 2494 511; x_wconf 82' lang='lat' dir='ltr'><strong>calefacta</strong></span> <span class='ocrx_word' id='word_1_275' title='bbox 2518 468 2668 525; x_wconf 85' lang='lat' dir='ltr'><strong>sunt,</strong></span> <span class='ocrx_word' id='word_1_276' title='bbox 2701 468 2766 526; x_wconf 36' lang='lat' dir='ltr'><strong>et.</strong></span> <span class='ocrx_word' id='word_1_277' title='bbox 2800 456 3005 527; x_wconf 74' lang='lat' dir='ltr'><strong>frigore</strong></span> <span class='ocrx_word' id='word_1_278' title='bbox 3036 456 3178 511; x_wconf 80' lang='lat' dir='ltr'><strong>nivis</strong></span> <span class='ocrx_word' id='word_1_279' title='bbox 3212 455 3438 525; x_wconf 79' lang='lat' dir='ltr'><strong>frigida,</strong></span> 
     </span>
    </p>
   </div>
   <div class='ocr_carea' id='block_1_35' title="bbox 1856 547 3435 620">
    <p class='ocr_par' dir='ltr' id='par_1_35' title="bbox 1856 547 3435 620">
     <span class='ocr_line' id='line_1_35' title="bbox 1856 547 3435 620; baseline 0 -20"><span class='ocrx_word' id='word_1_280' title='bbox 1856 564 1974 617; x_wconf 79' lang='lat' dir='ltr'><strong>quae</strong></span> <span class='ocrx_word' id='word_1_281' title='bbox 2002 547 2287 620; x_wconf 75' lang='lat' dir='ltr'><strong>frigefacta</strong></span> <span class='ocrx_word' id='word_1_282' title='bbox 2320 558 2470 603; x_wconf 92' lang='lat' dir='ltr'><strong>sunt.</strong></span> <span class='ocrx_word' id='word_1_283' title='bbox 2506 549 2575 603; x_wconf 85' lang='lat' dir='ltr'><strong>Et</strong></span> <span class='ocrx_word' id='word_1_284' title='bbox 2604 565 2822 605; x_wconf 87' lang='lat' dir='ltr'><strong>rursum</strong></span> <span class='ocrx_word' id='word_1_285' title='bbox 2848 548 2953 604; x_wconf 88' lang='lat' dir='ltr'><strong>alia</strong></span> <span class='ocrx_word' id='word_1_286' title='bbox 2983 557 3131 611; x_wconf 88' lang='lat' dir='ltr'><strong>sunt,</strong></span> <span class='ocrx_word' id='word_1_287' title='bbox 3162 563 3282 613; x_wconf 76' lang='lat' dir='ltr'><strong>quze</strong></span> <span class='ocrx_word' id='word_1_288' title='bbox 3310 550 3435 600; x_wconf 87' lang='lat' dir='ltr'><strong>dum</strong></span> 
     </span>
    </p>
   </div>
   <div class='ocr_carea' id='block_1_36' title="bbox 1855 642 3438 713">
    <p class='ocr_par' dir='ltr' id='par_1_36' title="bbox 1855 642 3438 713">
     <span class='ocr_line' id='line_1_36' title="bbox 1855 642 3438 713; baseline -0.001 -16"><span class='ocrx_word' id='word_1_289' title='bbox 1855 644 2067 713; x_wconf 87' lang='lat' dir='ltr'><strong>aliquos</strong></span> <span class='ocrx_word' id='word_1_290' title='bbox 2086 643 2308 697; x_wconf 88' lang='lat' dir='ltr'><strong>habitus</strong></span> <span class='ocrx_word' id='word_1_291' title='bbox 2337 659 2443 697; x_wconf 84' lang='lat' dir='ltr'><strong>non</strong></span> <span class='ocrx_word' id='word_1_292' title='bbox 2471 642 2826 713; x_wconf 88' lang='lat' dir='ltr'><strong>participant,</strong></span> <span class='ocrx_word' id='word_1_293' title='bbox 2855 652 3033 697; x_wconf 87' lang='lat' dir='ltr'><strong>tamen</strong></span> <span class='ocrx_word' id='word_1_294' title='bbox 3060 651 3354 696; x_wconf 74' lang='lat' dir='ltr'><strong>servantur</strong></span> <span class='ocrx_word' id='word_1_295' title='bbox 3382 651 3438 696; x_wconf 88' lang='lat' dir='ltr'><strong>et</strong></span> 
     </span>
    </p>
   </div>
   <div class='ocr_carea' id='block_1_37' title="bbox 1855 733 3438 802">
    <p class='ocr_par' dir='ltr' id='par_1_37' title="bbox 1855 733 3438 802">
     <span class='ocr_line' id='line_1_37' title="bbox 1855 733 3438 802; baseline 0 -15"><span class='ocrx_word' id='word_1_296' title='bbox 1855 735 2150 789; x_wconf 88' lang='lat' dir='ltr'><strong>exsistunt.</strong></span> <span class='ocrx_word' id='word_1_297' title='bbox 2180 733 2322 796; x_wconf 89' lang='lat' dir='ltr'><strong>Onot</strong></span> <span class='ocrx_word' id='word_1_298' title='bbox 2347 736 2493 789; x_wconf 91' lang='lat' dir='ltr'><strong>enim</strong></span> <span class='ocrx_word' id='word_1_299' title='bbox 2516 749 2604 790; x_wconf 89' lang='lat' dir='ltr'><strong>res</strong></span> <span class='ocrx_word' id='word_1_300' title='bbox 2630 744 2757 788; x_wconf 91' lang='lat' dir='ltr'><strong>sunt</strong></span> <span class='ocrx_word' id='word_1_301' title='bbox 2777 735 2900 787; x_wconf 65' lang='lat' dir='ltr'><strong>vitae</strong></span> <span class='ocrx_word' id='word_1_302' title='bbox 2923 734 3229 802; x_wconf 88' lang='lat' dir='ltr'><strong>mentisque</strong></span> <span class='ocrx_word' id='word_1_303' title='bbox 3245 748 3438 802; x_wconf 85' lang='lat' dir='ltr'><strong>exper-</strong></span> 
     </span>
    </p>
   </div>
   <div class='ocr_carea' id='block_1_38' title="bbox 1857 823 3437 896">
    <p class='ocr_par' dir='ltr' id='par_1_38' title="bbox 1857 823 3437 896">
     <span class='ocr_line' id='line_1_38' title="bbox 1857 823 3437 896; baseline -0.002 -15"><span class='ocrx_word' id='word_1_304' title='bbox 1857 838 1960 892; x_wconf 85' lang='lat' dir='ltr'><strong>les,</strong></span> <span class='ocrx_word' id='word_1_305' title='bbox 1992 838 2237 882; x_wconf 88' lang='lat' dir='ltr'><strong>attamen</strong></span> <span class='ocrx_word' id='word_1_306' title='bbox 2291 836 2438 893; x_wconf 87' lang='lat' dir='ltr'><strong>sunt,</strong></span> <span class='ocrx_word' id='word_1_307' title='bbox 2482 826 2713 896; x_wconf 87' lang='lat' dir='ltr'><strong>lapides,</strong></span> <span class='ocrx_word' id='word_1_308' title='bbox 2739 836 2793 881; x_wconf 87' lang='lat' dir='ltr'><strong>et</strong></span> <span class='ocrx_word' id='word_1_309' title='bbox 2824 826 3046 896; x_wconf 81' lang='lat' dir='ltr'><strong>stirpes,</strong></span> <span class='ocrx_word' id='word_1_310' title='bbox 3094 836 3149 882; x_wconf 89' lang='lat' dir='ltr'><strong>et</strong></span> <span class='ocrx_word' id='word_1_311' title='bbox 3195 823 3437 882; x_wconf 73' lang='lat' dir='ltr'><strong>similia?</strong></span> 
     </span>
    </p>
   </div>
   <div class='ocr_carea' id='block_1_39' title="bbox 1855 919 3437 989">
    <p class='ocr_par' dir='ltr' id='par_1_39' title="bbox 1855 919 3437 989">
     <span class='ocr_line' id='line_1_39' title="bbox 1855 919 3437 989; baseline -0.004 -14"><span class='ocrx_word' id='word_1_312' title='bbox 1855 919 1990 975; x_wconf 79' lang='lat' dir='ltr'><strong>Veni</strong></span> <span class='ocrx_word' id='word_1_313' title='bbox 2020 920 2183 975; x_wconf 86' lang='lat' dir='ltr'><strong>etiam</strong></span> <span class='ocrx_word' id='word_1_314' title='bbox 2213 920 2281 975; x_wconf 84' lang='lat' dir='ltr'><strong>ad</strong></span> <span class='ocrx_word' id='word_1_315' title='bbox 2314 920 2492 989; x_wconf 90' lang='lat' dir='ltr'><strong>ipsum</strong></span> <span class='ocrx_word' id='word_1_316' title='bbox 2532 919 2735 985; x_wconf 90' lang='lat' dir='ltr'><strong>Deum;</strong></span> <span class='ocrx_word' id='word_1_317' title='bbox 2761 934 2790 974; x_wconf 86' lang='lat' dir='ltr'><strong>a</strong></span> <span class='ocrx_word' id='word_1_318' title='bbox 2816 919 3123 975; x_wconf 90' lang='lat' dir='ltr'><strong>substantia</strong></span> <span class='ocrx_word' id='word_1_319' title='bbox 3149 928 3437 987; x_wconf 90' lang='lat' dir='ltr'><strong>exemptus</strong></span> 
     </span>
    </p>
   </div>
   <div class='ocr_carea' id='block_1_40' title="bbox 1854 1010 3437 1083">
    <p class='ocr_par' dir='ltr' id='par_1_40' title="bbox 1854 1010 3437 1083">
     <span class='ocr_line' id='line_1_40' title="bbox 1854 1010 3437 1083; baseline -0.003 -15"><span class='ocrx_word' id='word_1_320' title='bbox 1854 1022 1958 1076; x_wconf 92' lang='lat' dir='ltr'><strong>est,</strong></span> <span class='ocrx_word' id='word_1_321' title='bbox 1991 1020 2047 1067; x_wconf 90' lang='lat' dir='ltr'><strong>et</strong></span> <span class='ocrx_word' id='word_1_322' title='bbox 2077 1021 2163 1068; x_wconf 88' lang='lat' dir='ltr'><strong>est</strong></span> <span class='ocrx_word' id='word_1_323' title='bbox 2190 1012 2764 1083; x_wconf 78' lang='lat' dir='ltr'><strong>supersubstantialis.</strong></span> <span class='ocrx_word' id='word_1_324' title='bbox 2790 1012 2854 1065; x_wconf 82' lang='lat' dir='ltr'><strong>Et</strong></span> <span class='ocrx_word' id='word_1_325' title='bbox 2878 1010 3203 1081; x_wconf 90' lang='lat' dir='ltr'><strong>simpliciter</strong></span> <span class='ocrx_word' id='word_1_326' title='bbox 3231 1012 3283 1065; x_wconf 93' lang='lat' dir='ltr'><strong>in</strong></span> <span class='ocrx_word' id='word_1_327' title='bbox 3315 1010 3437 1064; x_wconf 89' lang='lat' dir='ltr'><strong>aliis</strong></span> 
     </span>
    </p>
   </div>
   <div class='ocr_carea' id='block_1_41' title="bbox 1853 1101 3436 1173">
    <p class='ocr_par' dir='ltr' id='par_1_41' title="bbox 1853 1101 3436 1173">
     <span class='ocr_line' id='line_1_41' title="bbox 1853 1101 3436 1173; baseline 0.001 -19"><span class='ocrx_word' id='word_1_328' title='bbox 1853 1103 2097 1173; x_wconf 78' lang='lat' dir='ltr'><strong>quidem,</strong></span> <span class='ocrx_word' id='word_1_329' title='bbox 2135 1103 2221 1160; x_wconf 89' lang='lat' dir='ltr'><strong>vel</strong></span> <span class='ocrx_word' id='word_1_330' title='bbox 2247 1103 2472 1158; x_wconf 88' lang='lat' dir='ltr'><strong>absente</strong></span> <span class='ocrx_word' id='word_1_331' title='bbox 2514 1104 2679 1158; x_wconf 89' lang='lat' dir='ltr'><strong>etiam</strong></span> <span class='ocrx_word' id='word_1_332' title='bbox 2725 1101 2915 1157; x_wconf 89' lang='lat' dir='ltr'><strong>habitu</strong></span> <span class='ocrx_word' id='word_1_333' title='bbox 2951 1102 3035 1157; x_wconf 89' lang='lat' dir='ltr'><strong>vel</strong></span> <span class='ocrx_word' id='word_1_334' title='bbox 3086 1118 3193 1158; x_wconf 87' lang='lat' dir='ltr'><strong>non</strong></span> <span class='ocrx_word' id='word_1_335' title='bbox 3247 1101 3436 1165; x_wconf 86' lang='lat' dir='ltr'><strong>insito,</strong></span> 
     </span>
    </p>
   </div>
   <div class='ocr_carea' id='block_1_42' title="bbox 1853 1194 3441 1269">
    <p class='ocr_par' dir='ltr' id='par_1_42' title="bbox 1853 1194 3441 1269">
     <span class='ocr_line' id='line_1_42' title="bbox 1853 1194 3441 1269; baseline -0.001 -18"><span class='ocrx_word' id='word_1_336' title='bbox 1853 1212 1976 1252; x_wconf 88' lang='lat' dir='ltr'><strong>esse</strong></span> <span class='ocrx_word' id='word_1_337' title='bbox 2016 1198 2219 1268; x_wconf 89' lang='lat' dir='ltr'><strong>aliquid</strong></span> <span class='ocrx_word' id='word_1_338' title='bbox 2250 1208 2305 1253; x_wconf 86' lang='lat' dir='ltr'><strong>et</strong></span> <span class='ocrx_word' id='word_1_339' title='bbox 2334 1197 2638 1253; x_wconf 87' lang='lat' dir='ltr'><strong>subsistere</strong></span> <span class='ocrx_word' id='word_1_340' title='bbox 2662 1206 2871 1269; x_wconf 86' lang='lat' dir='ltr'><strong>potest;</strong></span> <span class='ocrx_word' id='word_1_341' title='bbox 2907 1197 3051 1266; x_wconf 87' lang='lat' dir='ltr'><strong>quod</strong></span> <span class='ocrx_word' id='word_1_342' title='bbox 3094 1210 3225 1250; x_wconf 90' lang='lat' dir='ltr'><strong>vero</strong></span> <span class='ocrx_word' id='word_1_343' title='bbox 3255 1194 3441 1250; x_wconf 83' lang='lat' dir='ltr'><strong>omni-</strong></span> 
     </span>
    </p>
   </div>
   <div class='ocr_carea' id='block_1_43' title="bbox 1856 1287 3438 1359">
    <p class='ocr_par' dir='ltr' id='par_1_43' title="bbox 1856 1287 3438 1359">
     <span class='ocr_line' id='line_1_43' title="bbox 1856 1287 3438 1359; baseline 0 -18"><span class='ocrx_word' id='word_1_344' title='bbox 1856 1291 2016 1344; x_wconf 84' lang='lat' dir='ltr'><strong>modo</strong></span> <span class='ocrx_word' id='word_1_345' title='bbox 2041 1289 2185 1346; x_wconf 86' lang='lat' dir='ltr'><strong>bono</strong></span> <span class='ocrx_word' id='word_1_346' title='bbox 2210 1290 2484 1359; x_wconf 82' lang='lat' dir='ltr'><strong>privatum</strong></span> <span class='ocrx_word' id='word_1_347' title='bbox 2511 1299 2619 1355; x_wconf 89' lang='lat' dir='ltr'><strong>est,</strong></span> <span class='ocrx_word' id='word_1_348' title='bbox 2665 1300 2922 1359; x_wconf 88' lang='lat' dir='ltr'><strong>tanquam</strong></span> <span class='ocrx_word' id='word_1_349' title='bbox 2950 1304 3047 1357; x_wconf 86' lang='lat' dir='ltr'><strong>per</strong></span> <span class='ocrx_word' id='word_1_350' title='bbox 3094 1302 3153 1343; x_wconf 88' lang='lat' dir='ltr'><strong>se</strong></span> <span class='ocrx_word' id='word_1_351' title='bbox 3205 1287 3438 1349; x_wconf 85' lang='lat' dir='ltr'><strong>malum,</strong></span> 
     </span>
    </p>
   </div>
   <div class='ocr_carea' id='block_1_44' title="bbox 1855 1374 3440 1451">
    <p class='ocr_par' dir='ltr' id='par_1_44' title="bbox 1855 1374 3440 1451">
     <span class='ocr_line' id='line_1_44' title="bbox 1855 1374 3440 1451; baseline -0.004 -14"><span class='ocrx_word' id='word_1_352' title='bbox 1855 1397 2197 1451; x_wconf 89' lang='lat' dir='ltr'><strong>nequaquam</strong></span> <span class='ocrx_word' id='word_1_353' title='bbox 2242 1374 2514 1438; x_wconf 71' lang='lat' dir='ltr'><strong>exsistere</strong></span> <span class='ocrx_word' id='word_1_354' title='bbox 2538 1390 2736 1451; x_wconf 90' lang='lat' dir='ltr'><strong>potest.</strong></span> <span class='ocrx_word' id='word_1_355' title='bbox 2776 1381 2937 1436; x_wconf 82' lang='lat' dir='ltr'><strong>I&#39;onit</strong></span> <span class='ocrx_word' id='word_1_356' title='bbox 2982 1381 3148 1451; x_wconf 81' lang='lat' dir='ltr'><strong>igitur</strong></span> <span class='ocrx_word' id='word_1_357' title='bbox 3198 1378 3440 1449; x_wconf 87' lang='lat' dir='ltr'><strong>exempli</strong></span> 
     </span>
    </p>
   </div>
   <div class='ocr_carea' id='block_1_45' title="bbox 1853 1473 3441 1547">
    <p class='ocr_par' dir='ltr' id='par_1_45' title="bbox 1853 1473 3441 1547">
     <span class='ocr_line' id='line_1_45' title="bbox 1853 1473 3441 1547; baseline -0.001 -19"><span class='ocrx_word' id='word_1_358' title='bbox 1853 1475 2028 1545; x_wconf 81' lang='lat' dir='ltr'><strong>gratia</strong></span> <span class='ocrx_word' id='word_1_359' title='bbox 2061 1475 2538 1547; x_wconf 87' lang='lat' dir='ltr'><strong>intemperantem,</strong></span> <span class='ocrx_word' id='word_1_360' title='bbox 2571 1476 2666 1546; x_wconf 88' lang='lat' dir='ltr'><strong>qui</strong></span> <span class='ocrx_word' id='word_1_361' title='bbox 2700 1484 2970 1543; x_wconf 86' lang='lat' dir='ltr'><strong>quatenus</strong></span> <span class='ocrx_word' id='word_1_362' title='bbox 3015 1473 3137 1527; x_wconf 79' lang='lat' dir='ltr'><strong>mali</strong></span> <span class='ocrx_word' id='word_1_363' title='bbox 3167 1473 3441 1541; x_wconf 83' lang='lat' dir='ltr'><strong>particeps</strong></span> 
     </span>
    </p>
   </div>
   <div class='ocr_carea' id='block_1_46' title="bbox 1852 1563 3441 1638">
    <p class='ocr_par' dir='ltr' id='par_1_46' title="bbox 1852 1563 3441 1638">
     <span class='ocr_line' id='line_1_46' title="bbox 1852 1563 3441 1638; baseline -0.001 -17"><span class='ocrx_word' id='word_1_364' title='bbox 1852 1577 1957 1631; x_wconf 90' lang='lat' dir='ltr'><strong>est,</strong></span> <span class='ocrx_word' id='word_1_365' title='bbox 1991 1583 2169 1638; x_wconf 86' lang='lat' dir='ltr'><strong>neque</strong></span> <span class='ocrx_word' id='word_1_366' title='bbox 2187 1577 2292 1634; x_wconf 89' lang='lat' dir='ltr'><strong>est,</strong></span> <span class='ocrx_word' id='word_1_367' title='bbox 2320 1582 2497 1637; x_wconf 88' lang='lat' dir='ltr'><strong>neque</strong></span> <span class='ocrx_word' id='word_1_368' title='bbox 2521 1568 2747 1621; x_wconf 87' lang='lat' dir='ltr'><strong>omnino</strong></span> <span class='ocrx_word' id='word_1_369' title='bbox 2775 1566 3071 1635; x_wconf 87' lang='lat' dir='ltr'><strong>quidquam</strong></span> <span class='ocrx_word' id='word_1_370' title='bbox 3099 1563 3441 1634; x_wconf 84' lang='lat' dir='ltr'><strong>concupiscit</strong></span> 
     </span>
    </p>
   </div>
   <div class='ocr_carea' id='block_1_47' title="bbox 1852 1656 3437 1727">
    <p class='ocr_par' dir='ltr' id='par_1_47' title="bbox 1852 1656 3437 1727">
     <span class='ocr_line' id='line_1_47' title="bbox 1852 1656 3437 1727; baseline -0.001 -17"><span class='ocrx_word' id='word_1_371' title='bbox 1852 1658 2063 1727; x_wconf 84' lang='lat' dir='ltr'><strong>(qualis</strong></span> <span class='ocrx_word' id='word_1_372' title='bbox 2099 1658 2245 1714; x_wconf 92' lang='lat' dir='ltr'><strong>enim</strong></span> <span class='ocrx_word' id='word_1_373' title='bbox 2279 1674 2435 1712; x_wconf 84' lang='lat' dir='ltr'><strong>amor</strong></span> <span class='ocrx_word' id='word_1_374' title='bbox 2468 1670 2577 1723; x_wconf 90' lang='lat' dir='ltr'><strong>est,</strong></span> <span class='ocrx_word' id='word_1_375' title='bbox 2605 1658 2731 1712; x_wconf 91' lang='lat' dir='ltr'><strong>talia</strong></span> <span class='ocrx_word' id='word_1_376' title='bbox 2764 1665 2819 1712; x_wconf 89' lang='lat' dir='ltr'><strong>et</strong></span> <span class='ocrx_word' id='word_1_377' title='bbox 2862 1656 2953 1711; x_wconf 88' lang='lat' dir='ltr'><strong>illa</strong></span> <span class='ocrx_word' id='word_1_378' title='bbox 2987 1672 3108 1727; x_wconf 65' lang='lat' dir='ltr'><strong>qua?</strong></span> <span class='ocrx_word' id='word_1_379' title='bbox 3142 1656 3437 1725; x_wconf 90' lang='lat' dir='ltr'><strong>amantur)</strong></span> 
     </span>
    </p>
   </div>
   <div class='ocr_carea' id='block_1_48' title="bbox 1851 1747 3439 1819">
    <p class='ocr_par' dir='ltr' id='par_1_48' title="bbox 1851 1747 3439 1819">
     <span class='ocr_line' id='line_1_48' title="bbox 1851 1747 3439 1819; baseline -0.002 -15"><span class='ocrx_word' id='word_1_380' title='bbox 1851 1749 2013 1804; x_wconf 89' lang='lat' dir='ltr'><strong>simul</strong></span> <span class='ocrx_word' id='word_1_381' title='bbox 2040 1759 2219 1803; x_wconf 89' lang='lat' dir='ltr'><strong>tamen</strong></span> <span class='ocrx_word' id='word_1_382' title='bbox 2246 1750 2543 1805; x_wconf 88' lang='lat' dir='ltr'><strong>secundum</strong></span> <span class='ocrx_word' id='word_1_383' title='bbox 2577 1750 2867 1819; x_wconf 88' lang='lat' dir='ltr'><strong>quamdam</strong></span> <span class='ocrx_word' id='word_1_384' title='bbox 2907 1748 3128 1803; x_wconf 92' lang='lat' dir='ltr'><strong>uniouis</strong></span> <span class='ocrx_word' id='word_1_385' title='bbox 3155 1759 3210 1803; x_wconf 91' lang='lat' dir='ltr'><strong>et</strong></span> <span class='ocrx_word' id='word_1_386' title='bbox 3244 1747 3439 1802; x_wconf 85' lang='lat' dir='ltr'><strong>amici—</strong></span> 
     </span>
    </p>
   </div>
   <div class='ocr_carea' id='block_1_49' title="bbox 1851 1838 3439 1908">
    <p class='ocr_par' dir='ltr' id='par_1_49' title="bbox 1851 1838 3439 1908">
     <span class='ocr_line' id='line_1_49' title="bbox 1851 1838 3439 1908; baseline 0.001 -18"><span class='ocrx_word' id='word_1_387' title='bbox 1851 1838 1938 1890; x_wconf 81' lang='lat' dir='ltr'><strong>tiae</strong></span> <span class='ocrx_word' id='word_1_388' title='bbox 1969 1838 2210 1906; x_wconf 89' lang='lat' dir='ltr'><strong>speciem</strong></span> <span class='ocrx_word' id='word_1_389' title='bbox 2235 1838 2360 1895; x_wconf 92' lang='lat' dir='ltr'><strong>boni</strong></span> <span class='ocrx_word' id='word_1_390' title='bbox 2393 1838 2668 1908; x_wconf 82' lang='lat' dir='ltr'><strong>particeps</strong></span> <span class='ocrx_word' id='word_1_391' title='bbox 2691 1839 2931 1905; x_wconf 78' lang='lat' dir='ltr'><strong>exsistit,</strong></span> <span class='ocrx_word' id='word_1_392' title='bbox 2961 1841 3133 1895; x_wconf 90' lang='lat' dir='ltr'><strong>sinon</strong></span> <span class='ocrx_word' id='word_1_393' title='bbox 3162 1840 3439 1895; x_wconf 74' lang='lat' dir='ltr'><strong>exsisten-</strong></span> 
     </span>
    </p>
   </div>
   <div class='ocr_carea' id='block_1_50' title="bbox 1852 1927 3434 2001">
    <p class='ocr_par' dir='ltr' id='par_1_50' title="bbox 1852 1927 3434 2001">
     <span class='ocr_line' id='line_1_50' title="bbox 1852 1927 3434 2001; baseline 0.001 -17"><span class='ocrx_word' id='word_1_394' title='bbox 1852 1927 1943 1995; x_wconf 90' lang='lat' dir='ltr'><strong>tis,</strong></span> <span class='ocrx_word' id='word_1_395' title='bbox 2003 1928 2195 1984; x_wconf 83' lang='lat' dir='ltr'><strong>saltem</strong></span> <span class='ocrx_word' id='word_1_396' title='bbox 2253 1930 2598 2001; x_wconf 87' lang='lat' dir='ltr'><strong>apparentis;</strong></span> <span class='ocrx_word' id='word_1_397' title='bbox 2642 1932 2746 1987; x_wconf 92' lang='lat' dir='ltr'><strong>hoc</strong></span> <span class='ocrx_word' id='word_1_398' title='bbox 2795 1931 2941 1986; x_wconf 92' lang='lat' dir='ltr'><strong>enim</strong></span> <span class='ocrx_word' id='word_1_399' title='bbox 3001 1941 3087 1986; x_wconf 89' lang='lat' dir='ltr'><strong>est</strong></span> <span class='ocrx_word' id='word_1_400' title='bbox 3135 1932 3434 1986; x_wconf 86' lang='lat' dir='ltr'><strong>obscurum</strong></span> 
     </span>
    </p>
   </div>
   <div class='ocr_carea' id='block_1_51' title="bbox 1849 2023 3435 2093">
    <p class='ocr_par' dir='ltr' id='par_1_51' title="bbox 1849 2023 3435 2093">
     <span class='ocr_line' id='line_1_51' title="bbox 1849 2023 3435 2093; baseline 0.005 -18"><span class='ocrx_word' id='word_1_401' title='bbox 1849 2023 2120 2092; x_wconf 82' lang='lat' dir='ltr'><strong>quoddam</strong></span> <span class='ocrx_word' id='word_1_402' title='bbox 2148 2038 2338 2078; x_wconf 89' lang='lat' dir='ltr'><strong>eorum</strong></span> <span class='ocrx_word' id='word_1_403' title='bbox 2371 2039 2492 2093; x_wconf 61' lang='lat' dir='ltr'><strong>quae</strong></span> <span class='ocrx_word' id='word_1_404' title='bbox 2538 2034 2666 2079; x_wconf 86' lang='lat' dir='ltr'><strong>suat</strong></span> <span class='ocrx_word' id='word_1_405' title='bbox 2696 2024 2957 2079; x_wconf 65' lang='lat' dir='ltr'><strong>amicitiae</strong></span> <span class='ocrx_word' id='word_1_406' title='bbox 2993 2024 3316 2093; x_wconf 76' lang='lat' dir='ltr'><strong>vestigium.</strong></span> <span class='ocrx_word' id='word_1_407' title='bbox 3366 2023 3435 2084; x_wconf 72' lang='lat' dir='ltr'><strong>Et</strong></span> 
     </span>
    </p>
   </div>
   <div class='ocr_carea' id='block_1_52' title="bbox 1847 2115 3432 2187">
    <p class='ocr_par' dir='ltr' id='par_1_52' title="bbox 1847 2115 3432 2187">
     <span class='ocr_line' id='line_1_52' title="bbox 1847 2115 3432 2187; baseline -0.001 -19"><span class='ocrx_word' id='word_1_408' title='bbox 1847 2116 1940 2185; x_wconf 85' lang='lat' dir='ltr'><strong>qui</strong></span> <span class='ocrx_word' id='word_1_409' title='bbox 1965 2115 2249 2171; x_wconf 90' lang='lat' dir='ltr'><strong>iracundia</strong></span> <span class='ocrx_word' id='word_1_410' title='bbox 2278 2115 2549 2184; x_wconf 87' lang='lat' dir='ltr'><strong>abutitur,</strong></span> <span class='ocrx_word' id='word_1_411' title='bbox 2580 2117 2861 2187; x_wconf 86' lang='lat' dir='ltr'><strong>particeps</strong></span> <span class='ocrx_word' id='word_1_412' title='bbox 2895 2130 3015 2172; x_wconf 90' lang='lat' dir='ltr'><strong>esse</strong></span> <span class='ocrx_word' id='word_1_413' title='bbox 3047 2117 3174 2172; x_wconf 93' lang='lat' dir='ltr'><strong>boni</strong></span> <span class='ocrx_word' id='word_1_414' title='bbox 3207 2116 3432 2179; x_wconf 88' lang='lat' dir='ltr'><strong>dicitur,</strong></span> 
     </span>
    </p>
   </div>
   <div class='ocr_carea' id='block_1_53' title="bbox 1848 2209 3435 2282">
    <p class='ocr_par' dir='ltr' id='par_1_53' title="bbox 1848 2209 3435 2282">
     <span class='ocr_line' id='line_1_53' title="bbox 1848 2209 3435 2282; baseline 0 -19"><span class='ocrx_word' id='word_1_415' title='bbox 1848 2209 1901 2264; x_wconf 89' lang='lat' dir='ltr'><strong>in</strong></span> <span class='ocrx_word' id='word_1_416' title='bbox 1932 2220 2197 2279; x_wconf 85' lang='lat' dir='ltr'><strong>quantum</strong></span> <span class='ocrx_word' id='word_1_417' title='bbox 2230 2220 2477 2266; x_wconf 85' lang='lat' dir='ltr'><strong>movetur</strong></span> <span class='ocrx_word' id='word_1_418' title='bbox 2522 2210 2591 2265; x_wconf 92' lang='lat' dir='ltr'><strong>ad</strong></span> <span class='ocrx_word' id='word_1_419' title='bbox 2620 2210 2945 2282; x_wconf 88' lang='lat' dir='ltr'><strong>corrigenda</strong></span> <span class='ocrx_word' id='word_1_420' title='bbox 2974 2211 3062 2265; x_wconf 90' lang='lat' dir='ltr'><strong>illa</strong></span> <span class='ocrx_word' id='word_1_421' title='bbox 3094 2227 3213 2282; x_wconf 71' lang='lat' dir='ltr'><strong>qute</strong></span> <span class='ocrx_word' id='word_1_422' title='bbox 3244 2211 3435 2265; x_wconf 82' lang='lat' dir='ltr'><strong>viden-</strong></span> 
     </span>
    </p>
   </div>
   <div class='ocr_carea' id='block_1_54' title="bbox 1849 2304 3433 2375">
    <p class='ocr_par' dir='ltr' id='par_1_54' title="bbox 1849 2304 3433 2375">
     <span class='ocr_line' id='line_1_54' title="bbox 1849 2304 3433 2375; baseline 0 -18"><span class='ocrx_word' id='word_1_423' title='bbox 1849 2314 1939 2357; x_wconf 88' lang='lat' dir='ltr'><strong>tur</strong></span> <span class='ocrx_word' id='word_1_424' title='bbox 1968 2304 2135 2358; x_wconf 90' lang='lat' dir='ltr'><strong>mala.</strong></span> <span class='ocrx_word' id='word_1_425' title='bbox 2177 2304 2268 2358; x_wconf 77' lang='lat' dir='ltr'><strong>Sic</strong></span> <span class='ocrx_word' id='word_1_426' title='bbox 2307 2305 2431 2358; x_wconf 90' lang='lat' dir='ltr'><strong>etis</strong></span> <span class='ocrx_word' id='word_1_427' title='bbox 2471 2305 2564 2375; x_wconf 90' lang='lat' dir='ltr'><strong>qui</strong></span> <span class='ocrx_word' id='word_1_428' title='bbox 2616 2305 2969 2360; x_wconf 88' lang='lat' dir='ltr'><strong>deterrimam</strong></span> <span class='ocrx_word' id='word_1_429' title='bbox 2997 2305 3163 2359; x_wconf 88' lang='lat' dir='ltr'><strong>vitam</strong></span> <span class='ocrx_word' id='word_1_430' title='bbox 3204 2306 3433 2375; x_wconf 78' lang='lat' dir='ltr'><strong>expetit,</strong></span> 
     </span>
    </p>
   </div>
   <div class='ocr_carea' id='block_1_55' title="bbox 1847 2396 3435 2469">
    <p class='ocr_par' dir='ltr' id='par_1_55' title="bbox 1847 2396 3435 2469">
     <span class='ocr_line' id='line_1_55' title="bbox 1847 2396 3435 2469; baseline 0 -18"><span class='ocrx_word' id='word_1_431' title='bbox 1847 2396 1973 2451; x_wconf 86' lang='lat' dir='ltr'><strong>boni</strong></span> <span class='ocrx_word' id='word_1_432' title='bbox 2005 2397 2278 2467; x_wconf 86' lang='lat' dir='ltr'><strong>particeps</strong></span> <span class='ocrx_word' id='word_1_433' title='bbox 2308 2398 2545 2463; x_wconf 83' lang='lat' dir='ltr'><strong>exsistit,</strong></span> <span class='ocrx_word' id='word_1_434' title='bbox 2571 2397 2624 2452; x_wconf 93' lang='lat' dir='ltr'><strong>in</strong></span> <span class='ocrx_word' id='word_1_435' title='bbox 2657 2409 2924 2469; x_wconf 89' lang='lat' dir='ltr'><strong>quantum</strong></span> <span class='ocrx_word' id='word_1_436' title='bbox 2955 2400 3106 2467; x_wconf 89' lang='lat' dir='ltr'><strong>cupit</strong></span> <span class='ocrx_word' id='word_1_437' title='bbox 3142 2398 3309 2452; x_wconf 87' lang='lat' dir='ltr'><strong>vitam</strong></span> <span class='ocrx_word' id='word_1_438' title='bbox 3337 2412 3435 2467; x_wconf 84' lang='lat' dir='ltr'><strong>op-</strong></span> 
     </span>
    </p>
   </div>
   <div class='ocr_carea' id='block_1_56' title="bbox 1849 2489 3433 2563">
    <p class='ocr_par' dir='ltr' id='par_1_56' title="bbox 1849 2489 3433 2563">
     <span class='ocr_line' id='line_1_56' title="bbox 1849 2489 3433 2563; baseline 0.001 -19"><span class='ocrx_word' id='word_1_439' title='bbox 1849 2489 2037 2544; x_wconf 90' lang='lat' dir='ltr'><strong>timam</strong></span> <span class='ocrx_word' id='word_1_440' title='bbox 2071 2491 2172 2561; x_wconf 89' lang='lat' dir='ltr'><strong>ipsi</strong></span> <span class='ocrx_word' id='word_1_441' title='bbox 2206 2491 2403 2546; x_wconf 87' lang='lat' dir='ltr'><strong>visam.</strong></span> <span class='ocrx_word' id='word_1_442' title='bbox 2469 2491 2533 2545; x_wconf 87' lang='lat' dir='ltr'><strong>Et</strong></span> <span class='ocrx_word' id='word_1_443' title='bbox 2585 2492 2675 2561; x_wconf 91' lang='lat' dir='ltr'><strong>qui</strong></span> <span class='ocrx_word' id='word_1_444' title='bbox 2721 2492 2920 2547; x_wconf 89' lang='lat' dir='ltr'><strong>malum</strong></span> <span class='ocrx_word' id='word_1_445' title='bbox 2970 2492 3325 2563; x_wconf 81' lang='lat' dir='ltr'><strong>aggreditur,</strong></span> <span class='ocrx_word' id='word_1_446' title='bbox 3377 2492 3433 2546; x_wconf 79' lang='lat' dir='ltr'><strong>iu</strong></span> 
     </span>
    </p>
   </div>
   <div class='ocr_carea' id='block_1_57' title="bbox 1846 2583 3432 2654">
    <p class='ocr_par' dir='ltr' id='par_1_57' title="bbox 1846 2583 3432 2654">
     <span class='ocr_line' id='line_1_57' title="bbox 1846 2583 3432 2654; baseline 0.001 -18"><span class='ocrx_word' id='word_1_447' title='bbox 1846 2591 2111 2654; x_wconf 79' lang='lat' dir='ltr'><strong>quantum</strong></span> <span class='ocrx_word' id='word_1_448' title='bbox 2144 2583 2361 2638; x_wconf 87' lang='lat' dir='ltr'><strong>videtur</strong></span> <span class='ocrx_word' id='word_1_449' title='bbox 2390 2584 2593 2637; x_wconf 89' lang='lat' dir='ltr'><strong>bonum</strong></span> <span class='ocrx_word' id='word_1_450' title='bbox 2623 2598 2812 2654; x_wconf 83' lang='lat' dir='ltr'><strong>agere,</strong></span> <span class='ocrx_word' id='word_1_451' title='bbox 2855 2584 3058 2638; x_wconf 88' lang='lat' dir='ltr'><strong>bonum</strong></span> <span class='ocrx_word' id='word_1_452' title='bbox 3111 2585 3432 2654; x_wconf 83' lang='lat' dir='ltr'><strong>participat.</strong></span> 
     </span>
    </p>
   </div>
   <div class='ocr_carea' id='block_1_58' title="bbox 1843 2672 3435 2740">
    <p class='ocr_par' dir='ltr' id='par_1_58' title="bbox 1843 2672 3435 2740">
     <span class='ocr_line' id='line_1_58' title="bbox 1843 2672 3435 2740; baseline 0.001 -14"><span class='ocrx_word' id='word_1_453' title='bbox 1843 2672 1921 2727; x_wconf 86' lang='lat' dir='ltr'><strong>lla</strong></span> <span class='ocrx_word' id='word_1_454' title='bbox 1957 2683 2015 2726; x_wconf 88' lang='lat' dir='ltr'><strong>ut</strong></span> <span class='ocrx_word' id='word_1_455' title='bbox 2039 2672 2087 2727; x_wconf 91' lang='lat' dir='ltr'><strong>si</strong></span> <span class='ocrx_word' id='word_1_456' title='bbox 2113 2674 2338 2729; x_wconf 88' lang='lat' dir='ltr'><strong>omnino</strong></span> <span class='ocrx_word' id='word_1_457' title='bbox 2361 2674 2563 2728; x_wconf 85' lang='lat' dir='ltr'><strong>bonum</strong></span> <span class='ocrx_word' id='word_1_458' title='bbox 2596 2674 2888 2730; x_wconf 88' lang='lat' dir='ltr'><strong>sustuleris</strong></span> <span class='ocrx_word' id='word_1_459' title='bbox 2915 2715 2929 2740; x_wconf 91' lang='lat'><strong>,</strong></span> <span class='ocrx_word' id='word_1_460' title='bbox 2965 2676 3149 2729; x_wconf 85' lang='lat' dir='ltr'><strong>omnia</strong></span> <span class='ocrx_word' id='word_1_461' title='bbox 3195 2674 3435 2731; x_wconf 84' lang='lat' dir='ltr'><strong>sustule-</strong></span> 
     </span>
    </p>
   </div>
   <div class='ocr_carea' id='block_1_59' title="bbox 1846 2767 3435 2840">
    <p class='ocr_par' dir='ltr' id='par_1_59' title="bbox 1846 2767 3435 2840">
     <span class='ocr_line' id='line_1_59' title="bbox 1846 2767 3435 2840; baseline 0.001 -19"><span class='ocrx_word' id='word_1_462' title='bbox 1846 2767 1942 2824; x_wconf 86' lang='lat' dir='ltr'><strong>ris.</strong></span> <span class='ocrx_word' id='word_1_463' title='bbox 1970 2767 2036 2821; x_wconf 86' lang='lat' dir='ltr'><strong>Et</strong></span> <span class='ocrx_word' id='word_1_464' title='bbox 2065 2770 2211 2836; x_wconf 90' lang='lat' dir='ltr'><strong>quod</strong></span> <span class='ocrx_word' id='word_1_465' title='bbox 2237 2786 2304 2822; x_wconf 86' lang='lat' dir='ltr'><strong>ex</strong></span> <span class='ocrx_word' id='word_1_466' title='bbox 2333 2768 2689 2837; x_wconf 90' lang='lat' dir='ltr'><strong>corruptione</strong></span> <span class='ocrx_word' id='word_1_467' title='bbox 2715 2768 2809 2823; x_wconf 80' lang='lat' dir='ltr'><strong>ﬁat</strong></span> <span class='ocrx_word' id='word_1_468' title='bbox 2838 2770 3142 2840; x_wconf 83' lang='lat' dir='ltr'><strong>generatio,</strong></span> <span class='ocrx_word' id='word_1_469' title='bbox 3168 2770 3243 2822; x_wconf 91' lang='lat' dir='ltr'><strong>uti</strong></span> <span class='ocrx_word' id='word_1_470' title='bbox 3271 2782 3435 2837; x_wconf 84' lang='lat' dir='ltr'><strong>supe-</strong></span> 
     </span>
    </p>
   </div>
   <div class='ocr_carea' id='block_1_60' title="bbox 1845 2859 3426 2926">
    <p class='ocr_par' dir='ltr' id='par_1_60' title="bbox 1845 2859 3426 2926">
     <span class='ocr_line' id='line_1_60' title="bbox 1845 2859 3426 2926; baseline -0.001 -12"><span class='ocrx_word' id='word_1_471' title='bbox 1845 2860 1960 2915; x_wconf 88' lang='lat' dir='ltr'><strong>rius</strong></span> <span class='ocrx_word' id='word_1_472' title='bbox 1989 2861 2144 2925; x_wconf 80' lang='lat' dir='ltr'><strong>dixit,</strong></span> <span class='ocrx_word' id='word_1_473' title='bbox 2172 2876 2279 2915; x_wconf 93' lang='lat' dir='ltr'><strong>non</strong></span> <span class='ocrx_word' id='word_1_474' title='bbox 2318 2869 2402 2915; x_wconf 92' lang='lat' dir='ltr'><strong>est</strong></span> <span class='ocrx_word' id='word_1_475' title='bbox 2430 2860 2555 2914; x_wconf 89' lang='lat' dir='ltr'><strong>tnaii</strong></span> <span class='ocrx_word' id='word_1_476' title='bbox 2587 2863 2688 2926; x_wconf 87' lang='lat' dir='ltr'><strong>vis,</strong></span> <span class='ocrx_word' id='word_1_477' title='bbox 2720 2861 2816 2915; x_wconf 92' lang='lat' dir='ltr'><strong>sed</strong></span> <span class='ocrx_word' id='word_1_478' title='bbox 2848 2860 3075 2921; x_wconf 81' lang='lat' dir='ltr'><strong>minoris</strong></span> <span class='ocrx_word' id='word_1_479' title='bbox 3105 2859 3232 2914; x_wconf 92' lang='lat' dir='ltr'><strong>boni</strong></span> <span class='ocrx_word' id='word_1_480' title='bbox 3258 2859 3426 2913; x_wconf 86' lang='lat' dir='ltr'><strong>victo-</strong></span> 
     </span>
    </p>
   </div>
   <div class='ocr_carea' id='block_1_61' title="bbox 1844 2952 3437 3010">
    <p class='ocr_par' dir='ltr' id='par_1_61' title="bbox 1844 2952 3437 3010">
     <span class='ocr_line' id='line_1_61' title="bbox 1844 2952 3437 3010; baseline -0.003 -4"><span class='ocrx_word' id='word_1_481' title='bbox 1844 2953 1945 3007; x_wconf 87' lang='lat' dir='ltr'><strong>ria.</strong></span> <span class='ocrx_word' id='word_1_482' title='bbox 1981 2952 2138 3008; x_wconf 89' lang='lat' dir='ltr'><strong>Sicut</strong></span> <span class='ocrx_word' id='word_1_483' title='bbox 2168 2952 2331 3008; x_wconf 90' lang='lat' dir='ltr'><strong>etiam</strong></span> <span class='ocrx_word' id='word_1_484' title='bbox 2366 2954 2573 3009; x_wconf 90' lang='lat' dir='ltr'><strong>sanitas</strong></span> <span class='ocrx_word' id='word_1_485' title='bbox 2604 2955 2742 3008; x_wconf 86' lang='lat' dir='ltr'><strong>ordo</strong></span> <span class='ocrx_word' id='word_1_486' title='bbox 2767 2964 2853 3009; x_wconf 92' lang='lat' dir='ltr'><strong>est</strong></span> <span class='ocrx_word' id='word_1_487' title='bbox 2875 2965 2931 3010; x_wconf 87' lang='lat' dir='ltr'><strong>et</strong></span> <span class='ocrx_word' id='word_1_488' title='bbox 2961 2955 3437 3009; x_wconf 80' lang='lat' dir='ltr'><strong>commensuratio</strong></span> 
     </span>
    </p>
   </div>
   <div class='ocr_carea' id='block_1_62' title="bbox 126 3044 1608 3133">
    <p class='ocr_par' dir='ltr' id='par_1_62' title="bbox 126 3044 1599 3122">
     <span class='ocr_line' id='line_1_62' title="bbox 126 3044 1599 3122; baseline 0.011 -26"><span class='ocrx_word' id='word_1_489' title='bbox 126 3044 258 3116; x_wconf 61' lang='grc' dir='ltr'>,γὰρ</span> <span class='ocrx_word' id='word_1_490' title='bbox 294 3044 411 3122; x_wconf 75' lang='grc' dir='ltr'>ἔχει</span> <span class='ocrx_word' id='word_1_491' title='bbox 473 3046 771 3105; x_wconf 66' lang='grc' dir='ltr'>ὑπόστασιν</span> <span class='ocrx_word' id='word_1_492' title='bbox 799 3088 814 3113; x_wconf 98' lang='grc'><strong>,</strong></span> <span class='ocrx_word' id='word_1_493' title='bbox 870 3048 984 3102; x_wconf 82' lang='grc' dir='ltr'>ἀλλ’</span> <span class='ocrx_word' id='word_1_494' title='bbox 1011 3044 1122 3107; x_wconf 72' lang='grc' dir='ltr'>οἷον</span> <span class='ocrx_word' id='word_1_495' title='bbox 1180 3052 1599 3120; x_wconf 75' lang='grc' dir='ltr'>παρυπόστασιν</span> 
     </span>
    </p>
   </div>
   <div class='ocr_carea' id='block_1_63' title="bbox 1944 3044 3426 3133">
    <p class='ocr_par' dir='ltr' id='par_1_63' title="bbox 1944 3044 3426 3117">
     <span class='ocr_line' id='line_1_63' title="bbox 1944 3044 3426 3117; baseline 0 -20"><span class='ocrx_word' id='word_1_496' title='bbox 1944 3046 2152 3117; x_wconf 77' lang='grc' dir='ltr'>ιροι·ἱοί,</span> <span class='ocrx_word' id='word_1_497' title='bbox 2198 3046 2422 3101; x_wconf 88' lang='lat' dir='ltr'><strong>morbus</strong></span> <span class='ocrx_word' id='word_1_498' title='bbox 2461 3059 2593 3101; x_wconf 88' lang='lat' dir='ltr'><strong>vero</strong></span> <span class='ocrx_word' id='word_1_499' title='bbox 2619 3044 2865 3100; x_wconf 82' lang='lat' dir='ltr'><strong>defectus</strong></span> <span class='ocrx_word' id='word_1_500' title='bbox 2918 3045 3229 3101; x_wconf 87' lang='lat' dir='ltr'><strong>istiusmodi</strong></span> <span class='ocrx_word' id='word_1_501' title='bbox 3278 3045 3426 3101; x_wconf 81' lang='lat' dir='ltr'><strong>ordi-</strong></span> 
     </span>
    </p>
   </div>
   <div class='ocr_carea' id='block_1_64' title="bbox 146 3136 1738 3216">
    <p class='ocr_par' dir='ltr' id='par_1_64' title="bbox 146 3136 1738 3216">
     <span class='ocr_line' id='line_1_64' title="bbox 146 3136 1738 3216; baseline 0.007 -28"><span class='ocrx_word' id='word_1_502' title='bbox 146 3138 225 3208; x_wconf 82' lang='grc' dir='ltr'>τῷ</span> <span class='ocrx_word' id='word_1_503' title='bbox 243 3138 345 3208; x_wconf 79' lang='grc' dir='ltr'>τὴν</span> <span class='ocrx_word' id='word_1_504' title='bbox 379 3136 595 3207; x_wconf 83' lang='grc' dir='ltr'>ὑγίειαν</span> <span class='ocrx_word' id='word_1_505' title='bbox 618 3139 855 3203; x_wconf 84' lang='grc' dir='ltr'>ἀπεῖναι,</span> <span class='ocrx_word' id='word_1_506' title='bbox 877 3139 1066 3211; x_wconf 83' lang='grc' dir='ltr'>ὥσπερ</span> <span class='ocrx_word' id='word_1_507' title='bbox 1098 3141 1158 3194; x_wconf 87' lang='grc' dir='ltr'><strong>τὸ</strong></span> <span class='ocrx_word' id='word_1_508' title='bbox 1185 3142 1373 3208; x_wconf 85' lang='grc' dir='ltr'>σκότος</span> <span class='ocrx_word' id='word_1_509' title='bbox 1405 3147 1471 3216; x_wconf 84' lang='grc' dir='ltr'>τῇ</span> <span class='ocrx_word' id='word_1_510' title='bbox 1506 3144 1599 3199; x_wconf 86' lang='grc' dir='ltr'><strong>τοῦ</strong></span> <span class='ocrx_word' id='word_1_511' title='bbox 1628 3163 1738 3215; x_wconf 61' lang='grc' dir='ltr'>τρω-</span> 
     </span>
    </p>
   </div>
   <div class='ocr_carea' id='block_1_65' title="bbox 145 3230 1745 3308">
    <p class='ocr_par' dir='ltr' id='par_1_65' title="bbox 145 3230 1745 3308">
     <span class='ocr_line' id='line_1_65' title="bbox 145 3230 1745 3308; baseline 0.005 -25"><span class='ocrx_word' id='word_1_512' title='bbox 145 3230 237 3295; x_wconf 77' lang='grc' dir='ltr'>τὸς</span> <span class='ocrx_word' id='word_1_513' title='bbox 276 3231 633 3302; x_wconf 82' lang='grc' dir='ltr'>ύποχωρήσει</span> <span class='ocrx_word' id='word_1_514' title='bbox 669 3232 1105 3303; x_wconf 47' lang='grc' dir='ltr'>παρυφίσταται,</span> <span class='ocrx_word' id='word_1_515' title='bbox 1142 3234 1215 3287; x_wconf 86' lang='grc' dir='ltr'>Τὸ</span> <span class='ocrx_word' id='word_1_516' title='bbox 1254 3234 1386 3303; x_wconf 90' lang='grc' dir='ltr'>γοῦν</span> <span class='ocrx_word' id='word_1_517' title='bbox 1423 3237 1598 3308; x_wconf 82' lang='grc' dir='ltr'>πάντη</span> <span class='ocrx_word' id='word_1_518' title='bbox 1646 3237 1745 3293; x_wconf 73' lang='grc' dir='ltr'><strong>τοῦ</strong></span> 
     </span>
    </p>
   </div>
   <div class='ocr_carea' id='block_1_66' title="bbox 147 3317 1739 3395">
    <p class='ocr_par' dir='ltr' id='par_1_66' title="bbox 147 3317 1739 3395">
     <span class='ocr_line' id='line_1_66' title="bbox 147 3317 1739 3395; baseline 0.006 -25"><span class='ocrx_word' id='word_1_519' title='bbox 147 3317 355 3385; x_wconf 82' lang='grc' dir='ltr'>ἀγαθοῦ</span> <span class='ocrx_word' id='word_1_520' title='bbox 391 3319 623 3389; x_wconf 82' lang='grc' dir='ltr'>ἄμοιρον</span> <span class='ocrx_word' id='word_1_521' title='bbox 641 3320 741 3373; x_wconf 85' lang='grc' dir='ltr'><strong>οὐκ</strong></span> <span class='ocrx_word' id='word_1_522' title='bbox 770 3320 883 3375; x_wconf 78' lang='grc' dir='ltr'>ἔστι</span> <span class='ocrx_word' id='word_1_523' title='bbox 903 3362 918 3386; x_wconf 98' lang='grc'><strong>,</strong></span> <span class='ocrx_word' id='word_1_524' title='bbox 951 3321 1011 3375; x_wconf 85' lang='grc' dir='ltr'><strong>τὸ</strong></span> <span class='ocrx_word' id='word_1_525' title='bbox 1033 3323 1090 3375; x_wconf 82' lang='grc' dir='ltr'><strong>δὲ</strong></span> <span class='ocrx_word' id='word_1_526' title='bbox 1129 3325 1356 3395; x_wconf 82' lang='grc' dir='ltr'>μετέχον</span> <span class='ocrx_word' id='word_1_527' title='bbox 1383 3327 1477 3379; x_wconf 71' lang='grc' dir='ltr'><strong>καὶ</strong></span> <span class='ocrx_word' id='word_1_528' title='bbox 1510 3326 1739 3395; x_wconf 84' lang='grc' dir='ltr'>ἀγαθοῦ,</span> 
     </span>
    </p>
   </div>
   <div class='ocr_carea' id='block_1_67' title="bbox 146 3406 1739 3491">
    <p class='ocr_par' dir='ltr' id='par_1_67' title="bbox 146 3406 1739 3491">
     <span class='ocr_line' id='line_1_67' title="bbox 146 3406 1739 3491; baseline 0.009 -32"><span class='ocrx_word' id='word_1_529' title='bbox 146 3406 286 3459; x_wconf 82' lang='grc' dir='ltr'><strong>κατά</strong></span> <span class='ocrx_word' id='word_1_530' title='bbox 320 3406 385 3459; x_wconf 84' lang='grc' dir='ltr'><strong>τὸ</strong></span> <span class='ocrx_word' id='word_1_531' title='bbox 408 3407 634 3475; x_wconf 84' lang='grc' dir='ltr'>ἀγαθὸν,</span> <span class='ocrx_word' id='word_1_532' title='bbox 672 3411 768 3463; x_wconf 79' lang='grc' dir='ltr'>καὶ</span> <span class='ocrx_word' id='word_1_533' title='bbox 788 3411 907 3463; x_wconf 80' lang='grc' dir='ltr'>καθ’</span> <span class='ocrx_word' id='word_1_534' title='bbox 927 3413 1052 3465; x_wconf 82' lang='grc' dir='ltr'>ὅσον</span> <span class='ocrx_word' id='word_1_535' title='bbox 1083 3413 1297 3485; x_wconf 79' lang='grc' dir='ltr'>μετέχει</span> <span class='ocrx_word' id='word_1_536' title='bbox 1328 3415 1422 3469; x_wconf 87' lang='grc' dir='ltr'><strong>τοῦ</strong></span> <span class='ocrx_word' id='word_1_537' title='bbox 1448 3418 1676 3486; x_wconf 85' lang='grc' dir='ltr'>ἀγαθοῦ,</span> <span class='ocrx_word' id='word_1_538' title='bbox 1705 3419 1739 3491; x_wconf 80' lang='grc' dir='ltr'>ἦ</span> 
     </span>
    </p>
   </div>
   <div class='ocr_carea' id='block_1_68' title="bbox 148 3493 1747 3583">
    <p class='ocr_par' dir='ltr' id='par_1_68' title="bbox 148 3493 1747 3583">
     <span class='ocr_line' id='line_1_68' title="bbox 148 3493 1747 3583; baseline 0.011 -35"><span class='ocrx_word' id='word_1_539' title='bbox 148 3497 353 3566; x_wconf 77' lang='grc' dir='ltr'>μᾶλλον</span> <span class='ocrx_word' id='word_1_540' title='bbox 375 3497 410 3570; x_wconf 80' lang='grc' dir='ltr'><strong>ἦ</strong></span> <span class='ocrx_word' id='word_1_541' title='bbox 434 3493 601 3571; x_wconf 70' lang='grc' dir='ltr'><strong>⁴ἧττόν</strong></span> <span class='ocrx_word' id='word_1_542' title='bbox 634 3503 772 3565; x_wconf 74' lang='grc' dir='ltr'>ἐστι,</span> <span class='ocrx_word' id='word_1_543' title='bbox 796 3505 889 3557; x_wconf 73' lang='grc' dir='ltr'>καὶ</span> <span class='ocrx_word' id='word_1_544' title='bbox 911 3506 1099 3569; x_wconf 76' lang='grc' dir='ltr'>ἐντοῖς</span> <span class='ocrx_word' id='word_1_545' title='bbox 1123 3503 1272 3561; x_wconf 84' lang='grc' dir='ltr'>οῦσίν</span> <span class='ocrx_word' id='word_1_546' title='bbox 1298 3510 1466 3563; x_wconf 75' lang='grc' dir='ltr'>ἐστιν.</span> <span class='ocrx_word' id='word_1_547' title='bbox 1510 3512 1747 3583; x_wconf 72' lang='grc' dir='ltr'>Ὁμοίως</span> 
     </span>
    </p>
   </div>
   <div class='ocr_carea' id='block_1_69' title="bbox 145 3587 1741 3672">
    <p class='ocr_par' dir='ltr' id='par_1_69' title="bbox 145 3587 1741 3672">
     <span class='ocr_line' id='line_1_69' title="bbox 145 3587 1741 3672; baseline 0.008 -32"><span class='ocrx_word' id='word_1_548' title='bbox 145 3587 308 3641; x_wconf 83' lang='grc' dir='ltr'>πάλιν</span> <span class='ocrx_word' id='word_1_549' title='bbox 332 3589 429 3642; x_wconf 77' lang='grc' dir='ltr'><strong>καὶ</strong></span> <span class='ocrx_word' id='word_1_550' title='bbox 461 3589 558 3643; x_wconf 76' lang='grc' dir='ltr'><strong>ἐπὶ</strong></span> <span class='ocrx_word' id='word_1_551' title='bbox 588 3589 681 3643; x_wconf 91' lang='grc' dir='ltr'><strong>τοῦ</strong></span> <span class='ocrx_word' id='word_1_552' title='bbox 710 3591 839 3643; x_wconf 79' lang='grc' dir='ltr'>αὐτὸ</span> <span class='ocrx_word' id='word_1_553' title='bbox 873 3589 1011 3646; x_wconf 81' lang='grc' dir='ltr'>εἶναι</span> <span class='ocrx_word' id='word_1_554' title='bbox 1034 3595 1175 3647; x_wconf 87' lang='grc' dir='ltr'><strong>κατά</strong></span> <span class='ocrx_word' id='word_1_555' title='bbox 1200 3595 1472 3665; x_wconf 79' lang='grc' dir='ltr'>ἀπόφασιν</span> <span class='ocrx_word' id='word_1_556' title='bbox 1496 3614 1509 3628; x_wconf 91' lang='grc'><strong>·</strong></span> <span class='ocrx_word' id='word_1_557' title='bbox 1536 3598 1597 3650; x_wconf 86' lang='grc' dir='ltr'><strong>τὸ</strong></span> <span class='ocrx_word' id='word_1_558' title='bbox 1632 3600 1741 3672; x_wconf 90' lang='grc' dir='ltr'><strong>γάρ</strong></span> 
     </span>
    </p>
   </div>
   <div class='ocr_carea' id='block_1_70' title="bbox 149 3679 1741 3754">
    <p class='ocr_par' dir='ltr' id='par_1_70' title="bbox 149 3679 1741 3754">
     <span class='ocr_line' id='line_1_70' title="bbox 149 3679 1741 3754; baseline 0.008 -22"><span class='ocrx_word' id='word_1_559' title='bbox 149 3679 378 3751; x_wconf 82' lang='grc' dir='ltr'>μηδαμῆ</span> <span class='ocrx_word' id='word_1_560' title='bbox 412 3681 681 3752; x_wconf 87' lang='grc' dir='ltr'>μηδαμῶς</span> <span class='ocrx_word' id='word_1_561' title='bbox 702 3681 793 3747; x_wconf 85' lang='grc' dir='ltr'><strong>ὂν,</strong></span> <span class='ocrx_word' id='word_1_562' title='bbox 818 3682 956 3754; x_wconf 84' lang='grc' dir='ltr'>ὅπερ</span> <span class='ocrx_word' id='word_1_563' title='bbox 992 3682 1057 3736; x_wconf 85' lang='grc' dir='ltr'><strong>ἂν</strong></span> <span class='ocrx_word' id='word_1_564' title='bbox 1096 3683 1190 3737; x_wconf 79' lang='grc' dir='ltr'><strong>καὶ</strong></span> <span class='ocrx_word' id='word_1_565' title='bbox 1226 3683 1436 3754; x_wconf 86' lang='grc' dir='ltr'>λέγοιτο</span> <span class='ocrx_word' id='word_1_566' title='bbox 1481 3688 1575 3741; x_wconf 78' lang='grc' dir='ltr'>καὶ</span> <span class='ocrx_word' id='word_1_567' title='bbox 1610 3691 1741 3747; x_wconf 76' lang='grc' dir='ltr'>αὐτὸ</span> 
     </span>
    </p>
   </div>
   <div class='ocr_carea' id='block_1_71' title="bbox 144 3767 1741 3849">
    <p class='ocr_par' dir='ltr' id='par_1_71' title="bbox 144 3767 1741 3849">
     <span class='ocr_line' id='line_1_71' title="bbox 144 3767 1741 3849; baseline 0.007 -27"><span class='ocrx_word' id='word_1_568' title='bbox 144 3767 281 3825; x_wconf 72' lang='grc' dir='ltr'>εἶναι</span> <span class='ocrx_word' id='word_1_569' title='bbox 306 3773 450 3826; x_wconf 85' lang='grc' dir='ltr'><strong>κατά</strong></span> <span class='ocrx_word' id='word_1_570' title='bbox 475 3774 771 3843; x_wconf 77' lang='grc' dir='ltr'>ἀπόφασιν,</span> <span class='ocrx_word' id='word_1_571' title='bbox 795 3774 894 3828; x_wconf 76' lang='grc' dir='ltr'><strong>οὐκ</strong></span> <span class='ocrx_word' id='word_1_572' title='bbox 919 3775 1091 3829; x_wconf 78' lang='grc' dir='ltr'>ἔσται.</span> <span class='ocrx_word' id='word_1_573' title='bbox 1129 3775 1202 3832; x_wconf 85' lang='grc' dir='ltr'><strong>Τὸ</strong></span> <span class='ocrx_word' id='word_1_574' title='bbox 1233 3776 1287 3831; x_wconf 83' lang='grc' dir='ltr'>δὲ</span> <span class='ocrx_word' id='word_1_575' title='bbox 1320 3778 1398 3849; x_wconf 84' lang='grc' dir='ltr'>πῆ</span> <span class='ocrx_word' id='word_1_576' title='bbox 1430 3778 1527 3849; x_wconf 85' lang='grc' dir='ltr'>μὲν</span> <span class='ocrx_word' id='word_1_577' title='bbox 1552 3778 1630 3841; x_wconf 82' lang='grc' dir='ltr'>ὃν,</span> <span class='ocrx_word' id='word_1_578' title='bbox 1664 3779 1741 3849; x_wconf 81' lang='grc' dir='ltr'>πῆ</span> 
     </span>
    </p>
   </div>
   <div class='ocr_carea' id='block_1_72' title="bbox 143 3862 1741 3936">
    <p class='ocr_par' dir='ltr' id='par_1_72' title="bbox 143 3862 1741 3936">
     <span class='ocr_line' id='line_1_72' title="bbox 143 3862 1741 3936; baseline 0.004 -23"><span class='ocrx_word' id='word_1_579' title='bbox 143 3862 200 3924; x_wconf 70' lang='grc' dir='ltr'>δὲ</span> <span class='ocrx_word' id='word_1_580' title='bbox 233 3863 308 3935; x_wconf 76' lang='grc' dir='ltr'>μὴ</span> <span class='ocrx_word' id='word_1_581' title='bbox 333 3864 415 3928; x_wconf 84' lang='grc' dir='ltr'>ὃν,</span> <span class='ocrx_word' id='word_1_582' title='bbox 446 3864 570 3917; x_wconf 78' lang='grc' dir='ltr'>καθ’</span> <span class='ocrx_word' id='word_1_583' title='bbox 597 3867 721 3919; x_wconf 84' lang='grc' dir='ltr'>ὅσον</span> <span class='ocrx_word' id='word_1_584' title='bbox 754 3865 849 3919; x_wconf 94' lang='grc' dir='ltr'><strong>τοῦ</strong></span> <span class='ocrx_word' id='word_1_585' title='bbox 884 3866 1054 3936; x_wconf 81' lang='grc' dir='ltr'>ὅντως</span> <span class='ocrx_word' id='word_1_586' title='bbox 1112 3866 1264 3931; x_wconf 76' lang='grc' dir='ltr'>ὄντος</span> <span class='ocrx_word' id='word_1_587' title='bbox 1317 3868 1741 3933; x_wconf 77' lang='grc' dir='ltr'>ἀποπέπτωκεν,</span> 
     </span>
    </p>
   </div>
   <div class='ocr_carea' id='block_1_73' title="bbox 142 3946 1738 4035">
    <p class='ocr_par' dir='ltr' id='par_1_73' title="bbox 142 3946 1738 4035">
     <span class='ocr_line' id='line_1_73' title="bbox 142 3946 1738 4035; baseline 0.003 -28"><span class='ocrx_word' id='word_1_588' title='bbox 142 3956 243 4008; x_wconf 83' lang='grc' dir='ltr'><strong>οὐκ</strong></span> <span class='ocrx_word' id='word_1_589' title='bbox 273 3956 392 4009; x_wconf 76' lang='grc' dir='ltr'>ἔστι</span> <span class='ocrx_word' id='word_1_590' title='bbox 425 3958 519 4010; x_wconf 75' lang='grc' dir='ltr'><strong>καὶ</strong></span> <span class='ocrx_word' id='word_1_591' title='bbox 544 3956 709 4029; x_wconf 78' lang='grc' dir='ltr'>ἐντῷ</span> <span class='ocrx_word' id='word_1_592' title='bbox 740 3960 920 4022; x_wconf 84' lang='grc' dir='ltr'>ποσῶς</span> <span class='ocrx_word' id='word_1_593' title='bbox 949 3946 1088 4013; x_wconf 75' lang='grc' dir='ltr'>εἶναι</span> <span class='ocrx_word' id='word_1_594' title='bbox 1109 3999 1123 4023; x_wconf 97' lang='grc'><strong>,</strong></span> <span class='ocrx_word' id='word_1_595' title='bbox 1158 3962 1252 4013; x_wconf 77' lang='grc' dir='ltr'>καὶ</span> <span class='ocrx_word' id='word_1_596' title='bbox 1282 3960 1343 4014; x_wconf 84' lang='grc' dir='ltr'><strong>τὸ</strong></span> <span class='ocrx_word' id='word_1_597' title='bbox 1377 3960 1459 4035; x_wconf 76' lang='grc' dir='ltr'>μὴ</span> <span class='ocrx_word' id='word_1_598' title='bbox 1484 3962 1542 4014; x_wconf 81' lang='grc' dir='ltr'>ὃν</span> <span class='ocrx_word' id='word_1_599' title='bbox 1568 3960 1738 4014; x_wconf 75' lang='grc' dir='ltr'>αὑτοῦ</span> 
     </span>
    </p>
   </div>
   <div class='ocr_carea' id='block_1_74' title="bbox 143 4048 1741 4125">
    <p class='ocr_par' dir='ltr' id='par_1_74' title="bbox 143 4048 1741 4125">
     <span class='ocr_line' id='line_1_74' title="bbox 143 4048 1741 4125; baseline 0.004 -25"><span class='ocrx_word' id='word_1_600' title='bbox 143 4048 520 4118; x_wconf 80' lang='grc' dir='ltr'>διακρατείται</span> <span class='ocrx_word' id='word_1_601' title='bbox 544 4050 638 4102; x_wconf 76' lang='grc' dir='ltr'><strong>καὶ</strong></span> <span class='ocrx_word' id='word_1_602' title='bbox 679 4050 1040 4116; x_wconf 80' lang='grc' dir='ltr'>διασώζεται·</span> <span class='ocrx_word' id='word_1_603' title='bbox 1091 4053 1250 4107; x_wconf 89' lang='grc' dir='ltr'>τοῦτο</span> <span class='ocrx_word' id='word_1_604' title='bbox 1299 4052 1409 4125; x_wconf 91' lang='grc' dir='ltr'><strong>γάρ</strong></span> <span class='ocrx_word' id='word_1_605' title='bbox 1452 4054 1608 4123; x_wconf 79' lang='grc' dir='ltr'>ἔλεγε</span> <span class='ocrx_word' id='word_1_606' title='bbox 1644 4054 1741 4109; x_wconf 78' lang='grc' dir='ltr'><strong>καὶ</strong></span> 
     </span>
    </p>
   </div>
   <div class='ocr_carea' id='block_1_75' title="bbox 144 4142 1741 4216">
    <p class='ocr_par' dir='ltr' id='par_1_75' title="bbox 144 4142 1741 4216">
     <span class='ocr_line' id='line_1_75' title="bbox 144 4142 1741 4216; baseline 0.004 -22"><span class='ocrx_word' id='word_1_607' title='bbox 144 4142 435 4212; x_wconf 88' lang='grc' dir='ltr'>πρότερον,</span> <span class='ocrx_word' id='word_1_608' title='bbox 461 4143 546 4195; x_wconf 85' lang='grc' dir='ltr'>ὃτι</span> <span class='ocrx_word' id='word_1_609' title='bbox 578 4142 672 4196; x_wconf 80' lang='grc' dir='ltr'><strong>καὶ</strong></span> <span class='ocrx_word' id='word_1_610' title='bbox 719 4142 787 4195; x_wconf 84' lang='grc' dir='ltr'><strong>τά</strong></span> <span class='ocrx_word' id='word_1_611' title='bbox 834 4144 1176 4216; x_wconf 76' lang='grc' dir='ltr'>ἐστερημένα</span> <span class='ocrx_word' id='word_1_612' title='bbox 1216 4145 1449 4216; x_wconf 87' lang='grc' dir='ltr'>δυναμοῖ</span> <span class='ocrx_word' id='word_1_613' title='bbox 1492 4146 1633 4200; x_wconf 73' lang='grc' dir='ltr'>κατὰ</span> <span class='ocrx_word' id='word_1_614' title='bbox 1679 4150 1741 4202; x_wconf 84' lang='grc' dir='ltr'>τὸ</span> 
     </span>
    </p>
   </div>
   <div class='ocr_carea' id='block_1_76' title="bbox 141 4228 1740 4311">
    <p class='ocr_par' dir='ltr' id='par_1_76' title="bbox 141 4228 1740 4311">
     <span class='ocr_line' id='line_1_76' title="bbox 141 4228 1740 4311; baseline 0.004 -26"><span class='ocrx_word' id='word_1_615' title='bbox 141 4232 282 4297; x_wconf 73' lang='grc' dir='ltr'>ὅλως</span> <span class='ocrx_word' id='word_1_616' title='bbox 304 4228 465 4287; x_wconf 79' lang='grc' dir='ltr'>εἶναι.</span> <span class='ocrx_word' id='word_1_617' title='bbox 500 4233 573 4286; x_wconf 84' lang='grc' dir='ltr'>Τὸ</span> <span class='ocrx_word' id='word_1_618' title='bbox 598 4231 728 4299; x_wconf 87' lang='grc' dir='ltr'>γοῦν</span> <span class='ocrx_word' id='word_1_619' title='bbox 752 4234 929 4305; x_wconf 80' lang='grc' dir='ltr'>πάντη</span> <span class='ocrx_word' id='word_1_620' title='bbox 960 4237 1129 4290; x_wconf 82' lang='grc' dir='ltr'>κακὸν</span> <span class='ocrx_word' id='word_1_621' title='bbox 1160 4237 1262 4291; x_wconf 85' lang='grc' dir='ltr'><strong>ούκ</strong></span> <span class='ocrx_word' id='word_1_622' title='bbox 1293 4235 1408 4289; x_wconf 82' lang='grc' dir='ltr'>ἔστι</span> <span class='ocrx_word' id='word_1_623' title='bbox 1433 4252 1447 4266; x_wconf 79' lang='grc'><strong><em>⁸</em></strong></span> <span class='ocrx_word' id='word_1_624' title='bbox 1498 4237 1633 4291; x_wconf 82' lang='grc' dir='ltr'>τὸδὲ</span> <span class='ocrx_word' id='word_1_625' title='bbox 1662 4239 1740 4311; x_wconf 82' lang='grc' dir='ltr'>πῆ</span> 
     </span>
    </p>
   </div>
   <div class='ocr_carea' id='block_1_77' title="bbox 145 4328 1741 4403">
    <p class='ocr_par' dir='ltr' id='par_1_77' title="bbox 145 4328 1741 4403">
     <span class='ocr_line' id='line_1_77' title="bbox 145 4328 1741 4403; baseline 0.003 -22"><span class='ocrx_word' id='word_1_626' title='bbox 145 4328 247 4398; x_wconf 80' lang='grc' dir='ltr'><strong>μὲν</strong></span> <span class='ocrx_word' id='word_1_627' title='bbox 277 4329 503 4397; x_wconf 81' lang='grc' dir='ltr'>ἀγαθὸν,</span> <span class='ocrx_word' id='word_1_628' title='bbox 529 4330 603 4401; x_wconf 84' lang='grc' dir='ltr'>πῆ</span> <span class='ocrx_word' id='word_1_629' title='bbox 628 4329 685 4382; x_wconf 79' lang='grc' dir='ltr'>δὲ</span> <span class='ocrx_word' id='word_1_630' title='bbox 707 4330 808 4383; x_wconf 74' lang='grc' dir='ltr'><strong>οὐκ</strong></span> <span class='ocrx_word' id='word_1_631' title='bbox 828 4330 1050 4399; x_wconf 78' lang='grc' dir='ltr'>ἀγαθὸν,</span> <span class='ocrx_word' id='word_1_632' title='bbox 1078 4332 1237 4385; x_wconf 89' lang='grc' dir='ltr'>τοῦτό</span> <span class='ocrx_word' id='word_1_633' title='bbox 1266 4333 1382 4385; x_wconf 85' lang='grc' dir='ltr'>ἐστι</span> <span class='ocrx_word' id='word_1_634' title='bbox 1402 4331 1465 4385; x_wconf 87' lang='grc' dir='ltr'><strong>τό</strong></span> <span class='ocrx_word' id='word_1_635' title='bbox 1505 4349 1610 4385; x_wconf 89' lang='grc' dir='ltr'>τινι</span> <span class='ocrx_word' id='word_1_636' title='bbox 1639 4350 1741 4403; x_wconf 90' lang='grc' dir='ltr'>μα-</span> 
     </span>
    </p>
   </div>
   <div class='ocr_carea' id='block_1_78' title="bbox 1844 3137 3448 3209">
    <p class='ocr_par' dir='ltr' id='par_1_78' title="bbox 1844 3137 3448 3209">
     <span class='ocr_line' id='line_1_78' title="bbox 1844 3137 3448 3209; baseline -0.001 -14"><span class='ocrx_word' id='word_1_637' title='bbox 1844 3141 1953 3206; x_wconf 87' lang='lat' dir='ltr'><strong>nis,</strong></span> <span class='ocrx_word' id='word_1_638' title='bbox 1984 3148 2362 3194; x_wconf 89' lang='lat' dir='ltr'><strong>verumtamen</strong></span> <span class='ocrx_word' id='word_1_639' title='bbox 2395 3154 2504 3193; x_wconf 93' lang='lat' dir='ltr'><strong>non</strong></span> <span class='ocrx_word' id='word_1_640' title='bbox 2537 3139 2804 3206; x_wconf 85' lang='lat' dir='ltr'><strong>universi,</strong></span> <span class='ocrx_word' id='word_1_641' title='bbox 2847 3139 2943 3195; x_wconf 88' lang='lat' dir='ltr'><strong>sed</strong></span> <span class='ocrx_word' id='word_1_642' title='bbox 2977 3137 3251 3209; x_wconf 88' lang='lat' dir='ltr'><strong>alicujus:</strong></span> <span class='ocrx_word' id='word_1_643' title='bbox 3299 3154 3448 3193; x_wconf 88' lang='lat' dir='ltr'><strong>naut.</strong></span> 
     </span>
    </p>
   </div>
   <div class='ocr_carea' id='block_1_79' title="bbox 1844 3230 3451 3297">
    <p class='ocr_par' dir='ltr' id='par_1_79' title="bbox 1844 3230 3451 3297">
     <span class='ocr_line' id='line_1_79' title="bbox 1844 3230 3451 3297; baseline -0.002 -11"><span class='ocrx_word' id='word_1_644' title='bbox 1844 3231 1888 3286; x_wconf 90' lang='lat' dir='ltr'><strong>si</strong></span> <span class='ocrx_word' id='word_1_645' title='bbox 1918 3230 2167 3287; x_wconf 83' lang='lat' dir='ltr'><strong>defectus</strong></span> <span class='ocrx_word' id='word_1_646' title='bbox 2193 3239 2339 3287; x_wconf 86' lang='lat' dir='ltr'><strong>esset</strong></span> <span class='ocrx_word' id='word_1_647' title='bbox 2367 3230 2611 3285; x_wconf 90' lang='lat' dir='ltr'><strong>universi</strong></span> <span class='ocrx_word' id='word_1_648' title='bbox 2642 3231 2876 3297; x_wconf 77' lang='lat' dir='ltr'><strong>ordinis,</strong></span> <span class='ocrx_word' id='word_1_649' title='bbox 2918 3230 3121 3286; x_wconf 90' lang='lat' dir='ltr'><strong>animal</strong></span> <span class='ocrx_word' id='word_1_650' title='bbox 3151 3230 3451 3297; x_wconf 33' lang='lat' dir='ltr'><strong>interiret”</strong></span> 
     </span>
    </p>
   </div>
   <div class='ocr_carea' id='block_1_80' title="bbox 1842 3321 3434 3392">
    <p class='ocr_par' dir='ltr' id='par_1_80' title="bbox 1842 3321 3434 3392">
     <span class='ocr_line' id='line_1_80' title="bbox 1842 3321 3434 3392; baseline -0.002 -14"><span class='ocrx_word' id='word_1_651' title='bbox 1842 3331 1898 3378; x_wconf 87' lang='lat' dir='ltr'><strong>et</strong></span> <span class='ocrx_word' id='word_1_652' title='bbox 1928 3323 2149 3379; x_wconf 88' lang='lat' dir='ltr'><strong>morbus</strong></span> <span class='ocrx_word' id='word_1_653' title='bbox 2181 3340 2288 3379; x_wconf 91' lang='lat' dir='ltr'><strong>non</strong></span> <span class='ocrx_word' id='word_1_654' title='bbox 2339 3322 2685 3379; x_wconf 89' lang='lat' dir='ltr'><strong>subsisteret.</strong></span> <span class='ocrx_word' id='word_1_655' title='bbox 2716 3321 2815 3376; x_wconf 88' lang='lat' dir='ltr'><strong>Est</strong></span> <span class='ocrx_word' id='word_1_656' title='bbox 2849 3322 3035 3392; x_wconf 87' lang='lat' dir='ltr'><strong>itaque</strong></span> <span class='ocrx_word' id='word_1_657' title='bbox 3079 3321 3307 3376; x_wconf 89' lang='lat' dir='ltr'><strong>morbus</strong></span> <span class='ocrx_word' id='word_1_658' title='bbox 3335 3321 3434 3375; x_wconf 84' lang='lat' dir='ltr'><strong>ab-</strong></span> 
     </span>
    </p>
   </div>
   <div class='ocr_carea' id='block_1_81' title="bbox 1844 3415 3432 3487">
    <p class='ocr_par' dir='ltr' id='par_1_81' title="bbox 1844 3415 3432 3487">
     <span class='ocr_line' id='line_1_81' title="bbox 1844 3415 3432 3487; baseline -0.002 -15"><span class='ocrx_word' id='word_1_659' title='bbox 1844 3417 2022 3472; x_wconf 88' lang='lat' dir='ltr'><strong>sentia</strong></span> <span class='ocrx_word' id='word_1_660' title='bbox 2048 3417 2329 3481; x_wconf 88' lang='lat' dir='ltr'><strong>sanitatis,</strong></span> <span class='ocrx_word' id='word_1_661' title='bbox 2363 3432 2465 3487; x_wconf 91' lang='lat' dir='ltr'><strong>pro</strong></span> <span class='ocrx_word' id='word_1_662' title='bbox 2497 3424 2641 3471; x_wconf 88' lang='lat' dir='ltr'><strong>statu</strong></span> <span class='ocrx_word' id='word_1_663' title='bbox 2666 3415 2876 3471; x_wconf 86' lang='lat' dir='ltr'><strong>habens</strong></span> <span class='ocrx_word' id='word_1_664' title='bbox 2902 3416 3187 3470; x_wconf 90' lang='lat' dir='ltr'><strong>minimam</strong></span> <span class='ocrx_word' id='word_1_665' title='bbox 3214 3415 3432 3470; x_wconf 84' lang='lat' dir='ltr'><strong>consti-</strong></span> 
     </span>
    </p>
   </div>
   <div class='ocr_carea' id='block_1_82' title="bbox 1846 3508 3450 3580">
    <p class='ocr_par' dir='ltr' id='par_1_82' title="bbox 1846 3508 3450 3580">
     <span class='ocr_line' id='line_1_82' title="bbox 1846 3508 3450 3580; baseline -0.002 -18"><span class='ocrx_word' id='word_1_666' title='bbox 1846 3509 2155 3574; x_wconf 88' lang='lat' dir='ltr'><strong>tutionem;</strong></span> <span class='ocrx_word' id='word_1_667' title='bbox 2212 3509 2317 3564; x_wconf 89' lang='lat' dir='ltr'><strong>nisi</strong></span> <span class='ocrx_word' id='word_1_668' title='bbox 2377 3508 2524 3565; x_wconf 89' lang='lat' dir='ltr'><strong>enim</strong></span> <span class='ocrx_word' id='word_1_669' title='bbox 2577 3511 2788 3567; x_wconf 89' lang='lat' dir='ltr'><strong>sanitas</strong></span> <span class='ocrx_word' id='word_1_670' title='bbox 2854 3512 3165 3580; x_wconf 82' lang='lat' dir='ltr'><strong>aufugeret,</strong></span> <span class='ocrx_word' id='word_1_671' title='bbox 3208 3508 3450 3563; x_wconf 88' lang='lat' dir='ltr'><strong>morbus.</strong></span> 
     </span>
    </p>
   </div>
   <div class='ocr_carea' id='block_1_83' title="bbox 1844 3598 3434 3672">
    <p class='ocr_par' dir='ltr' id='par_1_83' title="bbox 1844 3598 3434 3672">
     <span class='ocr_line' id='line_1_83' title="bbox 1844 3598 3434 3672; baseline -0.004 -17"><span class='ocrx_word' id='word_1_672' title='bbox 1844 3615 1952 3655; x_wconf 89' lang='lat' dir='ltr'><strong>non</strong></span> <span class='ocrx_word' id='word_1_673' title='bbox 1994 3600 2336 3669; x_wconf 88' lang='lat' dir='ltr'><strong>subsisteret,</strong></span> <span class='ocrx_word' id='word_1_674' title='bbox 2369 3603 2461 3672; x_wconf 87' lang='lat' dir='ltr'><strong>qui</strong></span> <span class='ocrx_word' id='word_1_675' title='bbox 2495 3602 2751 3658; x_wconf 88' lang='lat' dir='ltr'><strong>consistit</strong></span> <span class='ocrx_word' id='word_1_676' title='bbox 2799 3601 2854 3656; x_wconf 93' lang='lat' dir='ltr'><strong>in</strong></span> <span class='ocrx_word' id='word_1_677' title='bbox 2889 3601 3107 3656; x_wconf 80' lang='lat' dir='ltr'><strong>defectu</strong></span> <span class='ocrx_word' id='word_1_678' title='bbox 3162 3598 3434 3655; x_wconf 74' lang='lat' dir='ltr'><strong>constitu-</strong></span> 
     </span>
    </p>
   </div>
   <div class='ocr_carea' id='block_1_84' title="bbox 1846 3688 3429 3760">
    <p class='ocr_par' dir='ltr' id='par_1_84' title="bbox 1846 3688 3429 3760">
     <span class='ocr_line' id='line_1_84' title="bbox 1846 3688 3429 3760; baseline -0.003 -16"><span class='ocrx_word' id='word_1_679' title='bbox 1846 3690 2049 3759; x_wconf 88' lang='lat' dir='ltr'><strong>tionis,</strong></span> <span class='ocrx_word' id='word_1_680' title='bbox 2091 3707 2268 3760; x_wconf 88' lang='lat' dir='ltr'><strong>neque</strong></span> <span class='ocrx_word' id='word_1_681' title='bbox 2301 3692 2511 3746; x_wconf 87' lang='lat' dir='ltr'><strong>sanitas</strong></span> <span class='ocrx_word' id='word_1_682' title='bbox 2539 3707 2569 3746; x_wconf 87' lang='lat' dir='ltr'><strong>a</strong></span> <span class='ocrx_word' id='word_1_683' title='bbox 2628 3693 2822 3747; x_wconf 92' lang='lat' dir='ltr'><strong>morbo</strong></span> <span class='ocrx_word' id='word_1_684' title='bbox 2869 3698 3123 3760; x_wconf 86' lang='lat' dir='ltr'><strong>superata</strong></span> <span class='ocrx_word' id='word_1_685' title='bbox 3176 3688 3429 3750; x_wconf 84' lang='lat' dir='ltr'><strong>abesset;</strong></span> 
     </span>
    </p>
   </div>
   <div class='ocr_carea' id='block_1_85' title="bbox 1847 3778 3428 3853">
    <p class='ocr_par' dir='ltr' id='par_1_85' title="bbox 1847 3778 3428 3853">
     <span class='ocr_line' id='line_1_85' title="bbox 1847 3778 3428 3853; baseline -0.002 -20"><span class='ocrx_word' id='word_1_686' title='bbox 1847 3794 1972 3834; x_wconf 89' lang='lat' dir='ltr'><strong>nam</strong></span> <span class='ocrx_word' id='word_1_687' title='bbox 2020 3782 2101 3837; x_wconf 91' lang='lat' dir='ltr'><strong>sic</strong></span> <span class='ocrx_word' id='word_1_688' title='bbox 2134 3784 2299 3837; x_wconf 88' lang='lat' dir='ltr'><strong>etiam</strong></span> <span class='ocrx_word' id='word_1_689' title='bbox 2354 3783 2578 3837; x_wconf 89' lang='lat' dir='ltr'><strong>morbus</strong></span> <span class='ocrx_word' id='word_1_690' title='bbox 2625 3786 2861 3853; x_wconf 90' lang='lat' dir='ltr'><strong>primum</strong></span> <span class='ocrx_word' id='word_1_691' title='bbox 2897 3782 3148 3837; x_wconf 89' lang='lat' dir='ltr'><strong>ordinem</strong></span> <span class='ocrx_word' id='word_1_692' title='bbox 3177 3778 3428 3833; x_wconf 86' lang='lat' dir='ltr'><strong>haberet.</strong></span> 
     </span>
    </p>
   </div>
   <div class='ocr_carea' id='block_1_86' title="bbox 1844 3870 3431 3942">
    <p class='ocr_par' dir='ltr' id='par_1_86' title="bbox 1844 3870 3431 3942">
     <span class='ocr_line' id='line_1_86' title="bbox 1844 3870 3431 3942; baseline -0.003 -16"><span class='ocrx_word' id='word_1_693' title='bbox 1844 3871 2045 3926; x_wconf 80' lang='lat' dir='ltr'><strong>Verum</strong></span> <span class='ocrx_word' id='word_1_694' title='bbox 2076 3875 2302 3927; x_wconf 89' lang='lat' dir='ltr'><strong>morbus</strong></span> <span class='ocrx_word' id='word_1_695' title='bbox 2334 3884 2419 3928; x_wconf 88' lang='lat' dir='ltr'><strong>est</strong></span> <span class='ocrx_word' id='word_1_696' title='bbox 2461 3874 2698 3942; x_wconf 79' lang='lat' dir='ltr'><strong>privatio</strong></span> <span class='ocrx_word' id='word_1_697' title='bbox 2730 3874 3002 3939; x_wconf 88' lang='lat' dir='ltr'><strong>sanitatis,</strong></span> <span class='ocrx_word' id='word_1_698' title='bbox 3032 3871 3239 3926; x_wconf 88' lang='lat' dir='ltr'><strong>idcirco</strong></span> <span class='ocrx_word' id='word_1_699' title='bbox 3263 3870 3431 3923; x_wconf 90' lang='lat' dir='ltr'><strong>etiam</strong></span> 
     </span>
    </p>
   </div>
   <div class='ocr_carea' id='block_1_87' title="bbox 1844 3958 3449 4037">
    <p class='ocr_par' dir='ltr' id='par_1_87' title="bbox 1844 3958 3449 4037">
     <span class='ocr_line' id='line_1_87' title="bbox 1844 3958 3449 4037; baseline -0.002 -22"><span class='ocrx_word' id='word_1_700' title='bbox 1844 3962 1980 4016; x_wconf 88' lang='lat' dir='ltr'><strong>dixit</strong></span> <span class='ocrx_word' id='word_1_701' title='bbox 2012 3964 2477 4037; x_wconf 72' lang='grc' dir='ltr'>παρυφισταμένη</span> <span class='ocrx_word' id='word_1_702' title='bbox 2505 3962 2591 4034; x_wconf 88' lang='lat' dir='ltr'><strong>(id</strong></span> <span class='ocrx_word' id='word_1_703' title='bbox 2617 3974 2701 4018; x_wconf 90' lang='lat' dir='ltr'><strong>est</strong></span> <span class='ocrx_word' id='word_1_704' title='bbox 2730 3964 2861 4033; x_wconf 84' lang='lat' dir='ltr'><strong>quid</strong></span> <span class='ocrx_word' id='word_1_705' title='bbox 2897 3963 3080 4016; x_wconf 89' lang='lat' dir='ltr'><strong>minus</strong></span> <span class='ocrx_word' id='word_1_706' title='bbox 3103 3976 3267 4030; x_wconf 87' lang='lat' dir='ltr'><strong>quam</strong></span> <span class='ocrx_word' id='word_1_707' title='bbox 3301 3958 3449 4018; x_wconf 80' lang='lat' dir='ltr'><strong>sub-,</strong></span> 
     </span>
    </p>
   </div>
   <div class='ocr_carea' id='block_1_88' title="bbox 1843 4051 3450 4124">
    <p class='ocr_par' dir='ltr' id='par_1_88' title="bbox 1843 4051 3450 4124">
     <span class='ocr_line' id='line_1_88' title="bbox 1843 4051 3450 4124; baseline 0.001 -21"><span class='ocrx_word' id='word_1_708' title='bbox 1843 4052 2122 4121; x_wconf 86' lang='lat' dir='ltr'><strong>sistens;)</strong></span> <span class='ocrx_word' id='word_1_709' title='bbox 2159 4054 2430 4124; x_wconf 87' lang='lat' dir='ltr'><strong>siquidem</strong></span> <span class='ocrx_word' id='word_1_710' title='bbox 2465 4069 2573 4108; x_wconf 92' lang='lat' dir='ltr'><strong>non</strong></span> <span class='ocrx_word' id='word_1_711' title='bbox 2616 4053 2782 4109; x_wconf 87' lang='lat' dir='ltr'><strong>habet</strong></span> <span class='ocrx_word' id='word_1_712' title='bbox 2828 4053 3269 4119; x_wconf 85' lang='lat' dir='ltr'><strong>subsistentia,</strong></span> <span class='ocrx_word' id='word_1_713' title='bbox 3334 4051 3450 4113; x_wconf 79' lang='lat' dir='ltr'><strong>sed,</strong></span> 
     </span>
    </p>
   </div>
   <div class='ocr_carea' id='block_1_89' title="bbox 1844 4146 3431 4222">
    <p class='ocr_par' dir='ltr' id='par_1_89' title="bbox 1844 4146 3431 4222">
     <span class='ocr_line' id='line_1_89' title="bbox 1844 4146 3431 4222; baseline -0.001 -23"><span class='ocrx_word' id='word_1_714' title='bbox 1844 4146 1998 4214; x_wconf 89' lang='lat' dir='ltr'><strong>quasi</strong></span> <span class='ocrx_word' id='word_1_715' title='bbox 2025 4147 2436 4204; x_wconf 87' lang='lat' dir='ltr'><strong>subsistentiam</strong></span> <span class='ocrx_word' id='word_1_716' title='bbox 2454 4148 2615 4222; x_wconf 68' lang='grc'><strong>411</strong></span> <span class='ocrx_word' id='word_1_717' title='bbox 2642 4150 2696 4205; x_wconf 91' lang='lat' dir='ltr'><strong>in</strong></span> <span class='ocrx_word' id='word_1_718' title='bbox 2722 4151 2827 4205; x_wconf 89' lang='lat' dir='ltr'><strong>hoc</strong></span> <span class='ocrx_word' id='word_1_719' title='bbox 2849 4149 2993 4219; x_wconf 88' lang='lat' dir='ltr'><strong>quod</strong></span> <span class='ocrx_word' id='word_1_720' title='bbox 3020 4148 3163 4207; x_wconf 85' lang='lat' dir='ltr'><strong>absit</strong></span> <span class='ocrx_word' id='word_1_721' title='bbox 3186 4147 3431 4210; x_wconf 81' lang='lat' dir='ltr'><strong>sanitas;</strong></span> 
     </span>
    </p>
   </div>
   <div class='ocr_carea' id='block_1_90' title="bbox 1843 4238 3444 4312">
    <p class='ocr_par' dir='ltr' id='par_1_90' title="bbox 1843 4238 3444 4312">
     <span class='ocr_line' id='line_1_90' title="bbox 1843 4238 3444 4312; baseline -0.001 -18"><span class='ocrx_word' id='word_1_722' title='bbox 1843 4238 1989 4294; x_wconf 79' lang='lat' dir='ltr'><strong>sicut</strong></span> <span class='ocrx_word' id='word_1_723' title='bbox 2008 4240 2247 4295; x_wconf 82' lang='lat' dir='ltr'><strong>tenebrae</strong></span> <span class='ocrx_word' id='word_1_724' title='bbox 2265 4241 2405 4297; x_wconf 84' lang='lat' dir='ltr'><strong>lueis</strong></span> <span class='ocrx_word' id='word_1_725' title='bbox 2425 4244 2805 4298; x_wconf 89' lang='lat' dir='ltr'><strong>subtractione</strong></span> <span class='ocrx_word' id='word_1_726' title='bbox 2827 4238 3444 4312; x_wconf 23' lang='lat' dir='ltr'><strong>quodammo.do.subsi-,</strong></span> 
     </span>
    </p>
   </div>
   <div class='ocr_carea' id='block_1_91' title="bbox 1845 4331 3455 4406">
    <p class='ocr_par' dir='ltr' id='par_1_91' title="bbox 1845 4331 3455 4406">
     <span class='ocr_line' id='line_1_91' title="bbox 1845 4331 3455 4406; baseline 0 -20"><span class='ocrx_word' id='word_1_727' title='bbox 1845 4340 2017 4386; x_wconf 90' lang='lat' dir='ltr'><strong>stunt.</strong></span> <span class='ocrx_word' id='word_1_728' title='bbox 2041 4331 2640 4405; x_wconf 86' lang='lat' dir='ltr'><strong>Quoditaqueomnino</strong></span> <span class='ocrx_word' id='word_1_729' title='bbox 2664 4336 3127 4406; x_wconf 79' lang='lat' dir='ltr'><strong>boniexpersest,</strong></span> <span class='ocrx_word' id='word_1_730' title='bbox 3169 4349 3276 4389; x_wconf 89' lang='lat' dir='ltr'><strong>non</strong></span> <span class='ocrx_word' id='word_1_731' title='bbox 3312 4334 3455 4387; x_wconf 12' lang='lat' dir='ltr'><strong>exi-7</strong></span> 
     </span>
    </p>
   </div>
   <div class='ocr_carea' id='block_1_92' title="bbox 141 4420 1623 4498">
    <p class='ocr_par' dir='ltr' id='par_1_92' title="bbox 141 4420 1621 4493">
     <span class='ocr_line' id='line_1_92' title="bbox 141 4420 1621 4493; baseline 0.001 -21"><span class='ocrx_word' id='word_1_732' title='bbox 141 4421 379 4490; x_wconf 81' lang='grc' dir='ltr'>χόμενον</span> <span class='ocrx_word' id='word_1_733' title='bbox 407 4420 619 4491; x_wconf 84' lang='grc' dir='ltr'>ἀγαθῷ,</span> <span class='ocrx_word' id='word_1_734' title='bbox 652 4426 935 4493; x_wconf 76' lang='grc' dir='ltr'>κρατεῖται</span> <span class='ocrx_word' id='word_1_735' title='bbox 961 4422 1018 4474; x_wconf 80' lang='grc' dir='ltr'>δὲ</span> <span class='ocrx_word' id='word_1_736' title='bbox 1055 4424 1148 4479; x_wconf 75' lang='grc' dir='ltr'><strong>καὶ</strong></span> <span class='ocrx_word' id='word_1_737' title='bbox 1168 4423 1301 4476; x_wconf 78' lang='grc' dir='ltr'>αὐτὸ</span> <span class='ocrx_word' id='word_1_738' title='bbox 1325 4424 1419 4476; x_wconf 82' lang='grc' dir='ltr'>καὶ</span> <span class='ocrx_word' id='word_1_739' title='bbox 1460 4422 1621 4493; x_wconf 87' lang='grc' dir='ltr'>συνέχ</span> 
     </span>
    </p>
   </div>
   <div class='ocr_carea' id='block_1_93' title="bbox 1950 4420 3432 4498">
    <p class='ocr_par' dir='ltr' id='par_1_93' title="bbox 1962 4425 3432 4498">
     <span class='ocr_line' id='line_1_93' title="bbox 1962 4425 3432 4498; baseline 0.001 -23"><span class='ocrx_word' id='word_1_740' title='bbox 1962 4439 1977 4488; x_wconf 87' lang='grc'>;</span> <span class='ocrx_word' id='word_1_741' title='bbox 2007 4426 2150 4492; x_wconf 87' lang='lat' dir='ltr'><strong>quod</strong></span> <span class='ocrx_word' id='word_1_742' title='bbox 2181 4436 2364 4480; x_wconf 88' lang='lat' dir='ltr'><strong>autem</strong></span> <span class='ocrx_word' id='word_1_743' title='bbox 2404 4427 2531 4481; x_wconf 91' lang='lat' dir='ltr'><strong>boni</strong></span> <span class='ocrx_word' id='word_1_744' title='bbox 2563 4429 2845 4498; x_wconf 84' lang='lat' dir='ltr'><strong>particeps</strong></span> <span class='ocrx_word' id='word_1_745' title='bbox 2871 4436 2977 4495; x_wconf 90' lang='lat' dir='ltr'><strong>est,</strong></span> <span class='ocrx_word' id='word_1_746' title='bbox 3003 4428 3304 4483; x_wconf 89' lang='lat' dir='ltr'><strong>secundum</strong></span> <span class='ocrx_word' id='word_1_747' title='bbox 3335 4425 3432 4479; x_wconf 90' lang='lat' dir='ltr'><strong>bo-</strong></span> 
     </span>
    </p>
   </div>
   <div class='ocr_carea' id='block_1_94' title="bbox 141 4511 1740 4589">
    <p class='ocr_par' dir='ltr' id='par_1_94' title="bbox 141 4511 1740 4589">
     <span class='ocr_line' id='line_1_94' title="bbox 141 4511 1740 4589; baseline 0.002 -25"><span class='ocrx_word' id='word_1_748' title='bbox 141 4511 296 4583; x_wconf 85' lang='grc' dir='ltr'><strong>παρά</strong></span> <span class='ocrx_word' id='word_1_749' title='bbox 318 4512 412 4565; x_wconf 87' lang='grc' dir='ltr'><strong>τοῦ</strong></span> <span class='ocrx_word' id='word_1_750' title='bbox 438 4513 644 4581; x_wconf 86' lang='grc' dir='ltr'>ἀγαθοῦ</span> <span class='ocrx_word' id='word_1_751' title='bbox 664 4517 730 4586; x_wconf 80' lang='grc' dir='ltr'>τῇ</span> <span class='ocrx_word' id='word_1_752' title='bbox 758 4514 939 4579; x_wconf 83' lang='grc' dir='ltr'>ποσῶς</span> <span class='ocrx_word' id='word_1_753' title='bbox 970 4518 1234 4589; x_wconf 76' lang='grc' dir='ltr'>μετουσίᾳ</span> <span class='ocrx_word' id='word_1_754' title='bbox 1256 4515 1448 4569; x_wconf 76' lang='grc' dir='ltr'>αὑτοῦ.</span> <span class='ocrx_word' id='word_1_755' title='bbox 1480 4516 1599 4569; x_wconf 73' lang='grc' dir='ltr'>Κᾶν</span> <span class='ocrx_word' id='word_1_756' title='bbox 1629 4515 1740 4586; x_wconf 76' lang='grc' dir='ltr'><strong>γὰρ</strong></span> 
     </span>
    </p>
   </div>
   <div class='ocr_carea' id='block_1_95' title="bbox 138 4605 1741 4680">
    <p class='ocr_par' dir='ltr' id='par_1_95' title="bbox 138 4605 1741 4680">
     <span class='ocr_line' id='line_1_95' title="bbox 138 4605 1741 4680; baseline 0 -22"><span class='ocrx_word' id='word_1_757' title='bbox 138 4606 241 4677; x_wconf 78' lang='grc' dir='ltr'>τὴν</span> <span class='ocrx_word' id='word_1_758' title='bbox 269 4605 474 4659; x_wconf 86' lang='grc' dir='ltr'>δειλίαν</span> <span class='ocrx_word' id='word_1_759' title='bbox 512 4606 705 4671; x_wconf 81' lang='grc' dir='ltr'>εἴποις,</span> <span class='ocrx_word' id='word_1_760' title='bbox 740 4607 844 4660; x_wconf 69' lang='grc' dir='ltr'>κᾶν</span> <span class='ocrx_word' id='word_1_761' title='bbox 865 4608 926 4661; x_wconf 86' lang='grc' dir='ltr'><strong>τὸ</strong></span> <span class='ocrx_word' id='word_1_762' title='bbox 956 4608 1175 4679; x_wconf 87' lang='grc' dir='ltr'>θράσος,</span> <span class='ocrx_word' id='word_1_763' title='bbox 1199 4608 1383 4680; x_wconf 77' lang='grc' dir='ltr'>ἔχουσι</span> <span class='ocrx_word' id='word_1_764' title='bbox 1428 4610 1522 4663; x_wconf 74' lang='grc' dir='ltr'>καὶ</span> <span class='ocrx_word' id='word_1_765' title='bbox 1567 4608 1741 4663; x_wconf 87' lang='grc' dir='ltr'>ταῦτα</span> 
     </span>
    </p>
   </div>
   <div class='ocr_carea' id='block_1_96' title="bbox 138 4698 1736 4773">
    <p class='ocr_par' dir='ltr' id='par_1_96' title="bbox 138 4698 1736 4773">
     <span class='ocr_line' id='line_1_96' title="bbox 138 4698 1736 4773; baseline 0.002 -23"><span class='ocrx_word' id='word_1_766' title='bbox 138 4699 198 4765; x_wconf 64' lang='grc' dir='ltr'>ἐξ</span> <span class='ocrx_word' id='word_1_767' title='bbox 226 4698 438 4767; x_wconf 89' lang='grc' dir='ltr'>ἀγαθοῦ</span> <span class='ocrx_word' id='word_1_768' title='bbox 488 4702 681 4770; x_wconf 84' lang='grc' dir='ltr'>μοῖραν</span> <span class='ocrx_word' id='word_1_769' title='bbox 704 4716 717 4729; x_wconf 88' lang='grc'><strong>·</strong></span> <span class='ocrx_word' id='word_1_770' title='bbox 743 4702 776 4772; x_wconf 79' lang='grc' dir='ltr'><strong>ἡ</strong></span> <span class='ocrx_word' id='word_1_771' title='bbox 805 4701 903 4770; x_wconf 82' lang='grc' dir='ltr'><strong>μὲν</strong></span> <span class='ocrx_word' id='word_1_772' title='bbox 942 4701 1002 4753; x_wconf 89' lang='grc' dir='ltr'><strong>τὸ</strong></span> <span class='ocrx_word' id='word_1_773' title='bbox 1050 4702 1409 4773; x_wconf 79' lang='grc' dir='ltr'>προνοητικὸν</span> <span class='ocrx_word' id='word_1_774' title='bbox 1445 4702 1540 4755; x_wconf 76' lang='grc' dir='ltr'><strong>καὶ</strong></span> <span class='ocrx_word' id='word_1_775' title='bbox 1587 4700 1736 4769; x_wconf 79' lang='grc' dir='ltr'>φιλό-</span> 
     </span>
    </p>
   </div>
   <div class='ocr_carea' id='block_1_97' title="bbox 137 4788 1740 4864">
    <p class='ocr_par' dir='ltr' id='par_1_97' title="bbox 137 4788 1740 4864">
     <span class='ocr_line' id='line_1_97' title="bbox 137 4788 1740 4864; baseline 0 -22"><span class='ocrx_word' id='word_1_776' title='bbox 137 4788 301 4855; x_wconf 81' lang='grc' dir='ltr'>ζωον,</span> <span class='ocrx_word' id='word_1_777' title='bbox 326 4790 387 4843; x_wconf 79' lang='grc' dir='ltr'><strong>τὸ</strong></span> <span class='ocrx_word' id='word_1_778' title='bbox 414 4790 473 4844; x_wconf 79' lang='grc' dir='ltr'>δὲ</span> <span class='ocrx_word' id='word_1_779' title='bbox 494 4790 765 4861; x_wconf 78' lang='grc' dir='ltr'>τολμηρὸν</span> <span class='ocrx_word' id='word_1_780' title='bbox 810 4791 905 4845; x_wconf 77' lang='grc' dir='ltr'><strong>καὶ</strong></span> <span class='ocrx_word' id='word_1_781' title='bbox 951 4794 1088 4864; x_wconf 84' lang='grc' dir='ltr'>πρὸς</span> <span class='ocrx_word' id='word_1_782' title='bbox 1122 4794 1249 4855; x_wconf 77' lang='grc' dir='ltr'>τοὺς</span> <span class='ocrx_word' id='word_1_783' title='bbox 1286 4790 1564 4853; x_wconf 83' lang='grc' dir='ltr'>κινδύνους</span> <span class='ocrx_word' id='word_1_784' title='bbox 1600 4792 1740 4844; x_wconf 74' lang='grc' dir='ltr'>ἕτοι-</span> 
     </span>
    </p>
   </div>
   <div class='ocr_carea' id='block_1_98' title="bbox 139 4883 1737 4956">
    <p class='ocr_par' dir='ltr' id='par_1_98' title="bbox 139 4883 1737 4956">
     <span class='ocr_line' id='line_1_98' title="bbox 139 4883 1737 4956; baseline 0.001 -21"><span class='ocrx_word' id='word_1_785' title='bbox 139 4898 263 4951; x_wconf 76' lang='grc' dir='ltr'>μον.</span> <span class='ocrx_word' id='word_1_786' title='bbox 305 4883 494 4953; x_wconf 83' lang='grc' dir='ltr'>Πάντη</span> <span class='ocrx_word' id='word_1_787' title='bbox 527 4883 637 4956; x_wconf 78' lang='grc' dir='ltr'>γὰρ</span> <span class='ocrx_word' id='word_1_788' title='bbox 683 4884 1009 4950; x_wconf 86' lang='grc' dir='ltr'>ἀπελθόντος</span> <span class='ocrx_word' id='word_1_789' title='bbox 1058 4886 1153 4939; x_wconf 91' lang='grc' dir='ltr'><strong>τοῦ</strong></span> <span class='ocrx_word' id='word_1_790' title='bbox 1192 4886 1505 4955; x_wconf 86' lang='grc' dir='ltr'>ἀγαθοῦ,τὸ</span> <span class='ocrx_word' id='word_1_791' title='bbox 1537 4887 1737 4939; x_wconf 79' lang='grc' dir='ltr'>ἐναπο-</span> 
     </span>
    </p>
   </div>
   <div class='ocr_carea' id='block_1_99' title="bbox 142 4973 1736 5049">
    <p class='ocr_par' dir='ltr' id='par_1_99' title="bbox 142 4973 1736 5049">
     <span class='ocr_line' id='line_1_99' title="bbox 142 4973 1736 5049; baseline 0.001 -24"><span class='ocrx_word' id='word_1_792' title='bbox 142 4976 337 5043; x_wconf 83' lang='grc' dir='ltr'>μεῖναν</span> <span class='ocrx_word' id='word_1_793' title='bbox 363 4973 491 5027; x_wconf 74' lang='grc' dir='ltr'>οὔτε</span> <span class='ocrx_word' id='word_1_794' title='bbox 526 4974 755 5028; x_wconf 84' lang='grc' dir='ltr'>καθόλου</span> <span class='ocrx_word' id='word_1_795' title='bbox 785 4976 988 5043; x_wconf 73' lang='grc' dir='ltr'>ἀγαθὸν</span> <span class='ocrx_word' id='word_1_796' title='bbox 1030 4978 1204 5039; x_wconf 79' lang='grc' dir='ltr'>ἔσται,</span> <span class='ocrx_word' id='word_1_797' title='bbox 1226 4975 1352 5031; x_wconf 76' lang='grc' dir='ltr'>οὔτε</span> <span class='ocrx_word' id='word_1_798' title='bbox 1378 4978 1589 5049; x_wconf 79' lang='grc' dir='ltr'>μικτὸν,</span> <span class='ocrx_word' id='word_1_799' title='bbox 1613 4974 1736 5030; x_wconf 76' lang='grc' dir='ltr'>οὔτε</span> 
     </span>
    </p>
   </div>
   <div class='ocr_carea' id='block_1_100' title="bbox 140 5065 1739 5143">
    <p class='ocr_par' dir='ltr' id='par_1_100' title="bbox 140 5065 1739 5143">
     <span class='ocr_line' id='line_1_100' title="bbox 140 5065 1739 5143; baseline -0.001 -25"><span class='ocrx_word' id='word_1_800' title='bbox 140 5067 252 5137; x_wconf 83' lang='grc' dir='ltr'>μὴν</span> <span class='ocrx_word' id='word_1_801' title='bbox 282 5066 612 5121; x_wconf 83' lang='grc' dir='ltr'>αὑτόκακον.</span> <span class='ocrx_word' id='word_1_802' title='bbox 640 5067 718 5119; x_wconf 86' lang='grc' dir='ltr'><strong>Τά</strong></span> <span class='ocrx_word' id='word_1_803' title='bbox 760 5068 890 5136; x_wconf 88' lang='grc' dir='ltr'>γοῦν</span> <span class='ocrx_word' id='word_1_804' title='bbox 929 5069 1024 5122; x_wconf 85' lang='grc' dir='ltr'><strong>δύο</strong></span> <span class='ocrx_word' id='word_1_805' title='bbox 1066 5069 1405 5143; x_wconf 85' lang='grc' dir='ltr'>παρέδραμε.</span> <span class='ocrx_word' id='word_1_806' title='bbox 1456 5067 1580 5131; x_wconf 88' lang='grc' dir='ltr'>Πῶς</span> <span class='ocrx_word' id='word_1_807' title='bbox 1628 5065 1739 5135; x_wconf 84' lang='grc' dir='ltr'><strong>γὰρ</strong></span> 
     </span>
    </p>
   </div>
   <div class='ocr_carea' id='block_1_101' title="bbox 136 5158 1737 5235">
    <p class='ocr_par' dir='ltr' id='par_1_101' title="bbox 136 5158 1737 5235">
     <span class='ocr_line' id='line_1_101' title="bbox 136 5158 1737 5235; baseline -0.001 -24"><span class='ocrx_word' id='word_1_808' title='bbox 136 5160 367 5213; x_wconf 85' lang='grc' dir='ltr'>καθόλου</span> <span class='ocrx_word' id='word_1_809' title='bbox 394 5159 550 5213; x_wconf 75' lang='grc' dir='ltr'>ἔσται</span> <span class='ocrx_word' id='word_1_810' title='bbox 575 5161 796 5229; x_wconf 87' lang='grc' dir='ltr'>ἀγαθὸν,</span> <span class='ocrx_word' id='word_1_811' title='bbox 828 5162 887 5228; x_wconf 77' lang='grc' dir='ltr'>ἐξ</span> <span class='ocrx_word' id='word_1_812' title='bbox 929 5158 1099 5235; x_wconf 72' lang='grc' dir='ltr'>οὗπερ</span> <span class='ocrx_word' id='word_1_813' title='bbox 1137 5161 1345 5231; x_wconf 82' lang='grc' dir='ltr'>ἀπῆλθε</span> <span class='ocrx_word' id='word_1_814' title='bbox 1381 5160 1442 5212; x_wconf 88' lang='grc' dir='ltr'><strong>τὸ</strong></span> <span class='ocrx_word' id='word_1_815' title='bbox 1478 5158 1737 5219; x_wconf 86' lang='grc' dir='ltr'>παντελὲς</span> 
     </span>
    </p>
   </div>
   <div class='ocr_carea' id='block_1_102' title="bbox 134 5252 1737 5325">
    <p class='ocr_par' dir='ltr' id='par_1_102' title="bbox 134 5252 1737 5325">
     <span class='ocr_line' id='line_1_102' title="bbox 134 5252 1737 5325; baseline -0.003 -15"><span class='ocrx_word' id='word_1_816' title='bbox 134 5255 374 5325; x_wconf 75' lang='grc' dir='ltr'>ἀγαθόνς</span> <span class='ocrx_word' id='word_1_817' title='bbox 411 5252 531 5318; x_wconf 89' lang='grc' dir='ltr'><strong>πῶς</strong></span> <span class='ocrx_word' id='word_1_818' title='bbox 553 5253 611 5306; x_wconf 81' lang='grc' dir='ltr'><strong>δὲ</strong></span> <span class='ocrx_word' id='word_1_819' title='bbox 636 5254 797 5309; x_wconf 77' lang='grc' dir='ltr'>πάλιν</span> <span class='ocrx_word' id='word_1_820' title='bbox 813 5255 1115 5309; x_wconf 81' lang='grc' dir='ltr'>αύτόκακον</span> <span class='ocrx_word' id='word_1_821' title='bbox 1142 5255 1317 5319; x_wconf 78' lang='grc' dir='ltr'>ἔσται,</span> <span class='ocrx_word' id='word_1_822' title='bbox 1342 5253 1529 5325; x_wconf 77' lang='grc' dir='ltr'>ἐπειδὴ</span> <span class='ocrx_word' id='word_1_823' title='bbox 1560 5254 1737 5306; x_wconf 89' lang='grc' dir='ltr'>πάντα</span> 
     </span>
    </p>
   </div>
   <div class='ocr_carea' id='block_1_103' title="bbox 135 5346 1734 5419">
    <p class='ocr_par' dir='ltr' id='par_1_103' title="bbox 135 5346 1734 5419">
     <span class='ocr_line' id='line_1_103' title="bbox 135 5346 1734 5419; baseline -0.001 -18"><span class='ocrx_word' id='word_1_824' title='bbox 135 5351 205 5403; x_wconf 83' lang='grc' dir='ltr'>τὰ</span> <span class='ocrx_word' id='word_1_825' title='bbox 236 5350 367 5404; x_wconf 72' lang='grc' dir='ltr'>ὄντα</span> <span class='ocrx_word' id='word_1_826' title='bbox 390 5347 489 5402; x_wconf 87' lang='grc' dir='ltr'><strong>τοῦ</strong></span> <span class='ocrx_word' id='word_1_827' title='bbox 517 5346 726 5416; x_wconf 88' lang='grc' dir='ltr'>ἀγαθοῦ</span> <span class='ocrx_word' id='word_1_828' title='bbox 761 5349 1057 5419; x_wconf 87' lang='grc' dir='ltr'>μετέχοντά</span> <span class='ocrx_word' id='word_1_829' title='bbox 1079 5352 1186 5403; x_wconf 76' lang='grc' dir='ltr'>εἰσι</span> <span class='ocrx_word' id='word_1_830' title='bbox 1211 5364 1226 5413; x_wconf 85' lang='grc'><strong>;</strong></span> <span class='ocrx_word' id='word_1_831' title='bbox 1255 5348 1414 5401; x_wconf 88' lang='grc' dir='ltr'>τοῦτο</span> <span class='ocrx_word' id='word_1_832' title='bbox 1443 5348 1499 5400; x_wconf 86' lang='grc' dir='ltr'>δὲ</span> <span class='ocrx_word' id='word_1_833' title='bbox 1531 5364 1734 5403; x_wconf 85' lang='grc' dir='ltr'>παντε-</span> 
     </span>
    </p>
   </div>
   <div class='ocr_carea' id='block_1_104' title="bbox 138 5440 1736 5515">
    <p class='ocr_par' dir='ltr' id='par_1_104' title="bbox 138 5440 1736 5515">
     <span class='ocr_line' id='line_1_104' title="bbox 138 5440 1736 5515; baseline 0 -19"><span class='ocrx_word' id='word_1_834' title='bbox 138 5442 247 5508; x_wconf 88' lang='grc' dir='ltr'><strong>λῶς</strong></span> <span class='ocrx_word' id='word_1_835' title='bbox 279 5444 482 5515; x_wconf 88' lang='grc' dir='ltr'>ἀπέχει</span> <span class='ocrx_word' id='word_1_836' title='bbox 502 5440 596 5495; x_wconf 90' lang='grc' dir='ltr'><strong>τοῦ</strong></span> <span class='ocrx_word' id='word_1_837' title='bbox 628 5440 855 5510; x_wconf 90' lang='grc' dir='ltr'>ἀγαθοῦ.</span> <span class='ocrx_word' id='word_1_838' title='bbox 886 5442 961 5495; x_wconf 78' lang='grc' dir='ltr'><strong>Τὸ</strong></span> <span class='ocrx_word' id='word_1_839' title='bbox 984 5441 1065 5506; x_wconf 79' lang='grc' dir='ltr'>δὲ,</span> <span class='ocrx_word' id='word_1_840' title='bbox 1096 5444 1177 5495; x_wconf 85' lang='grc' dir='ltr'>ὃτι</span> <span class='ocrx_word' id='word_1_841' title='bbox 1207 5442 1267 5496; x_wconf 80' lang='grc' dir='ltr'><strong>οὐ</strong></span> <span class='ocrx_word' id='word_1_842' title='bbox 1302 5442 1493 5513; x_wconf 82' lang='grc' dir='ltr'>μικτὸν</span> <span class='ocrx_word' id='word_1_843' title='bbox 1537 5442 1736 5496; x_wconf 79' lang='grc' dir='ltr'>ἐναπο-</span> 
     </span>
    </p>
   </div>
   <div class='ocr_carea' id='block_1_105' title="bbox 135 5534 1736 5610">
    <p class='ocr_par' dir='ltr' id='par_1_105' title="bbox 135 5534 1736 5610">
     <span class='ocr_line' id='line_1_105' title="bbox 135 5534 1736 5610; baseline -0.003 -18"><span class='ocrx_word' id='word_1_844' title='bbox 135 5536 490 5610; x_wconf 81' lang='grc' dir='ltr'>λειφθήσεται</span> <span class='ocrx_word' id='word_1_845' title='bbox 511 5536 570 5587; x_wconf 82' lang='grc' dir='ltr'><strong>ὲν</strong></span> <span class='ocrx_word' id='word_1_846' title='bbox 598 5537 664 5605; x_wconf 79' lang='grc' dir='ltr'>τῇ</span> <span class='ocrx_word' id='word_1_847' title='bbox 693 5534 945 5588; x_wconf 86' lang='grc' dir='ltr'>παντελεῖ</span> <span class='ocrx_word' id='word_1_848' title='bbox 971 5534 1207 5607; x_wconf 82' lang='grc' dir='ltr'>ἀπουσίᾳ</span> <span class='ocrx_word' id='word_1_849' title='bbox 1221 5534 1318 5588; x_wconf 91' lang='grc' dir='ltr'><strong>τοῦ</strong></span> <span class='ocrx_word' id='word_1_850' title='bbox 1342 5534 1571 5603; x_wconf 82' lang='grc' dir='ltr'>ἀγαθοῦ,</span> <span class='ocrx_word' id='word_1_851' title='bbox 1597 5534 1736 5588; x_wconf 89' lang='grc' dir='ltr'>ἀπο-</span> 
     </span>
    </p>
   </div>
   <div class='ocr_carea' id='block_1_106' title="bbox 137 5634 1731 5710">
    <p class='ocr_par' dir='ltr' id='par_1_106' title="bbox 137 5634 1731 5710">
     <span class='ocr_line' id='line_1_106' title="bbox 137 5634 1731 5710; baseline -0.001 -21"><span class='ocrx_word' id='word_1_852' title='bbox 137 5636 380 5692; x_wconf 85' lang='grc' dir='ltr'>δείκνυσι</span> <span class='ocrx_word' id='word_1_853' title='bbox 404 5636 584 5705; x_wconf 82' lang='grc' dir='ltr'>λέγων</span> <span class='ocrx_word' id='word_1_854' title='bbox 614 5635 786 5700; x_wconf 77' lang='grc' dir='ltr'>οὕτως</span> <span class='ocrx_word' id='word_1_855' title='bbox 812 5653 825 5665; x_wconf 81' lang='grc'><em>’</em></span> <span class='ocrx_word' id='word_1_856' title='bbox 861 5638 924 5689; x_wconf 85' lang='grc' dir='ltr'><strong>Εἰ</strong></span> <span class='ocrx_word' id='word_1_857' title='bbox 952 5634 1219 5708; x_wconf 86' lang='grc' dir='ltr'>δώσομεν,</span> <span class='ocrx_word' id='word_1_858' title='bbox 1251 5637 1418 5695; x_wconf 81' lang='grc' dir='ltr'>ὄτιὲν.</span> <span class='ocrx_word' id='word_1_859' title='bbox 1440 5638 1507 5710; x_wconf 81' lang='grc' dir='ltr'>τῇ</span> <span class='ocrx_word' id='word_1_860' title='bbox 1530 5653 1731 5691; x_wconf 88' lang='grc' dir='ltr'>παντε-</span> 
     </span>
    </p>
   </div>
   <div class='ocr_carea' id='block_1_107' title="bbox 139 5727 1732 5802">
    <p class='ocr_par' dir='ltr' id='par_1_107' title="bbox 139 5727 1732 5802">
     <span class='ocr_line' id='line_1_107' title="bbox 139 5727 1732 5802; baseline 0.003 -23"><span class='ocrx_word' id='word_1_861' title='bbox 139 5727 217 5781; x_wconf 86' lang='grc' dir='ltr'><strong>λεῖ</strong></span> <span class='ocrx_word' id='word_1_862' title='bbox 242 5730 492 5796; x_wconf 80' lang='grc' dir='ltr'>ἀπουσίᾳ</span> <span class='ocrx_word' id='word_1_863' title='bbox 520 5728 613 5783; x_wconf 90' lang='grc' dir='ltr'><strong>τοῦ</strong></span> <span class='ocrx_word' id='word_1_864' title='bbox 640 5728 843 5799; x_wconf 73' lang='grc' dir='ltr'>ἀγαθοῦ</span> <span class='ocrx_word' id='word_1_865' title='bbox 869 5729 926 5782; x_wconf 82' lang='grc' dir='ltr'>τὸ</span> <span class='ocrx_word' id='word_1_866' title='bbox 948 5730 1314 5802; x_wconf 83' lang='grc' dir='ltr'>ὲναπομείναν</span> <span class='ocrx_word' id='word_1_867' title='bbox 1344 5730 1513 5784; x_wconf 81' lang='grc' dir='ltr'>κακὸν</span> <span class='ocrx_word' id='word_1_868' title='bbox 1542 5729 1732 5792; x_wconf 81' lang='grc' dir='ltr'>ἀτελές</span> 
     </span>
    </p>
   </div>
   <div class='ocr_carea' id='block_1_108' title="bbox 1844 4515 3463 4588">
    <p class='ocr_par' dir='ltr' id='par_1_108' title="bbox 1844 4515 3463 4588">
     <span class='ocr_line' id='line_1_108' title="bbox 1844 4515 3463 4588; baseline 0.006 -21"><span class='ocrx_word' id='word_1_869' title='bbox 1844 4529 1997 4578; x_wconf 87' lang='lat' dir='ltr'><strong>num,</strong></span> <span class='ocrx_word' id='word_1_870' title='bbox 2024 4524 2078 4568; x_wconf 92' lang='lat' dir='ltr'><strong>et</strong></span> <span class='ocrx_word' id='word_1_871' title='bbox 2106 4515 2438 4584; x_wconf 89' lang='lat' dir='ltr'><strong>inquantum</strong></span> <span class='ocrx_word' id='word_1_872' title='bbox 2466 4518 2594 4573; x_wconf 87' lang='lat' dir='ltr'><strong>boni</strong></span> <span class='ocrx_word' id='word_1_873' title='bbox 2614 4520 2891 4588; x_wconf 87' lang='lat' dir='ltr'><strong>particeps</strong></span> <span class='ocrx_word' id='word_1_874' title='bbox 2917 4518 3137 4582; x_wconf 59' lang='lat' dir='ltr'><strong>est,ch</strong></span> <span class='ocrx_word' id='word_1_875' title='bbox 3160 4516 3334 4585; x_wconf 74' lang='lat' dir='ltr'><strong>majus</strong></span> <span class='ocrx_word' id='word_1_876' title='bbox 3350 4518 3435 4570; x_wconf 78' lang='lat' dir='ltr'><strong>vel</strong></span> <span class='ocrx_word' id='word_1_877' title='bbox 3456 4564 3463 4576; x_wconf 47' lang='grc' dir='ltr'>,ν</span> 
     </span>
    </p>
   </div>
   <div class='ocr_carea' id='block_1_109' title="bbox 1846 4606 3453 4676">
    <p class='ocr_par' dir='ltr' id='par_1_109' title="bbox 1846 4606 3453 4676">
     <span class='ocr_line' id='line_1_109' title="bbox 1846 4606 3453 4676; baseline 0.002 -18"><span class='ocrx_word' id='word_1_878' title='bbox 1846 4606 2025 4660; x_wconf 91' lang='lat' dir='ltr'><strong>minus</strong></span> <span class='ocrx_word' id='word_1_879' title='bbox 2043 4606 2175 4675; x_wconf 83' lang='lat' dir='ltr'><strong>quid</strong></span> <span class='ocrx_word' id='word_1_880' title='bbox 2191 4609 2428 4676; x_wconf 87' lang='lat' dir='ltr'><strong>exsistit,</strong></span> <span class='ocrx_word' id='word_1_881' title='bbox 2444 4610 2574 4664; x_wconf 86' lang='lat' dir='ltr'><strong>et&#39;in</strong></span> <span class='ocrx_word' id='word_1_882' title='bbox 2596 4610 2757 4664; x_wconf 92' lang='lat' dir='ltr'><strong>rebus</strong></span> <span class='ocrx_word' id='word_1_883' title='bbox 2772 4620 2874 4664; x_wconf 83' lang='lat' dir='ltr'><strong>est.</strong></span> <span class='ocrx_word' id='word_1_884' title='bbox 2895 4609 3073 4665; x_wconf 91' lang='lat' dir='ltr'><strong>Simili</strong></span> <span class='ocrx_word' id='word_1_885' title='bbox 3090 4609 3247 4663; x_wconf 90' lang='lat' dir='ltr'><strong>modo</strong></span> <span class='ocrx_word' id='word_1_886' title='bbox 3262 4608 3453 4671; x_wconf 64' lang='lat' dir='ltr'><strong>etiam~</strong></span> 
     </span>
    </p>
   </div>
   <div class='ocr_carea' id='block_1_110' title="bbox 1845 4699 3452 4775">
    <p class='ocr_par' dir='ltr' id='par_1_110' title="bbox 1845 4699 3452 4775">
     <span class='ocr_line' id='line_1_110' title="bbox 1845 4699 3452 4775; baseline 0 -22"><span class='ocrx_word' id='word_1_887' title='bbox 1845 4699 1901 4755; x_wconf 92' lang='lat' dir='ltr'><strong>in</strong></span> <span class='ocrx_word' id='word_1_888' title='bbox 1921 4714 1986 4754; x_wconf 88' lang='lat' dir='ltr'><strong>eo</strong></span> <span class='ocrx_word' id='word_1_889' title='bbox 2003 4701 2145 4770; x_wconf 87' lang='lat' dir='ltr'><strong>qttod</strong></span> <span class='ocrx_word' id='word_1_890' title='bbox 2165 4702 2366 4756; x_wconf 88' lang='lat' dir='ltr'><strong>dicitur</strong></span> <span class='ocrx_word' id='word_1_891' title='bbox 2385 4703 2559 4772; x_wconf 90' lang='lat' dir='ltr'><strong>ipsum</strong></span> <span class='ocrx_word' id='word_1_892' title='bbox 2579 4718 2699 4758; x_wconf 91' lang='lat' dir='ltr'><strong>esse</strong></span> <span class='ocrx_word' id='word_1_893' title='bbox 2716 4719 2814 4775; x_wconf 78' lang='lat' dir='ltr'><strong>per</strong></span> <span class='ocrx_word' id='word_1_894' title='bbox 2830 4702 3246 4766; x_wconf 79' lang='lat' dir='ltr'><strong>allirmationem</strong></span> <span class='ocrx_word' id='word_1_895' title='bbox 3270 4718 3284 4766; x_wconf 89' lang='lat'><strong>;</strong></span> <span class='ocrx_word' id='word_1_896' title='bbox 3308 4718 3452 4763; x_wconf 41' lang='lat' dir='ltr'><strong>nam,</strong></span> 
     </span>
    </p>
   </div>
   <div class='ocr_carea' id='block_1_111' title="bbox 1843 4792 3434 4866">
    <p class='ocr_par' dir='ltr' id='par_1_111' title="bbox 1843 4792 3434 4866">
     <span class='ocr_line' id='line_1_111' title="bbox 1843 4792 3434 4866; baseline 0 -22"><span class='ocrx_word' id='word_1_897' title='bbox 1843 4792 1988 4860; x_wconf 84' lang='lat' dir='ltr'><strong>quod</strong></span> <span class='ocrx_word' id='word_1_898' title='bbox 2020 4806 2362 4861; x_wconf 87' lang='lat' dir='ltr'><strong>nequaquam</strong></span> <span class='ocrx_word' id='word_1_899' title='bbox 2387 4808 2618 4866; x_wconf 79' lang='lat' dir='ltr'><strong>usquam</strong></span> <span class='ocrx_word' id='word_1_900' title='bbox 2635 4803 2743 4859; x_wconf 90' lang='lat' dir='ltr'><strong>est,</strong></span> <span class='ocrx_word' id='word_1_901' title='bbox 2778 4793 2994 4853; x_wconf 87' lang='lat' dir='ltr'><strong>tametsi</strong></span> <span class='ocrx_word' id='word_1_902' title='bbox 3025 4794 3190 4847; x_wconf 88' lang='lat' dir='ltr'><strong>etiam</strong></span> <span class='ocrx_word' id='word_1_903' title='bbox 3219 4792 3434 4845; x_wconf 86' lang='lat' dir='ltr'><strong>dicere-</strong></span> 
     </span>
    </p>
   </div>
   <div class='ocr_carea' id='block_1_112' title="bbox 1846 4884 3427 4954">
    <p class='ocr_par' dir='ltr' id='par_1_112' title="bbox 1846 4884 3427 4954">
     <span class='ocr_line' id='line_1_112' title="bbox 1846 4884 3427 4954; baseline 0.002 -18"><span class='ocrx_word' id='word_1_904' title='bbox 1846 4893 1932 4937; x_wconf 89' lang='lat' dir='ltr'><strong>tur</strong></span> <span class='ocrx_word' id='word_1_905' title='bbox 1967 4884 2141 4954; x_wconf 92' lang='lat' dir='ltr'><strong>ipsum</strong></span> <span class='ocrx_word' id='word_1_906' title='bbox 2164 4899 2284 4940; x_wconf 90' lang='lat' dir='ltr'><strong>esse</strong></span> <span class='ocrx_word' id='word_1_907' title='bbox 2312 4898 2408 4953; x_wconf 87' lang='lat' dir='ltr'><strong>per</strong></span> <span class='ocrx_word' id='word_1_908' title='bbox 2434 4885 2879 4952; x_wconf 77' lang='lat' dir='ltr'><strong>afﬁrmationem,</strong></span> <span class='ocrx_word' id='word_1_909' title='bbox 2898 4900 3257 4954; x_wconf 81' lang='lat' dir='ltr'><strong>nequaquam</strong></span> <span class='ocrx_word' id='word_1_910' title='bbox 3297 4884 3427 4939; x_wconf 90' lang='lat' dir='ltr'><strong>erit.</strong></span> 
     </span>
    </p>
   </div>
   <div class='ocr_carea' id='block_1_113' title="bbox 1843 4977 3453 5054">
    <p class='ocr_par' dir='ltr' id='par_1_113' title="bbox 1843 4977 3453 5054">
     <span class='ocr_line' id='line_1_113' title="bbox 1843 4977 3453 5054; baseline 0.002 -24"><span class='ocrx_word' id='word_1_911' title='bbox 1843 4977 1998 5043; x_wconf 74' lang='lat' dir='ltr'><strong>Quod</strong></span> <span class='ocrx_word' id='word_1_912' title='bbox 2021 4987 2207 5033; x_wconf 90' lang='lat' dir='ltr'><strong>autem</strong></span> <span class='ocrx_word' id='word_1_913' title='bbox 2258 4978 2457 5048; x_wconf 86' lang='lat' dir='ltr'><strong>partim</strong></span> <span class='ocrx_word' id='word_1_914' title='bbox 2486 4980 2707 5054; x_wconf 88' lang='lat' dir='ltr'><strong>quidem</strong></span> <span class='ocrx_word' id='word_1_915' title='bbox 2746 4988 2854 5042; x_wconf 86' lang='lat' dir='ltr'><strong>est,</strong></span> <span class='ocrx_word' id='word_1_916' title='bbox 2890 4979 3091 5049; x_wconf 89' lang='lat' dir='ltr'><strong>partim</strong></span> <span class='ocrx_word' id='word_1_917' title='bbox 3126 4991 3257 5043; x_wconf 74' lang='lat' dir='ltr'><strong>vero</strong></span> <span class='ocrx_word' id='word_1_918' title='bbox 3317 4993 3453 5039; x_wconf 77' lang='lat' dir='ltr'><strong>non,</strong></span> 
     </span>
    </p>
   </div>
   <div class='ocr_carea' id='block_1_114' title="bbox 1842 5070 3433 5142">
    <p class='ocr_par' dir='ltr' id='par_1_114' title="bbox 1842 5070 3433 5142">
     <span class='ocr_line' id='line_1_114' title="bbox 1842 5070 3433 5142; baseline -0.001 -16"><span class='ocrx_word' id='word_1_919' title='bbox 1842 5082 1949 5137; x_wconf 91' lang='lat' dir='ltr'><strong>est,</strong></span> <span class='ocrx_word' id='word_1_920' title='bbox 1983 5072 2036 5126; x_wconf 87' lang='lat' dir='ltr'><strong>id</strong></span> <span class='ocrx_word' id='word_1_921' title='bbox 2059 5080 2329 5142; x_wconf 85' lang='lat' dir='ltr'><strong>quatenus</strong></span> <span class='ocrx_word' id='word_1_922' title='bbox 2353 5074 2421 5125; x_wconf 90' lang='lat' dir='ltr'><strong>ab</strong></span> <span class='ocrx_word' id='word_1_923' title='bbox 2462 5087 2528 5127; x_wconf 89' lang='lat' dir='ltr'><strong>eo</strong></span> <span class='ocrx_word' id='word_1_924' title='bbox 2558 5071 2703 5142; x_wconf 89' lang='lat' dir='ltr'><strong>quod</strong></span> <span class='ocrx_word' id='word_1_925' title='bbox 2735 5087 2864 5127; x_wconf 86' lang='lat' dir='ltr'><strong>vere</strong></span> <span class='ocrx_word' id='word_1_926' title='bbox 2894 5082 2980 5127; x_wconf 90' lang='lat' dir='ltr'><strong>est</strong></span> <span class='ocrx_word' id='word_1_927' title='bbox 3028 5070 3271 5135; x_wconf 69' lang='lat' dir='ltr'><strong>decidit,</strong></span> <span class='ocrx_word' id='word_1_928' title='bbox 3313 5087 3433 5131; x_wconf 81' lang='lat' dir='ltr'><strong>non</strong></span> 
     </span>
    </p>
   </div>
   <div class='ocr_carea' id='block_1_115' title="bbox 1841 5163 3427 5236">
    <p class='ocr_par' dir='ltr' id='par_1_115' title="bbox 1841 5163 3427 5236">
     <span class='ocr_line' id='line_1_115' title="bbox 1841 5163 3427 5236; baseline -0.002 -17"><span class='ocrx_word' id='word_1_929' title='bbox 1841 5174 1927 5219; x_wconf 87' lang='lat' dir='ltr'><strong>est</strong></span> <span class='ocrx_word' id='word_1_930' title='bbox 1961 5166 2129 5220; x_wconf 87' lang='lat' dir='ltr'><strong>etiam</strong></span> <span class='ocrx_word' id='word_1_931' title='bbox 2161 5167 2247 5222; x_wconf 87' lang='lat' dir='ltr'><strong>vel</strong></span> <span class='ocrx_word' id='word_1_932' title='bbox 2281 5165 2735 5236; x_wconf 86' lang='lat' dir='ltr'><strong>aliqualimodo,</strong></span> <span class='ocrx_word' id='word_1_933' title='bbox 2767 5174 2824 5226; x_wconf 82' lang='lat' dir='ltr'><strong>et</strong></span> <span class='ocrx_word' id='word_1_934' title='bbox 2844 5178 3091 5232; x_wconf 75' lang='lat' dir='ltr'><strong>non-ens</strong></span> <span class='ocrx_word' id='word_1_935' title='bbox 3118 5163 3290 5233; x_wconf 86' lang='lat' dir='ltr'><strong>ipsius</strong></span> <span class='ocrx_word' id='word_1_936' title='bbox 3334 5180 3427 5216; x_wconf 83' lang='lat' dir='ltr'><strong>su-</strong></span> 
     </span>
    </p>
   </div>
   <div class='ocr_carea' id='block_1_116' title="bbox 1840 5257 3429 5331">
    <p class='ocr_par' dir='ltr' id='par_1_116' title="bbox 1840 5257 3429 5331">
     <span class='ocr_line' id='line_1_116' title="bbox 1840 5257 3429 5331; baseline 0 -19"><span class='ocrx_word' id='word_1_937' title='bbox 1840 5270 2068 5328; x_wconf 75' lang='lat' dir='ltr'><strong>peratur</strong></span> <span class='ocrx_word' id='word_1_938' title='bbox 2097 5271 2259 5331; x_wconf 89' lang='lat' dir='ltr'><strong>atque</strong></span> <span class='ocrx_word' id='word_1_939' title='bbox 2282 5270 2560 5325; x_wconf 82' lang='lat' dir='ltr'><strong>servatur;</strong></span> <span class='ocrx_word' id='word_1_940' title='bbox 2605 5274 2733 5321; x_wconf 84' lang='lat' dir='ltr'><strong>nam</strong></span> <span class='ocrx_word' id='word_1_941' title='bbox 2769 5258 2872 5315; x_wconf 89' lang='lat' dir='ltr'><strong>hoc</strong></span> <span class='ocrx_word' id='word_1_942' title='bbox 2912 5257 3102 5323; x_wconf 81' lang='lat' dir='ltr'><strong>etiam,</strong></span> <span class='ocrx_word' id='word_1_943' title='bbox 3128 5257 3429 5326; x_wconf 82' lang='lat' dir='ltr'><strong>priusdixit</strong></span> 
     </span>
    </p>
   </div>
   <div class='ocr_carea' id='block_1_117' title="bbox 1840 5347 3429 5427">
    <p class='ocr_par' dir='ltr' id='par_1_117' title="bbox 1840 5347 3429 5427">
     <span class='ocr_line' id='line_1_117' title="bbox 1840 5347 3429 5427; baseline -0.003 -22"><span class='ocrx_word' id='word_1_944' title='bbox 1840 5352 1986 5421; x_wconf 89' lang='lat' dir='ltr'><strong>quod</strong></span> <span class='ocrx_word' id='word_1_945' title='bbox 2021 5353 2187 5407; x_wconf 91' lang='lat' dir='ltr'><strong>etiam</strong></span> <span class='ocrx_word' id='word_1_946' title='bbox 2223 5353 2561 5427; x_wconf 74' lang='lat' dir='ltr'><strong>privationes</strong></span> <span class='ocrx_word' id='word_1_947' title='bbox 2584 5350 3114 5407; x_wconf 88' lang='lat' dir='ltr'><strong>roboretsecundum</strong></span> <span class='ocrx_word' id='word_1_948' title='bbox 3145 5347 3289 5419; x_wconf 91' lang='lat' dir='ltr'><strong>quod</strong></span> <span class='ocrx_word' id='word_1_949' title='bbox 3309 5363 3429 5401; x_wconf 62' lang='lat' dir='ltr'><strong>om-</strong></span> 
     </span>
    </p>
   </div>
   <div class='ocr_carea' id='block_1_118' title="bbox 1840 5443 3511 5519">
    <p class='ocr_par' dir='ltr' id='par_1_118' title="bbox 1840 5443 3511 5519">
     <span class='ocr_line' id='line_1_118' title="bbox 1840 5443 3511 5519; baseline -0.001 -20"><span class='ocrx_word' id='word_1_950' title='bbox 1840 5446 1971 5502; x_wconf 69' lang='lat' dir='ltr'><strong>nitio</strong></span> <span class='ocrx_word' id='word_1_951' title='bbox 2025 5456 2173 5501; x_wconf 85' lang='lat' dir='ltr'><strong>sunt.</strong></span> <span class='ocrx_word' id='word_1_952' title='bbox 2218 5445 2370 5519; x_wconf 80' lang='lat' dir='ltr'><strong>Quod</strong></span> <span class='ocrx_word' id='word_1_953' title='bbox 2424 5446 2611 5516; x_wconf 90' lang='lat' dir='ltr'><strong>itaque</strong></span> <span class='ocrx_word' id='word_1_954' title='bbox 2666 5458 2899 5516; x_wconf 88' lang='lat' dir='ltr'><strong>prorsus</strong></span> <span class='ocrx_word' id='word_1_955' title='bbox 2931 5443 3132 5497; x_wconf 87' lang='lat' dir='ltr'><strong>malum</strong></span> <span class='ocrx_word' id='word_1_956' title='bbox 3166 5450 3271 5506; x_wconf 87' lang='lat' dir='ltr'><strong>est,</strong></span> <span class='ocrx_word' id='word_1_957' title='bbox 3321 5455 3423 5497; x_wconf 88' lang='lat' dir='ltr'><strong>nec</strong></span> <span class='ocrx_word' id='word_1_958' title='bbox 3508 5480 3511 5483; x_wconf 63' lang='grc'>‹</span> 
     </span>
    </p>
   </div>
   <div class='ocr_carea' id='block_1_119' title="bbox 1839 5534 3422 5615">
    <p class='ocr_par' dir='ltr' id='par_1_119' title="bbox 1839 5534 3422 5615">
     <span class='ocr_line' id='line_1_119' title="bbox 1839 5534 3422 5615; baseline -0.004 -22"><span class='ocrx_word' id='word_1_959' title='bbox 1839 5548 1925 5594; x_wconf 83' lang='lat' dir='ltr'><strong>est</strong></span> <span class='ocrx_word' id='word_1_960' title='bbox 1980 5538 2245 5609; x_wconf 83' lang='lat' dir='ltr'><strong>quidem:</strong></span> <span class='ocrx_word' id='word_1_961' title='bbox 2283 5539 2427 5610; x_wconf 87' lang='lat' dir='ltr'><strong>quod</strong></span> <span class='ocrx_word' id='word_1_962' title='bbox 2465 5548 2646 5591; x_wconf 84' lang='lat' dir='ltr'><strong>autem</strong></span> <span class='ocrx_word' id='word_1_963' title='bbox 2689 5539 2889 5615; x_wconf 88' lang='lat' dir='ltr'><strong>partim</strong></span> <span class='ocrx_word' id='word_1_964' title='bbox 2935 5535 3154 5605; x_wconf 86' lang='lat' dir='ltr'><strong>quidem</strong></span> <span class='ocrx_word' id='word_1_965' title='bbox 3196 5534 3422 5599; x_wconf 85' lang='lat' dir='ltr'><strong>bonum,</strong></span> 
     </span>
    </p>
   </div>
   <div class='ocr_carea' id='block_1_120' title="bbox 1839 5628 3426 5701">
    <p class='ocr_par' dir='ltr' id='par_1_120' title="bbox 1839 5628 3426 5701">
     <span class='ocr_line' id='line_1_120' title="bbox 1839 5628 3426 5701; baseline -0.005 -14"><span class='ocrx_word' id='word_1_966' title='bbox 1839 5633 2039 5701; x_wconf 85' lang='lat' dir='ltr'><strong>partim</strong></span> <span class='ocrx_word' id='word_1_967' title='bbox 2108 5646 2239 5689; x_wconf 91' lang='lat' dir='ltr'><strong>vero</strong></span> <span class='ocrx_word' id='word_1_968' title='bbox 2312 5647 2421 5687; x_wconf 93' lang='lat' dir='ltr'><strong>non</strong></span> <span class='ocrx_word' id='word_1_969' title='bbox 2490 5631 2695 5687; x_wconf 90' lang='lat' dir='ltr'><strong>bonum</strong></span> <span class='ocrx_word' id='word_1_970' title='bbox 2763 5641 2868 5697; x_wconf 89' lang='lat' dir='ltr'><strong>est,</strong></span> <span class='ocrx_word' id='word_1_971' title='bbox 2923 5631 3029 5685; x_wconf 89' lang='lat' dir='ltr'><strong>hoc</strong></span> <span class='ocrx_word' id='word_1_972' title='bbox 3099 5628 3258 5683; x_wconf 89' lang='lat' dir='ltr'><strong>alicui</strong></span> <span class='ocrx_word' id='word_1_973' title='bbox 3324 5630 3426 5681; x_wconf 83' lang='lat' dir='ltr'><strong>bo-</strong></span> 
     </span>
    </p>
   </div>
   <div class='ocr_carea' id='block_1_121' title="bbox 1839 5723 3426 5793">
    <p class='ocr_par' dir='ltr' id='par_1_121' title="bbox 1839 5723 3426 5793">
     <span class='ocr_line' id='line_1_121' title="bbox 1839 5723 3426 5793; baseline -0.004 -12"><span class='ocrx_word' id='word_1_974' title='bbox 1839 5742 1911 5784; x_wconf 89' lang='lat' dir='ltr'><strong>tto</strong></span> <span class='ocrx_word' id='word_1_975' title='bbox 1956 5727 2297 5792; x_wconf 86' lang='lat' dir='ltr'><strong>adversatur,</strong></span> <span class='ocrx_word' id='word_1_976' title='bbox 2350 5736 2723 5782; x_wconf 87' lang='lat' dir='ltr'><strong>verumtamen</strong></span> <span class='ocrx_word' id='word_1_977' title='bbox 2793 5732 3080 5793; x_wconf 85' lang='lat' dir='ltr'><strong>superatur</strong></span> <span class='ocrx_word' id='word_1_978' title='bbox 3142 5731 3193 5775; x_wconf 88' lang='lat' dir='ltr'><strong>et</strong></span> <span class='ocrx_word' id='word_1_979' title='bbox 3253 5723 3426 5783; x_wconf 82' lang='lat' dir='ltr'><strong>conti-</strong></span> 
     </span>
    </p>
   </div>
  </div>
