3742 6306
309 276 406 332 791

1488 274 1546 330 S.
1582 270 1885 329 DIONYSII
1917 270 2382 329 AREOPAGITE

3506 267 3610 322 799.

308 401 471 447 netur
519 406 547 444 a
614 390 754 445 bono
844 389 1061 459 aliquali
1119 388 1237 458 ejus
1288 390 1730 460 participatione.
1779 388 1786 442 l

2130 408 2149 443 ν
2175 388 2397 458 ἀγαθὸν,
2436 387 2587 461 μένει
2611 386 2799 442 λοιπὸν
2823 388 2881 442 ἐν
2917 386 3067 458 αὑτῷ
3099 405 3155 443 τι
3193 386 3451 457 ἀγαθόν·

308 483 458 536 enim
506 482 1006 552 pusillanimitatem
1060 493 1244 537 autem
1308 482 1597 537 audaciam
1657 481 1886 544 dixeris,

311 573 518 627 habent
565 574 725 627 etiam
787 575 902 629 lucc
961 575 1269 643 portionem
1322 574 1558 644 aliquam
1607 575 1759 638 boui,
1800 572 1891 627 illa

311 666 531 737 quidem
589 667 989 735 providentiam
1029 676 1085 721 et
1126 682 1370 721 amorem
1423 668 1567 734 vitm,
1615 669 1726 723 hanc
1764 682 1893 724 vero

309 760 693 814 sirenuitatem
732 770 786 814 et
825 760 891 815 ad
922 759 1164 829 pericula
1203 761 1710 831 promptitudiuem.
1746 761 1893 816 Bono

312 850 458 904 enim
487 867 712 918 prorsus
740 852 1063 918 decedente,
1089 851 1144 907 id
1168 852 1314 921 quod
1352 864 1594 909 remanet
1626 869 1727 909 nec
1775 870 1895 909 om—

310 942 440 995 niuo
472 943 672 996 bonum
704 944 830 1005 erit,
867 958 1049 1014 neque
1089 943 1337 1008 mistum,
1389 961 1565 1016 neque
1594 947 1761 1001 etiam
1796 963 1894 1016 per

311 1050 372 1088 se
402 1034 625 1089 malum.
673 1037 788 1089 Duo
831 1035 999 1105 igitur
1046 1046 1355 1105 percurret.
1415 1038 1698 1105 Quomodo
1745 1043 1892 1096 enim

309 1130 536 1185 omnino
573 1131 680 1186 erit
717 1131 945 1195 bonum,
1000 1147 1030 1185 a
1064 1148 1175 1203 quo
1223 1133 1466 1189 decessit
1518 1136 1891 1189 omnimodum

1996 480 2089 538 οὖν
2118 486 2177 537 ἐν
2199 487 2265 556 τῇ
2292 483 2547 538 παντελεῖ
2560 483 2797 555 ἀπουσίᾳ
2820 483 2915 537 τοῦ
2948 483 3155 553 ἀγαθοῦ
3182 484 3281 537 καὶ
3301 483 3369 536 τὸ
3400 483 3613 537 castra

1996 578 2091 631 xui.
2110 577 2170 631 τὸ
2192 576 2382 641 ἀτελὲς
2404 575 2673 641 ἀπέσται,
2712 576 2807 631 xui.
2848 576 2966 641 πῶς
3008 576 3158 630 ἔσται
3202 574 3377 628 τοῦτο
3422 574 3613 637 ἀτελὲς

1996 669 2201 739 ἀγαθόν
2226 687 2239 736 ἱ
2262 670 2385 723 τότε
2411 670 2522 742 γὰρ
2567 670 2727 741 μόνον
2769 670 3070 741 ὀφθήσεται
3118 668 3181 721 τὸ
3208 667 3396 722 κακὸν
3422 668 3615 731 ἀτελὲς

1995 764 2220 834 ἀγαθὸν,
2254 764 2344 817 ὅτε
2361 764 2420 817 οὑ
2445 763 2654 832 γίνεται
2683 763 2950 833 παντελὴς
2976 761 3211 816 ἀπουσία
3243 760 3346 813 τοῦ
3371 760 3611 829 ἀγαθοῦ.

2010 855 2169 909 Ἀλλά
2190 854 2252 909 τδ
2274 854 2512 909 τοιοῦτον
2536 857 2649 918 τοῖς
2669 855 2767 926 μὲν
2790 853 2900 907 τῶν
2922 852 3143 921 ἀγαθῶν
3156 852 3233 916 ὡς
3252 852 3440 904 κακὸν
3464 853 3618 903 ἐναν-

1997 948 2227 1014 τιοῦται,
2254 948 2364 1002 τῶν
2396 948 2452 1001 δὲ
2474 949 2551 1012 ὡς
2570 947 2773 1016 ἀγαθὸν
2812 946 3106 1019 ἐξήρτηται
3125 963 3140 976 ·
3187 945 3483 1017 μάχεσθαι
3507 952 3615 1013 γαρ

1995 1043 2054 1096 ἐν
2084 1043 2217 1095 πᾶσι
2239 1042 2308 1096 τὰ
2331 1041 2470 1096 αὑτά
2497 1040 2639 1095 κατά
2661 1041 2731 1095 τά
2751 1041 2892 1094 αὑτά
2911 1039 3193 1093 ἀδύνατον.
3234 1039 3362 1093 Οὑκ
3404 1037 3523 1106 ἄρα
3560 1037 3617 1088 ὃν

1996 1136 2059 1188 τὸ
2088 1134 2414 1188 αὑτόκακον.

309 1223 546 1279 bonum?
607 1224 881 1292 quomodo
914 1239 1046 1279 vero
1123 1226 1320 1281 iterum
1367 1241 1467 1295 per
1494 1241 1551 1281 se
1584 1227 1785 1281 malum
1841 1227 1971 1292 erit,
2009 1243 2133 1282 cum
2162 1229 2343 1283 omnia
2384 1244 2506 1296 qua:
2535 1237 2665 1282 sunt
2716 1229 2920 1282 bonum
2951 1220 3481 1298 participentr'hoe
3512 1236 3614 1273 au-

312 1321 421 1368 tem
452 1314 763 1370 omnimode
791 1314 947 1369 abest
987 1330 1015 1368 a
1044 1315 1209 1371 bono.
1240 1316 1394 1383 Quod
1428 1332 1560 1373 vero
1583 1333 1760 1387 neque
1816 1320 2039 1375 mistqu
2073 1319 2205 1389 quid
2237 1321 2519 1375 residuum
2574 1322 2682 1375 erit
2719 1322 2772 1376 in
2825 1320 3139 1376 omnimoda
3205 1316 3343 1373 boui
3411 1317 3615 1369 absen-

311 1406 407 1470 tia,
438 1407 677 1460 ostendit
708 1408 786 1460 sic
836 1405 1026 1464 dicens
1071 1426 1087 1465 :
1136 1408 1195 1464 Si
1246 1410 1440 1465 demus
1496 1410 1551 1466 in
1595 1412 1908 1468 omnimoda
1972 1413 2099 1469 boui
2154 1413 2429 1479 absentia,
2466 1413 2667 1469 malum
2718 1416 2863 1483 quod
2919 1421 3165 1469 remanet
3209 1409 3615 1479 imperfectum

310 1510 434 1551 esse
460 1496 683 1558 bonum,
715 1500 955 1554 manebit
990 1500 1043 1554 in
1078 1501 1194 1571 ipso
1231 1503 1511 1559 residuum
1556 1503 1777 1573 aliquod
1805 1506 2037 1573 bonum;
2092 1505 2242 1574 atqui
2292 1505 2350 1559 in
2417 1505 2731 1561 omnimoda
2788 1506 2916 1565 boni
2973 1504 3246 1568 absentia,
3287 1512 3412 1556 tam
3467 1500 3612 1569 quod

310 1583 613 1653 perfectum
662 1602 823 1653 quam
858 1588 1000 1656 quod
1042 1588 1425 1659 imperfectum
1469 1602 1552 1648 est
1585 1593 1785 1660 aberit,
1838 1595 2109 1664 quomodo
2155 1609 2283 1664 ergo
2322 1595 2430 1649 erit
2469 1595 2574 1650 hoc
2621 1594 2997 1664 imperfectum
3021 1592 3266 1649 bonum?
3297 1602 3443 1646 tunc
3470 1590 3611 1644 enim

311 1689 523 1732 tantum
551 1681 835 1748 apparebit
867 1682 1063 1737 malum
1108 1685 1489 1754 imperfectum
1521 1688 1745 1754 bonum,
1782 1690 1999 1759 quando
2034 1704 2141 1743 non
2180 1700 2263 1744 est
2290 1690 2606 1744 omnimoda
2633 1689 2761 1745 boui
2790 1688 3061 1743 absentia.
3088 1686 3195 1742 Sed
3254 1686 3313 1740 id
3349 1685 3510 1756 quod
3533 1694 3612 1738 est

310 1770 605 1839 ejusmodi,
635 1774 956 1841 quibusdam
987 1776 1204 1843 quidem
1232 1778 1389 1834 bonis
1416 1788 1673 1851 tanquam
1702 1783 1900 1837 malum
1926 1781 2330 1849 adversabitur,
2384 1782 2452 1837 ab
2486 1782 2611 1837 aliis
2642 1790 2825 1836 autent
2869 1791 3127 1849 tanquam
3165 1777 3379 1833 bonum
3409 1777 3613 1833 eximi-

312 1876 435 1931 tur;
474 1877 747 1937 neqtteuut
779 1871 919 1924 enim
956 1871 1142 1925 eadem
1173 1875 1480 1929 secundum
1513 1876 1702 1931 eadem
1741 1878 1887 1933 inter
1906 1878 2037 1934 sein
2061 1879 2315 1933 omnibus
2337 1893 2599 1947 pugnare.
2623 1875 2738 1933 Non
2764 1890 2895 1945 ergo
2913 1874 3133 1929 exsistit
3158 1888 3259 1942 per
3274 1889 3339 1929 se
3378 1873 3612 1928 malum.

398 1960 599 2034 gXXI.
644 1963 783 2030 Quin
820 1980 886 2019 ne
911 1966 1127 2035 quidem
1179 1978 1264 2023 est
1311 1970 1363 2024 iu
1421 1973 1607 2039 rebus,
1674 1974 1749 2028 uti
1800 1973 1876 2028 de

2139 1973 2284 2027 XXI.
2346 1974 2486 2028 Ἀλλ’
2508 1974 2630 2029 οὑδὲ
2656 1976 2713 2028 ἐν
2748 1976 2862 2039 τοῖς
2902 1968 3053 2026 οὖσιν
3090 1974 3227 2035 ἐστι,
3257 1968 3461 2032 καθὼς
3490 1969 3614 2022 ἀπο-

311 2054 644 2109 tnoustrabit
684 2070 782 2123 per
838 2057 1211 2128 syllogismum
1270 2061 1783 2137 bypotheticum,4

2133 2085 2162 2119 ;ι
2221 2066 2289 2119 δι’
2333 2064 2657 2119 ὑποθετικοῦ
2715 2061 3075 2134 συλλογισμοῦ
3132 2061 3281 2115 κατά
3333 2061 3437 2114 τὸν
3494 2060 3611 2113 δια-

309 2146 698 2216 coujunctione
721 2148 1075 2217 disjunctiva.
1108 2152 1166 2206 Si
1190 2153 1334 2206 enim
1369 2155 1422 2208 in
1456 2156 1617 2210 rebus
1643 2159 1896 2211 omnibus

308 2236 381 2293 sit
410 2239 637 2302 bonum,
678 2238 880 2293 malum
911 2234 995 2294 vel
1021 2240 1074 2292 in
1110 2242 1272 2297 rebus
1304 2259 1411 2298 non
1444 2245 1573 2309 erit,
1600 2245 1687 2301 vel
1727 2246 1771 2300 si
1801 2246 1895 2312 sit,

310 2330 362 2382 in
396 2328 537 2385 bono
560 2341 676 2394 est;
713 2331 807 2386 sed
832 2332 933 2386 hoc
965 2333 1303 2403 impossibile
1333 2345 1418 2392 est
1450 2345 1508 2389 ut
1532 2338 1603 2391 sit
1634 2338 1686 2392 in
1714 2339 1889 2404 bono;

308 2440 441 2493 ergo
478 2425 731 2492 sequitur
761 2425 889 2480 illud
920 2427 1094 2494 prius,
1147 2429 1290 2496 quod
1350 2446 1456 2484 non
1490 2430 1562 2485 sit
1603 2430 1801 2485 malum
1843 2432 1894 2488 in

312 2517 498 2569 rebus.
548 2516 907 2583 Assumptum
961 2518 1150 2588 itaque
1194 2521 1484 2574 conﬁrmat
1526 2523 1595 2577 ab
1626 2524 1894 2593 exemplo,

311 2609 542 2663 dicens:
569 2606 756 2676 Neque
788 2610 929 2663 enim
962 2611 1016 2666 in
1044 2611 1168 2682 igne
1196 2609 1373 2682 frigus
1396 2624 1504 2679 est,
1559 2630 1657 2669 nec
1699 2616 1898 2683 depra-

309 2700 461 2753 vatio
491 2700 543 2755 in
576 2714 641 2755 eo
669 2701 815 2772 quod
845 2702 1011 2756 etiam
1048 2703 1250 2758 malum
1277 2705 1476 2758 bonum
1513 2706 1709 2761 reddit.
1741 2706 1896 2773 Quod

310 2792 354 2844 si
401 2793 529 2860 erit,
581 2792 853 2862 quomodo
884 2792 988 2848 erit
1028 2794 1081 2848 in
1125 2795 1266 2850 hoc?
1321 2797 1365 2851 si
1418 2796 1636 2867 quidem
1680 2815 1748 2854 ex
1780 2801 1897 2870 ipso

310 2884 716 2953 quodammodo
763 2890 1047 2957 subsistat,
1077 2887 1373 2945 absurdum
1407 2890 1458 2947 id
1487 2901 1593 2957 est,
1620 2910 1725 2947 non
1751 2896 1896 2949 cuitu

307 2986 478 3045 potest
519 2980 680 3032 arbor
707 2980 843 3034 bona
876 2982 1045 3034 malos
1073 2982 1280 3049 fructus
1309 2982 1483 3052 facere
1515 2994 1564 3051 ε,
1597 2986 1895 3041 secundum

307 3077 497 3121 sancta
534 3068 848 3140 Evangelia.
899 3072 1084 3142 Neque
1113 3075 1277 3127 etiam
1300 3088 1331 3129 e
1359 3083 1552 3129 contra
1598 3077 1797 3131 bonum
1829 3092 1897 3133 ex

309 3157 454 3212 malo
484 3169 587 3225 est,
622 3163 883 3230 quoniam
918 3164 969 3218 id
1003 3160 1268 3219 absonum
1309 3176 1363 3219 et
1408 3166 1743 3236 impossibile
1790 3179 1894 3226 est.

310 3249 407 3302 Sin
438 3261 619 3307 autem
649 3268 757 3309 non
791 3271 855 3309 ex
890 3257 1027 3326 ipso,
1059 3272 1126 3312 ex
1155 3257 1260 3311 alia
1295 3259 1542 3327 profecto
1579 3276 1739 3316 causa
1768 3263 1897 3316 sub-

1998 2157 2283 2223 ζευκτικδν
2324 2158 2640 2230 σύνδεσμον.
2675 2159 2739 2210 Ei
2784 2158 2893 2230 γὰρ
2930 2159 2989 2210 ἐν
3043 2158 3175 2210 πᾶσι
3215 2157 3336 2218 τοῖς
3380 2150 3513 2207 οὖσι
3557 2152 3616 2207 τὸ

1996 2251 2201 2320 ἀγαθὸν
2224 2292 2239 2318 ,
2281 2250 2341 2304 τὸ
2370 2251 2539 2305 κακὸν
2572 2250 2605 2322 ἢ
2636 2252 2693 2305 ἐν
2721 2253 2835 2315 τοῖς
2859 2247 3010 2304 οὖσιν
3038 2251 3139 2302 οὑκ
3170 2247 3355 2310 ἔσται,
3395 2248 3433 2319 ἢ
3457 2246 3523 2299 ὃν
3546 2250 3604 2299 ἐν

1995 2344 2075 2415 τῷ
2100 2343 2290 2416 ἀγαθῷ
2317 2347 2465 2399 ἐστιν
2483 2362 2496 2375 ·
2523 2343 2661 2397 ἀλλά
2689 2344 2797 2415 μὴν
2823 2344 2980 2397 τοῦτο
3007 2341 3294 2406 ἀδύνατον,
3335 2342 3427 2393 ὅτι
3460 2340 3609 2393 ἐστὶν

1998 2439 2056 2491 ἐν
2083 2437 2163 2510 τῷ
2188 2436 2397 2509 ἀγαθῷ·
2427 2437 2489 2491 τὸ
2517 2438 2781 2509 πρότερον
2806 2438 2933 2509 ἄρα,
2962 2436 3045 2490 ὅτι
3072 2436 3173 2487 οὑκ
3198 2434 3321 2487 ἐστι
3343 2434 3412 2487 τὸ
3442 2433 3612 2486 κακὸν

1997 2524 2056 2577 ἐν
2084 2528 2198 2590 τοῖς
2230 2522 2370 2580 οὖσι.
2421 2526 2532 2598 Τὴν
2572 2526 2702 2596 γοῦν
2740 2525 3045 2598 πρόσληψιν
3085 2522 3506 2587 κατασκευάζει
3549 2525 3612 2575 ἐκ

1998 2617 2462 2690 παραδείγματος,
2488 2619 2663 2689 λέγων
2686 2636 2699 2649 ·
2733 2620 2857 2673 Ὅτι
2882 2620 2975 2672 καὶ
2998 2617 3108 2689 γὰρ
3134 2617 3255 2669 οὑδέ
3282 2619 3347 2669 ἐν
3366 2615 3453 2687 τῷ
3480 2615 3611 2685 πυρὶ

1996 2710 2059 2763 τὸ
2087 2709 2314 2781 ψυχρὸν,
2351 2710 2473 2764 οὐδὲ
2509 2711 2571 2764 τὸ
2610 2710 2941 2765 κακὺνεσθαι
2982 2713 3041 2764 ἐν
3083 2708 3161 2780 τῷ
3201 2709 3298 2761 καὶ
3343 2708 3410 2759 τὸ
3440 2705 3609 2761 κακὸν

2000 2803 2345 2872 ἀγαθύνοντι.
2399 2804 2463 2857 Ei
2498 2803 2608 2876 γὰρ
2658 2803 2832 2869 ἔσται,
2874 2802 2995 2866 πῶς
3034 2800 3184 2855 ἔσται
3211 2802 3270 2853 ἐν
3302 2798 3529 2871 eodem;
3558 2797 3606 2849 si

2001 2897 2103 2968 μὲν
2147 2895 2223 2960 ὡς
2260 2894 2320 2961 ἐξ
2361 2895 2525 2949 αὑτοῦ
2564 2894 2803 2949 ὑποστὰν
2844 2894 3062 2959 ἄτοπον,
3105 2894 3176 2946 οὐ
3209 2890 3476 2945 δύναται
3502 2890 3607 2959 γὰρ

1997 2987 2223 3056 ἀγαθὸν
2244 2984 2497 3054 δένδρον
2520 2985 2787 3055 καρποὺς
2804 2982 3108 3052 πονηροὺς
3129 2981 3351 3045 ποιεῖν,
3376 2981 3530 3036 κατά
3541 2980 3609 3034 τὰ

1997 3079 2122 3151 ιερὰ
2145 3078 2472 3148 Εὑαγγέλια.
2504 3077 2640 3133 Οὑδὲ
2669 3077 2776 3149 μὴν
2795 3076 2856 3129 τὸ
2878 3073 3167 3139 ἀνάπαλιν,
3195 3074 3277 3126 ὅτι
3304 3072 3371 3125 τὸ
3398 3072 3603 3140 ἀγαθὸν

1998 3176 2064 3229 ἐκ
2087 3174 2181 3228 τοῦ
2207 3173 2401 3228 κακοῦ⁹
2427 3172 2522 3227 καὶ
2545 3172 2703 3225 τοῦτο
2729 3169 2837 3241 γὰρ
2865 3169 3064 3223 ἄτοπον
3086 3168 3181 3221 καὶ
3215 3165 3511 3219 ἀδύνατον.
3547 3165 3607 3219 Εἰ

1997 3268 2056 3322 δὲ
2082 3268 2184 3321 οὐκ
2209 3266 2268 3333 ἐξ
2293 3263 2481 3329 αὑτοῦ,
2521 3264 2580 3331 ἐξ
2607 3263 2772 3334 ἄλλης
2797 3261 3038 3333 δηλονότι
3064 3259 3243 3322 αἰτίας
3281 3258 3602 3327 ὑφίσταται,

309 3342 491 3410 sistet,
519 3356 575 3400 et
600 3361 728 3401 ecce
758 3349 864 3402 duo
891 3348 1160 3418 principia
1199 3361 1254 3404 et
1280 3367 1480 3406 causze.
1518 3348 1672 3407 Nulla
1710 3370 1787 3407 am

2124 3360 2231 3414 ἰδοὺ
2257 3358 2351 3413 δύο
2376 3358 2543 3431 ἀρχαὶ
2568 3357 2659 3410 καὶ
2684 3355 2874 3408 αἰτίαι.
2904 3355 3062 3407 Πᾶσα
3086 3353 3143 3406 δέ
3169 3352 3303 3416 δυὰς
3332 3352 3442 3404 οὑκ
3461 3350 3602 3403 ἐστιν

310 3434 548 3488 dualitas
578 3437 892 3506 principiat,
945 3440 1040 3493 sed
1068 3441 1248 3496 unitas
1287 3457 1507 3512 quoque
1554 3446 1658 3498 erit
1689 3445 1896 3514 prioci-

230 3586 233 3589 δ
305 3520 458 3592 pium
497 3524 793 3581 dualitatis.
820 3525 949 3582 Hmc
977 3538 1158 3583 autem
1182 3532 1362 3585 omnia
1402 3533 1659 3587 dicuntur
1706 3545 1896 3589 contra

310 3613 665 3679 Manichacus.
718 3618 844 3688 quia
887 3621 1121 3676 dualitas
1173 3638 1281 3677 non
1330 3624 1656 3694 principiat,
1711 3626 1896 3681 unitas

310 3717 495 3764 autem
525 3709 703 3763 omnis
735 3710 1021 3767 dualitatis
1062 3713 1390 3783 principium
1421 3718 1656 3772 exsistit.
1691 3719 1899 3773 ltursus

315 3801 640 3867 absurdum,
678 3818 742 3857 ex
779 3819 886 3857 uno
922 3812 977 3859 et
999 3805 1189 3860 eodem
1229 3806 1337 3860 duo
1353 3808 1659 3872 contraria,
1692 3807 1895 3863 bonum

310 3904 367 3948 et
393 3896 619 3963 malum,
668 3897 967 3967 proﬁcisci,
1023 3906 1077 3952 et
1112 3899 1439 3969 principium
1479 3915 1585 3955 non
1615 3915 1734 3955 esse
1763 3901 1896 3955 sim-

312 3988 461 4056 plcx,
491 3990 586 4043 sed
615 3990 849 4060 duplex;
876 3970 1091 4061 sibiq‘ue
1127 3992 1211 4046 vel
1244 3993 1598 4071 conpariari,
1638 3993 1691 4047 iu
1722 4009 1900 4063 quau-

313 4090 426 4133 tum
456 4084 731 4136 contraria
762 4085 1049 4152 producit;
1080 4084 1163 4138 vel
1188 4086 1486 4152 immutari,
1514 4097 1572 4140 ut
1603 4086 1740 4140 alias
1776 4089 1899 4156 qui-

310 4173 436 4224 dem
470 4175 735 4241 producat
761 4174 988 4243 bonum,
1015 4175 1301 4231 alias-vero
1325 4177 1670 4231 immutatum
1697 4179 1899 4247 produ-

307 4275 397 4319 cat
426 4266 651 4321 malum.
682 4266 839 4334 Quod
883 4269 928 4323 si
980 4270 1064 4321 vel
1099 4285 1264 4323 unum
1301 4271 1597 4325 absurdum
1640 4272 1770 4326 hinc
1806 4286 1896 4327 se-

307 4364 534 4423 quatur,
566 4356 697 4425 quid
745 4358 949 4427 urique
978 4366 1139 4413 erunt
1166 4361 1281 4426 ipsa
1312 4360 1616 4431 principia?
1664 4377 1732 4416 an
1772 4378 1896 4417 rur-

307 4463 400 4500 sus
452 4449 557 4501 duo
610 4450 930 4502 contraria?
974 4451 1070 4503 sed
1126 4450 1176 4502 id
1215 4450 1511 4505 absurdum
1561 4461 1646 4507 est
1676 4472 1689 4507 :
1717 4469 1895 4525 neque

304 4541 452 4595 enim
483 4543 586 4596 sibi
622 4554 815 4597 mutuo
847 4544 1027 4598 inesse
1054 4555 1303 4612 possunt,
1335 4560 1511 4615 neque
1539 4546 1895 4602 sibiinvicem

308 4649 645 4705 repugnare;
682 4651 807 4689 nam
842 4635 921 4690 sic
947 4651 1015 4690 ne
1046 4635 1187 4690 Deus
1216 4636 1436 4706 quidem
1463 4639 1578 4708 ipse
1610 4640 1898 4695 incolumis

308 4728 439 4790 erit,
476 4736 531 4783 et
561 4729 628 4783 ab
663 4729 871 4783 insultu
903 4727 1260 4797 molestiaque
1287 4728 1443 4785 liber.
1469 4730 1675 4787 Deinde
1698 4745 1893 4789 cuncta
1924 4719 1974 4779 Ῑ)

308 4830 474 4875 erunt
516 4824 829 4877 inordinata
881 4824 1312 4893 pugnantiaque,
1366 4840 1489 4879 cum
1528 4826 1633 4881 alia
1673 4828 1895 4896 quidem

310 4914 409 4968 sub
441 4916 567 4979 hoc,
601 4916 707 4969 alia
737 4931 869 4970 vero
893 4916 995 4970 sub
1033 4916 1137 4970 isto
1166 4917 1466 4975 exsistant:
1500 4923 1596 4974 sed
1636 4921 1740 4977 hoc
1778 4922 1894 4978 ﬁeri

309 5008 523 5075 nequit,
553 5009 811 5076 quoniam
845 5007 1045 5062 bonum
1063 5010 1357 5064 amicitiam
1383 5011 1660 5077 conciliat,
1678 5021 1733 5067 et
1754 5014 1898 5070 Deus

307 5115 411 5168 pax
467 5099 580 5167 ipsa
632 5099 972 5166 celebratur;
1049 5102 1255 5157 idcirco
1293 5104 1458 5157 etiam
1521 5106 1707 5158 omnia
1753 5107 1894 5161 bona

307 5205 549 5243 consona
588 5200 710 5245 sunt
763 5190 930 5260 (sicut
961 5192 1097 5245 mala
1128 5194 1724 5261 paritttttdivisimtem:
1770 5214 1894 5252 nam

309 5284 499 5349 κακὸν,
531 5284 581 5338 id
609 5294 693 5337 est
723 5285 932 5349 vitium,
973 5300 1003 5339 a
1026 5285 1196 5356 χάζω,
1217 5289 1268 5342 id
1294 5299 1380 5343 est
1406 5290 1534 5358 vito,
1560 5292 1673 5345 sive
1691 5293 1894 5361 recedo,

309 5390 505 5429 nomen
539 5376 726 5445 habet)
752 5388 807 5430 et
831 5392 898 5459 ex
924 5392 1031 5431 uua
1063 5380 1173 5432 vita
1207 5380 1390 5435 divina
1422 5392 1718 5453 propagata
1744 5394 1893 5449 sunt,

307 5478 361 5521 et
389 5470 456 5521 ad
494 5484 661 5523 unum
694 5473 899 5525 bouum
935 5474 1179 5526 tendunt.
1206 5471 1322 5527 Non
1362 5475 1526 5545 igitur
1559 5477 1610 5530 in
1638 5476 1767 5539 Deo,
1795 5491 1898 5529 nec

308 5560 437 5628 quid
480 5561 745 5626 divinum,
793 5578 891 5617 nec
932 5579 1000 5618 ex
1049 5563 1158 5619 Deo
1207 5566 1406 5621 malum
1449 5577 1572 5633 est;
1634 5566 1718 5619 vel
1749 5566 1892 5621 enim

310 5669 413 5708 non
441 5654 615 5709 bonus
640 5663 695 5708 et
738 5656 819 5709 sic
842 5672 909 5710 cx
944 5657 1063 5726 ipso
1094 5659 1295 5714 malum
1325 5671 1438 5725 est;
1470 5660 1551 5714 vel
1587 5659 1726 5715 bona
1758 5661 1894 5715 facit

383 5758 404 5785 ο
442 5745 630 5802 Matth.
664 5762 759 5815 vn,
787 5747 872 5803 18.
1202 5742 1209 5773 ί

2003 3452 2168 3523 ἀρχή·
2197 3453 2230 3522 ἡ
2260 3450 2426 3521 μονὰς
2447 3449 2556 3521 γὰρ
2584 3448 2736 3501 ἔσται
2762 3446 2976 3516 καὶτῆς
3001 3444 3190 3507 δυάδος
3213 3444 3389 3514 ἀρχή.
3418 3440 3603 3495 Ταῦτα

2002 3543 2059 3596 δὲ
2087 3543 2263 3596 πάντα
2288 3541 2431 3595 κατὰ
2457 3541 2775 3612 Μανιχαίων
2797 3538 3069 3607 λέγονται,
3111 3537 3237 3589 ἐπεὶ
3281 3537 3317 3607 ἡ
3344 3535 3483 3600 δυὰς
3508 3535 3603 3588 οὑκ

2002 3632 2165 3707 ἀρχὴ,
2197 3631 2365 3704 μονὰς
2386 3632 2442 3684 δέ
2470 3630 2649 3701 πάσης
2675 3628 2863 3691 δυάδος
2890 3628 3055 3699 ἀρχή.
3085 3626 3256 3680 Πάλιν
3293 3626 3505 3680 ἄτοπον
3545 3623 3605 3689 ἐξ

2004 3727 2122 3790 ἐνὸς
2150 3725 2245 3778 καὶ
2269 3722 2363 3777 τοῦ
2386 3722 2550 3777 αὑτοῦ
2577 3722 2671 3776 δύο
2695 3720 2934 3784 ἐναντία,
2961 3719 3022 3772 τὸ
3050 3719 3252 3789 ἀγαθὸν
3294 3718 3400 3772 καὶ
3424 3719 3485 3771 τὺ
3508 3736 3604 3771 κα·

2002 3817 2118 3882 κὸν,
2172 3817 2441 3888 προϊέναι,
2489 3814 2563 3880 ὡς
2607 3813 2855 3868 ἐντεῦθεν
2897 3813 2989 3868 καὶ
3026 3813 3123 3885 τὴν
3151 3812 3331 3884 ἀρχὴν
3356 3809 3497 3865 εἶναι
3526 3812 3597 3885 μὴ

2002 3907 2202 3980 ἁπλῆν,
2244 3907 2382 3962 ἀλλά
2407 3907 2621 3979 δυοειδῆ
2639 3924 2653 3938 ·
2699 3907 2794 3961 καὶ
2819 3906 2851 3978 ἢ
2878 3906 3125 3959 ἐναντίαν
3152 3905 3345 3975 ἑαυτῇ,
3374 3904 3513 3957 καθὸ
3534 3903 3599 3955 τὰ

2002 4001 2223 4063 ἐναντία
2272 4002 2556 4073 προΐεται·
2598 4000 2632 4074 ἢ
2679 4000 3076 4073 ἠλλοιωμένην,
3128 3998 3204 4063 ὼς
3254 3996 3452 4051 ἄλλοτε
3503 3998 3598 4070 μὲν

2002 4091 2275 4162 παράγειν
2297 4090 2359 4142 τὸ
2381 4090 2605 4157 ἀγαθὸν,
2628 4089 2816 4144 ἄλλοτε
2837 4089 2894 4142 δὲ
2915 4086 3301 4141 ἀλλοιωθεῖσαν
3327 4087 3597 4157 παράγειν

2000 4182 2062 4235 τὸ
2085 4182 2274 4236 κακόν.
2298 4183 2363 4235 Εἰ
2390 4179 2482 4237 οὖν
2506 4182 2567 4235 τὸ
2592 4181 2650 4235 ἓν
2674 4182 2871 4236 ἄτοπον
2898 4179 2987 4234 διὰ
3005 4178 3201 4243 ταῦτα,
3224 4177 3281 4231 τί
3306 4176 3377 4249 δὴ
3400 4172 3511 4231 εἷεν
3533 4173 3594 4228 ἂν

2000 4277 2056 4328 αἱ
2082 4276 2247 4347 ἀρχαί
2273 4291 2287 4341 ;
2325 4276 2419 4329 καὶ
2446 4273 2609 4329 πάλιν
2644 4273 2738 4327 δύο
2764 4272 3016 4338 ἐναντίας
3060 4270 3177 4325 ἀλλ’
3199 4269 3409 4323 ἄτοπον
3432 4285 3447 4300 ·
3477 4268 3593 4321 οὑτε

1999 4368 2109 4441 γὰρ
2135 4371 2194 4423 ἐν
2221 4367 2481 4440 ἀλλήλαις
2507 4364 2649 4421 εἶναι
2683 4366 2886 4429 ταύτας
2912 4365 3079 4430 εἰκὸς,
3123 4361 3248 4417 οὔτε
3286 4362 3401 4434 μὴν
3431 4377 3593 4435 μαχο-

2004 4460 2172 4532 μένας
2214 4458 2493 4529 ἀλλήλαις·
2538 4458 2633 4510 xui.
2657 4456 2767 4529 γὰρ
2791 4455 2943 4509 ἔσται
2973 4454 3067 4507 καὶ
3092 4453 3121 4504 ὁ
3156 4450 3291 4515 Θεὸς
3316 4452 3426 4504 οὐκ
3458 4449 3591 4519 ἀπή-

2004 4569 2140 4623 μων,
2166 4551 2260 4604 καὶ
2285 4551 2385 4603 οὑκ
2407 4549 2563 4613 ἐκτὸς
2586 4547 2846 4620 ἐπηρείας
2870 4546 2965 4599 xui.
2984 4542 3345 4615 ἐνοχλήσεως.
3368 4543 3588 4595 Ἔπειτα

2000 4645 2157 4698 ἔσται
2185 4643 2366 4699 πάντα
2391 4641 2605 4696 ἄτακτα
2633 4642 2726 4694 xui.
2751 4639 3051 4711 μαχόμενα,
3071 4638 3141 4691 τὰ
3168 4637 3266 4709 μὲν
3288 4636 3403 4688 ὑπὸ
3421 4635 3584 4696 τοῦτο,

1999 4737 2071 4795 τὰ
2108 4738 2165 4791 δὲ
2206 4736 2312 4790 ὑπὸ
2338 4735 2497 4788 τοῦτο
2525 4735 2685 4788 owe:
2717 4733 2854 4786 ἀλλά
2878 4733 3037 4785 τοῦτο
3078 4731 3365 4794 ἀδύνατον,
3419 4730 3586 4800 φιλίας

1999 4826 2110 4899 γὰρ
2148 4825 2211 4879 τὸ
2249 4824 2453 4895 ἀγαθὸν
2498 4823 2842 4895 μεταδίδωσι,
2888 4822 2982 4875 καὶ
3024 4822 3351 4893 αὑτοειρήνη
3397 4823 3427 4874 ὁ
3468 4820 3584 4881 Θεὸς

2000 4922 2251 4992 ὑμνεῖται
2271 4936 2285 4949 ⁸
2316 4919 2395 4972 διὸ
2438 4918 2535 4970 καὶ
2560 4917 2736 4970 πάντα
2760 4913 2831 4967 τὰ
2856 4912 3041 4982 ἀγαθὰ.
3063 4912 3363 4983 ἐναρμόνια
3407 4914 3503 4983 (ὡς
3524 4910 3581 4963 τὰ

2000 5010 2149 5066 κακά
2174 5008 2501 5063 σκεδαστικά
2520 5024 2534 5037 ·
2580 5006 2747 5060 κακὸν
2778 5004 2888 5075 γὰρ
2915 5003 3023 5057 ἀπὸ
3060 5002 3155 5055 τοῦ
3194 5002 3351 5072 χάζω
3378 5004 3444 5056 τὸ
3467 5004 3580 5055 ὑπο-

2001 5104 2165 5176 χωρῶ
2189 5104 2408 5172 λέγεται
2431 5101 2470 5170 ·)
2495 5100 2590 5154 καὶ
2618 5101 2747 5171 μιᾶς
2763 5097 2907 5170 ζωῆς
2930 5097 3032 5167 τῆς
3057 5096 3206 5160 Θείας
3232 5095 3442 5164 ἔκγονά
3457 5099 3574 5155 ἐστι,

2002 5197 2098 5250 καὶ
2125 5197 2261 5267 πρὸς
2288 5195 2347 5250 ἓν
2379 5195 2614 5247 τείνουσι
2650 5192 2712 5244 τὸ
2736 5190 2971 5259 κάγαθόν.
3018 5190 3181 5242 ’Ὥστε
3208 5187 3335 5241 οὔτε
3366 5190 3428 5241 ἐν
3454 5186 3572 5255 Θεῷ,

2002 5291 2125 5344 οὔτε
2150 5290 2351 5354 ἔνθεον,
2394 5288 2517 5341 οὑτε
2545 5290 2609 5340 ἐκ
2634 5284 2769 5339 Θεοῦ
2792 5284 2853 5338 τὸ
2880 5282 3051 5336 κακόν
3070 5299 3084 5312 ’
3112 5283 3145 5353 ἢ
3172 5281 3283 5352 γάρ
3326 5283 3432 5335 οὐκ
3466 5283 3574 5347 ἁγα-

2003 5382 2093 5447 Οδς
2124 5382 2236 5453 (καὶ
2261 5380 2434 5443 οὕτως
2477 5379 2537 5442 ἐξ
2575 5377 2785 5431 ἐκείνου
2829 5374 2949 5427 ἐστί⁵
2985 5374 3048 5427 τὸ
3074 5374 3289 5445 κακζν),
3333 5373 3367 5444 ἢ
3397 5371 3573 5441 ἁγαθο-

2002 5478 2164 5539 ποιεῖ,
2193 5476 2286 5528 καὶ⁴
2308 5475 2410 5526 οὑκ
2442 5475 2507 5525 ἐκ
2548 5471 2739 5524 τούτου
2778 5470 2947 5523 ἐστίν.
2984 5466 3120 5522 Οὐδὲ
3167 5465 3278 5536 γὰρ
3324 5467 3455 5519 ποτέ
3488 5464 3572 5534 μὲν

2000 5568 2204 5637 ἀγαθὸν
2233 5564 2488 5639 παράξει,
2517 5564 2647 5619 ποτέ
2673 5563 2729 5618 δὲ
2757 5562 2926 5616 κακόν
2945 5578 2958 5592 ο
3005 5559 3293 5614 ἀλλοίωσιν
3331 5559 3441 5630 γὰρ
3466 5556 3566 5610 πεί-

2003 5679 2172 5725 σεται,
2203 5661 2293 5714 καί
2320 5658 2491 5714 ταῦτα
2520 5658 2641 5731 περὶ
2673 5657 2805 5711 αὑτὸ
2830 5655 2892 5709 τὸ
2917 5654 3211 5720 οειότατον,
3248 5652 3349 5726 τὴν
3386 5651 3561 5707 uitiati.
