3752 6334
125 329 229 385 795

122 448 183 502 Et
212 447 272 501 δὲ
286 447 489 520 ἕτερόν
514 450 633 503 ἐστι
659 449 811 516 Θεὸς,
838 452 933 505 καὶ
958 449 1148 522 ἕτερον
1172 452 1229 504 ἐν
1256 447 1407 519 αὐτῴ
1432 449 1465 519 ἡ
1492 444 1587 500 τοῦ
1602 448 1743 515 ἀγα-
1770 489 1818 547 Α

120 539 216 594 θοῦ
254 540 528 613 ὖπαρξις,
558 543 700 597 κατὰ
734 543 1081 615 συμϐεϐηκὸς
1127 542 1194 596 ἂν
1230 541 1317 611 εἴη
1346 542 1407 594 τὸ
1433 540 1634 610 ἀγαθὸν
1658 538 1738 611 τῷ

121 629 259 702 Θεῷ·
282 630 437 685 ὥστε
462 633 556 686 καί
583 634 713 687 ποτὲ
739 634 837 704 μὲν
861 632 1013 687 ἔσται
1041 632 1174 696 Θεὸς
1203 631 1342 703 ἔχων
1363 630 1428 684 τὸ
1449 630 1739 702 γνώρισμα

120 723 218 793 τῆς
248 722 564 794 θειότητος,
591 725 847 792 τάγαθὸν,
877 725 1007 778 ποτὲ
1035 724 1091 778 δὲ
1117 724 1219 777 οὐκ
1245 722 1420 788 ἔσται,
1449 721 1739 776 ἀποϐαλὼν

121 815 272 869 αὑτό.
294 817 413 869 Καὶ
436 819 484 870 εἰ
507 815 840 891 μεθέξειςοῦ
867 816 1097 887 ἀγαθοῦ,
1116 817 1174 884 ἐξ
1191 816 1380 889 ἑτέρου
1408 813 1626 887 μεθέξει
1643 815 1738 869 καὶ

127 907 276 969 ποτὲ,
294 909 436 960 ποτὲ
452 908 509 961 δὲ
524 909 582 960 οὑ
602 908 836 980 μεθέξει,
863 908 1001 962 ἀλλά
1023 908 1116 962 τοῦ
1140 908 1312 962 κακοῦ
1341 907 1576 979 μεθέξει·
1594 907 1738 961 ὥστε

126 1002 216 1054 καὶ
245 1001 506 1073 μετέχων
520 1002 615 1055 τοῦ
637 1001 862 1071 ἀγαθοῦ,
884 1002 944 1055 τὸ
967 1000 1167 1071 ἀγαθὸν
1180 999 1437 1073 παράξει,
1467 999 1542 1072 μὴ
1573 1000 1737 1072 μετέ-

123 1110 232 1163 χων
260 1092 319 1145 δὲ
338 1092 564 1156 τούτου,
578 1093 639 1146 τὸ
657 1092 843 1157 κακὸν,
861 1093 999 1164 ὅπερ
1015 1088 1233 1145 ἄτοπον.
1256 1092 1371 1145 Οὐκ
1386 1090 1494 1163 ἀρα
1516 1092 1581 1144 ὲκ
1600 1090 1737 1144 Θεοῦ

122 1184 152 1254 ἢ
178 1187 235 1238 ἐν
256 1185 384 1256 Θεῷ
402 1185 468 1238 τὸ
491 1186 681 1250 κακὸν,
700 1184 823 1238 οὔτε
848 1183 1055 1250 ἁπλῶς,
1076 1182 1201 1237 οὔτε
1224 1183 1367 1238 κατά
1384 1201 1507 1238 τινα
1523 1183 1737 1256 χρόνον.

712 331 801 387 DE
834 331 1091 388 DlViNlS
1125 328 1533 395 NOMINIBUS,
1570 329 1861 401 CAP.f_lV.
1897 365 1968 377 —
2000 332 2352 389 PARAPHR.
2388 331 2869 391 PACHYMERE.

3336 328 3434 385 794

1844 460 1901 504 et
1934 451 2015 505 sic
2050 465 2116 505 ex
2153 451 2270 519 ipso
2306 465 2412 505 non
2445 459 2550 504 est.
2576 448 2768 518 Neque
2795 450 2961 505 etiam
2996 448 3294 519 aliquando
3317 454 3440 517 qui-

1846 540 1968 596 dem
2001 543 2201 597 bonum
2228 543 2511 610 producet,
2567 543 2860 611 aliquando
2911 554 3039 597 vero
3079 541 3320 609 malum;
3356 544 3438 598 sic

1846 632 1998 686 enim
2020 632 2383 685 mutationem
2410 640 2694 702 pateretur
2714 632 2877 686 etiam
2901 631 3046 687 circa
3073 630 3124 685 id
3148 633 3290 701 quod
3321 648 3440 687 om-

1846 724 1996 778 nium
2049 735 2134 778 est
2168 724 2599 787 divinissimum,
2645 723 2859 779 scilicet
2893 739 3138 781 causam.
3193 725 3252 780 Si
3305 740 3438 781 vero

1847 816 1979 886 quid
2020 818 2167 872 aliud
2194 817 2266 872 sit
2300 816 2464 881 Deus,
2497 825 2551 871 et
2579 815 2727 870 aliud
2760 817 2814 871 in
2847 817 2963 886 ipso
3001 817 3130 872 boni
3178 817 3438 872 substan-

1845 907 1942 975 tia,
1970 909 2159 978 utique
2190 923 2287 979 per
2317 907 2577 963 accidens
2610 907 2663 961 in
2692 906 2803 962 Deo
2824 908 3026 962 bonum
3061 908 3198 974 erit;
3254 917 3308 964 et
3347 909 3430 965 sic
3480 902 3482 904 ’

1843 999 2140 1069 aliquando
2171 999 2391 1067 quidem
2422 996 2587 1070 413
2626 996 2766 1052 Deus
2796 999 2901 1052 erit
2929 999 3138 1054 habens
3169 1000 3224 1054 in
3254 1014 3313 1053 se
3337 1015 3435 1054 no-

1846 1099 1956 1146 tam
1989 1090 2314 1155 divinitatis,
2339 1090 2550 1145 scilicet
2580 1090 2808 1153 bonum,
2841 1089 3137 1160 aliquando
3165 1105 3295 1146 vero
3324 1106 3431 1145 non

1843 1181 1971 1250 erit,
1994 1182 2194 1237 bonum
2228 1181 2510 1249 abjiciens.
2539 1180 2694 1248 Quod
2716 1182 2760 1236 si
2786 1181 3075 1252 participet
3104 1183 3331 1246 bonum,
3362 1197 3430 1238 ex

122 1279 230 1333 alio
260 1280 633 1350 participabit
662 1290 716 1335 et
744 1280 1067 1349 aliquando,
1090 1278 1419 1349 quandoque
1455 1292 1585 1333 vero
1609 1294 1715 1333 non
1751 1277 2138 1349 partieipabit,
2186 1277 2282 1332 sed
2348 1276 2477 1331 mali
2528 1274 2806 1345 particeps
2854 1274 2997 1342 erit;
3036 1275 3197 1342 etsic
3229 1277 3429 1330 bonum

116 1372 345 1439 quidem
379 1372 727 1442 participans
758 1371 985 1436 bonum,
1019 1387 1125 1427 non
1155 1370 1495 1441 participans
1539 1378 1722 1424 autem
1748 1369 2013 1439 producet
2065 1369 2293 1436 malum,
2339 1368 2486 1431 quod
2540 1376 2625 1423 est
2663 1366 2990 1425 absurdum.
3065 1365 3182 1422 Non
3239 1366 3430 1440 itaque

123 1477 186 1517 ex
233 1463 369 1522 Deo.
411 1461 499 1515 vel
549 1463 601 1516 in
631 1462 740 1516 Deo
776 1463 1005 1526 malum,
1057 1476 1237 1531 neque
1267 1460 1514 1526 omnino,
1553 1476 1732 1530 neque
1759 1469 1913 1516 certo
1943 1469 2214 1528 tempore.

191 1552 219 1624 §
249 1552 419 1607 XXII.
470 1555 594 1607 Ἔτι
622 1554 678 1607 δὲ
703 1554 812 1607 οὐδ’
838 1555 897 1607 ὲν
924 1552 1177 1623 ἀγγέλοις
1203 1554 1321 1607 ἐστὶ
1346 1551 1409 1606 τὸ
1446 1552 1616 1608 κακόν
1634 1569 1648 1583 ο
1700 1553 1730 1605 ὀ

1912 1551 1941 1625 ς
1968 1551 2135 1610 XXII.
2178 1552 2322 1621 Quin
2342 1567 2409 1610 ne
2434 1552 2488 1608 in
2513 1551 2725 1623 angelis
2747 1553 2968 1622 quidem
2992 1560 3079 1608 est
3102 1552 3329 1622 malum,
3354 1556 3430 1610 si-

123 1644 225 1716 γὰρ
252 1645 498 1714 ἄγγελος
524 1646 687 1700 εἰκών
712 1649 828 1701 ὲστι
851 1646 946 1701 τοῦ
973 1646 1130 1710 Θεοῦ,
1149 1646 1329 1699 ἐκεῖνο
1355 1643 1432 1701 ὢν
1458 1644 1728 1717 δευτέρως

1914 1645 2054 1699 idem
2087 1644 2329 1728 angelus
2359 1646 2540 1715 imago
2578 1645 2673 1700 Dei
2699 1655 2804 1711 est,
2842 1646 2895 1700 id
2933 1646 3118 1714 ipsum
3157 1649 3432 1704 exsistens

124 1738 262 1791 κατὰ
294 1738 551 1809 μέθεξιν,
588 1739 726 1809 ὅπερ
764 1737 994 1811 πρώτως
1030 1738 1151 1792 κατ’
1179 1738 1359 1792 αἰτίαν
1384 1737 1447 1791 τὸ
1473 1737 1733 1807 ἀγγελλὸ-

126 1845 303 1898 μενον,
346 1829 668 1900 φανέρωσις
704 1828 799 1883 τοῦ
828 1828 1068 1897 ἀφανοῦς
1108 1827 1305 1898 φωτὸς,
1348 1828 1443 1882 καὶ
1467 1829 1734 1901 ἔσοπτρον

121 1922 515 1990 διειδέστατον,
547 1922 925 1994 εἰσδεχόμενον
950 1921 1049 1989 τὰς
1070 1922 1172 1993 τῆς
1198 1921 1531 1994 ὡραιότητος
1556 1924 1734 1994 ἐμφά-

127 2030 235 2077 σεις
259 2031 274 2046 ο
305 2013 403 2067 καὶ
433 2012 659 2085 ἀμιγῶς
687 2014 822 2086 πρὸς
859 2014 921 2067 τὸ
948 2014 1139 2079 κακὸν,
1190 2015 1356 2085 ἡγουν
1398 2014 1731 2083 ἀγαθοειδῶς

124 2101 448 2174 ἀναλάμπον
496 2104 558 2156 ἐν
596 2102 774 2174 ἐαυτῷ
813 2103 874 2157 τὸ
901 2103 1104 2174 ἀγαθὸν
1141 2103 1243 2175 τῆς
1270 2104 1507 2177 κρυφίαις
1532 2104 1690 2174 σιγῆς
1713 2121 1726 2134 ·

124 2201 217 2250 οὐκ
241 2198 349 2269 ἄρα
378 2198 513 2251 οὐδὲ
551 2199 611 2250 ὲν
635 2197 888 2267 ἀγγέλοις
913 2198 1031 2251 ἐστὶ
1056 2197 1117 2250 τὸ
1144 2197 1337 2250 κακόν.
1393 2197 1483 2251 Ἐν
1518 2196 1730 2263 ἀδύτοις

123 2287 174 2340 δὲ
200 2288 379 2359 σιγὴν,
423 2288 532 2360 τὴν
561 2288 713 2342 θείαν
751 2287 887 2360 φησί
910 2288 1279 2361 κρυφιότητα’
1330 2287 1590 2358 σιγῶν-σαι
1620 2287 1729 2359 γὰρ

126 2380 213 2431 καὶ
232 2379 303 2433 τὰ
329 2379 512 2450 ἄτιμα
536 2379 602 2433 δι’
625 2378 980 2451 αἰσχρότητα,
1010 2378 1265 2450 σιγῶνται
1296 2380 1353 2433 δὲ
1379 2381 1472 2434 καὶ
1488 2379 1556 2433 τὰ
1585 2379 1719 2431 ἕντι-

128 2490 198 2541 μα
231 2474 327 2526 καὶ
347 2472 423 2527 τά
448 2472 574 2526 θεῖα
598 2471 686 2525 διά
710 2471 1024 2542 τιμιότητα,
1051 2472 1145 2525 καὶ
1166 2471 1260 2525 τοῦ
1293 2472 1367 2544 μὴ
1395 2471 1539 2543 ἔχειν
1563 2470 1726 2542 ἑξαγ-

124 2565 297 2633 γεῖλαι
323 2564 511 2617 ταῦτα
538 2567 597 2617 ὲν
634 2563 847 2629 ἀδύτοις
870 2563 1099 2635 κείμενα
1121 2580 1135 2594 ⁸
1164 2564 1299 2616 ὅπου
1321 2564 1445 2627 νοῦς
1470 2564 1529 2617 οὐ
1561 2564 1727 2617 διεισ-

124 2656 282 2719 δύνει,
307 2657 416 2710 κᾶν
445 2655 572 2709 λίαν
599 2655 838 2727 καθαρὸς
874 2650 931 2729 ᾖ,
958 2655 1051 2708 καὶ
1087 2654 1154 2707 δι’
1182 2655 1450 2726 ἀγιότητα
1482 2654 1728 2709 διαϐατιυ

126 2748 381 2813 κὼτατος.
426 2748 572 2801 Ἀλλ’
597 2747 740 2802 εἴποι
761 2766 866 2813 τις,
893 2748 976 2801 ὅτι
1000 2748 1160 2800 κακοὶ
1186 2748 1234 2799 οἰ
1261 2747 1507 2816 ἄγγελοι,
1532 2746 1607 2811 ὡς
1632 2763 1725 2800 κο-

126 2841 380 2898 λαπικοί.
433 2842 573 2896 Λύει
621 2841 751 2913 γοῦν
795 2841 894 2913 τὴν
939 2841 1211 2895 ἀντίθεσιν
1273 2838 1719 2910 φιλοσοφώτατασ

126 2930 333 3002 πρῶτον
383 2932 486 3003 μὲν
516 2930 627 2984 ἀπὸ
657 2930 767 2984 τῶν
796 2930 989 3003 ἱερέων
1030 2930 1140 2983 τῶν
1180 2930 1554 3002 ἀπειργὸντων
1594 2930 1722 2995 τοὺς

127 3024 367 3089 ἀναξίους
391 3022 511 3077 τῶν
539 3022 700 3077 θείων
728 3024 1043 3096 μυστηρίων
1067 3040 1080 3053 °
1111 3022 1303 3077 ἔπειτα
1327 3024 1496 3093 λέγει,
1524 3025 1607 3078 ὅτι
1630 3023 1721 3077 οῦ-
1746 3054 1790 3112 c

124 3134 180 3170 τε
227 3118 357 3171 αὐτὸ
400 3117 466 3172 τὸ
515 3116 841 3182 κολάζεσθαί
877 3137 1022 3183 τινα,
1073 3117 1274 3172 κακὸν·
1304 3118 1586 3185 παίδευσις
1610 3120 1719 3192 γάρ

126 3210 253 3273 ἐστι,
278 3212 373 3264 καί
396 3212 431 3283 ἡ
462 3211 750 3275 παίδευσις
790 3210 1015 3283 ἀγαθὸν,
1043 3209 1167 3264 οὔτε
1193 3213 1242 3265 οἰ
1267 3210 1587 3277 κολάζοντες
1613 3230 1718 3266 κα·

126 3300 223 3352 κοίο
248 3300 467 3374 εἴρηται
491 3303 623 3373 γάρ·
651 3304 732 3356 Οὐ
763 3303 873 3371 γὰρ
892 3301 1022 3370 εἰκῆ
1053 3301 1168 3371 τὴν
1188 3303 1498 3373 μάχαιραν
1525 3302 1715 3374 φορεῖ·

128 3390 397 3459 διάκονος
453 3392 573 3463 γάρ
608 3394 740 3447 ἐστι
787 3392 934 3447 Θεοῦ
958 3395 1046 3459 εἰς
1083 3392 1272 3463 ὀργὴν
1309 3396 1389 3461 τῷ
1430 3395 1496 3449 τὸ
1528 3396 1718 3452 κακὸν

130 3484 491 3549 πιάσσοντι.
520 3487 723 3540 Λοιπὸν
748 3486 1020 3540 εἰσϐάλλει
1042 3489 1121 3551 εἰς
1146 3486 1244 3558 τὴν
1278 3487 1431 3542 λύσιν
1455 3490 1555 3561 τῆς
1584 3507 1718 3562 προ-

130 3578 377 3648 κειμένης
402 3577 666 3653 ἀπορζας,
688 3578 781 3632 καί
808 3595 989 3649 φησιν,
1016 3580 1097 3633 ὅτι
1124 3580 1245 3633 οὐδὲ
1272 3582 1319 3634 οἰ
1343 3581 1596 3652 δαίμονες
1620 3582 1721 3653 φύ-

131 3683 204 3720 σει
241 3671 423 3725 κακοί.
468 3649 646 3725 Τοῦτο
671 3670 820 3741 ,γοῦν
863 3672 928 3724 ἐκ
968 3670 1229 3725 πλειόνων
1275 3675 1714 3739 κατασκευάζει·

132 3760 334 3831 πρῶτον
389 3765 518 3835 μὲν,
570 3764 689 3828 πῶς
727 3763 953 3836 ἔμελλον
1006 3766 1354 3839 παραχθῆναι
1400 3766 1460 3833 ἐξ
1507 3769 1716 3838 ἀγαθοῦ

132 3853 366 3923 ποιητοῦ,
409 3855 512 3908 καὶ
535 3854 684 3921 ἀλλο,
713 3854 795 3908 ὅτι
838 3856 931 3909 καὶ
956 3855 1017 3920 ἐξ
1038 3856 1255 3925 ἀγαθῶν
1282 3850 1611 3929 μετέϐαλον;
1660 3861 1717 3913 αἱ

130 3943 248 4009 γοῦν
280 3947 397 3999 κατ’
425 3944 719 3999 ἀλλοίωσιν
744 3947 1036 4019 μεταϐολαὶ
1080 3952 1139 4003 οὑ
1181 3951 1301 4004 κατ’
1333 3951 1521 4004 οὐσίαν
1554 3952 1715 4017 εἰσὶν,

132 4031 257 4086 ἀλλὰ
304 4035 450 4089 κατά
488 4036 558 4088 τὸ
617 4037 791 4102 ποιὸν,
844 4037 1033 4111 ὥσπερ
1090 4044 1145 4095 αἱ
1188 4041 1329 4096 κατὰ
1358 4041 1589 4115 αὔξησιν
1622 4044 1718 4098 καὶ

134 4125 366 4191 μείωσιν,
408 4126 560 4181 κατά
594 4128 654 4181 τὸ
687 4130 852 4183 ποσόν
871 4148 885 4162 ·
920 4132 953 4202 ἡ
980 4132 1035 4185 δὲ
1060 4136 1181 4187 κατ’
1206 4135 1395 4187 οὐσίαν
1421 4135 1716 4209 μεταϐολὴ,

132 4212 428 4288 ῆγέννησίς
463 4222 638 4284 ἐστιν,
666 4219 698 4290 ἢ
729 4220 923 4293 φθορά.
970 4224 1121 4277 Ἐπεὶ
1168 4220 1261 4278 οὖν
1302 4226 1456 4290 ὄντες
1486 4227 1722 4297 μετέϐα-

132 4304 230 4373 λον,
257 4309 381 4376 tau,
412 4315 461 4366 εἰ
496 4313 619 4365 κατ’
642 4313 831 4367 οὐσίαν
861 4315 1179 4386 μετέϐαλον,
1204 4318 1495 4390 φθαρῆναι,
1528 4320 1622 4373 καὶ
1638 4323 1718 4388 εἰς

1839 1733 2139 1787 secundum
2190 1727 2668 1803 participationem
2728 1735 2975 1792 secundo
3028 1737 3244 1803 ordine,
3286 1739 3431 1810 quod

1837 1823 2143 1878 secundum
2168 1839 2391 1879 causam
2418 1825 2579 1880 estid
2603 1828 2749 1895 quod
2776 1826 3101 1884 enuntiatur
3124 1830 3323 1900 primo,
3342 1847 3431 1887 ar-

1836 1916 1967 1991 cani
2014 1916 2237 1972 luminis
2286 1917 2589 1973 declaratio
2637 1929 2692 1973 et
2720 1918 3000 1990 speculum
3046 1923 3426 1993 purissimum,

1833 2011 2138 2065 venustatis
2187 2011 2398 2081 species
2452 2012 2755 2081 excipiens,
2809 2022 2864 2068 et
2900 2029 2930 2068 a
2962 2015 3108 2071 malo
3140 2017 3428 2087 impollute

1834 2104 1951 2158 sive
1986 2104 2372 2159 bonil‘ormiter
2399 2104 2452 2159 in
2483 2104 2780 2176 semetipso
2815 2104 3162 2178 resplendere
3213 2108 3424 2164 faciens

1832 2196 2020 2248 arcani
2048 2194 2192 2251 illius
2210 2196 2412 2251 silentii
2442 2196 2765 2263 bonitatem;
2791 2213 2922 2269 ergo
2939 2198 3102 2253 etiam
3131 2199 3183 2253 in
3215 2201 3426 2271 angelis

1832 2298 1939 2340 non
1989 2295 2073 2341 est
2116 2286 2341 2341 malum.
2402 2285 2690 2343 Silentium
2722 2298 2905 2343 autem
2955 2291 3101 2360 quod
3145 2291 3199 2345 in
3246 2292 3429 2364 adytis

1830 2386 1935 2442 est,
1971 2387 2133 2432 vocat
2156 2379 2395 2433 divinum
2435 2379 2567 2433 illud
2605 2395 2901 2446 arcanum;
2940 2382 3213 2451 siquidem
3253 2383 3306 2438 id
3342 2384 3423 2439 si-

1830 2468 1946 2524 lent
1976 2485 2065 2524 res
2093 2470 2234 2525 viles
2261 2478 2485 2540 propter
2514 2487 2668 2525 suam
2698 2471 3128 2539 deformitatem,
3169 2488 3259 2528 res
3290 2489 3424 2530 vero

1828 2562 2086 2630 pretiosae
2116 2578 2181 2616 ac
2210 2560 2408 2617 divinae
2434 2563 2563 2618 illud
2594 2564 2758 2620 silent
2784 2577 3011 2635 propter
3046 2564 3165 2634 ejus
3196 2580 3425 2621 venera-

1830 2653 2057 2718 tionem,
2090 2655 2345 2725 quodque
2379 2670 2483 2710 non
2519 2655 2738 2712 valeant
2767 2657 3058 2713 enuntiare
3090 2656 3182 2712 illa
3208 2672 3329 2729 qua:
3366 2657 3422 2712 in

1826 2743 2007 2814 adytis
2035 2742 2225 2810 latent,
2256 2758 2365 2813 quo
2397 2759 2552 2799 mens
2582 2744 2730 2798 nulla
2758 2753 3034 2815 penetrat,
3066 2742 3423 2815 quantumvis

1828 2851 1962 2906 pura
1999 2837 2091 2904 sit,
2138 2846 2195 2894 et
2247 2846 2476 2906 propter
2520 2837 2868 2892 sanctitatem
2913 2835 3419 2906 perspicacissima.

1824 2928 1988 2998 Atqui
2047 2929 2193 2983 dicet
2244 2929 2441 2998 aliquis
2480 2929 2656 2982 malos
2700 2942 2826 2983 esse
2878 2927 3101 2997 angelos
3143 2928 3289 2997 quod
3320 2941 3423 2997 pu-

1825 3020 1998 3073 niant.
2052 3019 2203 3075 lianc
2250 3020 2617 3089 objectionem
2675 3020 3083 3091 sapientissime
3144 3018 3419 3086 dissolvit,

1829 3112 2064 3184 primum
2124 3127 2151 3165 a
2211 3112 2615 3179 sacerdotibus,
2672 3113 2764 3183 qui
2804 3113 3061 3184 indignos
3124 3128 3155 3168 a
3214 3110 3420 3169 divinis

1830 3204 2107 3278 mysteriis
2133 3214 2352 3271 arcent;
2387 3204 2583 3259 deinde
2612 3205 2768 3269 dicit,
2792 3220 2859 3260 ne
2900 3205 2955 3260 id
2988 3206 3165 3276 ipsum
3196 3203 3419 3274 quidem

1831 3303 2033 3356 malum
2089 3317 2231 3365 esse,
2289 3302 2480 3372 punire
2528 3301 2794 3371 aliquem,
2843 3302 3103 3373 quoniam
3148 3300 3420 3356 correctio

1828 3406 1935 3459 est,
1972 3394 2244 3449 correctio
2275 3400 2455 3448 autem
2489 3391 2652 3457 bona,
2680 3409 2856 3464 neque
2892 3395 2983 3464 qui
3016 3393 3251 3463 puniunt
3288 3390 3417 3444 mali

1827 3497 1981 3555 Sttttl,
2017 3488 2222 3543 dictum
2257 3496 2342 3542 est
2367 3487 2513 3542 enim
2547 3500 2558 3533 τ
2609 3486 2735 3541 Νοη
2776 3489 2915 3542 enim
2962 3487 3077 3541 sine
3106 3501 3269 3540 causa
3296 3484 3418 3553 gla-

1826 3580 1975 3634 dium
1997 3590 2205 3649 portat;
2240 3579 2336 3633 Dei
2357 3582 2495 3634 enim
2519 3581 2770 3634 minister
2809 3594 2908 3646 est,
2962 3580 3156 3634 vindex
3193 3578 3251 3631 in
3279 3578 3419 3630 iram

1825 3673 1874 3727 ei
1929 3674 2017 3743 qui
2070 3672 2208 3725 male
2265 3672 2373 3741 agit
2410 3670 2461 3726 ἀ.
2515 3671 2782 3726 Ctuterum
2833 3671 3162 3726 solutionem
3219 3684 3420 3740 propo-

1828 3763 1949 3817 sitae
1975 3764 2293 3831 quaestionis
2322 3765 2691 3833 prosequitur,
2715 3774 2766 3817 ct
2794 3766 2889 3832 ait,
2917 3779 3019 3818 nec
3046 3764 3195 3833 ipsos
3215 3765 3418 3816 daemo-

1826 3872 1926 3910 nes
1975 3866 2170 3910 natura
2225 3857 2397 3911 malos
2450 3870 2596 3910 esse.
2649 3856 2763 3910 iloe
2809 3872 2877 3912 ex
2905 3858 3153 3927 pluribus
3187 3859 3412 3928 probat:

1824 3949 2060 4018 primum
2090 3946 2333 4017 quidem,
2358 3950 2632 4017 quomodo
2664 3951 2901 4019 alioquin
2932 3966 2962 4003 a
2995 3951 3416 4006 bonotlreatore

1826 4038 2056 4104 conditi,
2107 4048 2164 4093 et
2205 4039 2350 4093 aliud
2392 4041 2521 4106 sint,
2565 4041 2826 4111 quoniam
2874 4055 2939 4093 ex
2984 4039 3142 4093 bonis
3183 4037 3416 4093 mutati?

1829 4130 2164 4185 mutationes
2188 4130 2333 4203 etaim
2366 4145 2487 4200 qua:
2511 4139 2635 4186 sunt
2671 4130 2974 4184 secundum
3003 4129 3411 4196 alterationem,

1824 4240 1932 4280 non
1990 4237 2120 4280 sunt
2166 4229 2470 4281 secundum
2526 4226 2916 4289 substantiam,
2969 4226 3063 4280 sed
3112 4225 3413 4281 secundum

1825 4318 2171 4386 qualitatem,
2206 4320 2351 4373 sicut
2376 4318 2479 4372 illa:
2503 4334 2624 4389 qua:
2655 4328 2782 4372 sunt
2811 4318 3114 4373 secundum
3147 4333 3413 4389 augmen-

132 4399 185 4451 τὸ
215 4403 284 4474 μὴ
319 4404 377 4459 ὃν
408 4405 589 4459 ἐλθεῖν
611 4424 625 4437 ⁸
668 4407 784 4460 ἀλλ’
815 4408 924 4461 ἰδού
952 4410 1092 4462 εἰσιν
1113 4409 1295 4464 οὐσίαι
1326 4412 1501 4481 amor,
1546 4417 1593 4468 εἰ
1625 4417 1717 4470 καὶ

1912 4426 1940 4463 ιι
1968 4420 2057 4464 aut
2082 4412 2517 4477 decrementum,
2544 4414 2841 4466 secundum
2867 4412 3267 4481 quantitatem;
3293 4426 3411 4465 mu-

134 4494 239 4544 κατ’
267 4495 424 4549 ἄλλον
450 4497 657 4567 τρόπον
683 4500 785 4551 οὐκ
808 4494 948 4553 εἶναι
980 4500 1248 4568 λέγονται,
1275 4502 1410 4557 καθὸ
1433 4506 1615 4559 κακοί.
1640 4507 1715 4561 Σὺ

134 4580 182 4632 δὲ
207 4587 533 4655 σημείωσαι,
565 4588 647 4639 ὅτι
673 4588 800 4642 ἄλλο
822 4590 939 4642 ἐστὶ
961 4589 1024 4643 τὸ
1042 4592 1122 4653 εἰς
1141 4591 1203 4645 τὸ
1235 4593 1310 4665 μὴ
1338 4592 1399 4647 ὃν
1419 4594 1593 4648 ἐλθεῖν
1621 4596 1719 4649 καὶ

135 4672 415 4748 φθαρῆναι,
446 4680 549 4733 καὶ
571 4680 700 4733 ἄλλο
723 4680 798 4754 μὴ
829 4678 969 4736 εἶναί
991 4701 1064 4737 τι.
1106 4666 1193 4749 Ὦς
1215 4685 1325 4758 γάρ
1346 4688 1380 4758 ἡ
1409 4687 1642 4756 γένεσις,
1681 4690 1716 4761 ἠ

136 4767 223 4832 μὲν
252 4771 436 4836 ἁπλῶς
466 4773 639 4837 ἐστιν,
662 4773 738 4836 ὡς
760 4776 792 4845 ὴ
818 4776 938 4827 κατ’
969 4776 1157 4830 οὐσίαν
1177 4796 1192 4810 ο
1224 4781 1259 4852 ἡ
1280 4780 1336 4833 δὲ
1366 4782 1508 4835 κατά
1541 4799 1614 4847 τι,
1641 4783 1719 4847 ὼς

134 4860 303 4928 ἠκατ⁵
325 4863 637 4927 ἀλλοίωσιν,
682 4863 824 4916 οὕτω
859 4867 951 4918 καὶ
980 4868 1013 4938 ἡ
1060 4867 1259 4940 φθορὰ,
1291 4872 1325 4941 ἡ
1370 4866 1468 4942 μὲν
1507 4871 1714 4938 ἁπλῶς,

135 4949 163 5018 ἡ
202 4956 312 5004 κατ’
342 4956 566 5020 οὐσίαν,
619 4956 653 5024 ἡ
682 4954 741 5008 δὲ
770 4956 911 5009 κατά
939 4976 1013 5024 τι,
1048 4961 1081 5030 ἡ
1114 4961 1233 5013 κατ’
1263 4962 1566 5017 ἀλλοίωσιν.
1606 4963 1717 5035 Τὴν

135 5043 251 5107 γοῦν
315 5045 675 5117 ἀλλοιωτικὴν
744 5047 949 5120 φθορὰν
1020 5053 1383 5119 πεπονθότες,
1467 5056 1568 5108 οὐκ
1636 5054 1715 5109 εἷ-

137 5148 211 5183 ναι
256 5134 537 5202 λέγονται·
562 5136 662 5207 τὴν
706 5139 762 5190 δὲ
810 5141 929 5192 κατ’
955 5143 1139 5197 οὐσίαν
1176 5146 1249 5216 μὴ
1294 5146 1533 5214 γνόντες,
1565 5148 1719 5218 (ἀθά-

294 5226 446 5299 γάρ,)
500 5228 562 5279 οὑ
617 5227 863 5297 λέγονται
905 5234 1181 5306 φθαρῆναι
1223 5239 1317 5291 καὶ
1349 5241 1429 5304 εἰς
1458 5240 1519 5293 τὸ
1551 5241 1628 5313 μὴ
1656 5242 1716 5296 ὃν

140 5326 162 5363 ε
225 5334 247 5365 ε
273 5336 319 5365 ν-

140 5313 319 5370 ἐλθεῖν.

1824 4496 1957 4552 tatio
1989 4508 2170 4552 autem
2202 4499 2502 4553 secundum
2551 4500 2943 4566 substantiam,
2981 4499 3262 4568 generatio
3294 4507 3412 4563 ,est,

1824 4590 1909 4644 vel
1959 4590 2261 4659 corruptio.
2311 4591 2446 4645 Cum
2482 4593 2667 4662 itaque
2707 4593 2902 4648 mutati
2941 4593 3073 4657 sint,
3119 4592 3413 4661 oportebat

1822 4700 1943 4751 eos,
1968 4684 2013 4738 si
2047 4684 2352 4739 secundum
2384 4685 2753 4741 subStantiam
2780 4686 2971 4740 mutati
3005 4696 3211 4751 essent,
3241 4685 3413 4737 inter-

1824 4778 1925 4843 ire,
1965 4787 2021 4833 et
2053 4777 2107 4831 in
2132 4776 2362 4832 nibilmn
2399 4778 2581 4846 abire;
2614 4779 2708 4833 sed
2749 4794 2880 4834 ecce
2917 4786 3047 4832 sunt
3089 4777 3412 4831 substantia

1824 4870 2237 4937 immateriales,
2272 4871 2487 4925 tametsi
2523 4871 2823 4926 secundum
2857 4868 3024 4923 alium
3070 4870 3289 4922 modum
3335 4867 3412 4921 di-

1822 4974 2021 5017 cantur
2046 4977 2152 5017 non
2182 4976 2329 5026 esse,
2372 4962 2425 5015 in
2456 4971 2721 5032 quantum
2770 4962 2896 5015 mali
2930 4968 3080 5015 sunt.
3117 4958 3196 5013 Tu
3228 4969 3408 5014 autem

1821 5056 2107 5111 considera
2132 5052 2299 5126 414
2320 5055 2464 5123 quod
2505 5053 2651 5107 aliud
2693 5054 2789 5118 sit,
2820 5054 2873 5107 in
2909 5052 3138 5106 nihilum
3170 5054 3324 5106 abire
3344 5066 3410 5106 ac

1820 5150 2073 5218 interire,
2132 5160 2188 5203 et
2230 5150 2375 5204 aliud
2417 5164 2522 5203 non
2556 5163 2677 5202 esse
2711 5147 3011 5218 quidpiam.
3061 5147 3217 5201 Sicut
3261 5145 3408 5199 enim

1820 5244 2101 5313 generatio
2148 5242 2514 5312 alia-quidem
2557 5241 2791 5312 simplex
2847 5250 2969 5304 est,
3021 5248 3080 5293 ut
3112 5238 3408 5294 secundum

1822 5337 2219 5403 substantiam;
2260 5336 2365 5389 alia
2399 5349 2531 5388 vero
2575 5335 2870 5387 secundum
2907 5331 3038 5402 quid
3089 5340 3192 5395 est,
3236 5342 3295 5383 ut
3321 5342 3409 5384 se-

139 5410 355 5463 cundum
399 5412 810 5483 alterationem;
844 5419 915 5473 ita
952 5423 1117 5477 etiam
1162 5428 1464 5497 corruptio,
1493 5429 1594 5485 alia
1624 5440 1710 5486 est
1742 5431 2090 5501 simpliciter,
2129 5447 2251 5501 quae
2291 5429 2591 5484 secundum
2664 5427 3063 5493 substantiam;
3119 5425 3225 5479 alia
3274 5438 3408 5480 vero

141 5508 420 5560 secundum
450 5509 604 5577 quid.
630 5526 751 5579 quae
786 5520 1088 5573 secundum
1115 5522 1524 5581 alterationem.
1577 5527 1733 5594 Quod
1765 5529 1949 5599 itaque
1993 5528 2404 5598 corruptionem
2461 5526 2808 5581 alterativam
2860 5523 3153 5588 subierint,
3213 5521 3406 5576 dicun-

144 5601 220 5696 lur
244 5614 345 5696 non
368 5616 519 5669 esse;
555 5620 676 5659 cum
713 5616 897 5662 autem
942 5612 1092 5668 illam
1131 5619 1432 5675 secundum
1458 5621 1825 5678 substantiam
1856 5623 2169 5696 ignorarint
2201 5621 2483 5693 (quoniam
2518 5620 2865 5677 immortales
2893 5619 3044 5691 sunt)
3080 5632 3185 5673 non
3213 5616 3407 5671 dicun-

145 5694 221 5741 tur
246 5690 464 5750 interire
490 5705 545 5749 et
579 5699 633 5752 in
670 5700 899 5758 nihilum
929 5704 1096 5764 abire.

271 5807 293 5845 δ
325 5808 481 5867 Rom.
516 5828 638 5880 xm,
662 5815 718 5871 ι.
