3768 6290
372 252 479 313 795

1560 258 1619 319 8.
1656 260 2462 335 ΒιΟΝΥδΙΙέΔΒΕΟΡΑΟΙΤλΕ

3557 266 3646 322 796

447 369 478 443 ς
514 370 699 428 XXIII.
734 334 961 430 Deinde
987 375 1237 433 dividens
1285 377 1378 435 hic
1427 390 1677 446 sanctus,
1708 378 1907 449 quaerit

2157 385 2161 444 γ
2217 374 2396 431 XXIII.
2474 376 2702 428 Ἔπειτα
2734 376 2956 449 διαιρῶν
2987 379 3014 431 ὁ
3038 377 3193 447 ἅγιος
3227 379 3416 455 ἐρωτᾷ
3438 397 3452 410 '
3483 381 3645 440 Κακὼ

373 460 431 517 Si
460 463 584 518 mali
622 474 769 529 sunt,
806 466 981 521 sibine
1004 468 1131 522 mali
1158 478 1309 536 sunt,
1351 485 1419 525 an
1450 470 1604 526 aliis?
1628 470 1684 525 Si
1711 471 1837 534 sibi,
1866 485 1955 525 se-

370 554 578 623 quitur,
608 554 727 609 illos
758 571 817 609 se
842 557 989 626 ipsos
1014 558 1331 613 interimere
1353 561 1505 629 (nam
1535 560 1734 613 malum
1762 559 1957 613 interi-

372 645 550 698 mendi
583 645 689 698 vim
722 645 907 713 habet)
932 664 947 713 ;
977 662 1166 703 verum
1198 664 1303 704 non
1330 652 1402 705 ita
1429 667 1489 707 se
1513 666 1601 707 res
1627 652 1807 706 habet.
1859 651 1957 706 Sin

371 736 492 789 aliis
514 739 750 807 (rursum
778 738 1110 810 distinguit).
1146 739 1285 807 Quid
1317 741 1958 797 interimunt?Suhstan-

371 828 612 889 tiamne?
630 845 697 883 an
732 832 1066 899 potentiam?
1091 848 1161 886 an
1185 834 1495 889 actionem?
1523 833 1668 903 (talis
1696 832 1957 888 differen-

377 919 448 972 tia
484 930 570 976 est
600 920 743 975 inter
773 923 1071 990 potentiam
1098 932 1154 979 et
1174 925 1470 991 actionem,
1500 924 1679 995 qualis
1701 935 1787 981 est
1815 925 1959 979 inter

368 1009 618 1065 habitum
651 1022 707 1066 et
734 1014 1107 1081 operationem
1136 1030 1202 1070 ex
1228 1014 1451 1083 habitu;
1508 1030 1563 1069 v.
1614 1030 1669 1086 ε.
1712 1015 1956 1085 potentia

365 1101 510 1171 ignis
535 1110 622 1157 est
645 1102 998 1170 calefactiva,
1025 1106 1168 1160 actio
1203 1116 1386 1161 autem
1422 1114 1509 1161 est
1540 1105 1828 1163 calefactio
1849 1105 1956 1159 ali-

366 1196 566 1266 cujus.)
621 1196 682 1253 Si
721 1199 907 1268 itaque
942 1198 1305 1254 substantiam
1342 1199 1688 1268 interimunt,
1718 1198 1955 1270 primum

364 1290 602 1357 quidem,
629 1292 1069 1361 quandoquidem
1092 1291 1181 1348 illa
1202 1307 1325 1363 quae
1346 1305 1536 1348 natura
1570 1309 1670 1349 sua
1699 1294 1953 1348 incorruo

366 1379 572 1446 ptibilia
588 1388 714 1433 sunt
730 1382 958 1435 minime
978 1381 1319 1448 interimunt,
1333 1384 1426 1438 sed
1441 1399 1503 1437 ea
1517 1398 1636 1452 quae
1649 1392 1838 1445 natura
1856 1399 1955 1437 sua

364 1469 746 1540 corruptibilia
766 1472 1064 1541 exsistunt,
1086 1489 1207 1544 quae
1227 1474 1391 1529 etiam
1418 1474 1537 1531 sine
1560 1475 1667 1530 illis
1687 1477 1955 1532 debebant

363 1561 614 1628 interire,
662 1563 740 1617 nil
768 1562 977 1619 faciunt
1000 1576 1190 1619 contra
1215 1574 1493 1634 naturam,
1528 1566 1624 1623 sed
1656 1569 1954 1624 secundum

364 1662 616 1708 naturam
670 1668 881 1710 rerum.
938 1657 1141 1712 Deinde
1185 1673 1317 1714 vero
1362 1675 1540 1730 neque
1581 1661 1688 1717 hoc
1731 1662 1957 1717 omnino

365 1744 568 1799 malum
594 1755 701 1812 est,
730 1748 829 1802 sed
859 1757 1088 1804 eatenus
1112 1749 1285 1805 solum
1311 1761 1397 1805 est
1426 1752 1649 1817 malum,
1674 1763 1952 1823 quatenus
1985 1736 2029 1795 Β

365 1836 646 1905 interitus,
684 1847 744 1892 ut
766 1847 1011 1909 putatur,
1044 1841 1115 1895 sit
1140 1852 1266 1896 ante
1292 1852 1535 1913 tempus;
1575 1860 1754 1915 neque
1777 1845 1956 1900 omni-

364 1929 466 1983 bus
493 1929 544 1983 id
570 1930 772 1984 malutn
796 1941 902 1997 est,
932 1932 1258 2000 quibusdam
1276 1935 1422 1989 enim
1444 1936 1496 1991 id
1532 1936 1736 1992 bonum
1762 1945 1869 2002 cst,
1898 1946 1957 1992 ut

364 2018 418 2073 in
455 2018 590 2074 feris
622 2029 677 2074 et
705 2023 1053 2091 serpentibus
1083 2034 1138 2079 et
1172 2027 1359 2081 herbis
1388 2028 1590 2083 noxiis.
1616 2029 1752 2083 Cum
1791 2030 1957 2100 igitur

362 2112 468 2164 hoc
497 2110 755 2166 solvisset
782 2127 880 2180 per
906 2114 1335 2184 oppositionem,
1393 2118 1555 2173 modo
1585 2119 1751 2173 solvit
1788 2120 1953 2173 etiam

359 2215 460 2270 per
487 2200 834 2270 instantiam,
863 2206 1009 2274 quod
1040 2206 1172 2260 nihil
1202 2223 1391 2262 eorum
1418 2224 1538 2278 qua:
1564 2219 1692 2265 sunt
1723 2212 1954 2267 intereat

364 2292 421 2349 in
453 2302 716 2361 quantum
741 2294 1048 2349 substantia
1085 2306 1190 2361 est,
1225 2299 1297 2352 ita
1334 2300 1593 2355 nimirum
1643 2314 1699 2355 ut
1728 2305 1953 2372 penitus

365 2387 655 2441 aboleatur
678 2396 732 2442 ct
754 2388 1115 2455 annihiletur,
1142 2392 1238 2445 sed
1270 2392 1484 2448 defectu
1520 2397 1779 2452 naturalis
1808 2400 1954 2451 ordi-

366 2476 455 2529 nis
482 2470 827 2543 debilitatur,
872 2489 933 2532 ut
956 2479 1031 2532 ita
1057 2496 1115 2534 se
1144 2482 1362 2537 habeat.
1392 2483 1740 2541 lmbecillitas
1773 2497 1953 2543 autem

366 2568 485 2622 hmc
512 2584 616 2623 non
646 2580 729 2624 est
757 2571 999 2639 perfecta
1024 2573 1338 2641 corruptio;
1372 2591 1495 2635 nam
1529 2576 1574 2631 si
1602 2578 1844 2647 perfecta
1874 2579 1958 2634 fo-

370 2670 481 2725 ret,
513 2662 619 2716 illis
646 2663 792 2718 circa
818 2679 940 2733 quae
956 2666 1236 2733 corruptio
1259 2678 1506 2722 versatur
1532 2670 1961 2739 intereuntibus,

364 2750 534 2805 etiam
562 2753 792 2822 ipsamet
809 2758 1087 2825 corruptio
1103 2757 1384 2813 deficeret.
1407 2759 1590 2830 Itaque
1612 2761 1847 2818 defectio
1868 2779 1955 2817 or-

365 2844 507 2899 dinis
524 2862 631 2902 non
662 2857 748 2903 est
776 2852 883 2905 tale
908 2852 1131 2918 malum,
1162 2855 1276 2907 sive
1299 2853 1522 2908 omnino
1548 2855 1775 2921 malum,
1800 2856 1946 2925 quod

365 2937 419 2990 in
453 2938 613 2995 rebus
652 2958 757 2996 non
782 2944 1021 3010 exsistit,
1056 2947 1149 3001 sed
1183 2948 1448 3003 deﬁciens
1492 2948 1717 3003 bonum.
1748 2949 1954 3004 Eadem

364 3043 583 3098 quoque
634 3035 775 3089 ratio
828 3046 913 3090 est
959 3038 1027 3091 de
1070 3041 1312 3107 potentia
1360 3050 1415 3095 et
1458 3040 1695 3107 actione;
1731 3042 1777 3097 si
1808 3042 1954 3097 enim

2058 470 2231 535 ὄντες,
2260 472 2471 535 ἑαυτοῖς
2502 472 2609 523 είσι
2636 471 2813 534 κακοὶ,
2848 470 2880 541 ἢ
2917 471 3125 541 ἑτέροις
3151 488 3165 537 ;
3199 472 3264 525 Εἰ
3295 473 3397 543 μὲν
3420 475 3642 543 ἑαυτοξ,

2058 564 2249 617 ἕπεται
2278 563 2339 615 τὸ
2375 564 2618 634 φθείρειν
2648 563 2901 626 ἑαυτούς·
2934 563 3280 634 (φθοροποιὸν
3324 566 3438 638 γὰρ
3467 568 3529 620 τὸ
3560 587 3645 622 κα-

2060 653 2154 706 κόν
2173 670 2185 682 ·
2216 653 2233 723 )
2268 654 2381 707 ἀλλ’
2406 653 2515 705 οὐδ’
2544 654 2662 705 ἐστὶ
2686 652 2862 706 τοῦτο.
2890 654 2949 705 Εἰ
2972 653 3016 705 δ’
3040 653 3270 723 ἑτέροις,
3301 654 3491 725 (πάλιν
3516 656 3643 710 διαι-

2064 743 2187 813 ρεῖ.)
2238 742 2301 795 Τί
2330 743 2639 815 φθείροντες
2665 758 2679 807 ;
2711 742 2929 806 οὐσίανς
2962 742 3192 814 δύναμιν
3219 760 3233 808 ;
3265 744 3299 815 ἢ
3332 744 3642 817 ὲνέργειαν;

2058 831 2374 905 (Δυνάμεως
2396 833 2451 886 δὲ
2484 834 2619 906 πρὸς
2637 833 2735 905 τὴν
2765 833 3047 905 ἐνέργειαν
3070 833 3299 905 τοιαύτη
3331 837 3454 889 ἐστὶ
3472 837 3644 906 διαφο-

2062 924 2149 996 ρὰ,
2175 925 2250 989 ὡς
2271 925 2370 995 τῆς
2394 924 2560 991 ἕξεως
2589 925 2726 996 πρὸς
2756 925 2853 997 τὴν
2883 928 3007 981 καθ’
3030 928 3147 994 ἕξιν
3178 929 3467 998 ἐνέργειαν
3492 946 3506 959 ⁸
3545 925 3643 983 οἷον

2058 1016 2228 1087 πυρὸς
2254 1016 2479 1087 δύναμις
2504 1019 2536 1087 ἡ
2561 1016 2916 1089 θερμαντικὴ,
2936 1020 3194 1092 ἐνέργεια
3212 1021 3290 1084 δὲ,
3310 1022 3404 1073 ὅτε
3427 1019 3645 1091 θερμαί-

2057 1124 2137 1159 νει
2164 1106 2263 1178 τι.)
2288 1107 2350 1160 Ei
2372 1101 2466 1160 οῦν
2498 1106 2687 1160 οὐσίαν
2712 1107 3016 1178 φθείρουσι,
3044 1110 3263 1183 πρῶτον
3292 1112 3415 1181 μὲν,
3442 1112 3565 1164 ἐπεὶ
3584 1110 3645 1163 τὰ

2058 1197 2219 1267 φύσει
2240 1198 2492 1274 ἄφθαρτα
2516 1198 2574 1251 οὑ
2612 1198 2942 1270 φθείρουσιν,
2976 1201 3114 1255 ἀλλὰ
3138 1203 3205 1257 τά
3227 1202 3391 1272 φύσει
3416 1202 3640 1273 φθαρτὰ,

2057 1288 2093 1341 ἃ
2127 1290 2220 1343 καὶ
2246 1290 2414 1363 χωρὶς
2438 1289 2644 1343 τούτων
2671 1289 2780 1343 ἔδει
2813 1290 3105 1363 φθαρῆναι,
3132 1293 3192 1346 ού
3224 1291 3445 1345 ποιοῦσι
3474 1292 3534 1345 τὸ
3554 1311 3643 1344 πα-

2063 1379 2131 1453 ρά
2158 1381 2338 1450 φύσιν,
2364 1379 2501 1433 ἀλλὰ
2519 1381 2579 1434 τὸ
2600 1379 2744 1434 κατά
2766 1380 2926 1450 φύσιν
2948 1386 3060 1446 τοῖς
3084 1384 3429 1455 πράγμασιν.
3465 1384 3642 1434 Ἔπει-

2057 1491 2126 1527 τα
2152 1472 2381 1527 δὲτοῦτο
2402 1474 2462 1528 οὐ
2488 1475 2663 1546 πάντη
2688 1474 2865 1533 κακὸν
2884 1473 2982 1540 ἔνι,
3007 1475 3149 1532 κατά
3174 1476 3336 1529 τοῦτο
3366 1476 3527 1547 μόνον
3557 1494 3644 1528 κα-

2059 1564 2175 1629 κὸν,
2202 1565 2283 1617 ὅτι
2311 1564 2415 1635 πρὸ
2442 1565 2541 1636 τῆς
2564 1563 2929 1635 νομιζομένης
2955 1564 3105 1637 ὥρας
3137 1567 3351 1634 γίνεται
3377 1568 3412 1637 ἡ
3440 1566 3639 1636 φθορά’

2058 1655 2180 1711 οὐδὲ
2212 1656 2393 1719 παντὶ,
2424 1654 2545 1709 ἔστι
2577 1656 2685 1727 γὰρ
2710 1656 2802 1709 καί
2830 1674 2942 1710 τισι
2973 1658 3157 1724 καλὸν,
3195 1658 3271 1722 ὡς
3296 1659 3394 1713 ἐπὶ
3427 1658 3640 1729 θηρίων,

2056 1749 2152 1801 καὶ
2175 1749 2446 1821 ἑρπετῶν,
2487 1749 2582 1802 καὶ
2609 1748 2848 1819 βοτανῶν
2871 1750 3152 1821 ὀλεθρίων.
3185 1749 3371 1813 Λύσας
3399 1745 3495 1803 οὖν
3516 1748 3646 1802 κατά

2056 1842 2545 1912 ἀντιπαράστασιν,
2575 1841 2676 1912 ἤδη
2700 1840 2819 1895 λύει
2848 1843 2941 1895 καὶ⁴
2964 1842 3103 1895 κατὰ
3127 1841 3406 1904 ἔνστασιν,
3429 1842 3513 1895 ὅτι
3534 1840 3644 1893 οὒδέ

2055 1956 2108 1991 τι
2132 1936 2241 1991 τῶν
2264 1937 2435 1991 ὄντων
2463 1936 2743 2011 φθείρεται
2782 1935 2916 1989 καθὸ
2935 1935 3110 1999 οὐσία,
3146 1936 3315 2006 ἧγουν
3355 1936 3438 1998 είς
3460 1934 3519 1987 τὸ
3552 1951 3647 2004 μη-

2054 2028 2205 2101 δαμῆ
2243 2029 2510 2100 μηδαμῶς
2544 2032 2848 2100 προχωρεῖν
2874 2045 2886 2057 ·
2917 2026 3054 2081 ἀλλά
3080 2031 3145 2098 τῇ
3170 2027 3409 2097 ἐλλείψει
3431 2027 3532 2098 τῆς
3557 2043 3647 2079 κα-

2054 2121 2126 2175 τὰ
2151 2121 2312 2191 φύσιν
2346 2122 2552 2189 τάξεως
2577 2120 2854 2187 ἐξασθενεῖ
2886 2124 2965 2187 είς
3004 2122 3065 2175 τὸ
3091 2120 3359 2185 ὡσαύτως
3384 2120 3550 2191 ἔχειν.
3588 2120 3645 2172 Ἦ

2055 2212 2113 2265 δὲ
2141 2212 2395 2266 ἀσθένεια
2419 2213 2519 2265 οὐκ
2543 2211 2659 2265 ἔστι
2683 2212 2951 2284 παντελὴς
2972 2212 3145 2283 φθορά
3167 2229 3180 2242 ο
3226 2214 3275 2265 εἰ
3313 2211 3427 2283 γὰρ
3464 2229 3645 2265 παντε-

2057 2300 2174 2373 λὴς,
2201 2300 2549 2372 ἀπολομένων
2571 2301 2794 2353 ἐκείνων
2816 2301 2944 2372 περὶ
2968 2299 3004 2353 ἃ
3026 2301 3058 2371 ἡ
3087 2298 3285 2369 φθορὰ,
3309 2299 3408 2352 καὶ
3426 2299 3460 2369 ἡ
3484 2297 3645 2367 φθορὰ

2058 2394 2124 2449 ἂν
2150 2393 2502 2447 ἐπιλελοίπει.
2534 2393 2697 2445 Ὥστε
2721 2394 2754 2462 ἡ
2777 2390 3011 2461 ἔλλειψις
3028 2390 3130 2459 τῆς
3154 2389 3367 2454 τάξεως
3396 2391 3459 2443 οὐ
3486 2388 3646 2443 τοιοῦ-

2056 2504 2147 2539 τον
2180 2487 2367 2551 κακὸν,
2401 2487 2567 2557 ἤγουν
2593 2483 2868 2548 παντελῶς
2896 2482 3084 2547 κακὸν,
3108 2484 3247 2554 ὅπερ
3282 2485 3341 2537 ὲν
3367 2486 3484 2547 τοῖς
3506 2479 3645 2536 οὖσιν

2060 2579 2161 2633 οὐκ
2191 2580 2358 2643 ἐστιν,
2390 2577 2504 2631 ἀλλ’
2528 2577 2747 2640 ἐλλιπὲς
2774 2576 3000 2646 ἀγαθόν.
3028 2571 3197 2640 Οὗτος
3226 2578 3253 2629 ὁ
3297 2575 3462 2644 λόγος
3504 2574 3644 2629 ἔσται

2057 2670 2151 2723 καὶ
2196 2670 2326 2741 περὶ
2382 2670 2482 2740 τῆς
2537 2668 2820 2739 δύναμεως
2874 2668 2971 2721 καὶ
3017 2668 3147 2739 περὶ
3186 2668 3288 2740 τῆς
3330 2668 3641 2738 ἐνεργείαςσ

2056 2764 2107 2816 ει
2160 2762 2267 2834 γὰρ
2326 2761 2605 2831 ἐφθείρετο
2656 2760 2931 2824 παντελῶς
2979 2760 3040 2814 τὸ
3070 2760 3435 2831 ὑποκείμενον
3493 2762 3550 2812 ἐν
3605 2752 3643 2825 ᾧ

2057 2857 2092 2926 ἡ
2124 2854 2351 2926 δύναμις
2397 2852 2517 2907 οὐδὲ
2561 2856 2594 2925 ὴ
2641 2853 2909 2923 ἐνέργεια,
2962 2852 3036 2924 μὴ
3088 2851 3249 2924 μόνον
3300 2853 3427 2905 οὐδὲ
3482 2853 3516 2923 ή
3560 2852 3642 2905 δύ-

2058 2964 2221 3018 ναμις
2258 2946 2352 2999 καλ⁹
2388 2946 2422 3017 ἡ
2450 2945 2700 3017 ἐνέργεια
2728 2941 2814 3018 ἦν,
2841 2944 2956 2999 ἀλλ’
2979 2945 3103 2998 οὐδὲ
3133 2944 3273 3017 αὐτὴ
3303 2946 3337 3017 ἡ
3369 2945 3563 3016 φθορά.
3590 2945 3643 2996 El

2061 3038 2118 3091 δὲ
2157 3036 2391 3100 ἐσώζετο
2429 3037 2525 3108 μὲν
2558 3037 2618 3089 τὸ
2654 3035 3033 3107 ὑποκείμενον,
3066 3035 3317 3090 ἀπώλετο
3346 3036 3403 3090 δὲ
3433 3039 3466 3107 ἡ
3498 3037 3641 3090 δύνα-

364 3122 615 3179 interiret
659 3130 883 3183 omnino
938 3130 1242 3200 subjectum
1285 3135 1543 3203 potentiae
1582 3142 1637 3189 et
1683 3137 1852 3190 actior

2183 3129 2277 3182 καὶ
2304 3128 2345 3201 ἡ
2364 3127 2635 3197 ἐνέργεια,
2672 3125 2771 3179 οὐκ
2792 3120 2861 3197 ἦν
2885 3124 3168 3188 παντελῶς
3191 3124 3363 3177 κακὸν
3394 3126 3430 3195 ἡ
3465 3122 3638 3192 φθορὰ,

366 3228 475 3266 non
541 3215 717 3269 solum
772 3233 882 3273 non
936 3222 1051 3289 ipsa
1092 3222 1333 3291 potentia
1366 3232 1421 3278 et
1447 3225 1592 3279 actio
1632 3224 1836 3292 forent,
1861 3226 1959 3280 sed

372 3319 475 3357 nec
515 3307 628 3374 ipsa
654 3310 956 3380 corruptio.
1007 3313 1105 3367 Sin
1152 3313 1457 3382 subjectum
1505 3315 1723 3382 quidem
1770 3332 1959 3370 serva-

368 3404 541 3460 retur,
587 3398 682 3451 sed
722 3403 968 3468 potentia
999 3403 1260 3474 actioque
1311 3405 1634 3472 deficerent,
1677 3409 1959 3477 corruptio

366 3486 531 3557 415
569 3489 681 3545 hinc
710 3507 816 3545 non
849 3504 998 3549 esset
1035 3497 1260 3550 omnino
1298 3495 1460 3565 mala,
1489 3506 1546 3551 ut
1578 3513 1699 3568 qua
1734 3514 1842 3553 non
1866 3515 1960 3568 pe-

369 3580 517 3632 nitus
554 3579 933 3653 interimeret,
973 3587 1069 3641 sed
1121 3588 1295 3642 solam
1349 3590 1651 3659 potentiam
1688 3601 1741 3644 et
1784 3592 1957 3646 actio-

372 3686 515 3726 nem.
554 3671 693 3738 Quin
729 3676 895 3730 etiam
925 3692 1303 3747 saepenumero
1334 3682 1616 3751 corruptio
1650 3683 1851 3738 bonum
1880 3686 1961 3738 fo-

373 3776 489 3832 ret;
526 3781 650 3820 nam
672 3767 717 3822 si
742 3772 985 3836 patentia
1018 3772 1239 3827 etactio
1267 3774 1534 3828 bonarum
1571 3789 1752 3845 rerum
1777 3785 1957 3842 erant,

372 3858 652 3925 corruptio
685 3874 874 3914 earum
912 3862 1055 3917 inter
1090 3864 1231 3927 mala
1271 3874 1390 3930 est;
1425 3866 1508 3921 sin
1546 3866 1634 3921 illa
1668 3878 1963 3923 erantma-

370 3947 545 4002 larum
582 3965 764 4006 rerum
788 3993 806 4020 ,
855 3962 968 4009 tum
1020 3957 1301 4027 corruptio
1348 3969 1467 4013 erat
1500 3960 1724 4025 bonum,
1762 3960 1961 4031 quippe

370 4040 554 4095 sinens
576 4045 798 4113 quidem
844 4047 1151 4115 subjectum
1175 4090 1191 4116 ,
1224 4051 1545 4107 interimens
1574 4068 1707 4109 vero
1755 4055 1960 4110 malum

371 4131 615 4186 habitum
653 4148 708 4190 et
739 4149 947 4193 actum.
1013 4140 1279 4197 Prmterea
1327 4144 1634 4211 dmno‘nes,
1692 4157 1963 4216 quatenus

373 4236 443 4274 ex
477 4223 619 4278 bono
647 4227 757 4282 Deo
782 4229 1041 4297 oriundi,
1080 4248 1425 4303 nequaquam
1478 4238 1644 4304 mali,
1681 4251 1963 4294 verumta-

376 4325 499 4364 men
536 4312 581 4365 si
617 4316 741 4384 quis
773 4320 978 4374 dixerit
1009 4338 1104 4377 eos
1140 4325 1349 4391 malos,
1397 4326 1576 4382 dicam
1610 4340 1665 4383 et
1692 4346 1831 4400 ego;
1867 4332 1965 4386 sed

378 4415 486 4452 non
525 4401 577 4455 in
612 4415 879 4473 quantum
930 4410 1035 4465 hoc
1066 4421 1233 4477 sunt,
1270 4414 1365 4467 sed
1409 4424 1675 4483 quatenus
1712 4418 1815 4470 hoc
1855 4433 1962 4471 non

2062 3222 2137 3287 ὼς
2193 3220 2267 3293 μὴ
2319 3218 2598 3282 παντελῶς
2657 3217 2973 3288 φθείρουσα,
3028 3214 3169 3269 ἀλλά
3208 3215 3381 3287 μόνην
3432 3214 3531 3286 τὴν
3566 3215 3642 3267 δύ-

2061 3333 2225 3386 ναμιν
2258 3314 2353 3367 καὶ
2386 3312 2483 3383 τὴν
2506 3296 2810 3382 ἐνέργειαν.
2835 3308 3103 3372 Πολλάκις
3125 3307 3181 3360 δὲ
3204 3308 3433 3379 ἔμελλεν
3461 3310 3493 3379 ἡ
3525 3308 3641 3376 φθο-

2064 3408 2132 3480 ρά
2157 3404 2296 3461 εἶναι
2320 3406 2414 3460 καὶ
2437 3405 2638 3474 ἀγαθόν
2658 3420 2670 3433 ·
2701 3406 2749 3456 εί
2771 3401 2880 3474 γὰρ
2903 3403 2937 3472 ἡ
2963 3401 3194 3471 δύναμις
3222 3401 3318 3453 καὶ
3342 3403 3376 3472 ἡ
3409 3401 3643 3471 ἐνέργεια

2058 3500 2168 3553 τῶν
2196 3497 2415 3569 ἀγαθῶν
2449 3493 2622 3568 ἦσαν,
2653 3491 2723 3567 ἦν
2768 3494 2836 3547 ἃν
2880 3492 3055 3563 φθορά
3095 3490 3205 3545 τῶν
3246 3492 3473 3545 κακῶνο
3526 3492 3643 3545 εἰδὲ

2059 3595 2242 3646 ἐκεῖνα
2273 3591 2383 3645 τῶν
2414 3589 2599 3643 κακῶν
2628 3585 2788 3661 ἦσαν,
2824 3583 2893 3659 ἦν
2932 3585 2998 3639 ἂν
3038 3587 3071 3656 ἡ
3101 3584 3277 3656 φθορά
3303 3586 3511 3654 ἀγαθὸν
3536 3627 3550 3651 ,
3580 3586 3643 3648 ὡς

2060 3684 2207 3739 ἐῶσα
2254 3685 2353 3755 μὲν
2395 3682 2456 3736 τὸ
2495 3681 2854 3751 ὑποκείμενον
2880 3719 2895 3744 ,
2932 3676 3230 3748 φθείρουσα
3258 3678 3316 3731 δὲ
3342 3679 3446 3749 τὴν
3484 3678 3643 3747 κακὴν

2060 3776 2174 3843 ἕξιν
2204 3776 2300 3830 κα)⁸
2327 3774 2427 3846 τὴν
2449 3774 2749 3844 ἐνέργειαν.
2775 3765 2909 3824 Εἶτα
2941 3770 2990 3821 οἱ
3021 3767 3295 3838 δαίμονες,
3328 3768 3405 3832 ὡς
3433 3770 3497 3821 ἐκ
3513 3766 3636 3820 Θεοῦ

2060 3866 2154 3921 τοῦ
2184 3865 2391 3935 ἀγαθοῦ
2428 3864 2734 3935 γεγονότες,
2758 3862 2818 3915 οὐ
2853 3859 3014 3915 κακοί
3035 3876 3048 3889 ’
3081 3858 3218 3912 ἀλλὰ
3256 3860 3367 3933 μὴν
3391 3862 3534 3916 εἴποι
3552 3876 3642 3921 τις,

2062 3960 2144 4013 ὅτι
2172 3957 2367 4022 κακοὶ,
2410 3956 2554 4026 φημὶ
2582 3954 2736 4024 κάγὼ
2755 3969 2769 3982 ο
2795 3952 2913 4006 ἀλλ’
2934 3953 2995 4005 οὐ
3022 3952 3159 4005 καθό
3194 3953 3303 4004 είσι
3343 3950 3488 4014 τάδε,
3520 3948 3640 4003 ἀλλὰ

2063 4052 2199 4106 καθὸ
2230 4051 2330 4104 οὐκ
2374 4048 2480 4101 εἰσὶ
2517 4046 2636 4099 τὸδε
2656 4086 2671 4111 ,
2706 4045 2950 4116 δηλονότι
2978 4044 3054 4109 ὡς
3085 4042 3461 4113 ὲπλάσθησαν.
3510 4042 3640 4094 Διότι

2065 4141 2426 4214 παρήχθησαν
2478 4138 2573 4191 καὶ
2618 4137 2772 4190 αὐτοὶ
2818 4138 2898 4201 είς
2938 4137 3046 4189 πᾶν
3078 4136 3239 4205 ἔργον
3269 4134 3509 4203 ἀγαθόν·
3542 4132 3643 4186 ἀλλ’

2065 4230 2372 4301 ⁴ὴσθένησαν
2398 4230 2478 4292 εἰς
2504 4226 2567 4279 τὸ
2591 4227 2826 4297 τηρῆσαι
2845 4226 2945 4298 τὴν
2976 4224 3184 4278 ἑαυτῶν
3208 4225 3411 4297 ἀρχὴν,
3445 4225 3538 4277 καὶ
3560 4226 3647 4293 τὴν

2066 4324 2147 4385 είς
2173 4322 2233 4373 τὸ
2267 4317 2404 4374 εἶναι
2443 4320 2815 4390 παραγωγήν·
2854 4318 2915 4370 ὲν
2944 4316 3120 4369 οὐδενὶ
3166 4316 3277 4387 γὰρ
3317 4315 3465 4389 ἄλλῳ
3505 4315 3646 4369 κακοί

2068 4415 2228 4477 εἰσιν,
2253 4414 2301 4466 εἰ
2335 4412 2409 4483 μὴ
2441 4413 2500 4465 ὲν
2527 4415 2592 4483 τῇ
2626 4409 2825 4463 παύσει
2848 4409 2946 4479 τῆς
2974 4408 3139 4472 ἕξεως
3165 4408 3275 4462 τῶν
3296 4409 3541 4478 ἀγαθῶν,
3567 4409 3647 4460 καὶ

379 4499 527 4558 sunt,
565 4508 759 4565 nempe
796 4497 939 4552 sicut
970 4511 1129 4555 erant
1155 4504 1352 4561 creati.
1390 4504 1658 4572 Quoniam
1687 4523 1867 4578 pI'OCI'f

2158 4504 2229 4576 τῷ
2265 4505 2339 4575 μὴ
2370 4506 2610 4573 ἐνεργεῖν
2640 4502 2701 4554 τὸ
2724 4499 2926 4569 ἀγαθόν
2950 4516 2964 4529 ·
2992 4498 3135 4552 ὥστε
3169 4500 3311 4553 κατά
3345 4500 3646 4572 προαίρεσίν

378 4592 506 4637 sunt
538 4594 591 4639 et
632 4587 733 4659 ipsi
785 4591 853 4645 ad
888 4606 1052 4649 onme
1102 4610 1237 4665 opus
1297 4598 1523 4664 bonum,
1562 4600 1658 4655 sed
1701 4601 1962 4655 infirmati

380 4686 527 4743 sunt,
555 4683 700 4749 quod
733 4699 840 4738 non
875 4688 1239 4743 custodierint
1277 4691 1643 4760 principatum
1693 4709 1850 4747 suum
1902 4709 1967 4747 ac

379 4778 582 4825 statum
627 4774 680 4829 in
715 4790 824 4846 quo
870 4779 1041 4834 creati
1079 4790 1328 4838 erante:
1372 4784 1423 4838 in
1460 4785 1608 4840 nullo
1654 4787 1799 4840 enim
1852 4786 1967 4841 alio

384 4862 510 4915 mali
543 4876 857 4936 suntquam
894 4870 947 4924 in
982 4875 1296 4929 cessatione
1332 4876 1555 4931 habitus
1577 4876 1866 4944 bonorum,
1909 4887 1966 4933 et

382 4955 524 5020 quod
565 4971 671 5012 non
694 4972 990 5030 operentur
1024 4966 1246 5032 bonum,
1289 4969 1362 5022 ita
1398 4980 1457 5024 ut
1490 4972 1790 5026 secundum
1837 4986 1965 5041 pro-

382 5045 615 5112 positum
647 5050 777 5104 mali
808 5053 940 5118 sint,
975 5064 1031 5107 et
1059 5072 1166 5111 non
1201 5060 1500 5114 secundum
1532 5070 1805 5127 naturam;
1830 5063 1967 5118 alio-

383 5137 513 5204 quin
540 5143 684 5195 enim
735 5142 969 5199 fuissent
1008 5161 1226 5218 semper
1260 5151 1415 5206 mali.
1462 5153 1628 5221 Atqui
1674 5163 1864 5208 contra
1918 5154 1964 5209 si

386 5242 601 5297 semper
629 5231 779 5297 mali,
817 5250 927 5289 non
966 5237 1126 5304 mali;
1160 5243 1306 5295 unde
1340 5243 1708 5310 concluditur,
1750 5246 1893 5313 quod
1921 5246 1965 5307 si

388 5326 687 5377 sccundum
726 5335 971 5381 naturam
1006 5331 1133 5387 mali
1170 5344 1331 5401 sunt,
1380 5352 1486 5391 non
1522 5339 1632 5391 sint
1666 5338 1832 5403 mali;
1865 5339 1969 5392 hoc

387 5415 532 5467 enim
568 5417 830 5471 absonum
860 5435 875 5470 :
914 5422 1116 5476 malum
1144 5438 1324 5483 autem
1360 5430 1506 5497 quod
1542 5445 1756 5500 semper
1779 5431 1967 5484 eodem

378 5502 553 5560 ‘tnodu
586 5521 645 5562 se
677 5508 873 5577 habet,
918 5528 1026 5569 non
1057 5524 1142 5572 est
1186 5518 1419 5586 malum,
1466 5521 1734 5591 siquidem
1779 5520 1970 5577 eodem

471 5698 495 5725 ⁸
520 5688 640 5745 Jud.
674 5708 747 5746 vt.

2068 4597 2174 4647 είσι
2204 4592 2384 4657 κακοί,
2414 4592 2528 4645 ἀλλ’
2550 4592 2610 4643 οὐ
2637 4590 2779 4643 κατὰ
2813 4588 2973 4660 φύσιν
2993 4605 3006 4616 ·
3035 4584 3176 4660 ἦσαν
3204 4588 3316 4660 γὰρ
3343 4589 3413 4643 ἂν
3455 4592 3541 4643 ἀεὶ
3562 4608 3647 4642 κα-

2069 4686 2176 4741 κοί.
2203 4686 2314 4739 Καὶ
2336 4683 2520 4747 πάλιν,
2552 4685 2600 4735 εί
2630 4683 2718 4736 ἀεὶ
2748 4682 2940 4747 κακοὶ,
2975 4681 3035 4733 οὐ
3079 4680 3275 4733 κακοί·
3309 4683 3409 4733 καὶ
3439 4680 3648 4747 συναγε-

2068 4799 2177 4844 ται,
2206 4781 2287 4833 ὅτι
2322 4780 2369 4830 εί
2397 4776 2537 4830 κατά
2564 4776 2724 4847 φύσιν
2752 4776 2931 4839 κακοί,
2965 4774 3024 4827 οὐ
3053 4774 3249 4827 κακοί·
3280 4774 3519 4829 ἄτακτον
3533 4774 3643 4843 γάρ·

2068 4880 2131 4933 τὸ
2173 4877 2342 4931 κακὸν
2386 4876 2443 4929 δὲ
2481 4875 2543 4927 τὸ
2572 4874 2657 4927 ἀεὶ
2683 4871 2945 4935 ὡσαύτως
2972 4870 3115 4942 ἔχον,
3147 4870 3207 4922 οὐ
3241 4868 3435 4933 κακὸν,
3466 4867 3528 4919 τὸ
3554 4864 3647 4933 γὰρ

2073 4972 2160 5026 ἀεὶ
2186 4969 2402 5032 ταύτὸν,
2431 4967 2525 5021 τοῦ
2546 4965 2751 5036 ἀγαθοῦ
2788 4964 2917 5017 ίδιον
2943 4980 2957 4994 σ
2987 4965 3047 5017 τὸ
3078 4965 3190 5033 γὰρ
3219 4961 3427 5030 ἀγαθὸν
3469 4974 3645 5025 συντηο

2078 5051 2435 5135 ρητικὸνὲστι
2462 5060 2556 5113 τοῦ
2577 5059 2795 5123 ταὺτοῦ,
2828 5058 3016 5127 ῶσπερ
3051 5055 3111 5107 τὸ
3146 5054 3316 5107 κακὸν
3339 5048 3643 5105 διαλυτικὸν.

2074 5158 2137 5210 El
2169 5156 2227 5209 δὲ
2270 5155 2371 5207 οὐκ
2416 5153 2501 5205 ἀεὶ
2540 5152 2702 5205 κακοὶ
2726 5193 2739 5217 ,
2772 5151 3052 5223 (εὕρηνται
3097 5146 3207 5219 γὰρ
3247 5146 3446 5215 ἁγαθοὶ
3497 5157 3643 5212 παρῶ

2075 5244 2368 5317 χθέντες·)
2393 5245 2454 5297 οὐ
2496 5243 2655 5314 φύσει
2696 5242 2875 5305 κακοὶ,
2922 5238 3056 5292 ἀλλὰ
3098 5237 3235 5291 καθό
3278 5241 3387 5291 είσι
3420 5238 3509 5289 καὶ
3531 5232 3641 5298 ζῶει

2077 5341 2173 5393 καὶ
2215 5338 2417 5403 νοοῦσι,
2447 5337 2542 5391 τοῦ
2570 5333 2777 5403 ἀγαθοῦ
2806 5332 3125 5404 μετέχουσιν
3150 5371 3165 5394 ,
3200 5325 3268 5400 ἦς
3298 5329 3365 5400 δὴ
3394 5327 3533 5397 ζωῆς
3567 5322 3667 5375 καῖε

2078 5433 2353 5501 ὲφίενται’
2396 5431 2558 5485 κακοὶ
2594 5428 2651 5481 δὲ
2679 5427 2967 5496 λέγονται,
3005 5423 3093 5476 διὰ
3136 5423 3198 5475 τὸ
3246 5421 3492 5476 ἀσθενεῖν
3536 5414 3639 5481 περὶ

2080 5525 2178 5597 τὴν
2205 5523 2345 5580 κατά
2387 5522 2548 5593 φύσιν
2597 5518 2899 5590 ἐνέργειαν,
2936 5518 3029 5570 καὶ
3056 5516 3283 5587 ἐκϐῆναι
3314 5515 3423 5568 τῶν
3460 5525 3636 5584 προσηυ
