3768 6304
153 298 254 355 797

735 302 821 357 DE
857 304 1114 363 DIVINIS
1140 305 1544 375 NOMINIBUS,
1578 308 1734 367 CAP.
1771 309 1860 368 IV.
1889 344 1965 354 —
1997 313 2347 372 PARAPHR.
2384 317 2854 378 PACHYMERE.

3328 320 3429 379 798

151 436 375 489 κῦντων.
390 437 602 501 ’Ἄλλως
634 420 694 492 τε
720 457 733 469 ·
758 406 826 495 Τί
850 442 912 495 τὸ
932 444 991 495 ὲν
1016 442 1231 514 δαίμοσι
1260 444 1427 499 κακόν
1452 461 1468 512 ;
1496 443 1638 499 εῐποι

1936 429 2011 485 >do
2044 445 2105 486 se
2139 432 2361 499 habere,
2399 436 2680 503 proprium
2714 444 2802 492 est
2834 433 2995 501 boui;
3032 438 3303 507 quoniam
3326 440 3424 492 θος

150 529 214 581 ἀν
233 546 245 558 ο
273 530 463 600 Θυμὸς
493 531 685 602 ἄλογος
724 532 990 605 (εὕρηται
1015 534 1126 607 γὰρ
1164 537 1222 589 ἐν
1243 538 1377 607 ἡμῖν
1405 538 1500 590 καὶ
1529 537 1745 608 ἐλλογος

150 621 176 671 6
214 618 359 671 κατά
388 621 485 673 τοῦ
516 622 712 694 ἐχθροῦ
750 626 844 678 καὶ
872 626 971 697 τῆς
1002 626 1339 700 ἀμαρτίας·)
1384 628 1479 682 καί⁵
1518 629 1745 701 ἀνόητος

150 710 419 782 ἐπιθυμία
458 712 707 783 (εὓρηται
746 715 854 787 γὰρ
884 719 979 771 καὶ
1022 720 1111 772 ἐπ’
1136 719 1317 785 ἄλλοις
1355 720 1620 791 ἐπιθυμία
1659 723 1744 776 ἐν·

150 818 305 863 νουςς⁸
350 803 667 874 Ἐπιθυμίᾳ
699 807 1068 878 ἐπεθύμησα,
1094 812 1207 877 καὶ,
1240 810 1395 879 ἀνὴρ
1416 811 1744 883 ἐπιθυμιῶν

148 892 255 944 τῶν
287 896 622 964 κρειττόνων
655 900 682 951 6
721 899 966 970 Δανιήλο)
1004 903 1099 955 καὶ
1143 903 1412 972 φαντασία
1438 907 1738 979 προπετὴς,

146 986 334 1038 ἐκεῖνα
381 986 819 1059 φανταζομένους
846 984 921 1044 ὧν
944 1010 1074 1046 ποτε
1103 996 1183 1058 είς
1208 994 1324 1061 ἕξιν
1350 996 1451 1049 οὐκ
1486 996 1737 1052 ἐλεύσον-

145 1094 233 1130 ται
260 1094 272 1107 ’
322 1077 438 1131 ἔστι
490 1079 601 1152 γὰρ
639 1083 730 1135 καὶ
762 1084 1029 1151 φαντασία
1064 1086 1124 1139 οὑ
1173 1089 1487 1159 προπετὴς,
1518 1091 1639 1145 καθ’
1670 1093 1739 1164 ἢν

145 1167 504 1237 ἐφαπὸμεθα
550 1170 659 1223 τῶν
694 1172 861 1225 ὄντων
909 1175 1003 1226 καὶ
1042 1174 1302 1230 δυνατῶν.
1343 1178 1497 1232 Ἐπεὶ
1537 1175 1631 1233 οῦν
1667 1180 1738 1235 τά

144 1258 394 1325 τοιαῦτα,
447 1259 561 1313 εἴτε
608 1279 690 1325 τις
741 1254 885 1317 εἴποι
924 1264 994 1318 τά
1041 1266 1274 1337 κρείττω
1316 1268 1411 1323 καὶ
1445 1269 1596 1341 παρά
1623 1273 1738 1336 τοῖς

143 1350 371 1420 ἀγαθοῖς
402 1353 693 1426 ἀνδράσιν,
724 1357 833 1410 εἴτε
858 1357 927 1412 τά
971 1357 1138 1430 χείρω
1180 1360 1274 1413 καὶ
1302 1361 1454 1432 παρά
1478 1365 1592 1426 τοῖς
1620 1363 1737 1416 δαί-

144 1460 304 1512 μοσιν
326 1486 341 1511 ,
388 1446 475 1515 ἐφ’
505 1448 708 1519 ἐτέρων
753 1447 908 1512 ζώων
932 1452 1269 1505 νσυστατικαὶ
1303 1452 1563 1524 δυνάμεις
1604 1456 1731 1522 εἰσὶ,

142 1534 233 1586 καὶ
275 1536 377 1607 οὐχ
422 1539 456 1610 η
500 1535 616 1603 ἕξις
656 1538 896 1607 τούτων,
940 1541 1054 1596 ἀλλ’
1104 1545 1137 1613 ἡ
1185 1543 1463 1616 ἀναίρεσις
1512 1545 1726 1619 φθορά·

139 1628 521 1699 ἀναιρεθέντος
550 1632 658 1705 γὰρ
686 1633 780 1687 τοῦ
809 1634 981 1706 θυμοῦ
1002 1677 1016 1701 ,
1043 1633 1143 1707 τῆς
1174 1636 1475 1704 φαντασίας
1501 1638 1595 1691 κα)⁵
1628 1639 1732 1710 τῆς

138 1722 459 1793 ἐπιθυμίας,
496 1727 618 1779 οὐδὲ
655 1727 790 1792 ζῶον
825 1727 977 1781 ἔσται
995 1746 1008 1758 ·
1033 1729 1121 1782 διὰ
1143 1730 1317 1783 ταῦτα
1337 1731 1396 1784 οὐ
1424 1733 1571 1785 κακά
1596 1732 1729 1787 ταῦ-

1848 534 1976 574 num
2028 531 2113 577 est
2167 526 2607 581 conservativu’m
2657 528 2982 596 identitatis,
3032 531 3179 585 sicut
3222 530 3425 584 malum

1845 612 2256 671 destructivum.
2294 616 2453 683 Quod
2499 619 2548 674 si
2594 634 2703 674 non
2756 635 2976 690 semper
3020 621 3145 676 mali
3197 621 3420 687 fuerint,

1844 717 1966 758 cum
2002 709 2350 775 reperiantur
2378 712 2503 765 boni
2532 726 2659 768 esse
2688 715 2884 777 creati,
2922 729 3030 768 non
3073 723 3203 770 sunt
3230 724 3428 770 natura

1843 796 2007 860 mali,
2048 799 2142 853 sed
2176 810 2448 869 quatenus
2492 813 2620 857 sunt
2669 812 2726 857 et
2772 806 2964 860 vivunt
3010 815 3065 862 et
3114 808 3427 877 intelligunt

1840 888 2138 955 participes
2166 902 2296 945 sunt
2323 893 2471 959 boni,
2509 909 2672 964 quam
2701 896 2891 966 utique
2915 899 3084 953 vitam
3117 901 3282 954 etiam
3328 916 3428 970 ap-

1812 989 2063 1051 petunt;
2092 984 2185 1037 sed
2210 984 2464 1039 dicuntur
2497 987 2647 1055 mali,
2676 999 2947 1058 quatenus
2978 990 3031 1044 in
3064 991 3297 1045 naturali
3325 1007 3425 1048 sua

1840 1072 2057 1129 actione
2083 1073 2450 1143 intlrmantur,
2486 1086 2541 1133 et
2574 1094 2602 1133 a
2640 1080 2804 1135 rebus
2838 1081 2940 1136 sibi
2976 1084 3427 1140 convenientibus

1841 1161 2125 1218 deﬁciunt.
2150 1164 2291 1231 Quid
2325 1180 2477 1234 vero,
2506 1169 2651 1225 dicet
2677 1171 2895 1242 aliquis,
2931 1184 3195 1243 prmterea
3226 1176 3428 1233 malum

1842 1254 1896 1309 in
1929 1255 2308 1313 daemonibus?
2347 1259 2525 1315 Furor
2572 1262 2909 1320 irrationalis
2948 1267 3247 1336 (invenitur
3278 1271 3426 1326 enim

1839 1346 2003 1400 etiam
2040 1348 2092 1401 in
2119 1348 2276 1404 nobis
2303 1352 2385 1405 ira
2417 1348 2731 1422 rationalis,
2774 1366 2834 1410 ut
2878 1368 3072 1413 contra
3126 1361 3336 1417 hostem
3371 1374 3428 1419 et

1836 1441 2142 1511 peccatum)
2164 1452 2218 1496 et
2237 1444 2683 1514 concupiscentia
2706 1450 2930 1505 demens
2947 1452 3236 1523 (siquidem
3263 1458 3426 1513 etiam

1837 1529 1891 1585 in
1922 1530 2040 1585 aliis
2069 1534 2308 1600 prudens
2334 1537 2784 1607 concupiscentia
2825 1543 3100 1612 reperitur
3129 1562 3146 1601 :
3202 1546 3425 1604 Deside-

1835 1622 1914 1674 rio
1948 1622 2245 1678 desideravi
2280 1624 2323 1691 τ,
2357 1636 2450 1684 et:
2484 1627 2582 1681 Vir
2608 1630 2993 1688 desideriorum
3027 1638 3295 1692 bonorum
3321 1639 3427 1693 Da-

1835 1713 2021 1782 niel')
2057 1728 2111 1769 et
2146 1716 2467 1787 imaginatio
2503 1735 2745 1793 praeceps
2768 1764 2783 1789 ,
2822 1726 2948 1780 dum
2986 1728 3077 1782 il'la
3119 1729 3425 1802 imaginan-

136 1832 225 1879 τα,
262 1815 404 1870 ὥστε
438 1818 561 1870 οὐδὲ
590 1820 646 1873 ἐν
672 1822 783 1883 τοῖς
811 1820 1030 1892 δαίμοσι
1059 1822 1335 1887 παντελῶς
1366 1823 1513 1876 κακά
1547 1824 1622 1888 ὡς

1956 1821 2076 1876 qua:
2124 1823 2402 1878 nunquam
2471 1811 2751 1869 habebunt
2797 1817 3088 1887 eifectum;
3141 1793 3420 1878 estvenim

137 1911 454 1984 φθαρτικὰ*
517 1915 619 1970 οὐκ
676 1915 783 1987 ἄρα
808 1919 967 1972 κακοὶ
1014 1915 1156 1970 κατὰ
1198 1917 1376 1988 φύσιν,
1410 1918 1525 1971 ἀλλ’
1571 1914 1730 1993 ᾖοὺκ

135 2004 274 2056 εἰσὶν
295 2005 517 2073 ἀγαθοί.
549 2008 658 2060 Καὶ
687 2009 786 2061 οῦκ
816 2008 1081 2081 ἠλλοιώθη
1114 2009 1323 2073 τούτοις
1350 2010 1411 2063 τὸ
1435 2010 1584 2063 δοθὲν
1601 2012 1732 2080 ἀγα-

134 2094 227 2147 θὺν
266 2098 514 2169 χάρισμα
538 2140 553 2164 ,
592 2099 780 2172 ῶσπερ
806 2101 944 2171 τάχα
975 2103 1055 2165 εἰς
1081 2102 1444 2175 μεταμέλειαν
1483 2102 1729 2168 ἐλθόντος

130 2186 226 2239 τοῦ
274 2188 446 2253 Θεοῦ,
496 2191 579 2244 ὅτι
625 2190 798 2256 οὕτως
838 2195 1032 2259 αὐτοὺς
1072 2195 1330 2266 ἐτίμησε,
1379 2195 1454 2268 μὴ
1482 2196 1723 2264 γένοιτοί

130 2282 248 2335 ἀλλ’
282 2284 436 2337 αὐτοὶ
461 2284 557 2337 τοῦ
583 2286 705 2339 ὅλου
750 2288 1210 2343 ἀποπεπτὼκασιν
1249 2290 1477 2360 ἀγαθοῦ,
1523 2292 1727 2363 μύσαν-

128 2393 224 2439 τες
250 2375 430 2429 αὑτῶν
458 2376 560 2440 τὰς
584 2378 958 2447 ἀγαθοπτικάς
985 2381 1263 2451 δυνάμεις,
1297 2380 1481 2446 καθὼς
1501 2382 1725 2453 ἔχεικαὶ

126 2467 194 2519 τὸ
233 2470 359 2540 περὶ
404 2469 502 2522 τοῦ
558 2470 771 2542 Ἰσραὴλ
814 2471 1133 2543 είρημένονο
1178 2472 1323 2540 Τοὺς
1379 2474 1725 2543 ὀφθαλμοὺς

124 2560 329 2614 αὐτῶν
368 2560 763 2632 ἐκάμμυσαν,
806 2565 904 2618 καὶ
946 2564 1070 2631 τοῖς
1119 2565 1227 2619 ὠσὶ
1268 2565 1505 2633 βαρέως
1542 2566 1724 2635 ἤχου-

123 2668 270 2718 car,
301 2652 388 2723 μή
430 2670 578 2707 ποτε
618 2655 1049 2724 ἐπιστρέψωσι,
1078 2656 1173 2708 καὶ
1204 2655 1452 2726 ίάσωμαι
1477 2658 1719 2724 αὐτούς.

125 2744 231 2797 Διά
260 2744 422 2798 τοῦτο
450 2746 546 2798 καὶ⁸
578 2744 657 2799 ἔτι
681 2746 899 2815 λέγεται
924 2747 953 2799 ὁ
978 2747 1153 2801 Σατάν
1186 2748 1494 2819 Ἐωσφόρος
1513 2764 1526 2779 ·
1550 2750 1645 2801 καὶ
1663 2751 1723 2803 ἐν

125 2838 485 2907 Εὑαγγελίοις
506 2856 519 2869 ·
574 2838 904 2908 Ἐθεώρουν
927 2839 1034 2893 τὸν
1078 2838 1354 2895 Σατανᾶν
1395 2842 1475 2908 ὡς
1499 2841 1722 2909 ἀστρα-

122 2929 250 2997 πὴν
281 2931 352 2983 ἐκ
390 2932 499 2986 τοῦ
530 2931 789 2999 appar-oi}
816 2931 1101 2985 πεσόντα.
1130 2932 1266 3003 Περὶ
1307 2931 1417 3004 γὰρ
1442 2933 1540 3003 τὴν
1568 2932 1721 2998 τάξιν

122 3022 305 3074 αὐτῶν
347 3024 450 3095 τὴν
485 3023 784 3095 ἀγγελικὴν
820 3025 913 3077 καὶ
940 3024 1203 3095 φωτοειδῆ
1246 3025 1346 3096 τὴν
1374 3023 1600 3091 ἀταξίαν
1625 3026 1720 3081 καὶ

120 3112 215 3184 τὴν
244 3114 454 3184 φθοράν
482 3114 639 3186 ἔσχον
676 3116 742 3167 ἐκ
788 3116 1181 3187 προαιρέσεως,
1216 3114 1397 3180 καθὼς
1438 3116 1531 3169 καὶ
1569 3116 1717 3189 παρά
1745 3143 1787 3201 C

118 3204 478 3277 τῷΊεζεκιὴλ
496 3205 723 3277 εὓρηται
741 3223 753 3235 ·
788 3206 1049 3275 Ἐρθάρη
1070 3208 1105 3274 ἠ
1124 3205 1422 3276 ἐπιστήμη
1451 3223 1567 3261 σου
1594 3206 1717 3261 σὺν

121 3296 198 3363 τῷ
221 3298 443 3351 κάλλει
474 3314 615 3362 σου,
644 3298 884 3368 δηλονότι
904 3299 938 3369 ἡ
963 3298 1255 3369 φωτοειδὴς
1285 3298 1397 3366 ἕξις
1425 3299 1518 3352 καὶ
1552 3300 1588 3369 ἠ
1616 3299 1716 3368 ἀγ-

118 3388 514 3460 γελοπρέπεια.
547 3390 672 3453 Πῶς
697 3389 753 3442 δέ
776 3389 869 3441 τοῦ
896 3390 969 3461 μὴ
995 3390 1162 3454 ὅντως
1185 3388 1481 3460 ἐφιέμενοι,
1509 3389 1602 3443 τοῦ
1626 3409 1717 3444 κα-

118 3481 211 3534 κοῦ
248 3482 535 3549 ἐφίενται,
566 3480 598 3551 ἢ
625 3481 901 3552 δηλονότι,
936 3480 1163 3551 ἀλήθειά
1205 3484 1354 3535 ἐστιν
1385 3484 1413 3535 6
1441 3482 1573 3545 Θεὸς
1620 3483 1716 3536 καὶ

116 3572 208 3639 δν;
251 3574 314 3627 τὸ
358 3573 419 3625 δέ
451 3574 517 3642 τῇ
560 3572 787 3644 ἀληθείᾳ
830 3572 1204 3643 ἀντικείμενον
1237 3571 1431 3636 ψεῦδος
1454 3612 1468 3637 ,
1502 3573 1624 3628 οὔτε
1654 3575 1713 3629 ὃν

116 3667 282 3730 ἐστιν,
303 3664 413 3727 ἔξω
438 3663 550 3734 γὰρ
579 3663 673 3715 τοῦ
706 3663 842 3717 Θεοῦ
875 3664 1174 3728 παντελῶς,
1217 3663 1341 3716 οὔτε
1381 3664 1546 3719 εἰκὼν
1574 3668 1706 3740 ἀλη-

116 3755 283 3819 θείας.
320 3754 549 3826 Ἐπειδὴ
571 3754 626 3807 δέ
655 3754 830 3807 πείθει
859 3754 1011 3818 τινας
1038 3750 1176 3807 εἷναί
1217 3772 1291 3821 τι,
1324 3754 1476 3810 ἔσται
1507 3775 1717 3811 σκοτει-

113 3848 199 3901 νὸν
224 3850 318 3901 καὶ
344 3846 593 3918 ἀμυδρὸν
625 3846 734 3899 τῶν
755 3846 1005 3900 ὁπωσοῦν
1029 3845 1199 3899 ὅντων
1224 3847 1442 3902 εἴδωλον
1460 3865 1474 3879 ⁸
1505 3849 1590 3902 διὸ
1620 3851 1714 3903 καὶ

113 3940 368 4011 ἐνεργείᾳ
395 3940 549 3991 ἐστὶν
576 3938 794 3991 εἴδωλον
817 3980 831 4005 ,
864 3939 959 3992 κα)⁵
990 3939 1239 4009 ἐνεργείᾳ.
1278 3939 1493 4009 ψεῦδος,
1524 3932 1719 3994 τουτέέ

116 4047 224 4083 στιν
254 4028 536 4101 ἀληθινῶς
566 4030 659 4082 καὶ
699 4029 868 4094 ὅντως
898 4029 1093 4101 ψεῦδος
1119 4071 1133 4094 ,
1180 4030 1302 4083 ὅθεν
1333 4030 1425 4082 καὶ
1463 4031 1715 4102 ἐνεργείᾳ

117 4122 186 4191 μὴ
221 4122 303 4173 ὃν,
336 4121 555 4191 ’Ὠσπερ
581 4116 671 4173 οὖν
693 4122 784 4174 ἐπὶ
821 4120 932 4174 τῶν
972 4120 1182 4190 ψευδῶς
1211 4121 1382 4175 ὄντων
1422 4120 1483 4174 τὸ
1517 4120 1717 4191 ψεῦδος

112 4210 423 4281 ἀναιρεθὲν,
456 4211 638 4261 πᾶσαν
664 4210 763 4281 τὴν
789 4208 975 4262 οὐσίαν
1001 4208 1096 4262 τοῦ
1130 4210 1453 4281 πράγματος
1479 4210 1711 4280 ἀναιρεῖ·

111 4301 251 4355 οὕτω
283 4303 380 4355 καὶ
412 4304 440 4353 6
467 4300 563 4352 τοῦ
595 4300 821 4371 ψεύδους
849 4300 1010 4371 ἐρῶν,
1042 4300 1118 4363 ὡς
1143 4303 1192 4352 οἱ
1219 4300 1494 4369 δαίμονες,
1519 4300 1614 4353 τοῦ
1640 4298 1715 4371 μὴ

111 4393 258 4458 ὗντος
288 4396 396 4467 ἐρᾷ
424 4434 437 4457 ,
468 4394 565 4445 καὶ
596 4394 654 4444 ἐν
684 4391 761 4463 τῷ
801 4392 933 4456 ὖντι,
956 4391 1235 4444 τουτέστιν
1275 4394 1334 4444 ἐν
1372 4396 1438 4463 τῇ
1464 4391 1713 4463 ἀληθείᾳ,

1832 1894 1995 1947 etiam
2030 1895 2345 1965 imaginatio
2374 1900 2599 1956 minime
2628 1919 2891 1974 praeceps,
2920 1923 3024 1976 qua
3058 1906 3120 1964 e'a
3150 1926 3270 1979 quae
3294 1922 3421 1967 sunt

1830 1996 1886 2039 et
1917 1985 2034 2041 ﬁeri
2069 1999 2301 2055 possunt
2331 1992 2678 2062 attingimus.
2705 1996 2838 2050 Cum
2877 1998 3064 2065 itaque
3097 2000 3212 2055 haec
3252 2003 3326 2056 ita
3360 2019 3420 2058 se

1831 2075 2091 2144 habeant,
2118 2080 2234 2133 sive
2265 2082 2393 2151 quis
2430 2083 2568 2137 bona
2604 2086 2749 2140 dicat
2783 2087 2847 2142 de
2892 2089 3024 2142 viris
3059 2092 3267 2160 probis,
3301 2093 3417 2146 sive

1829 2169 1976 2223 mala
2013 2175 2082 2224 de
2136 2171 2497 2242 daemonibus,
2555 2177 2608 2231 in
2666 2178 2790 2233 aliis
2846 2189 3025 2236 tamen
3084 2183 3415 2240 animalibus

1827 2268 1957 2315 sunt
2000 2262 2235 2320 virtutes
2273 2268 2668 2338 constitutivre,
2718 2281 2774 2326 et
2818 2288 3169 2343 nequaquam
3217 2278 3412 2331 borum

1830 2352 2080 2419 habitus,
2112 2355 2207 2409 sed
2237 2354 2441 2411 ablatio
2469 2369 2554 2414 est
2584 2360 2867 2428 interitus;
2903 2364 3085 2419 ablata
3121 2367 3266 2421 enim
3298 2367 3411 2420 ira-

1826 2446 2045 2512 cundia,
2080 2446 2468 2516 imaginatione
2492 2449 2659 2524 416
2700 2464 2757 2507 ει
2786 2457 3234 2524 concupiscentia
3261 2499 3276 2525 ,
3310 2473 3413 2513 nec

1826 2533 2002 2603 ipsum
2030 2536 2231 2590 animal
2254 2540 2399 2605 erit;
2435 2554 2771 2613 quapropter
2797 2546 2911 2600 lucc
2948 2563 3055 2602 nou
3090 2563 3219 2604 sunt
3245 2552 3407 2618 mala,

1826 2634 1990 2693 atque
2020 2628 2160 2681 adeo
2189 2630 2351 2683 etiam
2386 2631 2438 2685 in
2474 2632 2815 2689 daemonibus
2854 2651 2961 2691 non
2999 2640 3222 2694 omnino
3268 2642 3410 2696 mala

1824 2723 1984 2779 sunt,
2025 2716 2226 2786 quippe
2272 2719 2393 2775 illos
2434 2737 2542 2776 non
2596 2723 3002 2795 interimeutia;
3063 2744 3170 2784 non
3224 2730 3414 2801 itaque

1824 2804 1950 2858 mali
1978 2814 2106 2860 sunt
2140 2811 2434 2864 secundum
2463 2821 2735 2879 naturam,
2784 2818 2881 2870 sed
2920 2819 2973 2871 in
3008 2831 3271 2888 quantum
3298 2837 3407 2877 non

1822 2906 1951 2950 sunt
1982 2897 2132 2953 boni.
2168 2899 2355 2969 Neque
2381 2903 2607 2971 bonum,
2647 2908 2790 2974 quod
2822 2908 2933 2963 illis
2962 2925 3282 2966 concessum
3301 2924 3404 2980 est,

1823 2988 2041 3057 penitus
2066 3004 2379 3058 perversum
2413 3006 2521 3058 est,
2563 2999 2718 3064 quasi
2758 2998 2901 3054 forte
2942 3003 3207 3071 pteniteat
3235 3005 3403 3058 Deum

1825 3081 1969 3151 quod
2006 3081 2077 3135 ita
2104 3082 2226 3136 illos
2257 3084 2581 3152 honorarit,
2620 3090 2797 3152 absit;
2836 3093 2933 3146 sed
2981 3093 3195 3163 ipsimet
3225 3110 3254 3148 a
3292 3106 3405 3153 toto

1819 3171 1963 3225 bono
1990 3173 2335 3230 desciverunt
2359 3214 2374 3240 ,
2416 3183 2694 3246 potentias
2739 3196 2867 3237 suas
2893 3184 3019 3238 boni
3052 3185 3253 3241 visivas
3279 3187 3406 3242 odio

1821 3265 2119 3330 habentes,
2161 3265 2316 3333 juxta
2364 3269 2415 3322 id
2451 3272 2595 3337 quod
2640 3272 2709 3329 de
2750 3274 2949 3345 popqu
2990 3276 3291 3334 Israelitico
3317 3279 3409 3334 diu

1820 3364 1965 3411 ctum
1992 3367 2119 3415 est:
2151 3358 2349 3414 Oculos
2379 3378 2502 3418 suos
2533 3366 2863 3434 clauserunt,
2887 3378 2933 3423 et
2965 3372 3185 3425 auribus
3222 3372 3403 3441 gravi-

1817 3459 1898 3503 ter
1948 3452 2273 3520 audierunt,
2330 3458 2610 3526 nequando
2664 3472 3066 3529 convertantur,
3118 3472 3165 3516 et
3225 3480 3406 3519 sanem

1817 3558 1905 3596 eos
1926 3542 1978 3598 ιι.
2014 3546 2218 3602 Idcirco
2259 3551 2558 3604 etiamnum
2618 3553 2855 3609 Satanas
2903 3554 3121 3609 Lucifer
3142 3557 3406 3610 nomina-

1827 3642 1941 3699 tur,
1970 3646 2025 3690 et
2072 3637 2126 3691 in
2177 3637 2485 3709 Evangeliis
2528 3642 2778 3699 dicitur:
2837 3641 3086 3698 Videbunt
3146 3643 3405 3698 Satanam

1817 3727 1956 3780 sicut
1986 3726 2170 3797 fulgur
2215 3730 2281 3783 de
2311 3732 2438 3785 cwlo
2484 3736 2753 3788 cadentem
2779 3736 2823 3788 ί.
2867 3736 2925 3789 In
2960 3738 3208 3790 ordinem
3249 3739 3398 3791 enim

1817 3832 1974 3872 suum
2018 3820 2324 3890 angelicum
2356 3839 2420 3878 ac
2460 3824 2808 3880 lucifurtnem
2858 3828 3317 3882 inordinatiouem
3348 3836 3406 3881 et

1818 3910 2109 3966 interitum
2140 3922 2205 3967 ex
2234 3917 2515 3983 proposito
2543 3916 2904 3984 iuvexerunt,
2938 3919 3079 3973 sicut
3126 3920 3406 3988 reperitur

1818 4005 1960 4072 apud
1982 4004 2322 4061 Ezechieletu
2349 4007 2419 4062 ιιι
2464 4006 2730 4076 Corrupta
2779 4020 2854 4063 est
2903 4010 3121 4063 scientia
3165 4020 3255 4063 tua
3283 4026 3407 4077 cum,

1819 4100 2217 4171 pulchritudine
2250 4110 2364 4166 tua,
2390 4102 2441 4155 id
2471 4112 2554 4156 est
2582 4101 2889 4156 luciformis
2914 4102 3133 4157 habitus
3162 4112 3217 4158 et
3239 4117 3407 4171 auge--

1818 4194 1954 4249 licus
1982 4195 2168 4249 decor.
2207 4195 2494 4261 Quomodo
2521 4207 2725 4261 autem,
2760 4198 2887 4251 dum
2925 4200 2979 4253 id
3016 4199 3159 4267 quod
3184 4212 3292 4251 nou
3322 4206 3407 4251 est

1817 4296 2100 4356 appetunt,
2126 4290 2329 4343 malum
2366 4298 2660 4358 appetunt,
2702 4289 2808 4342 nisi
2858 4292 2986 4359 quia
3028 4292 3172 4346 Deus
3200 4290 3406 4345 veritas

1817 4390 1901 4437 est
1927 4390 1982 4435 et
2018 4381 2158 4434 eus?
2202 4381 2346 4449 quod
2394 4390 2577 4435 autem
2613 4380 2827 4434 veritati
2870 4394 3135 4453 repugnat
3181 4384 3399 4438 menda-

111 4489 205 4559 οὐχ
237 4488 506 4559 ἕστηκεν.
554 4486 615 4538 Οἱ
643 4481 736 4539 οὖν
762 4485 1035 4556 δαίμονες,
1064 4485 1207 4539 καθά
1234 4503 1397 4556 φησιν
1423 4489 1452 4539 6
1489 4485 1599 4555 Κύε

1912 4491 1961 4529 ιιι
1984 4515 1999 4540 ,
2054 4489 2232 4543 neque
2276 4489 2375 4529 ens
2410 4484 2530 4541 εει,
2583 4475 2855 4544 siquidem
2885 4477 3108 4530 omnino
3137 4486 3220 4529 est
3246 4483 3400 4529 extra

108 4580 336 4649 Ψεῦπαι
367 4580 547 4642 ὄντες,
567 4580 657 4631 καὶ
682 4578 916 4648 πατέρες
934 4572 1037 4629 τοῦ
1061 4576 1310 4646 ψεύδ⁰⁰ς’
1336 4577 1431 4630 τοῦ
1460 4576 1534 4649 μὴ
1562 4577 1596 4629 δ’

1914 4584 2016 4632 im,
2046 4582 2149 4622 nec
2172 4567 2352 4637 imago
2390 4568 2661 4622 veritatis.
2689 4566 2822 4622 Cum
2864 4577 3044 4622 autem
3075 4568 3402 4637 persuadeat

108 4675 377 4742 ἐφίενται,
406 4673 502 4726 καὶ
525 4670 697 4724 κακοῦ
724 4672 985 4741 ἐφίενται.

1918 4659 2146 4713 busdam
2180 4672 2407 4727 prorsus
2437 4672 2560 4713 esse
2594 4658 2823 4726 aliquid,
2871 4660 3164 4713 obscurum
3195 4658 3302 4710 erit
3335 4670 3401 4709 ac

112 4773 271 4821 tenue
294 4780 490 4820 rerum
510 4778 729 4833 quoquo
755 4764 917 4819 modo
939 4763 1328 4818 cxsistenlium
1358 4762 1750 4822 simulacrum;
1806 4756 2066 4825 quocirca
2099 4755 2269 4809 etiam
2301 4750 2516 4852 effectu-
2542 4752 2894 4852 simulacrum
2954 4760 3072 4852 est,
3112 4758 3167 4803 et
3192 4749 3400 4852 effectu

111 4855 329 4925 falsum,
377 4857 435 4911 id
458 4865 543 4910 est
573 4871 698 4911 vere
725 4872 790 4911 ac
829 4856 1051 4911 realiter
1092 4855 1312 4921 falsum,
1345 4862 1511 4923 atque
1545 4853 1681 4906 adeo
1708 4851 1874 4905 etiam
1900 4848 2097 4903 eil‘ectu
2145 4859 2257 4944 non
2307 4858 2429 4944 ens.
2477 4844 2944 4944 Quemadmodum
2969 4840 3144 4944 igitur
3190 4840 3243 4892 in
3290 4837 3400 4944 fat-‘-

110 4951 180 5003 sis
230 4952 503 5013 cutibus,
565 4949 610 5002 si
662 4946 874 5003 falsitas
943 4948 1264 5011 auferatur,
1313 4961 1531 5000 omnem
1578 4944 1655 4997 rei
1711 4941 2076 4997 substantiam
2125 4939 2338 5003 aufert;
2384 4935 2463 4992 ita
2502 4947 2743 5039 quoque
2777 4930 3042 5039 falsitatis
3080 4947 3299 5039 animus,
3342 4941 3401 4985 ut

109 5044 412 5108 dmmones,
454 5050 601 5094 amat
639 5040 689 5094 id
711 5042 854 5109 quod
887 5056 992 5095 non
1023 5049 1125 5106 est,
1156 5050 1209 5095 et
1239 5040 1292 5094 in
1324 5054 1390 5094 eo
1413 5037 1554 5109 quod
1595 5045 1700 5102 est,
1734 5038 1785 5091 id
1826 5044 1924 5091 ἐει
1958 5034 2013 5087 in
2053 5035 2307 5096 veritate,
2364 5044 2473 5130 non
2517 5036 2647 5130 stat.
2704 5026 2988 5130 Damoues
3028 5026 3214 5130 igitur,
3256 5027 3399 5083 sicut

109 5134 505 5197 aitDomiuus,
549 5148 673 5185 cum
713 5133 1006 5188 mendaces
1046 5134 1158 5187 sint
1215 5139 1272 5186 et
1320 5130 1586 5185 mendacii
1618 5139 1833 5199 patres,
1854 5133 2118 5197 appetunt
2159 5126 2211 5179 id
2251 5123 2397 5193 quod
2429 5135 2535 5177 non
2570 5128 2673 5184 est,
2716 5118 3029 5188 malumque
3061 5120 3394 5175 desiderant.

1892 5285 1921 5357 ς
1952 5284 2142 5340 XXIV.
2177 5285 2397 5339 Transit
2444 5285 2511 5339 ad
2542 5284 2716 5339 dictas
2764 5299 2960 5353 pravas
3007 5299 3244 5349 amatas,
3274 5301 3396 5340 ser-

175 5294 205 5365 ς
240 5291 438 5348 XXIV.
471 5290 805 5343 Μεταὸαίνει
830 5292 922 5343 ἐπὶ
950 5291 1051 5355 τὰς
1075 5288 1373 5361 λεγομένας
1399 5290 1577 5354 κακὰς
1602 5291 1707 5361 ψυ-
1892 5288 1921 5357 ς
1952 5288 2397 5389 XXlV.ﬂTransit
2444 5288 2511 5339 ad
2542 5288 2716 5339 dictas
2764 5299 2960 5390 pravas
3002 5299 3185 5390 amata

1814 5392 2031 5432 mouent
2061 5378 2114 5432 in
2142 5378 2207 5432 iis
2239 5391 2527 5439 exercens,
2565 5392 2633 5430 an
2665 5378 2879 5445 possint
2908 5378 2959 5430 in
3000 5378 3068 5432 iis
3113 5379 3279 5433 etiam
3304 5394 3393 5433 se-

110 5388 225 5455 χας,
254 5382 562 5455 γυμνάζων
587 5382 678 5435 τὸν
702 5382 861 5449 λόγον
887 5384 982 5436 καὶ
1009 5385 1102 5436 ἐπὶ
1128 5384 1355 5447 τούτων,
1399 5384 1449 5434 εἰ
1485 5383 1706 5437 δύναται

110 5476 196 5528 ἐπὶ
233 5475 451 5543 ταύτης
472 5474 489 5491 '
520 5468 658 5523 εἷναί
684 5489 807 5524 τινα
832 5473 1021 5525 οὐσίαν
1047 5473 1142 5525 καὶ
1168 5473 1288 5526 καθ’
1313 5473 1448 5526 αὐτὸ
1471 5472 1565 5525 τοῦ
1608 5490 1707 5526 κα-

108 5568 221 5629 κοῦ,
238 5569 338 5623 καί
357 5582 547 5637 φησιν·
570 5565 729 5617 Ἀλλά
751 5566 835 5629 τίς
856 5566 1000 5619 εἴποι
1024 5566 1201 5635 ψυχὰς
1224 5567 1401 5629 κακάς
1422 5583 1436 5631 ;
1462 5568 1573 5619 Καὶ
1598 5568 1704 5637 μὴν

109 5660 140 5730 ἦ
166 5664 222 5714 ἐν
248 5661 328 5730 τῷ
356 5657 709 5726 συγγίνεσθαι
752 5659 959 5729 ἑτέροις
1005 5662 1193 5721 κακοῖς
1220 5659 1280 5709 τὸ
1307 5660 1474 5712 κακὸν
1501 5661 1532 5727 ἡ
1558 5658 1703 5728 ψυχὴ

184 5775 200 5813 ί
236 5776 373 5827 [τις.
410 5786 543 5828 xxu.
581 5771 661 5826 15.

766 5774 787 5809 ε
822 5771 951 5826 Dan.
996 5788 1069 5838 ix,
1100 5772 1187 5827 “25.
1264 5772 1290 5811 ιι
1330 5772 1398 5827 Is.
1432 5789 1503 5837 rt,
1540 5774 1615 5831 '0,
1692 5774 1705 5809 ι
1743 5770 1875 5828 Luc.
1907 5786 1957 5837 κ,
1998 5770 2079 5827 13.

1813 5470 2047 5525 cundum
2077 5468 2442 5524 substantiam
2467 5469 2649 5539 aliqua
2673 5484 2795 5524 esse
2833 5470 2973 5523 tuala
3001 5508 3016 5536 ,
3045 5478 3098 5524 et
3129 5471 3205 5523 ait
3235 5487 3249 5523 :
3283 5471 3390 5526 Sed

1812 5564 1937 5633 quis
1977 5563 2123 5617 dicat
2168 5564 2379 5616 animas
2430 5576 2552 5616 esse
2599 5560 2806 5615 malas?
2840 5562 3053 5617 Etenim
3095 5564 3176 5618 vel
3205 5579 3271 5618 ex
3299 5580 3391 5630 eo,

1813 5655 1956 5724 quod
1995 5671 2119 5710 cum
2168 5654 2292 5709 aliis
2341 5654 2501 5708 rebus
2536 5654 2695 5708 malis
2733 5666 2997 5726 versetur,
3045 5657 3243 5713 malum
3270 5658 3389 5714 anl-

2186 5772 2233 5847 k_
2266 5771 2400 5842 Cap.
2439 5788 2628 5842 xxvut,
2667 5772 2721 5827 7.
