3742 6300
377 268 479 325 7'39

1553 274 1611 330 S.
1650 272 1953 329 DIONYSll
1990 271 2451 330 ΛΗΕΟΡΑΟΙΤᾹΞ

3572 282 3661 340 8η

375 403 464 443 ma
503 387 747 453 habebit,
793 388 876 443 vel
907 389 1050 458 quod
1078 405 1108 445 a
1145 392 1442 462 semetipsa
1473 393 1802 462 depravetur
1838 413 1852 449 :
1891 396 1946 449 si.

2121 399 2198 459 ζει,
2228 394 2260 464 ἢ
2292 394 2383 463 ἀφ’
2411 393 2610 465 ἐαυτῆς
2636 393 2952 448 κακύνεται·
2981 395 3031 448 εί
3061 396 3160 466 μὲν
3195 395 3258 449 ὲν
3296 396 3385 468 τῷ
3413 398 3658 466 συγγίνε-

373 478 591 549 quidem
628 494 695 532 ex
730 482 1191 548 conversatione,
1247 486 1331 540 vel
1380 496 1440 540 ut
1488 486 1629 540 mala
1684 487 1849 541 simili
1900 484 1959 543 se

372 572 655 641 cuujuugit
687 572 736 624 ci
765 588 1087 640 accurreus,
1122 578 1206 631 vel
1259 588 1313 631 ut
1364 578 1528 641 bona,
1575 594 1683 647 quo
1712 578 1854 634 forte
1884 581 1957 634 illi

372 664 544 733 prosit
570 704 584 725 ,
625 665 784 732 juxta
826 666 1032 719 dictum
1068 671 1313 738 Apostoli
1341 691 1352 725 :
1385 668 1587 724 Factus
1631 688 1746 724 sum
1779 674 1843 726 iis
1867 674 1959 740 qui

369 758 481 809 sine
504 758 612 825 lege
638 767 812 822 erant,
843 770 1097 830 tauquam
1127 763 1240 816 siue
1271 764 1382 832 lege
1415 762 1458 829 ι,
1496 774 1549 818 et
1572 765 1686 818 haec
1711 782 1816 819 non
1832 775 1961 819 sunt

372 847 532 911 mala,
567 850 823 916 quoniam
851 864 1083 922 utraque
1114 864 1168 909 et
1204 856 1430 923 provide
1458 855 1624 927 417
1654 865 1708 911 et
1749 858 1957 912 saluta-

370 937 506 991 riter
536 939 690 1004 ilum,
729 940 857 994 dum
896 943 1153 997 nimirum
1186 947 1367 999 anima
1412 946 1593 1001 studet
1636 946 1719 1001 vel
1756 948 1955 1003 tualum

372 1028 608 1093 evitare,
642 1028 727 1081 vel
781 1030 834 1083 in
871 1030 1070 1084 bonum
1118 1045 1479 1089 commutare.
1533 1034 1671 1089 illud
1719 1037 1956 1105 primum

369 1118 576 1185 itaque,
610 1124 754 1186 quod
790 1131 1049 1191 tanquam
1096 1125 1234 1179 mala
1265 1141 1387 1180 cum
1417 1127 1577 1183 malis
1607 1138 1797 1194 coeat,
1832 1144 1960 1198 pro-

369 1210 622 1264 videmiae
646 1227 867 1281 quoque
899 1228 963 1267 ac
993 1214 1188 1269 salutis
1220 1215 1487 1270 rationem
1530 1218 1714 1283 habet,
1748 1218 1960 1274 scilicet

368 1307 686 1371 apparentis
726 1314 780 1358 et
823 1319 933 1358 non
985 1308 1210 1363 omnino
1256 1323 1438 1376 verm;
1488 1312 1742 1379 quoniam
1790 1327 1957 1382 prava

366 1395 546 1446 anima
603 1404 801 1459 curat,
836 1404 895 1449 ιιι
928 1407 1177 1451 servetur
1207 1399 1407 1454 malum
1439 1402 1490 1456 in
1533 1404 1601 1458 iis
1630 1403 1958 1472 quibuscum

367 1483 760 1552 congreditur:
796 1486 899 1541 hoc
934 1488 1094 1541 modo
1140 1491 1461 1559 aggreditur
1502 1492 1596 1562 qui
1642 1505 1864 1549 sanctos
1889 1496 1957 1552 ab

369 1573 524 1628 initio
558 1576 732 1644 cepit;
773 1578 903 1645 quia
929 1579 1030 1633 sub
1051 1578 1176 1635 boui
1202 1583 1383 1647 specie
1403 1585 1772 1652 congreditur,
1791 1596 1851 1641 ut
1875 1586 1962 1641 ni-

368 1667 564 1720 mirum
606 1672 811 1735 prosit,
850 1681 904 1724 ct
936 1672 1014 1725 sic
1044 1685 1254 1730 noceat.
1281 1674 1532 1730 Praeterit
1578 1676 1665 1732 hic
1696 1677 1952 1748 alterum,

2066 487 2260 557 σθαι,ἢ
2289 486 2364 550 ὼς
2394 487 2537 557 κακὴ
2566 487 2900 555 συγγίνεται,
2927 485 3007 557 τῷ
3022 486 3194 559 ὁμοίῳ
3224 488 3659 560 προστρέχουσι,

2061 578 2093 649 ἢ
2123 578 2198 641 ὡς
2230 579 2428 649 ἀγαθὴ,
2460 579 2546 631 ἵνα
2570 580 2731 650 τυχὸν
2747 579 3027 652 ὠφελήσῃ,
3054 582 3197 634 κατά
3223 581 3286 634 τὸ
3309 585 3376 635 ἐν
3404 583 3485 653 τῷ
3516 584 3660 635 Ἀπο-

2064 669 2234 741 στόλῳ
2258 670 2548 742 λεγόμενον
2572 689 2585 701 ο
2621 673 2684 726 Ἐ
2692 674 2951 742 γενόμην
2989 672 3112 738 τοῖς
3146 673 3412 743 ἀνόμοις
3434 677 3521 741 ὠς
3542 676 3663 728 ἆγε-

2054 779 2187 831 μος·
2226 762 2320 815 καὶ
2345 763 2516 816 ταῦτα
2541 765 2640 818 οὐκ
2666 765 2780 817 ἔστι
2806 764 2950 818 κακὰ
2969 805 2983 829 ,
3009 766 3133 819 ἐπεί
3156 765 3243 819 τοί
3268 784 3338 835 γε
3369 770 3469 820 καὶ
3496 770 3661 837 ἀμφό-

2059 870 2191 924 τερα
2220 855 2593 925 προνοητικῶς
2609 874 2669 909 τε
2696 859 2789 910 καὶ
2814 860 3095 924 σωστικῶς
3118 860 3395 931 γίνονται,
3418 878 3663 931 προνοου-

2065 944 2232 1015 μένης
2261 944 2361 1015 τῆς
2389 945 2566 1017 ψυχῆς
2596 942 2708 1001 οἷον
2735 948 2768 1018 ἢ
2795 949 3024 1018 φυλάξαι
3050 951 3111 1003 τὸ
3134 952 3330 1014 κακὸν,
3364 951 3403 1022 ἢ
3434 953 3661 1021 μεταδα-

2059 1036 2170 1090 λεῖν
2216 1040 2295 1103 είς
2339 1039 2400 1092 τὸ
2439 1039 2661 1108 ἀγαθόν.
2694 1042 2847 1113 Ἔχει
2887 1042 3019 1111 γοῦν
3046 1044 3227 1096 καὶτὸ
3263 1045 3569 1115 πρότερον,
3595 1046 3660 1097 ὅτι

2062 1130 2377 1200 συγγίνεται
2399 1131 2475 1195 ὼς
2500 1132 2645 1204 κακὴ
2672 1136 2785 1196 τοῖς
2811 1137 3026 1199 κακοῖς,
3052 1133 3262 1189 ἔννοιαν
3285 1137 3562 1206 προνοίας
3584 1138 3663 1190 καὶ

2062 1225 2355 1295 σωτηρίας,
2400 1225 2732 1297 φαινομένης
2778 1227 2835 1279 δὲ
2855 1268 2869 1293 ,
2901 1229 2993 1281 καὶ
3023 1229 3097 1301 μὴ
3121 1228 3400 1300 ἀληθινῆς
3429 1229 3659 1291 πάντως.

2060 1316 2143 1369 ὅτι
2170 1316 2540 1387 προνοουμένη
2566 1318 2598 1387 ὴ
2630 1316 2774 1388 κακὴ
2796 1317 2940 1389 ψυχὴ
2960 1359 2977 1384 ,
3011 1320 3098 1373 ἵνα
3125 1317 3382 1390 σώζηται
3413 1320 3479 1373 τὸ
3507 1324 3661 1375 κακῶ

2061 1400 2142 1471 οἷς
2173 1406 2503 1479 συγγίνεται.
2537 1406 2637 1459 Διά
2670 1406 2827 1460 τοῦτο
2853 1408 3165 1478 συγγίνεται
3191 1412 3219 1463 ὁ
3257 1412 3318 1464 ὲν
3348 1415 3475 1475 τοῖς
3502 1413 3663 1479 ἁγίοις

2061 1498 2296 1570 ἀρχῆθεν
2319 1478 2519 1563 λαϐὼν,
2549 1498 2629 1551 ὅτι
2655 1498 2729 1562 ὡς
2753 1499 2929 1572 ἀγαθὴ
2960 1502 3275 1570 συγγίνεται
3293 1542 3310 1567 ,
3358 1503 3435 1555 ἵν’
3463 1478 3663 1573 ὠφέλή-

2064 1607 2132 1665 σῃ
2153 1590 2351 1664 δηλαδὴ
2379 1579 2603 1644 καὶ”διά
2627 1591 2782 1644 τοῦτο
2814 1590 3141 1666 βλάπτηται·
3171 1594 3440 1667 παριδὼν
3462 1597 3526 1649 τὸ
3561 1596 3665 1647 ἕτε-

2066 1700 2194 1757 ρον,
2236 1682 2298 1737 τὸ
2335 1682 2410 1747 ὡς
2446 1682 2591 1754 κακὴ
2635 1683 2893 1748 πολλάκις
2934 1685 3243 1754 συγγίνεται
3287 1690 3414 1751 τοῖς
3455 1691 3659 1750 rami;

366 1760 510 1827 quod
561 1770 819 1829 tanquam
870 1763 1009 1817 mala
1052 1780 1427 1834 smpenumcro
1468 1782 1592 1822 cum
1636 1768 1796 1824 malis
1826 1786 1946 1825 con-

2121 1774 2578 1847 τεξεργαζόμενος,
2607 1776 2689 1828 ὅτι
2717 1774 2878 1829 καλόν
2907 1779 3026 1829 ἐστι
3054 1777 3214 1831 τοῦτο
3247 1778 3397 1832 καθὸ
3434 1783 3664 1850 προνοεῖ·

366 1848 709 1917 grcdiatur,-
735 1850 973 1906 inferens
1033 1853 1137 1907 hoc
1187 1868 1309 1908 esse
1342 1854 1564 1919 bouum,
1598 1857 1650 1909 iu
1686 1868 1951 1925 quantum

366 1940 431 1994 iis
462 1956 579 2010 qua:
624 1943 833 2011 perdita
881 1955 1006 1998 sunt
1054 1945 1345 2000 consulere
1390 1961 1455 2001 ac
1499 1949 1727 2002 salutem
1757 1947 1955 2005 all‘erre

363 2034 532 2100 cnpit,
569 2037 785 2089 tametsi
822 2051 932 2091 non
967 2039 1166 2106 possit,
1197 2040 1290 2094 sed
1322 2041 1506 2109 potius
1544 2041 1775 2112 ipsumet
1823 2043 1954 2099 mali

363 2127 637 2196 particeps
686 2131 970 2188 reddatur.
1015 2132 1099 2186 Ad
1142 2137 1444 2188 secundum
1477 2135 1581 2191 hoc
1621 2147 1829 2193 tantum
1857 2155 1955 2210 op-

362 2220 514 2287 ponit
543 2240 556 2275 :
588 2220 743 2288 Quod
780 2225 824 2279 si
860 2232 1122 2295 tauquam
1156 2226 1298 2281 bona
1327 2230 1689 2300 congreditur
1725 2243 1783 2287 ut
1823 2250 1955 2303 pro-

361 2320 450 2376 st,
480 2323 534 2367 et
563 2329 660 2383 per
719 2316 823 2369 hoc
867 2328 1086 2381 noceat,
1132 2336 1239 2373 non
1275 2320 1391 2390 jam
1432 2328 1539 2377 hoc
1590 2322 1813 2390 malum,
1855 2326 1951 2382 sed

361 2404 586 2470 bonum,
612 2416 665 2460 et
690 2421 754 2460 ex
791 2407 933 2461 bono
956 2410 1101 2478 quod
1131 2412 1297 2466 etiam
1334 2414 1536 2468 malum
1574 2415 1773 2471 bonum
1796 2419 1949 2489 facit.

362 2492 518 2559 Quod
557 2497 600 2550 si
636 2514 745 2552 non
780 2499 912 2563 hoc,
965 2501 1059 2553 sed
1106 2501 1339 2557 alterum
1386 2508 1774 2573 concedamus,
1807 2512 1952 2580 quod

361 2586 621 2641 nimirum
672 2591 858 2645 anima
905 2592 1234 2663 depravctur
1273 2610 1302 2649 a
1343 2600 1676 2668 semetipsa,
1706 2616 1949 2670 quanam

361 2677 467 2732 alia
497 2692 555 2734 re
581 2680 934 2749 depravetur,
971 2700 1135 2753 quam
1160 2687 1471 2745 deiectione
1514 2691 1820 2748 bonorum?
1845 2694 1953 2750 Ne-

360 2784 633 2838 quaquam
662 2787 794 2826 saue
822 2772 878 2827 in
905 2777 1193 2845 supposito
1221 2780 1407 2850 aliquo
1435 2781 1578 2837 malo
1598 2783 1949 2854 depravatur,

357 2859 503 2913 sicut
546 2862 857 2933 exemplum
904 2864 1035 2919 illud
1082 2869 1147 2921 dc
1177 2884 1308 2925 aere
1350 2872 1544 2939 habet;
1586 2889 1765 2944 neque
1798 2879 1943 2934 enim

356 2952 561 3006 malum
593 2964 681 3009 est
719 2956 905 3026 aliqua
951 2960 1280 3028 substantia,
1326 2980 1508 3035 neque
1540 2969 1813 3035 potentia,
1849 2986 1950 3023 ne-

2058 1868 2179 1923 σθαι
2220 1870 2315 1924 καὶ
2352 1869 2545 1933 σώζειν
2588 1868 2731 1923 θέλει
2767 1867 2836 1921 τὰ
2871 1869 3241 1942 ἀπολλύμενα,
3286 1873 3336 1924 εί
3370 1875 3474 1925 καὶ
3500 1874 3563 1924 οὐ
3586 1872 3665 1922 δέ·

2056 1979 2248 2028 ναται,
2293 1962 2432 2016 ἀλλὰ
2463 1963 2662 2035 μᾶλλον
2704 1960 3083 2035 παραπολαὺει
3124 1962 3219 2016 τοῦ
3259 1963 3477 2017 κακοῖν
3536 1964 3664 2033 πρὸς

2053 2055 2116 2109 τὸ
2151 2054 2401 2127 δεύτερον
2444 2055 2604 2109 τοῦτο
2641 2056 2799 2128 μόνον
2835 2055 3091 2127 ἀπαντᾷ,
3118 2056 3233 2108 ὅτι*
3283 2056 3349 2109 Εἰ
3380 2057 3466 2119 ὡς
3490 2056 3663 2124 ἀγαθὴ

2057 2145 2393 2215 συγγίνεται,
2424 2147 2490 2200 't'v‘
2520 2147 2803 2221 ὠφελήσῃ,
2832 2149 2924 2201 καὶ
2950 2147 3039 2201 διὰ
3060 2146 3219 2200 τοῦτο
3250 2146 3659 2217 ﬁliai-neuneu

2054 2239 2223 2293 κακὸν
2246 2239 2428 2305 τοῦτο,
2464 2239 2581 2293 ἀλλ’
2611 2240 2838 2309 ἀγαθὸν,
2865 2242 2961 2295 καὶ
2984 2242 3050 2293 ἐκ
3073 2240 3316 2310 τάγαθοῦ
3352 2240 3461 2294 τοῦ
3491 2241 3587 2294 καὶ
3608 2240 3662 2292 τὸ

2054 2331 2223 2385 κακὸν
2265 2331 2648 2401 ἀγαθύνοντος.
2693 2332 2755 2385 Ei
2800 2332 2857 2385 δὲ
2887 2332 2963 2404 μὴ
2988 2332 3183 2399 οὕτως,
3214 2332 3359 2386 ἀλλά
3386 2334 3456 2387 τὸ
3480 2334 3660 2404 ἕτερον

2053 2424 2298 2497 δώσομεν
2318 2467 2332 2492 ,
2378 2428 2458 2479 ὅτι
2499 2427 2593 2497 ἀφ’
2634 2426 2833 2496 ἑαυτῆς
2858 2426 3151 2480 κακύνεται
3177 2429 3209 2499 ἡ
3236 2426 3395 2499 ψυχὴ
3418 2468 3433 2493 ,
3478 2430 3538 2481 ὲν
3563 2427 3662 2479 τίνι

2053 2515 2200 2587 ἄλλῳ
2246 2516 2539 2570 κακύνεται
2586 2516 2824 2582 πάντως,
2871 2517 2921 2569 εί
2953 2516 3028 2588 μὴ
3071 2521 3130 2570 ὲν
3169 2521 3233 2590 τῇ
3264 2518 3521 2589 ἐλλείψει
3557 2520 3657 2571 τῶν

2052 2611 2275 2681 ἀγαθῶν
2300 2628 2315 2677 ;
2341 2611 2414 2665 Οὐ
2445 2609 2549 2682 μὴν
2591 2609 2649 2663 δὲ
2686 2610 2744 2663 ἕν
2780 2627 2885 2663 τινι
2913 2611 3211 2664 ὑποστάσει
3240 2610 3323 2682 τῷ
3362 2611 3534 2683 κακῷ
3559 2630 3653 2664 κα-

2053 2706 2309 2768 κύνεται,
2352 2702 2535 2766 καθὼς
2578 2703 2671 2755 καὶ
2708 2702 2770 2754 τὸ
2798 2702 2927 2774 περὶ
2966 2702 3055 2756 τὸν
3082 2702 3220 2772 ἀέρα
3246 2703 3364 2773 ἔχει
3400 2704 3656 2775 παράδει-

2052 2813 2169 2868 γμα
2188 2813 2201 2827 ’
2232 2794 2355 2849 οὔτε
2384 2793 2493 2866 γὰρ
2518 2794 2675 2847 οὐσία
2699 2794 2782 2857 τίς
2808 2796 2922 2847 ἐστι
2943 2795 3003 2847 τὸ
3027 2793 3216 2859 κακὸν,
3242 2794 3369 2848 οὔτε
3403 2796 3653 2867 δύναμις,

2051 2887 2175 2943 οὔτε
2212 2888 2483 2958 ἐνέργεια,
2530 2888 2643 2942 ἀλλ’
2669 2886 2906 2956 ἔλλειψις
2932 2888 3029 2941 καὶ
3066 2888 3271 2960 ἐρημία
3298 2889 3405 2959 τῆς
3438 2889 3652 2942 esitst-

2054 2996 2220 3043 σεως*
2251 2980 2346 3034 καὶ
2366 2978 2451 3048 ἐφ’
2480 2981 2611 3050 ἡμῖν
2632 2978 2700 3032 τὰ
2725 2976 2870 3050 πάθη
2902 2978 2997 3031 ἆτε
3026 2978 3265 3047 λογικοῖς
3291 2975 3421 3032 οὖσι
3467 2982 3565 3034 καὶ
3590 2981 3654 3049 νῷ

356 3060 464 3114 quc
514 3047 688 3114 actio,
740 3050 837 3105 sed
877 3051 1130 3108 deiectus
1170 3068 1226 3109 et
1257 3059 1504 3112 carentia
1548 3060 1945 3128 perfectionis:

2126 3072 2488 3145 ϐερνωμένοις
2571 3072 2690 3125 κατ’
2721 3047 2957 3141 ἔλλειψιν
2985 3068 3097 3123 τῶν
3134 3070 3361 3140 ἀγαθῶν
3406 3047 3653 3144 ἐπεισέρξ

356 3133 430 3190 ita
463 3152 564 3191 nos
614 3140 705 3209 qui
742 3154 927 3198 meme
974 3160 1039 3200 ac
1089 3148 1305 3202 ratione
1359 3149 1636 3219 regimur,
1681 3151 1946 3207 invadunt

2121 3183 2253 3221 νται·
2275 3166 2370 3220 καὶ
2394 3164 2483 3219 διὰ
2510 3163 2696 3227 τοῦτο,
2723 3164 2782 3216 οὐ
2808 3162 2956 3216 κακά
2981 3162 3104 3216 καθ’
3135 3162 3299 3227 αὐτὰ,
3327 3166 3416 3218 ὅτι
3445 3168 3558 3219 εἰσί
3584 3183 3649 3231 τι,

358 3227 645 3293 passiones
685 3246 781 3301 per
822 3232 1098 3290 defectum
1145 3238 1415 3294 bonorum
1445 3256 1459 3305 ;
1494 3252 1547 3296 et
1582 3241 1788 3297 idcirco
1835 3258 1946 3299 non

2124 3256 2197 3310 κὰ
2219 3256 2297 3322 δὲ,
2323 3257 2405 3310 ὅτι
2427 3256 2529 3310 οὐκ
2549 3255 2689 3309 εἰσὶν
2730 3256 2789 3310 ἐν
2815 3252 2894 3326 τῷ
2923 3252 3132 3326 ἀγαθῶ,
3162 3254 3279 3309 ἀλλ’
3316 3258 3543 3312 ἐκείνου
3570 3227 3648 3313 ἑλέ

351 3332 485 3377 sunt
516 3323 645 3391 ipsa:
691 3340 789 3394 per
837 3340 899 3382 se
932 3328 1122 3395 malae,
1161 3330 1215 3384 in
1240 3342 1504 3401 quantum
1552 3346 1681 3389 sunt
1711 3335 1942 3405 aliquid,

368 3414 465 3467 sed
496 3414 654 3469 mala:
700 3428 861 3485 sunt,
907 3423 1052 3490 quod
1080 3439 1190 3478 non
1218 3428 1329 3479 sint
1374 3426 1429 3481 in
1452 3429 1597 3483 bono
1641 3429 1737 3485 sed
1764 3431 1831 3485 ab
1856 3430 1949 3487 illo

356 3503 637 3561 deliciam.

430 3591 662 3668 §XXV.
712 3601 772 3656 ln
806 3604 1144 3661 animalibus
1190 3617 1373 3663 autem
1426 3608 1610 3668 brutis
1659 3613 1946 3683 passiones

356 3686 476 3743 istae
510 3706 617 3746 non
645 3701 859 3750 tantum
900 3712 1011 3752 non
1050 3709 1180 3753 sunt
1213 3701 1370 3754 mala:
1410 3703 1738 3773 simpliciter
1765 3715 1820 3760 et
1850 3708 1951 3762 ab-

354 3783 553 3850 solute,
579 3786 714 3855 quin
746 3789 940 3857 etiam,
975 3791 1025 3847 si
1053 3791 1173 3847 illas
1201 3794 1494 3852 abstuleris
1519 3799 1587 3854 ab
1618 3801 1948 3861 animalibus

353 3876 555 3943 quibus
599 3879 820 3946 insunt,
860 3899 930 3938 ne
970 3882 1279 3941 istiusmodi
1307 3889 1528 3957 quidem
1571 3892 1827 3948 animalia
1863 3896 1947 3951 iu-

356 3979 479 4021 tura
510 3970 624 4025 sint
648 3974 835 4042 qualia
860 3976 1151 4044 dicuntur;
1181 3978 1253 4032 ita
1289 3989 1368 4045 ut,
1400 3998 1523 4036 cum
1554 3995 1809 4040 naturam
1831 4004 1948 4043 ma-

352 4062 437 4128 gis
470 4077 810 4123 conservent
842 4085 1008 4139 quam
1045 4072 1388 4141 interimant,
1424 4093 1769 4148 nequaquam
1804 4082 1945 4136 mala

352 4155 497 4221 sint;
533 4158 803 4229 siquidem
837 4175 1049 4219 natura:
1081 4166 1371 4234 interitus,
1397 4169 1633 4227 defectio
1655 4183 1740 4228 est
1787 4176 1946 4231 habi-

357 4257 510 4299 tuuni
551 4253 889 4309 naturalium
922 4264 978 4310 et
1018 4258 1300 4314 actionum
1346 4270 1511 4329 atque
1545 4263 1828 4320 virtutum.
1879 4268 1949 4325 Et

353 4353 477 4390 cum
508 4345 799 4409 generatio
827 4348 1052 4415 quidam
1083 4361 1265 4405 motus
1289 4352 1542 4419 exsistat,
1563 4358 1746 4411 omnis
1763 4370 1945 4415 autent

2048 3346 2348 3405 λείπονται.

2121 3622 2151 3697 §
2184 3619 2353 3677 XXV.
2391 3621 2517 3677 Ἐπὶ
2540 3621 2597 3676 δὲ
2622 3622 2735 3686 τοῖς
2760 3621 2973 3691 ἀλόγοις
3001 3617 3161 3685 ζώοις
3187 3617 3258 3674 τὰ
3286 3619 3447 3693 πάθη
3469 3617 3648 3673 τοσοῦ-

2045 3732 2136 3768 τον
2160 3715 2262 3768 οὐκ
2286 3713 2392 3768 εἰσὶ
2428 3714 2574 3767 κακά
2599 3714 2787 3779 ἁπλῶς
2811 3715 2906 3767 καὶ
2931 3712 3213 3777 ὁλοτελῶς,
3238 3711 3386 3767 ὥστε
3432 3716 3530 3768 καὶ
3563 3714 3647 3766 ἐὰν

2046 3806 2244 3879 ἀνέλῃς
2269 3804 2442 3860 ταῦτα
2462 3805 2572 3860 ἀπὸ
2593 3805 2702 3859 τῶν
2726 3804 2959 3877 ἐχόντων
2984 3804 3122 3859 αὑτά
3159 3804 3342 3871 ζώων,
3372 3806 3507 3861 οὐδὲ
3544 3806 3646 3870 ζῶα

2046 3898 2278 3953 τοιαῦτά
2316 3899 2453 3952 εἰσιν
2496 3893 2587 3952 οἶα
2627 3897 2907 3967 λέγονται’
2954 3895 3120 3962 ὥστε,
3167 3898 3289 3950 ἐπεὶ
3320 3898 3535 3968 μᾶλλον
3559 3916 3646 3967 ςυ-

2045 3991 2306 4046 λάσσουσι
2343 3991 2438 4045 καὶ
2479 3990 2541 4044 οὐ
2588 3990 2869 4062 φθείρουσι
2897 3988 2997 4062 τὴν
3022 3990 3203 4060 φύσιν,
3246 3990 3308 4042 οὐ
3340 3991 3529 4044 κακά·
3556 3990 3642 4058 τῆς

2046 4084 2264 4154 φύσεως
2303 4084 2412 4156 γὰρ
2452 4082 2630 4156 φθορά
2673 4083 2909 4154 ἔλλειψις
2941 4083 3050 4136 τῶν
3087 4083 3336 4154 φυσικῶν
3361 4083 3538 4147 ἕξεων
3559 4084 3647 4136 καὶ

2048 4177 2337 4250 ἐνεργειῶν
2360 4177 2455 4231 καὶ
2481 4176 2767 4248 δυνάμεών
2790 4178 2925 4230 ἐστι.
2957 4176 3068 4229 Καὶ
3105 4176 3228 4229 ἐπεί
3250 4178 3406 4230 ἐστιν
3436 4180 3473 4249 ἡ
3503 4178 3642 4247 γένε-

2049 4286 2134 4334 σις
2157 4269 2389 4342 κίνησις,
2420 4270 2570 4322 πᾶσα
2593 4268 2650 4321 δὲ
2671 4268 2885 4341 κίνησις
2911 4270 2970 4323 ὲν
3005 4268 3182 4340 χρόνῳ
3212 4269 3335 4322 ἐστὶ
3362 4270 3461 4323 καὶ
3503 4270 3561 4334 ἐξ
3584 4268 3636 4320 οὐ

2049 4362 2258 4416 τελείου
2291 4364 2372 4427 εἰς
2394 4361 2457 4415 τὸ
2479 4361 2853 4433 τελειωθῆναι,
2879 4361 2999 4415 οὐδὲ
3033 4362 3094 4415 τὸ
3138 4360 3331 4426 ἀτελὲς
3358 4363 3473 4433 ἄρα
3501 4363 3640 4432 παρὰ

352 4439 529 4485 motus
570 4434 642 4486 sit
681 4433 735 4489 in
780 4444 1045 4506 tempore,
1086 4450 1142 4494 et
1183 4441 1490 4512 imperfecti
1524 4445 1593 4501 ad
1646 4447 1939 4517 perfectio-

2126 4473 2244 4521 σιν,
2280 4455 2394 4509 ἀλλ’
2443 4456 2595 4520 ἐντὸς
2623 4455 2723 4526 τῆς
2767 4452 2983 4523 φύσεώς
3028 4456 3147 4507 ἐστι
3188 4453 3291 4523 τῆς
3334 4456 3635 4523 πεφυκυίας

351 4536 499 4589 nem,
542 4526 728 4596 utique
767 4542 866 4584 nec
900 4532 1250 4601 iiuperl‘ectio
1286 4547 1479 4591 contra
1526 4548 1781 4595 naturam
1815 4552 1934 4610 est,

294 4622 303 4634 '
348 4618 443 4669 sed
472 4617 524 4670 in
554 4629 752 4673 natura
794 4635 917 4690 qua:
958 4626 1130 4693 exigit
1170 4629 1453 4698 suscipere
1499 4630 1932 4701 perfectionem;

350 4707 492 4763 unde
519 4725 737 4780 quoque
766 4713 999 4781 ipsamet
1039 4718 1392 4787 imperfectio
1438 4737 1547 4777 non
1586 4733 1672 4779 est
1708 4726 1936 4781 omnino

348 4800 523 4865 nihil,
561 4818 685 4858 cum
725 4821 835 4861 non
878 4807 953 4862 sit
997 4812 1223 4867 omnino
1271 4824 1463 4870 contra
1496 4826 1774 4872 naturam.
1820 4818 1935 4875 lloc

318 4879 528 4946 ‘autcm
556 4895 710 4963 dicit,
737 4908 795 4953 ut
819 4916 985 4970 supra
1034 4903 1201 4959 dictis
1230 4922 1456 4961 sensum
1486 4911 1736 4979 adaptet;
1782 4912 1938 4968 dixe-

349 4996 436 5039 rat
468 4988 615 5043 enim
647 4991 753 5057 ibi,
792 4996 938 5062 quod
977 4996 1024 5049 si
1071 4997 1255 5052 anima
1295 4999 1666 5070 depravatur,
1719 5017 1938 5074 pertur-

347 5076 569 5136 batione
595 5083 951 5152 depravatur;
978 5090 1322 5158 perturbatio
1351 5103 1533 5149 autem
1565 5111 1673 5151 non
1702 5107 1788 5152 est
1814 5113 1937 5152 ma-

347 5173 458 5228 lum
497 5176 716 5246 aliquod
745 5182 1074 5247 subsistens,
1117 5186 1212 5242 sed
1257 5187 1503 5244 deiectus
1531 5189 1700 5262 418
1741 5203 1796 5247 et
1834 5209 1937 5248 va-

346 5270 522 5324 cuitas
546 5271 815 5329 bonorum
835 5276 1191 5346 perfectionis
1211 5300 1225 5349 ;
1248 5285 1361 5342 lucc
1384 5298 1566 5342 autem
1592 5288 1933 5358 imperfectio

347 5376 431 5420 est
459 5382 473 5421 :
506 5372 651 5437 quod
688 5373 877 5445 itaque
928 5379 1312 5449 imperfectum
1347 5395 1453 5451 est,
1484 5399 1591 5439 non
1623 5395 1708 5443 est
1740 5393 1931 5440 contra

350 5470 643 5531 naturam,
695 5471 1137 5544 quandoquidem
1184 5480 1362 5546 etiam
1408 5496 1474 5535 ex
1535 5482 1641 5535 hoc
1688 5482 1932 5535 nondum

351 5554 648 5615 exsistente
682 5564 985 5632 perfectum
1034 5570 1167 5641 quid
1215 5570 1491 5643 gignatur.
1556 5571 1615 5628 Si
1663 5570 1830 5643 igitur
1879 5570 1933 5627 id

429 5732 448 5777 ι
485 5736 504 5793 l
538 5740 649 5796 Cor
699 5757 776 5810 ις,
805 5744 893 5801 2!.

2045 4547 2303 4615 δέξασθαι
2347 4546 2447 4619 τὴν
2491 4546 2834 4617 τελειότηταο
2881 4546 3005 4600 ὅθεν
3048 4545 3145 4598 καὶ
3188 4545 3251 4599 τὸ
3299 4546 3503 4610 ἀτελὲς
3549 4548 3636 4599 σόκ

2045 4639 2162 4692 ἔστι
2213 4638 2491 4702 παντελῶς
2543 4638 2617 4709 μὴ
2648 4638 2741 4703 ὃν,
2789 4637 2912 4691 ἐπεὶ
2955 4638 3016 4690 οὐ
3070 4636 3246 4706 πάντη
3487 4638 3634 4706 φύσιν

2045 4732 2182 4787 ἐστί.
2218 4730 2389 4785 Τοῦτο
2420 4732 2476 4785 δὲ
2507 4730 2692 4800 λέγει,
2729 4729 2866 4801 πρὸς
2895 4729 2956 4782 τὸ
2987 4728 3101 4783 ἀνω
3134 4729 3503 4800 συναρμόζων
3548 4728 3635 4799 τὴν

2043 4825 2282 4879 ἔννοιαν·
2320 4823 2473 4892 ἔλεγε
2493 4821 2604 4893 γὰρ
2636 4824 2839 4886 ἐκεῖσε,
2872 4822 2954 4873 ὅτι
2987 4820 3037 4873 εί
3071 4819 3375 4873 κακύνεται
3406 4822 3443 4892 ὴ
3476 4821 3629 4892 ψυχὴ,

2045 4921 2104 4973 ἐν
2134 4919 2213 4991 τῷ
2246 4918 2408 4974 πάθει
2441 4916 2770 4972 κακύνεταισ
2806 4915 2866 4968 τὸ
2897 4914 2955 4968 δὲ
2987 4914 3159 4978 πάθος
3188 4914 3293 4967 οὐκ
3340 4916 3629 4970 ὲνυπόστα-

2044 5029 2135 5066 τον
2169 5012 2335 5066 κακόν
2370 5014 2537 5077 ἐστιν,
2574 5009 2689 5063 ἀλλ’
2723 5008 2959 5077 ἔλλειψίς
2992 5011 3129 5073 ἐστι,
3165 5008 3262 5062 καὶ
3295 5008 3512 5081 ἐρημία
3540 5008 3626 5077 τῆς

2044 5105 2154 5159 τῶν
2186 5105 2405 5175 ἀγαθῶν
2437 5103 2774 5174 τελειότητος
2794 5119 2808 5134 ο
2858 5102 2995 5174 αὓτη
3029 5102 3086 5155 δὲ
3129 5101 3354 5156 ἀτέλειά
3389 5106 3510 5156 ἐστι
3531 5119 3546 5133 ο
3575 5101 3625 5153 τὸ

2042 5197 2174 5268 γοῦν
2219 5198 2407 5261 ἀτελὲς
2450 5197 2510 5250 οὐ
2552 5195 2710 5265 παρὰ
2760 5193 2921 5263 φύσιν
2970 5193 3149 5258 ἐστὶν,
3186 5194 3310 5247 ἐπεὶ
3344 5196 3415 5247 ὲκ
3446 5193 3622 5247 τούτου

2041 5293 2142 5346 οὐκ
2174 5291 2569 5361 ἐνυπάρχοντος
2598 5288 2661 5341 τὸ
2691 5288 2894 5341 τέλειον
2925 5288 3151 5357 γίνεται.
3187 5287 3251 5339 Ei
3285 5287 3423 5355 γοῦν
3455 5288 3515 5341 οὐ
3534 5302 3623 5338 πα-

2046 5384 2114 5458 ρά
2147 5383 2310 5454 φύσιν
2341 5382 2404 5436 τὸ
2434 5381 2645 5445 ἀτελὲς,
2681 5380 2740 5434 ὅν
2786 5383 2902 5433 ἐστι
2936 5378 3077 5433 κατά
3109 5377 3288 5440 τοῦτο,
3323 5378 3466 5432 διότι
3498 5376 3640 5432 κατὰΔ

2044 5476 2206 5547 φύσιν
2258 5472 2427 5528 ἐστίν.
2476 5473 2541 5525 Ἦ
2564 5471 2695 5540 γοῦν
2746 5472 2899 5523 πᾶσα
2946 5470 3045 5539 τῆς
3099 5469 3415 5540 περικοπῆς
3459 5469 3618 5521 ἔννοια

2042 5568 2263 5640 τοιαύτη
2307 5566 2489 5631 ἐστὶν,
2523 5566 2607 5620 ὅτι
2651 5565 2701 5617 εἰ
2746 5561 3039 5617 κακύνεται
3072 5561 3105 5631 ἡ
3138 5560 3308 5631 ψυχὴ,
3341 5563 3405 5616 ἓν
3436 5562 3503 5636 τῇ
3546 5557 3619 5614 ﬂ.-
