3768 6310
132 316 227 375 801

710 317 799 374 DE
831 318 1086 376 DlVlNlS
1118 314 1518 383 NOMINIBUS,
1554 317 1709 375 CAP.
1747 316 1836 373 ιν.
1876 348 1943 356 -
1976 316 2324 375 PARAPHR.
2360 319 2837 380 PACHYMERIE.

3305 326 3412 383 802

132 436 305 508 λείψει
333 435 449 491 τῶν
480 435 703 505 ἀγαθῶν
753 435 1047 490 κακύνεται
1067 477 1082 501 ,
1136 438 1229 490 καὶ
1260 436 1359 490 οὐκ
1405 437 1518 488 ἔστι
1550 434 1710 489 κακὸι

1884 433 1968 489 rod
2003 435 2381 505 imperfectum
2408 448 2493 494 est
2515 455 2624 495 non
2657 440 2729 496 sit
2761 449 2951 495 contra
2994 446 3271 508 naturam,
3308 445 3410 500 boc

132 524 496 581 éwnés'ra'rov
518 565 534 589 ,
581 524 722 579 κατά
770 525 1237 596 ἀντιπαράστασιν
1281 526 1475 596 λέγων,
1526 526 1637 590 ὅτε,
1671 525 1721 577 εί

130 612 269 689 ἦσαν
312 619 408 670 ἐπὶ
458 620 615 683 πᾶσι,
665 620 760 672 καὶ
805 618 875 672 τά
920 618 1068 690 πάθη
1110 620 1273 673 κακά.
1316 619 1551 673 Ἔπειτα
1581 616 1721 670 κατά

131 709 401 773 ἔνστασιν,
436 709 525 764 ὅτι
556 711 617 764 οὐ
652 710 798 765 κακά
832 712 927 765 ἐπὶ
959 713 1157 766 πᾶσιν·
1195 712 1289 765 ἐπὶ
1320 711 1429 782 γὰρ
1460 714 1573 774 τοῖς
1596 709 1720 763 ἀλό-

130 819 245 871 γοις
293 801 418 855 τινὰ
464 803 671 859 τούτων
717 808 814 858 καὶ
861 789 1159 857 συστατικά
1188 805 1289 875 τῆς
1321 803 1535 873 φύσεώς
1579 806 1718 869 ἐστι,

130 893 222 946 καὶ
255 893 459 964 μᾶλλον
504 895 593 949 διὰ
632 896 791 951 τοῦτο
833 897 894 951 οὐ
929 896 1076 951 κακά
1106 898 1234 950 εἰσι.
1269 895 1469 950 Λοιπὸν
1501 898 1568 949 ὲκ
1597 894 1722 948 τού-

127 1000 233 1037 των
266 986 415 1038 ἐστὶν
446 986 722 1059 ἀπορῆσαι
743 1027 759 1054 ,
792 988 876 1042 ὅτι
909 988 1003 1042 ἐπὶ
1039 988 1136 1060 μὲν
1166 986 1274 1041 τῶν
1302 986 1570 1055 λογικῶν,
1611 986 1718 1041 ἰδοὺ

127 1076 161 1146 ἡ
195 1074 451 1147 στέρησις
502 1077 597 1131 τοῦ
642 1078 851 1147 ἀγαθοῦ
874 1118 891 1144 ,
935 1079 996 1133 τὸ
1040 1079 1209 1134 κακόν
1260 1082 1441 1140 ἐστιν,
1474 1078 1508 1149 ἦ
1546 1078 1651 1150 μὴν
1683 1080 1719 1150 ἡ

127 1167 341 1221 ἀτέλεια
362 1184 376 1196 ·
411 1169 505 1222 ὅτε
550 1169 749 1242 δηλαδὴ
780 1171 843 1224 τὸ
874 1171 1078 1241 ἀγαθὸν
1108 1173 1168 1225 οὐ
1205 1174 1598 1244 προηγήσεται,
1634 1170 1723 1224 ἀλ-

126 1261 192 1315 λά
244 1263 395 1334 μένει
429 1266 465 1337 ἡ
513 1265 658 1337 ψυχὴ
710 1266 790 1320 ἔτι
834 1267 1064 1339 ἀτελής·
1115 1269 1209 1320 ἐπὶ
1251 1267 1309 1321 δὲ
1354 1266 1466 1321 τῶν
1508 1266 1719 1335 ἀλόγων

128 1354 311 1418 ζώων,
348 1357 475 1409 ἐπεὶ
507 1358 607 1410 οὐκ
653 1357 762 1410 είσὶ
799 1358 1024 1413 δεκτικά
1073 1358 1255 1427 λόγου,
1296 1359 1414 1423 πῶς
1446 1358 1715 1431 εἴποιμεν,

124 1448 203 1499 ὅτι
250 1447 394 1500 κατά
447 1449 715 1503 ἀπουσίαν
760 1450 854 1503 τοῦ
900 1451 1104 1519 ἀγαθοῦ
1150 1450 1218 1504 τὰ
1265 1451 1412 1522 πάθη
1446 1452 1722 1524 γίνονταις

138 1538 696 1611 Ἀναγκασθησόμεθα
739 1542 920 1595 τοίνυν
968 1542 1218 1596 ἐντεῦθεν
1251 1544 1446 1607 εἰπεῖν,
1499 1544 1580 1596 ὅτι
1613 1544 1720 1596 εἰσὶ

125 1631 217 1684 καὶ
246 1632 394 1684 κακά
423 1632 548 1686 καθ’
583 1633 772 1697 ἑαυτά,
807 1632 903 1687 καὶ
934 1635 1055 1706 οὐχὶ
1085 1638 1151 1706 τῇ
1180 1634 1273 1688 τοῦ
1307 1634 1512 1704 ἀγαθοῦ
1551 1637 1721 1689 ἀπου-

126 1724 213 1795 σίᾳ
246 1726 731 1796 παρυφιστάμενα.
761 1726 831 1778 Ἦ
864 1725 1113 1796 λέγομεν,
1148 1727 1231 1779 ὅτι
1264 1727 1357 1779 καὶ⁵
1385 1728 1602 1791 πάντως
1620 1726 1719 1779 οὐκ

122 1816 215 1870 ἐπὶ
245 1820 360 1879 τοῖς
394 1815 613 1885 ἀλόγοις
650 1816 719 1870 τά
767 1817 946 1888 πάθη,
982 1818 1073 1870 τὸν
1105 1817 1275 1888 θυμὸν
1307 1816 1449 1885 λέγω
1481 1816 1575 1870 καὶ
1622 1814 1720 1886 τὴν

123 1907 439 1978 ἐπιθυμίαν,
473 1908 624 1962 κακά
650 1907 899 1962 ὁπωσοῦν
921 1908 1155 1980 τίθησιν,
1190 1908 1304 1962 ἀλλ’
1326 1908 1387 1961 οὐ
1421 1906 1589 1973 κακά,
1624 1908 1720 1960 καὶ

125 2000 323 2069 μᾶλλον
378 1999 678 2053 συστατικά
723 1999 832 2054 τῶν
879 2000 1114 2070 φύσεων.
1181 2001 1583 2073 Ἀναιρεθέντος
1626 1997 1719 2055 οὖν

120 2090 211 2143 τοῦ
244 2092 692 2163 ὲκλαμὸἀνεσθαι
734 2091 802 2146 τὰ
840 2092 988 2165 πάθη
1026 2093 1173 2148 κακά
1220 2095 1313 2148 ἐπὶ
1343 2094 1453 2147 τῶν
1485 2095 1715 2164 ἀλόγων,

122 2184 425 2254 ἀναιρεῖται
460 2185 557 2239 καὶ
590 2186 623 2255 ἡ
656 2184 875 2257 ἀπορία·
913 2187 961 2238 εί
993 2185 1104 2260 γάρ
1136 2187 1238 2240 οὐκ
1270 2187 1378 2239 εἰσ)⁸
1409 2186 1576 2252 κακὰ,
1615 2204 1713 2240 πε-

125 2273 302 2341 ριττὸν
340 2273 529 2345 ζητεῖν
567 2277 616 2328 εί
650 2274 768 2329 καθ’
819 2274 960 2329 αὐτὰ
1007 2279 1155 2331 κακά
1186 2280 1312 2341 εἰσι,
1345 2279 1441 2331 καὶ
1471 2278 1530 2330 οὐ
1577 2277 1719 2330 κατά

121 2366 214 2436 τὴν
258 2366 355 2418 τοῦ
402 2366 616 2436 ἀγαθοῦ
647 2366 949 2420 ἀπουσίαν·
994 2367 1111 2421 ἔστι
1143 2368 1255 2441 γάρ
1285 2369 1380 2422 τοῦ
1415 2368 1602 2432 ἁπλῶς
1634 2368 1719 2421 ὃν-

120 2475 226 2522 τος.
259 2459 544 2530 Ζητοῦμεν
578 2462 673 2513 καὶ
704 2460 784 2523 τὸ,
819 2461 851 2531 ἦ
876 2461 1049 2525 οὕτως
1073 2462 1106 2534 ἢ
1129 2460 1302 2526 οὕτως
1331 2463 1499 2515 ἐστίν·
1533 2461 1717 2527 ἁπλῶς

119 2548 176 2601 δὲ
208 2549 283 2621 μὴ
314 2550 470 2614 ὄντος
502 2550 743 2603 τοιούτου
764 2592 778 2616 ,
819 2555 1048 2626 περιττὴ
1082 2554 1177 2608 καὶ
1209 2554 1434 2625 ἀνόητος
1480 2555 1513 2625 ἡ
1547 2554 1717 2625 ζήτη-

122 2659 226 2705 σις.

189 2907 442 2979 §XXVL
495 2909 774 2964 Ἐκϐαλὼν
821 2911 884 2965 τὸ
934 2911 1104 2964 κακὸν
1135 2910 1245 2964 ἀπὸ
1291 2910 1399 2965 τῶν
1446 2912 1710 2981 ἀγγέλων,

119 2996 196 3050 ἐτι
222 2998 278 3051 δὲ
303 2998 366 3051 τὸ
398 2998 682 3062 παντελῶς
715 2999 882 3052 κακὸν
910 2999 1005 3052 καὶ
1027 2999 1134 3053 ἀπὸ
1156 2999 1264 3052 τῶν
1295 3000 1453 3065 νοῶν,
1481 3002 1573 3054 καὶ
1605 3001 1713 3054 ἀπὸ

117 3091 222 3144 τῶν
252 3092 465 3164 ψυχῶν,
491 3094 589 3147 καὶ
620 3094 700 3146 ἔτι
725 3093 833 3147 ἀπὸ
866 3092 976 3145 τῶν
1008 3092 1296 3164 δαιμόνων,
1330 3094 1424 3147 νῦν
1462 3094 1711 3148 ἐκϐάλλει

118 3183 245 3235 αὐτὸ
278 3186 375 3237 καὶ
407 3185 523 3239 ἀπὸ
554 3184 664 3237 τῶν
685 3183 881 3249 ἀλλων,
904 3184 999 3238 καὶ
1032 3183 1246 3256 πρῶτον
1279 3186 1386 3239 ἀπὸ
1416 3186 1514 3257 τῆς
1556 3187 1713 3240 καθο-

117 3274 267 3347 λικῆς
317 3275 429 3329 τῶν
480 3276 653 3329 ὅντων
699 3275 931 3345 φύσεως.
986 3278 1194 3343 Πάντες
1234 3278 1385 3347 γοῦν,
1421 3278 1617 3349 φησὶν,
1659 3283 1709 3334 οἱ

116 3368 217 3422 τῶν
255 3369 477 3438 φύσεων
510 3366 662 3436 λόγοι
700 3368 796 3420 καὶ
840 3369 1031 3433 αἰτίαι,
1067 3369 1186 3422 καθ’
1218 3368 1311 3433 οὓς
1331 3370 1585 3439 γεγόνασι
1615 3371 1711 3424 καί

116 3461 251 3525 εἰσι,
295 3458 455 3530 παρὰ
501 3459 602 3529 τῆς
650 3458 800 3522 θείας
854 3460 1068 3528 φύσεως
1102 3461 1469 3532 ὑπάρχουσιν·
1520 3460 1711 3531 ἥντινα

116 3552 339 3605 καθόλου
367 3552 552 3617 καλεῖ,
581 3551 772 3622 ἐπειδὴ
802 3551 863 3615 ἐξ
890 3552 1062 3621 αὐτῆς
1092 3552 1193 3621 ἔφυ
1218 3553 1286 3605 τὰ
1315 3552 1432 3605 ὅλα.
1465 3552 1633 3623 Ὅλην
1654 3551 1710 3605 δὲ

117 3644 292 3712 φύσιν,
323 3645 511 3697 πάντα
538 3644 608 3698 τά
633 3643 739 3696 ὑπὸ
768 3643 902 3696 Θεοῦ
937 3643 1245 3697 πλασθέντα
1278 3644 1557 3698 ἐκάλεσεν.
1600 3645 1709 3697 Οὑ-

114 3736 195 3790 δὲν
227 3734 321 3791 οὖν
348 3740 496 3801 ἐστι,
526 3736 715 3806 φησὶν,
749 3738 807 3789 ὲν
834 3740 901 3808 τῇ
937 3737 1096 3807 φύσει
1132 3738 1270 3808 ὅπερ
1296 3737 1415 3790 ὅλον
1446 3738 1588 3801 ὅλοις
1612 3738 1711 3790 ἀν-

114 3830 365 3895 τίκειται,
403 3831 469 3883 τὸ
492 3830 605 3900 γάρ
634 3846 737 3883 τινι
767 3830 878 3883 τῶν
904 3830 1072 3882 ὄντων
1099 3830 1250 3899 παρὰ
1273 3830 1372 3900 τὴν
1410 3828 1571 3883 adeo?
1605 3827 1709 3898 φύ-

118 3939 195 3978 σιν
222 3924 400 3994 ἑτέρῳ
422 3922 544 3976 ἐστὶ
574 3921 756 3990 φύσις,
787 3922 942 3974 τοῦτο
983 3921 1040 3974 δὲ
1074 3920 1296 3989 ἀγαθὸν,
1334 3922 1366 3991 ή
1413 3919 1523 3989 γὰρ
1550 3919 1711 3987 φύσις

118 4014 257 4067 ἐστὶν
284 4015 435 4085 ἀρχὴ
470 4014 744 4083 κινήσεως
763 4013 855 4066 καὶ
882 4015 983 4084 ὴρε
992 4013 1119 4084 μίας
1138 4030 1152 4043 ·
1184 4013 1245 4065 τὸ
1270 4012 1327 4065 δὲ
1351 4012 1534 4064 κινοῦν
1560 4014 1709 4065 ἐστιν

117 4106 143 4156 ὁ
163 4107 418 4177 ἀκίνητος
442 4105 625 4173 λόγος,
653 4106 685 4174 ἡ
714 4104 831 4157 θεία
859 4105 1042 4177 τέχνη.
1085 4106 1172 4167 Ὡς
1205 4103 1335 4173 γοῦν
1378 4106 1437 4157 ὲν
1471 4105 1583 4166 τοῖς
1618 4118 1711 4154 τε-

120 4200 314 4265 χνικοῖς
340 4195 757 4265 ἀποτελέσμασι
790 4195 916 4258 τοὺς
947 4195 1045 4265 τῆς
1084 4195 1276 4267 τέχνης
1306 4194 1497 4264 λόγους
1519 4196 1579 4247 ἐν
1615 4194 1714 4246 αὐ-

119 4287 222 4352 τοῖς
256 4288 444 4360 μένειν
470 4287 724 4356 λέγομεν,
768 4288 862 4340 καί
901 4286 1159 4351 πολλάκις
1196 4288 1481 4357 βλέποντες
1516 4286 1709 4351 ταῦτα,

122 4380 179 4431 Ὠ
220 4382 308 4433 οἶα
350 4379 558 4450 τέχνηῑ
616 4377 831 4448 φαμὲν,
870 4377 1243 4442 ἐκθειάζοντες
1286 4379 1348 4431 τὸ
1400 4376 1707 4449 ὁρώμενον·

1825 525 1941 594 ipso
1986 541 2075 580 res
2104 537 2225 593 est,
2255 544 2364 598 quo
2421 533 2722 586 secundum
2772 541 3029 589 naturam
3071 542 3174 589 est.
3219 536 3411 591 Totius

1822 617 2007 687 itaque
2048 619 2317 676 orationis
2359 636 2554 677 sensus
2594 624 2914 690 concludit,
2948 625 3187 679 animam
3232 627 3276 681 si
3318 619 3411 681 ile-

1822 721 2120 778 pravetur,
2173 713 2444 768 bonorum
2483 716 2694 771 defectu
2736 716 3045 784 depravari,
3093 727 3257 787 atque
3292 736 3409 772 ma-

1822 799 1931 853 lum
1974 815 2080 853 non
2110 815 2236 857 esse
2285 803 2417 872 quid
2477 804 2813 870 subsistens;
2860 819 2957 874 per
3003 805 3405 875 oppositinncm

1822 889 2043 954 dicens,
2089 893 2234 959 quod
2285 893 2330 946 si
2370 896 2632 951 omnibus
2669 897 2955 965 passiones
3008 909 3192 953 essent
3227 900 3406 954 malm.

1824 979 2029 1037 Deinde
2072 982 2168 1038 dat
2199 983 2537 1052 instantiam,
2571 990 2712 1057 quod
2743 1002 2848 1043 non
2874 990 3131 1045 omnibus
3156 992 3265 1045 sint
3294 1008 3408 1045 ma-

1822 1076 1889 1131 ke
1922 1093 1937 1131 :
1980 1093 2108 1132 nam
2153 1077 2208 1132 in
2253 1079 2428 1133 brutis
2454 1082 2821 1149 quorumdam
2865 1092 3061 1137 natura
3086 1084 3236 1139 hisce
3274 1101 3407 1140 con-

1821 1177 1953 1234 stat,
1998 1178 2053 1224 et
2099 1170 2310 1226 idcirco
2341 1172 2527 1241 potius
2573 1189 2681 1227 non
2730 1174 2885 1228 mala:
2922 1183 3075 1230 sunt.
3131 1175 3403 1231 Cancrum

1822 1262 1951 1317 hinc
1972 1271 2159 1319 manet
2189 1263 2411 1319 dubium
2443 1305 2457 1329 ,
2492 1267 2767 1334 quomodo
2798 1268 2849 1322 in
2884 1268 3093 1322 ratione
3122 1270 3407 1326 utentibus

1821 1352 2059 1421 privatio
2094 1353 2263 1419 boni,
2297 1355 2381 1410 vel
2419 1357 2612 1411 saltem
2660 1357 3004 1428 itnperl'ectio
3026 1398 3041 1423 ,
3076 1361 3275 1414 malum
3310 1363 3403 1428 sit,

1821 1445 2042 1511 quando
2071 1444 2333 1499 nimirum
2366 1448 2567 1500 bonum
2608 1464 2714 1501 non
2747 1456 3131 1516 promovetur,
3157 1452 3253 1506 sed
3284 1454 3407 1507 ani-

1822 1548 1909 1587 ma
1935 1544 2122 1590 manet
2152 1536 2504 1606 imperfecta;
2535 1539 2590 1592 in
2632 1540 2808 1594 brutis
2845 1550 3061 1605 autem.
3105 1557 3227 1597 cum
3256 1544 3409 1600 inca-

1821 1625 1974 1694 pacia
2002 1627 2113 1682 sint
2151 1628 2419 1695 rationis,
2450 1631 2727 1699 quomodo
2756 1630 3003 1687 dicemus
3034 1647 3129 1702 per
3158 1636 3284 1689 boni
3315 1639 3411 1691 ab-

1823 1718 2054 1771 sentiam
2083 1720 2371 1787 passiones
2415 1722 2728 1777 exsistere?
2760 1723 3035 1793 Cogcmnr
3082 1716 3268 1794 itaque
3320 1728 3411 1785 liie

1750 1783 1793 1840 Β
1825 1808 2027 1875 dicere,
2069 1812 2214 1880 quod
2243 1811 2353 1866 sint
2391 1813 2557 1866 etiam
2602 1816 2850 1884 quadam
2886 1816 3027 1870 mala
3057 1833 3155 1887 per
3183 1835 3263 1884 se,
3290 1835 3410 1887 quae

1822 1916 1930 1955 non
1967 1902 2216 1957 oriantur
2248 1918 2313 1958 ex
2354 1906 2600 1959 absentia
2649 1907 2797 1961 boni.
2836 1908 2933 1963 Vel
2987 1912 3403 1979 respondemus,

1820 1996 1983 2047 etiam
2014 1993 2066 2047 in
2096 1994 2270 2048 brutis
2296 1994 2596 2049 istiusmodi
2621 1999 2940 2066 passiones,
2979 2007 3041 2053 ut
3062 2008 3195 2053 sunt
3220 2001 3316 2053 ira:
3348 2010 3403 2054 et

1820 2088 2301 2155 concupiscentiae,
2334 2088 2481 2141 nullo
2504 2090 2668 2145 modo
2699 2105 2821 2144 esse
2849 2092 3052 2156 malas,
3083 2093 3177 2146 sed
3221 2096 3400 2160 potius

1818 2189 2010 2230 eorum
2064 2187 2289 2232 naturas
2339 2180 2701 2234 constituere.
2749 2180 2805 2234 Si
2850 2192 3081 2253 negetur
3117 2184 3301 2253 itaque
3343 2184 3397 2237 in

1814 2268 1995 2323 brutis
2046 2273 2328 2339 passiones
2371 2286 2494 2325 esse
2524 2273 2718 2336 malas,
2755 2272 2976 2326 dubium
3013 2288 3232 2342 quoque
3258 2272 3400 2326 tolli-

1819 2368 1932 2426 tur;
1964 2362 2009 2417 si
2043 2363 2187 2417 enim
2214 2378 2323 2417 non
2373 2364 2483 2419 sint
2527 2364 2703 2428 mala},
2739 2365 3076 2434 superﬂuum
3121 2367 3227 2419 erit
3250 2382 3400 2435 qure-

1819 2468 1943 2508 rere
1998 2470 2126 2508 num
2155 2469 2253 2524 per
2280 2470 2338 2509 se
2362 2456 2518 2509 malze
2548 2458 2677 2521 sint,
2702 2464 2757 2511 et
2794 2473 2900 2512 non
2942 2459 3241 2512 secundum
3271 2458 3397 2512 boni

1817 2551 2158 2615 absentiam;
2198 2558 2282 2604 est
2311 2550 2459 2603 enim
2501 2553 2646 2605 entis
2692 2553 3037 2623 simpliciter.
3091 2554 3399 2620 Qum-rimus

1817 2641 2006 2703 etiam,
2039 2658 2106 2695 an
2134 2642 2214 2696 sic
2247 2658 2314 2695 an
2340 2642 2501 2697 aliter
2530 2660 2590 2698 se
2615 2646 2847 2709 habeat;
2869 2646 2935 2700 de
2957 2660 3022 2699 eo
3053 2658 3232 2701 autem
3255 2647 3398 2715 quod

1814 2731 2142 2800 simpliciter
2182 2748 2291 2787 non
2331 2742 2448 2799 est,
2494 2735 2802 2790 istiusmodi
2854 2738 3084 2805 quaestio
3126 2738 3397 2807 superﬂua

1815 2829 1900 2875 est
1923 2829 1979 2874 et
2006 2820 2294 2891 insipiens.

1884 2911 2126 2982 §XXVL
2158 2912 2258 2968 Ubi
2284 2912 2486 2967 malum
2523 2914 2593 2969 ab
2633 2913 2868 2983 angelis,
2913 2913 3048 2982 quin
3084 2922 3140 2968 et
3169 2914 3394 2969 omnino

1814 3004 2017 3057 malum
2048 3005 2218 3059 etiam
2255 3020 2285 3059 a
2316 3007 2596 3061 mentibus
2624 3016 2679 3059 et
2699 3005 2899 3059 animis
2927 3014 3092 3072 atque
3120 3006 3340 3073 insuper
3363 3018 3393 3056 a

1814 3094 2149 3150 daemonibus
2191 3098 2456 3162 removit,
2500 3112 2645 3151 nunc
2716 3097 2847 3151 illud
2889 3113 2917 3149 a
2976 3099 3137 3151 rebus
3179 3111 3395 3165 quoque

1814 3183 1937 3237 aliis
1959 3184 2239 3250 excludit,
2280 3196 2335 3240 et
2373 3189 2609 3257 primum
2644 3202 2672 3241 a
2726 3197 2921 3240 natura
2953 3203 3136 3242 rerum
3180 3192 3397 3240 univer-

1813 3274 1935 3329 sali.
1967 3275 2169 3331 Omnes
2206 3292 2363 3349 ergo,
2407 3279 2604 3348 inquit,
2660 3289 2984 3334 naturarum
3037 3280 3284 3336 rationes
3329 3295 3395 3335 ac

1812 3383 2015 3433 causam,
2041 3372 2339 3423 secundum
2371 3387 2509 3439 quas
2540 3370 2696 3426 facta:
2733 3381 2862 3426 sunt
2886 3381 2941 3425 et
2964 3372 3227 3438 existunt,
3258 3388 3286 3425 a
3315 3373 3399 3427 di-

1815 3461 1942 3515 vina
1986 3473 2181 3515 natura
2222 3463 2473 3516 existunt
2509 3481 2523 3518 :
2569 3479 2735 3534 quam
2792 3463 3162 3517 universalem
3214 3477 3395 3529 vocat,

1819 3554 1945 3622 quia
1978 3570 2045 3608 ex
2080 3556 2193 3623 ipsa
2222 3554 2475 3608 universa
2503 3556 2824 3624 procedunt.
2863 3554 3179 3609 Universam
3211 3567 3391 3611 autem

1816 3655 2091 3709 naturam,
2124 3656 2281 3700 vocat
2304 3648 2484 3699 omnia
2516 3662 2636 3715 qua:
2660 3664 2687 3699 a
2721 3647 2830 3701 Deo
2860 3658 3043 3702 creata
3081 3648 3396 3703 sunt.Nibil

1815 3738 2000 3805 igitur,
2029 3740 2226 3807 inquit,
2252 3747 2340 3793 est
2374 3739 2428 3791 in
2479 3753 2658 3792 rerum
2689 3749 2884 3792 natura
2917 3740 3061 3809 quod
3094 3741 3392 3794 universim

1814 3830 2085 3884 universis
2113 3830 2506 3894 eontrarietur;
2542 3830 2689 3899 quod
2721 3831 2866 3883 enim
2899 3832 3061 3885 alicui
3088 3832 3162 3885 rei
3201 3841 3391 3886 contra

1814 3931 2063 3974 naturam
2092 3930 2194 3980 est.
2227 3921 2380 3974 alteri
2428 3933 2512 3975 est
2550 3930 2769 3985 natura,
2810 3923 2915 3976 hoc
2943 3932 3125 3976 autem
3170 3925 3393 3987 bonum,

1813 4011 2084 4079 siquidem
2121 4020 2316 4064 natura
2369 4011 2696 4081 principium
2722 4022 2805 4066 est
2847 4022 3032 4066 motus
3074 4023 3128 4067 et
3155 4014 3394 4082 quietis;

1816 4101 1907 4156 ille
1932 4112 2112 4155 motus
2135 4111 2316 4155 autem
2346 4112 2432 4156 est
2464 4103 2602 4157 ratio
2647 4104 2940 4158 immobilis
2982 4114 3036 4158 et
3069 4121 3160 4159 ars
3184 4106 3393 4161 divina.

1815 4194 1970 4249 Sicut
1999 4193 2169 4262 igitur
2203 4195 2255 4247 in
2297 4192 2510 4249 cll‘ectis
2552 4194 2933 4250 artiticialibns
2990 4196 3231 4251 rationes
3263 4200 3401 4254 artis

1816 4301 2103 4343 remanere
2145 4285 2313 4357 419
2339 4286 2592 4351 dicimus,
2627 4298 2682 4342 et
2723 4303 3097 4358 saepenumero
3142 4306 3265 4344 cum
3300 4293 3401 4346 bos

1815 4378 2095 4433 cernimus
2116 4416 2131 4440 ,
2165 4378 2211 4432 Ο
2239 4378 2430 4431 miram
2468 4380 2677 4431 artem!
2713 4379 3088 4434 exelamamus
3111 4420 3125 4443 ,
3159 4381 3209 4433 id
3253 4383 3398 4448 quod

120 4470 253 4525 οὕτω
276 4473 374 4525 καὶ
401 4474 462 4525 ὲν
488 4472 603 4533 τοῖς
627 4472 873 4539 φυσικοῖς
897 4471 1060 4523 πᾶσιν
1086 4470 1136 4524 οἱ
1160 4470 1306 4538 λόγοι
1335 4471 1433 4541 τῆς
1461 4468 1710 4541 δημιουρ-

1884 4470 2074 4524 demus
2098 4469 2476 4535 admirantes;
2523 4470 2604 4524 sic
2650 4470 2815 4523 etiam
2850 4470 2903 4523 in
2949 4474 3113 4525 rebus
3143 4473 3401 4527 omnibus

120 4564 235 4630 γίας
272 4565 516 4636 μένουσι.
572 4561 698 4625 Πῶς
733 4562 863 4630 γοῦν
896 4562 1047 4615 ἔσται
1080 4565 1138 4616 ὲν
1182 4566 1248 4635 τῇ
1294 4561 1522 4616 καθόλου
1553 4559 1711 4629 φύσει

120 4671 167 4707 τι
191 4656 469 4721 ὲναντίον;
501 4656 612 4708 Καὶ
643 4657 689 4706 οἱ
720 4657 778 4708 ὲν
807 4659 922 4718 τοῖς
948 4655 1395 4728 δημιουργήμασι
1430 4653 1578 4722 λόγοι
1604 4652 1710 4705 τίνι

122 4750 641 4821 ὲναντιωθήσονταις
677 4746 766 4817 Τῷ
800 4750 994 4818 ποιητῇ
1020 4764 1033 4812 ;
1069 4747 1183 4801 ἀλλ’
1213 4749 1313 4801 οὐκ
1338 4747 1553 4815 εὐαγές.
1572 4744 1710 4798 Ἀλλ’

122 4842 361 4907 ὲαυτοίς;
416 4841 515 4894 καὶ
563 4838 715 4892 οὐδέν
760 4856 815 4891 τι
862 4839 1225 4911 ὑποστήσεται
1279 4838 1515 4892 πώποτε.
1573 4836 1711 4890 Ἀλλ’

123 4935 259 5005 ἄλλῳ
299 4935 446 5001 τινί;
482 4932 580 4985 καὶ
609 4932 754 4983 ἔστιν
796 4932 979 5003 ἕτερον
1006 4932 1159 5004 παρά
1186 4931 1281 4985 τοῦ
1316 4932 1543 4985 καθόλου
1576 4930 1713 5000 πρὸς

123 5027 148 5079 ὅ
168 5031 201 5099 ἡ
225 5027 372 5099 μάχη
404 5026 719 5097 γενήσεται.
748 5023 956 5077 Οὐκοῦν
983 5025 1082 5079 οὐκ
1119 5025 1234 5077 ἔστι
1273 5024 1334 5077 τὸ
1372 5024 1560 5088 κακὸν,
1592 5024 1713 5077 οὐδὲ

126 5122 177 5171 ὲν
211 5119 290 5189 τῷ
332 5118 590 5173 καθόλου.
637 5116 761 5178 Τοῖς
802 5116 860 5170 δὲ
904 5116 1023 5169 κατ’
1055 5113 1194 5179 εἶδος
1225 5117 1325 5187 τῆς
1352 5113 1714 5185 δημιουργίας

126 5214 174 5265 εἴ
206 5215 367 5268 τι.ἂν
394 5214 495 5268 καὶ⁸
533 5212 828 5282 πρόσεστιν
874 5210 1139 5274 ἐναντίον,
1181 5209 1340 5261 τοῦτο
1373 5206 1522 5279 παρὰ
1553 5206 1714 5275 φύσιν

126 5306 352 5375 λέγεται,
389 5308 487 5360 καὶ
512 5307 575 5359 οὐ
612 5304 753 5359 κατὰ
781 5303 975 5372 φύσιν·
1009 5304 1084 5368 ὡς
1117 5303 1180 5355 τὸ
1211 5301 1471 5373 φέρεσθαι
1510 5300 1622 5353 ἀνω
1653 5298 1716 5351 τὸ

129 5394 284 5467 ὕδωρ,
314 5399 411 5451 καὶ
449 5396 604 5449 κάτω
639 5394 699 5447 τὸ
733 5394 861 5465 πῦρ.
904 5393 1076 5447 Τοῦτο
1113 5393 1170 5447 δὲ
1220 5394 1473 5464 στερήσει
1502 5390 1716 5458 φύσεως

129 5487 347 5553 γίνεται·
384 5488 531 5541 ὥστε
554 5486 655 5539 οὐκ
682 5485 825 5538 ἔστιν
853 5486 885 5554 ἡ
922 5483 1080 5552 φύσις
1110 5482 1279 5535 κακὸν
1298 5522 1312 5546 ,
1343 5479 1477 5533 ἀλλά
1517 5479 1717 5550 μᾶλλον

130 5580 357 5650 ἐπήρειά
387 5597 475 5644 τις
517 5577 734 5648 φύσεως
772 5576 833 5628 τὸ
859 5575 1047 5640 κακὸν,
1081 5573 1110 5628 ὃ
1150 5573 1214 5645 δὴ
1261 5574 1355 5628 καὶ
1382 5570 1530 5642 παρά
1554 5570 1717 5641 φύσιν

130 5666 355 5738 λέγεται.

1816 4559 2161 4614 naturalibus
2185 4558 2488 4612 creationis
2516 4560 2757 4614 rationes
2791 4569 3133 4628 permanent.
3163 4560 3403 4625 Quomo-

1814 4652 1885 4706 do
1920 4650 2090 4718 igitur
2116 4648 2414 4719 quidquam
2469 4650 2738 4703 universae
2794 4660 3003 4703 natura:
3054 4650 3225 4718 possit
3276 4664 3400 4704 esse

1814 4738 2199 4795 contrarium?
2230 4738 2295 4791 Et
2346 4740 2591 4794 rationes
2627 4749 3006 4794 creaturarum
3048 4741 3135 4795 cui
3178 4749 3401 4794 contra-

1815 4833 1946 4887 riari
1986 4831 2232 4901 possint?
2260 4831 2583 4885 Creatorine
2601 4832 2623 4866 9
2648 4833 2741 4887 sed
2772 4834 2873 4886 hoc
2922 4833 3165 4901 impium.
3191 4832 3273 4885 Au
3292 4833 3397 4889 sibi

1815 4925 1984 4996 ipsis?
2014 4934 2069 4979 et
2093 4925 2172 4979 sic
2198 4923 2331 4978 nihil
2359 4939 2598 4992 unquam
2638 4925 2922 4978 subsistet.
2954 4924 3038 4978 An
3071 4924 3227 4978 alteri
3278 4926 3396 4978 cui-

1816 5018 1998 5089 piam?
2037 5027 2093 5073 et
2136 5020 2241 5071 erit
2290 5016 2568 5071 diversum
2616 5018 2682 5069 ab
2714 5018 2969 5071 universo
3002 5032 3121 5071 cum
3154 5034 3263 5086 quo
3300 5034 3399 5086 pu-

1816 5110 2025 5180 guabit.
2068 5109 2255 5177 Itaque
2302 5122 2407 5162 non
2457 5118 2543 5162 est
2573 5107 2772 5161 malum
2808 5109 2969 5161 etiam
3014 5107 3065 5160 in
3115 5111 3395 5162 universo.

1821 5202 1878 5257 Si
1907 5203 2035 5270 quid
2077 5212 2261 5257 autem
2290 5202 2453 5256 alicui
2481 5204 2782 5255 secundum
2835 5200 3072 5268 speciem
3102 5201 3397 5254 crealionis

1819 5310 1934 5349 suae
1956 5295 2169 5349 accidat
2194 5295 2562 5357 contrarium,
2586 5294 2637 5347 id
2672 5294 2874 5345 dicitur
2898 5302 3092 5345 centra
3122 5301 3396 5359 naturam,

1818 5397 1875 5442 et
1922 5403 2029 5441 non
2073 5388 2375 5440 secundum
2409 5394 2663 5438 naturam
2705 5385 3002 5449 accidere;
3054 5385 3194 5436 sicut
3240 5397 3291 5433 v.
3341 5399 3394 5451 ε.

1821 5494 2019 5550 aquam
2052 5479 2181 5533 ferri
2226 5494 2472 5542 sursum,
2521 5479 2701 5547 ignem
2745 5480 3022 5531 deorsum.
3072 5474 3183 5530 Hoc
3214 5483 3396 5528 autem

1822 5571 1880 5625 ﬁt
1915 5576 2122 5624 natune
2157 5570 2484 5636 privatione,
2525 5569 2669 5621 unde
2694 5584 2799 5623 non
2825 5579 2909 5621 est
2939 5576 3126 5620 natura
3160 5565 3397 5630 malum,

1822 5663 1917 5717 sed
1955 5663 2141 5730 potius
2175 5659 2405 5714 oiiensio
2453 5671 2663 5714 natura:
2691 5660 2820 5730 quid
2873 5658 3070 5713 malum
3115 5668 3217 5723 est,
3255 5656 3402 5726 quod

1823 5754 1985 5811 etiam
2026 5762 2218 5809 contra
2252 5762 2499 5809 naturam
2538 5753 2763 5825 dicitur.
