  <div class='ocr_page' id='page_1' title='image "/cluster/home/n/w/nwhite01/storage/ocr_20150623/3/hvd.32044014713192/409.png"; bbox 0 0 3742 6304; ppageno 0'>
   <div class='ocr_carea' id='block_1_1' title="bbox 377 300 482 356">
    <p class='ocr_par' dir='ltr' id='par_1_1' title="bbox 377 300 482 356">
     <span class='ocr_line' id='line_1_1' title="bbox 377 300 482 356; baseline 0 0"><span class='ocrx_word' id='word_1_1' title='bbox 377 300 482 356; x_wconf 69' lang='grc'><strong>805</strong></span> 
     </span>
    </p>
   </div>
   <div class='ocr_carea' id='block_1_2' title="bbox 1460 299 2441 357">
    <p class='ocr_par' dir='ltr' id='par_1_2' title="bbox 1460 299 2441 357">
     <span class='ocr_line' id='line_1_2' title="bbox 1460 299 2441 357; baseline 0 -2"><span class='ocrx_word' id='word_1_2' title='bbox 1460 314 1463 317; x_wconf 87' lang='grc'><strong>·</strong></span> <span class='ocrx_word' id='word_1_3' title='bbox 1549 299 1595 355; x_wconf 81' lang='lat' dir='ltr'><strong>S.</strong></span> <span class='ocrx_word' id='word_1_4' title='bbox 1638 300 1939 357; x_wconf 74' lang='lat' dir='ltr'><strong>DIONYSII</strong></span> <span class='ocrx_word' id='word_1_5' title='bbox 1971 299 2441 357; x_wconf 69' lang='lat' dir='ltr'><strong>AREOPAGITE</strong></span> 
     </span>
    </p>
   </div>
   <div class='ocr_carea' id='block_1_3' title="bbox 3565 302 3661 355">
    <p class='ocr_par' dir='ltr' id='par_1_3' title="bbox 3565 302 3661 355">
     <span class='ocr_line' id='line_1_3' title="bbox 3565 302 3661 355; baseline 0 -11"><span class='ocrx_word' id='word_1_6' title='bbox 3565 302 3661 355; x_wconf 61' lang='lat' dir='ltr'><strong>nm</strong></span> 
     </span>
    </p>
   </div>
   <div class='ocr_carea' id='block_1_4' title="bbox 450 380 1928 487">
    <p class='ocr_par' dir='ltr' id='par_1_4' title="bbox 450 412 1928 487">
     <span class='ocr_line' id='line_1_4' title="bbox 450 412 1928 487; baseline 0.001 -18"><span class='ocrx_word' id='word_1_7' title='bbox 450 416 478 487; x_wconf 85' lang='lat'>§</span> <span class='ocrx_word' id='word_1_8' title='bbox 517 413 726 470; x_wconf 77' lang='lat' dir='ltr'><strong>XXVII.</strong></span> <span class='ocrx_word' id='word_1_9' title='bbox 778 414 881 472; x_wconf 84' lang='lat' dir='ltr'><strong>Ubi</strong></span> <span class='ocrx_word' id='word_1_10' title='bbox 913 423 1096 469; x_wconf 87' lang='lat' dir='ltr'><strong>autem</strong></span> <span class='ocrx_word' id='word_1_11' title='bbox 1140 412 1279 471; x_wconf 81' lang='lat' dir='ltr'><strong>dixit</strong></span> <span class='ocrx_word' id='word_1_12' title='bbox 1339 430 1446 470; x_wconf 91' lang='lat' dir='ltr'><strong>non</strong></span> <span class='ocrx_word' id='word_1_13' title='bbox 1472 428 1597 470; x_wconf 86' lang='lat' dir='ltr'><strong>esse</strong></span> <span class='ocrx_word' id='word_1_14' title='bbox 1634 417 1836 469; x_wconf 89' lang='lat' dir='ltr'><strong>malum</strong></span> <span class='ocrx_word' id='word_1_15' title='bbox 1890 416 1928 470; x_wconf 89' lang='lat' dir='ltr'><strong>it</strong></span> 
     </span>
    </p>
   </div>
   <div class='ocr_carea' id='block_1_5' title="bbox 2182 380 3660 487">
    <p class='ocr_par' dir='ltr' id='par_1_5' title="bbox 2198 380 3660 487">
     <span class='ocr_line' id='line_1_5' title="bbox 2198 380 3660 487; baseline 0.001 -19"><span class='ocrx_word' id='word_1_16' title='bbox 2198 414 2407 469; x_wconf 78' lang='lat' dir='ltr'><strong>XXVII.</strong></span> <span class='ocrx_word' id='word_1_17' title='bbox 2442 380 2628 470; x_wconf 78' lang='grc' dir='ltr'>Εἰπὼν</span> <span class='ocrx_word' id='word_1_18' title='bbox 2666 414 2843 469; x_wconf 56' lang='lat' dir='ltr'><strong>sese;</strong></span> <span class='ocrx_word' id='word_1_19' title='bbox 2883 416 2986 470; x_wconf 89' lang='grc' dir='ltr'><strong>οὑκ</strong></span> <span class='ocrx_word' id='word_1_20' title='bbox 3022 416 3140 469; x_wconf 78' lang='grc' dir='ltr'>ἔστι</span> <span class='ocrx_word' id='word_1_21' title='bbox 3176 417 3242 469; x_wconf 82' lang='grc' dir='ltr'>τὸ</span> <span class='ocrx_word' id='word_1_22' title='bbox 3297 418 3481 470; x_wconf 63' lang='grc' dir='ltr'>κακον</span> <span class='ocrx_word' id='word_1_23' title='bbox 3514 420 3576 470; x_wconf 72' lang='grc' dir='ltr'>τεν</span> <span class='ocrx_word' id='word_1_24' title='bbox 3604 423 3660 487; x_wconf 62' lang='grc' dir='ltr'>τῇ</span> 
     </span>
    </p>
   </div>
   <div class='ocr_carea' id='block_1_6' title="bbox 380 505 1961 578">
    <p class='ocr_par' dir='ltr' id='par_1_6' title="bbox 380 505 1961 578">
     <span class='ocr_line' id='line_1_6' title="bbox 380 505 1961 578; baseline -0.003 -15"><span class='ocrx_word' id='word_1_25' title='bbox 380 517 601 578; x_wconf 86' lang='lat' dir='ltr'><strong>natura,</strong></span> <span class='ocrx_word' id='word_1_26' title='bbox 630 516 793 576; x_wconf 73' lang='lat' dir='ltr'><strong>negat</strong></span> <span class='ocrx_word' id='word_1_27' title='bbox 820 508 1010 573; x_wconf 87' lang='lat' dir='ltr'><strong>etiam,</strong></span> <span class='ocrx_word' id='word_1_28' title='bbox 1043 507 1097 561; x_wconf 92' lang='lat' dir='ltr'><strong>in</strong></span> <span class='ocrx_word' id='word_1_29' title='bbox 1123 505 1443 577; x_wconf 82' lang='lat' dir='ltr'><strong>corporibus</strong></span> <span class='ocrx_word' id='word_1_30' title='bbox 1475 506 1811 561; x_wconf 76' lang='lat' dir='ltr'><strong>naturalibus</strong></span> <span class='ocrx_word' id='word_1_31' title='bbox 1838 518 1961 559; x_wconf 85' lang='lat' dir='ltr'><strong>esse</strong></span> 
     </span>
    </p>
   </div>
   <div class='ocr_carea' id='block_1_7' title="bbox 381 597 1957 671">
    <p class='ocr_par' dir='ltr' id='par_1_7' title="bbox 381 597 1957 671">
     <span class='ocr_line' id='line_1_7' title="bbox 381 597 1957 671; baseline -0.003 -17"><span class='ocrx_word' id='word_1_32' title='bbox 381 599 609 655; x_wconf 87' lang='lat' dir='ltr'><strong>malum.</strong></span> <span class='ocrx_word' id='word_1_33' title='bbox 642 598 951 656; x_wconf 87' lang='lat' dir='ltr'><strong>Sicutenim</strong></span> <span class='ocrx_word' id='word_1_34' title='bbox 968 598 1411 671; x_wconf 89' lang='lat' dir='ltr'><strong>pulchritudoest</strong></span> <span class='ocrx_word' id='word_1_35' title='bbox 1434 597 1805 652; x_wconf 81' lang='lat' dir='ltr'><strong>membrorum</strong></span> <span class='ocrx_word' id='word_1_36' title='bbox 1835 612 1957 651; x_wconf 90' lang='lat' dir='ltr'><strong>cum</strong></span> 
     </span>
    </p>
   </div>
   <div class='ocr_carea' id='block_1_8' title="bbox 382 685 1963 758">
    <p class='ocr_par' dir='ltr' id='par_1_8' title="bbox 382 685 1963 758">
     <span class='ocr_line' id='line_1_8' title="bbox 382 685 1963 758; baseline -0.002 -15"><span class='ocrx_word' id='word_1_37' title='bbox 382 690 526 743; x_wconf 92' lang='lat' dir='ltr'><strong>bono</strong></span> <span class='ocrx_word' id='word_1_38' title='bbox 561 687 773 753; x_wconf 88' lang='lat' dir='ltr'><strong>colore,</strong></span> <span class='ocrx_word' id='word_1_39' title='bbox 802 688 1116 758; x_wconf 72' lang='lat' dir='ltr'><strong>symmetria</strong></span> <span class='ocrx_word' id='word_1_40' title='bbox 1142 702 1236 741; x_wconf 82' lang='lat' dir='ltr'><strong>seu</strong></span> <span class='ocrx_word' id='word_1_41' title='bbox 1269 687 1568 756; x_wconf 74' lang='lat' dir='ltr'><strong>proportio,</strong></span> <span class='ocrx_word' id='word_1_42' title='bbox 1596 686 1675 749; x_wconf 88' lang='lat' dir='ltr'><strong>sic</strong></span> <span class='ocrx_word' id='word_1_43' title='bbox 1704 685 1963 741; x_wconf 81' lang='lat' dir='ltr'><strong>deformi-</strong></span> 
     </span>
    </p>
   </div>
   <div class='ocr_carea' id='block_1_9' title="bbox 382 776 1959 847">
    <p class='ocr_par' dir='ltr' id='par_1_9' title="bbox 382 776 1959 847">
     <span class='ocr_line' id='line_1_9' title="bbox 382 776 1959 847; baseline -0.002 -13"><span class='ocrx_word' id='word_1_44' title='bbox 382 789 468 833; x_wconf 86' lang='lat' dir='ltr'><strong>tas</strong></span> <span class='ocrx_word' id='word_1_45' title='bbox 502 788 587 834; x_wconf 85' lang='lat' dir='ltr'><strong>est</strong></span> <span class='ocrx_word' id='word_1_46' title='bbox 629 777 1360 847; x_wconf 79' lang='lat' dir='ltr'><strong>eorumdemdisproportio.</strong></span> <span class='ocrx_word' id='word_1_47' title='bbox 1396 776 1724 833; x_wconf 88' lang='lat' dir='ltr'><strong>Deformitas</strong></span> <span class='ocrx_word' id='word_1_48' title='bbox 1775 787 1959 832; x_wconf 86' lang='lat' dir='ltr'><strong>autem</strong></span> 
     </span>
    </p>
   </div>
   <div class='ocr_carea' id='block_1_10' title="bbox 382 868 1963 935">
    <p class='ocr_par' dir='ltr' id='par_1_10' title="bbox 382 868 1963 935">
     <span class='ocr_line' id='line_1_10' title="bbox 382 868 1963 935; baseline -0.003 -7"><span class='ocrx_word' id='word_1_49' title='bbox 382 887 494 928; x_wconf 87' lang='lat' dir='ltr'><strong>non</strong></span> <span class='ocrx_word' id='word_1_50' title='bbox 522 874 749 926; x_wconf 85' lang='lat' dir='ltr'><strong>omnino</strong></span> <span class='ocrx_word' id='word_1_51' title='bbox 771 871 972 927; x_wconf 89' lang='lat' dir='ltr'><strong>malum</strong></span> <span class='ocrx_word' id='word_1_52' title='bbox 1021 880 1141 935; x_wconf 89' lang='lat' dir='ltr'><strong>est;</strong></span> <span class='ocrx_word' id='word_1_53' title='bbox 1195 885 1321 924; x_wconf 90' lang='lat' dir='ltr'><strong>nam</strong></span> <span class='ocrx_word' id='word_1_54' title='bbox 1349 869 1393 924; x_wconf 91' lang='lat' dir='ltr'><strong>si</strong></span> <span class='ocrx_word' id='word_1_55' title='bbox 1424 868 1736 924; x_wconf 88' lang='lat' dir='ltr'><strong>omnimoda</strong></span> <span class='ocrx_word' id='word_1_56' title='bbox 1773 868 1963 924; x_wconf 74' lang='lat' dir='ltr'><strong>formae</strong></span> 
     </span>
    </p>
   </div>
   <div class='ocr_carea' id='block_1_11' title="bbox 388 961 1961 1033">
    <p class='ocr_par' dir='ltr' id='par_1_11' title="bbox 388 961 1961 1033">
     <span class='ocr_line' id='line_1_11' title="bbox 388 961 1961 1033; baseline -0.003 -13"><span class='ocrx_word' id='word_1_57' title='bbox 388 964 708 1033; x_wconf 87' lang='lat' dir='ltr'><strong>ordinisque</strong></span> <span class='ocrx_word' id='word_1_58' title='bbox 738 962 1001 1018; x_wconf 91' lang='lat' dir='ltr'><strong>resolutio</strong></span> <span class='ocrx_word' id='word_1_59' title='bbox 1025 963 1277 1026; x_wconf 81' lang='lat' dir='ltr'><strong>exsistat,</strong></span> <span class='ocrx_word' id='word_1_60' title='bbox 1308 961 1484 1031; x_wconf 88' lang='lat' dir='ltr'><strong>ipsum</strong></span> <span class='ocrx_word' id='word_1_61' title='bbox 1519 976 1737 1031; x_wconf 90' lang='lat' dir='ltr'><strong>quoque</strong></span> <span class='ocrx_word' id='word_1_62' title='bbox 1761 974 1961 1029; x_wconf 88' lang='lat' dir='ltr'><strong>corpus</strong></span> 
     </span>
    </p>
   </div>
   <div class='ocr_carea' id='block_1_12' title="bbox 382 1051 1960 1123">
    <p class='ocr_par' dir='ltr' id='par_1_12' title="bbox 382 1051 1960 1123">
     <span class='ocr_line' id='line_1_12' title="bbox 382 1051 1960 1123; baseline -0.004 -11"><span class='ocrx_word' id='word_1_63' title='bbox 382 1055 650 1112; x_wconf 87' lang='lat' dir='ltr'><strong>interibit.</strong></span> <span class='ocrx_word' id='word_1_64' title='bbox 681 1054 833 1121; x_wconf 86' lang='lat' dir='ltr'><strong>Quod</strong></span> <span class='ocrx_word' id='word_1_65' title='bbox 883 1063 1062 1108; x_wconf 88' lang='lat' dir='ltr'><strong>autem</strong></span> <span class='ocrx_word' id='word_1_66' title='bbox 1094 1069 1295 1123; x_wconf 88' lang='lat' dir='ltr'><strong>corpus</strong></span> <span class='ocrx_word' id='word_1_67' title='bbox 1330 1052 1529 1107; x_wconf 63' lang='lat' dir='ltr'><strong>animae</strong></span> <span class='ocrx_word' id='word_1_68' title='bbox 1560 1066 1667 1106; x_wconf 82' lang='lat' dir='ltr'><strong>non</strong></span> <span class='ocrx_word' id='word_1_69' title='bbox 1700 1051 1772 1106; x_wconf 89' lang='lat' dir='ltr'><strong>sit</strong></span> <span class='ocrx_word' id='word_1_70' title='bbox 1794 1067 1960 1107; x_wconf 88' lang='lat' dir='ltr'><strong>causa</strong></span> 
     </span>
    </p>
   </div>
   <div class='ocr_carea' id='block_1_13' title="bbox 380 1143 1963 1217">
    <p class='ocr_par' dir='ltr' id='par_1_13' title="bbox 380 1143 1963 1217">
     <span class='ocr_line' id='line_1_13' title="bbox 380 1143 1963 1217; baseline -0.004 -14"><span class='ocrx_word' id='word_1_71' title='bbox 380 1148 605 1204; x_wconf 68' lang='lat' dir='ltr'><strong>malitiae</strong></span> <span class='ocrx_word' id='word_1_72' title='bbox 627 1148 771 1217; x_wconf 85' lang='lat' dir='ltr'><strong>sicut</strong></span> <span class='ocrx_word' id='word_1_73' title='bbox 798 1146 1042 1201; x_wconf 81' lang='lat' dir='ltr'><strong>nonnulli</strong></span> <span class='ocrx_word' id='word_1_74' title='bbox 1094 1146 1402 1214; x_wconf 75' lang='lat' dir='ltr'><strong>depravata:</strong></span> <span class='ocrx_word' id='word_1_75' title='bbox 1444 1143 1716 1212; x_wconf 88' lang='lat' dir='ltr'><strong>opinionis</strong></span> <span class='ocrx_word' id='word_1_76' title='bbox 1746 1153 1963 1197; x_wconf 86' lang='lat' dir='ltr'><strong>creato-</strong></span> 
     </span>
    </p>
   </div>
   <div class='ocr_carea' id='block_1_14' title="bbox 380 1234 1961 1301">
    <p class='ocr_par' dir='ltr' id='par_1_14' title="bbox 380 1234 1961 1301">
     <span class='ocr_line' id='line_1_14' title="bbox 380 1234 1961 1301; baseline -0.005 -7"><span class='ocrx_word' id='word_1_77' title='bbox 380 1256 497 1296; x_wconf 86' lang='lat' dir='ltr'><strong>rem</strong></span> <span class='ocrx_word' id='word_1_78' title='bbox 531 1240 915 1301; x_wconf 85' lang='lat' dir='ltr'><strong>criminantur,</strong></span> <span class='ocrx_word' id='word_1_79' title='bbox 974 1236 1322 1292; x_wconf 83' lang='lat' dir='ltr'><strong>manifestum</strong></span> <span class='ocrx_word' id='word_1_80' title='bbox 1354 1243 1436 1289; x_wconf 89' lang='lat' dir='ltr'><strong>est</strong></span> <span class='ocrx_word' id='word_1_81' title='bbox 1485 1250 1550 1287; x_wconf 78' lang='lat' dir='ltr'><strong>ex</strong></span> <span class='ocrx_word' id='word_1_82' title='bbox 1600 1234 1961 1298; x_wconf 72' lang='lat' dir='ltr'><strong>dtemonibns,</strong></span> 
     </span>
    </p>
   </div>
   <div class='ocr_carea' id='block_1_15' title="bbox 380 1326 1961 1402">
    <p class='ocr_par' dir='ltr' id='par_1_15' title="bbox 380 1326 1961 1402">
     <span class='ocr_line' id='line_1_15' title="bbox 380 1326 1961 1402; baseline -0.002 -17"><span class='ocrx_word' id='word_1_83' title='bbox 380 1332 473 1402; x_wconf 88' lang='lat' dir='ltr'><strong>qui</strong></span> <span class='ocrx_word' id='word_1_84' title='bbox 504 1348 628 1387; x_wconf 89' lang='lat' dir='ltr'><strong>cum</strong></span> <span class='ocrx_word' id='word_1_85' title='bbox 655 1331 965 1401; x_wconf 85' lang='lat' dir='ltr'><strong>incorporei</strong></span> <span class='ocrx_word' id='word_1_86' title='bbox 1016 1332 1151 1393; x_wconf 91' lang='lat' dir='ltr'><strong>sint,</strong></span> <span class='ocrx_word' id='word_1_87' title='bbox 1209 1328 1418 1385; x_wconf 90' lang='lat' dir='ltr'><strong>malitia</strong></span> <span class='ocrx_word' id='word_1_88' title='bbox 1445 1326 1765 1392; x_wconf 88' lang='lat' dir='ltr'><strong>abundant;</strong></span> <span class='ocrx_word' id='word_1_89' title='bbox 1803 1327 1961 1382; x_wconf 87' lang='lat' dir='ltr'><strong>mall-</strong></span> 
     </span>
    </p>
   </div>
   <div class='ocr_carea' id='block_1_16' title="bbox 382 1419 1963 1492">
    <p class='ocr_par' dir='ltr' id='par_1_16' title="bbox 382 1419 1963 1492">
     <span class='ocr_line' id='line_1_16' title="bbox 382 1419 1963 1492; baseline -0.004 -13"><span class='ocrx_word' id='word_1_90' title='bbox 382 1427 458 1479; x_wconf 85' lang='lat' dir='ltr'><strong>tia</strong></span> <span class='ocrx_word' id='word_1_91' title='bbox 509 1426 655 1481; x_wconf 91' lang='lat' dir='ltr'><strong>enim</strong></span> <span class='ocrx_word' id='word_1_92' title='bbox 713 1424 969 1479; x_wconf 86' lang='lat' dir='ltr'><strong>omnibus</strong></span> <span class='ocrx_word' id='word_1_93' title='bbox 1020 1424 1205 1492; x_wconf 87' lang='lat' dir='ltr'><strong>lapsus</strong></span> <span class='ocrx_word' id='word_1_94' title='bbox 1258 1420 1481 1491; x_wconf 92' lang='lat' dir='ltr'><strong>quidam</strong></span> <span class='ocrx_word' id='word_1_95' title='bbox 1527 1427 1613 1474; x_wconf 88' lang='lat' dir='ltr'><strong>est</strong></span> <span class='ocrx_word' id='word_1_96' title='bbox 1659 1434 1691 1473; x_wconf 89' lang='lat' dir='ltr'><strong>a</strong></span> <span class='ocrx_word' id='word_1_97' title='bbox 1732 1419 1963 1488; x_wconf 86' lang='lat' dir='ltr'><strong>propriis</strong></span> 
     </span>
    </p>
   </div>
   <div class='ocr_carea' id='block_1_17' title="bbox 380 1515 556 1570">
    <p class='ocr_par' dir='ltr' id='par_1_17' title="bbox 380 1515 556 1570">
     <span class='ocr_line' id='line_1_17' title="bbox 380 1515 556 1570; baseline 0.006 -1"><span class='ocrx_word' id='word_1_98' title='bbox 380 1515 556 1570; x_wconf 87' lang='lat' dir='ltr'><strong>bonis.</strong></span> 
     </span>
    </p>
   </div>
   <div class='ocr_carea' id='block_1_18' title="bbox 451 1600 2051 1677">
    <p class='ocr_par' dir='ltr' id='par_1_18' title="bbox 451 1600 2051 1677">
     <span class='ocr_line' id='line_1_18' title="bbox 451 1600 2051 1677; baseline -0.002 -18"><span class='ocrx_word' id='word_1_99' title='bbox 451 1602 738 1677; x_wconf 80' lang='lat' dir='ltr'><strong>§XXVlll.</strong></span> <span class='ocrx_word' id='word_1_100' title='bbox 785 1603 973 1673; x_wconf 86' lang='lat' dir='ltr'><strong>Neque</strong></span> <span class='ocrx_word' id='word_1_101' title='bbox 1006 1604 1237 1659; x_wconf 85' lang='lat' dir='ltr'><strong>materia</strong></span> <span class='ocrx_word' id='word_1_102' title='bbox 1289 1602 1490 1658; x_wconf 90' lang='lat' dir='ltr'><strong>malum</strong></span> <span class='ocrx_word' id='word_1_103' title='bbox 1512 1610 1623 1667; x_wconf 80' lang='lat' dir='ltr'><strong>est,</strong></span> <span class='ocrx_word' id='word_1_104' title='bbox 1655 1609 1714 1656; x_wconf 91' lang='lat' dir='ltr'><strong>ut</strong></span> <span class='ocrx_word' id='word_1_105' title='bbox 1742 1600 1961 1671; x_wconf 89' lang='lat' dir='ltr'><strong>quidam</strong></span> <span class='ocrx_word' id='word_1_106' title='bbox 2045 1650 2051 1656; x_wconf 92' lang='lat'><strong>.</strong></span> 
     </span>
    </p>
   </div>
   <div class='ocr_carea' id='block_1_19' title="bbox 382 1694 1965 1765">
    <p class='ocr_par' dir='ltr' id='par_1_19' title="bbox 382 1694 1965 1765">
     <span class='ocr_line' id='line_1_19' title="bbox 382 1694 1965 1765; baseline -0.003 -14"><span class='ocrx_word' id='word_1_107' title='bbox 382 1697 718 1751; x_wconf 81' lang='lat' dir='ltr'><strong>fabulantur.</strong></span> <span class='ocrx_word' id='word_1_108' title='bbox 745 1695 990 1750; x_wconf 84' lang='lat' dir='ltr'><strong>Primum</strong></span> <span class='ocrx_word' id='word_1_109' title='bbox 1044 1694 1289 1765; x_wconf 89' lang='lat' dir='ltr'><strong>quidem,</strong></span> <span class='ocrx_word' id='word_1_110' title='bbox 1341 1695 1472 1765; x_wconf 88' lang='lat' dir='ltr'><strong>quia</strong></span> <span class='ocrx_word' id='word_1_111' title='bbox 1500 1709 1781 1763; x_wconf 89' lang='lat' dir='ltr'><strong>nunquam</strong></span> <span class='ocrx_word' id='word_1_112' title='bbox 1809 1708 1965 1761; x_wconf 83' lang='lat' dir='ltr'><strong>repe-</strong></span> 
     </span>
    </p>
   </div>
   <div class='ocr_carea' id='block_1_20' title="bbox 2061 506 3659 580">
    <p class='ocr_par' dir='ltr' id='par_1_20' title="bbox 2061 506 3659 580">
     <span class='ocr_line' id='line_1_20' title="bbox 2061 506 3659 580; baseline 0.001 -20"><span class='ocrx_word' id='word_1_113' title='bbox 2061 507 2244 577; x_wconf 83' lang='grc' dir='ltr'>φὺσει,</span> <span class='ocrx_word' id='word_1_114' title='bbox 2290 507 2455 576; x_wconf 72' lang='grc' dir='ltr'>φησὶν</span> <span class='ocrx_word' id='word_1_115' title='bbox 2502 507 2585 559; x_wconf 82' lang='grc' dir='ltr'>ὅτι</span> <span class='ocrx_word' id='word_1_116' title='bbox 2630 506 2751 559; x_wconf 83' lang='grc' dir='ltr'>οὑδὲ</span> <span class='ocrx_word' id='word_1_117' title='bbox 2802 509 2861 559; x_wconf 81' lang='grc' dir='ltr'>ὲν</span> <span class='ocrx_word' id='word_1_118' title='bbox 2903 512 3016 572; x_wconf 77' lang='grc' dir='ltr'>τοῖς</span> <span class='ocrx_word' id='word_1_119' title='bbox 3070 512 3326 577; x_wconf 77' lang='grc' dir='ltr'><strong>φυσικοῖς</strong></span> <span class='ocrx_word' id='word_1_120' title='bbox 3387 511 3659 580; x_wconf 65' lang='grc' dir='ltr'>σώμασιν</span> 
     </span>
    </p>
   </div>
   <div class='ocr_carea' id='block_1_21' title="bbox 2038 598 3664 671">
    <p class='ocr_par' dir='ltr' id='par_1_21' title="bbox 2038 598 3664 671">
     <span class='ocr_line' id='line_1_21' title="bbox 2038 598 3664 671; baseline 0.001 -19"><span class='ocrx_word' id='word_1_121' title='bbox 2038 601 2277 671; x_wconf 83' lang='grc' dir='ltr'>.Ὦσπερ</span> <span class='ocrx_word' id='word_1_122' title='bbox 2309 598 2420 670; x_wconf 84' lang='grc' dir='ltr'><strong>γὰρ</strong></span> <span class='ocrx_word' id='word_1_123' title='bbox 2448 598 2645 662; x_wconf 82' lang='grc' dir='ltr'>κάλλος</span> <span class='ocrx_word' id='word_1_124' title='bbox 2670 600 2983 671; x_wconf 87' lang='grc' dir='ltr'>συμμετρία</span> <span class='ocrx_word' id='word_1_125' title='bbox 3004 602 3123 654; x_wconf 74' lang='grc' dir='ltr'>ὲστὶ</span> <span class='ocrx_word' id='word_1_126' title='bbox 3175 600 3364 671; x_wconf 89' lang='grc' dir='ltr'>μελῶν</span> <span class='ocrx_word' id='word_1_127' title='bbox 3418 602 3554 671; x_wconf 81' lang='grc' dir='ltr'>μετ’</span> <span class='ocrx_word' id='word_1_128' title='bbox 3586 603 3664 654; x_wconf 74' lang='grc' dir='ltr'><strong>εὑ-</strong></span> 
     </span>
    </p>
   </div>
   <div class='ocr_carea' id='block_1_22' title="bbox 2039 688 3663 765">
    <p class='ocr_par' dir='ltr' id='par_1_22' title="bbox 2039 688 3663 765">
     <span class='ocr_line' id='line_1_22' title="bbox 2039 688 3663 765; baseline 0.001 -20"><span class='ocrx_word' id='word_1_129' title='bbox 2039 694 2274 765; x_wconf 84' lang='grc' dir='ltr'>-χροίας,</span> <span class='ocrx_word' id='word_1_130' title='bbox 2305 692 2481 756; x_wconf 86' lang='grc' dir='ltr'>οὕτως</span> <span class='ocrx_word' id='word_1_131' title='bbox 2519 688 2709 763; x_wconf 75' lang='grc' dir='ltr'>αἶσχος</span> <span class='ocrx_word' id='word_1_132' title='bbox 2734 693 3086 765; x_wconf 78' lang='grc' dir='ltr'><strong>ἀσυμμετρία</strong></span> <span class='ocrx_word' id='word_1_133' title='bbox 3136 696 3247 747; x_wconf 89' lang='grc' dir='ltr'><strong>τῶν</strong></span> <span class='ocrx_word' id='word_1_134' title='bbox 3278 695 3479 747; x_wconf 82' lang='grc' dir='ltr'>αὐτῶν</span> <span class='ocrx_word' id='word_1_135' title='bbox 3535 696 3663 746; x_wconf 77' lang='grc' dir='ltr'>ἐστι.</span> 
     </span>
    </p>
   </div>
   <div class='ocr_carea' id='block_1_23' title="bbox 2062 781 3664 858">
    <p class='ocr_par' dir='ltr' id='par_1_23' title="bbox 2062 781 3664 858">
     <span class='ocr_line' id='line_1_23' title="bbox 2062 781 3664 858; baseline -0.002 -19"><span class='ocrx_word' id='word_1_136' title='bbox 2062 786 2137 838; x_wconf 67' lang='lat' dir='ltr'><strong>To</strong></span> <span class='ocrx_word' id='word_1_137' title='bbox 2157 786 2215 839; x_wconf 84' lang='grc' dir='ltr'>δὲ</span> <span class='ocrx_word' id='word_1_138' title='bbox 2243 781 2432 856; x_wconf 82' lang='grc' dir='ltr'>αἶσχος</span> <span class='ocrx_word' id='word_1_139' title='bbox 2455 785 2514 837; x_wconf 90' lang='grc' dir='ltr'><strong>οὑ</strong></span> <span class='ocrx_word' id='word_1_140' title='bbox 2549 786 2727 855; x_wconf 84' lang='grc' dir='ltr'>πάντη</span> <span class='ocrx_word' id='word_1_141' title='bbox 2758 786 2925 839; x_wconf 85' lang='grc' dir='ltr'>κακόν</span> <span class='ocrx_word' id='word_1_142' title='bbox 2944 802 2957 816; x_wconf 77' lang='grc' dir='ltr'><strong>ο</strong></span> <span class='ocrx_word' id='word_1_143' title='bbox 3002 788 3051 839; x_wconf 82' lang='grc' dir='ltr'>εί</span> <span class='ocrx_word' id='word_1_144' title='bbox 3084 786 3191 858; x_wconf 85' lang='grc' dir='ltr'><strong>γάρ</strong></span> <span class='ocrx_word' id='word_1_145' title='bbox 3220 789 3343 839; x_wconf 73' lang='grc' dir='ltr'>ἐστι</span> <span class='ocrx_word' id='word_1_146' title='bbox 3389 788 3664 857; x_wconf 65' lang='grc' dir='ltr'>παντελὴς</span> 
     </span>
    </p>
   </div>
   <div class='ocr_carea' id='block_1_24' title="bbox 2038 874 3665 947">
    <p class='ocr_par' dir='ltr' id='par_1_24' title="bbox 2038 874 3665 947">
     <span class='ocr_line' id='line_1_24' title="bbox 2038 874 3665 947; baseline -0.001 -19"><span class='ocrx_word' id='word_1_147' title='bbox 2038 875 2220 939; x_wconf 83' lang='grc' dir='ltr'>λύσις</span> <span class='ocrx_word' id='word_1_148' title='bbox 2239 874 2336 929; x_wconf 87' lang='grc' dir='ltr'><strong>τοῦ</strong></span> <span class='ocrx_word' id='word_1_149' title='bbox 2361 876 2537 939; x_wconf 72' lang='grc' dir='ltr'>εἴδους</span> <span class='ocrx_word' id='word_1_150' title='bbox 2574 877 2667 929; x_wconf 75' lang='grc' dir='ltr'>καὶ</span> <span class='ocrx_word' id='word_1_151' title='bbox 2694 876 2794 946; x_wconf 84' lang='grc' dir='ltr'>τῆς</span> <span class='ocrx_word' id='word_1_152' title='bbox 2814 876 3042 942; x_wconf 80' lang='grc' dir='ltr'>τάξεως,</span> <span class='ocrx_word' id='word_1_153' title='bbox 3087 880 3182 932; x_wconf 80' lang='grc' dir='ltr'>καὶ</span> <span class='ocrx_word' id='word_1_154' title='bbox 3230 880 3375 932; x_wconf 76' lang='grc' dir='ltr'>αὑτὸ</span> <span class='ocrx_word' id='word_1_155' title='bbox 3416 881 3485 932; x_wconf 80' lang='grc' dir='ltr'><strong>τὺ</strong></span> <span class='ocrx_word' id='word_1_156' title='bbox 3514 879 3665 947; x_wconf 67' lang='grc' dir='ltr'>σῶμα</span> 
     </span>
    </p>
   </div>
   <div class='ocr_carea' id='block_1_25' title="bbox 2063 966 3663 1041">
    <p class='ocr_par' dir='ltr' id='par_1_25' title="bbox 2063 966 3663 1041">
     <span class='ocr_line' id='line_1_25' title="bbox 2063 966 3663 1041; baseline 0.005 -22"><span class='ocrx_word' id='word_1_157' title='bbox 2063 968 2363 1038; x_wconf 81' lang='grc' dir='ltr'>οἰχήσεται.</span> <span class='ocrx_word' id='word_1_158' title='bbox 2392 968 2513 1019; x_wconf 87' lang='grc' dir='ltr'>’Ότι</span> <span class='ocrx_word' id='word_1_159' title='bbox 2535 966 2591 1019; x_wconf 84' lang='grc' dir='ltr'>δὲ</span> <span class='ocrx_word' id='word_1_160' title='bbox 2621 968 2742 1020; x_wconf 88' lang='grc' dir='ltr'>οὑδὲ</span> <span class='ocrx_word' id='word_1_161' title='bbox 2770 968 2970 1029; x_wconf 87' lang='grc' dir='ltr'>κακίας</span> <span class='ocrx_word' id='word_1_162' title='bbox 3003 968 3176 1023; x_wconf 74' lang='grc' dir='ltr'>αἴτιον</span> <span class='ocrx_word' id='word_1_163' title='bbox 3202 971 3265 1023; x_wconf 78' lang='grc' dir='ltr'><strong>τὺ</strong></span> <span class='ocrx_word' id='word_1_164' title='bbox 3301 972 3481 1041; x_wconf 83' lang='grc' dir='ltr'>σῶμα</span> <span class='ocrx_word' id='word_1_165' title='bbox 3501 971 3663 1039; x_wconf 59' lang='grc' dir='ltr'>φυῇ.</span> 
     </span>
    </p>
   </div>
   <div class='ocr_carea' id='block_1_26' title="bbox 2063 1060 3666 1135">
    <p class='ocr_par' dir='ltr' id='par_1_26' title="bbox 2063 1060 3666 1135">
     <span class='ocr_line' id='line_1_26' title="bbox 2063 1060 3666 1135; baseline 0.001 -20"><span class='ocrx_word' id='word_1_166' title='bbox 2063 1060 2247 1124; x_wconf 83' lang='grc' dir='ltr'>καθώς</span> <span class='ocrx_word' id='word_1_167' title='bbox 2275 1078 2420 1124; x_wconf 87' lang='grc' dir='ltr'>τινες</span> <span class='ocrx_word' id='word_1_168' title='bbox 2442 1060 2631 1125; x_wconf 82' lang='grc' dir='ltr'>κακῶς</span> <span class='ocrx_word' id='word_1_169' title='bbox 2672 1062 2907 1133; x_wconf 70' lang='grc' dir='ltr'>οἰόμενοι</span> <span class='ocrx_word' id='word_1_170' title='bbox 2935 1063 3218 1117; x_wconf 78' lang='grc' dir='ltr'><strong>αἰτιῶνται</strong></span> <span class='ocrx_word' id='word_1_171' title='bbox 3270 1064 3368 1118; x_wconf 71' lang='grc' dir='ltr'>τὸν</span> <span class='ocrx_word' id='word_1_172' title='bbox 3398 1066 3666 1135; x_wconf 73' lang='grc' dir='ltr'>δημιουρ-</span> 
     </span>
    </p>
   </div>
   <div class='ocr_carea' id='block_1_27' title="bbox 2064 1151 3665 1227">
    <p class='ocr_par' dir='ltr' id='par_1_27' title="bbox 2064 1151 3665 1227">
     <span class='ocr_line' id='line_1_27' title="bbox 2064 1151 3665 1227; baseline 0.003 -23"><span class='ocrx_word' id='word_1_173' title='bbox 2064 1152 2182 1220; x_wconf 82' lang='grc' dir='ltr'>γὸν,</span> <span class='ocrx_word' id='word_1_174' title='bbox 2221 1152 2381 1221; x_wconf 78' lang='grc' dir='ltr'>δῆλον</span> <span class='ocrx_word' id='word_1_175' title='bbox 2404 1153 2468 1205; x_wconf 84' lang='grc' dir='ltr'>ὲκ</span> <span class='ocrx_word' id='word_1_176' title='bbox 2491 1151 2600 1205; x_wconf 85' lang='grc' dir='ltr'><strong>τῶν</strong></span> <span class='ocrx_word' id='word_1_177' title='bbox 2629 1153 2919 1223; x_wconf 83' lang='grc' dir='ltr'><strong>δαιμόνων,</strong></span> <span class='ocrx_word' id='word_1_178' title='bbox 2947 1154 3001 1207; x_wconf 83' lang='grc' dir='ltr'><strong>οἴ</strong></span> <span class='ocrx_word' id='word_1_179' title='bbox 3041 1172 3204 1218; x_wconf 86' lang='grc' dir='ltr'>τινες,</span> <span class='ocrx_word' id='word_1_180' title='bbox 3240 1156 3547 1227; x_wconf 78' lang='grc' dir='ltr'>ἀσώματοι</span> <span class='ocrx_word' id='word_1_181' title='bbox 3587 1162 3665 1211; x_wconf 70' lang='grc' dir='ltr'>εν-</span> 
     </span>
    </p>
   </div>
   <div class='ocr_carea' id='block_1_28' title="bbox 2063 1244 3667 1323">
    <p class='ocr_par' dir='ltr' id='par_1_28' title="bbox 2063 1244 3667 1323">
     <span class='ocr_line' id='line_1_28' title="bbox 2063 1244 3667 1323; baseline 0.004 -27"><span class='ocrx_word' id='word_1_182' title='bbox 2063 1262 2175 1309; x_wconf 86' lang='grc' dir='ltr'>τες,</span> <span class='ocrx_word' id='word_1_183' title='bbox 2206 1244 2305 1315; x_wconf 77' lang='grc' dir='ltr'>τὴν</span> <span class='ocrx_word' id='word_1_184' title='bbox 2333 1246 2532 1299; x_wconf 90' lang='grc' dir='ltr'>κακίαν</span> <span class='ocrx_word' id='word_1_185' title='bbox 2560 1247 3007 1317; x_wconf 76' lang='grc' dir='ltr'><strong>προσεκτήσαντο</strong></span> <span class='ocrx_word' id='word_1_186' title='bbox 3028 1265 3042 1278; x_wconf 70' lang='grc'><strong><em>³</em></strong></span> <span class='ocrx_word' id='word_1_187' title='bbox 3066 1250 3161 1301; x_wconf 73' lang='grc' dir='ltr'><strong>ἐπὶ</strong></span> <span class='ocrx_word' id='word_1_188' title='bbox 3190 1253 3332 1303; x_wconf 84' lang='grc' dir='ltr'>πᾶσι</span> <span class='ocrx_word' id='word_1_189' title='bbox 3369 1251 3493 1323; x_wconf 69' lang='grc' dir='ltr'><strong>γὰρ</strong></span> <span class='ocrx_word' id='word_1_190' title='bbox 3520 1253 3667 1303; x_wconf 75' lang='grc' dir='ltr'>τοῦτό</span> 
     </span>
    </p>
   </div>
   <div class='ocr_carea' id='block_1_29' title="bbox 2066 1336 3663 1409">
    <p class='ocr_par' dir='ltr' id='par_1_29' title="bbox 2066 1336 3663 1409">
     <span class='ocr_line' id='line_1_29' title="bbox 2066 1336 3663 1409; baseline 0.005 -21"><span class='ocrx_word' id='word_1_191' title='bbox 2066 1336 2185 1389; x_wconf 77' lang='grc' dir='ltr'>ἐστι</span> <span class='ocrx_word' id='word_1_192' title='bbox 2256 1337 2457 1402; x_wconf 80' lang='grc' dir='ltr'>κακία,</span> <span class='ocrx_word' id='word_1_193' title='bbox 2529 1339 2563 1409; x_wconf 81' lang='grc' dir='ltr'>ἡ</span> <span class='ocrx_word' id='word_1_194' title='bbox 2636 1338 2957 1401; x_wconf 83' lang='grc' dir='ltr'>ἀπόπτωσις</span> <span class='ocrx_word' id='word_1_195' title='bbox 3032 1339 3142 1392; x_wconf 88' lang='grc' dir='ltr'><strong>τῶν</strong></span> <span class='ocrx_word' id='word_1_196' title='bbox 3230 1343 3467 1395; x_wconf 76' lang='grc' dir='ltr'>οἰκείων</span> <span class='ocrx_word' id='word_1_197' title='bbox 3538 1345 3663 1409; x_wconf 66' lang='grc' dir='ltr'><strong>ἁττ-</strong></span> 
     </span>
    </p>
   </div>
   <div class='ocr_carea' id='block_1_30' title="bbox 2068 1424 2197 1481">
    <p class='ocr_par' dir='ltr' id='par_1_30' title="bbox 2068 1424 2197 1481">
     <span class='ocr_line' id='line_1_30' title="bbox 2068 1424 2197 1481; baseline 0.023 -3"><span class='ocrx_word' id='word_1_198' title='bbox 2068 1424 2197 1481; x_wconf 90' lang='grc' dir='ltr'>θῶν.</span> 
     </span>
    </p>
   </div>
   <div class='ocr_carea' id='block_1_31' title="bbox 2140 1597 3667 1671">
    <p class='ocr_par' dir='ltr' id='par_1_31' title="bbox 2140 1597 3667 1671">
     <span class='ocr_line' id='line_1_31' title="bbox 2140 1597 3667 1671; baseline 0.001 -19"><span class='ocrx_word' id='word_1_199' title='bbox 2140 1598 2168 1671; x_wconf 81' lang='lat'><strong>§</strong></span> <span class='ocrx_word' id='word_1_200' title='bbox 2212 1597 2448 1654; x_wconf 71' lang='lat' dir='ltr'><strong>XXVIII.</strong></span> <span class='ocrx_word' id='word_1_201' title='bbox 2498 1598 2635 1653; x_wconf 80' lang='grc' dir='ltr'>Οὑδὲ</span> <span class='ocrx_word' id='word_1_202' title='bbox 2691 1598 2791 1671; x_wconf 88' lang='grc' dir='ltr'><strong>ὕλη</strong></span> <span class='ocrx_word' id='word_1_203' title='bbox 2835 1601 2896 1654; x_wconf 84' lang='grc' dir='ltr'>τὸ</span> <span class='ocrx_word' id='word_1_204' title='bbox 2940 1600 3131 1663; x_wconf 85' lang='grc' dir='ltr'>κακὸν,</span> <span class='ocrx_word' id='word_1_205' title='bbox 3186 1599 3265 1663; x_wconf 83' lang='grc' dir='ltr'><strong>ῶς</strong></span> <span class='ocrx_word' id='word_1_206' title='bbox 3320 1600 3473 1669; x_wconf 79' lang='grc' dir='ltr'>φασί</span> <span class='ocrx_word' id='word_1_207' title='bbox 3509 1618 3667 1663; x_wconf 77' lang='grc' dir='ltr'>τινες.</span> 
     </span>
    </p>
   </div>
   <div class='ocr_carea' id='block_1_32' title="bbox 2067 1689 3666 1762">
    <p class='ocr_par' dir='ltr' id='par_1_32' title="bbox 2067 1689 3666 1762">
     <span class='ocr_line' id='line_1_32' title="bbox 2067 1689 3666 1762; baseline 0 -19"><span class='ocrx_word' id='word_1_208' title='bbox 2067 1690 2291 1762; x_wconf 78' lang='grc' dir='ltr'>Πρῶτον</span> <span class='ocrx_word' id='word_1_209' title='bbox 2317 1690 2437 1761; x_wconf 85' lang='grc' dir='ltr'>μὲν,</span> <span class='ocrx_word' id='word_1_210' title='bbox 2482 1690 2565 1743; x_wconf 80' lang='grc' dir='ltr'>ὅτι</span> <span class='ocrx_word' id='word_1_211' title='bbox 2585 1690 2682 1755; x_wconf 88' lang='grc' dir='ltr'><strong>οὑχ</strong></span> <span class='ocrx_word' id='word_1_212' title='bbox 2724 1691 3079 1762; x_wconf 77' lang='grc' dir='ltr'><strong>εὑρεθήσεται</strong></span> <span class='ocrx_word' id='word_1_213' title='bbox 3104 1689 3324 1743; x_wconf 79' lang='grc' dir='ltr'>πώποτε</span> <span class='ocrx_word' id='word_1_214' title='bbox 3353 1692 3555 1761; x_wconf 78' lang='grc' dir='ltr'>γυμνὴ</span> <span class='ocrx_word' id='word_1_215' title='bbox 3586 1690 3666 1743; x_wconf 70' lang='grc' dir='ltr'><strong>τοῦ</strong></span> 
     </span>
    </p>
   </div>
   <div class='ocr_carea' id='block_1_33' title="bbox 382 1782 1860 1855">
    <p class='ocr_par' dir='ltr' id='par_1_33' title="bbox 382 1784 1860 1855">
     <span class='ocr_line' id='line_1_33' title="bbox 382 1784 1860 1855; baseline -0.005 -12"><span class='ocrx_word' id='word_1_216' title='bbox 382 1790 559 1843; x_wconf 88' lang='lat' dir='ltr'><strong>rietur</strong></span> <span class='ocrx_word' id='word_1_217' title='bbox 586 1786 856 1853; x_wconf 78' lang='lat' dir='ltr'><strong>informis,</strong></span> <span class='ocrx_word' id='word_1_218' title='bbox 889 1801 984 1842; x_wconf 87' lang='lat' dir='ltr'><strong>seu</strong></span> <span class='ocrx_word' id='word_1_219' title='bbox 1016 1786 1164 1843; x_wconf 91' lang='lat' dir='ltr'><strong>omni</strong></span> <span class='ocrx_word' id='word_1_220' title='bbox 1205 1785 1381 1841; x_wconf 88' lang='lat' dir='ltr'><strong>forma</strong></span> <span class='ocrx_word' id='word_1_221' title='bbox 1400 1784 1665 1855; x_wconf 85' lang='lat' dir='ltr'><strong>spoliata;</strong></span> <span class='ocrx_word' id='word_1_222' title='bbox 1698 1799 1820 1838; x_wconf 91' lang='lat' dir='ltr'><strong>cum</strong></span> <span class='ocrx_word' id='word_1_223' title='bbox 1853 1785 1860 1835; x_wconf 93' lang='lat' dir='ltr'><strong>l</strong></span> 
     </span>
    </p>
   </div>
   <div class='ocr_carea' id='block_1_34' title="bbox 2191 1782 3669 1855">
    <p class='ocr_par' dir='ltr' id='par_1_34' title="bbox 2191 1782 3669 1853">
     <span class='ocr_line' id='line_1_34' title="bbox 2191 1782 3669 1853; baseline -0.002 -15"><span class='ocrx_word' id='word_1_224' title='bbox 2191 1802 2239 1848; x_wconf 63' lang='lat' dir='ltr'><strong>ac</strong></span> <span class='ocrx_word' id='word_1_225' title='bbox 2280 1782 2547 1846; x_wconf 88' lang='grc' dir='ltr'>ἀνείδεος·</span> <span class='ocrx_word' id='word_1_226' title='bbox 2579 1782 2713 1853; x_wconf 78' lang='grc' dir='ltr'>μετὰ</span> <span class='ocrx_word' id='word_1_227' title='bbox 2741 1783 2913 1848; x_wconf 80' lang='grc' dir='ltr'>εἴδους</span> <span class='ocrx_word' id='word_1_228' title='bbox 2948 1784 3025 1844; x_wconf 82' lang='grc' dir='ltr'>δὲ,</span> <span class='ocrx_word' id='word_1_229' title='bbox 3064 1783 3139 1847; x_wconf 80' lang='grc' dir='ltr'>ὡς</span> <span class='ocrx_word' id='word_1_230' title='bbox 3183 1783 3316 1851; x_wconf 90' lang='grc' dir='ltr'>γοῦν</span> <span class='ocrx_word' id='word_1_231' title='bbox 3357 1784 3669 1853; x_wconf 68' lang='grc' dir='ltr'>μετέχουσι</span> 
     </span>
    </p>
   </div>
   <div class='ocr_carea' id='block_1_35' title="bbox 382 1874 1959 1949">
    <p class='ocr_par' dir='ltr' id='par_1_35' title="bbox 382 1874 1959 1949">
     <span class='ocr_line' id='line_1_35' title="bbox 382 1874 1959 1949; baseline -0.004 -14"><span class='ocrx_word' id='word_1_232' title='bbox 382 1896 471 1935; x_wconf 86' lang='lat' dir='ltr'><strong>ma</strong></span> <span class='ocrx_word' id='word_1_233' title='bbox 524 1890 729 1945; x_wconf 86' lang='lat' dir='ltr'><strong>autem,</strong></span> <span class='ocrx_word' id='word_1_234' title='bbox 778 1890 838 1935; x_wconf 93' lang='lat' dir='ltr'><strong>ut</strong></span> <span class='ocrx_word' id='word_1_235' title='bbox 894 1879 1171 1949; x_wconf 85' lang='lat' dir='ltr'><strong>particeps</strong></span> <span class='ocrx_word' id='word_1_236' title='bbox 1220 1878 1434 1942; x_wconf 63' lang='lat' dir='ltr'><strong>formae,</strong></span> <span class='ocrx_word' id='word_1_237' title='bbox 1498 1874 1959 1947; x_wconf 80' lang='lat' dir='ltr'><strong>pulchritudinem</strong></span> 
     </span>
    </p>
   </div>
   <div class='ocr_carea' id='block_1_36' title="bbox 378 1971 1963 2045">
    <p class='ocr_par' dir='ltr' id='par_1_36' title="bbox 378 1971 1963 2045">
     <span class='ocr_line' id='line_1_36' title="bbox 378 1971 1963 2045; baseline -0.002 -19"><span class='ocrx_word' id='word_1_238' title='bbox 378 1974 674 2045; x_wconf 84' lang='lat' dir='ltr'><strong>participat</strong></span> <span class='ocrx_word' id='word_1_239' title='bbox 694 1989 759 2028; x_wconf 83' lang='lat' dir='ltr'><strong>ac</strong></span> <span class='ocrx_word' id='word_1_240' title='bbox 787 1980 1152 2029; x_wconf 76' lang='lat' dir='ltr'><strong>venustatem.</strong></span> <span class='ocrx_word' id='word_1_241' title='bbox 1204 1971 1301 2025; x_wconf 89' lang='lat' dir='ltr'><strong>Sin</strong></span> <span class='ocrx_word' id='word_1_242' title='bbox 1352 1985 1485 2025; x_wconf 71' lang='lat' dir='ltr'><strong>vero</strong></span> <span class='ocrx_word' id='word_1_243' title='bbox 1532 1971 1705 2040; x_wconf 88' lang='lat' dir='ltr'><strong>ipsam</strong></span> <span class='ocrx_word' id='word_1_244' title='bbox 1747 1983 1846 2039; x_wconf 87' lang='lat' dir='ltr'><strong>per</strong></span> <span class='ocrx_word' id='word_1_245' title='bbox 1902 1983 1963 2023; x_wconf 86' lang='lat' dir='ltr'><strong>se</strong></span> 
     </span>
    </p>
   </div>
   <div class='ocr_carea' id='block_1_37' title="bbox 380 2059 1966 2129">
    <p class='ocr_par' dir='ltr' id='par_1_37' title="bbox 380 2059 1966 2129">
     <span class='ocr_line' id='line_1_37' title="bbox 380 2059 1966 2129; baseline -0.002 -15"><span class='ocrx_word' id='word_1_246' title='bbox 380 2060 669 2115; x_wconf 81' lang='lat' dir='ltr'><strong>informem</strong></span> <span class='ocrx_word' id='word_1_247' title='bbox 704 2062 1139 2126; x_wconf 87' lang='lat' dir='ltr'><strong>consideremus,</strong></span> <span class='ocrx_word' id='word_1_248' title='bbox 1181 2059 1318 2115; x_wconf 81' lang='lat' dir='ltr'><strong>nihil</strong></span> <span class='ocrx_word' id='word_1_249' title='bbox 1355 2060 1652 2129; x_wconf 87' lang='lat' dir='ltr'><strong>patientem</strong></span> <span class='ocrx_word' id='word_1_250' title='bbox 1679 2066 1773 2113; x_wconf 90' lang='lat' dir='ltr'><strong>aut</strong></span> <span class='ocrx_word' id='word_1_251' title='bbox 1803 2059 1966 2114; x_wconf 82' lang='lat' dir='ltr'><strong>susti-</strong></span> 
     </span>
    </p>
   </div>
   <div class='ocr_carea' id='block_1_38' title="bbox 378 2152 1961 2225">
    <p class='ocr_par' dir='ltr' id='par_1_38' title="bbox 378 2152 1961 2225">
     <span class='ocr_line' id='line_1_38' title="bbox 378 2152 1961 2225; baseline -0.002 -19"><span class='ocrx_word' id='word_1_252' title='bbox 378 2164 623 2219; x_wconf 89' lang='lat' dir='ltr'><strong>nentem,</strong></span> <span class='ocrx_word' id='word_1_253' title='bbox 666 2154 942 2225; x_wconf 88' lang='lat' dir='ltr'><strong>quomodo</strong></span> <span class='ocrx_word' id='word_1_254' title='bbox 997 2153 1227 2208; x_wconf 82' lang='lat' dir='ltr'><strong>materia</strong></span> <span class='ocrx_word' id='word_1_255' title='bbox 1284 2152 1413 2207; x_wconf 89' lang='lat' dir='ltr'><strong>mali</strong></span> <span class='ocrx_word' id='word_1_256' title='bbox 1467 2153 1764 2221; x_wconf 87' lang='lat' dir='ltr'><strong>quidquam</strong></span> <span class='ocrx_word' id='word_1_257' title='bbox 1815 2160 1961 2221; x_wconf 92' lang='lat' dir='ltr'><strong>agat,</strong></span> 
     </span>
    </p>
   </div>
   <div class='ocr_carea' id='block_1_39' title="bbox 377 2244 1963 2317">
    <p class='ocr_par' dir='ltr' id='par_1_39' title="bbox 377 2244 1963 2317">
     <span class='ocr_line' id='line_1_39' title="bbox 377 2244 1963 2317; baseline -0.002 -17"><span class='ocrx_word' id='word_1_258' title='bbox 377 2261 501 2301; x_wconf 74' lang='lat' dir='ltr'><strong>cuni</strong></span> <span class='ocrx_word' id='word_1_259' title='bbox 526 2261 593 2301; x_wconf 88' lang='lat' dir='ltr'><strong>ne</strong></span> <span class='ocrx_word' id='word_1_260' title='bbox 625 2247 678 2301; x_wconf 93' lang='lat' dir='ltr'><strong>id</strong></span> <span class='ocrx_word' id='word_1_261' title='bbox 723 2247 833 2317; x_wconf 91' lang='lat' dir='ltr'><strong>pati</strong></span> <span class='ocrx_word' id='word_1_262' title='bbox 859 2246 1080 2315; x_wconf 89' lang='lat' dir='ltr'><strong>quidem</strong></span> <span class='ocrx_word' id='word_1_263' title='bbox 1116 2245 1324 2315; x_wconf 77' lang='lat' dir='ltr'><strong>possit?</strong></span> <span class='ocrx_word' id='word_1_264' title='bbox 1351 2244 1505 2311; x_wconf 86' lang='lat' dir='ltr'><strong>Quod</strong></span> <span class='ocrx_word' id='word_1_265' title='bbox 1530 2246 1574 2300; x_wconf 90' lang='lat' dir='ltr'><strong>si</strong></span> <span class='ocrx_word' id='word_1_266' title='bbox 1608 2245 1774 2299; x_wconf 87' lang='lat' dir='ltr'><strong>etiam</strong></span> <span class='ocrx_word' id='word_1_267' title='bbox 1800 2246 1963 2307; x_wconf 87' lang='lat' dir='ltr'><strong>Deus,</strong></span> 
     </span>
    </p>
   </div>
   <div class='ocr_carea' id='block_1_40' title="bbox 378 2334 1968 2405">
    <p class='ocr_par' dir='ltr' id='par_1_40' title="bbox 378 2334 1968 2405">
     <span class='ocr_line' id='line_1_40' title="bbox 378 2334 1968 2405; baseline -0.003 -14"><span class='ocrx_word' id='word_1_268' title='bbox 378 2352 505 2391; x_wconf 82' lang='lat' dir='ltr'><strong>cum</strong></span> <span class='ocrx_word' id='word_1_269' title='bbox 535 2336 668 2391; x_wconf 84' lang='lat' dir='ltr'><strong>nihil</strong></span> <span class='ocrx_word' id='word_1_270' title='bbox 710 2337 820 2405; x_wconf 89' lang='lat' dir='ltr'><strong>pati</strong></span> <span class='ocrx_word' id='word_1_271' title='bbox 846 2340 1041 2405; x_wconf 89' lang='lat' dir='ltr'><strong>possit,</strong></span> <span class='ocrx_word' id='word_1_272' title='bbox 1080 2336 1268 2389; x_wconf 81' lang='lat' dir='ltr'><strong>omnia</strong></span> <span class='ocrx_word' id='word_1_273' title='bbox 1296 2334 1491 2401; x_wconf 79' lang='lat' dir='ltr'><strong>faciat,</strong></span> <span class='ocrx_word' id='word_1_274' title='bbox 1529 2349 1627 2403; x_wconf 91' lang='lat' dir='ltr'><strong>per</strong></span> <span class='ocrx_word' id='word_1_275' title='bbox 1664 2334 1720 2388; x_wconf 87' lang='lat' dir='ltr'><strong>id</strong></span> <span class='ocrx_word' id='word_1_276' title='bbox 1750 2335 1968 2389; x_wconf 68' lang='lat' dir='ltr'><strong>erce-lit</strong></span> 
     </span>
    </p>
   </div>
   <div class='ocr_carea' id='block_1_41' title="bbox 378 2427 1963 2495">
    <p class='ocr_par' dir='ltr' id='par_1_41' title="bbox 378 2427 1963 2495">
     <span class='ocr_line' id='line_1_41' title="bbox 378 2427 1963 2495; baseline 0.001 -15"><span class='ocrx_word' id='word_1_277' title='bbox 378 2430 609 2485; x_wconf 66' lang='lat' dir='ltr'><strong>effectus</strong></span> <span class='ocrx_word' id='word_1_278' title='bbox 668 2430 970 2495; x_wconf 88' lang='lat' dir='ltr'><strong>naturales,</strong></span> <span class='ocrx_word' id='word_1_279' title='bbox 1019 2431 1123 2485; x_wconf 86' lang='lat' dir='ltr'><strong>etsi</strong></span> <span class='ocrx_word' id='word_1_280' title='bbox 1166 2444 1329 2485; x_wconf 88' lang='lat' dir='ltr'><strong>causa</strong></span> <span class='ocrx_word' id='word_1_281' title='bbox 1403 2433 1498 2494; x_wconf 88' lang='lat' dir='ltr'><strong>sit,</strong></span> <span class='ocrx_word' id='word_1_282' title='bbox 1555 2428 1652 2482; x_wconf 81' lang='lat' dir='ltr'><strong>sed</strong></span> <span class='ocrx_word' id='word_1_283' title='bbox 1703 2427 1963 2482; x_wconf 78' lang='lat' dir='ltr'><strong>efliriens.</strong></span> 
     </span>
    </p>
   </div>
   <div class='ocr_carea' id='block_1_42' title="bbox 378 2521 1968 2593">
    <p class='ocr_par' dir='ltr' id='par_1_42' title="bbox 378 2521 1968 2593">
     <span class='ocr_line' id='line_1_42' title="bbox 378 2521 1968 2593; baseline -0.003 -18"><span class='ocrx_word' id='word_1_284' title='bbox 378 2521 557 2575; x_wconf 87' lang='lat' dir='ltr'><strong>Causa</strong></span> <span class='ocrx_word' id='word_1_285' title='bbox 605 2531 788 2577; x_wconf 87' lang='lat' dir='ltr'><strong>autem</strong></span> <span class='ocrx_word' id='word_1_286' title='bbox 830 2523 1150 2587; x_wconf 87' lang='lat' dir='ltr'><strong>materialis,</strong></span> <span class='ocrx_word' id='word_1_287' title='bbox 1202 2538 1322 2593; x_wconf 59' lang='lat' dir='ltr'><strong>quae</strong></span> <span class='ocrx_word' id='word_1_288' title='bbox 1380 2522 1669 2578; x_wconf 74' lang='lat' dir='ltr'><strong>effectibus</strong></span> <span class='ocrx_word' id='word_1_289' title='bbox 1699 2529 1968 2576; x_wconf 89' lang='lat' dir='ltr'><strong>connatu-</strong></span> 
     </span>
    </p>
   </div>
   <div class='ocr_carea' id='block_1_43' title="bbox 379 2610 1966 2687">
    <p class='ocr_par' dir='ltr' id='par_1_43' title="bbox 379 2610 1966 2687">
     <span class='ocr_line' id='line_1_43' title="bbox 379 2610 1966 2687; baseline -0.003 -18"><span class='ocrx_word' id='word_1_290' title='bbox 379 2614 519 2670; x_wconf 84' lang='lat' dir='ltr'><strong>ralis</strong></span> <span class='ocrx_word' id='word_1_291' title='bbox 545 2625 650 2683; x_wconf 90' lang='lat' dir='ltr'><strong>est,</strong></span> <span class='ocrx_word' id='word_1_292' title='bbox 686 2616 823 2671; x_wconf 89' lang='lat' dir='ltr'><strong>nihil</strong></span> <span class='ocrx_word' id='word_1_293' title='bbox 857 2632 1099 2687; x_wconf 90' lang='lat' dir='ltr'><strong>unquam</strong></span> <span class='ocrx_word' id='word_1_294' title='bbox 1133 2616 1246 2685; x_wconf 88' lang='lat' dir='ltr'><strong>agit</strong></span> <span class='ocrx_word' id='word_1_295' title='bbox 1300 2617 1352 2670; x_wconf 92' lang='lat' dir='ltr'><strong>in</strong></span> <span class='ocrx_word' id='word_1_296' title='bbox 1408 2615 1641 2677; x_wconf 78' lang='lat' dir='ltr'><strong>effectis,</strong></span> <span class='ocrx_word' id='word_1_297' title='bbox 1682 2610 1787 2667; x_wconf 92' lang='lat' dir='ltr'><strong>nisi</strong></span> <span class='ocrx_word' id='word_1_298' title='bbox 1817 2611 1966 2680; x_wconf 89' lang='lat' dir='ltr'><strong>prius</strong></span> 
     </span>
    </p>
   </div>
   <div class='ocr_carea' id='block_1_44' title="bbox 380 2707 1969 2777">
    <p class='ocr_par' dir='ltr' id='par_1_44' title="bbox 380 2707 1969 2777">
     <span class='ocr_line' id='line_1_44' title="bbox 380 2707 1969 2777; baseline 0 -17"><span class='ocrx_word' id='word_1_299' title='bbox 380 2723 539 2777; x_wconf 86' lang='lat' dir='ltr'><strong>passa</strong></span> <span class='ocrx_word' id='word_1_300' title='bbox 567 2710 640 2764; x_wconf 91' lang='lat' dir='ltr'><strong>sit</strong></span> <span class='ocrx_word' id='word_1_301' title='bbox 670 2708 1134 2765; x_wconf 79' lang='lat' dir='ltr'><strong>informationem.</strong></span> <span class='ocrx_word' id='word_1_302' title='bbox 1167 2709 1293 2763; x_wconf 61' lang='lat' dir='ltr'><strong>Haec</strong></span> <span class='ocrx_word' id='word_1_303' title='bbox 1325 2716 1506 2773; x_wconf 85' lang='lat' dir='ltr'><strong>antem</strong></span> <span class='ocrx_word' id='word_1_304' title='bbox 1534 2707 1718 2763; x_wconf 90' lang='lat' dir='ltr'><strong>omnia</strong></span> <span class='ocrx_word' id='word_1_305' title='bbox 1744 2714 1969 2760; x_wconf 88' lang='lat' dir='ltr'><strong>sanctus</strong></span> 
     </span>
    </p>
   </div>
   <div class='ocr_carea' id='block_1_45' title="bbox 381 2797 1968 2871">
    <p class='ocr_par' dir='ltr' id='par_1_45' title="bbox 381 2797 1968 2871">
     <span class='ocr_line' id='line_1_45' title="bbox 381 2797 1968 2871; baseline -0.002 -18"><span class='ocrx_word' id='word_1_306' title='bbox 381 2800 468 2855; x_wconf 92' lang='lat' dir='ltr'><strong>hic</strong></span> <span class='ocrx_word' id='word_1_307' title='bbox 498 2800 652 2866; x_wconf 84' lang='lat' dir='ltr'><strong>dicit,</strong></span> <span class='ocrx_word' id='word_1_308' title='bbox 686 2801 814 2871; x_wconf 89' lang='lat' dir='ltr'><strong>quia</strong></span> <span class='ocrx_word' id='word_1_309' title='bbox 850 2802 1069 2871; x_wconf 86' lang='lat' dir='ltr'><strong>quidam</strong></span> <span class='ocrx_word' id='word_1_310' title='bbox 1122 2800 1433 2871; x_wconf 86' lang='lat' dir='ltr'><strong>philosophi</strong></span> <span class='ocrx_word' id='word_1_311' title='bbox 1485 2797 1766 2862; x_wconf 85' lang='lat' dir='ltr'><strong>dicebant,</strong></span> <span class='ocrx_word' id='word_1_312' title='bbox 1796 2812 1864 2853; x_wconf 83' lang='lat' dir='ltr'><strong>ex</strong></span> <span class='ocrx_word' id='word_1_313' title='bbox 1894 2798 1968 2851; x_wconf 91' lang='lat' dir='ltr'><strong>ir-</strong></span> 
     </span>
    </p>
   </div>
   <div class='ocr_carea' id='block_1_46' title="bbox 379 2892 1965 2964">
    <p class='ocr_par' dir='ltr' id='par_1_46' title="bbox 379 2892 1965 2964">
     <span class='ocr_line' id='line_1_46' title="bbox 379 2892 1965 2964; baseline -0.003 -17"><span class='ocrx_word' id='word_1_314' title='bbox 379 2894 691 2949; x_wconf 90' lang='lat' dir='ltr'><strong>rationalibi</strong></span> <span class='ocrx_word' id='word_1_315' title='bbox 720 2898 918 2949; x_wconf 71' lang='lat' dir='ltr'><strong>anima:</strong></span> <span class='ocrx_word' id='word_1_316' title='bbox 965 2904 1121 2964; x_wconf 88' lang='lat' dir='ltr'><strong>parte</strong></span> <span class='ocrx_word' id='word_1_317' title='bbox 1171 2895 1415 2949; x_wconf 66' lang='lat' dir='ltr'><strong>materiae</strong></span> <span class='ocrx_word' id='word_1_318' title='bbox 1448 2892 1775 2960; x_wconf 87' lang='lat' dir='ltr'><strong>corporique</strong></span> <span class='ocrx_word' id='word_1_319' title='bbox 1811 2904 1965 2943; x_wconf 85' lang='lat' dir='ltr'><strong>com-</strong></span> 
     </span>
    </p>
   </div>
   <div class='ocr_carea' id='block_1_47' title="bbox 380 2982 1967 3060">
    <p class='ocr_par' dir='ltr' id='par_1_47' title="bbox 380 2982 1967 3060">
     <span class='ocr_line' id='line_1_47' title="bbox 380 2982 1967 3060; baseline -0.004 -15"><span class='ocrx_word' id='word_1_320' title='bbox 380 2993 564 3059; x_wconf 81' lang='lat' dir='ltr'><strong>mista,</strong></span> <span class='ocrx_word' id='word_1_321' title='bbox 598 3008 720 3046; x_wconf 87' lang='lat' dir='ltr'><strong>cum</strong></span> <span class='ocrx_word' id='word_1_322' title='bbox 748 2994 815 3047; x_wconf 91' lang='lat' dir='ltr'><strong>ad</strong></span> <span class='ocrx_word' id='word_1_323' title='bbox 873 3006 994 3048; x_wconf 86' lang='lat' dir='ltr'><strong>eam</strong></span> <span class='ocrx_word' id='word_1_324' title='bbox 1022 2983 1226 3046; x_wconf 52' lang='lat' dir='ltr'><strong>&#39;anima</strong></span> <span class='ocrx_word' id='word_1_325' title='bbox 1285 2991 1597 3060; x_wconf 87' lang='lat' dir='ltr'><strong>adreperet,</strong></span> <span class='ocrx_word' id='word_1_326' title='bbox 1633 2987 1771 3042; x_wconf 85' lang='lat' dir='ltr'><strong>mala</strong></span> <span class='ocrx_word' id='word_1_327' title='bbox 1801 2982 1967 3057; x_wconf 83' lang='lat' dir='ltr'><strong>profi-</strong></span> 
     </span>
    </p>
   </div>
   <div class='ocr_carea' id='block_1_48' title="bbox 379 3083 1967 3150">
    <p class='ocr_par' dir='ltr' id='par_1_48' title="bbox 379 3083 1967 3150">
     <span class='ocr_line' id='line_1_48' title="bbox 379 3083 1967 3150; baseline -0.004 -10"><span class='ocrx_word' id='word_1_328' title='bbox 379 3085 538 3140; x_wconf 89' lang='lat' dir='ltr'><strong>cisci.</strong></span> <span class='ocrx_word' id='word_1_329' title='bbox 565 3084 799 3139; x_wconf 85' lang='lat' dir='ltr'><strong>Rursum</strong></span> <span class='ocrx_word' id='word_1_330' title='bbox 856 3086 923 3139; x_wconf 89' lang='lat' dir='ltr'><strong>de</strong></span> <span class='ocrx_word' id='word_1_331' title='bbox 971 3083 1198 3138; x_wconf 89' lang='lat' dir='ltr'><strong>materia</strong></span> <span class='ocrx_word' id='word_1_332' title='bbox 1246 3083 1527 3146; x_wconf 87' lang='lat' dir='ltr'><strong>decertat,</strong></span> <span class='ocrx_word' id='word_1_333' title='bbox 1562 3090 1617 3137; x_wconf 88' lang='lat' dir='ltr'><strong>et</strong></span> <span class='ocrx_word' id='word_1_334' title='bbox 1675 3094 1967 3150; x_wconf 86' lang='lat' dir='ltr'><strong>argumen-</strong></span> 
     </span>
    </p>
   </div>
   <div class='ocr_carea' id='block_1_49' title="bbox 380 3172 1970 3248">
    <p class='ocr_par' dir='ltr' id='par_1_49' title="bbox 380 3172 1970 3248">
     <span class='ocr_line' id='line_1_49' title="bbox 380 3172 1970 3248; baseline -0.004 -17"><span class='ocrx_word' id='word_1_335' title='bbox 380 3189 492 3231; x_wconf 92' lang='lat' dir='ltr'><strong>tum</strong></span> <span class='ocrx_word' id='word_1_336' title='bbox 522 3176 688 3248; x_wconf 68' lang='grc'><strong>420</strong></span> <span class='ocrx_word' id='word_1_337' title='bbox 724 3176 929 3231; x_wconf 86' lang='lat' dir='ltr'><strong>format</strong></span> <span class='ocrx_word' id='word_1_338' title='bbox 976 3190 1045 3230; x_wconf 78' lang='lat' dir='ltr'><strong>ex</strong></span> <span class='ocrx_word' id='word_1_339' title='bbox 1074 3174 1370 3231; x_wconf 86' lang='lat' dir='ltr'><strong>divisione.</strong></span> <span class='ocrx_word' id='word_1_340' title='bbox 1421 3173 1521 3228; x_wconf 79' lang='lat' dir='ltr'><strong>Vel</strong></span> <span class='ocrx_word' id='word_1_341' title='bbox 1580 3174 1765 3241; x_wconf 87' lang='lat' dir='ltr'><strong>itaque</strong></span> <span class='ocrx_word' id='word_1_342' title='bbox 1795 3172 1970 3226; x_wconf 79' lang='lat' dir='ltr'><strong>neuti-</strong></span> 
     </span>
    </p>
   </div>
   <div class='ocr_carea' id='block_1_50' title="bbox 379 3265 1969 3338">
    <p class='ocr_par' dir='ltr' id='par_1_50' title="bbox 379 3265 1969 3338">
     <span class='ocr_line' id='line_1_50' title="bbox 379 3265 1969 3338; baseline -0.004 -15"><span class='ocrx_word' id='word_1_343' title='bbox 379 3284 542 3338; x_wconf 88' lang='lat' dir='ltr'><strong>quam</strong></span> <span class='ocrx_word' id='word_1_344' title='bbox 601 3282 937 3338; x_wconf 87' lang='lat' dir='ltr'><strong>nusquamve</strong></span> <span class='ocrx_word' id='word_1_345' title='bbox 991 3276 1098 3334; x_wconf 86' lang='lat' dir='ltr'><strong>est,</strong></span> <span class='ocrx_word' id='word_1_346' title='bbox 1144 3277 1200 3322; x_wconf 89' lang='lat' dir='ltr'><strong>et</strong></span> <span class='ocrx_word' id='word_1_347' title='bbox 1260 3274 1511 3321; x_wconf 89' lang='lat' dir='ltr'><strong>neutrum</strong></span> <span class='ocrx_word' id='word_1_348' title='bbox 1560 3265 1816 3330; x_wconf 86' lang='lat' dir='ltr'><strong>habebit;</strong></span> <span class='ocrx_word' id='word_1_349' title='bbox 1872 3272 1969 3318; x_wconf 84' lang='lat' dir='ltr'><strong>aut</strong></span> 
     </span>
    </p>
   </div>
   <div class='ocr_carea' id='block_1_51' title="bbox 381 3356 1969 3429">
    <p class='ocr_par' dir='ltr' id='par_1_51' title="bbox 381 3356 1969 3429">
     <span class='ocr_line' id='line_1_51' title="bbox 381 3356 1969 3429; baseline -0.003 -15"><span class='ocrx_word' id='word_1_350' title='bbox 381 3361 595 3429; x_wconf 85' lang='lat' dir='ltr'><strong>uspiam</strong></span> <span class='ocrx_word' id='word_1_351' title='bbox 620 3360 728 3415; x_wconf 91' lang='lat' dir='ltr'><strong>erit</strong></span> <span class='ocrx_word' id='word_1_352' title='bbox 752 3378 769 3415; x_wconf 90' lang='lat'><strong>:</strong></span> <span class='ocrx_word' id='word_1_353' title='bbox 823 3370 880 3413; x_wconf 88' lang='lat' dir='ltr'><strong>at</strong></span> <span class='ocrx_word' id='word_1_354' title='bbox 903 3373 1033 3414; x_wconf 84' lang='lat' dir='ltr'><strong>vero</strong></span> <span class='ocrx_word' id='word_1_355' title='bbox 1062 3372 1185 3428; x_wconf 65' lang='lat' dir='ltr'><strong>qua:</strong></span> <span class='ocrx_word' id='word_1_356' title='bbox 1215 3364 1365 3420; x_wconf 88' lang='lat' dir='ltr'><strong>sunt,</strong></span> <span class='ocrx_word' id='word_1_357' title='bbox 1400 3372 1469 3411; x_wconf 77' lang='lat' dir='ltr'><strong>ex</strong></span> <span class='ocrx_word' id='word_1_358' title='bbox 1510 3356 1623 3411; x_wconf 89' lang='lat' dir='ltr'><strong>Deo</strong></span> <span class='ocrx_word' id='word_1_359' title='bbox 1652 3365 1804 3423; x_wconf 90' lang='lat' dir='ltr'><strong>sunt,</strong></span> <span class='ocrx_word' id='word_1_360' title='bbox 1833 3364 1887 3410; x_wconf 89' lang='lat' dir='ltr'><strong>et</strong></span> <span class='ocrx_word' id='word_1_361' title='bbox 1916 3356 1969 3410; x_wconf 89' lang='lat' dir='ltr'><strong>id</strong></span> 
     </span>
    </p>
   </div>
   <div class='ocr_carea' id='block_1_52' title="bbox 381 3449 1967 3522">
    <p class='ocr_par' dir='ltr' id='par_1_52' title="bbox 381 3449 1967 3522">
     <span class='ocr_line' id='line_1_52' title="bbox 381 3449 1967 3522; baseline -0.001 -17"><span class='ocrx_word' id='word_1_362' title='bbox 381 3453 586 3522; x_wconf 84' lang='lat' dir='ltr'><strong>ipsum,</strong></span> <span class='ocrx_word' id='word_1_363' title='bbox 614 3454 819 3522; x_wconf 90' lang='lat' dir='ltr'><strong>quippe</strong></span> <span class='ocrx_word' id='word_1_364' title='bbox 839 3468 908 3506; x_wconf 80' lang='lat' dir='ltr'><strong>ex</strong></span> <span class='ocrx_word' id='word_1_365' title='bbox 942 3451 1073 3516; x_wconf 90' lang='lat' dir='ltr'><strong>Deo,</strong></span> <span class='ocrx_word' id='word_1_366' title='bbox 1107 3452 1308 3506; x_wconf 91' lang='lat' dir='ltr'><strong>bonum</strong></span> <span class='ocrx_word' id='word_1_367' title='bbox 1331 3458 1433 3505; x_wconf 87' lang='lat' dir='ltr'><strong>est.</strong></span> <span class='ocrx_word' id='word_1_368' title='bbox 1462 3449 1611 3504; x_wconf 87' lang='lat' dir='ltr'><strong>Alias</strong></span> <span class='ocrx_word' id='word_1_369' title='bbox 1640 3457 1820 3503; x_wconf 90' lang='lat' dir='ltr'><strong>autem</strong></span> <span class='ocrx_word' id='word_1_370' title='bbox 1844 3463 1967 3503; x_wconf 91' lang='lat' dir='ltr'><strong>cum</strong></span> 
     </span>
    </p>
   </div>
   <div class='ocr_carea' id='block_1_53' title="bbox 379 3540 1971 3611">
    <p class='ocr_par' dir='ltr' id='par_1_53' title="bbox 379 3540 1971 3611">
     <span class='ocr_line' id='line_1_53' title="bbox 379 3540 1971 3611; baseline -0.002 -13"><span class='ocrx_word' id='word_1_371' title='bbox 379 3544 488 3599; x_wconf 84' lang='lat' dir='ltr'><strong>duo</strong></span> <span class='ocrx_word' id='word_1_372' title='bbox 522 3543 654 3608; x_wconf 85' lang='lat' dir='ltr'><strong>sint,</strong></span> <span class='ocrx_word' id='word_1_373' title='bbox 694 3544 836 3599; x_wconf 90' lang='lat' dir='ltr'><strong>Deus</strong></span> <span class='ocrx_word' id='word_1_374' title='bbox 861 3553 919 3597; x_wconf 91' lang='lat' dir='ltr'><strong>et</strong></span> <span class='ocrx_word' id='word_1_375' title='bbox 957 3542 1212 3605; x_wconf 87' lang='lat' dir='ltr'><strong>materia,</strong></span> <span class='ocrx_word' id='word_1_376' title='bbox 1244 3541 1289 3595; x_wconf 92' lang='lat' dir='ltr'><strong>si</strong></span> <span class='ocrx_word' id='word_1_377' title='bbox 1338 3540 1572 3596; x_wconf 91' lang='lat' dir='ltr'><strong>alterum</strong></span> <span class='ocrx_word' id='word_1_378' title='bbox 1632 3550 1971 3611; x_wconf 85' lang='lat' dir='ltr'><strong>supponatur</strong></span> 
     </span>
    </p>
   </div>
   <div class='ocr_carea' id='block_1_54' title="bbox 383 3631 1971 3703">
    <p class='ocr_par' dir='ltr' id='par_1_54' title="bbox 383 3631 1971 3703">
     <span class='ocr_line' id='line_1_54' title="bbox 383 3631 1971 3703; baseline -0.001 -14"><span class='ocrx_word' id='word_1_379' title='bbox 383 3635 608 3699; x_wconf 86' lang='lat' dir='ltr'><strong>bonum,</strong></span> <span class='ocrx_word' id='word_1_380' title='bbox 636 3633 867 3689; x_wconf 90' lang='lat' dir='ltr'><strong>alterum</strong></span> <span class='ocrx_word' id='word_1_381' title='bbox 910 3648 1043 3688; x_wconf 83' lang='lat' dir='ltr'><strong>vero</strong></span> <span class='ocrx_word' id='word_1_382' title='bbox 1072 3632 1301 3697; x_wconf 84' lang='lat' dir='ltr'><strong>malum,</strong></span> <span class='ocrx_word' id='word_1_383' title='bbox 1351 3632 1634 3703; x_wconf 79' lang='lat' dir='ltr'><strong>continget</strong></span> <span class='ocrx_word' id='word_1_384' title='bbox 1662 3641 1721 3686; x_wconf 93' lang='lat' dir='ltr'><strong>ut</strong></span> <span class='ocrx_word' id='word_1_385' title='bbox 1741 3631 1825 3685; x_wconf 85' lang='lat' dir='ltr'><strong>vel</strong></span> <span class='ocrx_word' id='word_1_386' title='bbox 1875 3634 1971 3688; x_wconf 77' lang='lat' dir='ltr'><strong>bo-</strong></span> 
     </span>
    </p>
   </div>
   <div class='ocr_carea' id='block_1_55' title="bbox 380 3724 1967 3793">
    <p class='ocr_par' dir='ltr' id='par_1_55' title="bbox 380 3724 1967 3793">
     <span class='ocr_line' id='line_1_55' title="bbox 380 3724 1967 3793; baseline -0.001 -14"><span class='ocrx_word' id='word_1_387' title='bbox 380 3742 511 3781; x_wconf 82' lang='lat' dir='ltr'><strong>nunt</strong></span> <span class='ocrx_word' id='word_1_388' title='bbox 550 3726 751 3781; x_wconf 91' lang='lat' dir='ltr'><strong>malum</strong></span> <span class='ocrx_word' id='word_1_389' title='bbox 784 3727 971 3793; x_wconf 83' lang='lat' dir='ltr'><strong>faciat,</strong></span> <span class='ocrx_word' id='word_1_390' title='bbox 1019 3724 1104 3780; x_wconf 71' lang='lat' dir='ltr'><strong>vel</strong></span> <span class='ocrx_word' id='word_1_391' title='bbox 1135 3734 1287 3780; x_wconf 88' lang='lat' dir='ltr'><strong>certe</strong></span> <span class='ocrx_word' id='word_1_392' title='bbox 1323 3724 1551 3791; x_wconf 88' lang='lat' dir='ltr'><strong>malum,</strong></span> <span class='ocrx_word' id='word_1_393' title='bbox 1584 3733 1854 3792; x_wconf 87' lang='lat' dir='ltr'><strong>quatenus</strong></span> <span class='ocrx_word' id='word_1_394' title='bbox 1899 3738 1967 3778; x_wconf 81' lang='lat' dir='ltr'><strong>ex</strong></span> 
     </span>
    </p>
   </div>
   <div class='ocr_carea' id='block_1_56' title="bbox 380 3815 1965 3883">
    <p class='ocr_par' dir='ltr' id='par_1_56' title="bbox 380 3815 1965 3883">
     <span class='ocr_line' id='line_1_56' title="bbox 380 3815 1965 3883; baseline -0.001 -11"><span class='ocrx_word' id='word_1_395' title='bbox 380 3817 533 3872; x_wconf 85' lang='lat' dir='ltr'><strong>bono</strong></span> <span class='ocrx_word' id='word_1_396' title='bbox 554 3826 659 3883; x_wconf 88' lang='lat' dir='ltr'><strong>est,</strong></span> <span class='ocrx_word' id='word_1_397' title='bbox 687 3817 928 3883; x_wconf 89' lang='lat' dir='ltr'><strong>bonum;</strong></span> <span class='ocrx_word' id='word_1_398' title='bbox 963 3816 1047 3872; x_wconf 81' lang='lat' dir='ltr'><strong>vel</strong></span> <span class='ocrx_word' id='word_1_399' title='bbox 1076 3830 1108 3871; x_wconf 87' lang='lat' dir='ltr'><strong>e</strong></span> <span class='ocrx_word' id='word_1_400' title='bbox 1133 3815 1375 3881; x_wconf 80' lang='lat' dir='ltr'><strong>diverso,</strong></span> <span class='ocrx_word' id='word_1_401' title='bbox 1415 3825 1473 3870; x_wconf 89' lang='lat' dir='ltr'><strong>ut</strong></span> <span class='ocrx_word' id='word_1_402' title='bbox 1523 3815 1727 3870; x_wconf 90' lang='lat' dir='ltr'><strong>malum</strong></span> <span class='ocrx_word' id='word_1_403' title='bbox 1765 3817 1965 3870; x_wconf 84' lang='lat' dir='ltr'><strong>bonum</strong></span> 
     </span>
    </p>
   </div>
   <div class='ocr_carea' id='block_1_57' title="bbox 378 3906 1965 3977">
    <p class='ocr_par' dir='ltr' id='par_1_57' title="bbox 378 3906 1965 3977">
     <span class='ocr_line' id='line_1_57' title="bbox 378 3906 1965 3977; baseline 0.001 -16"><span class='ocrx_word' id='word_1_404' title='bbox 378 3910 612 3977; x_wconf 86' lang='lat' dir='ltr'><strong>elliciat;</strong></span> <span class='ocrx_word' id='word_1_405' title='bbox 643 3916 728 3965; x_wconf 75' lang='lat' dir='ltr'><strong>vel</strong></span> <span class='ocrx_word' id='word_1_406' title='bbox 766 3911 991 3974; x_wconf 88' lang='lat' dir='ltr'><strong>bonum,</strong></span> <span class='ocrx_word' id='word_1_407' title='bbox 1033 3916 1308 3977; x_wconf 88' lang='lat' dir='ltr'><strong>quatenus</strong></span> <span class='ocrx_word' id='word_1_408' title='bbox 1336 3921 1403 3961; x_wconf 82' lang='lat' dir='ltr'><strong>ex</strong></span> <span class='ocrx_word' id='word_1_409' title='bbox 1436 3906 1580 3961; x_wconf 93' lang='lat' dir='ltr'><strong>malo</strong></span> <span class='ocrx_word' id='word_1_410' title='bbox 1606 3915 1708 3972; x_wconf 89' lang='lat' dir='ltr'><strong>est,</strong></span> <span class='ocrx_word' id='word_1_411' title='bbox 1740 3906 1965 3963; x_wconf 86' lang='lat' dir='ltr'><strong>malum.</strong></span> 
     </span>
    </p>
   </div>
   <div class='ocr_carea' id='block_1_58' title="bbox 379 3998 1969 4068">
    <p class='ocr_par' dir='ltr' id='par_1_58' title="bbox 379 3998 1969 4068">
     <span class='ocr_line' id='line_1_58' title="bbox 379 3998 1969 4068; baseline -0.002 -12"><span class='ocrx_word' id='word_1_412' title='bbox 379 4000 436 4056; x_wconf 88' lang='lat' dir='ltr'><strong>Si</strong></span> <span class='ocrx_word' id='word_1_413' title='bbox 467 4016 574 4055; x_wconf 94' lang='lat' dir='ltr'><strong>non</strong></span> <span class='ocrx_word' id='word_1_414' title='bbox 601 4001 696 4055; x_wconf 87' lang='lat' dir='ltr'><strong>fiat</strong></span> <span class='ocrx_word' id='word_1_415' title='bbox 720 4000 956 4056; x_wconf 88' lang='lat' dir='ltr'><strong>alterum</strong></span> <span class='ocrx_word' id='word_1_416' title='bbox 1002 4014 1073 4054; x_wconf 82' lang='lat' dir='ltr'><strong>ex</strong></span> <span class='ocrx_word' id='word_1_417' title='bbox 1122 3998 1326 4064; x_wconf 87' lang='lat' dir='ltr'><strong>altero,</strong></span> <span class='ocrx_word' id='word_1_418' title='bbox 1372 4000 1624 4068; x_wconf 88' lang='lat' dir='ltr'><strong>sequitur</strong></span> <span class='ocrx_word' id='word_1_419' title='bbox 1646 3999 1814 4052; x_wconf 90' lang='lat' dir='ltr'><strong>etiam</strong></span> <span class='ocrx_word' id='word_1_420' title='bbox 1860 4000 1969 4054; x_wconf 84' lang='lat' dir='ltr'><strong>duo</strong></span> 
     </span>
    </p>
   </div>
   <div class='ocr_carea' id='block_1_59' title="bbox 378 4090 1966 4165">
    <p class='ocr_par' dir='ltr' id='par_1_59' title="bbox 378 4090 1966 4165">
     <span class='ocr_line' id='line_1_59' title="bbox 378 4090 1966 4165; baseline -0.002 -16"><span class='ocrx_word' id='word_1_421' title='bbox 378 4109 502 4149; x_wconf 87' lang='lat' dir='ltr'><strong>esse</strong></span> <span class='ocrx_word' id='word_1_422' title='bbox 541 4094 841 4165; x_wconf 84' lang='lat' dir='ltr'><strong>principia,</strong></span> <span class='ocrx_word' id='word_1_423' title='bbox 873 4094 1020 4162; x_wconf 89' lang='lat' dir='ltr'><strong>quod</strong></span> <span class='ocrx_word' id='word_1_424' title='bbox 1052 4092 1201 4148; x_wconf 89' lang='lat' dir='ltr'><strong>dictu</strong></span> <span class='ocrx_word' id='word_1_425' title='bbox 1230 4090 1407 4148; x_wconf 82' lang='lat' dir='ltr'><strong>nefas.</strong></span> <span class='ocrx_word' id='word_1_426' title='bbox 1444 4092 1568 4145; x_wconf 70' lang='lat' dir='ltr'><strong>llaec</strong></span> <span class='ocrx_word' id='word_1_427' title='bbox 1612 4105 1742 4146; x_wconf 79' lang='lat' dir='ltr'><strong>vero</strong></span> <span class='ocrx_word' id='word_1_428' title='bbox 1770 4105 1966 4146; x_wconf 85' lang='lat' dir='ltr'><strong>neces-</strong></span> 
     </span>
    </p>
   </div>
   <div class='ocr_carea' id='block_1_60' title="bbox 379 4182 1965 4254">
    <p class='ocr_par' dir='ltr' id='par_1_60' title="bbox 379 4182 1965 4254">
     <span class='ocr_line' id='line_1_60' title="bbox 379 4182 1965 4254; baseline 0 -15"><span class='ocrx_word' id='word_1_429' title='bbox 379 4185 529 4240; x_wconf 87' lang='lat' dir='ltr'><strong>sario</strong></span> <span class='ocrx_word' id='word_1_430' title='bbox 557 4186 762 4240; x_wconf 89' lang='lat' dir='ltr'><strong>iterum</strong></span> <span class='ocrx_word' id='word_1_431' title='bbox 793 4187 859 4239; x_wconf 89' lang='lat' dir='ltr'><strong>ad</strong></span> <span class='ocrx_word' id='word_1_432' title='bbox 882 4200 1049 4240; x_wconf 89' lang='lat' dir='ltr'><strong>unum</strong></span> <span class='ocrx_word' id='word_1_433' title='bbox 1096 4186 1229 4254; x_wconf 93' lang='lat' dir='ltr'><strong>quid</strong></span> <span class='ocrx_word' id='word_1_434' title='bbox 1254 4193 1417 4241; x_wconf 87' lang='lat' dir='ltr'><strong>erunt</strong></span> <span class='ocrx_word' id='word_1_435' title='bbox 1469 4182 1809 4249; x_wconf 88' lang='lat' dir='ltr'><strong>reducenda,</strong></span> <span class='ocrx_word' id='word_1_436' title='bbox 1836 4184 1965 4253; x_wconf 88' lang='lat' dir='ltr'><strong>quia</strong></span> 
     </span>
    </p>
   </div>
   <div class='ocr_carea' id='block_1_61' title="bbox 377 4275 1968 4348">
    <p class='ocr_par' dir='ltr' id='par_1_61' title="bbox 377 4275 1968 4348">
     <span class='ocr_line' id='line_1_61' title="bbox 377 4275 1968 4348; baseline 0 -16"><span class='ocrx_word' id='word_1_437' title='bbox 377 4279 710 4348; x_wconf 82' lang='lat' dir='ltr'><strong>principium</strong></span> <span class='ocrx_word' id='word_1_438' title='bbox 745 4286 832 4333; x_wconf 88' lang='lat' dir='ltr'><strong>est</strong></span> <span class='ocrx_word' id='word_1_439' title='bbox 860 4280 1065 4342; x_wconf 89' lang='lat' dir='ltr'><strong>unitas,</strong></span> <span class='ocrx_word' id='word_1_440' title='bbox 1097 4293 1206 4333; x_wconf 90' lang='lat' dir='ltr'><strong>non</strong></span> <span class='ocrx_word' id='word_1_441' title='bbox 1245 4278 1504 4333; x_wconf 83' lang='lat' dir='ltr'><strong>dualitas.</strong></span> <span class='ocrx_word' id='word_1_442' title='bbox 1549 4275 1618 4330; x_wconf 80' lang='lat' dir='ltr'><strong>Et</strong></span> <span class='ocrx_word' id='word_1_443' title='bbox 1646 4277 1750 4331; x_wconf 90' lang='lat' dir='ltr'><strong>hoc</strong></span> <span class='ocrx_word' id='word_1_444' title='bbox 1778 4277 1968 4346; x_wconf 88' lang='lat' dir='ltr'><strong>quale-</strong></span> 
     </span>
    </p>
   </div>
   <div class='ocr_carea' id='block_1_62' title="bbox 380 4366 1961 4438">
    <p class='ocr_par' dir='ltr' id='par_1_62' title="bbox 380 4366 1961 4438">
     <span class='ocr_line' id='line_1_62' title="bbox 380 4366 1961 4438; baseline -0.003 -14"><span class='ocrx_word' id='word_1_445' title='bbox 380 4384 599 4438; x_wconf 85' lang='lat' dir='ltr'><strong>cunque</strong></span> <span class='ocrx_word' id='word_1_446' title='bbox 637 4370 860 4424; x_wconf 86' lang='lat' dir='ltr'><strong>tandem</strong></span> <span class='ocrx_word' id='word_1_447' title='bbox 915 4370 1009 4437; x_wconf 88' lang='lat' dir='ltr'><strong>sit,</strong></span> <span class='ocrx_word' id='word_1_448' title='bbox 1040 4370 1231 4424; x_wconf 86' lang='lat' dir='ltr'><strong>eadem</strong></span> <span class='ocrx_word' id='word_1_449' title='bbox 1285 4368 1483 4424; x_wconf 85' lang='lat' dir='ltr'><strong>lterum</strong></span> <span class='ocrx_word' id='word_1_450' title='bbox 1516 4366 1749 4429; x_wconf 87' lang='lat' dir='ltr'><strong>dicenda</strong></span> <span class='ocrx_word' id='word_1_451' title='bbox 1772 4376 1961 4434; x_wconf 86' lang='lat' dir='ltr'><strong>erunt;</strong></span> 
     </span>
    </p>
   </div>
   <div class='ocr_carea' id='block_1_63' title="bbox 2064 1875 3673 1947">
    <p class='ocr_par' dir='ltr' id='par_1_63' title="bbox 2064 1875 3673 1947">
     <span class='ocr_line' id='line_1_63' title="bbox 2064 1875 3673 1947; baseline -0.002 -18"><span class='ocrx_word' id='word_1_452' title='bbox 2064 1875 2259 1940; x_wconf 79' lang='grc' dir='ltr'>εἴδους,</span> <span class='ocrx_word' id='word_1_453' title='bbox 2292 1878 2496 1947; x_wconf 85' lang='grc' dir='ltr'>κόσμου</span> <span class='ocrx_word' id='word_1_454' title='bbox 2531 1876 2747 1946; x_wconf 75' lang='grc' dir='ltr'><strong>μετέχει</strong></span> <span class='ocrx_word' id='word_1_455' title='bbox 2776 1877 2871 1929; x_wconf 67' lang='grc' dir='ltr'>καὶ</span> <span class='ocrx_word' id='word_1_456' title='bbox 2898 1876 3178 1947; x_wconf 82' lang='grc' dir='ltr'>καλλονῆς.</span> <span class='ocrx_word' id='word_1_457' title='bbox 3210 1878 3273 1929; x_wconf 83' lang='lat' dir='ltr'><strong>EI</strong></span> <span class='ocrx_word' id='word_1_458' title='bbox 3295 1876 3357 1928; x_wconf 82' lang='grc' dir='ltr'>δὲ</span> <span class='ocrx_word' id='word_1_459' title='bbox 3397 1876 3533 1929; x_wconf 76' lang='grc' dir='ltr'>καθ’</span> <span class='ocrx_word' id='word_1_460' title='bbox 3556 1878 3673 1928; x_wconf 67' lang='grc' dir='ltr'><strong>ἐαυ-</strong></span> 
     </span>
    </p>
   </div>
   <div class='ocr_carea' id='block_1_64' title="bbox 2052 1966 3669 2037">
    <p class='ocr_par' dir='ltr' id='par_1_64' title="bbox 2052 1966 3669 2037">
     <span class='ocr_line' id='line_1_64' title="bbox 2052 1966 3669 2037; baseline 0.001 -21"><span class='ocrx_word' id='word_1_461' title='bbox 2052 1967 2164 2037; x_wconf 47' lang='grc' dir='ltr'>ητὴν</span> <span class='ocrx_word' id='word_1_462' title='bbox 2215 1968 2498 2037; x_wconf 85' lang='grc' dir='ltr'>νοήσωμεν</span> <span class='ocrx_word' id='word_1_463' title='bbox 2543 1966 2747 2036; x_wconf 85' lang='grc' dir='ltr'>ταύτην</span> <span class='ocrx_word' id='word_1_464' title='bbox 2781 1966 3040 2027; x_wconf 83' lang='grc' dir='ltr'>ἀνείδεον,</span> <span class='ocrx_word' id='word_1_465' title='bbox 3093 1966 3260 2036; x_wconf 79' lang='grc' dir='ltr'>μηδὲν</span> <span class='ocrx_word' id='word_1_466' title='bbox 3293 1966 3602 2019; x_wconf 73' lang='grc' dir='ltr'>παθοῦσαν</span> <span class='ocrx_word' id='word_1_467' title='bbox 3641 1967 3669 2032; x_wconf 80' lang='grc' dir='ltr'><strong>ἧ</strong></span> 
     </span>
    </p>
   </div>
   <div class='ocr_carea' id='block_1_65' title="bbox 2067 2056 3669 2127">
    <p class='ocr_par' dir='ltr' id='par_1_65' title="bbox 2067 2056 3669 2127">
     <span class='ocr_line' id='line_1_65' title="bbox 2067 2056 3669 2127; baseline -0.002 -18"><span class='ocrx_word' id='word_1_468' title='bbox 2067 2056 2405 2127; x_wconf 80' lang='grc' dir='ltr'>πάσχουσαν,</span> <span class='ocrx_word' id='word_1_469' title='bbox 2440 2058 2557 2121; x_wconf 83' lang='grc' dir='ltr'><strong>πῶς</strong></span> <span class='ocrx_word' id='word_1_470' title='bbox 2592 2056 2791 2127; x_wconf 79' lang='grc' dir='ltr'>δυνατή</span> <span class='ocrx_word' id='word_1_471' title='bbox 2816 2058 2963 2109; x_wconf 80' lang='grc' dir='ltr'>ἐστιν</span> <span class='ocrx_word' id='word_1_472' title='bbox 2984 2059 3017 2127; x_wconf 80' lang='grc' dir='ltr'><strong>ἡ</strong></span> <span class='ocrx_word' id='word_1_473' title='bbox 3051 2056 3149 2125; x_wconf 85' lang='grc' dir='ltr'><strong>ὕλη</strong></span> <span class='ocrx_word' id='word_1_474' title='bbox 3178 2059 3359 2109; x_wconf 80' lang='grc' dir='ltr'>ποιεῖν</span> <span class='ocrx_word' id='word_1_475' title='bbox 3394 2059 3578 2110; x_wconf 74' lang='grc' dir='ltr'>κακόν</span> <span class='ocrx_word' id='word_1_476' title='bbox 3604 2074 3669 2113; x_wconf 76' lang='grc' dir='ltr'><strong>τι,</strong></span> 
     </span>
    </p>
   </div>
   <div class='ocr_carea' id='block_1_66' title="bbox 2067 2147 3671 2220">
    <p class='ocr_par' dir='ltr' id='par_1_66' title="bbox 2067 2147 3671 2220">
     <span class='ocr_line' id='line_1_66' title="bbox 2067 2147 3671 2220; baseline -0.002 -18"><span class='ocrx_word' id='word_1_477' title='bbox 2067 2150 2102 2219; x_wconf 85' lang='grc' dir='ltr'>ἠ</span> <span class='ocrx_word' id='word_1_478' title='bbox 2146 2148 2280 2220; x_wconf 79' lang='grc' dir='ltr'>μηδὲ</span> <span class='ocrx_word' id='word_1_479' title='bbox 2301 2148 2361 2202; x_wconf 81' lang='grc' dir='ltr'>τὸ</span> <span class='ocrx_word' id='word_1_480' title='bbox 2388 2149 2616 2218; x_wconf 82' lang='grc' dir='ltr'>πάσχειν</span> <span class='ocrx_word' id='word_1_481' title='bbox 2648 2147 2877 2218; x_wconf 79' lang='grc' dir='ltr'>ἐχουσα;</span> <span class='ocrx_word' id='word_1_482' title='bbox 2909 2148 3044 2200; x_wconf 84' lang='grc' dir='ltr'>Εἰδὲ</span> <span class='ocrx_word' id='word_1_483' title='bbox 3070 2148 3165 2201; x_wconf 79' lang='grc' dir='ltr'>καὶ</span> <span class='ocrx_word' id='word_1_484' title='bbox 3192 2148 3255 2200; x_wconf 84' lang='grc' dir='ltr'>τὸ</span> <span class='ocrx_word' id='word_1_485' title='bbox 3288 2148 3484 2207; x_wconf 81' lang='grc' dir='ltr'>Θεῑον,</span> <span class='ocrx_word' id='word_1_486' title='bbox 3513 2149 3671 2219; x_wconf 74' lang='grc' dir='ltr'>μηδὲν</span> 
     </span>
    </p>
   </div>
   <div class='ocr_carea' id='block_1_67' title="bbox 2069 2239 3673 2313">
    <p class='ocr_par' dir='ltr' id='par_1_67' title="bbox 2069 2239 3673 2313">
     <span class='ocr_line' id='line_1_67' title="bbox 2069 2239 3673 2313; baseline -0.002 -19"><span class='ocrx_word' id='word_1_487' title='bbox 2069 2240 2299 2311; x_wconf 82' lang='grc' dir='ltr'>πάσχειν</span> <span class='ocrx_word' id='word_1_488' title='bbox 2348 2240 2490 2310; x_wconf 72' lang='grc' dir='ltr'>ἕχον,</span> <span class='ocrx_word' id='word_1_489' title='bbox 2550 2241 2726 2294; x_wconf 86' lang='grc' dir='ltr'>πάντα</span> <span class='ocrx_word' id='word_1_490' title='bbox 2759 2242 2920 2304; x_wconf 85' lang='grc' dir='ltr'>ποιεί,</span> <span class='ocrx_word' id='word_1_491' title='bbox 2952 2239 3066 2292; x_wconf 77' lang='grc' dir='ltr'>ἀλλ’</span> <span class='ocrx_word' id='word_1_492' title='bbox 3090 2242 3269 2293; x_wconf 81' lang='grc' dir='ltr'>ἐκεῖνο</span> <span class='ocrx_word' id='word_1_493' title='bbox 3319 2239 3673 2313; x_wconf 72' lang='grc' dir='ltr'><strong>ἐξῃρημένον</strong></span> 
     </span>
    </p>
   </div>
   <div class='ocr_carea' id='block_1_68' title="bbox 2068 2330 3670 2402">
    <p class='ocr_par' dir='ltr' id='par_1_68' title="bbox 2068 2330 3670 2402">
     <span class='ocr_line' id='line_1_68' title="bbox 2068 2330 3670 2402; baseline -0.001 -17"><span class='ocrx_word' id='word_1_494' title='bbox 2068 2332 2186 2385; x_wconf 76' lang='grc' dir='ltr'>ἐστὶ</span> <span class='ocrx_word' id='word_1_495' title='bbox 2210 2330 2319 2384; x_wconf 89' lang='grc' dir='ltr'><strong>τῶν</strong></span> <span class='ocrx_word' id='word_1_496' title='bbox 2347 2331 2591 2399; x_wconf 74' lang='grc' dir='ltr'>φυσικῶν</span> <span class='ocrx_word' id='word_1_497' title='bbox 2613 2330 3090 2402; x_wconf 81' lang='grc' dir='ltr'>ἀποτελεσμάτων,</span> <span class='ocrx_word' id='word_1_498' title='bbox 3116 2332 3211 2384; x_wconf 74' lang='grc' dir='ltr'>καὶ</span> <span class='ocrx_word' id='word_1_499' title='bbox 3230 2334 3282 2383; x_wconf 79' lang='grc' dir='ltr'><strong>εἰ</strong></span> <span class='ocrx_word' id='word_1_500' title='bbox 3301 2331 3515 2391; x_wconf 75' lang='grc' dir='ltr'>αἴτιον,</span> <span class='ocrx_word' id='word_1_501' title='bbox 3541 2333 3670 2384; x_wconf 70' lang='grc' dir='ltr'>ἀλλὰ</span> 
     </span>
    </p>
   </div>
   <div class='ocr_carea' id='block_1_69' title="bbox 2070 2416 3671 2490">
    <p class='ocr_par' dir='ltr' id='par_1_69' title="bbox 2070 2416 3671 2490">
     <span class='ocr_line' id='line_1_69' title="bbox 2070 2416 3671 2490; baseline 0 -20"><span class='ocrx_word' id='word_1_502' title='bbox 2070 2417 2375 2489; x_wconf 77' lang='grc' dir='ltr'>ποιητικόν.</span> <span class='ocrx_word' id='word_1_503' title='bbox 2407 2416 2480 2470; x_wconf 80' lang='grc' dir='ltr'>Τὸ</span> <span class='ocrx_word' id='word_1_504' title='bbox 2508 2417 2565 2472; x_wconf 79' lang='grc' dir='ltr'>δὲ</span> <span class='ocrx_word' id='word_1_505' title='bbox 2587 2420 2773 2473; x_wconf 77' lang='grc' dir='ltr'>ὑλικὸν</span> <span class='ocrx_word' id='word_1_506' title='bbox 2810 2420 3003 2481; x_wconf 78' lang='grc' dir='ltr'>αἴτιον,</span> <span class='ocrx_word' id='word_1_507' title='bbox 3031 2422 3091 2473; x_wconf 79' lang='grc' dir='ltr'>ὲν</span> <span class='ocrx_word' id='word_1_508' title='bbox 3108 2422 3221 2483; x_wconf 82' lang='grc' dir='ltr'>τοῖς</span> <span class='ocrx_word' id='word_1_509' title='bbox 3247 2420 3671 2490; x_wconf 74' lang='grc' dir='ltr'>ἀποτελέσμασι</span> 
     </span>
    </p>
   </div>
   <div class='ocr_carea' id='block_1_70' title="bbox 2070 2508 3672 2583">
    <p class='ocr_par' dir='ltr' id='par_1_70' title="bbox 2070 2508 3672 2583">
     <span class='ocr_line' id='line_1_70' title="bbox 2070 2508 3672 2583; baseline 0.002 -20"><span class='ocrx_word' id='word_1_510' title='bbox 2070 2510 2315 2581; x_wconf 73' lang='grc' dir='ltr'>πεφυκὸς</span> <span class='ocrx_word' id='word_1_511' title='bbox 2340 2508 2503 2574; x_wconf 85' lang='grc' dir='ltr'>εἶναι,</span> <span class='ocrx_word' id='word_1_512' title='bbox 2526 2512 2585 2564; x_wconf 88' lang='grc' dir='ltr'><strong>οὑ</strong></span> <span class='ocrx_word' id='word_1_513' title='bbox 2611 2512 2799 2583; x_wconf 84' lang='grc' dir='ltr'>δράσει</span> <span class='ocrx_word' id='word_1_514' title='bbox 2834 2512 2963 2565; x_wconf 84' lang='grc' dir='ltr'>ποτὲ</span> <span class='ocrx_word' id='word_1_515' title='bbox 2988 2511 3050 2564; x_wconf 85' lang='grc' dir='ltr'>τὸ</span> <span class='ocrx_word' id='word_1_516' title='bbox 3093 2514 3254 2583; x_wconf 75' lang='grc' dir='ltr'>τυχὸν</span> <span class='ocrx_word' id='word_1_517' title='bbox 3284 2515 3345 2565; x_wconf 87' lang='grc' dir='ltr'>ὲν</span> <span class='ocrx_word' id='word_1_518' title='bbox 3377 2516 3504 2577; x_wconf 74' lang='grc' dir='ltr'>τοῖς</span> <span class='ocrx_word' id='word_1_519' title='bbox 3542 2517 3672 2567; x_wconf 78' lang='grc' dir='ltr'>ἀπο-</span> 
     </span>
    </p>
   </div>
   <div class='ocr_carea' id='block_1_71' title="bbox 2069 2602 3667 2677">
    <p class='ocr_par' dir='ltr' id='par_1_71' title="bbox 2069 2602 3667 2677">
     <span class='ocr_line' id='line_1_71' title="bbox 2069 2602 3667 2677; baseline 0.003 -23"><span class='ocrx_word' id='word_1_520' title='bbox 2069 2602 2419 2672; x_wconf 83' lang='grc' dir='ltr'>τελέσμασιν,</span> <span class='ocrx_word' id='word_1_521' title='bbox 2463 2605 2511 2656; x_wconf 87' lang='grc' dir='ltr'>εί</span> <span class='ocrx_word' id='word_1_522' title='bbox 2555 2605 2628 2675; x_wconf 81' lang='grc' dir='ltr'>μὴ</span> <span class='ocrx_word' id='word_1_523' title='bbox 2656 2605 2817 2657; x_wconf 83' lang='grc' dir='ltr'>πάθοι</span> <span class='ocrx_word' id='word_1_524' title='bbox 2848 2605 3111 2676; x_wconf 81' lang='grc' dir='ltr'>πρότερον</span> <span class='ocrx_word' id='word_1_525' title='bbox 3156 2606 3256 2675; x_wconf 76' lang='grc' dir='ltr'>τὴν</span> <span class='ocrx_word' id='word_1_526' title='bbox 3301 2606 3667 2677; x_wconf 65' lang='grc' dir='ltr'>εἰδοποὶησιν.</span> 
     </span>
    </p>
   </div>
   <div class='ocr_carea' id='block_1_72' title="bbox 2069 2695 3668 2770">
    <p class='ocr_par' dir='ltr' id='par_1_72' title="bbox 2069 2695 3668 2770">
     <span class='ocr_line' id='line_1_72' title="bbox 2069 2695 3668 2770; baseline 0.003 -22"><span class='ocrx_word' id='word_1_527' title='bbox 2069 2695 2255 2749; x_wconf 87' lang='grc' dir='ltr'>Ταῦτα</span> <span class='ocrx_word' id='word_1_528' title='bbox 2271 2696 2325 2749; x_wconf 83' lang='grc' dir='ltr'>δὲ</span> <span class='ocrx_word' id='word_1_529' title='bbox 2354 2697 2530 2751; x_wconf 84' lang='grc' dir='ltr'>πάντα</span> <span class='ocrx_word' id='word_1_530' title='bbox 2559 2696 2706 2766; x_wconf 84' lang='grc' dir='ltr'>λέγει</span> <span class='ocrx_word' id='word_1_531' title='bbox 2749 2699 2777 2750; x_wconf 87' lang='grc' dir='ltr'>ὀ</span> <span class='ocrx_word' id='word_1_532' title='bbox 2802 2700 2974 2766; x_wconf 81' lang='grc' dir='ltr'>ᾶγιος,</span> <span class='ocrx_word' id='word_1_533' title='bbox 3009 2698 3194 2770; x_wconf 73' lang='grc' dir='ltr'>ἐπειδή</span> <span class='ocrx_word' id='word_1_534' title='bbox 3225 2717 3377 2762; x_wconf 86' lang='grc' dir='ltr'>τινες</span> <span class='ocrx_word' id='word_1_535' title='bbox 3418 2702 3538 2753; x_wconf 82' lang='grc' dir='ltr'><strong>τῶν</strong></span> <span class='ocrx_word' id='word_1_536' title='bbox 3594 2720 3668 2769; x_wconf 70' lang='grc' dir='ltr'>φι-</span> 
     </span>
    </p>
   </div>
   <div class='ocr_carea' id='block_1_73' title="bbox 2069 2785 3669 2862">
    <p class='ocr_par' dir='ltr' id='par_1_73' title="bbox 2069 2785 3669 2862">
     <span class='ocr_line' id='line_1_73' title="bbox 2069 2785 3669 2862; baseline 0 -24"><span class='ocrx_word' id='word_1_537' title='bbox 2069 2785 2313 2855; x_wconf 77' lang='grc' dir='ltr'>λοσόφων</span> <span class='ocrx_word' id='word_1_538' title='bbox 2333 2790 2397 2840; x_wconf 83' lang='grc' dir='ltr'>ὲκ</span> <span class='ocrx_word' id='word_1_539' title='bbox 2420 2786 2513 2841; x_wconf 88' lang='grc' dir='ltr'><strong>τοῦ</strong></span> <span class='ocrx_word' id='word_1_540' title='bbox 2558 2787 2753 2856; x_wconf 79' lang='grc' dir='ltr'>ἀλόγου</span> <span class='ocrx_word' id='word_1_541' title='bbox 2800 2788 2897 2858; x_wconf 84' lang='grc' dir='ltr'>τῆς</span> <span class='ocrx_word' id='word_1_542' title='bbox 2946 2788 3123 2858; x_wconf 70' lang='grc' dir='ltr'>ψυχῆς</span> <span class='ocrx_word' id='word_1_543' title='bbox 3177 2788 3388 2859; x_wconf 80' lang='grc' dir='ltr'>μέρους</span> <span class='ocrx_word' id='word_1_544' title='bbox 3443 2790 3555 2862; x_wconf 69' lang='grc' dir='ltr'>ὕλῃ</span> <span class='ocrx_word' id='word_1_545' title='bbox 3585 2792 3669 2842; x_wconf 73' lang='grc' dir='ltr'>καὶ</span> 
     </span>
    </p>
   </div>
   <div class='ocr_carea' id='block_1_74' title="bbox 2074 2876 3663 2951">
    <p class='ocr_par' dir='ltr' id='par_1_74' title="bbox 2074 2876 3663 2951">
     <span class='ocr_line' id='line_1_74' title="bbox 2074 2876 3663 2951; baseline 0.003 -22"><span class='ocrx_word' id='word_1_546' title='bbox 2074 2876 2286 2947; x_wconf 88' lang='grc' dir='ltr'>σώματι</span> <span class='ocrx_word' id='word_1_547' title='bbox 2337 2877 2983 2949; x_wconf 82' lang='grc' dir='ltr'>μεμιγμένου,ρεποὺσης</span> <span class='ocrx_word' id='word_1_548' title='bbox 3020 2881 3100 2941; x_wconf 86' lang='grc' dir='ltr'><strong>είς</strong></span> <span class='ocrx_word' id='word_1_549' title='bbox 3136 2879 3298 2931; x_wconf 85' lang='grc' dir='ltr'>τοῦτο</span> <span class='ocrx_word' id='word_1_550' title='bbox 3336 2881 3447 2949; x_wconf 81' lang='grc' dir='ltr'><strong>τῆς</strong></span> <span class='ocrx_word' id='word_1_551' title='bbox 3470 2882 3663 2951; x_wconf 73' lang='grc' dir='ltr'>ψυχῆς,</span> 
     </span>
    </p>
   </div>
   <div class='ocr_carea' id='block_1_75' title="bbox 2068 2967 3667 3041">
    <p class='ocr_par' dir='ltr' id='par_1_75' title="bbox 2068 2967 3667 3041">
     <span class='ocr_line' id='line_1_75' title="bbox 2068 2967 3667 3041; baseline 0 -20"><span class='ocrx_word' id='word_1_552' title='bbox 2068 2968 2137 3021; x_wconf 83' lang='grc' dir='ltr'><strong>τά</strong></span> <span class='ocrx_word' id='word_1_553' title='bbox 2164 2969 2311 3022; x_wconf 84' lang='grc' dir='ltr'><strong>κακά</strong></span> <span class='ocrx_word' id='word_1_554' title='bbox 2359 2968 2625 3037; x_wconf 81' lang='grc' dir='ltr'>γίνεσθαι.</span> <span class='ocrx_word' id='word_1_555' title='bbox 2657 2969 2825 3023; x_wconf 89' lang='grc' dir='ltr'>Πάλιν</span> <span class='ocrx_word' id='word_1_556' title='bbox 2852 2970 2979 3041; x_wconf 71' lang='grc' dir='ltr'>περὶ</span> <span class='ocrx_word' id='word_1_557' title='bbox 3008 2969 3107 3039; x_wconf 86' lang='grc' dir='ltr'>τῆς</span> <span class='ocrx_word' id='word_1_558' title='bbox 3133 2967 3267 3040; x_wconf 88' lang='grc' dir='ltr'>ὕλης</span> <span class='ocrx_word' id='word_1_559' title='bbox 3302 2971 3551 3040; x_wconf 81' lang='grc' dir='ltr'>μάχεται</span> <span class='ocrx_word' id='word_1_560' title='bbox 3584 2974 3667 3022; x_wconf 68' lang='grc' dir='ltr'>καὶ</span> 
     </span>
    </p>
   </div>
   <div class='ocr_carea' id='block_1_76' title="bbox 2074 3059 3665 3131">
    <p class='ocr_par' dir='ltr' id='par_1_76' title="bbox 2074 3059 3665 3131">
     <span class='ocr_line' id='line_1_76' title="bbox 2074 3059 3665 3131; baseline 0.002 -19"><span class='ocrx_word' id='word_1_561' title='bbox 2074 3061 2307 3113; x_wconf 86' lang='grc' dir='ltr'>ποιεῖται</span> <span class='ocrx_word' id='word_1_562' title='bbox 2333 3059 2425 3113; x_wconf 81' lang='grc' dir='ltr'>τὸν</span> <span class='ocrx_word' id='word_1_563' title='bbox 2466 3059 2623 3127; x_wconf 85' lang='grc' dir='ltr'>λόγον</span> <span class='ocrx_word' id='word_1_564' title='bbox 2668 3061 2733 3112; x_wconf 78' lang='grc' dir='ltr'>ἐκ</span> <span class='ocrx_word' id='word_1_565' title='bbox 2782 3059 3116 3130; x_wconf 77' lang='grc' dir='ltr'>διαιρέσεως.</span> <span class='ocrx_word' id='word_1_566' title='bbox 3162 3061 3233 3113; x_wconf 88' lang='grc' dir='ltr'><strong>Ἦ</strong></span> <span class='ocrx_word' id='word_1_567' title='bbox 3276 3060 3416 3129; x_wconf 87' lang='grc' dir='ltr'>γοῦν</span> <span class='ocrx_word' id='word_1_568' title='bbox 3461 3062 3665 3131; x_wconf 73' lang='grc' dir='ltr'>οὐδαμῆ</span> 
     </span>
    </p>
   </div>
   <div class='ocr_carea' id='block_1_77' title="bbox 2072 3151 3666 3223">
    <p class='ocr_par' dir='ltr' id='par_1_77' title="bbox 2072 3151 3666 3223">
     <span class='ocr_line' id='line_1_77' title="bbox 2072 3151 3666 3223; baseline -0.006 -18"><span class='ocrx_word' id='word_1_569' title='bbox 2072 3152 2323 3223; x_wconf 74' lang='grc' dir='ltr'>οὐδαμῶς</span> <span class='ocrx_word' id='word_1_570' title='bbox 2353 3153 2490 3215; x_wconf 80' lang='grc' dir='ltr'>ἐστι,</span> <span class='ocrx_word' id='word_1_571' title='bbox 2538 3153 2632 3206; x_wconf 72' lang='grc' dir='ltr'>καὶ</span> <span class='ocrx_word' id='word_1_572' title='bbox 2675 3151 2954 3221; x_wconf 83' lang='grc' dir='ltr'>οὐδέτερον</span> <span class='ocrx_word' id='word_1_573' title='bbox 2988 3152 3119 3218; x_wconf 77' lang='grc' dir='ltr'>ἕξει,</span> <span class='ocrx_word' id='word_1_574' title='bbox 3166 3153 3199 3223; x_wconf 86' lang='grc' dir='ltr'><strong>ἢ</strong></span> <span class='ocrx_word' id='word_1_575' title='bbox 3239 3153 3320 3222; x_wconf 80' lang='grc' dir='ltr'><strong>πῆ</strong></span> <span class='ocrx_word' id='word_1_576' title='bbox 3344 3154 3449 3206; x_wconf 78' lang='grc' dir='ltr'>δν·</span> <span class='ocrx_word' id='word_1_577' title='bbox 3497 3156 3570 3206; x_wconf 63' lang='grc' dir='ltr'><strong>τά</strong></span> <span class='ocrx_word' id='word_1_578' title='bbox 3617 3155 3666 3204; x_wconf 68' lang='grc' dir='ltr'><strong>δὲ</strong></span> 
     </span>
    </p>
   </div>
   <div class='ocr_carea' id='block_1_78' title="bbox 2070 3242 3660 3315">
    <p class='ocr_par' dir='ltr' id='par_1_78' title="bbox 2070 3242 3660 3315">
     <span class='ocr_line' id='line_1_78' title="bbox 2070 3242 3660 3315; baseline -0.001 -18"><span class='ocrx_word' id='word_1_579' title='bbox 2070 3246 2199 3298; x_wconf 69' lang='grc' dir='ltr'>ὄντα</span> <span class='ocrx_word' id='word_1_580' title='bbox 2236 3247 2302 3298; x_wconf 82' lang='grc' dir='ltr'>ὲκ</span> <span class='ocrx_word' id='word_1_581' title='bbox 2339 3243 2433 3297; x_wconf 88' lang='grc' dir='ltr'><strong>τοῦ</strong></span> <span class='ocrx_word' id='word_1_582' title='bbox 2466 3244 2623 3308; x_wconf 81' lang='grc' dir='ltr'>Θεοῦ,</span> <span class='ocrx_word' id='word_1_583' title='bbox 2672 3244 2767 3300; x_wconf 77' lang='grc' dir='ltr'>καὶ</span> <span class='ocrx_word' id='word_1_584' title='bbox 2805 3242 2939 3297; x_wconf 85' lang='grc' dir='ltr'>αὑτὸ</span> <span class='ocrx_word' id='word_1_585' title='bbox 2971 3246 3046 3309; x_wconf 84' lang='grc' dir='ltr'>ὠς</span> <span class='ocrx_word' id='word_1_586' title='bbox 3093 3248 3160 3299; x_wconf 87' lang='grc' dir='ltr'>ὲκ</span> <span class='ocrx_word' id='word_1_587' title='bbox 3183 3280 3191 3286; x_wconf 69' lang='grc' dir='ltr'><strong>ι</strong></span> <span class='ocrx_word' id='word_1_588' title='bbox 3214 3246 3380 3309; x_wconf 85' lang='grc' dir='ltr'>Θεοῦ,</span> <span class='ocrx_word' id='word_1_589' title='bbox 3438 3248 3660 3315; x_wconf 72' lang='grc' dir='ltr'>ἀγαθόν.</span> 
     </span>
    </p>
   </div>
   <div class='ocr_carea' id='block_1_79' title="bbox 2076 3335 3666 3409">
    <p class='ocr_par' dir='ltr' id='par_1_79' title="bbox 2076 3335 3666 3409">
     <span class='ocr_line' id='line_1_79' title="bbox 2076 3335 3666 3409; baseline -0.002 -19"><span class='ocrx_word' id='word_1_590' title='bbox 2076 3336 2284 3401; x_wconf 80' lang='grc' dir='ltr'>Ἀλλως</span> <span class='ocrx_word' id='word_1_591' title='bbox 2308 3337 2365 3391; x_wconf 84' lang='grc' dir='ltr'>δὲ</span> <span class='ocrx_word' id='word_1_592' title='bbox 2389 3335 2482 3389; x_wconf 87' lang='grc' dir='ltr'><strong>δὺο</strong></span> <span class='ocrx_word' id='word_1_593' title='bbox 2527 3337 2716 3399; x_wconf 75' lang='grc' dir='ltr'>ὄντων,</span> <span class='ocrx_word' id='word_1_594' title='bbox 2742 3335 2836 3390; x_wconf 89' lang='grc' dir='ltr'><strong>τοῦ</strong></span> <span class='ocrx_word' id='word_1_595' title='bbox 2858 3354 2918 3389; x_wconf 90' lang='grc' dir='ltr'>τε</span> <span class='ocrx_word' id='word_1_596' title='bbox 2946 3336 3081 3389; x_wconf 85' lang='grc' dir='ltr'>Θεοῦ</span> <span class='ocrx_word' id='word_1_597' title='bbox 3123 3338 3217 3389; x_wconf 75' lang='grc' dir='ltr'>καὶ</span> <span class='ocrx_word' id='word_1_598' title='bbox 3246 3338 3348 3407; x_wconf 86' lang='grc' dir='ltr'>τῆς</span> <span class='ocrx_word' id='word_1_599' title='bbox 3386 3338 3553 3409; x_wconf 73' lang='grc' dir='ltr'>ὕλης,</span> <span class='ocrx_word' id='word_1_600' title='bbox 3582 3339 3666 3390; x_wconf 64' lang='grc' dir='ltr'>ἐὰν</span> 
     </span>
    </p>
   </div>
   <div class='ocr_carea' id='block_1_80' title="bbox 2073 3427 3665 3501">
    <p class='ocr_par' dir='ltr' id='par_1_80' title="bbox 2073 3427 3665 3501">
     <span class='ocr_line' id='line_1_80' title="bbox 2073 3427 3665 3501; baseline -0.003 -17"><span class='ocrx_word' id='word_1_601' title='bbox 2073 3431 2303 3501; x_wconf 84' lang='grc' dir='ltr'>θάτερον</span> <span class='ocrx_word' id='word_1_602' title='bbox 2349 3429 2585 3500; x_wconf 78' lang='grc' dir='ltr'>ὑποτεθῇ</span> <span class='ocrx_word' id='word_1_603' title='bbox 2632 3428 2855 3497; x_wconf 76' lang='grc' dir='ltr'>ἀγαθὸν,</span> <span class='ocrx_word' id='word_1_604' title='bbox 2882 3427 3108 3500; x_wconf 86' lang='grc' dir='ltr'>θάτερον</span> <span class='ocrx_word' id='word_1_605' title='bbox 3143 3428 3200 3481; x_wconf 84' lang='grc' dir='ltr'>δὲ</span> <span class='ocrx_word' id='word_1_606' title='bbox 3223 3430 3427 3492; x_wconf 82' lang='grc' dir='ltr'>κακὸν,</span> <span class='ocrx_word' id='word_1_607' title='bbox 3462 3431 3665 3500; x_wconf 69' lang='grc' dir='ltr'>συμϐή-</span> 
     </span>
    </p>
   </div>
   <div class='ocr_carea' id='block_1_81' title="bbox 2074 3518 3664 3591">
    <p class='ocr_par' dir='ltr' id='par_1_81' title="bbox 2074 3518 3664 3591">
     <span class='ocr_line' id='line_1_81' title="bbox 2074 3518 3664 3591; baseline -0.003 -15"><span class='ocrx_word' id='word_1_608' title='bbox 2074 3540 2223 3577; x_wconf 89' lang='grc' dir='ltr'>σεται</span> <span class='ocrx_word' id='word_1_609' title='bbox 2255 3518 2447 3591; x_wconf 80' lang='grc' dir='ltr'>εἶναιῆ</span> <span class='ocrx_word' id='word_1_610' title='bbox 2479 3521 2540 3573; x_wconf 86' lang='grc' dir='ltr'>τὸ</span> <span class='ocrx_word' id='word_1_611' title='bbox 2574 3520 2776 3588; x_wconf 86' lang='grc' dir='ltr'>ἀγαθὸν</span> <span class='ocrx_word' id='word_1_612' title='bbox 2814 3520 2909 3572; x_wconf 85' lang='grc' dir='ltr'><strong>τοῦ</strong></span> <span class='ocrx_word' id='word_1_613' title='bbox 2944 3520 3115 3573; x_wconf 89' lang='grc' dir='ltr'>κακοῦ</span> <span class='ocrx_word' id='word_1_614' title='bbox 3142 3521 3457 3590; x_wconf 78' lang='grc' dir='ltr'>ποιητικὸν,</span> <span class='ocrx_word' id='word_1_615' title='bbox 3486 3523 3521 3591; x_wconf 76' lang='grc' dir='ltr'>ἦ</span> <span class='ocrx_word' id='word_1_616' title='bbox 3544 3522 3664 3573; x_wconf 73' lang='grc' dir='ltr'>αὑτὸ</span> 
     </span>
    </p>
   </div>
   <div class='ocr_carea' id='block_1_82' title="bbox 2070 3611 3664 3683">
    <p class='ocr_par' dir='ltr' id='par_1_82' title="bbox 2070 3611 3664 3683">
     <span class='ocr_line' id='line_1_82' title="bbox 2070 3611 3664 3683; baseline -0.003 -15"><span class='ocrx_word' id='word_1_617' title='bbox 2070 3615 2132 3668; x_wconf 77' lang='grc' dir='ltr'>τὸ</span> <span class='ocrx_word' id='word_1_618' title='bbox 2157 3615 2345 3679; x_wconf 82' lang='grc' dir='ltr'>κακὸν,</span> <span class='ocrx_word' id='word_1_619' title='bbox 2362 3614 2437 3678; x_wconf 85' lang='grc' dir='ltr'>ὼς</span> <span class='ocrx_word' id='word_1_620' title='bbox 2462 3616 2527 3667; x_wconf 83' lang='grc' dir='ltr'>ὲκ</span> <span class='ocrx_word' id='word_1_621' title='bbox 2548 3613 2642 3666; x_wconf 90' lang='grc' dir='ltr'><strong>τοῦ</strong></span> <span class='ocrx_word' id='word_1_622' title='bbox 2664 3612 2870 3681; x_wconf 81' lang='grc' dir='ltr'>ἀγαθοῦ</span> <span class='ocrx_word' id='word_1_623' title='bbox 2898 3612 2976 3678; x_wconf 83' lang='grc' dir='ltr'>ὃν,</span> <span class='ocrx_word' id='word_1_624' title='bbox 3004 3613 3225 3681; x_wconf 77' lang='grc' dir='ltr'>ἀγαθόν’</span> <span class='ocrx_word' id='word_1_625' title='bbox 3252 3614 3285 3683; x_wconf 77' lang='grc' dir='ltr'>ἢ</span> <span class='ocrx_word' id='word_1_626' title='bbox 3320 3611 3664 3668; x_wconf 76' lang='grc' dir='ltr'>ἀνάπαλιντὺ</span> 
     </span>
    </p>
   </div>
   <div class='ocr_carea' id='block_1_83' title="bbox 2071 3705 3662 3776">
    <p class='ocr_par' dir='ltr' id='par_1_83' title="bbox 2071 3705 3662 3776">
     <span class='ocr_line' id='line_1_83' title="bbox 2071 3705 3662 3776; baseline -0.004 -15"><span class='ocrx_word' id='word_1_627' title='bbox 2071 3710 2240 3762; x_wconf 80' lang='grc' dir='ltr'>κακὸν</span> <span class='ocrx_word' id='word_1_628' title='bbox 2264 3706 2357 3760; x_wconf 88' lang='grc' dir='ltr'><strong>τοῦ</strong></span> <span class='ocrx_word' id='word_1_629' title='bbox 2398 3706 2603 3775; x_wconf 85' lang='grc' dir='ltr'>ἀγαθοῦ</span> <span class='ocrx_word' id='word_1_630' title='bbox 2647 3705 2953 3776; x_wconf 73' lang='grc' dir='ltr'>ποιητικὸν,</span> <span class='ocrx_word' id='word_1_631' title='bbox 3001 3705 3033 3776; x_wconf 80' lang='grc' dir='ltr'><strong>ἢ</strong></span> <span class='ocrx_word' id='word_1_632' title='bbox 3088 3705 3151 3757; x_wconf 84' lang='grc' dir='ltr'>τὸ</span> <span class='ocrx_word' id='word_1_633' title='bbox 3201 3705 3441 3772; x_wconf 77' lang='grc' dir='ltr'>ἀγαθὸν,</span> <span class='ocrx_word' id='word_1_634' title='bbox 3489 3706 3569 3768; x_wconf 82' lang='grc' dir='ltr'>ὡς</span> <span class='ocrx_word' id='word_1_635' title='bbox 3606 3707 3662 3756; x_wconf 78' lang='grc' dir='ltr'>ἐκ</span> 
     </span>
    </p>
   </div>
   <div class='ocr_carea' id='block_1_84' title="bbox 2068 3796 3658 3868">
    <p class='ocr_par' dir='ltr' id='par_1_84' title="bbox 2068 3796 3658 3868">
     <span class='ocr_line' id='line_1_84' title="bbox 2068 3796 3658 3868; baseline -0.005 -14"><span class='ocrx_word' id='word_1_636' title='bbox 2068 3801 2163 3854; x_wconf 86' lang='grc' dir='ltr'><strong>τοῦ</strong></span> <span class='ocrx_word' id='word_1_637' title='bbox 2192 3799 2383 3861; x_wconf 87' lang='grc' dir='ltr'>κακοῦ,</span> <span class='ocrx_word' id='word_1_638' title='bbox 2416 3799 2600 3853; x_wconf 90' lang='grc' dir='ltr'>κακόν.</span> <span class='ocrx_word' id='word_1_639' title='bbox 2634 3798 2704 3851; x_wconf 85' lang='grc' dir='ltr'><strong>Ἢ</strong></span> <span class='ocrx_word' id='word_1_640' title='bbox 2749 3799 2811 3850; x_wconf 82' lang='grc' dir='ltr'><strong>οὑ</strong></span> <span class='ocrx_word' id='word_1_641' title='bbox 2864 3797 3053 3865; x_wconf 75' lang='grc' dir='ltr'>γέγονε</span> <span class='ocrx_word' id='word_1_642' title='bbox 3078 3796 3307 3866; x_wconf 86' lang='grc' dir='ltr'>θάτερον</span> <span class='ocrx_word' id='word_1_643' title='bbox 3335 3797 3396 3863; x_wconf 75' lang='grc' dir='ltr'><strong>ἐξ</strong></span> <span class='ocrx_word' id='word_1_644' title='bbox 3439 3798 3658 3868; x_wconf 55' lang='grc' dir='ltr'>ἑτέροιο</span> 
     </span>
    </p>
   </div>
   <div class='ocr_carea' id='block_1_85' title="bbox 2070 3887 3659 3962">
    <p class='ocr_par' dir='ltr' id='par_1_85' title="bbox 2070 3887 3659 3962">
     <span class='ocr_line' id='line_1_85' title="bbox 2070 3887 3659 3962; baseline -0.006 -14"><span class='ocrx_word' id='word_1_645' title='bbox 2070 3895 2165 3948; x_wconf 74' lang='grc' dir='ltr'>καὶ</span> <span class='ocrx_word' id='word_1_646' title='bbox 2186 3894 2376 3947; x_wconf 77' lang='grc' dir='ltr'>ἕπεται</span> <span class='ocrx_word' id='word_1_647' title='bbox 2404 3892 2498 3945; x_wconf 82' lang='grc' dir='ltr'>δύο</span> <span class='ocrx_word' id='word_1_648' title='bbox 2526 3887 2664 3944; x_wconf 74' lang='grc' dir='ltr'>εἶναι</span> <span class='ocrx_word' id='word_1_649' title='bbox 2700 3891 2896 3962; x_wconf 87' lang='grc' dir='ltr'>ἀρχὰς,</span> <span class='ocrx_word' id='word_1_650' title='bbox 2925 3891 3063 3959; x_wconf 81' lang='grc' dir='ltr'>ὅπερ</span> <span class='ocrx_word' id='word_1_651' title='bbox 3114 3889 3216 3941; x_wconf 83' lang='grc' dir='ltr'><strong>οὑκ</strong></span> <span class='ocrx_word' id='word_1_652' title='bbox 3243 3888 3531 3959; x_wconf 82' lang='grc' dir='ltr'>ἐνδέχεται</span> <span class='ocrx_word' id='word_1_653' title='bbox 3579 3888 3659 3939; x_wconf 81' lang='grc' dir='ltr'><strong>λέο</strong></span> 
     </span>
    </p>
   </div>
   <div class='ocr_carea' id='block_1_86' title="bbox 2069 3979 3657 4054">
    <p class='ocr_par' dir='ltr' id='par_1_86' title="bbox 2069 3979 3657 4054">
     <span class='ocr_line' id='line_1_86' title="bbox 2069 3979 3657 4054; baseline -0.004 -16"><span class='ocrx_word' id='word_1_654' title='bbox 2069 4002 2207 4054; x_wconf 89' lang='grc' dir='ltr'>γειν.</span> <span class='ocrx_word' id='word_1_655' title='bbox 2234 3979 2403 4039; x_wconf 79' lang='grc' dir='ltr'>Αὕται</span> <span class='ocrx_word' id='word_1_656' title='bbox 2428 3983 2485 4035; x_wconf 76' lang='grc' dir='ltr'>δὲ</span> <span class='ocrx_word' id='word_1_657' title='bbox 2514 3981 2677 4036; x_wconf 80' lang='grc' dir='ltr'>πάλιν</span> <span class='ocrx_word' id='word_1_658' title='bbox 2696 3981 3009 4044; x_wconf 78' lang='grc' dir='ltr'>ἀναγκαίως</span> <span class='ocrx_word' id='word_1_659' title='bbox 3037 3981 3129 4033; x_wconf 77' lang='grc' dir='ltr'><strong>ἐπὶ</strong></span> <span class='ocrx_word' id='word_1_660' title='bbox 3163 3980 3294 4050; x_wconf 87' lang='grc' dir='ltr'>μίαν</span> <span class='ocrx_word' id='word_1_661' title='bbox 3318 3981 3539 4050; x_wconf 79' lang='grc' dir='ltr'>ἀναχθή</span> <span class='ocrx_word' id='word_1_662' title='bbox 3550 3997 3657 4031; x_wconf 80' lang='grc' dir='ltr'>σον-</span> 
     </span>
    </p>
   </div>
   <div class='ocr_carea' id='block_1_87' title="bbox 2068 4070 3655 4144">
    <p class='ocr_par' dir='ltr' id='par_1_87' title="bbox 2068 4070 3655 4144">
     <span class='ocr_line' id='line_1_87' title="bbox 2068 4070 3655 4144; baseline -0.004 -14"><span class='ocrx_word' id='word_1_663' title='bbox 2068 4094 2177 4139; x_wconf 91' lang='grc' dir='ltr'>ται,</span> <span class='ocrx_word' id='word_1_664' title='bbox 2210 4075 2397 4133; x_wconf 78' lang='grc' dir='ltr'>ἐπειδὴ</span> <span class='ocrx_word' id='word_1_665' title='bbox 2438 4073 2579 4144; x_wconf 81' lang='grc' dir='ltr'>ἀρχὴ</span> <span class='ocrx_word' id='word_1_666' title='bbox 2610 4075 2644 4143; x_wconf 86' lang='grc' dir='ltr'>ὴ</span> <span class='ocrx_word' id='word_1_667' title='bbox 2698 4072 2885 4143; x_wconf 70' lang='grc' dir='ltr'>μονὰς,</span> <span class='ocrx_word' id='word_1_668' title='bbox 2936 4072 3034 4142; x_wconf 89' lang='grc' dir='ltr'><strong>οὑχ</strong></span> <span class='ocrx_word' id='word_1_669' title='bbox 3080 4073 3113 4142; x_wconf 73' lang='grc' dir='ltr'>ἡ</span> <span class='ocrx_word' id='word_1_670' title='bbox 3160 4070 3326 4134; x_wconf 89' lang='grc' dir='ltr'>δυάς·</span> <span class='ocrx_word' id='word_1_671' title='bbox 3393 4072 3655 4139; x_wconf 79' lang='grc' dir='ltr'>κάκείνη,</span> 
     </span>
    </p>
   </div>
   <div class='ocr_carea' id='block_1_88' title="bbox 2068 4159 3658 4234">
    <p class='ocr_par' dir='ltr' id='par_1_88' title="bbox 2068 4159 3658 4234">
     <span class='ocr_line' id='line_1_88' title="bbox 2068 4159 3658 4234; baseline -0.005 -15"><span class='ocrx_word' id='word_1_672' title='bbox 2068 4165 2226 4219; x_wconf 84' lang='grc' dir='ltr'>ὁποία</span> <span class='ocrx_word' id='word_1_673' title='bbox 2252 4171 2374 4219; x_wconf 79' lang='grc' dir='ltr'>ποτ’</span> <span class='ocrx_word' id='word_1_674' title='bbox 2401 4165 2466 4219; x_wconf 79' lang='grc' dir='ltr'>ἂν</span> <span class='ocrx_word' id='word_1_675' title='bbox 2519 4162 2603 4234; x_wconf 78' lang='grc' dir='ltr'>εἴη</span> <span class='ocrx_word' id='word_1_676' title='bbox 2625 4202 2640 4226; x_wconf 92' lang='grc'><strong>,</strong></span> <span class='ocrx_word' id='word_1_677' title='bbox 2678 4163 2746 4216; x_wconf 83' lang='grc' dir='ltr'><strong>τά</strong></span> <span class='ocrx_word' id='word_1_678' title='bbox 2791 4161 2927 4215; x_wconf 74' lang='grc' dir='ltr'>αὐτὰ</span> <span class='ocrx_word' id='word_1_679' title='bbox 2948 4161 3123 4214; x_wconf 61' lang='grc' dir='ltr'>πάλιν</span> <span class='ocrx_word' id='word_1_680' title='bbox 3178 4160 3565 4231; x_wconf 80' lang='grc' dir='ltr'>λεχθήσονται.</span> <span class='ocrx_word' id='word_1_681' title='bbox 3593 4159 3658 4211; x_wconf 81' lang='grc' dir='ltr'><strong>Ἦ</strong></span> 
     </span>
    </p>
   </div>
   <div class='ocr_carea' id='block_1_89' title="bbox 2068 4254 3651 4332">
    <p class='ocr_par' dir='ltr' id='par_1_89' title="bbox 2068 4254 3651 4332">
     <span class='ocr_line' id='line_1_89' title="bbox 2068 4254 3651 4332; baseline -0.005 -18"><span class='ocrx_word' id='word_1_682' title='bbox 2068 4260 2179 4332; x_wconf 80' lang='grc' dir='ltr'><strong>γὰρ</strong></span> <span class='ocrx_word' id='word_1_683' title='bbox 2208 4259 2409 4331; x_wconf 87' lang='grc' dir='ltr'>ἀγαθὴ,</span> <span class='ocrx_word' id='word_1_684' title='bbox 2452 4260 2548 4313; x_wconf 77' lang='grc' dir='ltr'>καὶ</span> <span class='ocrx_word' id='word_1_685' title='bbox 2588 4256 2771 4326; x_wconf 85' lang='grc' dir='ltr'>ἀγαθά</span> <span class='ocrx_word' id='word_1_686' title='bbox 2833 4258 3051 4320; x_wconf 85' lang='grc' dir='ltr'>πάντως</span> <span class='ocrx_word' id='word_1_687' title='bbox 3088 4256 3157 4309; x_wconf 79' lang='grc' dir='ltr'><strong>τά</strong></span> <span class='ocrx_word' id='word_1_688' title='bbox 3194 4256 3253 4321; x_wconf 78' lang='grc' dir='ltr'><strong>ἐξ</strong></span> <span class='ocrx_word' id='word_1_689' title='bbox 3278 4257 3488 4326; x_wconf 76' lang='grc' dir='ltr'>αὑτῆςο</span> <span class='ocrx_word' id='word_1_690' title='bbox 3525 4254 3651 4327; x_wconf 70' lang='grc' dir='ltr'><strong>ἧτιῆ</strong></span> 
     </span>
    </p>
   </div>
   <div class='ocr_carea' id='block_1_90' title="bbox 2074 4348 3656 4424">
    <p class='ocr_par' dir='ltr' id='par_1_90' title="bbox 2074 4348 3656 4424">
     <span class='ocr_line' id='line_1_90' title="bbox 2074 4348 3656 4424; baseline -0.006 -17"><span class='ocrx_word' id='word_1_691' title='bbox 2074 4354 2172 4423; x_wconf 85' lang='grc' dir='ltr'>μὲν</span> <span class='ocrx_word' id='word_1_692' title='bbox 2209 4353 2375 4424; x_wconf 82' lang='grc' dir='ltr'>κακὴ,</span> <span class='ocrx_word' id='word_1_693' title='bbox 2405 4354 2482 4423; x_wconf 84' lang='grc' dir='ltr'>πῆ</span> <span class='ocrx_word' id='word_1_694' title='bbox 2532 4352 2590 4405; x_wconf 83' lang='grc' dir='ltr'>δὲ</span> <span class='ocrx_word' id='word_1_695' title='bbox 2646 4351 2824 4421; x_wconf 87' lang='grc' dir='ltr'>ἀγαθή</span> <span class='ocrx_word' id='word_1_696' title='bbox 2847 4367 2861 4381; x_wconf 76' lang='grc' dir='ltr'><strong><em>ο</em></strong></span> <span class='ocrx_word' id='word_1_697' title='bbox 2930 4351 3024 4402; x_wconf 78' lang='grc' dir='ltr'>καὶ</span> <span class='ocrx_word' id='word_1_698' title='bbox 3084 4348 3184 4419; x_wconf 74' lang='grc' dir='ltr'>ἢδη</span> <span class='ocrx_word' id='word_1_699' title='bbox 3240 4348 3526 4413; x_wconf 81' lang='grc' dir='ltr'>σύνθετος,</span> <span class='ocrx_word' id='word_1_700' title='bbox 3573 4348 3656 4399; x_wconf 76' lang='grc' dir='ltr'>καὶ</span> 
     </span>
    </p>
   </div>
   <div class='ocr_carea' id='block_1_91' title="bbox 381 4434 1859 4528">
    <p class='ocr_par' dir='ltr' id='par_1_91' title="bbox 381 4434 1859 4528">
     <span class='ocr_line' id='line_1_91' title="bbox 381 4434 1859 4528; baseline -0.001 -15"><span class='ocrx_word' id='word_1_701' title='bbox 381 4459 480 4516; x_wconf 84' lang='lat' dir='ltr'><strong>Vel</strong></span> <span class='ocrx_word' id='word_1_702' title='bbox 503 4434 651 4515; x_wconf 81' lang='lat' dir='ltr'><strong>enim</strong></span> <span class='ocrx_word' id='word_1_703' title='bbox 682 4460 886 4514; x_wconf 91' lang='lat' dir='ltr'><strong>bonum</strong></span> <span class='ocrx_word' id='word_1_704' title='bbox 912 4434 1040 4525; x_wconf 85' lang='lat' dir='ltr'><strong>erit,</strong></span> <span class='ocrx_word' id='word_1_705' title='bbox 1065 4467 1122 4514; x_wconf 90' lang='lat' dir='ltr'><strong>et</strong></span> <span class='ocrx_word' id='word_1_706' title='bbox 1164 4460 1309 4514; x_wconf 90' lang='lat' dir='ltr'><strong>bona</strong></span> <span class='ocrx_word' id='word_1_707' title='bbox 1339 4458 1521 4513; x_wconf 90' lang='lat' dir='ltr'><strong>omnia</strong></span> <span class='ocrx_word' id='word_1_708' title='bbox 1554 4472 1677 4527; x_wconf 75' lang='lat' dir='ltr'><strong>qua:</strong></span> <span class='ocrx_word' id='word_1_709' title='bbox 1706 4472 1772 4512; x_wconf 80' lang='lat' dir='ltr'><strong>ex</strong></span> <span class='ocrx_word' id='word_1_710' title='bbox 1806 4457 1859 4528; x_wconf 90' lang='lat' dir='ltr'><strong>ip</strong></span> 
     </span>
    </p>
   </div>
   <div class='ocr_carea' id='block_1_92' title="bbox 2174 4434 3652 4528">
    <p class='ocr_par' dir='ltr' id='par_1_92' title="bbox 2196 4434 3652 4515">
     <span class='ocr_line' id='line_1_92' title="bbox 2196 4434 3652 4515; baseline -0.005 -17"><span class='ocrx_word' id='word_1_711' title='bbox 2196 4444 2364 4515; x_wconf 81' lang='grc' dir='ltr'>ἁπλῆ,</span> <span class='ocrx_word' id='word_1_712' title='bbox 2400 4445 2511 4498; x_wconf 78' lang='grc' dir='ltr'>οὐδ’</span> <span class='ocrx_word' id='word_1_713' title='bbox 2540 4443 2705 4514; x_wconf 83' lang='grc' dir='ltr'>ἀρχὴ,</span> <span class='ocrx_word' id='word_1_714' title='bbox 2736 4443 2851 4496; x_wconf 79' lang='grc' dir='ltr'>ἀλλ’</span> <span class='ocrx_word' id='word_1_715' title='bbox 2874 4443 3061 4495; x_wconf 83' lang='grc' dir='ltr'>ἐκεῖνα</span> <span class='ocrx_word' id='word_1_716' title='bbox 3105 4441 3261 4511; x_wconf 77' lang='grc' dir='ltr'>,ἀρχὴ</span> <span class='ocrx_word' id='word_1_717' title='bbox 3293 4442 3357 4507; x_wconf 77' lang='grc' dir='ltr'>ἐξ</span> <span class='ocrx_word' id='word_1_718' title='bbox 3387 4434 3468 4493; x_wconf 78' lang='grc' dir='ltr'>ὧν</span> <span class='ocrx_word' id='word_1_719' title='bbox 3508 4457 3652 4493; x_wconf 85' lang='grc' dir='ltr'>συνε-</span> 
     </span>
    </p>
   </div>
   <div class='ocr_carea' id='block_1_93' title="bbox 377 4548 1967 4623">
    <p class='ocr_par' dir='ltr' id='par_1_93' title="bbox 377 4548 1967 4623">
     <span class='ocr_line' id='line_1_93' title="bbox 377 4548 1967 4623; baseline -0.001 -17"><span class='ocrx_word' id='word_1_720' title='bbox 377 4552 465 4609; x_wconf 79' lang='lat' dir='ltr'><strong>vel</strong></span> <span class='ocrx_word' id='word_1_721' title='bbox 488 4551 686 4623; x_wconf 91' lang='lat' dir='ltr'><strong>partim</strong></span> <span class='ocrx_word' id='word_1_722' title='bbox 709 4550 933 4620; x_wconf 90' lang='lat' dir='ltr'><strong>quidem</strong></span> <span class='ocrx_word' id='word_1_723' title='bbox 971 4549 1200 4615; x_wconf 82' lang='lat' dir='ltr'><strong>malum,</strong></span> <span class='ocrx_word' id='word_1_724' title='bbox 1228 4551 1428 4619; x_wconf 91' lang='lat' dir='ltr'><strong>partim</strong></span> <span class='ocrx_word' id='word_1_725' title='bbox 1463 4562 1593 4603; x_wconf 86' lang='lat' dir='ltr'><strong>vero</strong></span> <span class='ocrx_word' id='word_1_726' title='bbox 1622 4548 1867 4614; x_wconf 90' lang='lat' dir='ltr'><strong>bonum;</strong></span> <span class='ocrx_word' id='word_1_727' title='bbox 1910 4557 1967 4604; x_wconf 88' lang='lat' dir='ltr'><strong>et</strong></span> 
     </span>
    </p>
   </div>
   <div class='ocr_carea' id='block_1_94' title="bbox 372 4641 1965 4713">
    <p class='ocr_par' dir='ltr' id='par_1_94' title="bbox 372 4641 1965 4713">
     <span class='ocr_line' id='line_1_94' title="bbox 372 4641 1965 4713; baseline -0.001 -15"><span class='ocrx_word' id='word_1_728' title='bbox 372 4645 484 4713; x_wconf 80' lang='lat' dir='ltr'><strong>iam</strong></span> <span class='ocrx_word' id='word_1_729' title='bbox 517 4644 884 4713; x_wconf 90' lang='lat' dir='ltr'><strong>compositum</strong></span> <span class='ocrx_word' id='word_1_730' title='bbox 921 4643 1028 4698; x_wconf 89' lang='lat' dir='ltr'><strong>erit</strong></span> <span class='ocrx_word' id='word_1_731' title='bbox 1052 4650 1109 4697; x_wconf 88' lang='lat' dir='ltr'><strong>et</strong></span> <span class='ocrx_word' id='word_1_732' title='bbox 1159 4657 1269 4697; x_wconf 88' lang='lat' dir='ltr'><strong>non</strong></span> <span class='ocrx_word' id='word_1_733' title='bbox 1312 4641 1568 4712; x_wconf 81' lang='lat' dir='ltr'><strong>simplex,</strong></span> <span class='ocrx_word' id='word_1_734' title='bbox 1600 4651 1768 4711; x_wconf 90' lang='lat' dir='ltr'><strong>atque</strong></span> <span class='ocrx_word' id='word_1_735' title='bbox 1827 4641 1965 4696; x_wconf 74' lang='lat' dir='ltr'><strong>adeo</strong></span> 
     </span>
    </p>
   </div>
   <div class='ocr_carea' id='block_1_95' title="bbox 378 4736 1966 4811">
    <p class='ocr_par' dir='ltr' id='par_1_95' title="bbox 378 4736 1966 4811">
     <span class='ocr_line' id='line_1_95' title="bbox 378 4736 1966 4811; baseline -0.003 -14"><span class='ocrx_word' id='word_1_736' title='bbox 378 4757 557 4811; x_wconf 88' lang='lat' dir='ltr'><strong>neque</strong></span> <span class='ocrx_word' id='word_1_737' title='bbox 586 4741 938 4811; x_wconf 88' lang='lat' dir='ltr'><strong>principium,</strong></span> <span class='ocrx_word' id='word_1_738' title='bbox 967 4740 1065 4796; x_wconf 86' lang='lat' dir='ltr'><strong>sed</strong></span> <span class='ocrx_word' id='word_1_739' title='bbox 1110 4736 1200 4795; x_wconf 85' lang='lat' dir='ltr'><strong>illa</strong></span> <span class='ocrx_word' id='word_1_740' title='bbox 1234 4740 1564 4810; x_wconf 78' lang='lat' dir='ltr'><strong>principium</strong></span> <span class='ocrx_word' id='word_1_741' title='bbox 1590 4749 1714 4793; x_wconf 82' lang='lat' dir='ltr'><strong>sunt</strong></span> <span class='ocrx_word' id='word_1_742' title='bbox 1741 4755 1806 4794; x_wconf 82' lang='lat' dir='ltr'><strong>ex</strong></span> <span class='ocrx_word' id='word_1_743' title='bbox 1838 4738 1966 4808; x_wconf 87' lang='lat' dir='ltr'><strong>qui-</strong></span> 
     </span>
    </p>
   </div>
   <div class='ocr_carea' id='block_1_96' title="bbox 377 4829 1967 4902">
    <p class='ocr_par' dir='ltr' id='par_1_96' title="bbox 377 4829 1967 4902">
     <span class='ocr_line' id='line_1_96' title="bbox 377 4829 1967 4902; baseline -0.004 -13"><span class='ocrx_word' id='word_1_744' title='bbox 377 4834 481 4889; x_wconf 76' lang='lat' dir='ltr'><strong>bus</strong></span> <span class='ocrx_word' id='word_1_745' title='bbox 508 4832 873 4902; x_wconf 91' lang='lat' dir='ltr'><strong>componitur,</strong></span> <span class='ocrx_word' id='word_1_746' title='bbox 910 4840 965 4886; x_wconf 88' lang='lat' dir='ltr'><strong>et</strong></span> <span class='ocrx_word' id='word_1_747' title='bbox 988 4832 1093 4886; x_wconf 86' lang='lat' dir='ltr'><strong>hoc</strong></span> <span class='ocrx_word' id='word_1_748' title='bbox 1127 4830 1180 4885; x_wconf 92' lang='lat' dir='ltr'><strong>in</strong></span> <span class='ocrx_word' id='word_1_749' title='bbox 1213 4829 1508 4884; x_wconf 81' lang='lat' dir='ltr'><strong>infinitum.</strong></span> <span class='ocrx_word' id='word_1_750' title='bbox 1540 4830 1806 4896; x_wconf 79' lang='lat' dir='ltr'><strong>Quoniam</strong></span> <span class='ocrx_word' id='word_1_751' title='bbox 1836 4842 1967 4884; x_wconf 80' lang='lat' dir='ltr'><strong>vero</strong></span> 
     </span>
    </p>
   </div>
   <div class='ocr_carea' id='block_1_97' title="bbox 379 4920 1965 4992">
    <p class='ocr_par' dir='ltr' id='par_1_97' title="bbox 379 4920 1965 4992">
     <span class='ocr_line' id='line_1_97' title="bbox 379 4920 1965 4992; baseline -0.001 -15"><span class='ocrx_word' id='word_1_752' title='bbox 379 4924 600 4990; x_wconf 79' lang='lat' dir='ltr'><strong>quidam</strong></span> <span class='ocrx_word' id='word_1_753' title='bbox 655 4922 942 4992; x_wconf 78' lang='lat' dir='ltr'><strong>gentilium</strong></span> <span class='ocrx_word' id='word_1_754' title='bbox 1004 4923 1256 4977; x_wconf 81' lang='lat' dir='ltr'><strong>dixerunt</strong></span> <span class='ocrx_word' id='word_1_755' title='bbox 1311 4933 1595 4992; x_wconf 82' lang='lat' dir='ltr'><strong>prepterea</strong></span> <span class='ocrx_word' id='word_1_756' title='bbox 1654 4920 1853 4976; x_wconf 64' lang='lat' dir='ltr'><strong>coelum</strong></span> <span class='ocrx_word' id='word_1_757' title='bbox 1910 4929 1965 4975; x_wconf 86' lang='lat' dir='ltr'><strong>et</strong></span> 
     </span>
    </p>
   </div>
   <div class='ocr_carea' id='block_1_98' title="bbox 380 5013 1965 5084">
    <p class='ocr_par' dir='ltr' id='par_1_98' title="bbox 380 5013 1965 5084">
     <span class='ocr_line' id='line_1_98' title="bbox 380 5013 1965 5084; baseline 0.001 -18"><span class='ocrx_word' id='word_1_758' title='bbox 380 5023 529 5067; x_wconf 89' lang='lat' dir='ltr'><strong>astra</strong></span> <span class='ocrx_word' id='word_1_759' title='bbox 555 5029 662 5068; x_wconf 90' lang='lat' dir='ltr'><strong>non</strong></span> <span class='ocrx_word' id='word_1_760' title='bbox 693 5014 995 5084; x_wconf 90' lang='lat' dir='ltr'><strong>corrumpi,</strong></span> <span class='ocrx_word' id='word_1_761' title='bbox 1025 5014 1152 5083; x_wconf 89' lang='lat' dir='ltr'><strong>quia</strong></span> <span class='ocrx_word' id='word_1_762' title='bbox 1203 5028 1269 5068; x_wconf 76' lang='lat' dir='ltr'><strong>ex</strong></span> <span class='ocrx_word' id='word_1_763' title='bbox 1326 5014 1531 5083; x_wconf 86' lang='lat' dir='ltr'><strong>puriori</strong></span> <span class='ocrx_word' id='word_1_764' title='bbox 1581 5013 1807 5067; x_wconf 85' lang='lat' dir='ltr'><strong>materia</strong></span> <span class='ocrx_word' id='word_1_765' title='bbox 1834 5026 1965 5080; x_wconf 80' lang='lat' dir='ltr'><strong>pro-</strong></span> 
     </span>
    </p>
   </div>
   <div class='ocr_carea' id='block_1_99' title="bbox 379 5103 1961 5175">
    <p class='ocr_par' dir='ltr' id='par_1_99' title="bbox 379 5103 1961 5175">
     <span class='ocr_line' id='line_1_99' title="bbox 379 5103 1961 5175; baseline -0.002 -14"><span class='ocrx_word' id='word_1_766' title='bbox 379 5107 541 5161; x_wconf 89' lang='lat' dir='ltr'><strong>ducta</strong></span> <span class='ocrx_word' id='word_1_767' title='bbox 569 5117 719 5171; x_wconf 91' lang='lat' dir='ltr'><strong>sunt,</strong></span> <span class='ocrx_word' id='word_1_768' title='bbox 751 5122 814 5162; x_wconf 89' lang='lat' dir='ltr'><strong>ea</strong></span> <span class='ocrx_word' id='word_1_769' title='bbox 842 5120 972 5160; x_wconf 82' lang='lat' dir='ltr'><strong>vero</strong></span> <span class='ocrx_word' id='word_1_770' title='bbox 996 5120 1117 5174; x_wconf 68' lang='lat' dir='ltr'><strong>qua:</strong></span> <span class='ocrx_word' id='word_1_771' title='bbox 1152 5108 1296 5175; x_wconf 88' lang='lat' dir='ltr'><strong>apud</strong></span> <span class='ocrx_word' id='word_1_772' title='bbox 1322 5120 1422 5160; x_wconf 89' lang='lat' dir='ltr'><strong>nos</strong></span> <span class='ocrx_word' id='word_1_773' title='bbox 1452 5113 1582 5160; x_wconf 89' lang='lat' dir='ltr'><strong>sunt</strong></span> <span class='ocrx_word' id='word_1_774' title='bbox 1613 5121 1678 5160; x_wconf 76' lang='lat' dir='ltr'><strong>ex</strong></span> <span class='ocrx_word' id='word_1_775' title='bbox 1718 5103 1961 5172; x_wconf 87' lang='lat' dir='ltr'><strong>subjecta</strong></span> 
     </span>
    </p>
   </div>
   <div class='ocr_carea' id='block_1_100' title="bbox 380 5193 1962 5265">
    <p class='ocr_par' dir='ltr' id='par_1_100' title="bbox 380 5193 1962 5265">
     <span class='ocr_line' id='line_1_100' title="bbox 380 5193 1962 5265; baseline -0.005 -13"><span class='ocrx_word' id='word_1_776' title='bbox 380 5196 752 5265; x_wconf 88' lang='lat' dir='ltr'><strong>crassiorique</strong></span> <span class='ocrx_word' id='word_1_777' title='bbox 777 5195 1032 5255; x_wconf 89' lang='lat' dir='ltr'><strong>materia.</strong></span> <span class='ocrx_word' id='word_1_778' title='bbox 1061 5194 1139 5248; x_wconf 86' lang='lat' dir='ltr'><strong>ait</strong></span> <span class='ocrx_word' id='word_1_779' title='bbox 1167 5194 1255 5248; x_wconf 91' lang='lat' dir='ltr'><strong>bic</strong></span> <span class='ocrx_word' id='word_1_780' title='bbox 1287 5203 1536 5255; x_wconf 88' lang='lat' dir='ltr'><strong>sanctus.</strong></span> <span class='ocrx_word' id='word_1_781' title='bbox 1567 5194 1776 5247; x_wconf 89' lang='lat' dir='ltr'><strong>idcirco</strong></span> <span class='ocrx_word' id='word_1_782' title='bbox 1798 5193 1962 5245; x_wconf 86' lang='lat' dir='ltr'><strong>etiam</strong></span> 
     </span>
    </p>
   </div>
   <div class='ocr_carea' id='block_1_101' title="bbox 376 5279 1977 5356">
    <p class='ocr_par' dir='ltr' id='par_1_101' title="bbox 376 5279 1977 5356">
     <span class='ocr_line' id='line_1_101' title="bbox 376 5279 1977 5356; baseline -0.008 -12"><span class='ocrx_word' id='word_1_783' title='bbox 376 5288 496 5344; x_wconf 59' lang='lat' dir='ltr'><strong>haec</strong></span> <span class='ocrx_word' id='word_1_784' title='bbox 519 5286 821 5355; x_wconf 90' lang='lat' dir='ltr'><strong>corrumpi,</strong></span> <span class='ocrx_word' id='word_1_785' title='bbox 853 5285 998 5356; x_wconf 91' lang='lat' dir='ltr'><strong>quod</strong></span> <span class='ocrx_word' id='word_1_786' title='bbox 1034 5298 1141 5338; x_wconf 93' lang='lat' dir='ltr'><strong>non</strong></span> <span class='ocrx_word' id='word_1_787' title='bbox 1174 5285 1384 5353; x_wconf 85' lang='lat' dir='ltr'><strong>possint</strong></span> <span class='ocrx_word' id='word_1_788' title='bbox 1436 5282 1689 5346; x_wconf 87' lang='lat' dir='ltr'><strong>stabiliri,</strong></span> <span class='ocrx_word' id='word_1_789' title='bbox 1717 5290 1772 5335; x_wconf 92' lang='lat' dir='ltr'><strong>et</strong></span> <span class='ocrx_word' id='word_1_790' title='bbox 1795 5279 1977 5333; x_wconf 88' lang='lat' dir='ltr'><strong>firmi-.</strong></span> 
     </span>
    </p>
   </div>
   <div class='ocr_carea' id='block_1_102' title="bbox 382 5373 1963 5445">
    <p class='ocr_par' dir='ltr' id='par_1_102' title="bbox 382 5373 1963 5445">
     <span class='ocr_line' id='line_1_102' title="bbox 382 5373 1963 5445; baseline -0.008 -9"><span class='ocrx_word' id='word_1_791' title='bbox 382 5392 467 5436; x_wconf 91' lang='lat' dir='ltr'><strong>ter</strong></span> <span class='ocrx_word' id='word_1_792' title='bbox 489 5381 719 5436; x_wconf 69' lang='lat' dir='ltr'><strong>htrrere.</strong></span> <span class='ocrx_word' id='word_1_793' title='bbox 749 5378 905 5445; x_wconf 86' lang='lat' dir='ltr'><strong>Quod</strong></span> <span class='ocrx_word' id='word_1_794' title='bbox 930 5377 975 5432; x_wconf 93' lang='lat' dir='ltr'><strong>si</strong></span> <span class='ocrx_word' id='word_1_795' title='bbox 1011 5377 1300 5431; x_wconf 82' lang='lat' dir='ltr'><strong>materiam</strong></span> <span class='ocrx_word' id='word_1_796' title='bbox 1336 5375 1403 5429; x_wconf 91' lang='lat' dir='ltr'><strong>ad</strong></span> <span class='ocrx_word' id='word_1_797' title='bbox 1430 5373 1672 5429; x_wconf 82' lang='lat' dir='ltr'><strong>universi</strong></span> <span class='ocrx_word' id='word_1_798' title='bbox 1703 5387 1963 5428; x_wconf 82' lang='lat' dir='ltr'><strong>consum-</strong></span> 
     </span>
    </p>
   </div>
   <div class='ocr_carea' id='block_1_103' title="bbox 382 5463 1979 5534">
    <p class='ocr_par' dir='ltr' id='par_1_103' title="bbox 382 5463 1979 5534">
     <span class='ocr_line' id='line_1_103' title="bbox 382 5463 1979 5534; baseline -0.008 -8"><span class='ocrx_word' id='word_1_799' title='bbox 382 5473 680 5527; x_wconf 88' lang='lat' dir='ltr'><strong>mationem</strong></span> <span class='ocrx_word' id='word_1_800' title='bbox 713 5470 1082 5525; x_wconf 88' lang='lat' dir='ltr'><strong>necessariam</strong></span> <span class='ocrx_word' id='word_1_801' title='bbox 1113 5468 1283 5523; x_wconf 87' lang='lat' dir='ltr'><strong>fuisse</strong></span> <span class='ocrx_word' id='word_1_802' title='bbox 1308 5467 1514 5529; x_wconf 90' lang='lat' dir='ltr'><strong>dicant,</strong></span> <span class='ocrx_word' id='word_1_803' title='bbox 1548 5463 1828 5534; x_wconf 88' lang='lat' dir='ltr'><strong>quomodo</strong></span> <span class='ocrx_word' id='word_1_804' title='bbox 1850 5477 1979 5516; x_wconf 90' lang='lat' dir='ltr'><strong>ma-_</strong></span> 
     </span>
    </p>
   </div>
   <div class='ocr_carea' id='block_1_104' title="bbox 387 5555 1965 5631">
    <p class='ocr_par' dir='ltr' id='par_1_104' title="bbox 387 5555 1965 5631">
     <span class='ocr_line' id='line_1_104' title="bbox 387 5555 1965 5631; baseline -0.008 -13"><span class='ocrx_word' id='word_1_805' title='bbox 387 5565 521 5619; x_wconf 90' lang='lat' dir='ltr'><strong>teria</strong></span> <span class='ocrx_word' id='word_1_806' title='bbox 558 5565 761 5619; x_wconf 90' lang='lat' dir='ltr'><strong>malum</strong></span> <span class='ocrx_word' id='word_1_807' title='bbox 789 5562 955 5631; x_wconf 81' lang='lat' dir='ltr'><strong>quid?</strong></span> <span class='ocrx_word' id='word_1_808' title='bbox 980 5560 1117 5615; x_wconf 83' lang='lat' dir='ltr'><strong>Nota</strong></span> <span class='ocrx_word' id='word_1_809' title='bbox 1145 5571 1349 5623; x_wconf 89' lang='lat' dir='ltr'><strong>autem,</strong></span> <span class='ocrx_word' id='word_1_810' title='bbox 1375 5557 1730 5613; x_wconf 83' lang='lat' dir='ltr'><strong>Aristotelem</strong></span> <span class='ocrx_word' id='word_1_811' title='bbox 1752 5570 1821 5610; x_wconf 81' lang='lat' dir='ltr'><strong>ex</strong></span> <span class='ocrx_word' id='word_1_812' title='bbox 1865 5555 1965 5623; x_wconf 84' lang='lat' dir='ltr'><strong>hy-</strong></span> 
     </span>
    </p>
   </div>
   <div class='ocr_carea' id='block_1_105' title="bbox 383 5649 1979 5728">
    <p class='ocr_par' dir='ltr' id='par_1_105' title="bbox 383 5649 1979 5728">
     <span class='ocr_line' id='line_1_105' title="bbox 383 5649 1979 5728; baseline -0.009 -17"><span class='ocrx_word' id='word_1_813' title='bbox 383 5660 594 5728; x_wconf 86' lang='lat' dir='ltr'><strong>pothesi</strong></span> <span class='ocrx_word' id='word_1_814' title='bbox 627 5658 833 5712; x_wconf 76' lang='lat' dir='ltr'><strong>dixisse</strong></span> <span class='ocrx_word' id='word_1_815' title='bbox 866 5655 1151 5710; x_wconf 88' lang='lat' dir='ltr'><strong>materiam</strong></span> <span class='ocrx_word' id='word_1_816' title='bbox 1185 5668 1309 5709; x_wconf 84' lang='lat' dir='ltr'><strong>esse</strong></span> <span class='ocrx_word' id='word_1_817' title='bbox 1364 5650 1757 5714; x_wconf 81' lang='lat' dir='ltr'><strong>necessariam,</strong></span> <span class='ocrx_word' id='word_1_818' title='bbox 1802 5649 1855 5703; x_wconf 88' lang='lat' dir='ltr'><strong>id</strong></span> <span class='ocrx_word' id='word_1_819' title='bbox 1881 5656 1979 5702; x_wconf 20' lang='lat' dir='ltr'><strong>est.</strong></span> 
     </span>
    </p>
   </div>
   <div class='ocr_carea' id='block_1_106' title="bbox 387 5743 1978 5809">
    <p class='ocr_par' dir='ltr' id='par_1_106' title="bbox 387 5743 1978 5809">
     <span class='ocr_line' id='line_1_106' title="bbox 387 5743 1978 5809; baseline -0.007 -5"><span class='ocrx_word' id='word_1_820' title='bbox 387 5753 559 5809; x_wconf 85' lang='lat' dir='ltr'><strong>forma</strong></span> <span class='ocrx_word' id='word_1_821' title='bbox 597 5750 897 5807; x_wconf 79' lang='lat' dir='ltr'><strong>cxsistentc</strong></span> <span class='ocrx_word' id='word_1_822' title='bbox 930 5748 1245 5805; x_wconf 86' lang='lat' dir='ltr'><strong>necessario</strong></span> <span class='ocrx_word' id='word_1_823' title='bbox 1282 5747 1448 5801; x_wconf 86' lang='lat' dir='ltr'><strong>etiam</strong></span> <span class='ocrx_word' id='word_1_824' title='bbox 1480 5743 1756 5801; x_wconf 66' lang='lat' dir='ltr'><strong>exsistere</strong></span> <span class='ocrx_word' id='word_1_825' title='bbox 1789 5750 1978 5797; x_wconf 85' lang='lat' dir='ltr'><strong>mate-.</strong></span> 
     </span>
    </p>
   </div>
   <div class='ocr_carea' id='block_1_107' title="bbox 2068 4531 3653 4608">
    <p class='ocr_par' dir='ltr' id='par_1_107' title="bbox 2068 4531 3653 4608">
     <span class='ocr_line' id='line_1_107' title="bbox 2068 4531 3653 4608; baseline -0.006 -20"><span class='ocrx_word' id='word_1_826' title='bbox 2068 4535 2221 4608; x_wconf 88' lang='grc' dir='ltr'>τέθη,</span> <span class='ocrx_word' id='word_1_827' title='bbox 2259 4536 2355 4589; x_wconf 75' lang='grc' dir='ltr'>καὶ</span> <span class='ocrx_word' id='word_1_828' title='bbox 2407 4534 2566 4589; x_wconf 86' lang='grc' dir='ltr'>τοῦτο</span> <span class='ocrx_word' id='word_1_829' title='bbox 2626 4536 2713 4589; x_wconf 77' lang='grc' dir='ltr'><strong>ἐπ’</strong></span> <span class='ocrx_word' id='word_1_830' title='bbox 2744 4534 2989 4605; x_wconf 78' lang='grc' dir='ltr'>ἄπειρον.</span> <span class='ocrx_word' id='word_1_831' title='bbox 3031 4533 3251 4603; x_wconf 80' lang='grc' dir='ltr'>Ἐπειδὴ</span> <span class='ocrx_word' id='word_1_832' title='bbox 3281 4532 3340 4584; x_wconf 81' lang='grc' dir='ltr'>δὲ</span> <span class='ocrx_word' id='word_1_833' title='bbox 3372 4532 3509 4586; x_wconf 72' lang='grc' dir='ltr'>ἔνιοι</span> <span class='ocrx_word' id='word_1_834' title='bbox 3560 4531 3653 4583; x_wconf 75' lang='grc' dir='ltr'><strong>τῶν</strong></span> 
     </span>
    </p>
   </div>
   <div class='ocr_carea' id='block_1_108' title="bbox 2080 4624 3649 4699">
    <p class='ocr_par' dir='ltr' id='par_1_108' title="bbox 2080 4624 3649 4699">
     <span class='ocr_line' id='line_1_108' title="bbox 2080 4624 3649 4699; baseline -0.006 -18"><span class='ocrx_word' id='word_1_835' title='bbox 2080 4627 2346 4699; x_wconf 84' lang='grc' dir='ltr'>Ἐλλήνων</span> <span class='ocrx_word' id='word_1_836' title='bbox 2368 4626 2573 4696; x_wconf 78' lang='grc' dir='ltr'>ἔλεγον,</span> <span class='ocrx_word' id='word_1_837' title='bbox 2600 4626 2688 4679; x_wconf 88' lang='grc' dir='ltr'><strong>διὰ</strong></span> <span class='ocrx_word' id='word_1_838' title='bbox 2711 4625 2868 4679; x_wconf 89' lang='grc' dir='ltr'>τοῦτο</span> <span class='ocrx_word' id='word_1_839' title='bbox 2897 4624 2988 4677; x_wconf 81' lang='grc' dir='ltr'><strong>τὸν</strong></span> <span class='ocrx_word' id='word_1_840' title='bbox 3010 4625 3237 4697; x_wconf 78' lang='grc' dir='ltr'>οὐρανὸν</span> <span class='ocrx_word' id='word_1_841' title='bbox 3265 4625 3364 4676; x_wconf 79' lang='grc' dir='ltr'>καὶ</span> <span class='ocrx_word' id='word_1_842' title='bbox 3384 4625 3455 4676; x_wconf 88' lang='grc' dir='ltr'><strong>τά</strong></span> <span class='ocrx_word' id='word_1_843' title='bbox 3486 4625 3649 4691; x_wconf 73' lang='grc' dir='ltr'>ἀστρι</span> 
     </span>
    </p>
   </div>
   <div class='ocr_carea' id='block_1_109' title="bbox 2071 4716 3649 4792">
    <p class='ocr_par' dir='ltr' id='par_1_109' title="bbox 2071 4716 3649 4792">
     <span class='ocr_line' id='line_1_109' title="bbox 2071 4716 3649 4792; baseline -0.014 -13"><span class='ocrx_word' id='word_1_844' title='bbox 2071 4720 2145 4792; x_wconf 81' lang='grc' dir='ltr'>μὴ</span> <span class='ocrx_word' id='word_1_845' title='bbox 2175 4719 2515 4792; x_wconf 81' lang='grc' dir='ltr'>φθείρεσθαι,</span> <span class='ocrx_word' id='word_1_846' title='bbox 2547 4719 2635 4772; x_wconf 80' lang='grc' dir='ltr'><strong>διὰ</strong></span> <span class='ocrx_word' id='word_1_847' title='bbox 2664 4718 2726 4772; x_wconf 80' lang='grc' dir='ltr'>τὸ</span> <span class='ocrx_word' id='word_1_848' title='bbox 2748 4720 2813 4771; x_wconf 84' lang='grc' dir='ltr'>ὲκ</span> <span class='ocrx_word' id='word_1_849' title='bbox 2843 4716 2936 4770; x_wconf 88' lang='grc' dir='ltr'><strong>τοῦ</strong></span> <span class='ocrx_word' id='word_1_850' title='bbox 2966 4716 3356 4787; x_wconf 84' lang='grc' dir='ltr'>καθαρωτάτου</span> <span class='ocrx_word' id='word_1_851' title='bbox 3386 4716 3491 4786; x_wconf 82' lang='grc' dir='ltr'>τῆς</span> <span class='ocrx_word' id='word_1_852' title='bbox 3533 4716 3649 4780; x_wconf 73' lang='grc' dir='ltr'>ὕλης</span> 
     </span>
    </p>
   </div>
   <div class='ocr_carea' id='block_1_110' title="bbox 2067 4807 3649 4880">
    <p class='ocr_par' dir='ltr' id='par_1_110' title="bbox 2067 4807 3649 4880">
     <span class='ocr_line' id='line_1_110' title="bbox 2067 4807 3649 4880; baseline -0.006 -15"><span class='ocrx_word' id='word_1_853' title='bbox 2067 4812 2352 4880; x_wconf 85' lang='grc' dir='ltr'>γενέσθαι·</span> <span class='ocrx_word' id='word_1_854' title='bbox 2384 4810 2454 4865; x_wconf 89' lang='grc' dir='ltr'><strong>τά</strong></span> <span class='ocrx_word' id='word_1_855' title='bbox 2480 4812 2539 4864; x_wconf 86' lang='grc' dir='ltr'>δὲ</span> <span class='ocrx_word' id='word_1_856' title='bbox 2569 4810 2691 4864; x_wconf 87' lang='grc' dir='ltr'>καθ’</span> <span class='ocrx_word' id='word_1_857' title='bbox 2734 4811 2883 4880; x_wconf 80' lang='grc' dir='ltr'>ἡμᾶς</span> <span class='ocrx_word' id='word_1_858' title='bbox 2908 4810 2973 4861; x_wconf 85' lang='grc' dir='ltr'>ὲκ</span> <span class='ocrx_word' id='word_1_859' title='bbox 3001 4809 3099 4879; x_wconf 82' lang='grc' dir='ltr'><strong>τῆς</strong></span> <span class='ocrx_word' id='word_1_860' title='bbox 3156 4807 3522 4878; x_wconf 76' lang='grc' dir='ltr'>ὑποστάθμης</span> <span class='ocrx_word' id='word_1_861' title='bbox 3568 4807 3649 4858; x_wconf 64' lang='grc' dir='ltr'>καὶ</span> 
     </span>
    </p>
   </div>
   <div class='ocr_carea' id='block_1_111' title="bbox 2068 4898 3647 4975">
    <p class='ocr_par' dir='ltr' id='par_1_111' title="bbox 2068 4898 3647 4975">
     <span class='ocr_line' id='line_1_111' title="bbox 2068 4898 3647 4975; baseline -0.003 -18"><span class='ocrx_word' id='word_1_862' title='bbox 2068 4904 2403 4975; x_wconf 78' lang='grc' dir='ltr'>παχυτέρας,</span> <span class='ocrx_word' id='word_1_863' title='bbox 2456 4905 2550 4957; x_wconf 69' lang='grc' dir='ltr'><strong>καὶ</strong></span> <span class='ocrx_word' id='word_1_864' title='bbox 2605 4900 2693 4955; x_wconf 77' lang='grc' dir='ltr'><strong>διὰ</strong></span> <span class='ocrx_word' id='word_1_865' title='bbox 2746 4902 2904 4955; x_wconf 89' lang='grc' dir='ltr'>τοῦτο</span> <span class='ocrx_word' id='word_1_866' title='bbox 2953 4899 3272 4970; x_wconf 79' lang='grc' dir='ltr'>φθείρεσθαι</span> <span class='ocrx_word' id='word_1_867' title='bbox 3328 4900 3531 4957; x_wconf 86' lang='grc' dir='ltr'>ταῦτα.</span> <span class='ocrx_word' id='word_1_868' title='bbox 3585 4898 3647 4967; x_wconf 74' lang='grc' dir='ltr'>μὴ</span> 
     </span>
    </p>
   </div>
   <div class='ocr_carea' id='block_1_112' title="bbox 2066 4990 3643 5065">
    <p class='ocr_par' dir='ltr' id='par_1_112' title="bbox 2066 4990 3643 5065">
     <span class='ocr_line' id='line_1_112' title="bbox 2066 4990 3643 5065; baseline -0.007 -17"><span class='ocrx_word' id='word_1_869' title='bbox 2066 4994 2341 5065; x_wconf 87' lang='grc' dir='ltr'>δυνάμενα</span> <span class='ocrx_word' id='word_1_870' title='bbox 2364 4994 2609 5065; x_wconf 75' lang='grc' dir='ltr'>ἱδρῦσθαι</span> <span class='ocrx_word' id='word_1_871' title='bbox 2640 4994 2736 5047; x_wconf 75' lang='grc' dir='ltr'>καὶ</span> <span class='ocrx_word' id='word_1_872' title='bbox 2770 4992 3000 5063; x_wconf 79' lang='grc' dir='ltr'>βεϐαίως</span> <span class='ocrx_word' id='word_1_873' title='bbox 3029 4990 3195 5061; x_wconf 75' lang='grc' dir='ltr'>ἔχειν,</span> <span class='ocrx_word' id='word_1_874' title='bbox 3225 4991 3394 5058; x_wconf 71' lang='grc' dir='ltr'>φησὶν</span> <span class='ocrx_word' id='word_1_875' title='bbox 3422 4993 3453 5043; x_wconf 87' lang='grc' dir='ltr'>ὁ</span> <span class='ocrx_word' id='word_1_876' title='bbox 3488 4992 3643 5057; x_wconf 75' lang='grc' dir='ltr'>ἅγιος.</span> 
     </span>
    </p>
   </div>
   <div class='ocr_carea' id='block_1_113' title="bbox 2068 5081 3644 5155">
    <p class='ocr_par' dir='ltr' id='par_1_113' title="bbox 2068 5081 3644 5155">
     <span class='ocr_line' id='line_1_113' title="bbox 2068 5081 3644 5155; baseline -0.006 -15"><span class='ocrx_word' id='word_1_877' title='bbox 2068 5089 2132 5140; x_wconf 82' lang='grc' dir='ltr'><strong>Εἰ</strong></span> <span class='ocrx_word' id='word_1_878' title='bbox 2165 5087 2221 5139; x_wconf 85' lang='grc' dir='ltr'>δὲ</span> <span class='ocrx_word' id='word_1_879' title='bbox 2251 5086 2546 5155; x_wconf 81' lang='grc' dir='ltr'>ἀναγκαῖόν</span> <span class='ocrx_word' id='word_1_880' title='bbox 2577 5102 2710 5155; x_wconf 81' lang='grc' dir='ltr'>φασι</span> <span class='ocrx_word' id='word_1_881' title='bbox 2760 5083 2857 5155; x_wconf 83' lang='grc' dir='ltr'>τὴν</span> <span class='ocrx_word' id='word_1_882' title='bbox 2894 5084 3028 5155; x_wconf 84' lang='grc' dir='ltr'>ὕλην</span> <span class='ocrx_word' id='word_1_883' title='bbox 3093 5082 3225 5152; x_wconf 81' lang='grc' dir='ltr'>πρὸς</span> <span class='ocrx_word' id='word_1_884' title='bbox 3261 5081 3644 5152; x_wconf 72' lang='grc' dir='ltr'>συμπλήρωσιν</span> 
     </span>
    </p>
   </div>
   <div class='ocr_carea' id='block_1_114' title="bbox 2067 5174 3644 5252">
    <p class='ocr_par' dir='ltr' id='par_1_114' title="bbox 2067 5174 3644 5252">
     <span class='ocr_line' id='line_1_114' title="bbox 2067 5174 3644 5252; baseline -0.006 -17"><span class='ocrx_word' id='word_1_885' title='bbox 2067 5182 2296 5252; x_wconf 83' lang='grc' dir='ltr'>κόσμου,</span> <span class='ocrx_word' id='word_1_886' title='bbox 2331 5180 2448 5244; x_wconf 86' lang='grc' dir='ltr'><strong>πῶς</strong></span> <span class='ocrx_word' id='word_1_887' title='bbox 2487 5184 2519 5251; x_wconf 80' lang='grc' dir='ltr'>ἡ</span> <span class='ocrx_word' id='word_1_888' title='bbox 2576 5180 2676 5250; x_wconf 90' lang='grc' dir='ltr'><strong>ὕλη</strong></span> <span class='ocrx_word' id='word_1_889' title='bbox 2716 5177 2927 5239; x_wconf 75' lang='grc' dir='ltr'>κακὸνς</span> <span class='ocrx_word' id='word_1_890' title='bbox 2973 5176 3285 5245; x_wconf 84' lang='grc' dir='ltr'>Σημείωσαι</span> <span class='ocrx_word' id='word_1_891' title='bbox 3315 5175 3397 5239; x_wconf 84' lang='grc' dir='ltr'>δὲ,</span> <span class='ocrx_word' id='word_1_892' title='bbox 3446 5176 3532 5228; x_wconf 82' lang='grc' dir='ltr'>ὅτι</span> <span class='ocrx_word' id='word_1_893' title='bbox 3560 5174 3644 5241; x_wconf 73' lang='grc' dir='ltr'>τὴν</span> 
     </span>
    </p>
   </div>
   <div class='ocr_carea' id='block_1_115' title="bbox 2068 5267 3640 5346">
    <p class='ocr_par' dir='ltr' id='par_1_115' title="bbox 2068 5267 3640 5346">
     <span class='ocr_line' id='line_1_115' title="bbox 2068 5267 3640 5346; baseline -0.007 -17"><span class='ocrx_word' id='word_1_894' title='bbox 2068 5276 2202 5346; x_wconf 86' lang='grc' dir='ltr'>ὕλην</span> <span class='ocrx_word' id='word_1_895' title='bbox 2231 5276 2291 5342; x_wconf 79' lang='grc' dir='ltr'>ἐξ</span> <span class='ocrx_word' id='word_1_896' title='bbox 2315 5274 2629 5335; x_wconf 80' lang='grc' dir='ltr'>ὑποθέσεως</span> <span class='ocrx_word' id='word_1_897' title='bbox 2656 5269 2952 5338; x_wconf 84' lang='grc' dir='ltr'>ἀναγκαῖόν</span> <span class='ocrx_word' id='word_1_898' title='bbox 2989 5285 3153 5339; x_wconf 81' lang='grc' dir='ltr'>φησιν</span> <span class='ocrx_word' id='word_1_899' title='bbox 3181 5270 3210 5319; x_wconf 81' lang='grc' dir='ltr'>ὁ</span> <span class='ocrx_word' id='word_1_900' title='bbox 3252 5267 3640 5336; x_wconf 78' lang='grc' dir='ltr'>Ἀριστοτέλης.</span> 
     </span>
    </p>
   </div>
   <div class='ocr_carea' id='block_1_116' title="bbox 2067 5354 3642 5430">
    <p class='ocr_par' dir='ltr' id='par_1_116' title="bbox 2067 5354 3642 5430">
     <span class='ocr_line' id='line_1_116' title="bbox 2067 5354 3642 5430; baseline -0.009 -11"><span class='ocrx_word' id='word_1_901' title='bbox 2067 5368 2143 5430; x_wconf 83' lang='grc' dir='ltr'>ὼς</span> <span class='ocrx_word' id='word_1_902' title='bbox 2180 5366 2355 5429; x_wconf 78' lang='grc' dir='ltr'>εἴδους</span> <span class='ocrx_word' id='word_1_903' title='bbox 2377 5365 2528 5428; x_wconf 79' lang='grc' dir='ltr'>ὄντος</span> <span class='ocrx_word' id='word_1_904' title='bbox 2556 5363 2855 5429; x_wconf 84' lang='grc' dir='ltr'>ἀναγκαῖον</span> <span class='ocrx_word' id='word_1_905' title='bbox 2906 5355 3046 5411; x_wconf 81' lang='grc' dir='ltr'>εἶναι</span> <span class='ocrx_word' id='word_1_906' title='bbox 3086 5358 3179 5411; x_wconf 75' lang='grc' dir='ltr'><strong>καὶ</strong></span> <span class='ocrx_word' id='word_1_907' title='bbox 3210 5357 3345 5425; x_wconf 81' lang='grc' dir='ltr'>ὕλην</span> <span class='ocrx_word' id='word_1_908' title='bbox 3370 5374 3383 5386; x_wconf 79' lang='grc'><em>’</em></span> <span class='ocrx_word' id='word_1_909' title='bbox 3422 5356 3505 5408; x_wconf 78' lang='grc' dir='ltr'>ἔνι</span> <span class='ocrx_word' id='word_1_910' title='bbox 3549 5354 3642 5421; x_wconf 67' lang='grc' dir='ltr'><strong>γὰρ</strong></span> 
     </span>
    </p>
   </div>
   <div class='ocr_carea' id='block_1_117' title="bbox 2068 5440 3640 5519">
    <p class='ocr_par' dir='ltr' id='par_1_117' title="bbox 2068 5440 3640 5519">
     <span class='ocr_line' id='line_1_117' title="bbox 2068 5440 3640 5519; baseline -0.012 -9"><span class='ocrx_word' id='word_1_911' title='bbox 2068 5457 2161 5510; x_wconf 75' lang='grc' dir='ltr'>καὶ</span> <span class='ocrx_word' id='word_1_912' title='bbox 2189 5456 2252 5508; x_wconf 85' lang='grc' dir='ltr'>τὸ</span> <span class='ocrx_word' id='word_1_913' title='bbox 2274 5452 2413 5515; x_wconf 84' lang='grc' dir='ltr'>εἶδος</span> <span class='ocrx_word' id='word_1_914' title='bbox 2439 5454 2755 5519; x_wconf 84' lang='grc' dir='ltr'>ἀναγκαῖον.</span> <span class='ocrx_word' id='word_1_915' title='bbox 2832 5447 2991 5501; x_wconf 79' lang='grc' dir='ltr'>Ἀλλά</span> <span class='ocrx_word' id='word_1_916' title='bbox 3045 5442 3105 5500; x_wconf 77' lang='grc' dir='ltr'><strong>οὕ</strong></span> <span class='ocrx_word' id='word_1_917' title='bbox 3146 5446 3308 5498; x_wconf 75' lang='grc' dir='ltr'>ἕνεκα</span> <span class='ocrx_word' id='word_1_918' title='bbox 3334 5462 3348 5509; x_wconf 88' lang='grc'>;</span> <span class='ocrx_word' id='word_1_919' title='bbox 3388 5446 3489 5498; x_wconf 72' lang='grc' dir='ltr'>καὶ</span> <span class='ocrx_word' id='word_1_920' title='bbox 3518 5444 3573 5496; x_wconf 78' lang='grc' dir='ltr'><strong>τὸ</strong></span> <span class='ocrx_word' id='word_1_921' title='bbox 3600 5440 3640 5492; x_wconf 77' lang='grc' dir='ltr'><strong>τί</strong></span> 
     </span>
    </p>
   </div>
   <div class='ocr_carea' id='block_1_118' title="bbox 2064 5536 3641 5623">
    <p class='ocr_par' dir='ltr' id='par_1_118' title="bbox 2064 5536 3641 5623">
     <span class='ocr_line' id='line_1_118' title="bbox 2064 5536 3641 5623; baseline -0.014 -17"><span class='ocrx_word' id='word_1_922' title='bbox 2064 5549 2133 5623; x_wconf 81' lang='grc' dir='ltr'>ἦν</span> <span class='ocrx_word' id='word_1_923' title='bbox 2164 5548 2342 5615; x_wconf 88' lang='grc' dir='ltr'>εἷναι;</span> <span class='ocrx_word' id='word_1_924' title='bbox 2372 5552 2405 5620; x_wconf 79' lang='grc' dir='ltr'>ὴ</span> <span class='ocrx_word' id='word_1_925' title='bbox 2439 5549 2494 5602; x_wconf 85' lang='grc' dir='ltr'>δὲ</span> <span class='ocrx_word' id='word_1_926' title='bbox 2534 5546 2633 5618; x_wconf 87' lang='grc' dir='ltr'><strong>ὕλη</strong></span> <span class='ocrx_word' id='word_1_927' title='bbox 2688 5540 3010 5598; x_wconf 80' lang='grc' dir='ltr'>ὑποθετικὸν</span> <span class='ocrx_word' id='word_1_928' title='bbox 3044 5542 3361 5607; x_wconf 82' lang='grc' dir='ltr'>ἀναγκαῖον,</span> <span class='ocrx_word' id='word_1_929' title='bbox 3387 5540 3465 5601; x_wconf 78' lang='grc' dir='ltr'>ὡς</span> <span class='ocrx_word' id='word_1_930' title='bbox 3502 5536 3641 5607; x_wconf 79' lang='grc' dir='ltr'>πρίο-</span> 
     </span>
    </p>
   </div>
   <div class='ocr_carea' id='block_1_119' title="bbox 2066 5628 3638 5707">
    <p class='ocr_par' dir='ltr' id='par_1_119' title="bbox 2066 5628 3638 5707">
     <span class='ocr_line' id='line_1_119' title="bbox 2066 5628 3638 5707; baseline -0.01 -9"><span class='ocrx_word' id='word_1_931' title='bbox 2066 5662 2154 5707; x_wconf 89' lang='grc' dir='ltr'><strong>νος</strong></span> <span class='ocrx_word' id='word_1_932' title='bbox 2190 5642 2545 5704; x_wconf 83' lang='grc' dir='ltr'>ὑποτεθέντος</span> <span class='ocrx_word' id='word_1_933' title='bbox 2569 5635 2728 5701; x_wconf 78' lang='grc' dir='ltr'>εἶναι,</span> <span class='ocrx_word' id='word_1_934' title='bbox 2762 5637 2975 5705; x_wconf 85' lang='grc' dir='ltr'>ἀνάγκη</span> <span class='ocrx_word' id='word_1_935' title='bbox 3008 5628 3145 5685; x_wconf 76' lang='grc' dir='ltr'>εἶναι</span> <span class='ocrx_word' id='word_1_936' title='bbox 3195 5631 3439 5701; x_wconf 80' lang='grc' dir='ltr'>σίδηρον,</span> <span class='ocrx_word' id='word_1_937' title='bbox 3482 5628 3638 5686; x_wconf 77' lang='grc' dir='ltr'>ἄλλως</span> 
     </span>
    </p>
   </div>
   <div class='ocr_carea' id='block_1_120' title="bbox 2067 5723 3638 5806">
    <p class='ocr_par' dir='ltr' id='par_1_120' title="bbox 2067 5723 3638 5806">
     <span class='ocr_line' id='line_1_120' title="bbox 2067 5723 3638 5806; baseline -0.012 -16"><span class='ocrx_word' id='word_1_938' title='bbox 2067 5737 2175 5806; x_wconf 84' lang='grc' dir='ltr'>γὰρ</span> <span class='ocrx_word' id='word_1_939' title='bbox 2221 5735 2280 5787; x_wconf 85' lang='grc' dir='ltr'><strong>οὑ</strong></span> <span class='ocrx_word' id='word_1_940' title='bbox 2341 5734 2563 5787; x_wconf 80' lang='grc' dir='ltr'>δύναται</span> <span class='ocrx_word' id='word_1_941' title='bbox 2607 5728 2966 5801; x_wconf 83' lang='grc' dir='ltr'>συσταθῆναι·</span> <span class='ocrx_word' id='word_1_942' title='bbox 3026 5725 3086 5777; x_wconf 89' lang='grc' dir='ltr'><strong>οὑ</strong></span> <span class='ocrx_word' id='word_1_943' title='bbox 3138 5723 3244 5794; x_wconf 81' lang='grc' dir='ltr'>μὴν</span> <span class='ocrx_word' id='word_1_944' title='bbox 3296 5724 3357 5787; x_wconf 77' lang='grc' dir='ltr'>ἐξ</span> <span class='ocrx_word' id='word_1_945' title='bbox 3410 5723 3638 5790; x_wconf 71' lang='grc' dir='ltr'>ἀνάγκης</span> 
     </span>
    </p>
   </div>
  </div>
