3768 6290
138 272 244 348 sos

724 298 813 353 DE
846 297 1101 354 DIVINIS
1134 298 1539 365 NOMINIBUS,
1573 298 1729 355 CAP.
1768 298 1858 357 IV.
1894 332 1963 342 —
1998 298 2347 355 PARAPHII.
2385 296 2865 355 PACHYMERE.

3328 297 3435 358 8M

141 410 256 463 ἔστι
293 411 542 483 σίδηρος,
586 414 691 469 κᾶν
744 414 916 488 μέλλῃ
944 416 1199 484 γενέσθαι
1258 419 1457 488 πρίων,
1492 415 1596 469 κᾶν
1648 416 1722 486 μή

1904 415 2179 481 am;|icet
2202 415 2369 470 etiam
2417 422 2530 469 tum
2583 413 2758 469 forma
2813 415 3124 470 necessaria
3176 414 3266 471 sit.
3329 417 3436 472 Sed

155 503 310 557 Ἐπεὶ
339 506 400 559 δὲ
428 510 457 560 ὁ
484 507 814 577 δημιουργὸς
834 508 1074 578 παράγει
1105 511 1171 563 ὲκ
1224 509 1399 564 κακοῦ
1447 510 1547 580 τῆς
1573 508 1705 579 ὕλης
1725 547 1741 571 ,

140 596 235 648 καὶ
264 597 367 651 οὑκ
392 598 454 663 ἐξ
486 598 717 668 ἀγαθοῦ,
761 598 794 668 ἢ
823 600 947 651 ἐπεὶ
970 602 1003 670 ὴ
1028 600 1128 671 ὕλη
1162 601 1255 656 τοῦ
1295 601 1469 666 εἴδους
1508 600 1741 670 ἐφίεται,

142 687 262 739 κατ’
295 688 522 753 αὑτοὺς,
560 689 679 753 πῶς
712 690 882 743 κακὸν
951 689 1014 742 τὸ
1065 690 1160 744 τοῦ
1221 691 1388 745 καλοῦ
1422 692 1742 762 ὲφιέμενονς

143 776 337 846 φεύγει
369 779 483 850 γὰρ
518 782 613 834 καὶ
664 781 897 852 μάχεται
944 780 1007 835 rb
1060 784 1231 837 κακὸν
1268 783 1592 855 τῷιὰγαθῴ.
1619 782 1745 847 Πῶς

139 867 195 919 δὲ
224 869 285 921 τὸ
318 871 495 926 κακὸν
520 875 837 944 γεννητικὸν
863 876 959 929 καὶ
986 876 1266 946 ποιητικόν
1306 878 1476 940 ἐστιν,
1508 876 1634 931 ἐπεὶ
1655 878 1743 933 λέ-

142 976 355 1028 γουσιν,
384 962 470 1015 ὅτι
501 965 534 1035 ἡ
566 963 664 1036 ὕλη
708 965 900 1036 τρέφει
946 964 1047 1037 τὴν
1111 965 1294 1035 φύσιν,
1345 968 1535 1042 ὥσπερ
1594 972 1743 1043 καὶὴ

140 1054 219 1116 είς
250 1052 454 1106 καῦσιν
491 1056 773 1128 ἐπιτηδεία
810 1057 911 1128 ὕλη
949 1056 1011 1111 rb
1042 1057 1196 1129 πῦρ;
1237 1061 1300 1113 Εί
1328 1060 1385 1114 δὲ
1410 1061 1638 1127 εἴποιεν,
1662 1064 1744 1118 ὃτι

142 1144 282 1215 αὑτὴ
313 1145 415 1215 μὲν
444 1146 479 1215 ἡ
504 1146 603 1219 ὕλη
662 1148 831 1202 κακὸν
862 1150 922 1203 οὑ
957 1152 1123 1214 ποιεί,
1154 1151 1335 1224 ἀγαθὴ
1368 1153 1425 1208 δὲ
1465 1150 1621 1218 οὖσα,
1661 1157 1747 1210 δὺ-

141 1254 305 1306 ναμιν
328 1238 733 1311 ὲφελκυστικὴν
763 1243 844 1304 είς
878 1241 939 1295 rb
967 1242 1159 1307 κακὸν,
1193 1244 1311 1308 πῶς
1337 1244 1496 1298 τοῦτο
1525 1246 1742 1319 ἀληθὲς,

147 1329 265 1380 επεὶ
323 1330 525 1384 πολλαὶ
574 1331 744 1403 ψυχαὶ
801 1333 1012 1406 σώματι
1053 1338 1147 1391 καὶ
1207 1335 1310 1411 ὕλῃ
1364 1338 1744 1409 συνδεδεμέναι

145 1421 279 1492 πρὸς
302 1421 366 1475 rb
412 1423 616 1492 ἀγαθὸν
669 1425 996 1495 βλέπουσιν;
1038 1429 1153 1483 Οὑκ
1191 1425 1309 1483 ἔδει
1357 1427 1435 1492 δὲ,
1488 1431 1649 1503 εἴπερ
1686 1429 1747 1496 ἐξ

144 1513 393 1585 ἀνάγκης
426 1510 496 1586 ἦν
527 1516 589 1569 τὸ
620 1518 771 1590 παρά
810 1520 910 1591 τῆς
940 1519 1074 1592 ὕλης
1117 1520 1467 1591 ἐφέλκεσθαι,
1516 1522 1657 1575 ὥστε
1685 1523 1746 1577 rb

142 1608 248 1661 πᾶν
283 1609 352 1661 ἐκ
385 1611 770 1682 προαιρέσεώς
798 1616 967 1668 ἐστιν.
1002 1615 1065 1667 Εί
1101 1614 1159 1668 δὲ
1207 1614 1356 1684 λέγει
1393 1633 1502 1679 τις,
1532 1615 1745 1670 ὅτιτῶν

141 1704 327 1774 ,μυχῶν
358 1706 575 1770 ὲκείνας
598 1708 826 1777 κατάγει
858 1710 891 1780 ἡ
924 1708 1045 1781 ὕλη,
1068 1711 1190 1763 ὅσαι
1218 1707 1452 1762 εὔεικτοί
1474 1710 1581 1762 είσι
1608 1708 1745 1782 πρὸς

1846 524 1954 574 qua
1992 509 2059 562 de
2090 523 2285 573 causa,
2322 508 2523 576 quidve
2552 508 2655 562 hoc
2687 507 2791 562 sibi
2824 506 2979 563 vult?
3019 510 3247 563 materia
3284 511 3434 572 vide-3

1845 599 1973 654 licet
1992 615 2059 655 ex
2082 599 2457 669 suppositione
2479 600 2792 655 necessaria
2822 608 2942 666 est,
2962 601 3124 666 sicut,
3153 603 3437 672 supposito

1844 693 1987 762 quod
2011 694 2085 747 sit
2112 708 2289 757 serra,
2318 708 2547 747 necesse
2565 706 2645 748 est
2675 708 2803 749 esse
2834 693 3063 759 ferrum,
3094 694 3262 750 aliter
3285 696 3430 751 enim

1845 791 2104 837 constare
2174 782 2412 851 nequit:
2456 799 2562 837 non
2619 793 2803 837 autem
2855 784 3167 839 necessario
3225 783 3432 839 ferrum

1848 876 2098 940 exsistit,
2122 874 2241 931 sive
2258 891 2409 930 serra
2436 876 2617 931 futura
2643 878 2738 937 sit.
2768 877 2886 932 sive
2917 893 3047 935 non.
3079 876 3216 933 Cum
3245 888 3430 932 autem

1846 969 2083 1024 Creator
2132 984 2198 1023 ex
2248 968 2392 1023 malo
2438 969 2720 1024 materiam
2774 972 3063 1039 producat,
3114 981 3169 1026 et
3228 986 3335 1025 non
3364 987 3432 1026 ex

1849 1063 2142 1125 bono;vel
2180 1079 2328 1127 cum,
2382 1064 2538 1134 juxta
2578 1064 2721 1130 illos,
2775 1066 3007 1119 materia
3063 1064 3295 1119 formam
3328 1082 3431 1119 ex-

1848 1162 2018 1222 petat,
2055 1154 2330 1222 quomodo
2362 1155 2565 1210 malum
2619 1167 2704 1212 est
2749 1159 2893 1226 quod
2950 1158 3150 1213 bonum
3181 1159 3434 1229 appetit?

1850 1244 2049 1313 refugit
2078 1246 2223 1300 enim
2253 1255 2309 1301 et
2340 1257 2608 1317 repugnat
2662 1249 2864 1303 malum
2934 1250 3100 1305 bono.
3146 1250 3433 1317 Quomodo

1847 1344 1981 1390 vero
2006 1337 2173 1389 etiam
2221 1336 2423 1390 malum
2483 1339 2783 1406 generandi
2814 1348 2869 1393 et
2898 1338 3168 1394 eﬂiciendi
3197 1341 3301 1395 vim
3336 1341 3434 1394 Ita-

1847 1427 1960 1493 bet,
2004 1429 2451 1500 quandoquidem
2509 1431 2719 1497 dicant,
2770 1433 3061 1486 materiam
3095 1433 3307 1487 nutrire
3334 1448 3435 1487 na-

1850 1530 2056 1586 turam,
2114 1536 2223 1576 non
2277 1536 2435 1576 secus
2483 1536 2548 1576 ac
2606 1521 2838 1575 materia
2888 1522 3249 1577 combustioni
3302 1532 3431 1591 apta

1850 1612 2081 1683 ignem?
2113 1614 2174 1668 Si
2215 1624 2399 1669 autem
2439 1614 2647 1679 dicant,
2681 1615 2970 1670 materiam
3011 1616 3227 1683 quidem
3257 1615 3430 1685 ipsam

1848 1706 2050 1761 malum
2082 1723 2190 1762 non
2228 1708 2433 1775 facere,
2490 1707 2604 1771 sed,
2652 1723 2774 1762 cum
2805 1708 2875 1762 sit
2906 1706 3073 1774 bona,
3100 1708 3300 1762 habere
3322 1707 3431 1761 vim

140 1796 346 1869 αὑτὴν,
410 1798 537 1851 ὂσαι
583 1799 639 1851 δὲ
680 1798 763 1863 οὒ,
803 1801 864 1853 οὑ
913 1800 1157 1864 δύναται,
1214 1802 1339 1853 ἐπεὶ
1383 1801 1611 1854 κάκεῖνα
1632 1801 1726 1854 τῶι

1904 1799 2199 1853 .tractivam
2234 1799 2302 1853 ad
2357 1799 2581 1864 malum,
2616 1801 2891 1869 quomodo
2924 1800 3030 1855 hoc
3062 1815 3275 1863 verum,
3308 1815 3432 1854 cum

140 1888 561 1959 πλησιαζόντων
599 1892 743 1944 καίει
769 1891 830 1945 rb
857 1892 991 1965 πῦρ,
1051 1892 1153 1946 ὅσα
1180 1892 1497 1946 ὑπείκουσιν
1527 1892 1740 1960 ὑπείξει

140 1981 346 2050 φυσικῇ
376 1979 517 2051 πρὸς
547 1980 607 2033 rb
665 1981 796 2053 πῦρ,
828 1982 928 2054 τὴν
959 1983 1015 2036 δὲ
1044 1982 1426 2055 σαλαμάνδραν
1471 1983 1577 2036 οὐδ’
1603 1982 1738 2047 ὅλως

139 2071 308 2136 ιιαίει,
356 2060 499 2130 ὥστε
524 2075 794 2143 ἀναγκαία
831 2077 863 2148 ἡ
898 2076 996 2149 ὕλη
1038 2078 1186 2131 ἐστὶν
1234 2080 1314 2142 είς
1337 2078 1397 2131 rb
1424 2078 1601 2131 ἕλκειν
1657 2078 1738 2141 είς

133 2164 339 2217 κακίαν
364 2164 477 2219 τῶν
510 2167 584 2238 μὴ
608 2169 694 2235 ἐφ’
720 2168 925 2221 ἑαυτῶν
975 2167 1297 2239 ἱδρυμένων,
1339 2168 1511 2240 πῶςῆ
1548 2167 1609 2221 rb
1638 2184 1740 2220 κα-

137 2255 231 2308 κὸν
262 2256 587 2324 ἀναγκαῖον,
642 2258 674 2328 ἢ
737 2258 797 2310 rb
838 2259 1135 2327 ἀναγκαῖον
1186 2259 1389 2323 κακόν;
1434 2260 1507 2312 Tb
1537 2259 1648 2332 γάρ
1677 2259 1737 2326 ἐξ

134 2348 410 2420 ἀνάγκης,
440 2351 518 2414 ὡς
537 2351 678 2404 κατὰ
715 2351 875 2421 φύσιν
897 2353 979 2415 δν,
1005 2352 1064 2404 οὑ
1094 2352 1283 2405 κακόν.
1324 2352 1534 2415 Ἀλλως
1555 2370 1614 2404 τε
1642 2352 1738 2405 καὶ

132 2439 289 2491 οὐδὲν
316 2436 484 2512 ἦττον
515 2441 765 2494 ἐντεῦθεν
790 2441 989 2512 μᾶλλον
1038 2442 1352 2495 συνίσταται
1396 2443 1429 2513 ἡ
1486 2443 1740 2513 προαίρε-

135 2544 253 2593 σις·
293 2534 431 2604 παρ’
461 2534 597 2605 ἡμῖν
627 2533 736 2604 γάρ
788 2535 904 2587 ἐστι
962 2534 1055 2587 καὶ
1104 2533 1164 2586 rb
1210 2533 1458 2605 ἱδρῦσθαι
1508 2534 1740 2604 ἐφ’ὲαυ-

132 2623 265 2686 τῶν,
291 2626 388 2677 καὶ
415 2625 477 2678 rb
502 2625 603 2697 μὴ,
637 2625 771 2678 ἀλλά
804 2626 941 2697 πρὸς
986 2624 1054 2678 τὰ
1104 2624 1250 2695 πάθη
1282 2624 1606 2696 χαυνοῦσθαι
1645 2626 1739 2680 καὶ

133 2715 475 2768 ὑποκλίνειν.

1846 1888 2032 1944 multae
2059 1890 2257 1944 animae
2291 1892 2503 1959 corpori
2538 1891 2887 1961 materiaeque
2931 1891 3197 1962 colligata:
3229 1891 3430 1945 bonum

1839 1979 2002 2051 421
2032 1982 2315 2051 spectent?
2347 1980 2459 2035 Hoc
2491 1993 2674 2036 autem
2731 1997 2838 2035 non
2873 1993 3129 2051 possent,
3160 1982 3430 2050 siquidem

1842 2088 1910 2126 ex
1947 2072 2277 2126 necessitate
2308 2088 2337 2125 a
2368 2073 2597 2127 materia
2632 2073 3060 2138 attralterentnr,
3090 2074 3346 2142 quoniam
3381 2073 3432 2126 id

1842 2178 2005 2218 onme
2028 2178 2091 2218 ex
2128 2163 2295 2217 animi
2351 2164 2721 2219 destinatione
2750 2165 2992 2219 exsistit.
3031 2164 3183 2231 Quod
3232 2164 3275 2218 si
3306 2165 3433 2233 quis

1844 2256 2013 2318 dicat,
2046 2255 2338 2309 materiam
2374 2255 2495 2309 illas
2530 2256 2744 2310 animas
2797 2255 3052 2326 pellicere
3084 2271 3204 2324 qua:
3236 2256 3308 2309 illi
3345 2254 3430 2307 fa-

1844 2345 1951 2400 cile
1983 2350 2210 2409 cedunt,
2242 2343 2382 2399 alias
2410 2354 2594 2399 autem
2625 2359 2734 2399 non
2776 2360 2936 2414 posse
2970 2345 3260 2415 pellicere;
3287 2346 3433 2398 sicut

1843 2439 2012 2493 etiam
2046 2437 2193 2507 ignis
2226 2437 2319 2491 illa
2374 2451 2608 2507 corpora
2667 2436 2847 2491 vicina
2880 2437 3011 2503 urit,
3042 2452 3163 2506 qua:
3196 2435 3431 2489 naturali

1844 2530 2190 2585 ﬂexibilitate
2227 2530 2336 2601 igni
2369 2530 2598 2595 cedunt,
2629 2529 3039 2584 salamandram
3070 2544 3200 2584 vero
3227 2544 3432 2597 nequa-

1847 2638 2012 2693 quam
2046 2622 2341 2688 comburit,
2370 2632 2532 2692 atque
2560 2622 2634 2677 ita
2669 2623 2897 2677 materia
2932 2623 3243 2678 necessaria
3270 2624 3342 2675 sit
3364 2621 3430 2674 ad

1844 2715 2269 2786 pertraltendum
2303 2714 2370 2767 ad
2412 2714 2614 2768 malum
2663 2714 2753 2769 illa
2803 2730 2924 2784 quae
2970 2715 3023 2769 in
3059 2731 3120 2771 se
3167 2729 3274 2769 non
3303 2720 3433 2767 sunt

135 2808 386 2871 ﬁrmata;
434 2808 710 2879 quomodo
761 2809 962 2864 malum
1016 2819 1096 2864 est
1146 2810 1542 2877 necessarium,
1608 2809 1692 2864 vel
1741 2809 1794 2864 id
1848 2807 1994 2878 quod
2047 2808 2418 2862 necessarium
2476 2815 2581 2871 est,
2649 2814 2732 2861 est
2772 2808 3017 2862 malum?
3077 2808 3230 2874 Quod
3282 2806 3431 2860 enim

134 2897 295 2964 quasi
338 2914 404 2953 ex
460 2910 652 2953 natura
687 2902 1057 2956 necessarium
1103 2910 1208 2969 est,
1237 2918 1343 2957 non
1388 2910 1478 2965 est,
1508 2902 1734 2956 malum.
1789 2900 1942 2955 Alias
1988 2900 2155 2955 etiam
2188 2914 2296 2952 non
2337 2899 2517 2953 minus
2570 2899 2700 2954 hinc
2755 2899 2929 2970 magis
2951 2899 3313 2954 conﬁrmatur
3359 2897 3430 2951 li-

132 2991 643 3063 bertas;quoniam
669 2994 722 3049 in
761 3006 947 3051 nostra
1006 3007 1279 3067 potestate
1319 2997 1485 3053 situm
1541 3001 1729 3063 est,ln
1770 2998 1931 3053 nobis
1961 2996 2094 3066 ipsis
2146 2994 2406 3061 stabiliri,
2456 2994 2543 3050 vel
2594 3011 2726 3070 non,
2783 2995 2879 3050 sed
2940 2994 3293 3065 passionibus
3340 3008 3431 3048 re-

131 3085 271 3139 δοινί
304 3099 371 3139 ac
402 3084 711 3154 subjugari.

203 3177 232 3248 §
288 3176 483 3233 XXIX.
534 3178 686 3232 Ἐπεὶ
705 3180 811 3234 δὲό
850 3181 1228 3255 Ἀριστοτέλης
1258 3183 1400 3256 μετά
1455 3184 1558 3254 τῆς
1604 3183 1726 3255 ὕλης

1914 3181 1941 3255 §
1975 3180 2170 3237 XXIX.
2202 3180 2339 3235 Cum
2366 3186 2549 3233 autem
2602 3172 2928 3230 Aristoteles
2960 3190 3063 3229 una
3097 3189 3220 3229 cum
3257 3181 3437 3229 matc-

130 3270 227 3321 κει)⁸
254 3267 355 3320 τοῦ
385 3268 563 3332 εἴδους
584 3270 763 3341 ἀρχὴν
784 3270 968 3342 τίθησι
1002 3273 1097 3326 καὶ
1139 3274 1237 3345 τὴν
1291 3274 1569 3346 στέρησιν,
1600 3275 1634 3346 ἢ
1664 3275 1730 3347 δὴ

129 3359 353 3413 ἐναντία
386 3362 513 3413 ἐστὶ
542 3361 619 3432 τῷ
646 3362 799 3428 εἴδει,
833 3366 929 3417 καὶ
948 3367 1014 3436 τῇ
1056 3364 1157 3439 ὕλῃ
1180 3366 1381 3430 ἔνεστι,
1424 3368 1590 3438 φησιν
1647 3368 1730 3420 ὅτι

129 3450 225 3502 καὶ
252 3450 394 3522 αὑτὴ
434 3451 554 3521 δὴῄ
589 3451 850 3523 στέρησις
879 3454 938 3507 οὑ
978 3456 1211 3525 μάχεται
1253 3454 1331 3526 τῷ
1377 3456 1566 3527 ἀγαθῷ
1589 3457 1731 3512 κατὰ

128 3542 226 3613 τὴν
273 3542 490 3595 οἰκείαν
553 3541 819 3614 δύναμιν·
882 3548 915 3616 ἡ
975 3547 1230 3618 στέρησις
1268 3548 1378 3620 γάρ
1438 3550 1538 3602 οὑκ
1586 3550 1731 3603 ἔστιν

129 3634 465 3698 ὑπόστασις⁸
529 3635 591 3688 rb
641 3636 697 3688 δὲ
732 3637 810 3709 μὴ
859 3640 1226 3711 ὑφιστάμενον
1270 3642 1432 3695 ποίαν
1465 3641 1576 3707 ἔξει
1630 3643 1731 3714 τὴν

126 3726 382 3798 δύναμιν.
404 3728 469 3780 Ei
498 3727 555 3780 δέ
583 3729 699 3780 ἐστι
736 3731 957 3801 μερικὴ,
979 3732 1055 3794 ὡς
1070 3732 1193 3784 τόδε
1228 3733 1325 3803 μὲν
1346 3729 1485 3787 εἷναί
1508 3752 1581 3798 τι,
1610 3734 1730 3787 τόδε

126 3820 182 3873 δὲ
218 3820 295 3891 μὴ
324 3816 490 3883 εἶναι,
512 3822 546 3891 ἡ
586 3820 811 3893 τοιαὺτη
846 3823 1103 3895 στέρησις
1130 3825 1189 3877 οὑ
1223 3825 1502 3889 παντελῶς
1526 3825 1693 3879 κακόν
1714 3844 1727 3857 ·

128 3913 446 3982 στερήσεως
466 3911 577 3982 γὰρ
618 3913 850 3984 μερικῆς
888 3913 1056 3985 οὔσης
1102 3916 1197 3969 τοῦ
1231 3916 1460 3985 ἀγαθοῦ,
1486 3917 1586 3987 οὑχ
1613 3917 1733 3969 ὀλο-

126 4002 297 4065 τελῶς
324 4002 389 4055 rb
427 4005 660 4074 πρᾶγμα
686 4004 851 4057 κακόν
871 4023 885 4035 ·
922 4007 1017 4059 καὶ
1040 4007 1359 4079 γενομένης,
1414 4009 1507 4061 ἐπὶ
1538 4007 1730 4061 τοσοῦ-

126 4107 218 4145 τον
260 4092 499 4164 λέγομεν
532 4094 780 4162 γίνεσθαι
829 4096 1067 4167 ταύτην,
1136 4097 1367 4151 καθόσον
1423 4099 1486 4152 τὸ
1526 4098 1731 4168 ἀγαθὸν

127 4182 443 4254 ἐπέρχεται.
475 4182 548 4236 Τὸ
594 4184 726 4253 γοῦν
772 4186 966 4254 οὔσης
987 4185 1232 4240 τέθεικεν
1274 4188 1367 4241 ἐπὶ
1415 4187 1524 4241 τῶν
1562 4186 1731 4242 πάλαι

128 4275 260 4328 ποτὲ
298 4275 697 4348 στερηθέντων,
721 4276 782 4330 rb
810 4277 866 4330 δὲ
897 4279 1225 4347 γενομένης
1250 4278 1344 4332 ἐπὶ
1373 4280 1481 4332 τῶν
1508 4280 1608 4353 ἤδη
1637 4281 1732 4334 καὶ

130 4367 424 4439 προσεχῶς
480 4367 771 4422 παθόντων
811 4369 912 4441 τὴν
957 4370 1232 4442 στέρησιν,
1283 4371 1459 4442 δηλῶν
1524 4373 1619 4426 καὶ
1670 4372 1732 4438 ἐξ

128 4458 483 4530 ἀμφοτέρων,
514 4459 597 4511 ὅτι
625 4460 745 4512 τότε
792 4461 824 4531 ἡ
873 4459 1131 4533 στέρησις
1180 4463 1610 4535 παρυφίσταται,
1638 4464 1729 4518 ὅτε

126 4551 189 4605 rb
217 4552 427 4622 ἀγαθὸν
447 4551 771 4624 ἀπέρχεται.

195 4645 431 4718 ςχχχ.
470 4646 592 4699 Ἔτι
654 4646 1025 4717 συλλογίζεται
1091 4648 1232 4702 κατά
1278 4648 1615 4719 Μανιχαίων,
1655 4646 1726 4701 δι’

124 4728 202 4790 ὧν
224 4736 634 4801 ἀποδείκνυσιν,
673 4738 755 4790 ὅτι
784 4739 885 4792 οὑκ
916 4740 1064 4793 ἔστιν
1118 4739 1181 4793 ὃν
1209 4740 1270 4793 rb
1301 4739 1470 4793 κακόν
1490 4756 1504 4766 ·
1537 4741 1586 4792 εί
1615 4740 1726 4813 γὰρ

126 4829 222 4881 καὶ
250 4828 420 4899 μήπω
441 4845 528 4890 τις
544 4830 774 4899 αἵρεσις,
793 4830 928 4884 ἀλλά
952 4829 1407 4902 προφυλακτικῶς
1427 4827 1724 4899 ἐνεπνεὼθη

125 4922 194 4975 τά
223 4922 324 4993 τὴν
347 4921 562 4993 πλάνην
591 4921 767 4974 αὑτῶν
791 4924 1183 4995 ἀνατρέποντα.
1214 4923 1447 4987 Ἴσωςδέ
1474 4924 1567 4977 καὶ
1588 4922 1725 4994 πρὸς

125 5032 277 5079 τινας
307 5015 419 5067 τῶν
446 5013 648 5080 ἔξωθεν
677 5015 834 5080 δόξας
856 5018 906 5069 oi
930 5015 1159 5070 τοιοῦτοι
1184 5015 1553 5087 συλλογισμοί.
1593 5017 1723 5069 Λοι-

128 5108 230 5160 πόν
256 5125 443 5177 φησιν,
473 5108 558 5161 ὅτι
600 5108 661 5161 rb
690 5108 895 5176 ἀγαθὸν
925 5111 991 5163 ἐκ
1022 5111 1153 5181 μιᾶς
1185 5111 1285 5181 τῆς
1328 5108 1438 5162 τῶν
1466 5107 1603 5161 ὅλων
1640 5108 1725 5161 al-

126 5202 247 5265 τίας
278 5201 507 5273 (ταύτην
536 5201 646 5274 γὰρ
678 5200 829 5269 λέγει
858 5202 987 5274 ὃλην
1026 5202 1263 5272 αἰτίαν),
1294 5201 1357 5255 rb
1386 5201 1442 5254 δὲ
1473 5199 1644 5255 κακδν
1659 5199 1720 5252 οὑ

126 5294 267 5347 κατά
296 5294 483 5363 φύσιν,
510 5293 627 5347 ἀλλ’
658 5296 722 5348 ὲκ
754 5294 966 5348 πολλῶν
1010 5294 1105 5347 καὶ
1147 5293 1389 5365 μερικῶν
1430 5292 1722 5360 ἐλλείψεων

127 5384 222 5437 τοῦ
250 5384 483 5454 ἀγαθοῦ.
535 5386 796 5456 Μερικῶν
840 5387 897 5439 δὲ
951 5385 1195 5458 εἴρηκεν,
1242 5387 1330 5440 ἵνα
1380 5384 1441 5438 rb
1491 5382 1721 5436 καθόλου

128 5478 323 5553 ἀνέλῃο
364 5482 398 5551 ἡ
447 5478 560 5550 γὰρ
590 5479 857 5550 παντελὴς
896 5479 1133 5547 ἔλλειψις
1155 5478 1216 5531 rb
1254 5476 1328 5549 μὴ
1366 5473 1506 5529 εἶναι
1535 5472 1723 5536 ἁπλῶς

132 5573 463 5644 συνίστησιν.
518 5572 634 5625 Οὑκ
671 5572 817 5624 ἐστιν
847 5571 956 5642 ἄρα
983 5571 1289 5642 ὡρισμένον
1325 5587 1382 5622 τι
1415 5568 1477 5621 rb
1510 5564 1679 5619 κακὸν
1704 5603 1720 5627 ,

268 5664 548 5734 ἀόριστον,
587 5663 662 5726 ὡς
691 5666 757 5715 ἐκ
818 5662 1027 5715 πολλῶν
1076 5662 1381 5733 γινόμενον.
1422 5659 1546 5721 Πῶς
1580 5655 1637 5709 δὲ
1660 5654 1723 5708 rb

127 5757 295 5810 κακὸν
320 5758 384 5809 ἐκ
410 5755 624 5810 πολλῶν
665 5756 990 5826 ἐλλείψεων;
1035 5755 1069 5827 ἢ
1100 5755 1365 5825 δηλονότι,
1406 5758 1463 5810 ὲν
1490 5754 1600 5825 ὅσῳ
1630 5751 1719 5805 ἐλ-

1755 4561 1804 4619 D

1837 3275 1916 3330 ria
1945 3284 2002 3332 et
2032 3275 2210 3330 forma
2237 3272 2569 3343 principium
2603 3277 2774 3339 ponat
2796 3276 2853 3322 et
2879 3267 3270 3337 privationem,
3302 3282 3428 3337 quin

1834 3368 2027 3438 utique
2061 3366 2342 3423 contraria
2369 3374 2451 3419 est
2478 3363 2688 3427 formae,
2711 3370 2765 3416 et
2820 3361 2966 3416 inest
3020 3360 3284 3425 materiae,
3328 3361 3430 3425 ait,

1833 3477 1905 3516 ne
1936 3464 2115 3530 ipsam
2166 3458 2391 3529 quidem
2432 3455 2799 3525 privationem
2852 3453 2995 3509 bono
3032 3468 3341 3524 repugnare
3375 3453 3426 3506 vi

1834 3566 1970 3617 Sua;
1997 3566 2125 3605 nam
2158 3548 2396 3619 privatio
2425 3564 2532 3603 non
2565 3546 2850 3609 subsistit;
2904 3545 3050 3615 quod
3080 3555 3264 3599 autem
3320 3558 3426 3597 non

1832 3643 2108 3706 subsistit,
2148 3642 2375 3713 qualem
2405 3642 2517 3695 vim
2572 3640 2842 3695 habebit?
2874 3638 3028 3705 Quod
3077 3638 3122 3693 si
3180 3639 3431 3708 partialis

1833 3738 1924 3803 sit,
1966 3746 2023 3790 ut
2070 3735 2173 3789 hoc
2202 3734 2423 3805 quidem
2489 3733 2582 3798 sit,
2613 3732 2761 3786 aliud
2794 3747 2932 3786 vero
2959 3745 3066 3784 non
3103 3730 3196 3794 sit,
3234 3730 3426 3784 istius-

1834 3826 1979 3880 tnodi
2015 3825 2250 3893 privatio
2291 3840 2400 3878 non
2424 3823 2650 3878 omnino
2677 3820 2816 3875 mala
2840 3838 2855 3875 :
2882 3820 3098 3890 partiali
3123 3819 3268 3873 enim
3296 3819 3427 3875 boni

1833 3915 2145 3984 privatione
2195 3915 2521 3980 exsistente,
2580 3928 2671 3967 res
2708 3913 2948 3966 nondum
2991 3911 3233 3980 perfecte
3285 3911 3425 3966 mala

1830 4018 1956 4071 est;
1989 4016 2045 4062 et
2078 4009 2206 4062 dum
2236 4006 2320 4070 ﬁt,
2353 4015 2581 4061 eatenus
2623 4004 2861 4060 dicimus
2909 4019 3031 4058 eam
3066 4002 3209 4067 ﬁeri,
3235 4012 3429 4073 quate-

1833 4116 1940 4156 nus
1966 4100 2165 4155 bonum
2214 4097 2596 4167 subsequitur.
2662 4095 2809 4149 Dixit
2854 4092 3022 4165 οὔσης
3076 4095 3145 4147 de
3205 4094 3272 4148 iis
3305 4108 3427 4161 qnte

1832 4190 1965 4248 olim
2026 4189 2322 4259 aliquando
2388 4187 2604 4257 privata
2658 4185 2902 4247 fuerunt,
2959 4183 3258 4255 γενομένης
3297 4198 3426 4235 vero

1834 4285 1904 4339 de
1928 4283 1998 4337 iis
2034 4297 2157 4351 quae
2188 4282 2349 4335 modo
2378 4288 2434 4334 et
2489 4278 2542 4334 in
2582 4278 3005 4349 praesentiarum
3060 4275 3423 4345 privationem

1832 4373 2139 4444 patiuntur,
2172 4387 2240 4427 ex
2269 4381 2506 4440 utroque
2531 4368 2842 4434 declarans,
2879 4375 2991 4421 tum
3033 4365 3190 4435 quasi
3241 4365 3425 4420 subsi-
3456 4412 3461 4413 ,

1834 4474 1984 4521 stere
2010 4463 2398 4535 privationem,
2429 4461 2654 4531 quando
2686 4460 2890 4515 bonum
2923 4458 3154 4515 recedit.

1904 4644 2132 4720 §XXX.
2192 4642 2622 4714 Argnmentatur
2680 4640 2772 4695 hic
2826 4650 3019 4694 contra
3071 4636 3423 4700 Maniclimos,

1833 4741 1963 4798 dum
2014 4738 2253 4795 ostendit
2315 4734 2520 4789 malum
2574 4748 2682 4789 non
2739 4746 2867 4787 esse
2920 4745 3057 4796 ens;
3106 4729 3209 4784 etsi
3276 4728 3421 4782 enim

1832 4831 2075 4889 nondum
2096 4829 2128 4885 i3
2138 4829 2185 4883 la
2211 4827 2432 4883 haeresis
2446 4826 2763 4891 exsisteret,
2795 4832 2980 4878 tamen
3006 4822 3075 4877 ad
3098 4819 3423 4891 prtecautio-

1832 4939 1961 4981 nem
2002 4902 2359 4990 inspiratione
2392 4918 2607 4988 accepit
2643 4931 2764 4986 qua:
2796 4929 3042 4971 errorem
3085 4913 3233 4967 illum
3265 4926 3426 4966 ever-

1833 5025 2036 5073 terent.
2067 5013 2347 5070 Fortassis
2390 5011 2559 5065 etiam
2618 5018 2808 5065 contra
2843 5006 3112 5077 quasdam
3171 5004 3422 5060 etlmicas

1828 5108 2117 5178 Opiniones
2147 5106 2330 5160 valent
2355 5104 2668 5160 istiusmodi
2717 5111 3064 5171 argumenta.
3124 5086 3420 5160 Carterum,

1830 5200 2029 5268 inquit,
2059 5198 2260 5253 bonum
2285 5206 2371 5252 est
2402 5211 2469 5250 ex
2500 5209 2610 5250 una
2641 5193 3021 5248 universorum
3056 5203 3220 5245 causa
3255 5187 3419 5258 (hanc

1827 5292 1977 5344 enim
2017 5291 2289 5359 integram
2324 5302 2549 5343 causam
2577 5288 2780 5354 vocat),
2833 5283 3037 5337 malum
3084 5288 3269 5333 autem
3305 5292 3425 5347 non

1832 5390 1916 5436 est
1943 5381 2243 5436 secundum
2274 5387 2554 5444 naturam,
2584 5378 2678 5434 sed
2705 5391 2772 5430 ex
2810 5372 2995 5427 multis
3026 5385 3091 5424 ac
3120 5365 3417 5438 particula-

1836 5474 1987 5528 ribus
2016 5473 2146 5528 boni
2176 5468 2504 5526 defectibus.
2532 5470 2612 5525 Ex
2655 5466 3084 5538 particularibus
3114 5472 3292 5516 autem
3328 5457 3417 5510 di-

1833 5568 1938 5631 xit,
1972 5575 2031 5620 ut
2073 5564 2226 5620 tollat
2288 5562 2691 5626 universalem;
2745 5575 2871 5613 nam
2924 5555 3109 5612 totalis
3169 5551 3417 5607 defectus

1833 5656 2323 5727 tollitsimpliciter
2349 5672 2572 5712 omnem
2602 5652 2973 5709 existentiam.
3016 5652 3127 5702 Non
3170 5655 3254 5700 est
3315 5646 3419 5696 ita-

1842 5765 1951 5820 (1³⁸6
1980 5749 2264 5807 ἀθίῖηὶιυιη
2288 5749 2422 5821 quid
2454 5750 2525 5807 sit
2559 5746 2786 5813 malum,
2818 5743 2913 5800 scd
2954 5740 3322 5805 indeﬁnitum,
3358 5742 3419 5787 ut
