3768 6290
350 294 465 364 807

1535 298 1592 355 S.
1631 298 1935 355 DlONYSll
1970 296 2434 353 AREOPAGITE

3548 305 3652 362 808

360 418 506 488 quod
534 434 603 475 ex
633 418 820 474 multis
874 414 1113 471 exsistit.
1146 411 1432 481 Quomodo
1466 428 1599 468 vero
1638 414 1841 467 malum
1872 428 1939 465 ex

2130 430 2220 465 πει
2252 413 2314 465 τὸ
2333 411 2559 481 ἀγαθὸν,
2578 416 2638 468 ὲν
2666 416 2907 488 τοσούτῳ
2927 417 2988 472 τὸ
3009 418 3182 472 κακὸν
3212 419 3650 492 παρυφέσταται,

355 513 547 568 multis
573 508 914 567 defectibus?
940 507 1043 562 nisi
1073 506 1357 572 videlicet,
1391 508 1535 576 quod
1584 506 1639 560 in
1673 516 1943 575 quantum

365 606 553 662 deficit
576 607 796 670 bonum,
828 604 882 658 in
918 611 1127 657 tantum
1168 602 1333 674 422
1361 603 1766 672 quodmnnodo
1795 601 1943 657 exsi—

358 707 467 753 stat
497 697 732 758 malum;
773 696 1071 751 secundum
1106 696 1383 749 modicum
1415 703 1469 747 et
1496 694 1549 748 in
1581 705 1824 764 tempore
1852 694 1946 749 dc-

358 788 554 852 fectus,
586 790 885 843 secundum
913 789 1185 842 modicum
1211 796 1265 841 et
1294 789 1345 842 in
1369 799 1609 856 tempore
1639 788 1768 841 mali
1796 787 1946 842 exsi-

361 881 588 936 steutia.
645 879 891 935 Primum
947 896 1079 951 ergo
1132 890 1519 951 argumentum
1573 881 1781 934 virtute
1837 881 1947 933 duo

356 972 658 1035 cuncludit,
689 973 836 1042 quod
869 974 1073 1027 bonum
1114 973 1167 1027 id
1217 972 1361 1042 quod
1406 980 1512 1037 est,
1544 981 1599 1027 et
1657 970 1859 1025 malum
1892 970 1946 1024 id

344 1066 503 1137 quod
541 1080 647 1120 non
677 1075 781 1131 est,
814 1066 1133 1120 terminent.
1185 1063 1613 1120 Concluduntur
1642 1065 1809 1118 etiam
1840 1064 1948 1117 duo

356 1174 423 1213 ex
454 1158 568 1213 sola
625 1159 825 1212 minori
895 1158 1296 1227 propositione,
1343 1159 1545 1211 bonum
1592 1156 1849 1210 videlicet
1878 1169 1947 1210 ex

358 1251 475 1305 solo
506 1253 887 1306 universorum
921 1250 1193 1321 principio
1220 1266 1333 1304 rem
1362 1263 1483 1303 esse
1504 1263 1626 1318 quae
1658 1249 1738 1303 sic
1767 1263 1825 1302 se
1853 1249 1950 1302 ha-

356 1344 481 1409 bet;
546 1345 751 1398 bonum
803 1358 935 1412 ergo
985 1358 1074 1396 res
1130 1352 1250 1406 est;
1301 1350 1357 1395 et
1401 1357 1619 1405 rursus,
1647 1341 1848 1394 malum
1878 1356 1944 1394 ex

358 1434 549 1489 multis
575 1445 630 1489 et
664 1434 967 1490 indelinitis
998 1435 1304 1489 defectibus
1328 1448 1434 1489 non
1467 1447 1590 1489 esse
1618 1448 1769 1498 rem;
1803 1433 1947 1504 quod

356 1524 437 1578 sic
464 1541 525 1580 se
548 1525 736 1591 habet,
766 1525 967 1579 malum
1004 1540 1137 1595 ergo
1163 1540 1268 1579 non
1297 1535 1381 1580 est
1404 1539 1512 1580 res.
1546 1527 1711 1591 Deus,
1746 1526 1944 1595 inquit,

355 1617 522 1671 etiam
549 1633 613 1672 ea
643 1633 765 1687 quae
790 1617 928 1671 mala
960 1617 1219 1673 dicuntur
1252 1618 1401 1671 novit
1425 1619 1568 1671 sicut
1607 1618 1777 1684 bona,
1802 1616 1946 1670 mala

2049 507 2174 559 κατ’
2201 506 2381 575 ὀλίγον
2416 510 2511 561 καὶ
2563 511 2625 563 ἐν
2655 510 2833 582 χρόνῳ
2877 513 2931 565 αἱ
2979 512 3273 583 ἐλλείψεις,
3323 516 3447 567 κατ’
3470 516 3652 585 ὀλίγον

2038 598 2142 650 καὶ
2166 598 2227 651 ἐν
2263 599 2441 671 χρόνῳ
2491 600 2587 654 καὶ
2633 604 2666 673 ἡ
2715 604 2810 657 τοῦ
2850 604 3023 657 κακοῦ
3079 604 3527 676 παρυπόστασις.
3596 609 3652 661 ’0

2047 690 2141 748 οὖν
2163 694 2383 766 πρῶτος
2424 696 2785 769 συλλογισμὸς
2811 698 3039 770 δυνάμει
3067 700 3160 753 δύο
3187 700 3351 764 εἰσιν,
3385 701 3468 754 ὅτι
3502 719 3567 755 τε
3596 701 3652 757 ab

2046 787 2251 856 ἀγαθὸν
2274 787 2355 851 ὃν,
2387 791 2481 843 καὶ
2511 791 2593 843 ὅτι
2623 791 2687 843 τὸ
2714 792 2882 845 κακὸν
2926 791 2999 863 μὴ
3048 792 3107 845 ὃν
3158 794 3648 865 συμπεραίνοντες.

2047 881 2170 934 Εἰσὶ
2190 881 2245 935 δὲ
2284 883 2380 936 καὶ
2417 884 2465 936 οἱ
2525 884 2619 937 δύο
2648 884 2713 937 ἐκ
2767 883 2934 955 μόνης
2975 884 3079 953 τῆς
3125 884 3417 948 ἐλάττονος
3452 887 3653 958 προτά-

2050 991 2209 1038 σεως,
2243 975 2306 1028 τὸ
2337 974 2543 1045 ἀγαθὸν
2593 976 2659 1029 ἐκ
2713 978 2843 1047 μιᾶς
2884 976 2983 1047 τῆς
3027 977 3139 1029 τῶν
3169 977 3311 1031 ὂλων
3340 979 3537 1049 ἀρχῆς,
3595 978 3653 1031 τὸ

2047 1071 2222 1135 οὕτως
2248 1070 2373 1141 ἔχον
2398 1070 2479 1131 ὃν,
2507 1071 2569 1123 τὸ
2610 1071 2815 1139 ἀγαθὸν
2842 1070 2950 1142 ἀρα
2978 1071 3037 1125 όν
3057 1088 3069 1101 ’
3103 1072 3200 1124 καὶ
3228 1072 3420 1135 πάλιν,
3452 1073 3513 1125 τὸ
3563 1092 3653 1127 κα-

2048 1162 2145 1216 κὸν
2168 1162 2233 1215 ὲκ
2266 1162 2481 1216 πολλῶν
2523 1162 2618 1215 καὶ
2671 1163 2938 1232 ἀορίστων
2989 1162 3304 1232 ἐλλείψεων,
3359 1162 3423 1215 τὸ
3479 1163 3652 1226 οὕτως

2049 1252 2173 1323 ἔχον
2200 1254 2300 1306 οὐκ
2318 1252 2402 1315 ὃν,
2428 1252 2489 1305 τὸ
2510 1252 2680 1306 κακὸν
2710 1252 2817 1324 ἀρα
2849 1253 2951 1306 οὐκ
2978 1252 3059 1306 δν.
3097 1254 3210 1307 Καὶ
3252 1253 3324 1307 τά
3354 1254 3647 1325 λεγόμενα,

2049 1347 2204 1418 φησι,
2238 1345 2385 1400 κακά
2407 1342 2547 1399 οἶδεν
2576 1347 2605 1398 6
2628 1345 2761 1409 θεὸς
2776 1346 2852 1408 ὡς
2876 1346 3077 1415 ἀγαθά,
3100 1347 3251 1401 κακά
3296 1347 3474 1415 λέγων
3500 1347 3655 1402 πολέ-

2053 1458 2205 1512 μους,
2235 1439 2426 1504 νόσους
2454 1438 2831 1504 παιδεπικάς,
2863 1440 3145 1504 θανάτους,
3180 1442 3277 1495 καὶ
3305 1440 3375 1494 τά
3402 1440 3646 1493 τοιαῦτα·

2049 1532 2362 1604 νομίζονται
2392 1532 2502 1603 γὰρ
2530 1533 2663 1603 ἡμῖν
2687 1534 2834 1587 κακά
2852 1550 2865 1563 ·
2928 1534 3036 1586 εἰσὶ
3076 1533 3133 1586 δὲ
3162 1532 3431 1603 δυνάμεις
3454 1533 3652 1601 ἀγαθο-

2051 1626 2209 1680 ποιοῦ
2234 1626 2414 1689 αἰτίας
2434 1643 2448 1657 ·
2515 1626 2612 1679 καὶ
2639 1624 2749 1697 γὰρ
2807 1625 2874 1678 δι’
2896 1626 3077 1678 αὐτῶν
3113 1626 3375 1695 μετάνοια
3406 1626 3501 1678 καὶ
3529 1624 3650 1678 ἐπί-

359 1709 554 1765 dicens
583 1710 750 1775 bella,
787 1711 1031 1775 morbos,
1060 1710 1153 1780 qui
1186 1724 1369 1765 mores
1389 1711 1691 1781 corrigam,
1720 1718 1945 1774 mortes,

2129 1738 2255 1785 ωσις
2293 1720 2428 1773 Θεοῦ
2456 1720 2551 1772 καὶ
2610 1717 2894 1782 εὐσεϐείας
2922 1721 3035 1782 τοῖς
3068 1717 3315 1772 πλείοσιν
3366 1719 3648 1785 ἐγένοντο·

358 1813 414 1860 ει
438 1804 671 1869 similia;
702 1812 1034 1873 reputantur
1059 1803 1208 1858 enim
1240 1818 1269 1855 a
1301 1805 1461 1859 nobis
1491 1806 1656 1868 mala,
1692 1814 1818 1857 sunt
1842 1820 1946 1858 au-

364 1908 472 1950 tem
502 1897 649 1951 vires
669 1911 851 1950 causa:
879 1911 1000 1965 qua:
1031 1896 1234 1950 bonum
1263 1894 1459 1962 eﬂicit;
1512 1912 1635 1950 nam
1664 1912 1761 1965 per
1805 1911 1947 1965 prae-

362 1989 508 2043 dicta
541 1988 863 2058 poenitentia
894 1999 950 2042 et
996 1988 1091 2042 Dei
1148 1989 1389 2059 cognitio
1422 1991 1747 2059 acquiritur.
1779 1990 1950 2059 pluri-

360 2078 570 2150 busque
614 2080 834 2150 pietatis
892 2081 1117 2137 occasio
1179 2082 1307 2146 fuit,
1352 2092 1518 2152 atque
1572 2083 1627 2136 in
1669 2084 1949 2152 prophetis

363 2172 571 2226 malitia
609 2182 859 2227 vocatur.
912 2173 1005 2227 Vel
1051 2174 1221 2228 etiam
1271 2174 1452 2229 aliter.
1500 2174 1676 2230 Causa
1730 2176 1855 2230 mali
1893 2176 1946 2231 in

359 2263 706 2324 lascivienth
734 2275 818 2319 est
843 2266 1333 2334 concupiscentia;
1388 2266 1504 2336 ipsa
1532 2277 1716 2320 tamen
1742 2283 1947 2322 concu--

357 2356 630 2426 piscentia
660 2365 746 2410 est
770 2356 1002 2411 facultas
1029 2357 1155 2412 boni
1184 2356 1435 2412 eﬂ‘ectrix
1486 2359 1703 2414 ratione
1727 2360 1947 2430 quidem

363 2449 672 2513 utentibus,
717 2458 777 2504 ut
815 2465 913 2519 per
938 2450 1110 2518 ipsam
1146 2465 1365 2505 sursum
1401 2452 1468 2505 ad
1514 2465 1705 2506 verum
1739 2454 1943 2507 bonum

359 2542 621 2606 tendant;
661 2541 881 2598 ratione
912 2556 1044 2596 vero
1071 2541 1322 2610 privatis,
1354 2552 1413 2598 ut
1441 2558 1530 2611 ea,
1556 2559 1678 2614 qua:
1728 2546 1794 2599 ad
1821 2560 1947 2614 pro-

359 2630 537 2700 priam
568 2648 725 2687 suam
751 2618 1230 2688 conservationem
1264 2634 1494 2701 faciunt,
1529 2644 1808 2706 appetant.
1834 2637 1948 2691 No-

356 2718 443 2772 vit
489 2722 678 2791 itaque
736 2723 900 2787 Deus,
952 2724 1072 2779 sive
1126 2725 1294 2779 etiam
1346 2728 1657 2795 cognoscit,
1720 2742 1783 2782 ac
1818 2728 1951 2783 facit

355 2815 522 2868 ctiam
558 2814 786 2877 malum,
820 2830 928 2869 non
991 2829 1102 2884 qua
1160 2815 1391 2883 malum,
1427 2820 1522 2873 sed
1554 2833 1662 2889 qua
1699 2819 1944 2874 bonum:

357 2904 495 2958 nihil
524 2919 659 2975 ergo
701 2906 870 2961 etiam
913 2921 1011 2976 per
1046 2920 1105 2961 se
1154 2916 1240 2961 est
1290 2907 1534 2963 malum:
1577 2910 1779 2981 quippe
1805 2911 1947 2981 quod

357 2998 496 3051 nihil
551 2997 752 3052 habeat
807 2998 976 3053 etiam
1031 2999 1185 3063 boni,
1250 3001 1399 3055 unde
1444 3002 1611 3055 etiam
1679 3003 1946 3057 malorum

2052 1814 2148 1868 καὶ
2180 1813 2240 1866 ὲν
2273 1814 2387 1877 τοῖς
2416 1813 2730 1883 προφήταις
2758 1812 2791 1882 ἡ
2829 1810 2999 1865 κακία
3044 1809 3287 1878 λέγεται.
3336 1811 3411 1863 Ἤ
3437 1809 3535 1862 καί
3564 1809 3653 1863 ἀλ-

2050 1905 2177 1969 λως.
2210 1905 2369 1958 Αἱτία
2396 1904 2489 1957 τοῦ
2523 1905 2581 1957 ἐν
2603 1903 2682 1974 τῷ
2713 1903 3052 1970 ἀσελγαίνειν
3113 1901 3286 1956 κακοῦ
3313 1904 3347 1971 ὴ
3385 1900 3653 1970 ἐπιθυμία

2049 1998 2197 2051 ἐστίν
2220 2013 2235 2029 ·
2262 1996 2377 2050 ἀλλ’
2393 1996 2529 2067 αὕτη
2559 1997 2593 2067 ὴ
2618 1995 2885 2067 ἐπιθυμία
2912 1994 3143 2065 δύναμις
3161 1993 3495 2063 ἀγαθοποιός
3516 1995 3652 2052 ἐστι,

2048 2090 2288 2160 λογικοῖς
2326 2090 2423 2160 μὲν
2448 2088 2582 2158 πρὸς
2624 2087 2687 2140 τὸ
2724 2088 2791 2141 δι’
2820 2088 2990 2159 αὐτῆς
3021 2085 3403 2140 ἀνατείνεσθαι
3436 2085 3574 2155 πρὸς
3594 2084 3653 2136 τὺ

2048 2184 2218 2246 ὅντως
2238 2181 2440 2251 ἀγαθόν
2460 2198 2474 2213 ο
2496 2180 2712 2249 ἀλόγοις
2737 2181 2795 2234 δὲ
2826 2181 2962 2253 πρὸς
2985 2180 3167 2252 ὄρεξιν
3189 2179 3303 2233 τῶν
3330 2177 3653 2250 ἐπιτηδείων

2047 2278 2150 2348 τῆς
2170 2276 2375 2340 οἰκείας
2407 2276 2686 2347 διαμονῆς.
2718 2272 2841 2329 Οἵδε
2895 2274 3027 2343 γοῦν
3068 2277 3097 2327 6
3150 2272 3308 2337 Θεὸς,
3362 2274 3532 2343 ἦγουν
3560 2271 3653 2323 καὶ

2049 2367 2309 2437 γινώσκει
2339 2368 2432 2421 καὶ
2460 2368 2757 2421 οἰκειοῦται
2785 2368 2846 2420 τὸ
2872 2368 3063 2430 κακὸν,
3090 2366 3190 2436 οὐχ
3284 2366 3478 2428 κακὸν,
3537 2363 3651 2416 ἀλλ’

2049 2452 2084 2532 ᾖ
2138 2456 2373 2525 ἀγαθόν·
2406 2457 2557 2510 οὐδὲν
2587 2458 2697 2530 ἀρα
2753 2458 2878 2511 καθ’
2915 2457 3075 2510 ἑαυτὸ
3117 2457 3214 2509 καὶ
3258 2456 3320 2509 6v
3356 2456 3418 2508 τὸ
3449 2456 3650 2517 κακὸν,

2049 2552 2126 2615 ὡς
2159 2549 2322 2621 μηδὲν
2354 2550 2498 2620 ἔχειν
2531 2553 2626 2605 καὶ
2679 2550 2903 2619 ἀγαθὸν,
2966 2552 3099 2603 ὅπου
3132 2550 3227 2603 καὶ
3260 2551 3315 2602 αἱ
3348 2547 3517 2601 αἰτίαι
3545 2548 3651 2600 τῶν

2049 2643 2237 2696 κακῶν
2261 2642 2583 2712 ἀγαθοποιοὶ
2600 2643 2861 2715 δυνάμεις
2893 2643 3048 2696 εἰσίν.
3082 2643 3145 2695 El
3167 2641 3230 2694 τὸ
3256 2642 3429 2695 κακὸν
3458 2640 3649 2701 ἀΐδιον,

2049 2736 2144 2788 καὶ
2172 2733 2395 2789 δύναται
2448 2736 2543 2788 καὶ
2600 2737 2852 2808 πράττει.
2908 2734 3079 2787 Πόθεν
3148 2734 3325 2787 ταῦτα
3377 2732 3649 2803 τούτῳτ,ἢ

2050 2827 2181 2895 γοῦν
2211 2829 2277 2881 ὲκ
2330 2828 2426 2881 τοῦ
2489 2828 2783 2900 ἀγαθοῦ,ἢ
2824 2827 3226 2900 ἀντιστρόφως,
3287 2828 3414 2882 ἐπεὶ
3449 2828 3545 2881 καὶ
3595 2824 3651 2877 τὸ

2050 2919 2255 2989 ἀγαθὸν
2276 2920 2449 2974 ταῦτα
2504 2920 2638 2993 ἔχει,
2677 2920 2829 2973 ἔσται
2875 2918 3051 2974 ταῦτα
3080 2919 3159 2990 τῷ
3196 2919 3390 2989 ἀγαθῷ
3441 2921 3505 2971 ἐκ
3562 2936 3649 2970 του

2051 3012 2259 3077 κακοῦς
2296 3012 2433 3067 ἀλλὰ
2475 3013 2581 3085 μὴν
2608 3012 2771 3066 τοῦτο
2801 3013 2900 3065 οὐκ
2950 3012 3147 3081 εὐαγὲς
3209 3012 3272 3065 τὸ
3311 3012 3649 3066 τελειοῦσθαι

356 3106 537 3145 causa:
561 3090 794 3147 virtutes
823 3103 951 3147 sunt
979 3093 1260 3149 benefica.
1287 3093 1442 3161 Quod
1475 3096 1521 3151 si
1558 3097 1758 3151 malum
1788 3106 1946 3153 teter-

2146 3106 2346 3175 ἀγαθὸν
2370 3108 2433 3159 ἐκ
2454 3106 2549 3159 τοῦ
2572 3105 2769 3169 κακοῦ,
2810 3105 2917 3177 ἀρα
2939 3104 3071 3172 γοῦν
3101 3103 3259 3158 ἔσται
3302 3104 3366 3159 τὸ
3413 3106 3647 3178 πρῶτοι.

358 3197 484 3235 num
509 3191 614 3245 est,
644 3192 701 3237 et
749 3194 954 3253 potest,
1003 3192 1060 3238 et
1109 3186 1256 3255 agit;
1287 3187 1433 3241 unde
1458 3188 1508 3241 ei
1543 3188 1701 3243 haec?
1726 3206 1854 3243 ntun
1880 3206 1948 3246 ex

354 3271 687 3328 bono‘lane
717 3274 963 3341 diverso,
1006 3291 1132 3331 cum
1183 3286 1239 3331 et
1294 3278 1500 3333 bonum
1557 3280 1674 3334 haac
1731 3281 1948 3349 habeat,

354 3373 518 3418 erunt
549 3366 666 3420 haec
709 3366 857 3421 bona
910 3380 977 3421 ex
1022 3367 1209 3423 malo?
1263 3383 1459 3425 Verum
1522 3372 1949 3445 haudquaquam

262 3452 270 3458 ’
355 3455 535 3522 decet,
572 3466 631 3511 ut
660 3457 864 3512 bonum
892 3474 959 3512 ex
998 3459 1144 3514 malo
1173 3460 1514 3531 perficiatur,
1546 3478 1677 3533 ergo
1702 3467 1809 3521 erit
1836 3468 1951 3538 pri-

361 3563 535 3604 mum.
580 3550 783 3605 Verum
823 3564 895 3606 ex
944 3551 1090 3606 bono
1119 3552 1262 3606 bona
1312 3552 1462 3618 data,
1509 3556 1712 3610 malum
1750 3548 1949 3613 bonum

356 3640 967 3712 redderent,quontodo
995 3657 1129 3713 ergo
1161 3656 1347 3700 manet
1376 3648 1557 3701 adhuc
1584 3649 1827 3705 malum?
1854 3653 1952 3708 Vel

354 3743 544 3800 certe;
586 3749 695 3789 non
724 3737 805 3790 sic
836 3751 910 3792 se
956 3753 1044 3793 res
1097 3738 1288 3803 habet,
1320 3738 1416 3793 sed
1450 3740 1671 3811 utrique
1727 3747 1946 3810 borum,

356 3837 467 3881 tam
502 3829 644 3883 bono
681 3846 846 3900 quam
896 3830 1044 3887 malo
1067 3872 1082 3899 ,
1139 3832 1255 3887 haec
1314 3846 1382 3886 ex
1431 3832 1537 3889 alia
1568 3851 1737 3891 causa
1769 3839 1953 3892 obtin-

358 3925 533 3993 gttnt?
558 3925 625 3980 Et
660 3943 783 3998 qua:
817 3929 1038 3983 tandem
1099 3929 1217 3984 bzec
1253 3928 1367 3984 sit?
1403 3940 1459 3986 et
1514 3933 1560 3987 si
1617 3936 1719 4002 sit,
1773 3936 1952 4006 qualis

354 4016 473 4071 est?
511 4016 577 4071 Et
613 4019 835 4083 iterum,
868 4019 1069 4074 ibidem
1104 4021 1223 4074 inec
1270 4022 1460 4077 eadem
1492 4039 1613 4093 quae
1641 4026 1731 4080 ltic
1759 4028 1950 4081 dicen-

355 4116 465 4161 tur.
497 4108 614 4163 Non
646 4109 832 4178 itaque
862 4110 1066 4166 malum
1094 4125 1191 4182 per
1222 4126 1283 4166 se
1318 4114 1559 4169 exsistit.
1577 4115 1847 4170 Creterum
1895 4117 1951 4170 id

354 4201 498 4270 quod
547 4217 611 4256 ex
646 4212 840 4256 natura
894 4205 1168 4274 sequitur,
1204 4205 1494 4260 definitum
1549 4218 1667 4275 est;
1702 4208 1951 4263 definitio

356 4304 442 4348 est
470 4296 613 4349 ratio
643 4296 917 4351 essentias
956 4312 1141 4352 rerum
1189 4297 1475 4368 explicans
1500 4339 1515 4363 ,
1548 4312 1604 4357 et
1634 4302 1781 4371 quod
1820 4300 1950 4372 quid

356 4387 428 4441 sit
466 4388 772 4444 declarans.
803 4388 980 4445 Omne
1014 4392 1182 4462 igitur
1213 4395 1359 4466 quod
1411 4402 1497 4449 est
1526 4395 1826 4449 secundum
1854 4410 1948 4447 na-

356 4488 561 4544 turam,
587 4496 655 4535 ex
683 4481 910 4538 deﬁnita
943 4451 1108 4542 causa
1139 4451 1250 4553 est:
1289 4504 1388 4558 per
1410 4503 1577 4557 quam
1628 4488 1688 4541 fit
1724 4487 1776 4541 id
1801 4487 1947 4556 quod
1979 4451 2024 4505 Β

355 4573 435 4626 lit.
465 4573 521 4627 Si
555 4574 742 4645 itaque
777 4576 982 4631 malum
1007 4593 1173 4635 causa
1202 4591 1354 4636 caret
1385 4581 1435 4650 (a
1463 4579 1614 4635 nullo
1644 4581 1787 4634 enim
1815 4594 1946 4649 pro-

353 4662 575 4719 ductum
609 4668 741 4731 esti,
780 4670 979 4725 merito
1020 4686 1119 4726 nec
1143 4673 1430 4727 deﬁnitum
1472 4682 1575 4735 est,
1631 4686 1755 4726 cum
1792 4670 1943 4724 nulla

355 4756 427 4809 sit
458 4757 578 4827 ejus
604 4760 747 4814 ratio
783 4776 906 4831 qum
951 4765 1249 4818 essentiam
1295 4765 1577 4827 declaret;
1634 4764 1946 4817 necessario

356 4846 540 4919 itaque
580 4852 781 4905 malum
824 4870 931 4907 non
964 4865 1051 4909 est
1092 4855 1253 4910 etiam
1288 4854 1452 4926 423
1504 4853 1803 4908 secundum
1842 4869 1943 4908 na-

2069 3197 2227 3250 Ἀλλά
2264 3198 2369 3269 μὴν
2396 3197 2465 3249 τὰ
2502 3198 2567 3250 ὲκ
2586 3196 2683 3249 τοῦ
2709 3196 2912 3265 ἀγαθοῦ
2938 3196 3194 3267 διδόμενα
3219 3197 3401 3265 ἀγαθά
3430 3197 3650 3266 ἔμελλον

2055 3291 2454 3362 ἀγαθοποιῆσαι
2485 3289 2547 3343 τὸ
2580 3289 2780 3343 κακόν·
2834 3289 2952 3353 πῶς
2981 3289 3113 3358 γοῦν
3158 3289 3312 3359 μένει
3346 3289 3440 3340 καὶ⁵
3493 3288 3650 3340 πάλιν

2052 3382 2258 3445 κακόν;
2310 3383 2382 3434 ‘H
2410 3380 2542 3449 γοῦν
2573 3380 2674 3451 οὐχ
2705 3379 2898 3444 οὕτως,
2946 3379 3284 3449 ἀλλ’ἀμφοῖν
3313 3378 3527 3432 τούτοιν
3560 3378 3649 3431 καὶ

2053 3477 2132 3547 τῷ
2190 3473 2379 3547 ἀγαθῷ
2432 3477 2527 3529 καὶ
2578 3475 2656 3547 τῷ
2710 3474 2866 3544 κακῷ
2905 3474 3078 3527 ταῦτα
3110 3473 3170 3537 ἐξ
3224 3473 3398 3545 ἄλλης
3436 3474 3637 3534 αἰτίας.

2056 3572 2165 3623 Καὶ
2196 3570 2281 3633 τίς
2311 3570 2429 3622 ποτ’
2460 3568 2524 3622 ἂν
2566 3568 2650 3640 εἴη
2684 3567 2819 3639 αῦτη
2840 3584 2853 3631 ;
2877 3568 2971 3620 καὶ
3001 3569 3047 3619 εί
3074 3566 3216 3631 ἔστι,
3257 3567 3473 3635 ποταπή
3501 3567 3647 3621 ἐστι;

2054 3662 2168 3715 Καὶ
2198 3661 2360 3715 πάλιν
2391 3663 2571 3713 ἐκεῖσε
2601 3659 2775 3713 ταῦτα
2804 3660 2950 3731 ειπερ
2978 3659 3072 3713 καὶ
3115 3658 3356 3711 ἐνταῦθα
3388 3657 3648 3729 ῥηθήσον-

2053 3772 2162 3808 ται.
2195 3754 2310 3806 Οὐκ
2352 3752 2459 3825 ἀρα
2494 3753 2554 3805 τὸ
2600 3752 2772 3806 κακὸν
2822 3751 3229 3823 αὑθύπαρκτον.
3282 3751 3427 3811 Ἔτι,
3460 3749 3646 3800 ἕπεται

2052 3846 2132 3917 τῷ
2171 3844 2313 3899 κατά
2344 3844 2505 3914 φύσιν
2541 3841 2603 3896 τὸ
2662 3842 3001 3915 ὡρισμένονο
3047 3842 3172 3912 ὅρος
3202 3842 3315 3912 γάρ
3343 3842 3458 3892 ἐστι
3488 3840 3584 3890 καὶ
3620 3838 3646 3888 6

2054 3936 2449 4012 ὲρμηνευτικδς
2475 3935 2635 4004 λόγος
2668 3936 2768 4007 τῆς
2798 3934 2987 3997 οὐσίας
3019 3934 3126 3987 τῶν
3159 3932 3534 4005 πραγμάτων,
3559 3930 3647 3983 καὶ

2052 4030 2113 4083 τὺ
2147 4030 2201 4083 τί
2232 4025 2299 4101 ἦν
2333 4025 2472 4082 εἶναι
2521 4028 2715 4099 δηλῶν.
2746 4028 2863 4080 Πᾶν
2898 4022 2989 4080 οὖν
3013 4026 3155 4079 κατά
3192 4025 3358 4094 φύσιν
3387 4024 3444 4090 ἐξ
3472 4022 3646 4082 αἰτίας

2054 4123 2200 4175 ἐστὶν
2224 4121 2561 4193 ὡρισμένης,
2594 4119 2662 4172 δι’
2704 4120 2769 4190 ῆν
2809 4118 2991 4172 αἰτίαν
3024 4118 3233 4186 γίνεται
3256 4116 3317 4170 τὸ
3344 4116 3642 4185 γινόμενον.

2053 4215 2116 4266 El
2140 4206 2233 4266 οὖν
2262 4211 2326 4264 τὸ
2354 4210 2524 4265 κακὸν
2545 4208 2785 4263 ἀναίτιόν
2817 4210 2965 4261 ἐστιν
3010 4207 3090 4278 (οὐ
3127 4206 3238 4277 γάρ
3274 4206 3365 4259 διὰ
3390 4224 3446 4259 τι
3480 4206 3644 4273 γέγο·

2052 4301 2198 4374 νεν),
2245 4302 2470 4365 εἰκότως
2512 4302 2606 4353 καὶ
2643 4302 2701 4353 ὲν
2751 4299 3021 4372 ἀοριστίᾳ,
3076 4298 3135 4351 οὐ
3168 4298 3279 4367 γάρ
3306 4298 3453 4351 ἐστιν
3483 4295 3644 4350 αὑτοῦ

2052 4394 2211 4464 λόγος
2237 4394 2299 4447 τὸ
2327 4394 2380 4447 τί
2435 4388 2504 4464 ἦν
2536 4388 2677 4446 εἶναι
2738 4390 3089 4464 ἑρμηνεύων·
3149 4390 3209 4454 ἐξ
3258 4390 3504 4459 ἀνάγκης
3544 4388 3645 4457 ἄρα

2052 4487 2172 4541 οὐδὲ
2207 4485 2350 4540 κατά
2374 4485 2539 4555 φύσιν
2567 4486 2629 4538 τὸ
2672 4486 2862 4539 κακόν.
2890 4484 2954 4537 El
3004 4477 3097 4536 οῦν
3139 4481 3294 4553 παρά
3342 4482 3525 4551 φύσιν,
3554 4481 3644 4548 οὐχ

2052 4578 2245 4644 ἔξειὲν
2274 4580 2343 4650 τῇ
2385 4577 2546 4647 φύσει
2578 4577 2759 4646 λόγον,
2815 4577 3004 4647 ὥσπερ
3046 4574 3167 4627 οὐδὲ
3208 4575 3267 4626 ὲν
3307 4577 3375 4644 τῇ
3408 4574 3570 4643 τέχνῃ
3615 4574 3642 4641 ἡ

2050 4669 2275 4741 ἀτεχνία
2295 4686 2308 4699 ⁸
2342 4670 2452 4721 πᾶν
2476 4669 2534 4722 δὲ
2561 4669 2622 4722 τὸ
2649 4669 2724 4741 μὴ
2773 4668 2893 4739 ἔχον
2923 4668 3080 4735 λόγον
3133 4667 3191 4718 ἐν
3230 4668 3297 4736 τῇ
3327 4665 3484 4735 φύσει
3528 4664 3641 4717 οὔτε

2049 4764 2222 4827 ἐστὶν,
2254 4760 2377 4815 οὔτε
2407 4763 2746 4823 συνίσταται,
2797 4761 2930 4814 ἀλλά
2982 4762 3049 4830 τῇ
3110 4758 3348 4827 ἐλλείψει
3390 4757 3483 4811 τοῦ
3510 4755 3641 4810 κατὰ

2050 4856 2212 4925 φύσιν
2242 4854 2304 4907 τὸ
2333 4852 2484 4926 παρά
2524 4853 2685 4924 φύσιν
2710 4853 2937 4920 γίνεται.

355 4954 555 5000 turam.
588 4948 645 5002 Si
677 4959 857 5003 autem
892 4959 977 5003 est
1024 4959 1217 5003 contra
1247 4963 1525 5009 naturam,
1584 4962 1690 5000 non
1734 4947 1958 5004 habebit
2010 4952 2177 5005 etiam
2239 4949 2292 5003 itt
2347 4958 2544 5001 natura
2606 4945 2912 5007 rationein,
2973 4942 3116 4997 sicut
3172 4956 3275 4996 nec
3330 4939 3539 4996 inscitia
3586 4937 3632 4990 in

354 5047 694 5105 arte;omne
722 5042 1073 5111 autemquod
1113 5056 1223 5095 non
1267 5041 1434 5095 liabet
1480 5039 1752 5093 rationem
1802 5038 1856 5093 in
1911 5052 2134 5106 natura,
2188 5056 2367 5112 neque
2418 5048 2523 5105 est,
2586 5050 2765 5105 neque
2814 5034 3085 5099 subsistit,
3137 5035 3233 5089 sed
3293 5033 3508 5088 defectu
3531 5031 3631 5099 ejus

354 5132 499 5202 quod
555 5132 858 5187 secundum
920 5141 1176 5188 naturam
1242 5138 1359 5195 est,

425 5222 716 5289 Praeterea,
755 5226 936 5280 anima
976 5224 1058 5278 vel
1090 5233 1283 5279 natura
1318 5222 1457 5278 mala
1486 5230 1592 5287 est,
1624 5224 1772 5277 sicut
1806 5224 1946 5294 ignis

348 5316 590 5382 calidus,
618 5317 703 5373 vel
746 5318 1095 5388 operationes
1140 5317 1259 5385 ejus
1285 5332 1515 5387 prorsus
1550 5326 1602 5370 ct
1632 5317 1948 5371 omnimodc

358 5408 514 5462 mala:
544 5420 691 5466 sunt.
735 5409 842 5464 Sed
874 5426 979 5463 non
1015 5410 1268 5479 primum,
1298 5425 1423 5462 naut
1472 5410 1523 5461 id
1559 5412 1707 5477 quod
1746 5410 1945 5463 bonum

359 5510 443 5553 cst
467 5514 573 5553 non
612 5501 814 5555 laceret
856 5501 908 5555 id
940 5501 1085 5569 quod
1122 5512 1319 5554 natura
1364 5502 1568 5553 malum
1611 5512 1734 5566 est;
1774 5513 1950 5568 neque

361 5592 686 5659 secundum,
714 5594 857 5648 unde
902 5594 1046 5647 enim
1074 5593 1343 5647 virtutes?
1372 5578 1620 5662 seqttitur
1648 5607 1781 5662 ergo
1833 5608 1947 5645 ma-

360 5682 473 5737 lum
500 5698 603 5736 non
638 5698 761 5737 csse
791 5684 919 5753 quid
950 5700 1046 5754 per
1070 5699 1128 5739 se
1157 5683 1486 5749 subsistens,
1517 5686 1611 5738 sed
1639 5684 1759 5738 boni
1796 5681 1943 5736 delc-

361 5781 619 5833 ctioncni.
652 5776 752 5836 llic
780 5787 921 5833 totus
953 5794 1145 5836 sensus
1168 5790 1249 5835 est
1278 5780 1561 5835 orationis.
1594 5778 1690 5835 llic
1720 5790 1942 5833 sanctus

1443 5130 1504 5184 lit
1583 5139 1777 5185 contra
1834 5143 2114 5187 naturam.

2129 5225 2272 5288 Ἐτι,
2308 5225 2343 5294 ὴ
2376 5222 2523 5293 ψυχὴ
2554 5221 2586 5293 ἢ
2620 5221 2780 5292 φύσει
2816 5222 2980 5294 κακὴ,
3009 5222 3084 5285 ὡς
3116 5221 3178 5274 τὸ
3212 5220 3326 5295 πῦρ
3361 5219 3567 5290 θερμὸν,
3595 5213 3624 5282 ῆ

2052 5319 2109 5371 αἱ
2147 5317 2419 5387 ἐνέργειαι
2456 5316 2623 5385 αὐτῆς
2656 5316 2834 5386 πάντη
2870 5317 2962 5368 καὶ
3001 5314 3263 5377 όλοτελῶς
3299 5311 3484 5367 κακαί.
3503 5305 3624 5361 Ἀλλ’

2051 5408 2174 5460 οὔτε
2206 5406 2267 5459 τὸ
2298 5405 2534 5477 πρῶτον.
2566 5405 2627 5457 τὸ
2661 5404 2773 5475 γὰρ
2807 5406 3012 5473 ἀγαθὸν
3046 5406 3148 5458 οὐκ
3172 5405 3368 5475 ἔμελλε
3410 5398 3622 5471 παράξειι

2054 5498 2214 5568 φύσει
2234 5498 2436 5551 κακόν·
2468 5494 2591 5548 οὔτε
2625 5497 2683 5549 τὸ
2711 5498 2984 5570 δεύτερον,
3010 5498 3174 5550 πόθεν
3204 5497 3314 5567 γὰρ
3338 5499 3391 5548 αἱ
3416 5491 3618 5566 ἀρεταῖς

2053 5592 2312 5644 Λείπεται
2341 5590 2468 5659 ἄρα.
2508 5590 2589 5640 ὅτι
2624 5590 2683 5641 τὸ
2707 5591 2877 5644 κακὸν
2912 5592 3011 5643 οὐκ
3050 5591 3197 5643 ἔστιν
3238 5588 3617 5657 αὺθῦπαρκτονν

2050 5684 2185 5735 ἀλλά
2216 5684 2310 5736 τοῦ
2332 5682 2540 5751 ἀγαθοῦ
2564 5683 2817 5753 ἔλλειψις.
2847 5680 3014 5747 Οὗτος
3034 5683 3155 5747 ὅλος
3189 5685 3217 5736 ὁ
3252 5682 3378 5746 νοῦς
3414 5678 3502 5733 τοῦ
3539 5678 3621 5745 ρη-

2049 5775 2161 5829 τοῦ.
2183 5776 2240 5828 ’0
2273 5776 2327 5828 δὲ
2357 5777 2507 5844 Ξὶγιος
2530 5778 2648 5828 κατ’
2681 5777 2947 5847 ἐρώτησιν
2980 5776 3069 5828 τὶν
3103 5775 3263 5842 λόγοῑ⁷
3296 5764 3615 5844 προαγαγὼν
