3742 6306
141 325 256 377 809

724 324 812 379 DE
848 323 1101 382 DlVlNIS
1134 325 1535 393 NOMINIBUS,
1573 330 1728 385 CAP.
1765 330 1934 386 IV.—
1968 330 2325 387 PARAPHR.
2366 331 2841 389 PACHYMERIE.

3312 342 3419 398 8l0

138 441 297 515 'Apz
330 445 362 514 ἡ
400 442 545 513 ψυχὴ
594 443 704 497 τῶν
748 444 934 497 κακῶν
973 444 1160 509 αίτία;
1197 446 1259 499 οὑ
1298 444 1438 500 κατὰ
1473 445 1717 515 διαίρεσιε

1883 454 2029 501 utem
2062 446 2187 499 dum
2222 446 2609 517 interrogando
2640 449 2894 517 propenit
2930 451 3254 519 orationem,
3285 454 3424 510 Nunt

133 538 242 609 τὴν
265 535 532 607 ὲρῶτησιν
548 538 861 608 ἐποιήσατο,
891 539 978 591 ἴνα
998 536 1065 610 ἦν
1089 539 1151 591 τὸ
1181 538 1219 607 ἢ
1245 539 1623 603 διαζευκτικὸν
1654 543 1736 605 είς

132 627 233 689 τὸ,
279 630 345 681 Ἣ
371 626 563 697 ἀγαθὴ
590 629 705 696 μὲν
729 630 766 697 ἡ
795 630 988 699 ψυχή’
1038 630 1151 684 ἀλλ’
1184 630 1347 695 εὐθὺς
1380 630 1571 702 ὲνέστη
1603 632 1737 704 πρὸς

132 720 243 790 τὴν
275 718 564 790 ἐρώτησιν,
590 722 683 775 καὶ
716 721 926 777 τέθεικε
951 723 1012 776 τὸ
1036 723 1072 792 ἢ
1100 723 1510 797 διασαφητικὸν,
1538 724 1733 794 λέγων’

136 812 217 865 Ἥ
253 811 493 883 δηλονότι
540 814 719 885 ἀγαθὴ
762 814 862 885 μὲν
899 817 932 887 ἡ
966 815 1126 885 φύσις
1160 817 1258 887 τῆς
1290 816 1487 889 ψυχῆς,
1521 821 1642 882 ταῖς
1679 818 1737 872 δὲ

130 904 448 977 ἐνεργείαις
488 907 617 959 ποτὲ
668 907 765 977 μὲν
804 907 985 971 καλῶς
1014 907 1145 978 ἔχει,
1180 909 1307 962 ποτὲ
1344 909 1399 963 δὲ
1439 910 1498 963 οὑ
1532 910 1732 975 καλῶς·

128 998 280 1067 ὅπερ
313 998 427 1051 ἐστὶ
453 996 517 1051 τὸ
540 997 882 1071 μεταϐλητὴν
911 998 1079 1071 αὐτὴν
1101 996 1258 1053 εἶναι.
1279 1000 1405 1065 Bst;
1426 1001 1555 1070 γοῦν
1577 1001 1736 1056 τοῦτο

127 1087 214 1153 ὡς
242 1088 459 1159 ἀληθὲς,
477 1090 571 1143 καὶ
604 1089 1123 1163 διασαφήσας,πρδς
1147 1090 1209 1145 τὸ
1238 1092 1453 1165 πρῶτον
1479 1092 1732 1166 μάχεται,

127 1178 222 1232 ὅτι
256 1180 317 1233 οὑ
360 1179 517 1249 φύσει
542 1179 708 1252 κακὴ,
746 1180 780 1251 ἢ
805 1180 953 1234 αἰτία
978 1182 1165 1236 κακῶν
1194 1182 1417 1255 ἡψυχὴ.

208 1437 457 1510 §XXXL
502 1439 642 1504 Ἔτι,
677 1438 755 1511 τῷ
799 1439 987 1511 ἀγαθῷ
1018 1441 1080 1494 τὸ
1114 1442 1281 1495 κακὸν
1326 1443 1565 1497 ἐναντίον
1590 1462 1603 1475 ⁸
1638 1444 1734 1500 τοῦ

122 1528 269 1598 γοῦν
302 1529 507 1599 ἀγαθοῦ
543 1531 714 1585 αἴτιον
747 1530 825 1596 ἒν,
858 1532 953 1585 τοῦ
987 1532 1043 1585 δὲ
1076 1533 1249 1587 κακοῦ
1277 1533 1465 1587 πολλά.
1494 1536 1736 1607 Σημείω-

126 1638 225 1676 σαι
260 1623 339 1688 δὲ,
374 1624 455 1677 ὃτι
487 1626 581 1679 ἐπὶ
610 1624 703 1678 τοῦ
739 1625 943 1692 ἀγαθοῦ
973 1624 1035 1678 τὸ
1065 1626 1237 1679 αἴτιον
1282 1627 1356 1697 μὴ
1410 1628 1569 1698 μόνον
1616 1630 1734 1682 ἐστὶ

121 1714 316 1785 λέγειν
349 1716 409 1769 τὸ
444 1716 747 1787 ποιητικὸν,
783 1717 918 1771 ἀλλὰ
968 1719 1063 1771 καὶ
1109 1717 1170 1770 τὸ
1204 1718 1425 1783 εἰδικδν,
1465 1722 1557 1773 καὶ
1590 1720 1651 1773 τὸ
1678 1720 1732 1773 τί

1838 551 1968 603 ergo
1994 536 2175 590 anima
2210 536 2480 591 malorum
2511 553 2676 593 causa
2709 541 2815 593 sit?
2846 556 2949 592 non
2981 556 3077 609 per
3101 543 3422 601 divisionem

1840 629 2221 697 interrogavit,
2259 629 2334 683 ita
2373 640 2431 682 ut
2466 631 2731 698 particula
2775 649 2844 685 an
2876 634 3202 703 disjuuctiva
3237 637 3422 701 fuerit,

1838 737 1961 776 eum
2006 722 2145 775 dixit
2177 737 2193 776 :
2229 721 2312 775 An
2343 722 2525 775 anima
2556 724 2771 793 quidem
2812 725 2985 791 bona;
3018 730 3115 781 sed
3157 728 3305 784 illico
3343 730 3429 784 in-

1840 812 1983 867 stitit
2008 813 2447 883 interrogationi,
2481 824 2536 867 et
2564 816 2747 882 posuit
2784 815 2914 870 illud
2936 836 3005 872 an
3035 819 3426 886 declaratorie,

1840 917 1903 955 ac
1926 902 1971 956 si
2001 902 2209 956 diceret
2247 920 2261 956 :
2291 902 2374 956 An
2403 902 2619 959 scilicet
2651 906 2790 958 bona
2820 907 3037 975 quidem
3080 920 3273 963 natura
3309 914 3429 964 ani-

1839 1008 1961 1057 mee,
2007 990 2100 1047 sed
2148 993 2200 1047 in
2247 995 2657 1063 operationibus
2709 996 2828 1051 suis
2873 998 3164 1069 aliquando
3204 1004 3423 1071 quidem

1838 1085 2000 1151 bene,
2045 1084 2335 1154 aliquando
2377 1101 2507 1140 vero
2536 1102 2695 1143 secus
2728 1104 2785 1143 se
2818 1090 3001 1157 habet,
3035 1096 3178 1162 quod
3207 1106 3309 1160 est,
3346 1098 3427 1165 ip-

1837 1192 1955 1231 sam
1990 1190 2111 1232 esse
2152 1177 2494 1233 variabilem.
2541 1180 2760 1235 Peneos
2794 1182 2976 1252 itaque
3010 1185 3114 1240 hoc
3164 1194 3422 1256 tanquam

1838 1283 2046 1335 verum,
2076 1269 2489 1341 explicansque,
2524 1272 2763 1341 primum
2798 1286 3093 1345 Oppugnat,
3128 1280 3273 1347 quod
3302 1281 3426 1334 ani-

1836 1381 1923 1419 ma
1952 1381 2061 1420 non
2092 1366 2161 1421 sit
2193 1375 2385 1420 natura
2418 1382 2515 1421 sua
2553 1368 2716 1433 utala,
2746 1369 2833 1422 vel
2861 1386 3024 1424 causa
3060 1374 3351 1428 malorum.

1906 1454 1933 1525 §
1968 1453 2163 1510 XXXI.
2206 1455 2286 1509 Ad
2315 1454 2460 1520 hac,
2489 1458 2632 1511 bono
2674 1458 2872 1511 malum
2918 1471 3001 1513 est
3050 1463 3421 1526 contrarium,

1835 1546 1963 1600 boni
1999 1547 2181 1616 itaque
2222 1562 2387 1604 causa
2418 1565 2524 1603 una
2563 1561 2670 1614 est,
2718 1551 2841 1605 mali
2881 1567 3010 1604 vero
3044 1552 3250 1608 multm.
3285 1554 3422 1609 Nota

1834 1654 1986 1703 vero,
2020 1655 2125 1694 non
2177 1640 2351 1695 solum
2395 1642 2448 1695 in
2492 1642 2636 1696 bono
2666 1656 2887 1696 causam
2921 1643 3245 1699 ellieientem
3278 1663 3420 1716 pne-

1834 1735 2031 1800 dicari,
2064 1752 2255 1790 verum
2305 1738 2475 1792 etiam
2523 1737 2835 1804 formalem,
2868 1749 2926 1792 et
2970 1741 3112 1808 quod
3160 1743 3290 1809 quid
3338 1754 3422 1799 est

116 1800 198 1879 ἧν
242 1804 404 1872 εἶναι,
440 1806 624 1872 καθὼς
673 1807 769 1862 καὶ
820 1807 1075 1878 ἀνωτέρω
1121 1808 1297 1878 ἔλεγε,
1334 1809 1470 1863 καθὸ
1512 1809 1717 1879 λέγεται

1875 1828 1958 1889 ici,
1993 1827 2139 1884 sicut
2176 1829 2344 1883 etiam
2377 1831 2632 1899 superius
2659 1830 2820 1897 dixit,
2854 1830 2908 1883 in
2944 1841 3210 1901 quantum
3252 1834 3416 1888 etiam

118 1902 225 1956 καὶ
273 1901 597 1974 ὡρισμένον.
634 1900 792 1955 Αίτια
825 1901 879 1955 δὲ
912 1903 1006 1955 τοῦ
1042 1901 1215 1956 κακοῦ
1248 1904 1370 1956 ἐπεὶ
1401 1904 1501 1957 οὑκ
1535 1903 1732 1975 ἔχομεν

118 1995 306 2047 εἰπεῖν
341 1993 514 2046 είδικά
539 1992 683 2063 (οὑδὲ⁹
708 1993 818 2065 γάρ
850 1994 967 2047 ἐστί
997 2013 1051 2048 τι
1084 1994 1227 2048 κατά
1260 1994 1421 2064 φύσιν
1448 1994 1510 2048 τὺ
1539 1995 1728 2062 κακὸν,

119 2084 208 2149 ὡς
259 2083 325 2139 ἂν
376 2085 470 2138 καὶ
519 2085 763 2158 ὁρισθείη
808 2086 904 2139 καὶ
939 2086 1322 2158 είδοποιηθείη,
1359 2086 1451 2140 καὶ
1484 2086 1544 2140 τὸ
1576 2087 1628 2141 τί
1662 2083 1731 2159 ἦν

116 2174 270 2231 εἶναι
308 2176 476 2250 ⁶ἐξεισ)
510 2177 600 2231 διά
632 2176 790 2230 τοῦτο
823 2176 882 2229 οὑ
918 2174 986 2228 τά
1021 2175 1217 2240 εἰδικά,
1251 2176 1389 2231 ἀλλά
1422 2176 1490 2231 τὰ
1528 2196 1730 2249 ποιητι-

114 2270 199 2323 κὰ
250 2269 498 2341 βούλεται
546 2268 759 2339 λέγειν’
794 2268 969 2322 ταῦτα
1015 2269 1072 2322 δέ
1123 2272 1261 2323 εἰσιν
1295 2270 1438 2341 ἆπερ
1470 2271 1728 2343 ἀνωτέρω

112 2361 391 2429 ἐλλείψεις
441 2360 673 2433 μερικὰς
720 2360 845 2432 ἔφη.
882 2356 1015 2413 Εἶτα
1064 2360 1150 2414 ἵνα
1204 2362 1278 2433 μή
1326 2379 1411 2426 τις
1458 2362 1724 2436 ὑπολάϐῃ,

110 2454 205 2507 ὅτι
238 2455 307 2509 τὰ
342 2454 597 2527 ποιητικὰ
630 2453 804 2508 ταῦτα
835 2453 946 2507 τῶν
980 2452 1167 2509 κακῶν
1198 2454 1459 2526 δυνάμεις
1492 2456 1598 2509 είσὶ
1631 2456 1725 2510 καὶ

110 2549 278 2617 λόγοι
310 2548 402 2602 καὶ
432 2548 569 2619 εἴδη,
604 2548 727 2601 καθ’
761 2546 855 2611 οῦς
901 2546 1288 2618 εἰδοποιηθείη,
1326 2549 1511 2619 φησὶν,
1545 2549 1627 2603 ὅτι
1660 2549 1721 2602 οὑ

108 2642 382 2713 δυνάμεις
427 2642 586 2706 εἰσὶν,
622 2641 737 2694 ἀλλ’
770 2641 1045 2713 ἀδυναμία
1094 2641 1188 2694 καὶ
1242 2639 1386 2711 μίξις
1434 2640 1544 2693 τῶν
1594 2642 1719 2695 ἀνο-

115 2734 299 2804 μοίων
329 2734 700 2805 ἀσύμμετρος.
732 2733 1124 2805 Ἐλλείμματος
1164 2733 1273 2804 γάρ
1317 2735 1721 2805 ὲπισυμϐάντος

109 2827 197 2898 τῷ
232 2826 577 2900 ὑποκειμένῳ
610 2825 751 2880 κατά
783 2826 881 2897 τὴν
914 2824 1136 2897 ἀρετὴν,
1167 2825 1275 2878 ἰδοὺ
1311 2825 1718 2894 παρυφίσταταί

108 2936 203 2983 τις
241 2917 430 2983 κακία,
454 2918 549 2971 καὶ
584 2916 663 2971 ἔτι
698 2917 918 2981 πλείων,
944 2917 1038 2970 καὶ
1071 2916 1149 2971 ἔτι
1183 2916 1402 2981 πλείων,
1438 2916 1530 2971 καὶ
1560 2916 1718 2970 τοῦτο

108 3012 206 3065 ἐπ’
231 3012 479 3083 ἄπειρον,
504 3011 597 3066 καὶ
628 3011 690 3064 τὸ
722 3010 984 3073 παντελὲς
1016 3011 1048 3081 ἠ
1086 3009 1251 3064 κακία
1282 3010 1383 3082 οὑχ
1416 3010 1526 3074 ἕξει
1560 3010 1711 3063 ποτέ.

109 3104 317 3171 Καλῶς
342 3105 397 3158 δὲ
423 3104 654 3159 τέθειται
685 3104 747 3156 τὸ
762 3104 1160 3173 ἀσύμμετρος
1191 3103 1224 3175 ἡ
1257 3102 1366 3175 γάρ
1400 3103 1712 3175 σύμμετρος

1836 1920 2121 1973 deﬁnitqu
2154 1920 2376 1975 dicitur.
2408 1920 2543 1975 Cum
2569 1931 2751 1975 autem
2778 1921 2906 1976 mali
2938 1939 3133 1979 causas
3159 1925 3420 1981 formales

1834 2010 2115 2080 assignare
2143 2026 2486 2079 nequeamus
2518 2012 2664 2081 (quia
2699 2013 2834 2067 nihil
2864 2024 3058 2068 natura
3091 2031 3188 2070 sua
3218 2018 3420 2073 malum

1833 2111 1935 2165 est,
1977 2103 2121 2157 unde
2160 2104 2371 2159 deﬁniri
2406 2107 2577 2174 possit
2605 2114 2657 2160 et
2690 2106 3026 2175 proprietate
3061 2110 3338 2179 insigniri,
3363 2121 3422 2166 et

1830 2193 1971 2261 quod
2008 2193 2140 2261 quid
2184 2204 2271 2249 est
2303 2194 2522 2265 habeat)
2562 2196 2766 2251 idcirco
2795 2212 2901 2251 non
2932 2197 3045 2251 vult
3069 2200 3253 2254 dicere
3282 2216 3416 2255 cau-

1829 2295 1921 2336 sas
1969 2283 2243 2347 formales,
2289 2286 2385 2340 sed
2418 2284 2745 2353 eﬂicicntes;
2790 2286 2873 2342 lue
2907 2302 3039 2343 vero
3079 2299 3230 2357 sunt,
3279 2306 3418 2359 quas

1828 2376 2080 2445 superius
2110 2378 2358 2432 defectus
2406 2378 2770 2447 particulares
2817 2381 3141 2436 nominavit.
3188 2382 3415 2449 Deinde,

1828 2477 1895 2517 ne
1920 2465 2042 2533 quis
2060 2466 2391 2537 suSpicetur,
2411 2466 2707 2524 efﬁcientes
2736 2468 2901 2524 hasce
2929 2472 3197 2527 malorum
3224 2489 3418 2529 causas

1824 2557 2085 2622 exuere,
2115 2560 2349 2614 virtutes
2377 2561 2642 2630 quasdam
2690 2577 2766 2615 ac
2814 2563 3059 2619 rationes
3092 2575 3147 2619 et
3182 2564 3411 2631 lormas,

1824 2650 2119 2702 secundum
2146 2666 2283 2720 quas
2319 2655 2459 2707 mala
2493 2654 2596 2709 ista
2631 2656 3018 2726 insigniantur,
3051 2660 3269 2722 asserit,
3310 2675 3414 2713 non

1822 2756 1944 2795 esse
1961 2743 2212 2807 virtutes,
2231 2747 2322 2800 sed
2344 2748 2721 2816 impotentiam
2740 2763 2795 2804 et
2814 2752 3168 2818 incongruam
3203 2754 3413 2806 mistio-

1824 2851 1946 2890 nem
1978 2851 2162 2891 rerum
2187 2840 2553 2895 dissimilium.
2570 2841 2706 2895 Cum
2734 2844 2878 2898 enim
2897 2843 3148 2912 subjecto
3168 2846 3414 2899 defectus

1820 2926 2021 2997 aliquis
2046 2932 2247 2984 accidit
2278 2935 2575 2987 secundum
2606 2935 3040 3001 virtutem,eece
3070 2939 3248 3008 aliqua
3277 2954 3413 2995 exo-

1822 3020 1960 3073 ritur
1978 3021 2207 3087 malitia,
2224 3033 2277 3077 et
2294 3024 2471 3079 adhuc
2496 3026 2688 3093 major,
2707 3028 2950 3083 etadbuc
2970 3030 3161 3098 major,
3182 3032 3340 3100 idque
3358 3032 3409 3085 in

1817 3111 2117 3178 inﬁnitum,
2137 3127 2236 3168 nec
2254 3130 2492 3182 unquam
2515 3115 2717 3169 malitia
2740 3116 2963 3172 habebit
2995 3119 3406 3188 perfectionem.

110 3198 270 3269 μίξις
316 3198 427 3252 τῶν
485 3197 754 3269 ἀνομοίων
807 3174 1288 3268 είδοπεποιημένον
1338 3174 1392 3249 τί
1442 3174 1557 3250 ἐστι
1619 3174 1713 3251 καὶ

1875 3214 1988 3258 cete
2027 3217 2155 3259 vero
2194 3205 2395 3259 dicitur
2455 3206 2743 3270 immensa;
2816 3223 2941 3261 nam
2999 3211 3408 3278 proportionata

103 3288 443 3360 ὡρισμένον,
479 3290 575 3342 καὶ
619 3287 705 3341 διὰ
736 3287 899 3340 τοῦτο
930 3286 1067 3358 αῦτη
1101 3288 1159 3340 οὑ
1197 3287 1386 3353 κακὸν,
1423 3288 1537 3342 ἀλλ’
1572 3288 1711 3358 ἀγα-

106 3382 229 3444 θὸν,
268 3380 451 3444 καθὼς
487 3379 633 3433 ἐστιν
672 3379 798 3433 ἰδεῖν
831 3379 926 3432 ἐπὶ
960 3378 1058 3450 τῆς
1094 3378 1329 3447 ὑγιείας,
1367 3380 1712 3451 συμμετρίας

103 3475 284 3547 οὔσης
314 3475 424 3528 τῶν
455 3474 717 3528 ἐναντίων
743 3471 933 3543 χυμῶν
952 3487 965 3501 ·
998 3470 1094 3525 καὶ
1120 3473 1215 3526 ἐπὶ
1240 3472 1338 3543 τῆς
1370 3472 1710 3543 συμφωνίας,

103 3569 237 3637 ἣτις
273 3566 591 3638 πολυμιγῶν
636 3566 730 3619 καὶ
777 3566 902 3638 δίχα
948 3563 1290 3638 φρονούντων
1324 3564 1518 3629 ἒνωσις
1551 3563 1710 3633 λέγε-

102 3674 225 3725 ται,
260 3659 372 3712 τῶν
404 3658 535 3729 γοῦν
567 3659 708 3712 κατὰ
742 3657 901 3728 φύσιν
934 3659 1023 3712 ἀεὶ
1052 3656 1315 3720 ὡσαύτως
1347 3656 1600 3727 ἐχόντων,
1635 3657 1711 3721 ὡς

102 3749 434 3821 ὡρισμένων
468 3749 607 3802 κατά
656 3748 748 3803 τὸν
794 3749 896 3819 τῆς
947 3749 1163 3819 φύσεως
1208 3747 1387 3802 αὑτῶν
1421 3747 1596 3816 λόγον.
1634 3748 1708 3801 Οὑ

103 3842 221 3914 γὰρ
256 3844 320 3895 ὲκ
353 3842 614 3913 γιγάρτου
650 3842 781 3895 ποτὲ
812 3840 967 3895 ἐλαία
997 3840 1354 3910 ἀναφύσεται,
1390 3839 1506 3893 ἀλλ’
1528 3839 1709 3910 ἄμπε-

102 3936 220 3998 λος,
240 3933 350 3986 οὐδ’
372 3934 437 3986 ἐκ
456 3934 549 3987 τοῦ
578 3932 817 4005 πυρῆνος
847 3932 1110 4003 ἄμπελος,
1128 3931 1244 3985 ἀλλ’
1266 3931 1441 3985 ἐλαία.
1462 3931 1543 3984 Τά
1565 3932 1710 3987 κακά

102 4026 343 4098 ἀόριστά
376 4027 501 4089 εἰσι,
534 4024 629 4079 καὶ
662 4027 720 4078 ὲν
755 4024 934 4086 ἄλλοις
967 4025 1063 4077 καὶ
1095 4022 1276 4088 ἄλλοις
1309 4024 1587 4095 ἀπείροις·
1616 4024 1711 4077 καὶ

100 4117 218 4171 τῶν
254 4117 438 4170 κακῶν
458 4118 603 4170 ἐστιν
624 4117 767 4189 ἀρχὴ
791 4118 886 4170 καὶ
908 4116 1061 4181 τέλος
1092 4116 1154 4170 τὸ
1185 4116 1409 4185 ἀγαθόν·
1431 4116 1525 4169 καὶ
1541 4116 1710 4169 κακὸν

100 4210 217 4281 γάρ
267 4208 568 4273 ποιοῦντες.
600 4209 802 4278 ἀγαθὸν
851 4210 1026 4262 ποιεῖν
1060 4208 1356 4279 νομίζομεν
1380 4224 1393 4237 ·
1432 4207 1485 4261 εί
1512 4226 1566 4261 τι
1600 4207 1710 4280 γάρ

102 4304 445 4371 πράττομεν,
480 4301 542 4355 τδ
573 4301 776 4370 ἀγαθὸν
798 4300 1090 4364 ποθοῦντες
1136 4300 1480 4371 πράττομεν·
1519 4302 1567 4353 εί
1600 4300 1710 4370 γάρ

112 4397 297 4449 ἐδόκει
322 4395 500 4465 πάντη
534 4394 721 4459 κακὸν,
747 4394 847 4446 οὑκ
878 4393 945 4447 ἂν
965 4388 1032 4464 ἦν
1057 4392 1201 4463 ὁρμὴ
1225 4394 1319 4447 καὶ
1340 4393 1526 4462 ἔφεσις
1552 4395 1583 4465 ἡ
1593 4394 1709 4465 μῶν

99 4488 249 4559 ’πρὸς
283 4489 458 4541 έκεῖνο
479 4505 491 4516 ·
547 4487 635 4541 διὰ
677 4487 836 4540 τοῦτο
868 4486 998 4556 γοῦν
1046 4488 1145 4557 οὑχ
1174 4487 1473 4540 ὑπόστασιν
1507 4488 1617 4559 ἔχει
1649 4489 1710 4543 τὸ

98 4580 278 4633 κακὸν
304 4579 439 4649 πρὸς
459 4579 487 4632 ὃ
505 4579 714 4649 βλέπων
732 4595 816 4641 τις
833 4579 961 4641 ἴσως
991 4578 1183 4630 ὲποίει’
1205 4577 1317 4630 ἀλλ’
1334 4578 1381 4630 εί
1398 4576 1504 4647 ἄρα
1537 4596 1710 4649 παρυ-

98 4672 491 4735 πὸστασιν,τοῦ
508 4673 713 4741 ἀγαθοῦ
730 4673 913 4736 ἕνεκα,
934 4672 1027 4725 καὶ
1043 4671 1141 4742 οὑχ
1157 4670 1352 4724 ἑαυτοῦ
1366 4671 1703 4741 γιγνόμενον.

1815 3298 2061 3365 quaedam
2094 3298 2440 3352 dissimilium
2471 3300 2784 3354 commistio
2813 3310 2896 3355 est
2925 3300 3055 3369 quid
3101 3302 3408 3371 proprieta-

1816 3390 1961 3444 tibus
1986 3389 2303 3459 insignitum
2337 3407 2400 3446 ac
2426 3390 2732 3458 deﬁnitum,
2758 3390 2925 3464 424
2949 3400 3111 3463 atque
3138 3394 3274 3449 adeo
3302 3409 3407 3449 non

1816 3478 2040 3546 malum,
2085 3484 2179 3536 sed
2223 3481 2463 3546 bonum;
2512 3482 2977 3551 quemadmodum
3016 3485 3208 3539 videre
3235 3486 3405 3540 estin

1815 3571 2073 3637 sanitate,
2102 3588 2225 3642 qum
2266 3573 2523 3628 consistit
2567 3574 2618 3627 in
2658 3575 3062 3631 contrariorum
3110 3577 3404 3633 humerum

1816 3666 2199 3734 proportione;
2251 3680 2315 3721 ac
2356 3667 2408 3720 in
2451 3668 2831 3737 congruentia,
2876 3683 2996 3737 quae
3037 3669 3241 3723 dicitur
3281 3672 3408 3725 unio

1816 3757 2107 3811 multarum
2150 3772 2331 3811 rerum
2366 3759 2678 3822 mistarum,
2705 3770 2762 3814 et
2804 3760 2871 3813 ad
2906 3760 3120 3815 diversa
3150 3772 3405 3831 spectan-

1815 3850 1971 3913 tium,
2008 3864 2129 3919 qnm
2158 3850 2415 3904 videlicet
2443 3851 2742 3905 secumlum
2775 3863 3025 3907 naturam
3060 3867 3279 3920 semper
3312 3868 3403 3905 eo-

1814 3941 1936 3993 dem
1968 3941 2127 3993 modo
2156 3954 2215 3993 se
2244 3939 2445 3993 habent
2466 3939 2609 3993 sicut
2636 3939 2872 3994 deﬁnita:
2895 3949 3042 4003 sunt,
3071 3954 3167 4009 pro
3194 3950 3405 3992 natura:

1812 4048 1926 4087 sua:
1952 4035 2185 4087 ratione.
2220 4032 2338 4086 Non
2366 4035 2514 4087 enim
2543 4048 2781 4101 unquam
2817 4047 2880 4087 ex
2912 4034 3071 4087 acino
3114 4031 3281 4096 oliva,
3308 4034 3403 4084 sed

1811 4125 1939 4177 vitis
1968 4122 2290 4191 pullulabit;
2331 4138 2432 4177 nec
2458 4138 2526 4177 ex
2558 4122 2799 4177 ossiculo
2823 4122 2980 4176 olivae
3007 4122 3156 4187 vitis,
3183 4124 3277 4177 sed
3305 4122 3408 4176 oli-

1812 4228 1899 4268 va.
1943 4213 2079 4267 Mala
2127 4214 2409 4267 iudeﬁnita
2442 4222 2587 4276 sunt,
2614 4222 2779 4283 atque
2807 4213 2863 4267 in
2890 4212 3013 4268 aliis
3037 4222 3091 4267 et
3124 4214 3246 4266 aliis
3283 4213 3407 4267 inli—

1813 4304 1962 4360 nitis.
1999 4304 2142 4371 Quin
2178 4304 2347 4359 etiam
2390 4306 2659 4359 malorum
2701 4304 3028 4374 principium
3071 4320 3134 4358 ac
3166 4305 3286 4357 linis
3320 4316 3404 4359 est

1814 4396 2047 4461 bonum;
2100 4410 2226 4448 nam
2273 4396 2401 4450 dum
2444 4394 2649 4448 malum
2694 4394 2945 4456 facimus,
2979 4397 3178 4450 bonum
3224 4396 3405 4451 facere

1814 4486 2181 4549 arbitramur;
2215 4484 2261 4537 si
2286 4485 2417 4554 quid
2455 4487 2599 4539 enim
2629 4484 2881 4549 facimus,
2914 4488 3110 4539 bonum
3140 4498 3404 4556 appeten-

1818 4588 1897 4631 tes
1927 4576 2187 4641 facimus;
2216 4577 2261 4631 Si
2289 4578 2435 4631 enim
2466 4579 2743 4634 videretur
2774 4579 2996 4633 omnino
3028 4579 3249 4638 malum,
3278 4578 3403 4632 uul-

1817 4670 1901 4724 lus
1933 4671 1985 4723 in
2017 4668 2175 4724 nobis
2205 4671 2272 4724 ad
2305 4669 2436 4725 illud
2465 4680 2611 4727 esset
2638 4681 2817 4725 motus
2842 4682 2897 4725 et
2928 4671 3197 4739 appetitus
3223 4686 3237 4723 :
3264 4684 3394 4737 quo-

97 4766 257 4818 circa
334 4766 532 4818 malum
587 4783 692 4820 non
766 4766 931 4820 habet
979 4763 1432 4825 sultsistentiam,
1478 4765 1543 4815 ad
1588 4778 1752 4831 quam
1813 4762 1938 4830 quis
1987 4760 2131 4816 forte
2173 4772 2428 4830 spectans
2475 4771 2755 4833 operetur,
2804 4761 2899 4815 sed
2942 4760 3097 4830 quasi
3139 4760 3405 4827 quodam-

98 4858 270 4913 modo
300 4858 733 4924 subsistentiam,
765 4860 893 4912 dum
924 4858 1049 4912 boni
1086 4867 1141 4911 et
1182 4873 1289 4911 non
1323 4857 1493 4925 ipsius
1524 4870 1690 4910 causa
1719 4856 1848 4927 quid
1886 4856 1966 4911 lit.

170 4952 200 5022 ς
224 4952 446 5006 XXXII.
488 4950 578 5021 Τῷ
598 4948 753 5021 κακῷ
779 4949 840 5003 τὸ
862 4943 1001 5002 εἴναι
1024 4947 1163 5003 κατὰ
1190 4946 1536 5019 συμϐεϐηκός
1562 4948 1701 5011 ἐστι,

96 5051 196 5105 καὶ
246 5049 306 5101 οὑ
358 5046 477 5102 καθ’
514 5045 681 5099 αὑτόο
724 5044 845 5098 οὑδὲ
882 5042 993 5116 γάρ
1040 5042 1317 5114 ἐφιέμενοι
1362 5041 1458 5094 τοῦ
1502 5041 1698 5105 κακοῦ,

98 5141 369 5212 ποιοῦμεν
394 5140 421 5193 ὃ
451 5138 731 5208 ποιοῦμεν,
759 5137 875 5190 ἀλλ’
905 5135 1171 5206 ἐφιέμεθα
1208 5136 1305 5206 μὲν
1343 5132 1439 5187 τοῦ
1471 5134 1699 5203 ἀγαθοῦ,

95 5236 312 5303 γίνεται
347 5232 402 5285 δὲ
434 5231 495 5284 τὸ
535 5231 702 5284 κακόν
725 5248 737 5259 ο
776 5229 918 5281 ὥστε
949 5230 1038 5282 διὰ
1090 5228 1152 5280 τὸ
1199 5225 1402 5294 ἀγαθὸν
1437 5225 1499 5277 τὸ
1532 5225 1700 5278 κακὸν

96 5328 335 5395 γίνεται.
373 5324 705 5394 Θαυμασίως
753 5323 934 5375 τοίνυν
980 5321 1217 5373 δείκνυσι
1262 5319 1323 5371 τὸ
1368 5318 1536 5371 κακὸν
1568 5318 1699 5370 ἁνυ-

98 5420 392 5480 πόστατον,
454 5418 547 5472 καὶ
574 5416 829 5488 στέρησιν
854 5414 984 5467 αὑτὸ
1016 5414 1123 5467 τῶν
1147 5415 1206 5465 ὲν
1231 5410 1381 5474 τάξει
1410 5411 1505 5464 καὶ
1534 5409 1695 5477 φύσει

96 5514 273 5581 λέγων
294 5529 306 5541 ·
338 5514 370 5580 ἡ
401 5509 458 5561 δὲ
492 5510 748 5580 στέρησις
772 5508 873 5560 οὑκ
902 5507 1064 5560 αὑτοῦ
1099 5488 1419 5568 ὑπόστασις,
1457 5502 1595 5556 ἀλλὰ
1634 5502 1697 5555 τὸ

97 5603 346 5673 πεφυκὸς
376 5602 471 5657 καὶ
500 5600 787 5655 ἐπιϐάλλον
820 5602 1069 5669 παρεῖναι
1097 5600 1171 5669 μὴ
1202 5597 1374 5667 παρόν
1396 5614 1409 5627 ο
1450 5595 1572 5649 ὅθεν
1602 5596 1697 5647 ml.

96 5695 675 5766 ἁμαρτίαν,τουτέστιν
695 5693 946 5758 ἀτευξίαν
960 5693 1053 5745 καὶ
1076 5691 1390 5744 ἀπόπτωσιν
1409 5688 1504 5741 τοῦ
1528 5705 1695 5757 προσ-

96 5793 347 5861 ήκοντος,
380 5786 514 5840 αὑτὸ
552 5786 613 5838 τὸ
653 5786 755 5856 τῆς
796 5790 1100 5855 στερήσεως
1136 5783 1289 5837 καλεῖ
1315 5784 1407 5837 καὶ
1431 5784 1690 5845 ἄσκοπον,

418 5882 689 5940 Pariter.
749 5880 865 5939 Gn.
908 5879 1013 5939 ιιι.

1883 4946 1911 5017 §
1950 4947 2169 5004 XXXII.
2212 4947 2354 5003 Malo
2389 4956 2565 5003 status
2608 4954 2696 5000 est
2732 4960 2829 5015 per
2871 4942 3148 5007 accidens,
3196 4948 3251 4993 et
3293 4956 3399 4995 nou

1809 5054 1905 5110 per
1938 5054 1998 5093 se
2032 5060 2046 5096 :
2091 5056 2267 5109 neque
2294 5041 2438 5094 enim
2488 5041 2793 5109 appetendo
2833 5036 3033 5090 malmn
3077 5034 3312 5087 facimus
3347 5034 3397 5086 id

1809 5131 1952 5198 quod
2000 5130 2258 5194 facimus,
2290 5130 2383 5184 sed
2418 5130 2724 5197 appetimus
2756 5128 2973 5195 quidem
3003 5126 3231 5182 bonum.
3267 5123 3398 5174 l‘ari-

1808 5238 1930 5276 nms
1960 5233 2141 5276 autem
2176 5222 2411 5285 malum;
2447 5220 2584 5273 adeo
2609 5228 2666 5271 ut
2700 5226 2924 5287 propter
2954 5218 3154 5269 bonmn
3194 5215 3393 5264 malum

1810 5316 1925 5367 tiat.
1958 5314 2281 5367 Mirabiliter
2313 5314 2496 5380 itaque
2540 5312 2781 5365 ostendit
2823 5311 3022 5361 malmn
3073 5322 3177 5360 non
3217 5305 3396 5358 subsi-

1806 5419 1973 5471 stere,
2006 5408 2133 5459 dum
2178 5414 2337 5459 voeat
2385 5404 2514 5458 illud
2550 5404 2913 5474 privationem
2950 5416 3131 5454 rermu
3171 5398 3397 5452 ordina-

1808 5509 1984 5550 tarum
2018 5514 2081 5550 ac
2111 5496 2481 5560 naturalium;
2515 5497 2752 5565 privatio
2784 5503 2966 5547 autem
3001 5506 3098 5561 per
3125 5506 3185 5544 se
3225 5490 3390 5540 mini-

1806 5608 1891 5643 me
1939 5590 2208 5656 subsistit,
2242 5591 2334 5643 sed
2366 5603 2488 5641 cum
2522 5590 2746 5641 deberet
2783 5594 2837 5640 ct
2878 5586 3124 5654 exigeret
3168 5582 3387 5636 adesse.

1806 5698 1910 5736 non
1958 5684 2112 5736 adest
2169 5700 2181 5734 :
2233 5683 2371 5735 unde
2422 5685 2585 5735 etiam
2630 5680 2989 5749 privationem
3022 5687 3179 5731 vocat
3210 5676 3392 5746 ἀμαρ-

1803 5776 1947 5839 τίαν,
1986 5777 2036 5829 id
2080 5787 2156 5829 est
2204 5775 2604 5829 abcrralionem
2648 5786 2701 5829 et
2747 5773 2952 5845 lapsum
3007 5786 3035 5823 a
3076 5773 3296 5835 dec0'o,
3334 5776 3389 5821 et

2912 5866 2991 5926 εδ
