3768 6304
333 264 429 323 811

1512 256 1570 315 S.
1614 255 1907 313 DIONYSII
1957 250 2417 309 AREOPAGITA‘Z

3494 258 3597 311 8I3

332 390 481 457 scopi
512 385 941 448 frustrationem,
986 400 1084 453 pro
1108 383 1256 453 jaclu
1294 395 1323 432 a
1368 394 1533 446 scopo
1563 377 1906 438 ilclieetente,

2094 374 2132 426 :i
2158 375 2251 425 τοῦ
2276 372 2425 443 παρά
2449 372 2541 425 τὸν
2566 372 2767 425 σκοπὸν
2804 369 3015 441 βάλλον,
3051 372 3117 425 ἐκ
3146 374 3463 443 μεταφορΞς
3495 374 3599 425 τῶν

332 499 361 533 a
385 477 753 548 iaculantibus
786 476 1097 545 metaphora
1132 475 1439 541 desumpta.
1476 468 1634 525 Sicut
1659 470 1802 523 enim
1837 468 1910 522 illi

333 583 490 626 extra
538 585 757 641 scepnm
781 568 1087 636 jaculantes
1117 567 1377 619 aberrant
1412 579 1440 616 a
1471 565 1704 624 decoro;
1749 559 1828 611 sic
1857 565 1913 612 et

336 680 433 717 nos
460 674 683 730 a‘scopo
714 672 764 715 et
806 661 999 713 ordine
1042 660 1385 717 aberrantes,
1417 653 1687 722 vergimus
1718 659 1915 720 prmter

334 753 677 807 naturam'ad
715 750 1090 805 irrationalem
1130 758 1185 802 et
1219 744 1594 816 imperfectam
1642 752 1697 796 et
1736 755 1915 793 amen-

334 855 437 898 tem
501 842 886 905 abolitionem;
936 840 1076 893 unde
1120 837 1251 891 dicit
1300 838 1464 890 etiam
1523 832 1722 887 malum
1778 828 1911 883 nihil

330 935 556 988 omnino
585 933 845 987 existere.
881 930 1149 984 Cmternm
1177 928 1442 982 adversus
1464 940 1558 979 eos
1581 924 1670 993 qui
1704 922 1910 983 dicunt,

332 1028 528 1081 malum
563 1042 660 1095 per
692 1039 751 1079 se
788 1023 991 1092 aliquid
1031 1037 1211 1092 posse,
1245 1018 1343 1081 ait,
1381 1019 1581 1073 malum
1617 1018 1774 1071 aliter
1805 1032 1910 1069 ιιοιι

329 1120 589 1182 existere,
615 1133 779 1187 quam
812 1117 865 1170 in
898 1116 1258 1185 permistione
1302 1112 1455 1175 boni,
1498 1114 1552 1166 In
1582 1121 1787 1164 tantum
1820 1123 1914 1161 ac-

326 1213 533 1275 cidens,
569 1211 622 1265 in
664 1218 926 1278 quantum
958 1208 1143 1263 deﬁcit
1173 1209 1411 1269 bonum;
1438 1204 1579 1273 quod
1611 1203 1753 1257 enim
1787 1200 1913 1255 boni

328 1320 550 1373 prorsus
574 1318 769 1372 expers
794 1312 899 1365 εει,
928 1315 1105 1369 neque
1128 1308 1211 1354 est
1238 1298 1533 1369 quidquam
1564 1310 1740 1365 neque
1762 1293 1914 1364 quid-

327 1412 492 1465 quam
524 1404 722 1467 potest.
750 1396 793 1451 Α
825 1394 1107 1450 contrario
1140 1394 1325 1462 itaque
1370 1399 1793 1461 argumentatur
1835 1387 1914 1441 di-

327 1504 457 1542 I'CIIS
487 1511 499 1541 ;
530 1486 587 1540 Si
614 1486 817 1539 bonum
851 1495 936 1538 est
964 1485 1017 1539 id
1044 1485 1187 1551 quod
1212 1490 1318 1548 est,
1347 1490 1400 1535 et
1428 1482 1811 1551 appetendum,
1860 1487 1916 1532 et.

327 1581 589 1645 vaiidum,
629 1588 684 1633 et
720 1576 944 1641 eﬂicax;
983 1577 1211 1639 malum,
1254 1584 1439 1643 utpote
1473 1574 1701 1627 entitate
1736 1571 1916 1640 priva-

330 1685 472 1735 tum,
515 1673 631 1727 Iure
674 1671 898 1725 minime
944 1668 1183 1723 habebit.
1220 1668 1421 1722 Deinde
1450 1664 1648 1719 malum
1684 1679 1787 1717 non
1818 1678 1917 1732 per

2014 465 2577 535 τοξευόντων.Ὤσπερ
2596 463 2708 534 γάρ
2736 465 2781 515 oi
2812 463 2915 529 ἐξω
2934 462 3029 515 τοῦ
3064 462 3270 515 σκοποῦ
3293 462 3599 527 τοξεύοντες

2012 555 2389 625 ἁμαρτάνουσι
2426 554 2521 606 τοῦ
2555 555 2955 626 προσήκοντος·
2994 552 3135 606 οῦτω
3173 554 3267 606 xui
3303 555 3487 624 ἡμεῖς,
3511 571 3599 606 του

2016 647 2219 702 σκοποῦ
2272 646 2365 700 xui
2412 646 2513 717 τῆς
2555 646 2766 712 τάξεως
2809 646 3295 715 ἀποτυγχάνοντες,
3328 646 3600 716 φερόμεθα

2014 745 2097 806 είς
2142 742 2239 813 τὴν
2279 741 2429 812 παρά
2463 740 2627 811 φύσιν
2664 741 2857 809 ἄλογον
2886 741 2979 793 xui
3020 739 3184 809 ἀτελῆ
3222 741 3321 792 xui
3358 737 3602 790 ἀνούσιον

2013 832 2352 903 ἀνυπαρξίαν
2376 848 2389 861 ·
2423 832 2547 884 ὅθεν
2581 832 2677 885 xui
2704 833 2926 904 μηδαμῆ
2966 832 3130 903 μηδὲν
3162 830 3225 882 ὂν
3245 828 3398 898 λέγει
3427 828 3487 881 τὸ
3510 846 3599 880 xu-

2015 926 2263 978 κόν.Ἕτι
2294 924 2429 996 πρὸς
2455 925 2581 987 τούς
2618 924 2897 993 λέγοντας,
2915 927 2996 978 ὅτι
3023 923 3244 978 δύναταί
3268 940 3323 975 τι
3347 921 3411 973 τὸ
3439 920 3603 974 κακὸν

2015 1017 2137 1071 καθ’
2168 1018 2297 1071 αὐτὸ
2323 1019 2516 1081 ποιεῖν,
2550 1019 2684 1089 φησὶ
2716 1017 2916 1081 τοίνυν,
2938 1019 3019 1070 ὅτι
3043 1016 3104 1069 τὸ
3133 1015 3303 1069 κακὸν
3339 1012 3515 1075 ἄλλως
3542 1012 3600 1063 ού

2016 1111 2441 1182 παρυφίσταται,
2475 1110 2523 1163 εί
2562 1110 2636 1181 μὴ
2671 1113 2729 1163 ἐν
2764 1114 2830 1182 τῇ
2865 1110 2959 1164 τοῦ
2999 1109 3201 1178 ἀγαθοῦ
3246 1106 3413 1179 μίξει,
3451 1106 3604 1159 τόσον

2016 1203 2426 1274 ἐπισυμϐειῖνον,
2448 1203 2681 1257 καθόσον
2701 1203 2762 1255 τὸ
2784 1202 2984 1271 ἀγαθὸν
3013 1202 3248 1255 ἐλλείπει
3266 1218 3279 1229 ο
3308 1199 3371 1252 τὸ
3399 1199 3457 1251 δὲ
3483 1199 3601 1251 πάν-

2014 1313 2084 1366 τη
2121 1296 2347 1367 ἄμοιρον
2379 1295 2473 1349 τοῦ
2513 1294 2718 1366 ἀγαθοῦ
2764 1294 2887 1348 οὔτε
2920 1295 2978 1347 ὃν
3015 1297 3161 1347 ἐστιν
3181 1334 3196 1358 ,
3228 1291 3355 1345 οὔτε
3384 1289 3599 1344 δύναταί

2015 1407 2089 1443 τι.
2108 1391 2201 1442 Ἐκ
2233 1388 2327 1442 τοῦ
2353 1388 2597 1443 ἐναντίου
2631 1388 2761 1457 γοῦν
2790 1389 3057 1458 ἐπιχειρεῖ
3087 1388 3261 1456 λέγων
3284 1402 3297 1414 ·
3328 1386 3454 1437 Ὅτι
3473 1384 3520 1435 εἰ
3545 1382 3603 1435 τὸ

2018 1484 2221 1552 ἀγαθὸν
2268 1484 2327 1535 ὃν
2367 1485 2503 1546 ἐστι,
2542 1482 2637 1536 xui
2686 1482 2848 1554 βουλή
2898 1485 3036 1544 ἐστι,
3093 1478 3186 1534 xui
3223 1478 3469 1539 δύναται,
3515 1477 3604 1528 xui.

2019 1578 2179 1637 ποιεῖ,
2209 1574 2269 1627 τὸ
2313 1573 2483 1627 κακὸν
2534 1574 2629 1627 τοῦ
2680 1574 2831 1637 ὄντος
2875 1570 3258 1643 ἐστερημένον,
3298 1569 3480 1622 ταῦτα
3510 1568 3604 1637 οὐχ

2020 1666 2283 1733 ἓξει.”Ετι
2321 1666 2406 1718 ὅτι
2440 1666 2541 1718 οὐκ
2579 1666 2695 1718 ἔστι
2726 1665 2787 1717 τὸ
2814 1665 2981 1718 κακὸν
3019 1661 3141 1716 καθ’
3165 1660 3318 1725 αὐτὸ,
3355 1660 3514 1730 δῆλον
3542 1658 3601 1711 ἐκ

328 1779 387 1819 se
418 1766 674 1827 existere,
704 1772 853 1832 patet
881 1776 948 1815 ex
980 1776 1045 1816 eo
1076 1760 1216 1828 quod
1247 1773 1351 1812 non
1385 1758 1454 1812 sit
1481 1759 1621 1811 idem
1656 1756 1707 1809 in
1734 1756 1913 1809 omni-

2094 1759 2103 1810 i
2140 1758 2215 1829 μὴ
2250 1753 2387 1809 εἶναι
2411 1756 2560 1828 παρά
2592 1759 2726 1810 πᾶσι
2754 1756 2966 1819 ταύτὸν,
2993 1754 3124 1809 ἀλλά
3152 1754 3246 1807 xui.
3273 1752 3404 1807 ἀλλο
3424 1754 3483 1805 ἐν
3509 1751 3600 1805 άλ-

331 1859 456 1919 lms,
489 1871 676 1910 verum
719 1854 884 1909 etiam
921 1854 1065 1906 aliud
1102 1853 1153 1905 in
1196 1851 1337 1913 aliis,
1369 1859 1531 1919 prout
1575 1850 1626 1903 in
1666 1862 1915 1916 unoquo-

327 1962 434 2019 que
469 1948 596 2001 boni
639 1946 820 2015 lapsus
851 1945 1057 1999 existit.
1090 1942 1233 1998 Deus
1271 1950 1454 1996 autem
1501 1938 1914 1995 subordinatio-

328 2046 425 2094 n'cs
446 2038 685 2093 servavit
714 2038 765 2090 in
794 2033 958 2108 425
984 2034 1291 2096 creatione;
1324 2032 1591 2101 siquidem
1622 2044 1793 2095 mens,
1820 2044 1911 2082 se-

328 2134 563 2186 cundum
595 2144 759 2200 quam
797 2126 965 2182 divini
1000 2136 1056 2180 et
1099 2138 1332 2194 prorsus
1377 2120 1764 2177 immateriales
1802 2121 1913 2191 spi-

328 2224 465 2275 ritus
490 2217 852 2274 substantiam
898 2230 1051 2270 suam
1080 2214 1412 2275 sortiuntur,
1453 2227 1576 2265 cum
1614 2210 1792 2264 anima
1822 2226 1913 2265 su-

326 2310 547 2363 ldimior
572 2309 670 2375 sit,
702 2323 730 2359 a
768 2303 1183 2360 bonil‘ormitate
1212 2302 1493 2364 deﬁciens,
1530 2300 1581 2355 in
1616 2302 1911 2354 dmmonem

327 2402 530 2468 evasit;
565 2402 745 2454 anima
776 2412 926 2461 vero,
954 2396 1006 2449 iu
1032 2407 1295 2464 quantum
1322 2391 1633 2461 intelligens
1656 2407 1720 2447 ac
1748 2393 1914 2446 ratio-

330 2495 510 2559 nalis,
559 2492 859 2547 secundum
905 2488 1173 2542 rationem
1219 2488 1429 2555 agendo
1483 2493 1670 2539 manet
1717 2485 1769 2539 in
1816 2497 1911 2538 sua

329 2588 697 2656 proprietate,
751 2585 850 2637 sed
896 2581 1023 2635 dum
1076 2570 1328 2633 movetur
1372 2588 1559 2631 contra
1610 2576 1908 2637 rationem,

328 2681 471 2736 maia
507 2682 597 2746 lit;
629 2692 857 2749 corpora
884 2676 1117 2744 denique
1146 2675 1270 2727 dum
1299 2682 1489 2728 contra
1523 2681 1769 2726 naturam
1799 2686 1909 2725 mo-

328 2786 547 2840 ventur,
573 2772 794 2826 minime
826 2768 1026 2821 valent.

393 2866 429 2939 ς
470 2863 707 2919 XXXIII.
752 2861 1023 2916 Praaterea
1066 2858 1107 2912 si
1152 2859 1204 2913 in
1231 2856 1443 2910 caeteris
1472 2856 1632 2909 rebus
1662 2854 1912 2908 omnibus

326 2962 408 3012 est
433 2957 795 3027 providentia,
826 2952 1023 3005 malum
1063 2949 1363 3004 secumlum
1398 2964 1457 3003 se
1490 2966 1593 3002 non
1625 2958 1741 3011 est;
1774 2947 1913 3001 alias

327 3051 469 3103 enim
513 3048 680 3103 etiam
721 3055 866 3101 esset
904 3044 1242 3115 providentia
1278 3042 1405 3097 mali
1443 3052 1695 3109 tanquam
1729 3039 1906 3106 entis;

328 3142 421 3195 sed
461 3138 799 3210 providentia
837 3145 922 3192 est
964 3136 1018 3190 in
1060 3134 1343 3199 omnibus;
1390 3134 1589 3188 malum
1628 3131 1794 3202 igitur
1824 3146 1907 3186 se-

328 3234 567 3286 cundum
607 3246 665 3285 se
705 3244 809 3283 non
847 3239 949 3281 est.
991 3232 1083 3281 last
1112 3237 1292 3281 autem
1326 3225 1536 3296 primus
1579 3225 1775 3278 modus
1802 3223 1915 3294 syl-

331 3325 685 3393 logismorum
718 3320 1220 3389 hypotheticorum,
1254 3316 1518 3385 probabili
1543 3315 1916 3386 propositione

330 3418 560 3483 probare
586 3414 863 3483 sequelam
889 3430 905 3477 ;
947 3413 1000 3466 in
1027 3411 1285 3468 omnibus
1311 3410 1581 3479 siquidem
1612 3411 1770 3464 rebus
1800 3408 1916 3462 cxi-

330 3510 425 3561 stit
463 3506 825 3578 providentia,
869 3514 924 3560 et
968 3503 1103 3559 nihil
1141 3518 1329 3557 eorum
1375 3517 1496 3571 qua:
1534 3510 1662 3557 sunt
1695 3502 1917 3555 omnino

330 3614 526 3669 expers
553 3606 636 3653 est
661 3598 1043 3667 providentiae,
1079 3596 1132 3650 id
1172 3605 1255 3650 est
1282 3593 1598 3648 omnimodo
1633 3592 1776 3648 bono
1802 3592 1917 3663 pri-

330 3703 515 3745 vatum
545 3699 651 3745 est.
680 3689 888 3758 Ecquid
915 3688 1037 3743 dico
1074 3688 1127 3741 in
1174 3686 1331 3741 bonis
1358 3700 1478 3755 qua:
1509 3685 1641 3739 liuut
1670 3684 1754 3740 vel
1799 3685 1917 3740 exi-

332 3784 523 3838 stimt‘!
549 3783 678 3853 quin
703 3791 760 3836 et
801 3782 958 3834 malis
986 3796 1107 3849 qua!
1138 3776 1276 3833 ﬁunt
1313 3777 1650 3848 providentia
1688 3777 1918 3848 benigne

332 3877 501 3930 utitur
551 3875 617 3928 ad
664 3873 1067 3929 correctionem
1097 3871 1213 3926 sive
1249 3884 1441 3926 eorum
1476 3870 1570 3939 qui
1596 3869 1683 3924 illa
1722 3880 1911 3936 agunt,

331 3969 445 4022 sive
495 3966 761 4031 aliorum;
809 3969 1066 4036 quocirca
1119 3962 1262 4017 male
1307 3961 1534 4025 dicunt,
1577 3961 1670 4032 qui
1714 3961 1915 4017 aiunt:

331 4061 512 4123 Quare
530 4070 644 4112 non
678 4056 809 4110 fecit
842 4054 1112 4109 nos'Deus
1139 4053 1239 4118 sic,
1274 4062 1334 4106 ιιι
1363 4052 1448 4106 vel
1474 4052 1627 4108 inviti
1655 4070 1760 4108 non
1792 4067 1921 4124 pec-

332 4150 556 4204 cemus?
610 4150 715 4203 hoc
754 4147 908 4201 “enim
960 4146 1097 4200 nihil
1140 4144 1286 4199 aliud
1331 4156 1415 4200 est
1462 4160 1624 4215 quam
1669 4147 1853 4203 dicere
1900 4160 1916 4200 :

333 4241 510 4307 Quare
557 4253 663 4293 non
716 4248 967 4293 amentes
1018 4254 1119 4292 nos
1163 4250 1219 4293 et
1268 4238 1618 4293 Irrationales
1662 4238 1824 4293 fecit?
1859 4240 1915 4294 Si

334 4333 477 4384 enim
527 4331 842 4384 necessario
892 4330 958 4382 ad
1011 4311 1271 4383 virtutem
1323 4329 1680 4396 doceremur,
1716 4345 1919 4400 nequa-

2012 1846 2144 1911 λοις,
2179 1845 2358 1911 καθὼς
2381 1849 2439 1899 ἐν
2469 1847 2684 1918 ἑκάστῳ
2723 1850 2757 1918 ἡ
2790 1847 2884 1900 τοῦ
2924 1846 3128 1915 ἀγαθοῦ
3168 1842 3491 1907 ἀπότπωσις
3523 1842 3601 1911 γί-

2013 1958 2183 1994 νεται.
2222 1940 2356 2004 Θεὸς
2400 1938 2457 1993 δέ
2486 1939 2583 2003 τὰς
2620 1938 2916 2003 ὐποδάσεις
2946 1938 3054 1991 τῶν
3087 1940 3144 1990 ἐν
3177 1939 3245 2007 τῇ
3275 1934 3602 2005 δημιουργίᾳ

2011 2033 2269 2087 διέσωσεν
2287 2049 2300 2063 ο
2335 2034 2363 2085 ὁ
2388 2034 2485 2105 μὲν
2514 2032 2624 2105 γὰρ
2661 2033 2805 2097 νοῦς,
2830 2033 2951 2087 καθ’
2989 2034 3049 2088 ὃν
3082 2030 3373 2082 οὐσίωνται
3395 2028 3445 2079 οἱ
3474 2026 3601 2079 θεῖοι

2013 2124 2153 2190 νόες,
2187 2125 2281 2179 xui
2315 2124 2491 2195 πάντη
2513 2125 2687 2189 moi,
2722 2122 2991 2195 ἀνώτερος
3020 2123 3197 2193 ψυχῆς
3227 2124 3399 2185 ἐστιν,
3423 2120 3487 2172 ὲκ
3508 2118 3600 2188 τῆς

2014 2216 2382 2285 ἀγαθοειδείας
2410 2216 2505 2269 νῦν
2535 2216 2801 2288 κινηθεὶς,
2826 2216 3035 2286 δαίμων
3057 2214 3267 2285 ἀπέὸη·
3302 2215 3337 2285 ἡ
3362 2213 3420 2267 δὲ
3440 2210 3597 2282 ψυχὴν

2013 2308 2149 2361 καθὸ
2179 2308 2342 2379 νοερά
2372 2309 2465 2361 xui
2500 2308 2713 2380 λογικὴ,
2744 2307 2889 2362 κατά
2922 2307 3079 2376 λόγον
3110 2304 3436 2377 ὲνεργοῦσα,
3457 2302 3599 2375 μένει

2012 2401 2071 2452 ἐν
2102 2398 2181 2470 τῷ
2212 2401 2428 2472 οἰκείῳ·
2461 2400 2611 2471 παρά
2643 2397 2800 2470 λόγον
2834 2399 2891 2453 δὲ
2928 2400 3231 2470 κινηθεῖσα,
3268 2396 3417 2467 κακὴ
3457 2395 3597 2463 γίνε-

2010 2509 2100 2546 ται
2122 2509 2136 2523 ο
2173 2493 2243 2546 τά
2274 2493 2332 2548 δὲ
2366 2491 2614 2565 σώματα,
2650 2493 2803 2567 παρὰ
2837 2493 2999 2564 φύσιν
3031 2492 3346 2565 κινηθέντα,
3384 2491 3486 2545 οὐκ
3517 2489 3601 2562 ιρ-

2014 2586 2234 2657 ῥωνται.

2084 2863 2371 2935 §XXXIIL
2401 2862 2523 2919 Ἔτι
2548 2864 2595 2918 εί
2618 2864 2843 2936 πρόνοια
2865 2864 2961 2919 ἐπὶ
2976 2864 3109 2919 πᾶσι
3128 2865 3243 2928 τοῖς
3265 2863 3447 2927 ἀλλοις
3470 2860 3599 2925 ἐστὶ,

2011 2954 2183 3009 κακὸν
2226 2953 2346 3009 καθ’
2378 2952 2510 3009 αὐτὸ
2549 2956 2650 3009 οὐκ
2691 2956 2873 3009 ἐστιν’
2903 2952 2972 3027 ἦν
3010 2954 3119 3025 γάρ
3158 2954 3224 3007 ἂν
3252 2955 3347 3007 xui
3384 2952 3599 3023 πρόνοια

2012 3046 2106 3100 ἐπὶ
2136 3046 2216 3117 τῷ
2248 3046 2402 3117 κακῷ
2445 3041 2521 3110 ὡς
2565 3048 2705 3099 ὅντι-
2745 3045 2880 3100 ἀλλά
2917 3046 3021 3117 μὴν
3058 3046 3285 3117 πρόνοιά
3326 3047 3476 3098 ἐστιν
3516 3042 3600 3096 ἐπὶ

2014 3141 2167 3193 πᾶσιο
2203 3138 2372 3191 κακὸν
2394 3134 2503 3210 ἄρα
2528 3138 2649 3191 καθ’
2672 3136 2803 3193 αὐτὸ
2832 3140 2931 3192 οὐκ
2953 3139 3090 3193 ἐστι.
3114 3139 3225 3191 Καὶ
3254 3138 3372 3191 ἐστι
3394 3137 3599 3209 πρῶτος

2014 3228 2212 3300 τρόπος
2262 3228 2374 3281 τῶν
2423 3228 2761 3282 ὑποθετικῶν
2798 3228 3190 3299 συλλογισμῶν,
3225 3229 3291 3299 τῇ
3329 3227 3477 3282 θέσει
3512 3228 3597 3281 τοῦ

2015 3319 2318 3391 ἡγουμένου
2355 3320 2781 3385 κατασκευάζων
2807 3318 2867 3373 τὸ
2894 3318 3158 3390 ἑπόμενον
3182 3337 3195 3349 ’
3239 3322 3298 3372 ἐν
3336 3323 3469 3373 πᾶσι
3500 3320 3599 3391 γάρ

2015 3415 2126 3477 τοῖς
2150 3409 2300 3467 οὖσιν
2332 3414 2365 3485 ἡ
2399 3412 2627 3483 πρόνοιά
2668 3414 2807 3477 ἐστι,
2835 3410 2929 3465 xui.
2958 3412 3109 3465 οὐδὲν
3151 3408 3261 3465 τῶν
3296 3412 3470 3465 ὄντων
3495 3412 3601 3465 ὁλο-

2015 3504 2188 3568 τελῶς
2228 3505 2583 3577 ἀπρονόητον,
2614 3503 2779 3557 τοῦτο
2820 3504 2928 3573 γάρ
2961 3505 3100 3569 ἐστι,
3137 3502 3199 3557 τὸ
3239 3504 3474 3559 καθόλου
3513 3502 3600 3558 τοῦ

2017 3596 2223 3669 ἀγαθοῦ
2252 3594 2563 3669 ἐστέρηται.
2600 3598 2710 3651 Καὶ
2730 3598 2784 3650 τί
2806 3597 2948 3666 λέγω
2969 3598 3062 3651 ἐπὶ
3090 3600 3205 3661 τοῖς
3241 3598 3545 3669 γινομένοις
3569 3595 3600 3666 ἢ

2016 3684 2166 3741 οῦσιν
2196 3687 2451 3757 ἀγαθοῐς;
2496 3687 2632 3742 ἀλλά
2671 3689 2765 3741 καὶ
2812 3688 2993 3752 αὐτοῖς
3022 3690 3134 3752 τοῖς
3162 3686 3471 3758 γινομένοις
3506 3703 3599 3740 κα-

2018 3782 2155 3843 κοῖς,
2191 3774 2645 3851 ἀγαθοπρεπῶςή
2674 3778 2900 3851 πρόνοια
2934 3778 3195 3851 κέκτηται
3236 3778 3376 3850 πρὸς
3404 3794 3602 3848 σωφρο-

2019 3866 2227 3940 νισμὸν,
2251 3869 2285 3940 ἢ
2312 3868 2537 3923 ἐκείνων
2570 3868 2770 3933 αὐτῶν,
2806 3865 2840 3939 ἢ
2870 3868 3064 3931 ἄλλων,
3090 3868 3171 3921 διὸ
3210 3868 3401 3932 κακῶς
3429 3867 3601 3936 λέγου-

2020 3982 2106 4017 σιν
2150 3964 2199 4017 οἱ
2234 3964 2503 4033 λέγοντες·
2556 3964 2657 4017 Διά
2691 3964 2745 4019 τί
2778 3965 2879 4017 οὐκ
2918 3965 3172 4035 ἐποίησεν
3211 3965 3361 4036 ἡμᾶς
3408 3967 3438 4018 ὁ
3481 3964 3599 4026 Θεὸς

2018 4053 2211 4120 οὕτως,
2231 4057 2338 4119 ἵνα,
2362 4054 2467 4108 κᾶν
2488 4052 2752 4127 θέλωμεν,
2780 4056 2854 4127 μὴ
2876 4038 3283 4127 ἁμαρτάνωμεν
3303 4056 3487 4119 ςτοῦτο
3502 4054 3599 4124 γάρ

2018 4149 2172 4203 οὐδὲν
2212 4147 2398 4219 ἕτερόν
2438 4148 2587 4201 ἐστιν
2623 4147 2657 4219 ἢ
2694 4148 2875 4217 λέγειν
2892 4166 2905 4179 ·
2930 4148 3029 4201 Διά
3049 4148 3101 4200 τί
3127 4147 3201 4218 μὴ
3225 4148 3491 4218 ἀνοήτους
3514 4145 3600 4199 xui

2019 4240 2246 4310 ἀλόγους
2275 4241 2423 4311 ἡμᾶς
2447 4240 2669 4311 ἐποίησε
2693 4258 2706 4305 ;
2731 4239 2803 4293 Τὸ
2826 4240 2934 4313 γάρ
2958 4240 3016 4307 ἐξ
3042 4240 3288 4309 ἀνάγκης
3311 4241 3459 4310 ἡμᾶς
3480 4238 3598 4306 ἄγε-

2024 4331 2148 4385 σθαι
2182 4333 2269 4384 ἐπ’
2292 4328 2490 4402 ἀρετὴν
2508 4330 2629 4385 οὐτε
2652 4332 3057 4402 αὐτοκράτορας
3081 4331 3228 4400 ἡμᾶς
3260 4330 3471 4384 ἐδείκνυ
3502 4327 3600 4381 τῶν

335 4436 496 4489 quam
524 4430 624 4475 nos
657 4419 829 4474 nostri
866 4434 1154 4488 rerumque
1194 4430 1505 4475 nostrarum
1547 4435 1823 4492 compotes
1855 4440 1917 4478 ac

2094 4424 2147 4476 θ’
2171 4424 2419 4486 ἑαυτοὺς,
2443 4418 2565 4476 οὐτε
2584 4423 2682 4495 τὴν
2704 4422 2896 4493 νοεράν
2922 4424 2952 4493 ἡ
2961 4421 3079 4491 μῶν
3111 4417 3273 4489 φύσιν
3294 4416 3433 4474 εἶναι
3458 4436 3599 4473 συνε-

336 4520 585 4576 potentes
613 4508 966 4571 declarasset,
997 4522 1171 4576 neque
1206 4520 1457 4561 naturam
1495 4520 1737 4563 nostram
1770 4510 1921 4564 intel.

338 4603 589 4670 Izgcttiem
618 4614 741 4655 esse
791 4599 1031 4653 sivisset.
1070 4598 1241 4654 Aufer
1283 4601 1430 4655 enim
1474 4599 1778 4655 libertatem
1823 4618 1921 4655 no-

337 4705 529 4753 stram,
560 4699 617 4744 et
647 4704 824 4758 neque
865 4686 960 4741 Dei
991 4688 1169 4757 imago
1194 4688 1421 4757 erimus,
1466 4706 1564 4745 nec
1597 4692 1920 4746 habebimus

337 4785 549 4838 animas
575 4782 869 4837 rationales
903 4792 958 4839 et
987 4782 1373 4853 intelligentes,
1406 4793 1463 4836 et
1501 4793 1697 4837 natura
1725 4795 1917 4839 nostra

339 4877 551 4946 penitus
593 4875 856 4931 interibit.
910 4875 1014 4928 I‘er
1051 4892 1111 4930 se
1143 4882 1273 4930 Vero
1305 4874 1584 4928 mobilium
1626 4876 1783 4941 dixit,
1820 4892 1919 4945 pro

338 4971 490 5041 liberi
537 4969 774 5031 arbitrii,
831 4969 1026 5037 suique
1064 4968 1205 5038 juris
1251 4982 1321 5021 ac
1367 4970 1650 5037 potestatis
1685 4971 1921 5024 existen-

342 5066 473 5116 tiutn
521 5078 630 5115 non
662 5072 842 5115 autem
874 5075 975 5130 pro
1014 5076 1073 5115 se
1105 5060 1462 5122 moventium,
1508 5062 1574 5113 ad
1614 5062 1921 5116 distinctio-

339 5169 463 5209 nem
490 5152 880 5217 Imtuobilium,
915 5162 975 5206 ut
1004 5155 1322 5217 domorum;
1357 5149 1439 5204 vel
1471 5152 1538 5203 ab
1581 5152 1703 5206 aliis
1745 5164 1921 5206 moto-

341 5261 485 5308 rum,
525 5256 583 5298 ut
614 5244 853 5315 lapidum
888 5261 903 5275 ·
935 5244 1211 5298 disserens
1241 5244 1385 5297 enim
1428 5244 1495 5297 de
1526 5243 1730 5297 virtute
1759 5244 1920 5296 αὐτο-

340 5338 612 5409 κινήτους,
645 5351 737 5390 seu
765 5351 859 5405 per
889 5348 949 5389 se
977 5336 1226 5399 mobiles,
1259 5345 1512 5403 tanquam
1544 5334 1746 5389 liberos
1773 5349 1922 5389 acce-

2024 4514 2413 4586 χώρει.Ἀνελε
2436 4514 2567 4582 γοῦν
2588 4514 2745 4585 ἡμῶν
2781 4512 2842 4567 τὸ
2863 4513 3231 4580 αὐτεξούσιον,
3259 4517 3356 4567 xui.
3388 4514 3512 4567 οὐτε
3532 4514 3601 4565 εἰ·-

2022 4604 2134 4659 κὼν
2155 4604 2287 4656 θεοῦ
2312 4603 2565 4673 ἐσόμεθα,
2586 4603 2707 4656 οὔτε
2728 4604 2921 4675 ἕξομεν
2940 4603 3117 4674 ψυχάς
3139 4603 3366 4673 λογικάς
3388 4607 3481 4658 xui
3498 4621 3601 4657 νοε-

2024 4696 2144 4767 ράς,
2170 4696 2263 4748 xui.
2276 4694 2352 4765 τῷ
2371 4696 2485 4748 ὄντι
2510 4695 2847 4766 φθαρήσεται
2872 4698 2905 4767 ή
2929 4695 3091 4765 φύσις
3109 4696 3289 4766 ἡμῶν.
3313 4698 3599 4765 Αὐτοκινή-

2020 4806 2129 4841 των
2152 4788 2230 4853 δὲ,
2245 4788 2364 4840 ἀντὶ
2378 4787 2474 4840 τοῦ
2496 4788 2857 4854 αὐτεξουσίων
2878 4786 2971 4841 xui
2990 4790 3412 4860 αὐτοκρατόρων
3430 4788 3597 4859 φησιν,

2022 4880 2082 4932 οὐ
2106 4880 2215 4951 γὰρ
2235 4879 2345 4932 τῶν
2364 4881 2592 4945 ἑαυτοὺς
2614 4881 2904 4935 κινούντων
2928 4882 3063 4952 πρὸς
3080 4881 3485 4953 ἀντιδιαστολὴν
3504 4879 3598 4932 τῶν

2023 4974 2296 5043 ἀκινήτων
2331 4972 2406 5037 ὡς
2438 4972 2679 5045 οἶκων,ῆ
2713 4972 3125 5045 ὲτεροκινήτων,
3148 4971 3226 5037 ὼς
3260 4972 3453 5026 λίθων’
3488 4970 3597 5039 περὶ

2024 5064 2134 5133 γάρ
2158 5063 2358 5133 ἀρετῆς
2377 5062 2775 5134 διαλεγόμενος,
2799 5066 2925 5129 τούς
2946 5065 3335 5135 αὐτοκινήτους
3356 5063 3432 5126 ὡς
3451 5063 3595 5115 αὐτε-

2025 5155 2269 5220 ξουσίους
2308 5152 2604 5225 παρέλαϐε.
2628 5156 2855 5225 Συνάγει
2890 5159 2994 5228 ἄρα
3018 5156 3287 5220 ἐντεῦθεν,
3306 5158 3389 5210 ὄτι
3420 5157 3513 5208 οὐκ
3546 5152 3597 5204 ὃν

2029 5248 2089 5299 τὸ
2112 5248 2300 5309 κακὸν,
2324 5247 2415 5299 xui
2449 5250 2481 5318 ἡ
2514 5248 2729 5315 γένεσις
2756 5249 2918 5302 αὐτοῦ
2949 5247 3008 5302 οὐ
3045 5248 3186 5301 κατά
3207 5248 3459 5317 δύναμιν,
3479 5242 3597 5298 ἀλλά

2030 5338 2170 5390 κατὰ
2192 5337 2496 5391 ἀσθένειαν.

344 5431 436 5498 pit.
468 5430 606 5483 Iiinc
640 5431 823 5497 itaque
859 5427 1153 5489 concludit,
1202 5425 1405 5479 malum
1460 5439 1567 5478 non
1616 5440 1740 5480 esse
1788 5441 1907 5489 eus,
1952 5424 2236 5496 ipsumque
2286 5427 2429 5496 gigni
2474 5442 2580 5482 non
2623 5431 2918 5486 secundum
2952 5429 3228 5493 virtutem,
3285 5430 3383 5485 sed
3425 5439 3601 5481 secun-

344 5526 467 5578 dum
495 5520 935 5575 imbecillitatem.

420 5612 446 5681 §
487 5612 729 5664 XXXIV.
770 5610 835 5664 Et
868 5612 1172 5665 imnnttatio
1205 5612 1538 5675 daemonum,
1575 5612 1642 5665 ab
1673 5610 1826 5665 initio
1856 5626 1922 5665 ex

345 5705 488 5757 bene
526 5704 898 5767 cxistcnlium,
939 5705 1167 5775 sed_non
1216 5717 1325 5772 qua
1359 5702 1649 5767 malorum,
1682 5703 1777 5756 sed
1817 5718 1923 5769 qua

2104 5609 2397 5683 §XXXIV.
2442 5609 2552 5663 Kui
2584 5612 2617 5679 ἡ
2652 5609 2935 5675 ἀλλοίωσις
2971 5611 3080 5665 τῶν
3120 5612 3394 5683 δαιμόνων
3426 5616 3487 5666 ἐκ
3516 5606 3599 5664 τοῦ

2031 5703 2238 5772 ἀγαθοῦ
2260 5704 2427 5756 ὄντων
2451 5701 2709 5771 ἀρχῆθεν,
2736 5704 2851 5757 ἀλλ’
2874 5705 2969 5773 οὐχ
3050 5704 3259 5771 κακῶν,
3285 5699 3455 5775 ἁλλ’ᾖ
3476 5705 3595 5772 ἀγα-
