3768 6352
210 337 313 393 815

208 544 512 614 ταύτότητα
535 542 767 612 ἔλλειψις
794 540 887 596 καὶ
905 543 1158 598 ἀσθένειά
1179 544 1317 600 ἐστι.
1341 542 1498 613 Λέγω
1518 544 1574 598 δὲ
1596 546 1678 598 ὅτι
1699 546 1793 598 καὶ

210 630 351 689 οῦτοι
375 634 470 688 τοῦ
494 633 699 702 ἀγαθοῦ
719 633 979 704 ἐφίενται,
997 634 1131 688 καθὸ
1150 634 1244 688 τοῦ
1267 630 1425 700 εἶναι,
1444 634 1651 689 καὶτοῦ
1670 634 1789 705 ζῇν,

212 725 417 779 καὶτοῦ
441 729 581 780 νοεῖν
607 726 847 797 ἐφίενται
869 742 883 757 ο
917 727 1011 781 καὶ
1046 727 1107 793 ἐξ
1144 729 1468 798 ἀποφάσεως
1507 729 1788 798 ἐπιχειρεῖ·

212 820 271 872 lii
308 820 410 873 οὐκ
445 820 687 889 ἐφίενται
723 820 817 874 τοῦ
845 820 1071 890 ἀγαθοῦ,
1101 821 1343 890 ἐφίενται
1375 820 1468 874 τοῦ
1508 820 1582 893 μὴ
1616 818 1788 887 ὄντος·

212 913 303 967 καὶ
340 913 501 968 τοῦτο
540 915 723 984 ἔφεσις
764 915 863 968 οὐκ
901 915 1069 980 ἔστιν,
1092 914 1317 985 οὐδεμία
1349 914 1458 986 γάρ
1481 914 1665 985 ἔφεσίς
1682 932 1792 968 τισι

210 1002 301 1055 τοῦ
347 1004 423 1076 μὴ
460 1001 619 1069 εἶναι,
642 1005 777 1059 ἀλλά
798 1008 1066 1080 φθαρῆναι
1082 1023 1098 1039 '
1120 1006 1234 1060 ἀλλ’
1256 1007 1497 1079 ἁμαρτία
1516 1006 1674 1062 τοῦτο
1692 1007 1794 1077 τῆς

212 1095 378 1161 ὅντως
400 1098 660 1167 ἐφέσεως.

279 1190 305 1259 §
328 1188 548 1244 XXXV.
580 1191 795 1264 Ἐπειδὴ
817 1188 990 1257 εἶπεν,
1012 1194 1094 1247 ὅτι
1113 1194 1174 1247 τὸ
1194 1192 1365 1247 κακὸν
1379 1193 1634 1247 ἀσθένειά
1654 1195 1791 1259 ἐστι,

211 1283 304 1334 καὶ
325 1282 561 1353 ἔλλειψις
580 1282 673 1338 τοῦ
697 1288 756 1339 ἐν
773 1284 988 1357 ἑκάστῳ
1004 1287 1232 1355 ἀγαθοῦ,
1252 1287 1365 1340 ἐστι
1385 1286 1440 1339 δὲ
1462 1286 1519 1339 ἒν
1538 1286 1647 1341 τῶν
1667 1288 1797 1356 ἀγα-

213 1372 321 1426 θῶν
348 1375 447 1428 καὶ
484 1377 513 1447 ἡ
534 1376 643 1430 τῶν
665 1377 846 1432 καλῶν
862 1378 1083 1447 γνῶσις,
1108 1380 1201 1433 καὶ
1220 1378 1502 1433 ἀκολουθεῖ
1522 1378 1794 1444 ἐντεῦθεν,

212 1466 394 1519 πᾶσαν
413 1466 512 1538 τὴν
534 1468 623 1522 διά
646 1470 897 1542 πράξεως
931 1471 1205 1543 ἀμαρτίαν
1239 1472 1484 1540 γίνεσθαι
1518 1473 1578 1525 ἐν
1609 1473 1676 1541 τῇ
1710 1472 1797 1525 ἐλ-

210 1554 383 1626 λείψει
418 1558 517 1630 τῆς
552 1561 806 1634 τοιαύτης
831 1562 1113 1633 γνώσεωςο
1140 1562 1257 1627 πῶς
1276 1562 1388 1634 ἔχει
1409 1563 1492 1628 τδ,
1525 1565 1663 1618 Οὐαὶ
1681 1566 1795 1629 τοῖς

213 1648 271 1700 ἐν
304 1647 508 1717 γνώσει
542 1652 942 1724 ἀμαρτάνουσιί
968 1654 1062 1709 καὶ
1081 1654 1162 1718 τὸ,
1192 1654 1246 1707 '0
1271 1653 1443 1721 είὸὼς
1472 1654 1538 1709 τὸ
1568 1659 1799 1726 θέλημα

212 1743 318 1798 τοῦ
350 1746 578 1813 Κυρίου
606 1746 816 1813 αὐτοῦ,
847 1747 947 1801 καὶ
963 1747 1050 1818 μὴ
1074 1747 1260 1802 ποιῶν
1282 1749 1452 1813 αὐτὸ,
1472 1749 1798 1817 δαρήσεται

771 336 861 391 DE
895 337 1150 394 DIVINIS
1184 338 1586 403 NOMINIBUS,
1619 338 1776 395 CAP.
1812 338 1901 394 IV.
1934 372 2003 382 —
2041 340 2391 396 PARAPHR.
2428 341 2898 400 PACHYMERE.

210 455 316 508 θῶν
350 453 446 507 καὶ
484 450 861 520 ἀγγελοειδῶν,
889 452 923 524 ἢ
959 455 1089 526 περὶ
1124 455 1222 527 τὴν
1258 455 1357 526 τῆς
1394 454 1794 524 ἀγγελοειδείας
1822 486 1863 541 Α

3364 348 3469 405 8N

1897 458 2159 511 bonorum
2191 465 2245 511 et
2275 457 2733 525 angeliformium,
2756 465 2853 511 aut
2878 456 3180 515 ldentitatis
3216 462 3473 531 angelicae

1896 549 2081 602 forma:
2109 555 2196 603 est
2216 548 2447 604 defectio
2472 559 2527 604 et
2550 550 2913 605 imbecillitas.
2941 550 3073 607 Dico
3098 561 3281 607 autem
3309 554 3471 611 etiam

1895 639 1995 693 bos
2016 638 2218 693 bonum
2249 641 2580 706 desiderare,
2613 641 2666 695 in
2695 650 2957 709 quantum
2982 652 3031 696 et
3062 658 3182 698 esse
3209 653 3265 699 et
3290 645 3471 701 vivere

1893 741 1948 784 et
1993 730 2295 800 intelligere
2344 730 2683 796 desiderant;
2714 741 2768 788 et
2808 749 2875 789 ex
2920 735 3226 791 assertione
3256 738 3472 792 conclu-

1894 823 2013 876 dit:
2054 821 2110 876 Si
2148 838 2254 876 non
2289 823 2605 879 desiderant
2647 828 2872 892 bonum,
2901 829 3217 885 desiderant
3249 831 3300 885 id
3327 833 3471 901 quod

1893 910 2058 983 426
2099 927 2206 967 non
2237 922 2353 977 est;
2386 925 2441 969 et
2482 916 2582 970 hoc
2622 932 2726 970 non
2760 928 2842 972 est
2870 919 3217 983 desiderium,
3265 923 3470 978 nullum

1894 1004 2038 1057 enim
2076 1004 2418 1074 qnibuspiam
2460 1006 2786 1063 desiderium
2832 1019 2914 1064 est
2961 1026 3064 1066 non
3104 1016 3343 1079 essendt',
3376 1017 3472 1071 sed

1894 1100 2206 1168 corrumpi;
2236 1112 2291 1155 at
2321 1101 2421 1155 hoc
2451 1109 2536 1157 est
2563 1117 2717 1157 error
2746 1104 2860 1157 veri
2895 1104 3166 1162 desiderii.

1968 1190 1995 1262 §
2039 1191 2257 1246 XXXV.
2284 1194 2419 1248 Cum
2447 1196 2666 1261 dixerit,
2696 1196 2894 1251 malum
2920 1199 2974 1253 in
3009 1215 3330 1270 unoquoque
3353 1216 3473 1257 esse

1898 1279 2321 1337 imbecillitatem
2371 1294 2428 1338 et
2471 1285 2833 1340 defectionem
2884 1288 3030 1353 boni,
3064 1290 3326 1343 bonorum
3376 1308 3474 1344 an-

1898 1380 2006 1427 tem
2036 1375 2412 1446 malorumque
2438 1377 2509 1430 sit
2537 1393 2641 1430 una
2671 1378 2931 1447 cognitio,
2962 1390 3015 1432 et
3042 1380 3166 1435 hinc
3190 1395 3472 1451 sequatur,

1897 1480 2060 1521 omne
2091 1476 2372 1535 peccatum
2400 1467 2628 1521 actionis
2657 1468 2773 1523 fieri
2803 1470 3013 1526 defectu
3050 1472 3355 1528 istiusmodi
3381 1492 3477 1530 co-

1898 1556 2193 1626 gnitionis;
2237 1559 2511 1627 quontodo
2548 1558 2810 1614 subsistet
2845 1560 2973 1615 illud
3012 1579 3027 1615 :
3072 1563 3160 1616 Vae
3197 1566 3473 1630 peccanti-

1899 1646 1999 1701 bus
2026 1662 2151 1702 cum
2201 1648 2545 1716 cognitione!
2592 1660 2649 1704 et
2693 1649 2825 1705 illud
2874 1670 2889 1706 :
2930 1650 3113 1706 Sciens
3157 1653 3475 1707 voluntatem

1900 1736 2115 1791 Domini
2142 1738 2247 1799 sui,
2280 1747 2329 1791 et
2362 1753 2464 1791 non
2496 1739 2698 1808 faciens
2728 1756 2867 1809 eam,
2896 1742 3160 1811 vapulabit
3187 1744 3367 1797 multis
3393 1742 3459 1797 ’Υ

213 1836 473 1903 πολλάς
495 1836 635 1891 ὥστε
659 1839 733 1909 μὴ
754 1840 1050 1911 γενομένης
1070 1840 1171 1911 τῆς
1187 1840 1282 1895 τοῦ
1305 1841 1470 1896 καλοῦ
1487 1840 1710 1911 ἐλλείψει

1920 1846 2009 1884 ton
2032 1831 2149 1885 sine
2176 1830 2299 1884 boni
2327 1844 2421 1884 seu
2446 1833 2771 1901 cognitionis
2796 1833 3008 1889 defectu
3041 1843 3324 1903 peccatum
3358 1836 3475 1889 ﬁeri

211 1928 456 1998 δηλονότι
497 1930 600 2000 τῆς
638 1930 968 2004 γνὼσεως,ὴ
1007 1934 1251 2005 ἁμαρτία
1283 1934 1495 2004 πέφυκε
1526 1935 1797 2004 γίνεσθαι.

213 2019 545 2092 Θαυμασίως
572 2023 704 2092 γοῦν
725 2023 839 2078 λύει
871 2025 933 2078 τὸ
964 2024 1189 2097 ἄπορον,
1208 2027 1292 2080 ὅτι
1321 2028 1543 2081 κάκεῖσε
1567 2025 1800 2095 ἔλλειψίς

211 2129 295 2178 τις
314 2113 618 2179 ἀκολουθεῖ,
637 2115 730 2169 καὶ
746 2115 999 2169 ἀσθένεια
1015 2133 1029 2147 ·
1052 2117 1336 2171 ἀσθενοῦσι
1367 2118 1476 2188 γὰρ
1502 2121 1743 2174 κάκεῖνοι
1765 2121 1799 2194 ἢ

215 2206 344 2277 περὶ
378 2206 480 2277 τὴν
515 2207 715 2271 πίστιν,
740 2208 815 2272 ὡς
850 2208 1137 2274 ἀκούοντες
1156 2210 1275 2281 μὲν,
1301 2211 1375 2283 μὴ
1406 2211 1619 2283 ἔχοντες
1639 2212 1695 2265 δὲ
1716 2231 1804 2267 τε·-

214 2292 363 2349 λείαν
404 2296 589 2350 πίστιν
624 2296 733 2350 τῶν
772 2297 1109 2370 λεγομένωνσ
1154 2300 1187 2373 ἢ
1230 2303 1358 2374 περὶ
1390 2303 1490 2375 τὴν
1524 2304 1805 2375 ἐνέργειαν

215 2387 355 2440 κατὰ
377 2388 476 2460 τὴν
502 2388 858 2462 παρατροπὴν
878 2391 981 2461 τῆς
1000 2392 1255 2464 ὀρέξεως,
1277 2394 1400 2448 καθ’
1424 2396 1491 2466 ῆν
1525 2394 1586 2448 οὑ
1619 2394 1806 2465 βούλε-

212 2478 304 2530 ταί
323 2496 407 2543 τις
431 2480 492 2533 τὸ
503 2478 729 2549 ἀγαθὸν,
752 2482 888 2536 ἀλλά
912 2483 973 2537 τὸ
990 2484 1180 2538 κακόνο
1204 2486 1432 2540 καθόλου
1452 2487 1561 2559 γάρ
1578 2488 1608 2540 ό
1633 2486 1803 2542 ποιῶν

213 2574 275 2626 τὸ
312 2576 487 2628 κακὸν
515 2574 838 2645 aumativa
871 2579 1014 2631 ποιεῖ
1033 2576 1213 2645 τοῦτο,
1236 2580 1269 2651 ἢ
1297 2580 1397 2651 τῆς
1421 2580 1674 2649 γνώσεως
1701 2583 1801 2653 τῆς

213 2666 471 2738 διδακτῆς
523 2666 766 2738 δηλονότι
786 2708 800 2733 ,
842 2669 910 2741 ῆν
954 2670 1048 2723 καὶ
1093 2669 1227 2743 λήθη
1280 2672 1537 2738 πολλάκις
1582 2672 1803 2728 δύναται

214 2759 569 2831 ἀμαυρῶσαι,
589 2762 654 2832 ῆν
677 2760 771 2814 καὶ¹
793 2760 1048 2833 ἀνωτέρω
1066 2762 1170 2834 ἔφη
1191 2763 1252 2829 ἐξ
1272 2765 1440 2837 ἀκοῆς
1460 2765 1799 2835 ἐγγίνεσθαιο

214 2846 248 2917 ἦ
270 2848 371 2919 τῆς
394 2848 631 2920 ἀλήστου
655 2849 929 2919 γνώσεως,
949 2852 1193 2923 δηλονότι
1213 2854 1313 2925 τῆς
1330 2857 1395 2908 ἐκ
1413 2856 1649 2927 φυσικῆς
1671 2857 1807 2911 θεω-

218 2938 361 3007 ρίας,
385 2939 419 3011 ἦ
444 2940 765 3012 ἐλλάμψεως
800 2943 1099 3009 ἀδιδάκτως
1136 2946 1600 3019 προσγινομένῃς’
1637 2948 1672 3020 ἢ
1704 2948 1805 3020 τῆς

214 3030 476 3098 πίστεως,
497 3034 574 3097 ὼς
604 3034 819 3090 ἀκούων
842 3036 963 3106 μὲν,
990 3037 1065 3109 μὴ
1096 3037 1237 3109 ἔχων
1268 3038 1325 3092 δὲ
1352 3039 1564 3095 τελείαν
1595 3040 1695 3113 τὴν
1715 3043 1806 3097 πί-

216 3140 336 3178 στιν
372 3126 511 3198 πρὸς
542 3126 614 3180 τά
649 3127 945 3200 λεγόμενασ
985 3129 1019 3201 ἢ
1053 3130 1152 3201 τῆς
1194 3130 1451 3201 ἐφέσεως,
1490 3133 1572 3187 ὅτι
1616 3135 1805 3200 κακῶς

1903 1927 2093 1992 possit.
2131 1924 2366 1982 Mirabili
2418 1941 2550 1982 sane
2592 1927 2752 1981 modo
2802 1926 3027 1980 resolvit
3077 1930 3475 1993 qumstioucttt,

1901 2016 2045 2083 quod
2092 2016 2349 2072 nimirum
2381 2018 2469 2073 liic
2502 2018 2668 2072 etiam
2704 2017 3031 2073 interveniat
3064 2019 3297 2073 defectio
3326 2035 3477 2086 quai—

1901 2104 2024 2159 dam
2052 2116 2216 2175 atque
2252 2107 2634 2174 imbecillitas;
2666 2108 2924 2178 quoniam
2959 2108 3034 2163 illi
3072 2125 3290 2181 quoque
3330 2111 3481 2165 inlir-

1903 2204 2122 2249 tuantur
2153 2194 2234 2249 vel
2258 2196 2404 2252 circa
2435 2198 2614 2262 fidem,
2656 2199 2729 2252 ita
2764 2202 2823 2252 'nt
2861 2198 3109 2264 audiant,
3139 2201 3233 2255 sed
3267 2200 3332 2254 iis
3357 2212 3479 2270 quae

1903 2285 2156 2341 dicuntur
2204 2286 2416 2341 ﬁrmam
2461 2286 2625 2343 ﬁdem
2669 2304 2775 2344 non
2820 2290 3147 2357 adhibeant;
3201 2292 3284 2346 vel
3328 2291 3477 2347 circa

1901 2378 2275 2446 operationem
2300 2416 2318 2445 ,
2348 2381 2667 2437 secundum
2708 2382 2966 2438 desiderii
3022 2386 3432 2453 perversitatem
3458 2424 3475 2449 ,

1903 2472 2048 2539 quod
2086 2471 2217 2529 velit
2254 2474 2377 2543 quis
2415 2490 2521 2530 non
2560 2474 2786 2540 bonum,
2814 2476 2907 2532 sed
2935 2475 3156 2543 malum;
3186 2479 3478 2531 universim

1904 2566 2051 2621 enim
2092 2567 2184 2637 qui
2237 2567 2367 2623 facit
2393 2568 2616 2634 malum,
2651 2580 2875 2641 propter
2898 2569 3173 2626 defectum
3214 2569 3266 2624 id
3316 2568 3478 2635 facit,

1904 2657 1989 2710 vel
2025 2656 2355 2727 cognitionis
2391 2658 2602 2715 scilicet
2634 2660 2976 2727 doctrinalis,
3019 2676 3185 2731 quam
3211 2659 3297 2715 vel
3342 2659 3483 2715 obli-

1904 2749 1992 2803 vio
2018 2764 2396 2818 saepenumero
2418 2751 2737 2808 oblitterare
2766 2763 2967 2824 potest,
2995 2768 3162 2824 quam
3187 2752 3356 2809 etiam
3395 2766 3485 2807 su-

1905 2841 2087 2911 perius
2122 2842 2260 2896 dixit
2292 2857 2361 2897 ex
2402 2844 2590 2898 auditu
2631 2844 2974 2914 ingenerari;
3009 2845 3093 2900 vel
3136 2844 3356 2914 liquidae
3383 2859 3481 2900 co-

1905 2931 2187 3002 gnitionis,
2213 2947 2335 3003 quae
2363 2935 2623 2989 nimirum
2653 2949 2723 2990 ex
2748 2936 2981 2991 naturali
3010 2936 3362 2991 meditatione
3389 2944 3486 2990 aut

1906 3029 2275 3086 illustratione
2311 3031 2430 3086 sine
2471 3032 2700 3088 doctore
2745 3032 3008 3098 inhmret;
3034 3033 3117 3088 vel
3152 3032 3299 3099 fidei,
3324 3033 3398 3087 ita
3423 3040 3485 3086 ut

1907 3120 2031 3191 quis
2053 3120 2242 3176 audiat
2269 3122 2513 3192 quidem,
2545 3123 2640 3178 sed
2662 3138 2769 3179 non
2791 3124 3033 3194 perfecte
3055 3126 3245 3181 credat
3273 3139 3337 3180 ea
3364 3138 3486 3194 qua

215 3218 429 3287 ἐφίεται
469 3222 563 3273 καί
601 3222 904 3293 ἁμαρτάνει
942 3200 1070 3295 περὶ
1105 3224 1205 3296 τὴν
1226 3226 1412 3295 ἔφεσιν
1433 3243 1447 3258 ο
1473 3227 1505 3300 ἢ
1527 3229 1628 3300 τῆς
1648 3231 1710 3283 ἐν

1920 3213 2195 3280 licuntur;
2228 3215 2319 3269 vel
2350 3215 2628 3282 desiderii,
2669 3225 2729 3271 ut
2768 3218 2988 3286 quando
3017 3219 3143 3288 quis
3172 3218 3316 3272 male
3344 3218 3485 3272 desi-

213 3312 372 3379 γείας
410 3312 504 3366 τοῦ
540 3314 771 3383 ἀγαθοῦ,
805 3315 881 3380 ὡς
918 3316 1240 3388 βουλόμενος
1279 3319 1378 3391 μὲν
1420 3322 1710 3393 ἐνεργῆσαι
1745 3321 1807 3377 τδ

213 3406 443 3473 ἀγαθὸν,
469 3406 893 3479 ἐμποδιζόμενος
924 3409 981 3462 δέ
1008 3410 1098 3465 διά
1117 3428 1197 3464 τι-
1225 3412 1347 3465 ὅθεν
1369 3413 1463 3467 καὶ
1483 3414 1592 3469 ἀπὸ
1616 3416 1806 3470 τούτου

214 3499 491 3553 εἰσϐάλλει
512 3501 738 3573 ἀπορία.
758 3502 971 3569 Καίτοι,
994 3503 1127 3575 φαίη
1142 3522 1226 3568 τις
1247 3505 1335 3570 ἂν,
1359 3509 1721 3577 συγγνωστὸν,
1745 3511 1806 3563 οὐ

213 3593 529 3663 τιμωρητὸν
551 3595 584 3665 ἡ
604 3594 879 3651 ἀσθένεια.
900 3596 1037 3650 Ἀλλ’
1054 3597 1215 3662 εὐθὺς
1235 3600 1269 3670 ή
1295 3598 1467 3664 λύσις.
1492 3602 1556 3654 El
1586 3601 1686 3672 μὲν
1708 3603 1809 3656 οὐκ

214 3683 438 3754 εἴχομεν
474 3684 537 3738 τὸ
570 3685 852 3750 δύνασθαι,
873 3688 1053 3752 καλῶς
1072 3688 1139 3743 ἂν
1160 3686 1305 3761 εἶχεν
1325 3692 1355 3745 ὁ
1386 3691 1572 3761 λόγος·
1600 3694 1723 3747 ἐπεὶ
1751 3694 1807 3748 δὲ

214 3773 279 3825 ἐκ
297 3774 394 3827 τοῦ
419 3774 630 3842 ἀγαθοῦ
656 3777 787 3846 ἡμῖν
807 3776 868 3829 τὸ
889 3776 1164 3843 δύνασθαι,
1191 3779 1292 3833 οὐκ
1314 3780 1597 3835 ἐπαινετὸν
1625 3783 1658 3853 ἡ
1681 3783 1809 3854 περὶ

211 3864 273 3918 τὸ
311 3865 523 3935 ἀγαθὸν
560 3867 1005 3938 ἀμαρτία.“Αλλά
1038 3870 1210 3924 ταῦτα
1250 3872 1349 3944 μὲν
1385 3874 1445 3926 ἐν
1482 3872 1653 3945 ἐτέρῳ
1677 3889 1809 3941 συγ-

211 3961 508 4033 γράμματι
531 3961 875 4031 διελάϐομεν,
898 3962 1020 4016 καθ’
1042 3964 1110 4034 ἣν
1145 3966 1526 4036 πραγματείαν
1547 3965 1641 4019 καὶ
1661 3967 1809 4037 ἡγω-

211 4052 488 4122 νισάμεθα
528 4050 664 4122 πρὸς
693 4054 820 4116 τοὺς
843 4054 971 4125 περὶ
988 4053 1195 4108 τούτων
1220 4055 1564 4125 σοφιστικοὺς
1585 4056 1681 4109 καὶ
1702 4073 1808 4109 πα-

213 4145 498 4216 ράφρονας
540 4144 734 4215 λόγους
753 4162 766 4176 ⁸
795 4145 890 4200 νῦν
926 4147 984 4201 δὲ
1019 4150 1151 4220 ἡμῖν
1183 4148 1496 4219 ἀρκούντως
1525 4148 1586 4202 τὸ
1606 4148 1810 4217 ἀγαθὸν

213 4228 481 4301 ὕμνηται,
506 4227 585 4292 ὡς
610 4229 827 4284 πάντων
853 4231 963 4286 τῶν
996 4232 1215 4302 ἀγαθῶν
1237 4231 1427 4297 αἴτιον,
1452 4234 1545 4288 καὶ
1583 4233 1690 4287 τῶν
1711 4250 1812 4287 κα-

212 4321 325 4374 κῶν
344 4320 593 4375 ἀναίτιον
612 4338 625 4351 ·
648 4322 723 4386 ὡς
744 4315 1023 4389 εἰδοποιδν,
1050 4326 1143 4378 καὶ
1174 4324 1250 4389 ὼς
1284 4325 1459 4395 πέρας
1478 4325 1585 4379 τῶν
1604 4325 1771 4379 ὄντων
1790 4343 1805 4357 ⁶

213 4412 389 4483 πέρας
410 4413 471 4466 δὲ
494 4413 558 4466 οὐ
584 4414 833 4482 φυσικὸν,
857 4415 990 4468 ἀλλά
1012 4417 1403 4489 δημιουργικὸν
1424 4416 1504 4488 (τὺ
1524 4416 1633 4489 γάρ
1653 4434 1810 4486 φυσι-

1909 3307 2066 3361 derat
2104 3317 2162 3361 et
2208 3322 2401 3379 peccat
2445 3312 2592 3367 circa
2631 3311 2998 3378 desiderium;
3033 3311 3120 3366 vel
3152 3311 3487 3381 operationis

1912 3399 2082 3462 bonne,
2113 3397 2186 3453 ita
2214 3408 2274 3455 ut
2302 3400 2433 3456 velit
2473 3402 2694 3473 quidem
2738 3404 2938 3459 bonum
2975 3417 3159 3474 agere,
3199 3416 3261 3457 re
3305 3412 3488 3458 autem

1908 3491 2165 3561 quapiam
2208 3495 2594 3564 prtepediatur,
2628 3496 2772 3551 unde
2814 3496 2981 3551 etiam
3015 3495 3144 3551 hinc
3183 3494 3361 3550 oritur
3397 3494 3490 3549 de-

1910 3585 2104 3642 fectus.
2131 3587 2294 3659 Atqui
2325 3590 2469 3645 dicet
2495 3590 2715 3661 aliquis,
2746 3590 3160 3647 condonandam
3188 3605 3310 3647 esse
3336 3588 3486 3644 infiro

1911 3681 2180 3745 unitatem,
2209 3689 2261 3735 el
2291 3682 2516 3738 minime
2545 3685 2896 3753 puniendam.
2928 3685 3008 3739 En
3037 3684 3091 3738 in
3122 3694 3372 3755 promptu
3402 3697 3469 3739 so

1910 3768 2063 3824 lutio.
2088 3770 2369 3841 Siquidem
2409 3772 2644 3828 facultas
2679 3789 2787 3828 non
2832 3784 3166 3845 suppeteret,
3198 3784 3345 3829 recte
3380 3774 3456 3829 uti

1908 3876 2014 3931 que
2044 3863 2112 3917 id
2158 3864 2465 3933 diceretur;
2515 3881 2638 3920 cum
2686 3878 2870 3923 autem
2921 3882 2989 3922 ex
3040 3866 3182 3921 bono
3225 3866 3380 3920 nobis
3420 3866 3493 3921 sit

1909 3969 2092 4024 posse,
2143 3972 2489 4027 nequaquam
2538 3958 2822 4016 laudabilis
2866 3968 2953 4016 est
2996 3959 3180 4029 lapsus
3217 3960 3366 4015 circa
3396 3960 3494 4013 bo-

1911 4064 2063 4103 num.
2090 4046 2290 4105 Verum
2323 4050 2441 4105 haec
2473 4051 2525 4105 in
2557 4059 2790 4107 tractatu
2816 4052 3050 4123 quodam
3081 4051 3189 4106 alio
3221 4051 3493 4121 explicui-

1913 4156 2053 4206 mus,
2089 4140 2142 4196 in
2183 4156 2291 4211 quo
2324 4150 2556 4198 tractatu
2595 4145 2960 4213 quorumdam
2991 4144 3267 4214 captiosas
3293 4153 3348 4198 et
3382 4154 3491 4199 sto-

1912 4229 2046 4284 lidas
2074 4231 2315 4287 rationes
2349 4232 2818 4304 impngnavimus;
2847 4233 2962 4303 jam
2996 4250 3125 4291 vero
3152 4249 3181 4288 a
3222 4234 3383 4289 nobis
3406 4249 3468 4288 sa

1914 4323 1983 4377 tis
2023 4322 2299 4378 laudatum
2356 4334 2440 4379 est
2491 4327 2716 4394 bonum,
2770 4336 2828 4381 ut
2879 4342 3047 4382 causa
3101 4336 3185 4383 est
3228 4327 3494 4383 bonorum

1911 4413 2182 4479 omnium,
2220 4424 2275 4469 et
2311 4414 2512 4470 nullius
2551 4415 2713 4479 mali;
2742 4426 2801 4470 ut
2824 4425 3097 4472 estcausa
3138 4418 3328 4472 forma:
3357 4416 3494 4471 effe-

213 4502 309 4555 κδν
328 4503 512 4575 πέρας
534 4506 595 4558 ἐν
615 4504 695 4576 τῷ
715 4524 780 4559 πε
789 4523 951 4578 ρατου
959 4508 1105 4580 μένῳ
1125 4509 1264 4575 ἐστὶ,
1287 4508 1362 4574 ὡς
1386 4511 1418 4581 ἡ
1444 4509 1645 4581 στιγμὴ
1661 4511 1710 4563 ἐν

1920 4509 2055 4563 ctrix
2080 4523 2145 4563 ac
2176 4508 2299 4562 linis
2330 4524 2537 4573 rerum,
2571 4508 2697 4565 ﬁnis
2732 4520 2917 4564 autem
2942 4525 3053 4565 non
3085 4498 3373 4575 naturalis,
3398 4508 3494 4562 sed

213 4599 450 4667 γραμμῇ
469 4596 510 4668 ·)
539 4596 617 4661 ὡς
644 4598 737 4651 καλ⁸
757 4598 895 4654 αῦτά
913 4600 981 4654 τά
1007 4602 1151 4655 κακά
1183 4601 1472 4671 ἀγαθῦνον,
1497 4602 1592 4655 καὶ
1609 4602 1710 4655 ὅτιλ

1920 4598 2155 4654 efﬁciens
2188 4598 2478 4669 (terminus
2507 4601 2653 4655 enim
2690 4601 2953 4656 naturalis
2984 4610 3069 4657 est
3099 4601 3152 4656 in
3179 4599 3491 4659 terminato.

215 4684 302 4739 σιν
322 4688 475 4741 ἐστιν
496 4688 716 4756 ἐφετὸν,
740 4690 835 4745 καὶ
853 4691 956 4746 ὅσα
976 4691 1112 4746 ἀλλα
1130 4693 1158 4746 ό
1179 4692 1336 4761 λόγος
1358 4690 1629 4758 ἀπέδειξε.

1914 4693 2057 4747 sicut
2086 4700 2345 4759 punctum
2371 4691 2425 4746 in
2464 4691 2665 4759 linea);
2693 4701 2754 4747 ut
2776 4693 2878 4763 qui
2900 4692 3065 4747 etiam
3097 4678 3323 4762 ipsamet
3355 4689 3496 4743 mala

216 4776 355 4834 bona
387 4782 591 4848 reddit,
611 4791 669 4836 et
689 4783 780 4853 qui
803 4785 1055 4843 omnibus
1085 4787 1154 4842 sit
1180 4785 1514 4856 expetendus
1541 4794 1595 4841 et
1622 4784 1888 4840 amandus
1944 4794 1999 4839 ct
2044 4784 2369 4856 diligendus,
2424 4799 2479 4839 et
2514 4800 2852 4856 quaecumque
2908 4785 3009 4839 alia
3056 4782 3232 4836 oratio
3274 4783 3499 4835 demon-

215 4878 431 4932 stravit.

319 5070 363 5095 ⁸·
389 5062 533 5123 an.
571 5080 673 5121 xn.
706 5064 776 5125 ιτ
