3742 6304
285 312 391 365 815
1470 311 1528 365 S.
1565 310 1763 367 DIONY

2094 310 2358 368 PAGI'L‘E
3467 315 3496 365 ε
3513 316 3572 367 Ib

311 465 2373 485 omo—WW—
2387 476 2691 488 ——-—-.

702 624 865 697 tm
920 610 1309 699 CAPUT
1376 560 1494 699 v.
1904 610 1950 665 Α

1904 610 1950 665 Α
2376 608 3027 697 ΚΕΦΛΛΑΙΟΝ

497 752 567 806 De
594 764 731 818 ente,
763 754 819 807 in
841 770 944 823 quo
973 754 1133 807 etiam
1160 754 1224 808 de
1248 754 1659 823 exemplaribus.

2081 752 2221 819 Περὶ
2249 752 2444 816 ὄντος,
2474 752 2545 805 ἐν
2569 751 2617 817 ᾧ
2645 751 2743 805 καὶ
2782 751 2916 820 περὶ
2944 751 3462 822 παραδειγμάτων.

1594 906 1928 965 SYNOPSIS
1965 907 2265 965 CAPITIS.

276 1053 317 1107 I.
350 1053 511 1106 Docet
537 1052 729 1114 Deum,
759 1064 915 1121 prout
956 1054 1012 1105 in
1066 1069 1121 1106 se
1142 1060 1244 1114 est,
1272 1068 1438 1122 neque
1467 1054 1713 1119 cognosci
1754 1068 1915 1122 neque
1953 1052 2216 1121 explicari
2240 1069 2429 1120 posse;
2462 1063 2509 1105 et
2544 1055 2795 1119 ostendit,
2821 1052 3084 1122 quomodo
3114 1070 3303 1107 nomen
3330 1055 3459 1107 boni
3488 1055 3573 1105 la-

348 1126 453 1177 tins
480 1132 657 1190 pateat
690 1139 849 1191 quam
874 1140 1058 1177 nomen
1089 1124 1245 1175 entis.
1284 1120 1348 1175 ΙΙ.
1379 1124 1463 1174 Ait
1496 1123 1596 1175 sibi
1623 1120 1952 1190 propositum
1986 1120 2119 1183 esse.
2152 1122 2322 1175 Deum
2360 1124 2647 1175 secundum
2682 1120 3042 1191 providentius
3072 1140 3162 1177 seu
3197 1126 3572 1179 emanaliones

344 1194 661 1260 pra'dicare.
705 1192 789 1246 III.
832 1193 943 1256 Ea,
980 1210 1096 1261 qua:
1136 1192 1303 1245 Deum
1346 1196 1515 1261 magis
1554 1195 1909 1261 participant,
1939 1194 1986 1245 ei
2022 1209 2133 1246 esse
2167 1195 2567 1261 prapinqniora.
2600 1194 2684 1250 IV.
2723 1194 2884 1247 Deum
2908 1211 3017 1249 esse
3039 1196 3216 1247 omnia
3246 1196 3302 1249 in
3322 1198 3572 1249 omnibus

344 1266 653 1317 eminenter.
685 1262 750 1333 ν,
778 1262 862 1317 E2;
891 1263 997 1318 Deo
1020 1280 1133 1315 esse
1158 1280 1323 1315 revum
1349 1273 1398 1315 et
1425 1275 1653 1332 tempus,
1679 1274 1726 1317 et
1754 1265 1931 1316 omnia
1957 1278 1974 1317 .·
2005 1273 2052 1317 et
2079 1265 2303 1332 gradum
2331 1264 2469 1333 entis
2492 1280 2601 1316 esse
2625 1268 2857 1331 primum
2882 1283 2973 1318 seu
2997 1266 3441 1333 antiquissimum
3471 1265 3571 1319 Dei

346 1338 561 1389 donum.
595 1333 678 1405 VI.
710 1331 950 1387 Gradum
978 1336 1113 1387 entis
1138 1343 1185 1386 et
1220 1349 1301 1405 res
1332 1350 1521 1405 omnes
1548 1350 1658 1405 esse
1691 1351 1721 1387 a
1748 1333 1859 1387 Deo
1887 1344 1934 1386 et
1966 1337 2021 1387 in
2052 1331 2158 1405 Deo
2195 1336 2358 1389 unite.
2404 1332 2518 1387 VII.
2562 1334 2627 1387 In
2659 1334 2793 1400 Deo,
2831 1343 3083 1405 tanquam
3113 1331 3277 1388 causa
3308 1338 3568 1398 omnium,

344 1405 526 1456 omnia
567 1404 725 1456 etiam
756 1405 1028 1457 contraria
1054 1420 1165 1457 esse
1195 1404 1369 1456 unita.
1414 1402 1547 1456 VIII.
1589 1404 1633 1455 Α
1667 1404 1773 1457 Deo
1804 1407 2027 1472 spiritus
2057 1402 2287 1458 cwlestes
2316 1413 2365 1458 et
2408 1406 2620 1458 animus
2653 1416 2699 1456 et
2731 1422 2809 1458 res
2836 1402 3017 1473 omnes
3043 1407 3271 1473 gradum
3298 1422 3458 1459 suum
3487 1423 3572 1459 es-

344 1474 495 1545 cendi
522 1473 779 1538 obtinere,
806 1486 853 1527 et
878 1475 1136 1545 quidquid
1162 1472 1387 1545 habent;
1413 1486 1457 1545 et
1496 1474 1659 1545 Deum
1686 1476 1740 1526 in
1777 1471 2016 1528 omnibus
2045 1490 2156 1527 esse
2182 1487 2440 1543 exempte,
2470 1484 2517 1528 et
2544 1475 2824 1543 conﬁrmat
2854 1471 3090 1545 eiempl'o
3115 1476 3246 1528 solis
3272 1491 3292 1527 :
3322 1488 3375 1529 et
3406 1478 3571 1530 simul

344 1543 573 1607 explicat
596 1545 723 1613 quid
750 1548 860 1599 sint
885 1542 1231 1613 exemplaria.
1262 1542 1354 1597 IX.
1398 1544 1584 1615 Docet,
1610 1544 1726 1615 illa,
1759 1561 1876 1610 qua:
1896 1546 1951 1598 in
1978 1548 2129 1615 rebus
2165 1546 2549 1615 principalium
2575 1542 2720 1609 sunt,
2749 1562 2854 1599 non
2875 1542 3227 1615 esse’prOprie
3251 1548 3568 1606 relationes,

348 1630 441 1669 nec
464 1616 812 1683 exemplaria,
840 1618 931 1669 sed
955 1616 1281 1686 exemptam,
1313 1624 1361 1686 et
1401 1613 1569 1667 Deum
1608 1614 1834 1682 simplici
1875 1633 1972 1669 sua
1996 1614 2320 1686 perfectione
2342 1613 2551 1671 cuncta
2585 1615 2881 1683 complecti.
2917 1616 2984 1670 Χ.
3017 1613 3297 1683 Quomodo
3326 1616 3473 1671 Deus
3499 1622 3569 1669 sil

350 1702 528 1745 rerum
555 1687 791 1738 omnium
815 1686 1140 1755 principium
1170 1694 1218 1739 et
1246 1685 1396 1753 ﬁnis.

1860 1848 1963 1922 ιι.

346 1988 501 2044 Modo
551 1986 945 2042 transeundum
990 1993 1077 2040 est
1118 1984 1187 2039 ad
1225 1984 1594 2057 tbeologicum
1649 2004 1824 2043 nonlt‘l

2090 1991 2289 2043 ετιτὲον
2315 1991 2372 2044 δὲ
2397 1990 2491 2044 νῦν
2520 1991 2613 2043 ἐπὶ
2639 1988 2738 2060 τὴν
2775 1989 2945 2052 ὅντως
2969 1985 3133 2043 οὖσαν
3158 1988 3256 2041 τοῦ
3283 1990 3457 2053 ὅντως
3484 1992 3568 2045 δν-

269 2083 412 2138 cutis
452 2094 580 2137 vere
624 2078 960 2136 exsislentis.
1007 2077 1245 2132 Tantum
1282 2089 1464 2134 autem
1523 2096 1747 2135 commet

2097 2083 2410 2154 θεολογικὴν
2440 2083 2825 2153 οὺσιωνυμίαν.
2857 2082 3124 2136 Τοσοῦτον
3166 2084 3223 2135 δὲ
3251 2083 3568 2154 ὑπομνήσο-

272 2177 487 2238 biutur,
557 2183 823 2242 quantum
893 2171 1162 2241 propositi
1225 2172 1365 2227 ratio
1422 2174 1687 2241 postulat;

2086 2176 2146 2241 5°,
2171 2176 2253 2229 ὃτι
2289 2175 2366 2246 τῷ
2390 2174 2533 2247 λόγῳ
2562 2178 2761 2240 σκοπὸς
2786 2177 2846 2229 οὐ
2875 2175 2971 2246 τὴν
2996 2176 3323 2246 ὑπερούσιον
3349 2177 3564 2240 οὐσίαν,

269 2266 417 2322 enim
447 2264 786 2334 propositum
816 2273 935 2329 est,
968 2264 1335 2318 substantiam
1363 2303 1377 2328 ,
1408 2280 1530 2334 quae
1568 2277 1747 2331 estsul

2088 2268 2396 2338 πτερούσιος,
2447 2268 2745 2337 ἐκφαίνειν,
2791 2267 3063 2340 (ἄῤῥητον
3112 2267 3220 2340 γὰρ
3258 2267 3425 2321 τοῦτο
3474 2272 3566 2321 καὶ

269 2373 438 2427 quam
503 2355 845 2420 substantia,
902 2354 1180 2423 explicare
1237 2364 1503 2425 quatenus
1559 2366 1747 2431 estsur

2087 2362 2236 2415 ιιστὸν
2271 2364 2407 2427 ἐστι,
2437 2364 2532 2416 καὶ
2566 2362 2845 2425 παντελῶς
2873 2362 3228 2432 ἀνέκφαντον,
3266 2365 3361 2417 καὶ
3392 2364 3565 2433 αὐτὴν

267 2465 433 2519 quam
517 2448 828 2504 substantia
886 2448 1035 2514 (hoc
1098 2448 1245 2502 enim
1321 2448 1596 2505 ineffabile
1659 2460 1744 2505 est

2086 2456 2254 2525 >αῖρον
2293 2456 2393 2526 τὴν
2430 2455 2681 2528 ἕνωσιν)
2710 2455 2849 2508 ἀλλὰ
2886 2453 2984 2525 τὴν
3024 2455 3329 2509 οὐσιοποιὺν
3370 2460 3454 2520 εἰς
3498 2458 3564 2509 τὰ

269 2546 539 2615 ignotum,
570 2557 635 2597 ac
665 2541 883 2613 penitus
913 2542 1159 2610 expromi
1196 2556 1305 2595 non
1339 2552 1550 2612 potest,
1594 2552 1650 2597 et
1686 2545 1747 2613 ip:

2085 2589 2086 2594 η
2126 2548 2307 2601 πάντα
2330 2548 2428 2619 τῆς
2453 2548 2750 2621 θεαρχικῆς
2774 2549 3093 2621 οὑσιαρχίας
3121 2548 3347 2619 πρόοδον
3388 2550 3563 2619 ὑμνῆ-

260 2636 667 2705 copulationem
708 2634 912 2689 mentis
946 2635 1190 2704 superat)
1218 2634 1313 2689 sed
1360 2638 1563 2705 potius,
1592 2636 1738 2691 subsl

2102 2639 2209 2691 Καὶ
2234 2639 2343 2711 γὰρ
2370 2643 2403 2712 ἡ
2427 2641 2668 2709 τάγαθοῦ
2697 2642 2977 2713 θεωνυμία
3013 2641 3115 2706 τὰς
3140 2642 3268 2704 ὅλας
3296 2640 3393 2694 τοῦ
3424 2641 3562 2694 πάν-

269 2730 356 2783 tize
391 2728 625 2793 deiiicm,
672 2735 727 2781 et
770 2741 892 2797 qua:
934 2727 1114 2781 omnis
1154 2726 1487 2781 substantia:
1528 2729 1747 2797 principi

2090 2731 2266 2783 αἰτίου
2294 2733 2555 2804 προόδους
2584 2734 2935 2803 ἐκφαίνουσα,
2966 2733 3063 2787 καὶ
3090 2736 3169 2797 είς
3193 2733 3261 2786 τὰ
3288 2733 3441 2793 ὄντα,
3469 2734 3562 2785 καὶ

265 2832 371 2888 νει,
398 2823 465 2877 ad
496 2823 754 2876 universa
793 2834 915 2889 qua:
944 2828 1074 2873 sunt
1107 2819 1516 2873 emanationem
1550 2821 1734 2875 substa

2084 2822 2144 2875 τὰ
2172 2823 2272 2875 οὐκ
2320 2823 2451 2877 ὄντα
2489 2824 2821 2888 ἐκτείνεται,
2864 2826 2959 2878 καὶ
3006 2824 3146 2895 ὑπὲρ
3184 2823 3255 2877 τὰ
3294 2824 3424 2877 ὅντα
3468 2824 3562 2875 καὶ

265 2914 423 2968 licam
455 2913 759 2968 celebrare.
797 2913 1081 2982 Siquidem
1125 2927 1321 2967 nomen
1355 2911 1484 2967 boui
1514 2913 1581 2969 de
1611 2914 1719 2968 Deo

2083 2930 2098 2964 2
2124 2912 2193 2966 τὰ
2218 2915 2318 2967 οὐκ
2344 2914 2473 2969 ὄντα
2499 2917 2665 2970 ἐστίν.
2687 2916 2749 2969 Ἠ
2774 2917 2831 2970 δὲ
2855 2916 2951 2969 τοῦ
2977 2917 3149 2981 ὄντος,
3176 2918 3257 2980 εἰς
3286 2917 3468 2969 πάντα
3491 2916 3561 2969 τὰ

264 3008 443 3063 clarat
491 3022 684 3064 omnes
748 3006 1133 3062 catenationes
1183 3008 1427 3063 auctoris
1471 3010 1742 3063 omnium.

2080 3004 2433 3071 .ὲκτείνεται,
2464 3007 2558 3058 καὶ
2587 3006 2728 3078 ὑπὲρ
2770 3006 2844 3060 τὰ
2883 3007 3011 3059 ὄντα
3047 3006 3217 3059 ἐστίν.
3258 3006 3323 3057 Ἦ
3362 3006 3422 3058 δὲ
3456 3005 3558 3074 τῆς

263 3101 563 3170 porrigitur
584 3101 702 3157 bac
729 3099 1033 3156 nominatio
1061 3098 1159 3154 Dei
1182 3115 1212 3154 a
1237 3100 1384 3155 bono
1410 3108 1522 3154 tum
1549 3102 1616 3155 ad
1645 3116 1706 3155 ea
1732 3118 1741 3153 ι

2080 3117 2102 3162 ς
2139 3100 2219 3164 εἰς
2264 3102 2442 3156 πάντα
2478 3101 2549 3155 τὰ
2587 3102 2762 3166 ζῶντα
2803 3101 3125 3163 ἐκτείνεται,
3162 3102 3257 3155 καὶ
3301 3101 3447 3171 ὑπὲρ
3490 3103 3558 3153 τὰ

265 3204 433 3260 sunt,
455 3204 567 3249 tum
595 3194 666 3248 ad
694 3209 759 3249 ea
782 3210 906 3264 quae
932 3210 1039 3249 non
1063 3206 1211 3261 sunt,
1236 3204 1428 3263 estque
1448 3209 1612 3264 supra
1640 3208 1702 3248 ea
1732 3209 1743 3245 ι

2079 3192 2137 3245 τά
2174 3195 2339 3247 ἐστιν.
2383 3196 2447 3248 Ἠ
2488 3195 2545 3248 δὲ
2571 3195 2671 3264 τῆς
2710 3196 2920 3264 σοφίας,
2965 3197 3044 3263 είς
3093 3194 3270 3247 πάντα
3296 3192 3367 3245 τὰ
3394 3192 3557 3261 νοερὰ

263 3296 410 3351 sunt,
440 3296 495 3342 et
521 3303 687 3357 supra
710 3302 774 3342 ea
808 3303 928 3357 qua:
954 3305 1061 3342 non
1086 3297 1237 3342 sunt.
1263 3287 1469 3341 Nomen
1496 3296 1678 3342 autem
1709 3302 1738 3339 e

2078 3287 2286 3355 λογικὰ,
2313 3289 2407 3341 καὶ
2436 3287 2730 3359 αἰσθητικὰ
2753 3288 3072 3352 ἐκτείνεται,
3092 3287 3185 3340 καὶ
3213 3286 3357 3355 ὑπὲρ
3381 3286 3556 3337 πάντα

234 3446 238 3451 ἱ
266 3383 333 3433 ad
374 3382 556 3436 omnia
600 3398 723 3451 quas
749 3394 877 3437 sunt
906 3383 1244 3447 extenditur,
1272 3398 1337 3437 ac
1376 3398 1545 3451 supra
1582 3396 1712 3437 esset

820 3394 877 3437 ut
906 3383 1244 3447 extenditur,
1272 3398 1337 3437 ac
1376 3398 1545 3451 supra
1582 3381 1851 3437 essentias
1958 3380 2133 3436 ταῦτά
2159 3383 2295 3435 ἐστι.

265 3477 411 3541 ipsas
450 3473 672 3528 eminet.
717 3472 926 3529 Nomen
956 3491 1090 3531 vero
1122 3478 1247 3529 vitae
1276 3476 1341 3529 ad
1388 3476 1572 3529 omnia
1628 3473 1870 3527 viventia
1921 3476 2183 3539 tenditur,
2226 3484 2283 3529 et
2329 3491 2493 3544 supra
2541 3476 2779 3529 viventia
2830 3484 2938 3529 est.
3008 3473 3323 3529 Nominatio
3367 3471 3463 3526 Dei
3521 3485 3552 3523 a

262 3566 570 3633 sapientia,
618 3566 919 3637 porrigitur
976 3569 1044 3623 ad
1093 3569 1275 3623 omnia
1324 3582 1447 3637 quae
1514 3566 1859 3637 intelligunt,
1916 3582 2037 3636 qua:
2104 3569 2528 3635 ratiocinantur,
2574 3586 2693 3639 qua:
2748 3570 3019 3635 sentiunt,
3054 3578 3111 3624 et
3157 3582 3323 3639 supra
3371 3562 3551 3620 omnia

257 3657 362 3713 ista
394 3669 503 3719 est.

1836 3788 1986 3860 ﬁll.

334 3966 441 4022 llas
488 3966 656 4038 igitur
704 3967 798 4023 Dei
850 3968 1277 4035 nominationes,
1322 3985 1445 4039 qua:
1478 3969 1812 4041 providentia

2070 3968 2235 4032 αὐτας
2263 3964 2357 4021 οὖν
2386 3970 2414 4020 ὁ
2452 3966 2608 4037 λόγος
2655 3967 2893 4038 ὑμνῆσαι
2940 3968 3094 4021 ποοεῖ
3134 3968 3234 4032 τὰς
3274 3970 3375 4040 τῆς
3422 3987 3547 4040 προ-

260 4060 354 4113 Dei
391 4061 671 4128 aperiunt,
711 4061 1054 4130 propositum
1081 4071 1165 4117 est
1198 4065 1533 4133 prmdicare;
1565 4078 1670 4118 non
1700 4079 1738 4119 ei

2066 4077 2099 4123 ης
2124 4057 2524 4129 ἐκφαντορικὰς
2553 4057 2858 4129 θεωνυμίας
2877 4075 2890 4087 ·
2923 4059 2984 4111 οὐ
3011 4057 3121 4128 γὰρ
3147 4060 3425 4127 ἐκφράσαι
3451 4058 3544 4128 τὴν

261 4154 515 4209 tractatio
560 4164 747 4209 nostra
796 4158 1069 4224 promittit
1113 4159 1353 4211 enodare
1399 4167 1454 4211 et
1500 4158 1715 4226 aperire

2064 4149 2406 4220 οὓπερούσιον
2430 4151 2475 4181 ⁸¹
2515 4148 2850 4218 ἀγαθὸτητα,
2886 4148 2979 4201 καὶ
3006 4148 3217 4209 οὐσίαν,
3251 4148 3347 4199 καὶ
3382 4146 3542 4216 ζωὴν,

254 4247 707 4313 praesscntialem
758 4248 1045 4315 ipsiusmct
1107 4248 1588 4317 superessentialis
1641 4248 1730 4301 div

2072 4243 2265 4311 σοφίαν
2291 4243 2389 4313 τῆς
2429 4239 2888 4313 αὑτοῦπερουσίου
2928 4239 3181 4311 θεότητος
3216 4239 3546 4307 amnem-

257 4337 387 4391 tatis
418 4338 721 4392 bonitatem
762 4346 815 4390 et
847 4338 1161 4403 essentiam,
1207 4349 1262 4393 et
1311 4340 1477 4393 vitam
1524 4349 1581 4393 et
1629 4340 1735 4410 sapi

2087 4335 2187 4406 τῆς
2213 4336 2257 4366 ³²
2288 4336 2429 4405 ὑπὲρ
2457 4336 2637 4388 πᾶσαν
2663 4333 2996 4403 ἀγαθότητα,
3029 4334 3124 4386 καὶ
3169 4332 3427 4404 θεότητα,
3456 4333 3543 4387 καὶ

256 4430 412 4495 tiam,
441 4444 561 4498 qum
590 4442 753 4497 supra
783 4443 1000 4482 onmem
1038 4429 1363 4495 bonitatem,
1391 4441 1447 4486 et
1474 4432 1734 4487 divinitati

2064 4429 2159 4493 ζαν,
2187 4428 2278 4480 καὶ
2307 4425 2521 4496 σοφίαν,
2544 4428 2638 4479 καὶ
2680 4426 2843 4497 ζωὴν,
2871 4426 2926 4477 ἐν
2961 4423 3324 4496 ἀποκρύφοις,
3362 4425 3440 4489 ὡς
3480 4424 3542 4476 τὰ

251 4531 306 4575 «ιι
340 4524 655 4590 essentiam,
701 4536 757 4579 et
805 4524 1158 4591 sapientiam,
1198 4535 1253 4580 et
1299 4527 1467 4580 vitam
1504 4530 1555 4580 in
1606 4529 1729 4582 absc

2060 4518 2103 4571 ,dt
2148 4535 2334 4590 φησιν,
2380 4517 2821 4590 ὑπεριδρυμένης
2844 4517 2922 4548 ⁸³·
2971 4515 3110 4569 ἀλλὰ
3152 4517 3253 4587 τὴν
3298 4519 3538 4586 ἐκπεφα-

251 4615 405 4680 iiitis,
430 4628 490 4670 ut
514 4616 743 4687 Eloquia
784 4619 1028 4681 tradunt,
1055 4616 1242 4675 sedem
1274 4619 1459 4689 posuit
1483 4636 1497 4672 :
1519 4618 1729 4691 428i,

2060 4628 2153 4681 νην
2179 4610 2507 4680 ἀγαθοποιὸν
2547 4609 2800 4681 πρόνοιαν
2830 4608 3171 4679 ὑπεροχικῶς
3208 4610 3538 4681 ἀγαθότητα,

249 4708 432 4775 potius
460 4711 862 4779 providentiam
905 4709 1264 4779 patefactam,
1308 4709 1576 4764 bonorum
1605 4713 1727 4767 eliet

2068 4703 2284 4757 πάντων
2311 4700 2533 4771 ἀγαθῶν
2559 4700 2737 4754 αἰτίαν
2767 4702 2946 4772 ὑμνεῖ,
2976 4701 3070 4753 καὶ
3111 4699 3193 4765 ὃν,
3239 4702 3337 4754 καὶ
3380 4702 3536 4772 ζωὴν,

249 4817 393 4867 cem,
424 4802 728 4858 bonitatem
759 4802 1305 4868 excellentissimam,
1336 4811 1392 4856 et
1424 4802 1694 4858 bonorum
1723 4827 1727 4851 ‹

2074 4800 2288 4869 σοφίαν,
2315 4798 2413 4870 τὴν
2442 4796 2767 4860 οὑσιοποιὸν,
2797 4799 2891 4850 καὶ
2930 4798 3219 4861 ζωοποιδν,
3248 4797 3346 4850 καὶ
3391 4813 3538 4864 σοφο-

248 4895 400 4948 ιιὶιιιη
434 4909 655 4949 causam
711 4873 972 4952 laudibus
1002 4897 1280 4960 celebrat;
1328 4907 1387 4951 ut
1435 4913 1557 4961 ens,
1586 4906 1642 4952 et
1669 4898 1720 4951 vi

2058 4912 2084 4947 ν
2111 4893 2311 4959 αἰτίαν,
2336 4894 2445 4947 τῶν
2489 4892 2695 4955 οὐσίας,
2737 4892 2830 4944 καὶ
2858 4890 3023 4961 ζωῆς,
3054 4893 3151 4943 καί
3176 4889 3293 4953 νοῦ,
3322 4890 3422 4942 καὶ
3461 4889 3536 4940 λό-

248 4997 305 5039 et
351 4986 720 5055 sapientiam,
769 4988 1096 5043 substantia:
1138 4998 1194 5043 et
1245 4989 1370 5042 vita:
1406 4987 1726 5043 eﬂectrieelr

2054 5028 2062 5052 ,
2090 4988 2185 5041 καὶ
2212 4987 2519 5057 αἰσθήσεως
2550 4984 2974 5057 μετειληφάτων.
3005 4985 3119 5038 Οὐκ
3150 4983 3281 5038 ἄλλο
3318 4983 3377 5037 δὲ
3406 4978 3532 5038 εἶναι

247 5093 502 5146 causam,
546 5093 667 5148 qua‘
708 5078 1033 5149 sapientiam
1085 5080 1276 5135 tribuit
1317 5082 1384 5135 iis
1422 5096 1545 5150 quae
1586 5082 1725 5134 Sttbsl

2050 5079 2177 5133 αθόν
2206 5095 2362 5150 φησι,
2403 5080 2497 5133 καὶ
2523 5079 2649 5132 ἄλλο
2688 5078 2752 5130 τὸ
2777 5076 2858 5140 ὃν,
2902 5077 2996 5130 καὶ
3034 5076 3163 5129 ἄλλο
3188 5077 3292 5147 τὴν
3335 5074 3528 5146 ζωὴνῆ

248 5174 377 5224 tiam
420 5178 474 5223 et
503 5171 695 5237 vitam,
740 5180 795 5225 et
829 5181 1065 5225 mentem
1099 5181 1149 5225 et
1203 5173 1498 5237 rationem,
1542 5184 1596 5227 et
1642 5188 1726 5227 set

2060 5172 2275 5242 σοφίαν,
2304 5171 2426 5225 οὐδὲ
2451 5171 2622 5224 πολλὰ
2647 5170 2717 5223 τὰ
2733 5171 2882 5223 αίτια
2908 5170 3002 5222 καὶ
3015 5169 3189 5223 ἄλλων
3215 5168 3386 5231 ἄλλας
3404 5183 3531 5236 παρς

247 5261 603 5330 participant.
638 5260 759 5315 Non
791 5262 925 5316 dicit
952 5262 1094 5332 (haec
1134 5274 1320 5317 nostra
1371 5265 1650 5322 tractatio)
1686 5266 1725 5317 ai

2051 5263 2173 5327 ικὰς
2206 5263 2487 5333 θεότητας,
2516 5249 2889 5333 ὑπερεχούσαξ
2937 5261 3031 5313 καὶ
3067 5259 3392 5329 ὑφειμένας,

244 5367 368 5408 esse
399 5354 620 5419 bonum,
660 5362 717 5406 et
748 5352 896 5406 aliud
929 5366 1051 5419 ens,
1096 5353 1352 5424 aliudque
1383 5355 1574 5419 vitam,
1609 5355 1694 5409 vel

2048 5375 2055 5416 ζ
2097 5356 2233 5408 Θεοῦ
2272 5355 2373 5420 τὰς
2403 5355 2531 5419 ὅλας
2570 5354 2781 5424 ἀγαθὰς
2813 5353 3094 5425 προόδους,
3135 5354 3228 5406 καὶ
3265 5352 3366 5417 τὰς
3407 5350 3526 5421 παρ’

1549 5491 1787 5547 VARI/I3
1824 5490 2119 5547 LECTION
2129 5491 2232 5548 ES.

295 5647 812 5771 δθυὺτὲομνέλσωμεν,
864 5648 923 5703 S.
986 5659 1039 5702 ct
1070 5650 1221 5705 Viett.
1309 5649 1353 5682 “
1386 5649 1549 5703 αὐτοῦ
1578 5648 1928 5721 ὑπερούσιον,
1958 5648 2028 5704 Μ.
2066 5649 2157 5706 Sc.
2193 5662 2245 5706 et
2272 5648 2428 5705 Vicit.
2512 5652 2555 5681 ⁵³
2588 5650 2709 5721 τήν,
2742 5650 2801 5702 υ.
2883 5650 2927 5680 ⁵³
2955 5649 3422 5719 ὑπεριδρυμέκων,
3458 5641 3511 5694 [ν.

295 5763 301 5771 .
384 5758 399 5771 .
472 5738 515 5771 c.
556 5755 567 5769 .
600 5737 677 5771 at.

242 5720 301 5775 ὃ,
340 5719 399 5773 υ.
428 5719 515 5773 5C.
555 5722 677 5773 Si”.
