3768 6290
219 339 322 391 817

1316 336 1399 391 DE
1434 335 1684 391 DIVINIS
1715 337 2105 403 NOMINIBUS,
2140 337 2294 393 CAP.
2332 338 2395 392 V.

3363 336 3476 392 818

217 449 374 521 ὴμῶν
412 447 812 520 ὲξυμνουμένας
851 450 1182 522 θεωνυμίας·
1231 452 1322 504 καὶ
1374 452 1473 522 τὴν
1517 451 1614 521 μὲν
1654 447 1789 504 εἷναι

1939 453 2176 513 ientiam,
2227 466 2400 519 neque
2452 448 2648 504 multas
2693 463 2911 510 causas.
2955 457 3011 502 et
3041 447 3178 504 alias
3222 448 3475 502 aliorum

214 539 314 608 τῆς
364 537 660 602 παντελοῦς
715 537 808 591 τοῦ
869 540 985 602 ἐνὸς
1034 537 1167 591 Θεοῦ
1219 539 1472 608 προνοίας
1534 540 1792 607 ὲκφαντι-

216 628 318 697 κήν
340 627 410 693 ⁸⁵,
435 626 534 692 τὰς
558 628 614 681 δὲ
657 627 765 681 τῶν
803 628 1140 699 ὁλικωτέρων
1177 627 1271 681 τοῦ
1298 628 1462 682 αὑτοῦ
1510 627 1602 680 καὶ
1642 645 1794 698 μερι-

216 720 356 773 κωτέ
363 737 492 791 ρων.

1897 543 2206 596 effectrices
2234 542 2565 605 divinitates,
2594 540 2906 609 superiores
2943 549 2997 595 et
3032 538 3338 602 inferiores,
3371 538 3465 590 sed

1899 636 2060 690 unius
2104 636 2197 688 Dei
2248 637 2529 688 universas
2566 634 2738 689 bonas
2769 633 3164 695 emanationes,
3201 639 3256 686 et
3286 629 3463 684 nomi-

1901 729 2159 781 nationes
2186 726 2278 780 Dei
2314 742 2344 780 a
2374 727 2526 781 nobis
2557 726 2833 790 laudatas;
2865 737 3029 796 atque
3054 741 3214 780 uuam
3240 724 3474 793 quidem

214 827 358 875 esse,
399 827 523 881 qua:
552 822 717 868 totam
751 813 1144 882 providentiam
1193 815 1354 869 unius
1387 816 1476 870 Dei
1511 814 1783 881 declarat;
1822 816 1963 874 alias
1994 835 2140 880 vero,
2164 835 2286 888 qua:
2315 819 2484 888 magis
2534 829 2588 873 et
2618 820 2798 874 minus
2850 817 3141 886 generales
3180 815 3480 886 provideu~

215 907 317 960 tias
349 906 700 984 patefaciunt.

1767 1023 1794 1097 ς
1829 1021 1942 1084 ιιι.

280 1189 478 1242 Καίτοι
502 1187 635 1259 γαίη
659 1207 743 1254 τις
766 1207 779 1220 ·
835 1189 976 1245 Ἀνθ’
1019 1191 1162 1252 ὅτου,
1195 1189 1290 1244 τοῦ
1331 1191 1484 1255 ὄντος
1520 1189 1618 1260 τὴν
1645 1189 1793 1261 ζωὴν

211 1279 304 1332 καὶ
346 1279 446 1348 τῆς
493 1276 640 1349 ζωῆς
666 1279 765 1350 τὴν
801 1281 990 1350 σοφίαν
1028 1282 1546 1354 ὑπερεκτεινομένην
1569 1284 1636 1347 ⁵³,
1681 1284 1792 1336 τῶν

209 1371 379 1424 ὄντων
407 1373 506 1442 μὲν
532 1369 602 1424 τὰ
626 1371 826 1435 ζῶντα,
867 1373 976 1425 τῶν
1018 1373 1075 1428 δὲ
1117 1375 1218 1426 ὅσα
1251 1372 1315 1444 ζῇ
1359 1373 1430 1427 τὰ
1473 1373 1788 1444 αἰσθητικὰ,

210 1466 304 1518 καὶ
327 1463 535 1517 τούτων
561 1463 632 1516 τὰ
656 1463 869 1532 λογικὰ,
895 1466 987 1518 καὶ
1010 1464 1118 1518 τῶν
1143 1465 1373 1533 λογικῶν
1399 1467 1447 1519 οἱ
1474 1466 1593 1529 νόες
1621 1468 1792 1536 ὑπερ-

209 1557 419 1627 έχουσι,
453 1555 549 1608 καὶ
576 1555 704 1625 περὶ
727 1555 858 1608 Θεόν
883 1557 1010 1620 εἰσι,
1041 1558 1135 1609 καὶ
1164 1555 1362 1626 μᾶλλον
1386 1557 1534 1627 αὑτῷ
1565 1558 1792 1630 πλησιά-

209 1648 399 1712 ζουσι;
429 1645 621 1698 Καίτοι
646 1645 750 1698 ἔδει
775 1645 842 1698 τὰ
865 1644 973 1699 τῶν
1014 1646 1272 1716 μειζόνων
1296 1649 1361 1700 ὲκ
1399 1648 1532 1702 Θεοῦ
1570 1648 1788 1721 δωρεῶν

1971 1185 2170 1240 Verum
2201 1186 2346 1239 dicet
2377 1182 2613 1252 aliquis:
2645 1182 2780 1237 Cum
2813 1199 2913 1238 ens
2958 1199 3120 1254 quam
3174 1184 3302 1248 vita,
3331 1185 3470 1240 vita-

1898 1295 2002 1349 que
2046 1293 2206 1347 quam
2236 1277 2502 1346 sapientia
2535 1277 2695 1329 latius
2733 1285 2935 1345 pateat,
2963 1291 3063 1330 cur
3092 1278 3310 1334 cutibus
3339 1281 3464 1348 qui-

1896 1369 2017 1422 dum
2064 1361 2323 1432 viventia,
2349 1368 2661 1422 viventibus
2687 1382 2817 1421 vero
2859 1368 3146 1432 sensitiva,
3190 1378 3352 1438 atque
3383 1370 3466 1423 his

1898 1461 2206 1524 rationalia,
2235 1471 2289 1514 et
2326 1461 2686 1514 rationalibus
2721 1461 2823 1529 ipsi
2856 1461 3082 1528 spiritus
3111 1461 3464 1524 antecellunt.

1894 1562 1950 1606 et
1995 1554 2138 1606 circa
2181 1552 2348 1606 Deum
2380 1560 2691 1615 versantur,
2737 1550 2922 1622 illique
2951 1553 3125 1621 magis
3173 1551 3466 1621 apprOpin-

1895 1645 2099 1714 quant?
2127 1646 2290 1714 Atqui
2321 1645 2547 1700 decebat
2571 1659 2656 1710 ea,
2696 1660 2817 1712 qua:
2856 1644 3064 1713 majora
3100 1644 3194 1698 Dei
3241 1658 3467 1698 munera

212 1737 508 1808 μετέχοντα
556 1741 648 1793 καὶ
691 1734 971 1811 κρείττονα
1009 1736 1146 1794 εἶναι
1170 1781 1184 1804 ,
1234 1743 1328 1795 καὶ
1374 1741 1483 1794 τῶν
1519 1742 1720 1796 λοιπῶν
1744 1744 1789 1774 ⁵⁸

1939 1737 2328 1806 articipabaut,
2386 1737 2604 1791 caeteris
2674 1751 2891 1805 quoque
2967 1747 3230 1804 prasstare
3304 1746 3467 1806 atque

207 1827 522 1898 ὑπερέχειν.
548 1827 688 1880 Ἀλλ’
718 1830 766 1882 εἰ
805 1829 904 1900 μὲν
940 1830 1163 1884 ὰνοὺσια
1199 1832 1292 1884 καὶ
1320 1831 1472 1896 ἄζωά
1494 1850 1579 1896 τις
1606 1833 1792 1886 ὑπετί-

207 1919 331 1972 θετο
370 1919 442 1972 τὰ
478 1920 661 1991 νοερὰ,
689 1921 869 1985 καλῶς
909 1922 975 1978 ἂν
1015 1919 1159 1994 εἶχεν
1198 1925 1227 1976 ὁ
1269 1923 1458 1992 λόγος·
1504 1925 1553 1978 εἰ
1600 1926 1657 1980 δὲ
1695 1928 1789 1980 καί

205 2012 343 2064 εἰσιν
375 2013 424 2064 οἱ
465 2012 598 2065 θεῖοι
636 2013 753 2076 νόες
797 2014 938 2086 ὑπὲρ
977 2014 1046 2068 τὰ
1087 2015 1248 2069 λοιπὰ
1285 2015 1446 2082 ὄντα,
1489 2019 1582 2071 καὶ
1626 2017 1790 2082 ζῶσιν

207 2100 348 2170 ὑπὲρ
390 2100 459 2154 τὰ
500 2101 638 2155 ἄλλα
676 2101 872 2166 ζῶντα,
919 2106 1010 2158 καὶ
1052 2105 1249 2169 νοοῦσι,
1290 2108 1385 2160 καὶ
1433 2107 1789 2176 γινώσκουσιν

205 2191 347 2260 ὑπὲρ
387 2191 638 2262 αἴσθησιν
671 2195 766 2247 καὶ
804 2195 979 2264 λόγον,
1020 2198 1112 2252 καὶ
1153 2197 1304 2269 παρὰ
1343 2200 1519 2255 πάντα
1555 2201 1623 2254 τὰ
1662 2201 1789 2255 ὄντα

202 2281 298 2333 τοῦ
329 2281 496 2334 καλοῦ
524 2285 617 2338 καὶ
643 2283 846 2353 ἀγαθοῦ
871 2286 1114 2355 ἐφίενται
1150 2288 1246 2341 καὶ
1273 2288 1609 2359 μετέχουσιν,
1639 2292 1790 2346 αὐτοὶ

208 2373 411 2442 μᾶλλόν
454 2375 562 2429 εἰσι
603 2376 730 2446 περὶ
774 2378 1029 2447 τάγαθὸν,
1069 2383 1118 2435 οἰ
1196 2383 1472 2455 περισσῶς
1519 2385 1563 2418 ⁸⁷
1619 2385 1787 2441 αὑτοῦ

207 2465 550 2537 μετέχοντες,
582 2468 676 2523 καὶ
723 2471 940 2535 πλείους
965 2475 1058 2526 καὶ
1074 2477 1290 2546 μείζους
1315 2477 1373 2544 ἐξ
1394 2477 1556 2532 αὑτοῦ
1580 2479 1788 2551 δωρεὰς

203 2557 488 2627 εἰληφότες
508 2575 522 2588 ·
551 2559 740 2630 ὥσπερ
782 2564 876 2616 καὶ
901 2563 968 2616 τὰ
1008 2563 1200 2632 λογικὰ
1221 2567 1266 2597 ⁸⁸
1310 2567 1419 2619 τῶν
1457 2568 1786 2640 αἰσθητικῶν

204 2650 482 2722 ὑπερέχει,
509 2652 936 2708 πλεονεκτοῦντα
959 2659 1024 2727 τῇ
1053 2659 1335 2729 περισσεία
1366 2661 1460 2713 τοῦ
1487 2660 1665 2728 λόγου,
1694 2663 1786 2715 καὶ

201 2737 374 2791 ταῦτα
415 2743 483 2811 τῇ
529 2741 806 2812 αἰσθήσει,
854 2745 948 2797 καὶ
997 2744 1132 2798 ἄλλα
1165 2750 1232 2817 τῇ
1277 2745 1415 2819 ζωῇ.
1463 2750 1572 2802 Καὶ
1615 2750 1782 2814 ἔστιν,

199 2829 275 2893 ὡς
305 2827 501 2902 οἶμαι,
549 2833 706 2886 τοῦτο
763 2835 992 2907 ἀληθὲς,
1029 2838 1110 2891 ὅτι
1162 2839 1231 2892 τὰ
1289 2840 1488 2909 μᾶλλον
1529 2841 1622 2894 τοῦ
1667 2841 1782 2906 ἑνὸς

203 2923 293 2974 καὶ
374 2925 748 2996 ἀπειροδώρου
811 2928 947 2981 Θεοῦ
1022 2931 1315 3002 μετέχοντα
1376 2934 1574 3004 μᾶλλόν
1647 2937 1784 2989 εἰσιν

200 3014 366 3084 αὑτῷ·
399 3015 758 3090 πλησιαίτερα
793 3021 839 3051 δ’
907 3022 1001 3076 καὶ
1047 3021 1291 3095 θειότερα
1337 3024 1445 3078 τῶν
1490 3005 1788 3081 ἀπολειπο3

204 3107 397 3176 μένων.

1892 1829 2238 1886 antecellere.
2268 1827 2325 1882 Id
2353 1828 2541 1898 utique
2579 1837 2729 1882 recte
2765 1826 3062 1894 diceretur,
3105 1828 3156 1882 si
3204 1828 3330 1898 quis
3369 1842 3467 1898 po-

1892 1930 2044 1976 neret
2089 1934 2177 1975 res
2215 1918 2490 1986 spiritales
2517 1929 2573 1973 et
2612 1920 2844 1974 entitate
2875 1928 2930 1973 et
2957 1919 3071 1973 vita
3104 1933 3337 1986 carere;
3371 1933 3467 1973 ve-

1891 2028 2008 2065 rum
2052 2026 2174 2067 cum
2219 2010 2388 2066 divini
2455 2009 2680 2081 spiritus
2709 2010 2938 2065 entitate
2965 2025 3063 2064 sua
3107 2007 3326 2064 exteris
3365 2023 3468 2064 cn-

1891 2105 2032 2158 tiiius
2077 2103 2433 2170 autecellant,
2479 2103 2948 2172 excellentiusque
2990 2103 3177 2156 vivant
3213 2101 3336 2157 aliis
3379 2101 3467 2155 vi-

1889 2195 2164 2263 ventibus,
2201 2202 2258 2250 et
2300 2195 2608 2266 intelligant
2641 2204 3088 2264 cognoscantque
3138 2209 3301 2264 supra
3341 2209 3468 2249 scu-

1887 2303 2005 2343 sum
2035 2301 2099 2343 ac
2138 2287 2432 2351 rationem,
2456 2296 2513 2342 et
2551 2301 2663 2357 pra:
2692 2287 2903 2342 cunctis
2935 2286 3154 2342 cutibus
3179 2285 3465 2356 pulchrum

1885 2389 1940 2433 et
1982 2379 2181 2433 bonum
2211 2387 2468 2448 appetant
2501 2377 2961 2447 participemque,
2989 2376 3094 2430 hoc
3122 2375 3312 2446 utique
3332 2375 3467 2430 vici-

1887 2471 2068 2526 niores
2111 2469 2254 2524 bono
2309 2479 2468 2534 sunt,
2513 2484 2621 2539 quo
2668 2467 2993 2523 luculentius
3038 2465 3166 2522 illud
3218 2467 3448 2536 partici—

1885 2571 2112 2632 pautes,
2160 2561 2342 2632 plures
2381 2560 2547 2616 etiam
2592 2570 2646 2616 et
2681 2561 2978 2629 ampliores
3027 2561 3098 2613 ab
3146 2560 3265 2617 ipso
3310 2558 3468 2613 dotes

1886 2664 2246 2726 acceperunt;
2284 2655 2426 2710 sicut
2456 2654 2621 2708 etiam
2656 2653 2946 2708 rationalia
2977 2651 3263 2708 sensitivis
3304 2663 3465 2707 ante-

1885 2751 2117 2816 cellunt,
2164 2764 2271 2822 quo
2307 2751 2542 2805 uberiori
2581 2749 2792 2803 ratione
2821 2747 3049 2817 pollent,
3091 2747 3166 2804 uti
3197 2756 3253 2802 et
3285 2746 3463 2801 sensi-

1884 2842 1992 2895 tiva
2031 2855 2213 2906 sensu,
2257 2851 2420 2910 atque
2465 2841 2569 2894 alia
2600 2841 2732 2893 vita.
2761 2839 2966 2908 Estque
3008 2841 3135 2902 hoc,
3164 2848 3223 2892 ut
3247 2838 3465 2906 opinor,

1885 2949 2098 2997 verum,
2143 2934 2256 2998 illa,
2302 2949 2423 3002 qua:
2455 2933 2617 2987 unius
2654 2932 2882 2986 inliuitis
2924 2932 3247 2986 muneribus
3287 2931 3466 2982 abun-

1886 3029 2066 3082 dantis
2098 3028 2188 3081 Dei
2219 3027 2390 3096 magis
2415 3025 2768 3095 participant,
2809 3023 3203 3093 pr0pinquiora
3245 3035 3465 3091 quoque

1807 3089 1854 3150 Ο
1885 3121 1988 3192 ipsi
2028 3089 2693 3189 divinioraque-existerc
2734 3089 2825 3170 iisv
2851 3089 2974 3184 quae
3022 3089 3110 3171 bis
3159 3089 3324 3170 rebus
3366 3127 3464 3167 sn-

1889 3219 2168 3278 pereutur.

1765 3327 1792 3399 §
1823 3324 1932 3387 IV.

276 3452 431 3508 Ἑπεὶ
453 3453 512 3508 δὲ
553 3455 648 3508 καὶ
690 3457 817 3527 περὶ
847 3453 1055 3512 τούτων
1096 3458 1344 3530 εἴπομεν,
1371 3461 1504 3535 φέρε
1546 3462 1785 3534 τάγαθὸν

193 3543 267 3609 ὼς
307 3544 480 3610 ὄντως
523 3545 606 3611 ὃν,
649 3548 741 3600 καὶ
782 3548 890 3602 τῶν
948 3549 1115 3605 ὄντων
1174 3553 1428 3608 ἁπάντων
1481 3556 1785 3613 οὑσιοποιὺν

193 3636 618 3709 ἀνυμνήσωμεν.
669 3639 727 3694 Ὁ
767 3638 840 3692 ὢν
880 3641 1002 3695 ὅλου
1045 3641 1318 3698 τοῦέἷναι
1371 3646 1512 3701 κατὰ
1554 3649 1783 3721 δύναμιν

195 3728 518 3800 ὑπερούσιός
564 3732 714 3797 ἐστι,
757 3732 1050 3800 ὑποστάτις
1095 3738 1280 3801 αἰτία,
1324 3739 1419 3793 καὶ
1453 3740 1783 3813 δημιουργὸς

194 3818 362 3884 ὄντος,
389 3821 702 3892 ὑπάρξεως,
726 3824 1096 3891 ὑποστάσεως,
1121 3829 1328 3893 οὐσίας,
1358 3830 1572 3900 φύσεως
1589 3850 1603 3862 ο
1634 3833 1776 3906 ἀρχὴ

195 3913 286 3965 καὶ
323 3912 524 3984 μέτρον
551 3915 763 3970 αἰώνων
781 3935 795 3948 ·
830 3919 924 3972 καὶ
950 3921 1156 3991 χρόνων
1179 3922 1402 3996 όντότης
1425 3924 1492 3990 ⁸⁸,
1522 3927 1617 3980 καὶ
1643 3927 1776 3980 αἰὼν

193 4005 300 4060 τῶν
321 4007 494 4062 ὄντων
515 4026 528 4042 ·
546 4009 737 4080 χρόνος
760 4011 868 4066 τῶν
887 4013 1202 4086 γινομένων,
1222 4015 1282 4071 τὸ
1299 4011 1438 4072 εἶναι
1459 4021 1572 4084 τοῖς
1594 4022 1777 4074 ὁπωσ-

194 4096 287 4150 οῦν
326 4095 468 4164 οὖσι,
508 4101 726 4170 γένεσις
753 4107 864 4168 τοῖς
903 4105 1151 4161 ὁπωσοῦν
1188 4109 1510 4179 γινομένοις.
1550 4111 1645 4164 Ἐκ
1682 4110 1778 4165 τοῦ

193 4185 362 4252 ὄντος,
400 4188 560 4254 αἰὼν,
593 4193 687 4245 καὶ
727 4192 904 4258 οὐσία,
949 4197 1041 4250 καὶ
1069 4197 1148 4262 ὃν,
1182 4199 1274 4252 καὶ
1305 4198 1514 4268 χρόνος,
1551 4203 1647 4256 καὶ
1681 4202 1775 4272 γέ·-

192 4293 356 4345 νεοις,
389 4281 486 4335 καὶ
522 4283 838 4355 γινόμενον·
885 4287 955 4341 τὰ
999 4290 1055 4341 ὲν
1086 4291 1198 4352 τοῖς
1233 4285 1384 4345 οῦσιν
1407 4293 1450 4323 ⁶¹
1485 4293 1635 4358 ὄντα,
1685 4295 1778 4348 καὶ

191 4369 260 4422 τὰ
287 4373 542 4426 ὁπωσοῦν
586 4374 918 4446 ὑπάρχοντα,
962 4379 1054 4430 καὶ
1095 4379 1401 4448 ὑφεστῶτα.
1434 4383 1544 4438 Καὶ
1574 4384 1701 4456 γὰρ,
1747 4387 1776 4440 ό

192 4461 322 4525 Θεὸς
350 4462 411 4516 οῦ
443 4463 563 4527 πώς
584 4466 732 4519 ἐστιν
760 4465 856 4530 ὢν,
881 4467 994 4521 ἀλλ’
1019 4469 1205 4536 ἁπλῶς
1231 4475 1325 4527 καὶ
1354 4474 1772 4548 ἀπεριορίστως,

192 4552 309 4638 ὄλον
338 4556 399 4606 ὲν
441 4555 622 4626 ἑαυτῷ
645 4556 705 4609 τὸ
730 4554 868 4612 εἶναι
906 4561 1242 4634 συνειληφὼς
1274 4565 1369 4619 καὶ
1397 4565 1739 4638 προειληφώς
1757 4585 1771 4598 ·

191 4637 268 4690 διὸ
308 4641 403 4693 xai
445 4639 703 4709 βασιλεὺς
740 4643 955 4714 λέγεται
997 4649 1104 4702 τῶν
1143 4651 1372 4718 αἰώνων,
1411 4655 1488 4719 ὼς
1523 4657 1580 4710 ὲν
1610 4637 1775 4728 αὐτῷ

191 4731 282 4782 καὶ
305 4733 437 4803 περί
476 4732 644 4787 αὑτὸν
687 4737 888 4801 παντὸς
916 4738 1008 4793 τοῦ
1037 4737 1176 4794 εἶναι
1212 4744 1306 4796 καὶ
1337 4744 1490 4808 ὄντος
1519 4747 1611 4800 καὶ
1639 4748 1774 4816 ὑφε-

192 4822 452 4891 πηκότος
476 4823 546 4887 ⁶²,
585 4825 682 4879 καὶ
722 4826 847 4881 οὔτε
883 4825 971 4901 ἦν,
1011 4831 1133 4886 οὔτε
1163 4833 1336 4898 ἔσται,
1370 4836 1492 4888 οὔτε
1537 4838 1774 4906 ἐγένετο,

189 4909 309 4964 οὔτε
335 4913 574 4981 γίνεται,
594 4913 716 4968 οὔτε
742 4921 1025 4990 γενήσεται
1044 4923 1108 4988 ⁸³,
1138 4923 1334 4994 μᾶλλον
1363 4925 1419 4977 δὲ
1447 4925 1568 4978 οὔτε
1596 4928 1774 4982 ἐστίν’

191 5002 299 5055 ἀλλ’
326 5003 495 5068 αὑτός
525 5006 643 5059 ἐστι
693 5007 756 5061 τὸ
797 5006 934 5065 εἶναι
975 5015 1087 5077 τοῖς
1127 5010 1276 5067 οὖσιο
1311 5016 1406 5068 καὶ
1444 5016 1504 5068 οὑ
1548 5016 1616 5070 τὰ
1647 5017 1778 5073 ὄντα

194 5091 368 5159 μόνον,
411 5093 557 5148 ἀλλὰ
597 5097 693 5150 καὶ
737 5097 869 5153 αὐτὸ
901 5101 964 5154 τὸ
1016 5099 1154 5157 εἶναι
1197 5103 1307 5157 τῶν
1338 5105 1527 5171 ὄντων,
1573 5109 1640 5160 ἐκ
1680 5110 1776 5163 τοῦ

193 5187 535 5252 προαιωνίως
548 5187 721 5252 ὄντος·
739 5189 898 5255 αὐτὸς
919 5187 1027 5264 γάρ
1044 5195 1192 5248 ἐστιν
1209 5197 1239 5248 ὁ
1258 5194 1390 5251 αἰὼν
1407 5197 1518 5252 τῶν
1537 5199 1770 5265 αἰώνων,

189 5277 217 5328 ὁ
241 5279 509 5353 ὑπάρχων
530 5281 640 5354 πρὸ
659 5282 768 5336 τῶν
791 5282 1022 5340 αἰώνων.

1959 3466 2226 3534 Quoniam
2263 3482 2396 3524 vero
2419 3469 2589 3525 etiam
2613 3467 2682 3524 de
2709 3466 2796 3524 his
2824 3467 3200 3532 disseruimus,
3230 3468 3460 3536 agedum
3491 3519 3498 3524 .

1885 3558 2171 3614 laudemus
2203 3559 2430 3623 bonum,
2457 3569 2718 3628 tauquam
2747 3574 2876 3616 vere
2904 3561 3170 3623 existens,
3197 3567 3252 3612 et
3281 3573 3460 3612 rerum

1885 3650 2130 3704 omnium
2174 3649 2508 3706 substantias
2556 3651 2816 3707 elliciens.
2867 3651 2972 3720 Qui
3018 3661 3141 3708 eat.
3191 3649 3464 3703 universa:

1883 3739 2136 3794 essentia:
2182 3739 2458 3809 possibilis
2499 3743 2942 3812 supernaturalis
2990 3756 3156 3797 causa
3207 3741 3488 3804 ευιιειιιιιο,

1886 3831 2032 3888 tialis
2057 3831 2268 3899 existit,
2295 3844 2352 3888 ct
2385 3832 2615 3889 cﬂ‘ectnr
2643 3835 2807 3900 entis,
2833 3833 3164 3897 existentize,
3188 3845 3462 3902 personae,

1884 3928 2224 3994 substantiae,
2255 3935 2494 3993 naturis;
2543 3928 2953 3999 principium'et
2988 3941 3248 3982 mensura
3281 3940 3458 3979 saecu-

1884 4020 2092 4088 lorum,
2133 4028 2191 4075 et
2250 4030 2554 4089 temporum
2609 4021 2842 4084 entitas,
2887 4028 2943 4073 et
2988 4019 3192 4072 entium
3251 4033 3464 4082 navum,

1885 4121 2100 4182 tempus
2127 4125 2315 4168 eorum
2352 4124 2469 4178 qua:
2499 4110 2668 4177 ﬁunt,
2701 4124 2824 4166 esse
2839 4107 2904 4164 iis
2935 4125 3054 4181 quae
3083 4110 3462 4181 quoquomodo

1884 4205 2318 4274 sunt.generatio
2342 4204 2728 4274 quoquomodo
2761 4201 2980 4273 genitis.
3012 4202 3088 4255 Ex
3119 4216 3185 4254 eo
3216 4200 3306 4270 qui
3351 4210 3460 4262 est.

1810 4323 1854 4378 Β
1881 4290 2048 4363 429
2078 4307 2276 4357 aevum,
2306 4301 2360 4346 et
2392 4293 2728 4356 substantia,
2773 4299 2827 4344 et
2869 4291 3184 4352 cxistcntia,
3227 4298 3284 4342 et
3325 4298 3463 4378 tein-

1881 4361 2023 4456 pus,
2047 4395 2103 4440 et
2144 4386 2448 4455 generatio,
2492 4393 2548 4440 et
2595 4385 2742 4456 quod
2788 4383 3051 4453 gignitur.
3097 4383 3194 4438 Est
3237 4397 3300 4436 ea
3342 4361 3462 4452 quae

1883 4483 2032 4543 sunt,
2062 4477 2115 4530 in
2150 4477 2216 4531 iis
2243 4492 2364 4546 quae
2391 4485 2538 4542 sunt,
2563 4487 2620 4532 et
2646 4494 2768 4548 quae
2799 4494 3127 4549 quocunque
3161 4479 3320 4534 modo
3347 4479 3462 4534 exi-

1884 4578 2064 4631 stunt,
2111 4577 2165 4622 et
2211 4583 2331 4637 quae
2380 4583 2479 4638 per
2535 4584 2594 4624 se
2645 4571 2910 4626 existunt.
2963 4572 3104 4625 Deus
3155 4572 3300 4624 enim
3351 4586 3460 4624 non

1882 4661 2078 4728 quovis
2101 4661 2258 4714 modo
2283 4670 2366 4713 est
2392 4675 2510 4728 eus,
2543 4660 2639 4716 sed
2683 4658 3006 4730 simpliciter
3032 4671 3086 4717 et
3128 4661 3340 4715 inﬁnite
3375 4671 3459 4714 to-

1883 4760 1998 4806 tum
2041 4765 2163 4805 esse
2215 4753 2268 4807 in
2315 4767 2374 4808 se
2419 4755 2626 4822 pariter
2669 4754 2987 4821 complexus
3024 4764 3079 4808 et
3113 4753 3459 4823 anticipaus;

1881 4846 2233 4914 quamobrem
2260 4845 2422 4901 etiam
2453 4846 2570 4900 Rex
2603 4847 2924 4901 saeculorum
2960 4845 3292 4909 nominatur,
3323 4855 3382 4898 ut
3408 4845 3460 4897 in

1880 4950 1992 5002 quo
2015 4945 2069 4990 et
2104 4950 2272 5004 penes
2304 4951 2464 5006 quem
2495 4935 2782 5005 cujuslibet
2809 4949 2930 4988 esse
2959 4943 3014 4988 et
3049 4935 3119 4987 sit
3145 4942 3200 4986 et
3225 4941 3460 4994 constet,

1883 5032 1938 5077 ct
1963 5023 2016 5076 in
2040 5037 2147 5091 quo
2172 5037 2272 5078 nec
2297 5032 2439 5087 erat,
2470 5041 2568 5078 ucc
2592 5024 2718 5090 erit,
2747 5037 2919 5092 neque
2942 5021 3143 5077 factum
3163 5033 3266 5085 est,
3284 5037 3462 5089 neque

1884 5114 1962 5178 fit,
1996 5131 2170 5185 neque
2199 5116 2306 5182 ﬁet,
2333 5117 2443 5171 imo
2468 5133 2565 5172 nec
2594 5126 2704 5181 est;
2735 5118 2828 5170 sed
2858 5117 2973 5184 ipse
2997 5123 3080 5170 est
3106 5129 3228 5170 esse
3258 5115 3455 5173 rebus:

1880 5213 1936 5257 et
1965 5221 2070 5259 non
2109 5216 2315 5262 tantum
2343 5223 2406 5261 ea
2442 5224 2561 5274 qua:
2593 5215 2741 5271 sunt,
2767 5206 2859 5261 sed
2893 5207 3070 5274 ipsqu
3097 5193 3218 5260 esse
3248 5219 3459 5266 rerum,

1881 5309 1946 5348 cx
1989 5308 2304 5364 praeaeterno
2328 5309 2488 5366 ente;
2527 5300 2644 5368 ipse
2681 5299 2827 5353 enim
2868 5307 2952 5352 est
2977 5313 3151 5352 aevum
3195 5311 3456 5363 amorum,

1882 5387 2127 5444 existens
2153 5401 2277 5446 ante
2305 5407 2469 5446 omne
2494 5407 2691 5447 aevum.

1475 5535 1711 5593 VARL‘E
1749 5540 2159 5598 LECTIONES.

254 5666 299 5696 ⁵⁸
321 5666 757 5744 ἐκφαντορικήνῂ,
870 5667 934 5744 ΔΡ.
1012 5670 1634 5744 Δδῖςζιττερεκτεινοριὲνης
1657 5711 1669 5732 ,
1702 5671 1756 5724 S.
1787 5673 1847 5728 P.
1876 5675 1937 5730 D.
2046 5676 2092 5706 ⁸⁸
2121 5674 2230 5728 τῶν
2258 5674 2474 5744 λογίων,
2510 5675 2564 5729 S.
2600 5677 2693 5730 sed
2721 5675 2932 5744 vitiose,
2965 5673 3178 5744 opinor.
3283 5674 3327 5705 ⁸⁷
3362 5675 3454 5726 καὶ

191 5735 636 5836 ὑπερπεριὲζσῶς.
666 5738 749 5856 0⁵⁸
774 5738 840 5789 τὰ
870 5738 1049 5792 λοιπά.
1075 5739 1134 5792 Μ.
1162 5735 1252 5794 δέ,
1327 5741 1370 5772 ⁵³⁸
1401 5735 1795 5813 πλὴσιέστερχ,
1820 5744 1885 5800 Μ.
1967 5747 2012 5777 σθ
2035 5735 2434 5814 ὀντοτήςΝίειι.
2459 5735 2471 5742 ’
2513 5747 2554 5778 ⁸⁸
2592 5744 2684 5799 ἐπὶ
2711 5748 2826 5807 τοῖς
2855 5735 3132 5809 οὗσι,8.Ρ.
3213 5745 3256 5775 ⁶³
3289 5744 3453 5810 ὑφεσ·

191 5821 372 5856 ςιυτοε.
524 5823 654 5856 γεντ
702 5809 906 5856 Metui.
952 5813 1011 5856 \z-

191 5821 372 5870 ςωτος.
458 5821 504 5836 υθ
524 5821 906 5877 γενηυησεται,
952 5821 1011 5862 \i.
