3742 6306
293 325 400 384 819
1472 333 1532 389 8.
1571 332 1778 401 DIONY
1787 332 1854 390 δι’

2048 334 2373 392 ΟΡΑΟΙΤᾸΞ

1824 474 1963 548 sv.

364 615 542 673 Altius
583 614 767 685 itaque
813 626 1147 687 repetentes,
1191 617 1478 685 dicamus,
1531 619 1697 675 rebus
1744 634 1868 674 om-
1899 625 1947 681 Α

3482 342 3590 398 830

2054 609 2441 688 Ἀναλαϐὁντες
2477 619 2573 681 οὖν
2615 626 2881 699 εἴπωμεν,
2906 629 2991 682 δτι
3017 628 3156 681 πᾶσι
3182 628 3298 692 τοῖς
3338 622 3400 681 οὗ
3410 643 3470 679 σι
3496 632 3594 684 καὶ

289 709 455 763 nibus
476 718 533 764 et
559 709 714 775 aevis,
742 710 916 780 ipsum
944 725 1065 767 esse
1094 713 1163 768 ab
1187 726 1253 768 eo
1277 712 1370 782 qui
1402 712 1728 782 pmexstitit
1751 714 1873 769 exi-

286 812 453 857 atere.
494 802 680 874 Atque
722 818 886 858 omne
932 805 1154 874 quidem
1193 820 1369 860 aevum
1417 820 1482 860 ac
1538 815 1752 874 tempus
1801 821 1869 860 ex

284 893 427 964 ipso,
453 895 635 949 omnis
660 910 791 950 vero
820 895 920 951 arvi
948 911 1013 951 ac
1038 900 1324 970 temporis,
1350 899 1538 969 reique
1573 899 1873 971 cujuslibet

283 980 616 1053 principium
662 995 726 1037 ac
758 997 926 1039 causa
958 985 1003 1040 is
1036 994 1120 1041 est
1149 988 1241 1057 qui
1277 987 1610 1057 prmexistit;
1650 996 1706 1043 et
1735 1005 1873 1044 cun-

282 1082 371 1126 cta
406 1072 583 1142 ipsum
624 1073 974 1145 participant,
1014 1084 1071 1130 et
1104 1090 1135 1131 a
1181 1075 1330 1131 nullo
1367 1077 1578 1132 entium
1627 1079 1869 1144 recedit;

280 1175 338 1221 ct
386 1165 503 1236 ipse
533 1176 619 1223 est
647 1178 776 1223 ante
817 1170 1025 1232 omnia,
1058 1175 1112 1224 et
1142 1169 1399 1225 universa
1451 1170 1505 1224 in
1542 1170 1658 1238 ipso
1688 1171 1870 1225 consi-

280 1269 457 1327 stunt,
481 1269 538 1315 et
582 1259 931 1330 simpliciter.
960 1262 1007 1316 si
1035 1262 1165 1332 quid
1203 1264 1616 1333 quomodolibet
1657 1264 1869 1329 existit,

281 1349 338 1405 in
373 1350 491 1421 ipso
520 1360 763 1422 prazente
796 1362 907 1406 tum
939 1362 1048 1417 est,
1079 1361 1193 1409 tum
1227 1354 1579 1425 intelligitur,
1612 1355 1726 1411 tum
1758 1358 1870 1411 sal-

280 1453 477 1509 vatur;
514 1454 571 1500 et
610 1452 742 1500 ante
783 1443 924 1500 alias
964 1446 1084 1515 ejus
1127 1448 1581 1518 participationes
1626 1466 1871 1521 praesup.

280 1536 503 1602 ponitur
532 1537 711 1607 ipsum
749 1553 897 1603 esse,
918 1546 976 1593 et
1005 1550 1089 1594 est
1122 1542 1300 1611 ipsum
1343 1558 1439 1612 per
1464 1558 1525 1599 se
1558 1558 1686 1601 esst:
1726 1545 1871 1601 anti-

278 1628 468 1697 quius,
491 1643 657 1698 quam
687 1643 812 1686 esse
841 1645 940 1700 per
980 1645 1041 1687 se
1071 1633 1238 1688 vitam
1258 1675 1274 1701 ,
1313 1643 1369 1690 et
1399 1651 1497 1705 per
1540 1650 1601 1691 se
1642 1636 1867 1707 sapien-

282 1722 438 1788 tiam,
465 1731 520 1777 et
561 1736 660 1793 per
681 1738 743 1779 se
774 1724 1186 1783 similitudinem
1223 1727 1487 1793 divinam,
1517 1738 1574 1785 et
1610 1746 1871 1801 quincun-

276 1828 391 1883 que
430 1815 539 1871 alia
580 1817 981 1888 participantur
1018 1820 1087 1875 ab
1134 1820 1202 1877 iis
1234 1836 1357 1893 quae
1395 1834 1548 1890 sunt,
1591 1836 1718 1881 ante
1754 1842 1869 1881 om-

1973 717 2089 779 τοῖς
2130 716 2292 771 αἰῶσι
2324 717 2388 772 τὸ
2416 713 2559 772 εἶναι
2603 718 2758 790 παρὰ
2781 719 2876 772 τοῦ
2910 719 3171 791 προόντος
3197 720 3262 776 ⁸⁸.
3307 722 3425 775 Καὶ
3481 725 3593 785 πᾶς

1976 805 2078 877 μὲν
2105 805 2246 861 αἰὼν
2279 808 2377 862 καὶ
2401 808 2593 881 χρόνος
2622 809 2682 875 ἐξ
2707 809 2896 873 αὑτοῦ,
2926 810 3130 874 παντὸς
3163 811 3222 864 δὲ
3250 813 3349 866 καὶ
3377 812 3587 876 αἰῶνος

1974 901 2069 955 καὶ
2099 900 2318 972 χρόνου,
2344 903 2441 956 καὶ
2468 901 2671 967 παντὸς
2690 903 2940 957 ὁπωσοῦν
2964 904 3138 969 ὄντος,
3170 906 3199 959 ὁ
3226 905 3418 977 προὼν
3439 907 3591 977 ἀρχὴ

1973 993 2068 1047 καὶ
2111 994 2262 1049 αιτια
2285 1010 2299 1025 ·
2341 995 2438 1049 καὶ
2480 995 2661 1050 πάντα
2707 996 2873 1050 αὑτοῦ
2921 997 3173 1068 μετέχει,
3222 998 3319 1052 καὶ
3366 998 3592 1062 οὐδενὸς

1971 1086 2083 1141 τῶν
2111 1087 2282 1142 ὄντων
2311 1088 2649 1143 ἀποστατεῖ·
2693 1090 2789 1143 καὶ
2827 1090 2991 1154 αὐτός
3025 1092 3144 1144 ἐστι
3184 1091 3289 1163 πρὸ
3338 1092 3588 1154 πάντων,

1971 1181 2066 1234 καὶ
2092 1178 2163 1233 τὰ
2192 1181 2372 1236 πάντα
2409 1182 2469 1235 ὲν
2497 1180 2647 1251 αὑτῷ
2675 1180 2975 1253 συνέστηκε
3002 1199 3016 1212 ·
3060 1184 3157 1239 καὶ
3193 1182 3406 1245 ἁπλιῖις,
3438 1180 3501 1234 ετ
3538 1197 3591 1233 τι

1970 1272 2219 1326 ὁπωσοῦν
2248 1275 2417 1338 ἐστιν,
2448 1275 2508 1328 ὲν
2542 1272 2622 1344 τῷ
2656 1273 2880 1345 προόντι
2907 1275 3003 1328 καὶ
3030 1274 3168 1339 ἐστι,
3213 1275 3307 1328 καὶ
3347 1274 3592 1327 ἐπινοεῖ-

1968 1382 2082 1427 ται,
2110 1365 2206 1419 κα)⁸
2249 1364 2511 1430 adigant“
2543 1367 2638 1421 καὶ
2685 1366 2792 1438 πρὸ
2835 1367 2948 1421 τῶν
2981 1368 3157 1423 ἄλλων
3198 1366 3369 1422 αὑτοῦ
3418 1383 3590 1437 μετο-

1971 1459 2084 1530 χῶν
2110 1460 2155 1491 ”
2196 1459 2259 1513 τὸ
2303 1456 2443 1515 εἶναι
2493 1461 2891 1533 προϐέϐληται·
2933 1461 3032 1515 καὶ
3080 1460 3230 1514 ἔστιν
3272 1461 3411 1514 αὑτὸ
3462 1461 3589 1515 καο’

1970 1548 2104 1603 αὑτὸ
2134 1549 2197 1603 τὸ
2239 1545 2380 1605 εἶναι
2413 1551 2788 1623 πρεσϐύτερον
2817 1551 2915 1605 τοῦ
2949 1550 3232 1621 αὑτοζωὴν
3273 1547 3441 1616 εἶναι,
3493 1554 3590 1604 καὶ

1970 1645 2301 1715 αὑτοσοφίαν
2330 1641 2489 1711 εἶναι,
2522 1647 2617 1700 καὶ
2648 1646 3080 1717 αὑτοομοιότητα
3110 1644 3263 1699 θείαν
3289 1639 3460 1707 εἶναι,
3494 1646 3589 1696 καὶ

1968 1737 2039 1792 τὰ
2070 1737 2206 1793 ἄλλα
2232 1739 2375 1791 ὅσων
2400 1737 2469 1791 τὰ
2508 1736 2638 1792 ὄντα
2666 1737 2982 1808 μετέχοντα,
3009 1735 3115 1806 πρὸ
3150 1735 3373 1789 πάντων
3400 1735 3588 1788 αὐτῶν

1968 1827 2063 1882 τοῦ
2118 1824 2258 1904 εἶναι
2309 1828 2558 1900 μετέχειο
2604 1827 2803 1900 μᾶλλον
2848 1828 2905 1881 δὲ
2952 1831 3048 1881 καὶ
3094 1826 3234 1880 αὑτὰ
3270 1826 3398 1879 καθ’
3440 1826 3586 1879 αὐτὰ

279 1920 408 1962 nem
456 1907 540 1964 sui
608 1910 1086 1982 participationem
1148 1914 1487 1987 participant
1544 1933 1704 1987 esse;
1757 1919 1854 1976 imc

2045 1940 2169 1985 ιντα,
2202 1916 2278 1976 ὧν
2298 1921 2369 1975 τὰ
2400 1922 2530 1976 ὄντα
2570 1921 2808 1994 μετέχει,
2837 1921 2934 1974 τοῦ
2968 1920 3100 1974 αὑτὸ
3128 1919 3252 1973 καθ’
3277 1921 3417 1974 αύτὸ
3432 1913 3582 1973 εἶναι

276 2012 410 2053 vero
436 1999 602 2054 etiam
651 2000 766 2071 ipsa
812 2003 1112 2059 secundum
1158 2020 1281 2076 quae
1329 2018 1461 2062 sunt
1493 2008 1703 2073 omnia,
1747 2025 1867 2078 quin

277 2088 349 2145 ab
377 2089 445 2145 iis
471 2105 594 2160 qua:
635 2102 767 2147 sunt
809 2094 1233 2166 participantur,
1282 2098 1457 2168 ipsum
1502 2115 1600 2170 per
1638 2116 1701 2157 se
1743 2117 1868 2158 esse

278 2182 639 2252 participant;
675 2194 728 2240 et
781 2187 919 2243 nihil
966 2197 1081 2254 est,
1123 2190 1281 2255 cuius
1315 2192 1491 2261 ipsum
1524 2208 1625 2263 per
1653 2208 1714 2250 se
1744 2209 1868 2251 esse

273 2290 384 2331 non
409 2276 484 2332 sit
508 2280 745 2335 essentia
774 2289 829 2335 et
873 2297 1074 2338 aevum.
1108 2281 1254 2339 Deus
1300 2283 1472 2354 igitur
1506 2302 1629 2342 cum
1672 2288 1764 2353 sit,
1809 2300 1869 2342 ut

272 2382 705 2428 consentaneum
737 2385 844 2441 est,
887 2376 1142 2434 omnibus
1178 2378 1305 2434 aliis
1353 2380 1526 2452 magis
1570 2382 1869 2452 principia-

274 2461 367 2526 lis,
408 2463 480 2519 ab
521 2465 837 2536 antiquiore
879 2468 1027 2524 dono
1058 2484 1159 2526 suo
1208 2471 1464 2528 laudatur
1510 2482 1569 2528 ut
1614 2487 1745 2540 ens;
1792 2476 1870 2530 si-

274 2554 494 2623 quidem
526 2557 679 2625 prius
719 2573 843 2615 esse
877 2568 935 2615 et
963 2562 1331 2620 excellentius
1373 2580 1495 2623 esse
1536 2582 1662 2623 cum
1708 2570 1865 2640 prius

274 2645 478 2702 habeat
504 2658 560 2704 et
585 2650 946 2710 excellentius
976 2653 1197 2722 habeat,
1232 2656 1386 2727 prius
1418 2657 1548 2714 fecit
1571 2675 1697 2715 esse
1720 2664 1865 2733 quod

275 2748 381 2804 cst,
411 2740 613 2812 ipsum,
644 2744 892 2814 inquam,
918 2761 1018 2816 per
1046 2763 1108 2804 se
1133 2764 1278 2815 esse,
1302 2760 1367 2819 et"
1380 2766 1476 2822 per
1506 2753 1681 2824 ipsum
1706 2769 1869 2812 omne

274 2828 421 2895 quod
478 2832 985 2903 quomodocunque
1033 2845 1151 2904 est,
1194 2841 1431 2897 existere
1494 2842 1646 2900 fecit.
1699 2845 1865 2917 Atqui

271 2919 543 2992 principia
568 2938 761 2979 eorum
807 2942 931 2998 qua:
961 2939 1114 2996 sunt,
1140 2932 1326 2987 omnia
1355 2935 1689 3005 participant
1716 2952 1863 3004 esse.

271 3018 327 3066 ct
356 3022 507 3078 sunt,
522 3024 577 3070 et
594 3015 859 3089 principia
887 3031 1038 3087 sunt,
1065 3032 1122 3077 et
1146 3024 1383 3094 primum
1420 3038 1571 3094 sunt,
1596 3038 1651 3084 et
1680 3040 1866 3101 postea

274 3103 545 3175 principia
568 3117 716 3163 sunt.
740 3111 803 3164 Et
826 3111 871 3166 si
901 3113 986 3169 vis
1007 3115 1336 3185 viventium,
1355 3131 1628 3190 quatenus
1650 3126 1864 3193 vivunt,

272 3195 601 3267 principium
616 3201 797 3286 dicere
816 3218 994 3278 per'se
1012 3207 1202 3276 vitam;
1218 3220 1275 3266 et
1296 3211 1582 3282 similium,
1597 3225 1868 3285 quatenus

1974 2015 2225 2088 μετέχειο
2261 2016 2358 2069 καὶ
2397 2014 2551 2069 οὑδέν
2590 2017 2740 2069 ἐστιν
2774 2014 2854 2079 ὃν,
2879 2010 2941 2069 οὗ
2983 2015 3058 2087 μὴ
3098 2014 3247 2068 ἐστιν
3289 2015 3457 2068 οὐσία
3490 2016 3583 2069 καὶ

1969 2105 2104 2160 αἰὼν
2125 2107 2187 2159 τὸ
2222 2106 2355 2160 αὑτὸ
2384 2101 2542 2159 εἶναι.
2569 2107 2796 2160 Πάντων
2819 2100 2915 2159 οὖν
2942 2104 3168 2170 εἰκότως
3190 2107 3237 2137 ⁸⁸
3257 2105 3370 2159 τῶν
3402 2106 3583 2159 ἄλλων

1969 2195 2446 2270 ἀρχηγικώτερον,
2477 2197 2554 2262 ὡς
2578 2195 2674 2262 ὢν,
2710 2198 2741 2250 ὁ
2768 2196 2902 2261 Θεὸς
2951 2198 3016 2250 ἐκ
3053 2197 3154 2268 τῆς
3194 2197 3581 2269 πρεσϐυτέρας

1967 2288 2080 2344 τῶν
2107 2289 2283 2345 ἄλλων
2311 2288 2477 2343 αὑτοῦ
2509 2289 2731 2362 δωρεῶν
2771 2289 3061 2361 ὑμνεῖται·
3090 2290 3186 2343 καὶ⁸
3221 2289 3335 2361 γὰρ
3362 2290 3426 2343 τὸ
3451 2307 3583 2360 προ-

1969 2387 2108 2440 εῖναι
2138 2384 2232 2438 καὶ
2277 2384 2561 2455 ὑπερεῖναι
2590 2383 2840 2455 προέχων
2872 2384 2966 2436 καὶ
2996 2382 3372 2453 ὑπερέχων,τὸ
3412 2378 3560 2437 εἶναι

1970 2478 2078 2530 πᾶν
2104 2475 2171 2539 ³⁷,
2205 2474 2340 2528 αὑτὸ
2379 2492 2521 2546 φημι
2568 2473 2692 2528 καθ’
2735 2473 2868 2529 αὑτὸ
2934 2473 2997 2527 τὸ
3036 2470 3580 2545 εἴναι.προῦπεστή-

1972 2587 2123 2634 σατο,
2166 2569 2263 2624 καὶ
2305 2567 2386 2639 τῷ
2434 2563 2573 2620 εἶναι
2615 2565 2764 2638 αὑτῷ
2799 2567 2907 2620 πᾶν
2941 2565 3004 2620 τὸ
3043 2565 3298 2619 ὁπωσοῦν
3338 2565 3403 2619 ὃν
3443 2566 3581 2619 ὑπε-

1972 2665 2226 2735 στήσατο.
2270 2663 2381 2716 Kal.
2421 2662 2554 2731 γοῦν
2580 2662 2636 2715 αἱ
2665 2659 2831 2732 ἀρχαὶ
2872 2660 2983 2714 τῶν
3028 2659 3198 2714 ὄντων
3239 2660 3437 2723 πᾶσαι,
3483 2657 3579 2712 τοὺ

1969 2750 2111 2808 εἶναι
2144 2753 2487 2826 μετέχουσαι,
2515 2754 2609 2808 καί
2635 2755 2764 2818 εἰσι,
2795 2754 2890 2807 καὶ
2928 2753 3095 2825 ἀρχαί
3122 2754 3251 2817 εἱσι,
3299 2754 3397 2806 καὶ
3426 2750 3582 2823 πρῶ-

1968 2847 2060 2903 τόν
2084 2850 2243 2914 εἰσιν,
2274 2848 2464 2901 ἔπειτα
2496 2847 2663 2920 ἀρχαι
2708 2849 2836 2902 εἰσι.
2860 2848 2970 2901 Καὶ
3000 2850 3049 2902 εἰ
3085 2846 3265 2918 βούλει
3290 2846 3404 2900 τῶν
3438 2844 3580 2911 ζὼνι

1968 2959 2099 3007 των,
2135 2941 2212 3006 ὡς
2249 2940 2490 3006 ζώντων,
2536 2941 2714 3014 ἀρχὴν
2758 2941 2923 3011 φάναι
2965 2941 3067 3011 τὴν
3117 2938 3439 3012 αὑτοζωήψ
3482 2938 3580 2991 καὶ

1967 3033 2080 3092 τῶν
2120 3032 2342 3107 ὁμοίων,
2370 3034 2447 3099 ὡς
2473 3034 2695 3105 ὁμοίων,
2723 3034 2822 3106 τὴν
2846 3032 3274 3105 αὑτοομοιὸτητα
3292 3049 3307 3063 ο
3343 3031 3442 3085 καὶ
3466 3031 3577 3085 τῶν

1971 3130 2288 3204 ἡνωμένων,
2316 3129 2393 3194 ὡς
2425 3129 2741 3200 ήνωμένων,
2781 3128 2881 3200 τὴν
2920 3126 3278 3183 αὑτοένωσινο
3320 3127 3418 3179 καὶ
3462 3124 3576 3179 τῶν

1969 3222 2341 3296 τεταγμένων,
2369 3220 2445 3285 ὡς
2468 3222 2835 3292 τεταγμένων,
2865 3220 2965 3292 τὴν
2998 3220 3286 3284 αὑτὸταξιν
3304 3235 3318 3249 σ
3342 3220 3439 3272 καὶ
3463 3220 3574 3271 τῶν

271 3287 475 3345 similia
499 3302 648 3361 sunt,
679 3310 778 3366 per
807 3312 866 3353 se
886 3298 1335 3371 similitudinem;
1374 3316 1426 3362 et
1459 3308 1854 3381 copulatorum,

2045 3287 2157 3371 to;
2184 3316 2286 3370 ὅσα
2326 3313 2547 3385 τοῦδεῆ
2591 3287 2770 3378 esse,
2810 3313 2843 3385 ἢ
2885 3287 3231 3386 ἀμφοτέρων,
3279 3312 3314 3384 ἢ
3358 3312 3572 3366 πολλῶν

268 3389 543 3472 quatenus
579 3387 828 3456 copulata
882 3404 1034 3459 sunt,
1079 3409 1177 3463 per
1220 3410 1283 3451 se
1334 3398 1771 3472 copulationem;
1806 3414 1863 3460 et

269 3469 675 3558 ordinatorum,
715 3487 991 3547 quatenus
1031 3482 1287 3537 ordinata
1318 3496 1469 3553 sunt,
1503 3503 1601 3558 per
1622 3504 1682 3545 se
1712 3469 1862 3546 ordi-

275 3568 585 3637 nationem;
616 3580 673 3627 et
700 3572 955 3631 similiter
983 3575 1035 3630 in
1067 3577 1212 3641 aliis,
1251 3594 1594 3650 quaecunque
1622 3582 1728 3639 hoc
1768 3594 1861 3640 aut

270 3656 431 3725 illud,
470 3669 565 3715 aut
602 3673 918 3735 utrumque,
947 3674 1042 3720 aut
1083 3667 1251 3724 multa
1295 3669 1464 3742 43o
1503 3674 1858 3748 participant,

271 3760 330 3807 et
362 3752 467 3811 hoc
495 3763 590 3811 aut
622 3756 778 3825 illud,
806 3759 890 3815 vel
917 3771 1211 3834 utrumque
1246 3774 1340 3819 aut
1372 3766 1543 3823 multa
1576 3779 1701 3825 sunt
1734 3785 1861 3842 par-

266 3848 518 3921 ticipata,
560 3854 825 3925 reperies,
870 3873 971 3933 per
998 3871 1059 3915 se
1096 3859 1574 3933 participationes,
1616 3867 1853 3935 primum

260 3942 604 4014 participare
644 3961 790 4013 esse,
828 3960 886 4004 et
927 3950 1007 4006 sic
1046 3951 1282 4021 primum
1330 3968 1452 4011 esse
1493 3959 1643 4027 quod
1687 3972 1850 4028 sunt,

1968 3410 2284 3486 μετέχοντα,
2308 3409 2433 3464 τόδε
2478 3409 2686 3481 ἢτόδε,
2733 3409 2767 3481 ἢ
2808 3410 3096 3481 ἀμφότερα
3140 3409 3174 3481 ἢ
3218 3408 3392 3464 πολλὰ
3428 3412 3567 3472 ἐστι,

1964 3506 2065 3572 τὰς
2106 3502 2474 3577 αὑτομετοχὰς
2504 3503 2782 3575 εὑρήσεις,
2820 3502 2914 3556 τοῦ
2960 3497 3099 3556 εἶναι
3140 3502 3357 3574 πρῶτον
3400 3502 3568 3567 αὑτὰς

1968 3595 2325 3669 μετεχούσας,
2351 3596 2446 3649 καὶ
2489 3593 2567 3666 τῷ
2607 3593 2748 3650 εἶναι
2779 3593 2994 3667 πρῶτον
3026 3592 3331 3665 μενούσας·
3378 3593 3569 3647 ἔπειτα

1965 3687 2119 3747 τοῦδε
2164 3689 2198 3761 ἧ
2245 3688 2402 3746 τοῦδε
2456 3688 2632 3761 ἀρχὰς
2673 3687 2869 3753 οὔσας,
2910 3688 3004 3742 καὶ
3048 3686 3125 3758 τῷ
3181 3686 3433 3758 μετέχειν
3473 3680 3566 3742 τοῦ

1965 3777 2140 3848 εἶναι,
2185 3781 2279 3835 καὶ
2319 3780 2483 3847 οὑσας
2528 3782 2623 3835 καὶ
2665 3780 3053 3853 μετεχομένας.
3094 3780 3157 3832 Εἰ
3200 3779 3257 3831 δὲ
3286 3777 3460 3832 ταῦτα
3500 3778 3564 3848 τῇ

1967 3878 2167 3947 μετοχῇ
2208 3874 2301 3930 τοῦ
2350 3870 2488 3929 εἶναι
2527 3876 2665 3939 ἐστι,
2710 3872 2890 3945 πολλῷ
2920 3891 2983 3943 γε
3024 3874 3226 3945 μᾶλλον
3263 3871 3334 3927 τὰ
3386 3870 3565 3925 αὑτῶν

1963 3968 2278 4039 μετέχοντα.

269 4034 468 4130 deinde
512 4038 672 4110 hujus
718 4050 813 4097 aut
859 4044 1007 4101 illius
1038 4046 1309 4117 principia
1370 4063 1512 4113 esse.
1566 4062 1623 4106 et
1667 4034 2049 4129 participando
2097 4034 2244 4125 esse,
2290 4062 2529 4117 existere
2587 4069 2645 4114 et
2698 4057 3039 4130 participari.
3098 4057 3154 4113 Si
3200 4067 3386 4110 autem
3454 4057 3562 4113 hac

268 4126 417 4227 ff!”
449 4130 681 4227 fliofqm
744 4135 1016 4208 Ρτίηθίβῖῧ
1070 4147 1451 4214 ιιυηιεΐειιῑυΐ)
1492 4162 1590 4216 Per
1643 4126 2121 4227 participationem
2184 4156 2358 4227 ipsius
2411 4170 2535 4213 esse
2562 4126 2825 4221 existant,
2856 4126 3028 4209 multo
3073 4156 3249 4224 magis
3292 4168 3419 4223 quae
3450 4151 3561 4221 ipsa

269 4216 361 4274 illa
394 4220 657 4293 principia
686 4230 1039 4303 participant.

1835 4374 1863 4446 §
1901 4371 2005 4435 VI.

343 4505 587 4568 Primum
614 4513 779 4584 igitur
804 4515 1005 4574 donum
1037 4534 1219 4593 per‘se
1244 4537 1366 4583 esse
1401 4541 1524 4583 cum
1551 4546 1650 4600 per
1673 4547 1732 4588 se
1758 4533 1854 4589 illa

269 4614 606 4694 supraquam
634 4604 848 4664 bonitas
873 4611 1166 4681 producat,
1195 4617 1393 4675 merito
1434 4620 1503 4675 ab
1542 4622 1856 4694 antiquiore

268 4693 528 4762 etprima
557 4700 804 4755 omnium
834 4704 1312 4777 participationum
1356 4710 1647 4782 laudatur;
1682 4728 1737 4776 et
1773 4732 1859 4777 est

269 4799 338 4838 ex
384 4786 499 4855 ipsa
542 4802 598 4846 et
639 4791 693 4847 in
742 4795 855 4856 ipsa
900 4796 1075 4866 ipsum
1126 4815 1224 4871 per
1267 4818 1328 4859 se
1368 4819 1512 4871 esse,
1558 4818 1618 4863 et
1675 4827 1859 4869 rerum

270 4878 566 4974 principia,
605 4894 662 4939 et
693 4887 880 4943 omnia
907 4905 1251 4964 quaecunque
1293 4908 1442 4963 sunt,
1484 4909 1539 4955 et
1577 4917 1698 4972 quae
1729 4921 1863 4974 quo-

271 4969 653 5043 modocunque
692 4987 854 5044 sunt;
897 4980 1059 5051 idque
1095 4983 1572 5058 incomprehense,
1597 4969 1658 5048 et
1696 4969 1863 5064 copu-

2037 4533 2269 4607 Πρὼτην
2294 4528 2387 4588 οὖν
2423 4533 2522 4607 τὴν
2547 4533 2641 4587 τοῦ
2679 4532 2811 4589 αὑτὸ
2836 4529 2976 4587 εἶναι
3003 4532 3212 4605 δωρεὰν
3236 4533 3279 4564 ⁸⁸
3310 4534 3346 4603 ἡ
3378 4534 3566 4586 αὐτούς

1966 4627 2351 4701 περαγαθὸτης
2392 4625 2825 4699 προϐαλλομένη,
2868 4628 2935 4699 τῇ
2976 4624 3326 4696 πρεσϐυτέρᾳ
3375 4625 3564 4697 πρώτῃ

1967 4720 2078 4774 τῶν
2124 4719 2369 4792 μετοχῶν
2400 4720 2671 4790 ὑμνεῖται,
2717 4719 2813 4772 καὶ
2850 4718 2999 4772 ἔστιν
3040 4717 3101 4783 ἐξ
3142 4718 3336 4787 αὑτῆς,
3377 4720 3473 4771 καὶ
3509 4721 3565 4772 ὲν

1968 4810 2129 4881 αὐτῇ,
2160 4810 2254 4863 καὶ
2290 4809 2424 4863 αὑτὸ
2460 4808 2522 4865 τὸ
2569 4804 2744 4872 εἶναι,
2790 4809 2885 4863 καὶ
2924 4810 2980 4861 αἱ
3021 4808 3129 4861 τῶν
3170 4807 3345 4861 ὄντων
3377 4808 3562 4879 ἀρχαὶ,

1968 4903 2064 4955 καὶ
2092 4900 2161 4954 τὰ
2186 4901 2314 4954 ὄντα
2340 4901 2538 4966 πάντα,
2563 4900 2659 4956 καὶ
2693 4899 2765 4953 τὰ
2791 4898 3041 4953 ὁπωσοῦν
3066 4898 3145 4970 τῷ
3174 4894 3314 4953 εἶναι
3340 4900 3565 4972 διακρα-

1962 4993 2226 5065 τούμενα’
2255 4994 2350 5047 καὶ¹
2376 4993 2535 5047 τοῦτο
2561 4992 2827 5064 ἀσχέτως,
2852 4992 2946 5047 καὶ
2972 4990 3442 5062 συνειλημμένως,
3472 4993 3561 5045 καὶ

266 5060 407 5128 late,
450 5073 507 5117 et
549 5066 928 5138 singulariter.
979 5071 1264 5143 Siquidem
1300 5078 1353 5133 in
1406 5083 1616 5138 unitate
1678 5060 1854 5140 omnis

2047 5060 2198 5151 αίως.
2246 5086 2357 5140 Kal.
2394 5085 2503 5156 γὰρ
2545 5088 2603 5141 ὲν
2637 5060 2836 5156 μονάδι
2882 5087 2992 5148 πᾶς
3036 5060 3270 5155 ἀριθμὸς
3316 5086 3560 5149 ὲνοειδῶς

269 5169 536 5212 numerus
568 5159 920 5220 uniformiter
964 5171 1315 5236 prmexstitit,
1364 5172 1642 5243 habetque
1673 5178 1854 5231 unitas

2045 5176 2348 5249 οὓφέστηκε
2372 5179 2437 5241 ⁸³,
2470 5178 2564 5233 καὶ
2606 5177 2718 5248 ἔχει
2756 5178 2932 5231 πάντα
2964 5175 3252 5248 ἀριθμὸν-ἡ
3301 5176 3470 5247 μονὰς
3506 5178 3559 5227 ὲν

268 5246 325 5300 in
354 5250 532 5320 seipsa
576 5252 934 5324 singulariter
962 5273 1181 5316 omnem
1224 5279 1550 5331 numerum;
1584 5279 1638 5321 et
1678 5270 1854 5323 omnia

2045 5246 2129 5339 ιτῇ
2164 5246 2413 5340 μοναχῶς
2427 5285 2438 5297 ·
2469 5271 2563 5322 καὶ
2580 5246 2687 5333 πᾶς
2704 5270 2935 5341 ἀριθμὸς
2952 5246 3155 5340 ἥνωται
3172 5269 3272 5342 μὲν
3300 5246 3360 5320 ὲν
3374 5272 3440 5339 τῇ
3469 5284 3557 5337 μο-

268 5357 534 5399 numerus
559 5345 611 5400 in
640 5362 807 5403 unum
847 5351 1135 5421 copulatus
1156 5364 1263 5422 est,
1288 5368 1344 5411 et
1388 5358 1443 5411 in
1492 5358 1704 5413 unitate
1748 5370 1854 5425 est,

2045 5361 2110 5415 Ξι·
2146 5360 2267 5417 καθ’
2300 5361 2424 5418 ὅσον
2450 5362 2507 5417 δὲ
2535 5362 2635 5432 τῆς
2673 5362 2901 5432 μονάδος
2928 5361 3171 5433 πρόεισι,
3202 5361 3348 5416 κατὰ
3375 5358 3553 5414 τοσού-

1562 5575 1799 5632 νΑΡιιΑῑ
1836 5576 2246 5637 LECTIONES.

342 5728 389 5813 ‘f
420 5728 802 5813 προνοοῦντος,
827 5733 896 5813 ll:
928 5733 1017 5813 Sig.
1048 5735 1142 5790 τοῦ
1166 5738 1356 5813 ὁντος,
1377 5734 1566 5813 Yien._
1590 5739 1634 5769 ⁸⁸
1666 5737 2001 5813 μετεχόντων
2028 5778 2041 5813 ,
2082 5739 2149 5813 Μ.
2179 5738 2267 5793 Sc.
2311 5740 2569 5813 μετέχων,
2594 5739 2646 5796 5
2683 5739 2746 5795 D.
2827 5740 2872 5774 ⁵⁸
2907 5740 2966 5795 τὸ
3000 5738 3130 5795 αὑτὸ
3164 5734 3302 5794 εἶναι
3337 5737 3538 5792 πάντων

268 5800 528 5867 εἰκότως,
569 5801 639 5860 Μ.
671 5801 759 5859 Sc.
851 5807 893 5835 ⁸⁵⁷
931 5806 1125 5871 πάντα,
1165 5807 1219 5863 S.
1315 5808 1357 5834 ""
1393 5806 1628 5879 δωρεῶν,
1666 5800 1735 5864 Μ.
1772 5800 1859 5865 51-.
1937 5811 1980 5843 “9
2017 5800 2321 5881 ύςὲστηκῖξ
2349 5808 2405 5865 S.
