  <div class='ocr_page' id='page_1' title='image "/cluster/home/n/w/nwhite01/storage/ocr_20150623/3/hvd.32044014713192/418.png"; bbox 0 0 3742 6296; ppageno 0'>
   <div class='ocr_carea' id='block_1_1' title="bbox 148 356 253 407">
    <p class='ocr_par' dir='ltr' id='par_1_1' title="bbox 148 356 253 407">
     <span class='ocr_line' id='line_1_1' title="bbox 148 356 253 407; baseline 0 -1"><span class='ocrx_word' id='word_1_1' title='bbox 148 356 253 407; x_wconf 64' lang='grc'><strong>821</strong></span> 
     </span>
    </p>
   </div>
   <div class='ocr_carea' id='block_1_2' title="bbox 1269 359 2358 432">
    <p class='ocr_par' dir='ltr' id='par_1_2' title="bbox 1269 359 2358 432">
     <span class='ocr_line' id='line_1_2' title="bbox 1269 359 2358 432; baseline 0.011 -19"><span class='ocrx_word' id='word_1_2' title='bbox 1269 359 1357 414; x_wconf 87' lang='lat' dir='ltr'><strong>DE</strong></span> <span class='ocrx_word' id='word_1_3' title='bbox 1392 361 1643 421; x_wconf 71' lang='lat' dir='ltr'><strong>DlYlNlS</strong></span> <span class='ocrx_word' id='word_1_4' title='bbox 1677 366 2070 432; x_wconf 73' lang='lat' dir='ltr'><strong>NOMINlBl&#39;S,</strong></span> <span class='ocrx_word' id='word_1_5' title='bbox 2107 365 2259 422; x_wconf 89' lang='lat' dir='ltr'><strong>CAP.</strong></span> <span class='ocrx_word' id='word_1_6' title='bbox 2296 366 2358 425; x_wconf 74' lang='grc' dir='ltr'>ν.</span> 
     </span>
    </p>
   </div>
   <div class='ocr_carea' id='block_1_3' title="bbox 3314 374 3424 430">
    <p class='ocr_par' dir='ltr' id='par_1_3' title="bbox 3314 374 3424 430">
     <span class='ocr_line' id='line_1_3' title="bbox 3314 374 3424 430; baseline -0.018 0"><span class='ocrx_word' id='word_1_7' title='bbox 3314 374 3424 430; x_wconf 64' lang='grc'><strong>8⁸32</strong></span> 
     </span>
    </p>
   </div>
   <div class='ocr_carea' id='block_1_4' title="bbox 146 470 1736 560">
    <p class='ocr_par' dir='ltr' id='par_1_4' title="bbox 146 470 1736 557">
     <span class='ocr_line' id='line_1_4' title="bbox 146 470 1736 557; baseline 0.009 -34"><span class='ocrx_word' id='word_1_8' title='bbox 146 489 245 525; x_wconf 81' lang='grc' dir='ltr'><strong>τον</strong></span> <span class='ocrx_word' id='word_1_9' title='bbox 289 470 659 544; x_wconf 75' lang='grc' dir='ltr'><strong>διακρίνεται,</strong></span> <span class='ocrx_word' id='word_1_10' title='bbox 709 476 805 529; x_wconf 72' lang='grc' dir='ltr'>καὶ</span> <span class='ocrx_word' id='word_1_11' title='bbox 858 477 1206 548; x_wconf 75' lang='grc' dir='ltr'><strong>πληθύνεται.</strong></span> <span class='ocrx_word' id='word_1_12' title='bbox 1256 481 1366 534; x_wconf 77' lang='lat' dir='ltr'><strong>Kal.</strong></span> <span class='ocrx_word' id='word_1_13' title='bbox 1413 484 1470 535; x_wconf 83' lang='grc' dir='ltr'><strong>έν</strong></span> <span class='ocrx_word' id='word_1_14' title='bbox 1531 484 1736 557; x_wconf 81' lang='grc' dir='ltr'><strong>κέντρῳ</strong></span> 
     </span>
    </p>
   </div>
   <div class='ocr_carea' id='block_1_5' title="bbox 1914 470 3422 560">
    <p class='ocr_par' dir='ltr' id='par_1_5' title="bbox 1931 487 3422 560">
     <span class='ocr_line' id='line_1_5' title="bbox 1931 487 3422 560; baseline 0.005 -21"><span class='ocrx_word' id='word_1_15' title='bbox 1931 501 2138 558; x_wconf 86' lang='lat' dir='ltr'><strong>qttattto</strong></span> <span class='ocrx_word' id='word_1_16' title='bbox 2179 491 2388 559; x_wconf 86' lang='lat' dir='ltr'><strong>longius</strong></span> <span class='ocrx_word' id='word_1_17' title='bbox 2415 487 2484 543; x_wconf 85' lang='lat' dir='ltr'><strong>ab</strong></span> <span class='ocrx_word' id='word_1_18' title='bbox 2510 488 2720 543; x_wconf 84' lang='lat' dir='ltr'><strong>unitate</strong></span> <span class='ocrx_word' id='word_1_19' title='bbox 2756 490 3020 558; x_wconf 88' lang='lat' dir='ltr'><strong>procedit,</strong></span> <span class='ocrx_word' id='word_1_20' title='bbox 3069 502 3218 547; x_wconf 90' lang='lat' dir='ltr'><strong>tanto</strong></span> <span class='ocrx_word' id='word_1_21' title='bbox 3251 496 3422 560; x_wconf 66' lang='lat' dir='ltr'><strong>magis</strong></span> 
     </span>
    </p>
   </div>
   <div class='ocr_carea' id='block_1_6' title="bbox 147 564 1740 642">
    <p class='ocr_par' dir='ltr' id='par_1_6' title="bbox 147 564 1740 642">
     <span class='ocr_line' id='line_1_6' title="bbox 147 564 1740 642; baseline 0.009 -28"><span class='ocrx_word' id='word_1_22' title='bbox 147 564 325 616; x_wconf 79' lang='grc' dir='ltr'>πᾶσαι</span> <span class='ocrx_word' id='word_1_23' title='bbox 376 564 432 616; x_wconf 87' lang='grc' dir='ltr'><strong>αί</strong></span> <span class='ocrx_word' id='word_1_24' title='bbox 490 564 584 618; x_wconf 76' lang='grc' dir='ltr'>τοῦ</span> <span class='ocrx_word' id='word_1_25' title='bbox 630 566 830 621; x_wconf 83' lang='grc' dir='ltr'><strong>κύκλου</strong></span> <span class='ocrx_word' id='word_1_26' title='bbox 874 571 1131 641; x_wconf 79' lang='grc' dir='ltr'>γραμμαὶ</span> <span class='ocrx_word' id='word_1_27' title='bbox 1175 571 1316 624; x_wconf 77' lang='grc' dir='ltr'>κατὰ</span> <span class='ocrx_word' id='word_1_28' title='bbox 1362 572 1490 642; x_wconf 87' lang='grc' dir='ltr'>μίαν</span> <span class='ocrx_word' id='word_1_29' title='bbox 1545 575 1740 631; x_wconf 77' lang='grc' dir='ltr'>ἕνωσιν</span> 
     </span>
    </p>
   </div>
   <div class='ocr_carea' id='block_1_7' title="bbox 147 656 1737 739">
    <p class='ocr_par' dir='ltr' id='par_1_7' title="bbox 147 656 1737 739">
     <span class='ocr_line' id='line_1_7' title="bbox 147 656 1737 739; baseline 0.011 -35"><span class='ocrx_word' id='word_1_30' title='bbox 147 656 616 725; x_wconf 77' lang='grc' dir='ltr'>συνυφεστήκασι·</span> <span class='ocrx_word' id='word_1_31' title='bbox 647 658 742 711; x_wconf 78' lang='grc' dir='ltr'>καὶ</span> <span class='ocrx_word' id='word_1_32' title='bbox 770 658 950 723; x_wconf 81' lang='grc' dir='ltr'>πάσας</span> <span class='ocrx_word' id='word_1_33' title='bbox 987 659 1101 731; x_wconf 75' lang='grc' dir='ltr'>ἔχει</span> <span class='ocrx_word' id='word_1_34' title='bbox 1123 661 1185 714; x_wconf 85' lang='grc' dir='ltr'>τὸ</span> <span class='ocrx_word' id='word_1_35' title='bbox 1212 666 1436 732; x_wconf 83' lang='grc' dir='ltr'>σημεῖον</span> <span class='ocrx_word' id='word_1_36' title='bbox 1466 666 1523 718; x_wconf 83' lang='grc' dir='ltr'>ὲν</span> <span class='ocrx_word' id='word_1_37' title='bbox 1557 668 1737 739; x_wconf 79' lang='grc' dir='ltr'>ἑαυτῷ</span> 
     </span>
    </p>
   </div>
   <div class='ocr_carea' id='block_1_8' title="bbox 140 744 1736 830">
    <p class='ocr_par' dir='ltr' id='par_1_8' title="bbox 140 744 1736 830">
     <span class='ocr_line' id='line_1_8' title="bbox 140 744 1736 830; baseline 0.011 -34"><span class='ocrx_word' id='word_1_38' title='bbox 140 744 248 807; x_wconf 65' lang='grc' dir='ltr'>τὰς</span> <span class='ocrx_word' id='word_1_39' title='bbox 296 745 509 811; x_wconf 82' lang='grc' dir='ltr'><strong>εὐθείας</strong></span> <span class='ocrx_word' id='word_1_40' title='bbox 559 748 802 814; x_wconf 85' lang='grc' dir='ltr'>ένοειδῶς</span> <span class='ocrx_word' id='word_1_41' title='bbox 860 752 1142 821; x_wconf 79' lang='grc' dir='ltr'>ἡνωμένας</span> <span class='ocrx_word' id='word_1_42' title='bbox 1183 754 1319 825; x_wconf 86' lang='grc' dir='ltr'>πρός</span> <span class='ocrx_word' id='word_1_43' title='bbox 1363 773 1422 809; x_wconf 87' lang='grc' dir='ltr'><strong>τε</strong></span> <span class='ocrx_word' id='word_1_44' title='bbox 1465 756 1736 830; x_wconf 84' lang='grc' dir='ltr'><strong>ἀλλήλας,</strong></span> 
     </span>
    </p>
   </div>
   <div class='ocr_carea' id='block_1_9' title="bbox 142 836 1739 917">
    <p class='ocr_par' dir='ltr' id='par_1_9' title="bbox 142 836 1739 917">
     <span class='ocr_line' id='line_1_9' title="bbox 142 836 1739 917; baseline 0.011 -30"><span class='ocrx_word' id='word_1_45' title='bbox 142 836 243 888; x_wconf 75' lang='grc' dir='ltr'>καὶ</span> <span class='ocrx_word' id='word_1_46' title='bbox 270 837 406 907; x_wconf 85' lang='grc' dir='ltr'>πρὸς</span> <span class='ocrx_word' id='word_1_47' title='bbox 451 838 552 910; x_wconf 81' lang='grc' dir='ltr'>τὴν</span> <span class='ocrx_word' id='word_1_48' title='bbox 602 841 729 911; x_wconf 87' lang='grc' dir='ltr'>μίαν</span> <span class='ocrx_word' id='word_1_49' title='bbox 761 842 933 913; x_wconf 78' lang='grc' dir='ltr'>ἀρχὴν</span> <span class='ocrx_word' id='word_1_50' title='bbox 969 844 1065 913; x_wconf 74' lang='grc' dir='ltr'>ἀφ’</span> <span class='ocrx_word' id='word_1_51' title='bbox 1094 839 1161 916; x_wconf 74' lang='grc' dir='ltr'>ἧς</span> <span class='ocrx_word' id='word_1_52' title='bbox 1206 846 1499 917; x_wconf 81' lang='grc' dir='ltr'><strong>προῆλθον,</strong></span> <span class='ocrx_word' id='word_1_53' title='bbox 1547 852 1640 904; x_wconf 80' lang='grc' dir='ltr'>καὶ</span> <span class='ocrx_word' id='word_1_54' title='bbox 1680 854 1739 905; x_wconf 86' lang='grc' dir='ltr'>ὲν</span> 
     </span>
    </p>
   </div>
   <div class='ocr_carea' id='block_1_10' title="bbox 139 924 1737 1010">
    <p class='ocr_par' dir='ltr' id='par_1_10' title="bbox 139 924 1737 1010">
     <span class='ocr_line' id='line_1_10' title="bbox 139 924 1737 1010; baseline 0.011 -34"><span class='ocrx_word' id='word_1_55' title='bbox 139 924 296 996; x_wconf 81' lang='grc' dir='ltr'>αὐτῷ</span> <span class='ocrx_word' id='word_1_56' title='bbox 341 927 441 996; x_wconf 87' lang='grc' dir='ltr'>μὲν</span> <span class='ocrx_word' id='word_1_57' title='bbox 480 928 558 999; x_wconf 80' lang='grc' dir='ltr'>τῷ</span> <span class='ocrx_word' id='word_1_58' title='bbox 594 929 802 1002; x_wconf 82' lang='grc' dir='ltr'><strong>κέντρῳ</strong></span> <span class='ocrx_word' id='word_1_59' title='bbox 841 933 1122 997; x_wconf 83' lang='grc' dir='ltr'><strong>παντελῶς</strong></span> <span class='ocrx_word' id='word_1_60' title='bbox 1154 935 1422 1005; x_wconf 71' lang='grc' dir='ltr'>ἧνωνται*</span> <span class='ocrx_word' id='word_1_61' title='bbox 1459 937 1634 1010; x_wconf 80' lang='grc' dir='ltr'>βραχὺ</span> <span class='ocrx_word' id='word_1_62' title='bbox 1680 941 1737 994; x_wconf 84' lang='grc' dir='ltr'>δὲ</span> 
     </span>
    </p>
   </div>
   <div class='ocr_carea' id='block_1_11' title="bbox 138 1016 1735 1100">
    <p class='ocr_par' dir='ltr' id='par_1_11' title="bbox 138 1016 1735 1100">
     <span class='ocr_line' id='line_1_11' title="bbox 138 1016 1735 1100; baseline 0.012 -32"><span class='ocrx_word' id='word_1_63' title='bbox 138 1016 312 1069; x_wconf 77' lang='grc' dir='ltr'>αὑτοῦ</span> <span class='ocrx_word' id='word_1_64' title='bbox 341 1018 648 1084; x_wconf 80' lang='grc' dir='ltr'><strong>διαστᾶσαι,</strong></span> <span class='ocrx_word' id='word_1_65' title='bbox 692 1021 864 1093; x_wconf 79' lang='grc' dir='ltr'>βραχὺ</span> <span class='ocrx_word' id='word_1_66' title='bbox 892 1024 987 1077; x_wconf 75' lang='grc' dir='ltr'>καὶ</span> <span class='ocrx_word' id='word_1_67' title='bbox 1011 1024 1379 1096; x_wconf 80' lang='grc' dir='ltr'>διακρίνονται</span> <span class='ocrx_word' id='word_1_68' title='bbox 1399 1045 1413 1058; x_wconf 72' lang='grc'><strong>⁸</strong></span> <span class='ocrx_word' id='word_1_69' title='bbox 1449 1030 1649 1100; x_wconf 78' lang='grc' dir='ltr'>μᾶλλον</span> <span class='ocrx_word' id='word_1_70' title='bbox 1677 1033 1735 1088; x_wconf 85' lang='grc' dir='ltr'>δὲ</span> 
     </span>
    </p>
   </div>
   <div class='ocr_carea' id='block_1_12' title="bbox 137 1107 1735 1196">
    <p class='ocr_par' dir='ltr' id='par_1_12' title="bbox 137 1107 1735 1196">
     <span class='ocr_line' id='line_1_12' title="bbox 137 1107 1735 1196; baseline 0.011 -37"><span class='ocrx_word' id='word_1_71' title='bbox 137 1107 471 1173; x_wconf 81' lang='grc' dir='ltr'>ἀποστᾶσαι,</span> <span class='ocrx_word' id='word_1_72' title='bbox 500 1112 727 1182; x_wconf 67' lang='grc' dir='ltr'><strong>μᾶλλον⁹</strong></span> <span class='ocrx_word' id='word_1_73' title='bbox 758 1115 852 1167; x_wconf 75' lang='grc' dir='ltr'>καὶ</span> <span class='ocrx_word' id='word_1_74' title='bbox 880 1115 1090 1187; x_wconf 88' lang='grc' dir='ltr'>ἀπλῶς,</span> <span class='ocrx_word' id='word_1_75' title='bbox 1120 1118 1242 1169; x_wconf 84' lang='grc' dir='ltr'>καθ’</span> <span class='ocrx_word' id='word_1_76' title='bbox 1271 1120 1393 1173; x_wconf 84' lang='grc' dir='ltr'>ὅσον</span> <span class='ocrx_word' id='word_1_77' title='bbox 1416 1121 1495 1192; x_wconf 84' lang='grc' dir='ltr'>τῷ</span> <span class='ocrx_word' id='word_1_78' title='bbox 1524 1123 1735 1196; x_wconf 83' lang='grc' dir='ltr'>κέντρῳ</span> 
     </span>
    </p>
   </div>
   <div class='ocr_carea' id='block_1_13' title="bbox 139 1198 1734 1284">
    <p class='ocr_par' dir='ltr' id='par_1_13' title="bbox 139 1198 1734 1284">
     <span class='ocr_line' id='line_1_13' title="bbox 139 1198 1734 1284; baseline 0.013 -35"><span class='ocrx_word' id='word_1_79' title='bbox 139 1198 530 1273; x_wconf 77' lang='grc' dir='ltr'>πλησιαίτεραί</span> <span class='ocrx_word' id='word_1_80' title='bbox 577 1206 769 1269; x_wconf 86' lang='grc' dir='ltr'>είσι⁷⁰,</span> <span class='ocrx_word' id='word_1_81' title='bbox 802 1205 945 1259; x_wconf 87' lang='grc' dir='ltr'><strong>κατά</strong></span> <span class='ocrx_word' id='word_1_82' title='bbox 987 1208 1243 1263; x_wconf 82' lang='grc' dir='ltr'>τοσοῦτον</span> <span class='ocrx_word' id='word_1_83' title='bbox 1288 1211 1384 1266; x_wconf 77' lang='grc' dir='ltr'>καὶ</span> <span class='ocrx_word' id='word_1_84' title='bbox 1439 1214 1587 1284; x_wconf 79' lang='grc' dir='ltr'>αὐτῷ</span> <span class='ocrx_word' id='word_1_85' title='bbox 1636 1216 1734 1269; x_wconf 77' lang='grc' dir='ltr'><strong>καὶ</strong></span> 
     </span>
    </p>
   </div>
   <div class='ocr_carea' id='block_1_14' title="bbox 137 1288 1734 1368">
    <p class='ocr_par' dir='ltr' id='par_1_14' title="bbox 137 1288 1734 1368">
     <span class='ocr_line' id='line_1_14' title="bbox 137 1288 1734 1368; baseline 0.013 -28"><span class='ocrx_word' id='word_1_86' title='bbox 137 1288 403 1359; x_wconf 78' lang='grc' dir='ltr'>ἀλλήλαις</span> <span class='ocrx_word' id='word_1_87' title='bbox 430 1293 685 1362; x_wconf 80' lang='grc' dir='ltr'>ἦνωνται,</span> <span class='ocrx_word' id='word_1_88' title='bbox 715 1297 809 1350; x_wconf 76' lang='grc' dir='ltr'>καὶ</span> <span class='ocrx_word' id='word_1_89' title='bbox 835 1297 957 1350; x_wconf 75' lang='grc' dir='ltr'>καθ’</span> <span class='ocrx_word' id='word_1_90' title='bbox 986 1299 1109 1353; x_wconf 85' lang='grc' dir='ltr'>ὅσον</span> <span class='ocrx_word' id='word_1_91' title='bbox 1147 1301 1332 1368; x_wconf 77' lang='grc' dir='ltr'>αὐτοῦ,</span> <span class='ocrx_word' id='word_1_92' title='bbox 1365 1304 1507 1358; x_wconf 80' lang='grc' dir='ltr'><strong>κατά</strong></span> <span class='ocrx_word' id='word_1_93' title='bbox 1543 1307 1734 1361; x_wconf 75' lang='grc' dir='ltr'>τοσοῦ-</span> 
     </span>
    </p>
   </div>
   <div class='ocr_carea' id='block_1_15' title="bbox 136 1388 1015 1464">
    <p class='ocr_par' dir='ltr' id='par_1_15' title="bbox 136 1388 1015 1464">
     <span class='ocr_line' id='line_1_15' title="bbox 136 1388 1015 1464; baseline 0.01 -26"><span class='ocrx_word' id='word_1_94' title='bbox 136 1402 237 1439; x_wconf 88' lang='grc' dir='ltr'><strong>τον</strong></span> <span class='ocrx_word' id='word_1_95' title='bbox 261 1388 354 1440; x_wconf 82' lang='grc' dir='ltr'>καὶ</span> <span class='ocrx_word' id='word_1_96' title='bbox 381 1388 625 1461; x_wconf 80' lang='grc' dir='ltr'>ἀλλήλων</span> <span class='ocrx_word' id='word_1_97' title='bbox 648 1391 1015 1464; x_wconf 80' lang='grc' dir='ltr'>διεστήκασιν.</span> 
     </span>
    </p>
   </div>
   <div class='ocr_carea' id='block_1_16' title="bbox 1839 578 3420 648">
    <p class='ocr_par' dir='ltr' id='par_1_16' title="bbox 1839 578 3420 648">
     <span class='ocr_line' id='line_1_16' title="bbox 1839 578 3420 648; baseline 0.001 -14"><span class='ocrx_word' id='word_1_98' title='bbox 1839 581 2102 634; x_wconf 75' lang='lat' dir='ltr'><strong>dividitur</strong></span> <span class='ocrx_word' id='word_1_99' title='bbox 2140 592 2196 636; x_wconf 91' lang='lat' dir='ltr'><strong>et</strong></span> <span class='ocrx_word' id='word_1_100' title='bbox 2239 579 2651 648; x_wconf 72' lang='lat' dir='ltr'><strong>multiplicatur.</strong></span> <span class='ocrx_word' id='word_1_101' title='bbox 2701 578 2767 632; x_wconf 85' lang='lat' dir='ltr'><strong>Et</strong></span> <span class='ocrx_word' id='word_1_102' title='bbox 2812 581 2863 634; x_wconf 92' lang='lat' dir='ltr'><strong>in</strong></span> <span class='ocrx_word' id='word_1_103' title='bbox 2893 591 3088 635; x_wconf 87' lang='lat' dir='ltr'><strong>centro</strong></span> <span class='ocrx_word' id='word_1_104' title='bbox 3117 597 3311 637; x_wconf 90' lang='lat' dir='ltr'><strong>omnes</strong></span> <span class='ocrx_word' id='word_1_105' title='bbox 3354 584 3420 636; x_wconf 85' lang='lat' dir='ltr'><strong>Ii-</strong></span> 
     </span>
    </p>
   </div>
   <div class='ocr_carea' id='block_1_17' title="bbox 1843 670 3423 738">
    <p class='ocr_par' dir='ltr' id='par_1_17' title="bbox 1843 670 3423 738">
     <span class='ocr_line' id='line_1_17' title="bbox 1843 670 3423 738; baseline 0.003 -15"><span class='ocrx_word' id='word_1_106' title='bbox 1843 685 1958 724; x_wconf 71' lang='lat' dir='ltr'><strong>nea:</strong></span> <span class='ocrx_word' id='word_1_107' title='bbox 2002 671 2190 725; x_wconf 90' lang='lat' dir='ltr'><strong>circuli</strong></span> <span class='ocrx_word' id='word_1_108' title='bbox 2237 685 2344 725; x_wconf 89' lang='lat' dir='ltr'><strong>una</strong></span> <span class='ocrx_word' id='word_1_109' title='bbox 2407 670 2753 738; x_wconf 91' lang='lat' dir='ltr'><strong>copulatione</strong></span> <span class='ocrx_word' id='word_1_110' title='bbox 2816 672 2977 726; x_wconf 87' lang='lat' dir='ltr'><strong>simul</strong></span> <span class='ocrx_word' id='word_1_111' title='bbox 3042 672 3318 738; x_wconf 78' lang='lat' dir='ltr'><strong>existunt;</strong></span> <span class='ocrx_word' id='word_1_112' title='bbox 3368 687 3423 727; x_wconf 73' lang='lat' dir='ltr'><strong>et</strong></span> 
     </span>
    </p>
   </div>
   <div class='ocr_carea' id='block_1_18' title="bbox 1842 762 3423 829">
    <p class='ocr_par' dir='ltr' id='par_1_18' title="bbox 1842 762 3423 829">
     <span class='ocr_line' id='line_1_18' title="bbox 1842 762 3423 829; baseline 0.002 -15"><span class='ocrx_word' id='word_1_113' title='bbox 1842 771 2101 829; x_wconf 86' lang='lat' dir='ltr'><strong>punctum</strong></span> <span class='ocrx_word' id='word_1_114' title='bbox 2148 762 2312 817; x_wconf 87' lang='lat' dir='ltr'><strong>habet</strong></span> <span class='ocrx_word' id='word_1_115' title='bbox 2354 778 2552 820; x_wconf 86' lang='lat' dir='ltr'><strong>omnes</strong></span> <span class='ocrx_word' id='word_1_116' title='bbox 2610 775 2786 819; x_wconf 89' lang='lat' dir='ltr'><strong>rectas</strong></span> <span class='ocrx_word' id='word_1_117' title='bbox 2850 763 3025 820; x_wconf 82' lang='lat' dir='ltr'><strong>lineas</strong></span> <span class='ocrx_word' id='word_1_118' title='bbox 3072 764 3423 820; x_wconf 69' lang='lat' dir='ltr'><strong>uniformitvr</strong></span> 
     </span>
    </p>
   </div>
   <div class='ocr_carea' id='block_1_19' title="bbox 1841 852 3423 927">
    <p class='ocr_par' dir='ltr' id='par_1_19' title="bbox 1841 852 3423 927">
     <span class='ocr_line' id='line_1_19' title="bbox 1841 852 3423 927; baseline 0.001 -21"><span class='ocrx_word' id='word_1_119' title='bbox 1841 852 2125 920; x_wconf 87' lang='lat' dir='ltr'><strong>copulatas</strong></span> <span class='ocrx_word' id='word_1_120' title='bbox 2181 855 2323 909; x_wconf 87' lang='lat' dir='ltr'><strong>inter</strong></span> <span class='ocrx_word' id='word_1_121' title='bbox 2363 870 2448 921; x_wconf 90' lang='lat' dir='ltr'><strong>se,</strong></span> <span class='ocrx_word' id='word_1_122' title='bbox 2494 864 2551 910; x_wconf 89' lang='lat' dir='ltr'><strong>et</strong></span> <span class='ocrx_word' id='word_1_123' title='bbox 2587 872 2710 911; x_wconf 85' lang='lat' dir='ltr'><strong>cum</strong></span> <span class='ocrx_word' id='word_1_124' title='bbox 2755 872 2864 911; x_wconf 90' lang='lat' dir='ltr'><strong>uno</strong></span> <span class='ocrx_word' id='word_1_125' title='bbox 2919 858 3192 927; x_wconf 87' lang='lat' dir='ltr'><strong>principio</strong></span> <span class='ocrx_word' id='word_1_126' title='bbox 3238 873 3267 910; x_wconf 91' lang='lat' dir='ltr'><strong>a</strong></span> <span class='ocrx_word' id='word_1_127' title='bbox 3315 872 3423 926; x_wconf 69' lang='lat' dir='ltr'><strong>qum</strong></span> 
     </span>
    </p>
   </div>
   <div class='ocr_carea' id='block_1_20' title="bbox 1841 944 3421 1017">
    <p class='ocr_par' dir='ltr' id='par_1_20' title="bbox 1841 944 3421 1017">
     <span class='ocr_line' id='line_1_20' title="bbox 1841 944 3421 1017; baseline -0.001 -19"><span class='ocrx_word' id='word_1_128' title='bbox 1841 944 2117 1012; x_wconf 85' lang='lat' dir='ltr'><strong>exierunt,</strong></span> <span class='ocrx_word' id='word_1_129' title='bbox 2143 955 2199 1000; x_wconf 93' lang='lat' dir='ltr'><strong>et</strong></span> <span class='ocrx_word' id='word_1_130' title='bbox 2234 947 2290 1000; x_wconf 89' lang='lat' dir='ltr'><strong>in</strong></span> <span class='ocrx_word' id='word_1_131' title='bbox 2333 946 2450 1017; x_wconf 88' lang='lat' dir='ltr'><strong>ipso</strong></span> <span class='ocrx_word' id='word_1_132' title='bbox 2473 957 2666 1002; x_wconf 79' lang='lat' dir='ltr'><strong>centro</strong></span> <span class='ocrx_word' id='word_1_133' title='bbox 2704 948 2926 1006; x_wconf 82' lang='lat' dir='ltr'><strong>omnino</strong></span> <span class='ocrx_word' id='word_1_134' title='bbox 2961 946 3225 1016; x_wconf 71' lang='lat' dir='ltr'><strong>capulata:</strong></span> <span class='ocrx_word' id='word_1_135' title='bbox 3263 958 3421 1010; x_wconf 83' lang='lat' dir='ltr'><strong>sunt;</strong></span> 
     </span>
    </p>
   </div>
   <div class='ocr_carea' id='block_1_21' title="bbox 1840 1036 3427 1109">
    <p class='ocr_par' dir='ltr' id='par_1_21' title="bbox 1840 1036 3427 1109">
     <span class='ocr_line' id='line_1_21' title="bbox 1840 1036 3427 1109; baseline 0.001 -19"><span class='ocrx_word' id='word_1_136' title='bbox 1840 1043 1896 1090; x_wconf 90' lang='lat' dir='ltr'><strong>et</strong></span> <span class='ocrx_word' id='word_1_137' title='bbox 1921 1051 2114 1105; x_wconf 90' lang='lat' dir='ltr'><strong>parum</strong></span> <span class='ocrx_word' id='word_1_138' title='bbox 2137 1036 2205 1091; x_wconf 83' lang='lat' dir='ltr'><strong>ab</strong></span> <span class='ocrx_word' id='word_1_139' title='bbox 2226 1053 2292 1093; x_wconf 92' lang='lat' dir='ltr'><strong>eo</strong></span> <span class='ocrx_word' id='word_1_140' title='bbox 2319 1039 2587 1095; x_wconf 86' lang='lat' dir='ltr'><strong>distantes</strong></span> <span class='ocrx_word' id='word_1_141' title='bbox 2631 1054 2825 1109; x_wconf 85' lang='lat' dir='ltr'><strong>parum</strong></span> <span class='ocrx_word' id='word_1_142' title='bbox 2870 1038 3211 1104; x_wconf 87' lang='lat' dir='ltr'><strong>dividuntur,</strong></span> <span class='ocrx_word' id='word_1_143' title='bbox 3252 1041 3427 1107; x_wconf 72' lang='lat' dir='ltr'><strong>magis</strong></span> 
     </span>
    </p>
   </div>
   <div class='ocr_carea' id='block_1_22' title="bbox 1837 1126 3431 1200">
    <p class='ocr_par' dir='ltr' id='par_1_22' title="bbox 1837 1126 3431 1200">
     <span class='ocr_line' id='line_1_22' title="bbox 1837 1126 3431 1200; baseline 0.004 -22"><span class='ocrx_word' id='word_1_144' title='bbox 1837 1136 2017 1179; x_wconf 89' lang='lat' dir='ltr'><strong>autem</strong></span> <span class='ocrx_word' id='word_1_145' title='bbox 2040 1126 2309 1183; x_wconf 82' lang='lat' dir='ltr'><strong>distantes</strong></span> <span class='ocrx_word' id='word_1_146' title='bbox 2336 1131 2541 1200; x_wconf 80' lang='lat' dir='ltr'><strong>magis;</strong></span> <span class='ocrx_word' id='word_1_147' title='bbox 2578 1141 2655 1195; x_wconf 86' lang='lat' dir='ltr'><strong>et,</strong></span> <span class='ocrx_word' id='word_1_148' title='bbox 2684 1139 2743 1184; x_wconf 93' lang='lat' dir='ltr'><strong>nt</strong></span> <span class='ocrx_word' id='word_1_149' title='bbox 2768 1130 2940 1185; x_wconf 86' lang='lat' dir='ltr'><strong>semel</strong></span> <span class='ocrx_word' id='word_1_150' title='bbox 2980 1131 3182 1196; x_wconf 89' lang='lat' dir='ltr'><strong>dicam,</strong></span> <span class='ocrx_word' id='word_1_151' title='bbox 3215 1142 3431 1200; x_wconf 77' lang='lat' dir='ltr'><strong>quanto</strong></span> 
     </span>
    </p>
   </div>
   <div class='ocr_carea' id='block_1_23' title="bbox 1834 1223 3427 1291">
    <p class='ocr_par' dir='ltr' id='par_1_23' title="bbox 1834 1223 3427 1291">
     <span class='ocr_line' id='line_1_23' title="bbox 1834 1223 3427 1291; baseline 0.004 -20"><span class='ocrx_word' id='word_1_152' title='bbox 1834 1226 1965 1271; x_wconf 86' lang='lat' dir='ltr'><strong>sunt</strong></span> <span class='ocrx_word' id='word_1_153' title='bbox 1998 1230 2187 1275; x_wconf 87' lang='lat' dir='ltr'><strong>centro</strong></span> <span class='ocrx_word' id='word_1_154' title='bbox 2214 1223 2661 1291; x_wconf 79' lang='lat' dir='ltr'><strong>propinquiorcs,</strong></span> <span class='ocrx_word' id='word_1_155' title='bbox 2693 1232 2846 1277; x_wconf 90' lang='lat' dir='ltr'><strong>tanto</strong></span> <span class='ocrx_word' id='word_1_156' title='bbox 2892 1224 3066 1291; x_wconf 83' lang='lat' dir='ltr'><strong>magis</strong></span> <span class='ocrx_word' id='word_1_157' title='bbox 3105 1239 3229 1278; x_wconf 88' lang='lat' dir='ltr'><strong>cum</strong></span> <span class='ocrx_word' id='word_1_158' title='bbox 3272 1239 3340 1279; x_wconf 88' lang='lat' dir='ltr'><strong>eo</strong></span> <span class='ocrx_word' id='word_1_159' title='bbox 3366 1232 3427 1277; x_wconf 85' lang='lat' dir='ltr'><strong>et</strong></span> 
     </span>
    </p>
   </div>
   <div class='ocr_carea' id='block_1_24' title="bbox 1834 1311 3433 1383">
    <p class='ocr_par' dir='ltr' id='par_1_24' title="bbox 1834 1311 3433 1383">
     <span class='ocr_line' id='line_1_24' title="bbox 1834 1311 3433 1383; baseline 0.003 -19"><span class='ocrx_word' id='word_1_160' title='bbox 1834 1311 1979 1364; x_wconf 90' lang='lat' dir='ltr'><strong>inter</strong></span> <span class='ocrx_word' id='word_1_161' title='bbox 2048 1324 2108 1364; x_wconf 88' lang='lat' dir='ltr'><strong>se</strong></span> <span class='ocrx_word' id='word_1_162' title='bbox 2162 1311 2514 1381; x_wconf 84' lang='lat' dir='ltr'><strong>copulantur;</strong></span> <span class='ocrx_word' id='word_1_163' title='bbox 2580 1322 2633 1367; x_wconf 89' lang='lat' dir='ltr'><strong>et</strong></span> <span class='ocrx_word' id='word_1_164' title='bbox 2680 1320 2887 1383; x_wconf 84' lang='lat' dir='ltr'><strong>quanto</strong></span> <span class='ocrx_word' id='word_1_165' title='bbox 2949 1314 3124 1383; x_wconf 83' lang='lat' dir='ltr'><strong>magis</strong></span> <span class='ocrx_word' id='word_1_166' title='bbox 3160 1329 3192 1367; x_wconf 84' lang='lat' dir='ltr'><strong>a</strong></span> <span class='ocrx_word' id='word_1_167' title='bbox 3233 1323 3433 1370; x_wconf 80' lang='lat' dir='ltr'><strong>centro</strong></span> 
     </span>
    </p>
   </div>
   <div class='ocr_carea' id='block_1_25' title="bbox 1837 1400 3064 1473">
    <p class='ocr_par' dir='ltr' id='par_1_25' title="bbox 1837 1400 3064 1473">
     <span class='ocr_line' id='line_1_25' title="bbox 1837 1400 3064 1473; baseline 0.004 -19"><span class='ocrx_word' id='word_1_168' title='bbox 1837 1400 2077 1465; x_wconf 87' lang='lat' dir='ltr'><strong>distant,</strong></span> <span class='ocrx_word' id='word_1_169' title='bbox 2123 1411 2276 1457; x_wconf 88' lang='lat' dir='ltr'><strong>tanto</strong></span> <span class='ocrx_word' id='word_1_170' title='bbox 2302 1404 2473 1473; x_wconf 83' lang='lat' dir='ltr'><strong>magis</strong></span> <span class='ocrx_word' id='word_1_171' title='bbox 2493 1413 2547 1459; x_wconf 85' lang='lat' dir='ltr'><strong>et</strong></span> <span class='ocrx_word' id='word_1_172' title='bbox 2582 1404 2726 1460; x_wconf 90' lang='lat' dir='ltr'><strong>inter</strong></span> <span class='ocrx_word' id='word_1_173' title='bbox 2747 1419 2805 1461; x_wconf 84' lang='lat' dir='ltr'><strong>se</strong></span> <span class='ocrx_word' id='word_1_174' title='bbox 2835 1406 3064 1461; x_wconf 87' lang='lat' dir='ltr'><strong>distant.</strong></span> 
     </span>
    </p>
   </div>
   <div class='ocr_carea' id='block_1_26' title="bbox 1708 1578 1905 1646">
    <p class='ocr_par' dir='ltr' id='par_1_26' title="bbox 1708 1578 1905 1646">
     <span class='ocr_line' id='line_1_26' title="bbox 1708 1578 1905 1646; baseline -0.036 0"><span class='ocrx_word' id='word_1_175' title='bbox 1708 1578 1905 1646; x_wconf 68' lang='grc' dir='ltr'>ενιι.</span> 
     </span>
    </p>
   </div>
   <div class='ocr_carea' id='block_1_27' title="bbox 233 1736 1730 1820">
    <p class='ocr_par' dir='ltr' id='par_1_27' title="bbox 233 1736 1730 1820">
     <span class='ocr_line' id='line_1_27' title="bbox 233 1736 1730 1820; baseline 0.011 -32"><span class='ocrx_word' id='word_1_176' title='bbox 233 1736 389 1789; x_wconf 70' lang='grc' dir='ltr'>Ἀλλὰ</span> <span class='ocrx_word' id='word_1_177' title='bbox 426 1739 518 1791; x_wconf 71' lang='grc' dir='ltr'>καὶ</span> <span class='ocrx_word' id='word_1_178' title='bbox 544 1741 602 1792; x_wconf 86' lang='grc' dir='ltr'>ὲν</span> <span class='ocrx_word' id='word_1_179' title='bbox 633 1743 699 1811; x_wconf 83' lang='grc' dir='ltr'><strong>τῇ</strong></span> <span class='ocrx_word' id='word_1_180' title='bbox 730 1740 825 1814; x_wconf 82' lang='grc' dir='ltr'><strong>ὅλῃ</strong></span> <span class='ocrx_word' id='word_1_181' title='bbox 847 1741 957 1795; x_wconf 90' lang='grc' dir='ltr'><strong>τῶν</strong></span> <span class='ocrx_word' id='word_1_182' title='bbox 984 1743 1123 1799; x_wconf 80' lang='grc' dir='ltr'>ὅλων</span> <span class='ocrx_word' id='word_1_183' title='bbox 1140 1746 1300 1816; x_wconf 73' lang='grc' dir='ltr'>φύσει</span> <span class='ocrx_word' id='word_1_184' title='bbox 1334 1749 1535 1815; x_wconf 80' lang='grc' dir='ltr'>πάντες</span> <span class='ocrx_word' id='word_1_185' title='bbox 1559 1751 1606 1803; x_wconf 87' lang='grc' dir='ltr'><strong>οί</strong></span> <span class='ocrx_word' id='word_1_186' title='bbox 1632 1751 1730 1820; x_wconf 84' lang='grc' dir='ltr'>τῆς</span> 
     </span>
    </p>
   </div>
   <div class='ocr_carea' id='block_1_28' title="bbox 1908 1746 3431 1805">
    <p class='ocr_par' dir='ltr' id='par_1_28' title="bbox 1908 1746 3431 1805">
     <span class='ocr_line' id='line_1_28' title="bbox 1908 1746 3431 1805; baseline -0.002 -2"><span class='ocrx_word' id='word_1_187' title='bbox 1908 1750 2019 1803; x_wconf 91' lang='lat' dir='ltr'><strong>Imo</strong></span> <span class='ocrx_word' id='word_1_188' title='bbox 2042 1760 2092 1805; x_wconf 93' lang='lat' dir='ltr'><strong>et</strong></span> <span class='ocrx_word' id='word_1_189' title='bbox 2133 1749 2322 1804; x_wconf 88' lang='lat' dir='ltr'><strong>intota</strong></span> <span class='ocrx_word' id='word_1_190' title='bbox 2363 1759 2557 1803; x_wconf 86' lang='lat' dir='ltr'><strong>natura</strong></span> <span class='ocrx_word' id='word_1_191' title='bbox 2592 1747 2838 1802; x_wconf 82' lang='lat' dir='ltr'><strong>universi</strong></span> <span class='ocrx_word' id='word_1_192' title='bbox 2898 1755 3141 1801; x_wconf 77' lang='lat' dir='ltr'><strong>rationes</strong></span> <span class='ocrx_word' id='word_1_193' title='bbox 3169 1746 3431 1801; x_wconf 84' lang='lat' dir='ltr'><strong>uniuscu-</strong></span> 
     </span>
    </p>
   </div>
   <div class='ocr_carea' id='block_1_29' title="bbox 135 1825 1736 1925">
    <p class='ocr_par' dir='ltr' id='par_1_29' title="bbox 135 1825 1730 1911">
     <span class='ocr_line' id='line_1_29' title="bbox 135 1825 1730 1911; baseline 0.01 -33"><span class='ocrx_word' id='word_1_194' title='bbox 135 1825 267 1879; x_wconf 83' lang='grc' dir='ltr'>καθ’</span> <span class='ocrx_word' id='word_1_195' title='bbox 311 1827 541 1882; x_wconf 76' lang='grc' dir='ltr'>ἕκαστον</span> <span class='ocrx_word' id='word_1_196' title='bbox 577 1832 619 1863; x_wconf 74' lang='grc'><strong>⁷⁸</strong></span> <span class='ocrx_word' id='word_1_197' title='bbox 667 1831 884 1900; x_wconf 80' lang='grc' dir='ltr'>φύσεως</span> <span class='ocrx_word' id='word_1_198' title='bbox 938 1835 1089 1906; x_wconf 85' lang='grc' dir='ltr'>λόγοι</span> <span class='ocrx_word' id='word_1_199' title='bbox 1153 1840 1576 1911; x_wconf 81' lang='grc' dir='ltr'>συνειλημμένοι</span> <span class='ocrx_word' id='word_1_200' title='bbox 1622 1841 1730 1893; x_wconf 74' lang='grc' dir='ltr'>εἰσὶ</span> 
     </span>
    </p>
   </div>
   <div class='ocr_carea' id='block_1_30' title="bbox 1914 1825 3428 1925">
    <p class='ocr_par' dir='ltr' id='par_1_30' title="bbox 1914 1840 3428 1913">
     <span class='ocr_line' id='line_1_30' title="bbox 1914 1840 3428 1913; baseline 0.001 -20"><span class='ocrx_word' id='word_1_201' title='bbox 1914 1857 2034 1912; x_wconf 65' lang='lat' dir='ltr'><strong>sque</strong></span> <span class='ocrx_word' id='word_1_202' title='bbox 2073 1852 2283 1898; x_wconf 76' lang='lat' dir='ltr'><strong>natura:</strong></span> <span class='ocrx_word' id='word_1_203' title='bbox 2327 1859 2431 1897; x_wconf 90' lang='lat' dir='ltr'><strong>una</strong></span> <span class='ocrx_word' id='word_1_204' title='bbox 2480 1841 2839 1913; x_wconf 87' lang='lat' dir='ltr'><strong>copulatione</strong></span> <span class='ocrx_word' id='word_1_205' title='bbox 2878 1856 2990 1897; x_wconf 87' lang='lat' dir='ltr'><strong>non</strong></span> <span class='ocrx_word' id='word_1_206' title='bbox 3039 1840 3270 1896; x_wconf 84' lang='lat' dir='ltr'><strong>confusa</strong></span> <span class='ocrx_word' id='word_1_207' title='bbox 3308 1840 3428 1895; x_wconf 77' lang='lat' dir='ltr'><strong>col-</strong></span> 
     </span>
    </p>
   </div>
   <div class='ocr_carea' id='block_1_31' title="bbox 137 1919 1735 2003">
    <p class='ocr_par' dir='ltr' id='par_1_31' title="bbox 137 1919 1735 2003">
     <span class='ocr_line' id='line_1_31' title="bbox 137 1919 1735 2003; baseline 0.008 -31"><span class='ocrx_word' id='word_1_208' title='bbox 137 1919 288 1973; x_wconf 80' lang='grc' dir='ltr'><strong>κατά</strong></span> <span class='ocrx_word' id='word_1_209' title='bbox 318 1922 445 1992; x_wconf 89' lang='grc' dir='ltr'>μίαν</span> <span class='ocrx_word' id='word_1_210' title='bbox 473 1923 780 1996; x_wconf 78' lang='grc' dir='ltr'>ἀσύγχυτον</span> <span class='ocrx_word' id='word_1_211' title='bbox 804 1926 1019 1993; x_wconf 78' lang='grc' dir='ltr'>ἕνωσιν,</span> <span class='ocrx_word' id='word_1_212' title='bbox 1046 1930 1143 1984; x_wconf 72' lang='grc' dir='ltr'>καὶ</span> <span class='ocrx_word' id='word_1_213' title='bbox 1172 1932 1230 1984; x_wconf 90' lang='grc' dir='ltr'>ὲν</span> <span class='ocrx_word' id='word_1_214' title='bbox 1257 1934 1323 2003; x_wconf 76' lang='grc' dir='ltr'>τῇ</span> <span class='ocrx_word' id='word_1_215' title='bbox 1350 1931 1495 2003; x_wconf 74' lang='grc' dir='ltr'>ψυχῇ</span> <span class='ocrx_word' id='word_1_216' title='bbox 1527 1949 1735 2003; x_wconf 87' lang='grc' dir='ltr'>μονοει-</span> 
     </span>
    </p>
   </div>
   <div class='ocr_carea' id='block_1_32' title="bbox 134 2009 1733 2093">
    <p class='ocr_par' dir='ltr' id='par_1_32' title="bbox 134 2009 1733 2093">
     <span class='ocr_line' id='line_1_32' title="bbox 134 2009 1733 2093; baseline 0.008 -32"><span class='ocrx_word' id='word_1_217' title='bbox 134 2009 250 2073; x_wconf 88' lang='grc' dir='ltr'><strong>δῶς</strong></span> <span class='ocrx_word' id='word_1_218' title='bbox 296 2011 352 2064; x_wconf 87' lang='grc' dir='ltr'><strong>αί</strong></span> <span class='ocrx_word' id='word_1_219' title='bbox 401 2011 511 2064; x_wconf 86' lang='grc' dir='ltr'><strong>τῶν</strong></span> <span class='ocrx_word' id='word_1_220' title='bbox 550 2012 693 2067; x_wconf 86' lang='grc' dir='ltr'><strong>κατά</strong></span> <span class='ocrx_word' id='word_1_221' title='bbox 749 2015 915 2087; x_wconf 84' lang='grc' dir='ltr'>μέρος</span> <span class='ocrx_word' id='word_1_222' title='bbox 984 2019 1201 2072; x_wconf 74' lang='grc' dir='ltr'>πάντων</span> <span class='ocrx_word' id='word_1_223' title='bbox 1236 2023 1593 2093; x_wconf 76' lang='grc' dir='ltr'>προνοητικαὶ</span> <span class='ocrx_word' id='word_1_224' title='bbox 1637 2021 1733 2076; x_wconf 75' lang='grc' dir='ltr'>τοῦ</span> 
     </span>
    </p>
   </div>
   <div class='ocr_carea' id='block_1_33' title="bbox 131 2099 1735 2186">
    <p class='ocr_par' dir='ltr' id='par_1_33' title="bbox 131 2099 1735 2186">
     <span class='ocr_line' id='line_1_33' title="bbox 131 2099 1735 2186; baseline 0.011 -35"><span class='ocrx_word' id='word_1_225' title='bbox 131 2099 266 2153; x_wconf 80' lang='grc' dir='ltr'>ὅλου</span> <span class='ocrx_word' id='word_1_226' title='bbox 299 2100 551 2173; x_wconf 83' lang='grc' dir='ltr'>σώματος</span> <span class='ocrx_word' id='word_1_227' title='bbox 592 2105 876 2178; x_wconf 86' lang='grc' dir='ltr'>δυνάμεις·</span> <span class='ocrx_word' id='word_1_228' title='bbox 908 2109 1063 2163; x_wconf 75' lang='grc' dir='ltr'>οὐδὲν</span> <span class='ocrx_word' id='word_1_229' title='bbox 1094 2107 1188 2165; x_wconf 76' lang='grc' dir='ltr'>οὖν</span> <span class='ocrx_word' id='word_1_230' title='bbox 1230 2113 1452 2178; x_wconf 75' lang='grc' dir='ltr'>ἄτοπον,</span> <span class='ocrx_word' id='word_1_231' title='bbox 1493 2113 1553 2180; x_wconf 78' lang='grc' dir='ltr'><strong>ἐξ</strong></span> <span class='ocrx_word' id='word_1_232' title='bbox 1590 2115 1735 2186; x_wconf 81' lang='grc' dir='ltr'>ἀμυ-</span> 
     </span>
    </p>
   </div>
   <div class='ocr_carea' id='block_1_34' title="bbox 131 2192 1737 2280">
    <p class='ocr_par' dir='ltr' id='par_1_34' title="bbox 131 2192 1737 2280">
     <span class='ocr_line' id='line_1_34' title="bbox 131 2192 1737 2280; baseline 0.011 -36"><span class='ocrx_word' id='word_1_233' title='bbox 131 2192 285 2263; x_wconf 89' lang='grc' dir='ltr'>δρῶν</span> <span class='ocrx_word' id='word_1_234' title='bbox 311 2196 535 2249; x_wconf 82' lang='grc' dir='ltr'>είκόνων</span> <span class='ocrx_word' id='word_1_235' title='bbox 566 2198 660 2251; x_wconf 74' lang='grc' dir='ltr'><strong>ἐπὶ</strong></span> <span class='ocrx_word' id='word_1_236' title='bbox 683 2199 744 2252; x_wconf 83' lang='grc' dir='ltr'>τὸ</span> <span class='ocrx_word' id='word_1_237' title='bbox 768 2202 987 2255; x_wconf 76' lang='grc' dir='ltr'>πάντων</span> <span class='ocrx_word' id='word_1_238' title='bbox 1020 2203 1191 2257; x_wconf 76' lang='grc' dir='ltr'>αἴτιον</span> <span class='ocrx_word' id='word_1_239' title='bbox 1216 2204 1543 2271; x_wconf 80' lang='grc' dir='ltr'>ἀναϐάντας,</span> <span class='ocrx_word' id='word_1_240' title='bbox 1574 2208 1737 2280; x_wconf 82' lang='grc' dir='ltr'>ὑπερ-</span> 
     </span>
    </p>
   </div>
   <div class='ocr_carea' id='block_1_35' title="bbox 132 2286 1736 2370">
    <p class='ocr_par' dir='ltr' id='par_1_35' title="bbox 132 2286 1736 2370">
     <span class='ocr_line' id='line_1_35' title="bbox 132 2286 1736 2370; baseline 0.012 -35"><span class='ocrx_word' id='word_1_241' title='bbox 132 2286 391 2354; x_wconf 81' lang='grc' dir='ltr'>κοσμίοις</span> <span class='ocrx_word' id='word_1_242' title='bbox 420 2287 715 2360; x_wconf 74' lang='grc' dir='ltr'>ὀφθαλμοῖς</span> <span class='ocrx_word' id='word_1_243' title='bbox 766 2291 1038 2365; x_wconf 77' lang='grc' dir='ltr'>θεωρῆσαι</span> <span class='ocrx_word' id='word_1_244' title='bbox 1085 2296 1260 2350; x_wconf 82' lang='grc' dir='ltr'>πάντα</span> <span class='ocrx_word' id='word_1_245' title='bbox 1294 2299 1353 2351; x_wconf 86' lang='grc' dir='ltr'>ὲν</span> <span class='ocrx_word' id='word_1_246' title='bbox 1394 2298 1473 2370; x_wconf 82' lang='grc' dir='ltr'>τῷ</span> <span class='ocrx_word' id='word_1_247' title='bbox 1518 2304 1736 2353; x_wconf 81' lang='grc' dir='ltr'>πάντων</span> 
     </span>
    </p>
   </div>
   <div class='ocr_carea' id='block_1_36' title="bbox 133 2374 1736 2463">
    <p class='ocr_par' dir='ltr' id='par_1_36' title="bbox 133 2374 1736 2463">
     <span class='ocr_line' id='line_1_36' title="bbox 133 2374 1736 2463; baseline 0.012 -38"><span class='ocrx_word' id='word_1_248' title='bbox 133 2374 320 2446; x_wconf 76' lang='grc' dir='ltr'>αἰτίῳ,</span> <span class='ocrx_word' id='word_1_249' title='bbox 365 2379 460 2431; x_wconf 75' lang='grc' dir='ltr'><strong>καὶ</strong></span> <span class='ocrx_word' id='word_1_250' title='bbox 498 2378 567 2431; x_wconf 86' lang='grc' dir='ltr'><strong>τά</strong></span> <span class='ocrx_word' id='word_1_251' title='bbox 599 2380 849 2453; x_wconf 78' lang='grc' dir='ltr'>ἀλλήλοις</span> <span class='ocrx_word' id='word_1_252' title='bbox 878 2386 1112 2451; x_wconf 79' lang='grc' dir='ltr'>ἐναντία,</span> <span class='ocrx_word' id='word_1_253' title='bbox 1148 2388 1436 2458; x_wconf 80' lang='grc' dir='ltr'>μονοειδῶς</span> <span class='ocrx_word' id='word_1_254' title='bbox 1471 2390 1566 2444; x_wconf 76' lang='grc' dir='ltr'>καὶ</span> <span class='ocrx_word' id='word_1_255' title='bbox 1596 2393 1736 2463; x_wconf 79' lang='grc' dir='ltr'>ἡνω-</span> 
     </span>
    </p>
   </div>
   <div class='ocr_carea' id='block_1_37' title="bbox 136 2464 1736 2550">
    <p class='ocr_par' dir='ltr' id='par_1_37' title="bbox 136 2464 1736 2550">
     <span class='ocr_line' id='line_1_37' title="bbox 136 2464 1736 2550; baseline 0.012 -33"><span class='ocrx_word' id='word_1_256' title='bbox 136 2464 350 2533; x_wconf 73' lang='grc' dir='ltr'>μένωςο</span> <span class='ocrx_word' id='word_1_257' title='bbox 381 2470 523 2541; x_wconf 84' lang='grc' dir='ltr'>ἀρχὴ</span> <span class='ocrx_word' id='word_1_258' title='bbox 566 2472 675 2543; x_wconf 79' lang='grc' dir='ltr'><strong>γάρ</strong></span> <span class='ocrx_word' id='word_1_259' title='bbox 712 2475 830 2526; x_wconf 78' lang='grc' dir='ltr'>ἐστι</span> <span class='ocrx_word' id='word_1_260' title='bbox 860 2474 968 2528; x_wconf 90' lang='grc' dir='ltr'><strong>τῶν</strong></span> <span class='ocrx_word' id='word_1_261' title='bbox 1009 2476 1198 2542; x_wconf 74' lang='grc' dir='ltr'>ὄντων,</span> <span class='ocrx_word' id='word_1_262' title='bbox 1237 2479 1331 2548; x_wconf 67' lang='grc' dir='ltr'><strong>ἀφ’</strong></span> <span class='ocrx_word' id='word_1_263' title='bbox 1370 2479 1438 2550; x_wconf 77' lang='grc' dir='ltr'>ἧς</span> <span class='ocrx_word' id='word_1_264' title='bbox 1469 2482 1565 2534; x_wconf 71' lang='grc' dir='ltr'>καὶ</span> <span class='ocrx_word' id='word_1_265' title='bbox 1601 2481 1736 2535; x_wconf 77' lang='grc' dir='ltr'>αὐτὸ</span> 
     </span>
    </p>
   </div>
   <div class='ocr_carea' id='block_1_38' title="bbox 130 2554 1734 2646">
    <p class='ocr_par' dir='ltr' id='par_1_38' title="bbox 130 2554 1734 2646">
     <span class='ocr_line' id='line_1_38' title="bbox 130 2554 1734 2646; baseline 0.012 -37"><span class='ocrx_word' id='word_1_266' title='bbox 130 2558 197 2611; x_wconf 79' lang='grc' dir='ltr'>τὸ</span> <span class='ocrx_word' id='word_1_267' title='bbox 231 2554 403 2623; x_wconf 77' lang='grc' dir='ltr'>εἶναι,</span> <span class='ocrx_word' id='word_1_268' title='bbox 446 2562 542 2613; x_wconf 80' lang='grc' dir='ltr'>καὶ</span> <span class='ocrx_word' id='word_1_269' title='bbox 575 2564 750 2617; x_wconf 81' lang='grc' dir='ltr'>πάντα</span> <span class='ocrx_word' id='word_1_270' title='bbox 793 2564 862 2618; x_wconf 80' lang='grc' dir='ltr'><strong>τά</strong></span> <span class='ocrx_word' id='word_1_271' title='bbox 899 2568 1147 2622; x_wconf 80' lang='grc' dir='ltr'>ὁπωσοῦν</span> <span class='ocrx_word' id='word_1_272' title='bbox 1183 2570 1342 2636; x_wconf 77' lang='grc' dir='ltr'>ὄντα,</span> <span class='ocrx_word' id='word_1_273' title='bbox 1381 2575 1530 2626; x_wconf 88' lang='grc' dir='ltr'>πᾶσα</span> <span class='ocrx_word' id='word_1_274' title='bbox 1560 2575 1734 2646; x_wconf 82' lang='grc' dir='ltr'>ἀρχὴ,</span> 
     </span>
    </p>
   </div>
   <div class='ocr_carea' id='block_1_39' title="bbox 133 2651 1732 2734">
    <p class='ocr_par' dir='ltr' id='par_1_39' title="bbox 133 2651 1732 2734">
     <span class='ocr_line' id='line_1_39' title="bbox 133 2651 1732 2734; baseline 0.011 -33"><span class='ocrx_word' id='word_1_275' title='bbox 133 2651 250 2702; x_wconf 79' lang='grc' dir='ltr'><strong>πᾶν</strong></span> <span class='ocrx_word' id='word_1_276' title='bbox 289 2652 483 2724; x_wconf 82' lang='grc' dir='ltr'>πέρας,</span> <span class='ocrx_word' id='word_1_277' title='bbox 516 2654 668 2708; x_wconf 79' lang='grc' dir='ltr'>πᾶσα</span> <span class='ocrx_word' id='word_1_278' title='bbox 693 2654 828 2729; x_wconf 80' lang='grc' dir='ltr'>ζωὴ,</span> <span class='ocrx_word' id='word_1_279' title='bbox 857 2658 1006 2710; x_wconf 82' lang='grc' dir='ltr'>πᾶσα</span> <span class='ocrx_word' id='word_1_280' title='bbox 1032 2658 1321 2725; x_wconf 84' lang='grc' dir='ltr'>ἀθανασία,</span> <span class='ocrx_word' id='word_1_281' title='bbox 1356 2664 1505 2715; x_wconf 79' lang='grc' dir='ltr'>πᾶσα</span> <span class='ocrx_word' id='word_1_282' title='bbox 1548 2666 1732 2734; x_wconf 74' lang='grc' dir='ltr'>σοφία,</span> 
     </span>
    </p>
   </div>
   <div class='ocr_carea' id='block_1_40' title="bbox 131 2743 1735 2826">
    <p class='ocr_par' dir='ltr' id='par_1_40' title="bbox 131 2743 1735 2826">
     <span class='ocr_line' id='line_1_40' title="bbox 131 2743 1735 2826; baseline 0.009 -31"><span class='ocrx_word' id='word_1_283' title='bbox 131 2745 291 2797; x_wconf 77' lang='grc' dir='ltr'>πᾶσα</span> <span class='ocrx_word' id='word_1_284' title='bbox 329 2743 517 2810; x_wconf 75' lang='grc' dir='ltr'>τάξις,</span> <span class='ocrx_word' id='word_1_285' title='bbox 566 2748 714 2800; x_wconf 78' lang='grc' dir='ltr'>πᾶσα</span> <span class='ocrx_word' id='word_1_286' title='bbox 765 2750 1034 2821; x_wconf 82' lang='grc' dir='ltr'>ἁρμονία,</span> <span class='ocrx_word' id='word_1_287' title='bbox 1086 2754 1235 2806; x_wconf 75' lang='grc' dir='ltr'>πᾶσα</span> <span class='ocrx_word' id='word_1_288' title='bbox 1280 2753 1538 2826; x_wconf 81' lang='grc' dir='ltr'>δύναμις,</span> <span class='ocrx_word' id='word_1_289' title='bbox 1586 2759 1735 2811; x_wconf 83' lang='grc' dir='ltr'>πᾶσα</span> 
     </span>
    </p>
   </div>
   <div class='ocr_carea' id='block_1_41' title="bbox 133 2834 1733 2920">
    <p class='ocr_par' dir='ltr' id='par_1_41' title="bbox 133 2834 1733 2920">
     <span class='ocr_line' id='line_1_41' title="bbox 133 2834 1733 2920; baseline 0.011 -35"><span class='ocrx_word' id='word_1_290' title='bbox 133 2834 376 2905; x_wconf 71' lang='grc' dir='ltr'>φρουρὰ,</span> <span class='ocrx_word' id='word_1_291' title='bbox 408 2839 557 2891; x_wconf 81' lang='grc' dir='ltr'>πᾶσα</span> <span class='ocrx_word' id='word_1_292' title='bbox 588 2838 815 2910; x_wconf 81' lang='grc' dir='ltr'>ἵδρυσις,</span> <span class='ocrx_word' id='word_1_293' title='bbox 861 2844 1008 2895; x_wconf 74' lang='grc' dir='ltr'>πᾶσα</span> <span class='ocrx_word' id='word_1_294' title='bbox 1041 2843 1291 2918; x_wconf 80' lang='grc' dir='ltr'>διανομὴ,</span> <span class='ocrx_word' id='word_1_295' title='bbox 1336 2849 1486 2900; x_wconf 81' lang='grc' dir='ltr'>πᾶσα</span> <span class='ocrx_word' id='word_1_296' title='bbox 1528 2849 1733 2920; x_wconf 86' lang='grc' dir='ltr'>νόησις,</span> 
     </span>
    </p>
   </div>
   <div class='ocr_carea' id='block_1_42' title="bbox 134 2926 1733 3006">
    <p class='ocr_par' dir='ltr' id='par_1_42' title="bbox 134 2926 1733 3006">
     <span class='ocr_line' id='line_1_42' title="bbox 134 2926 1733 3006; baseline 0.013 -30"><span class='ocrx_word' id='word_1_297' title='bbox 134 2927 252 2988; x_wconf 74' lang='grc' dir='ltr'>πᾶς</span> <span class='ocrx_word' id='word_1_298' title='bbox 282 2926 459 2995; x_wconf 82' lang='grc' dir='ltr'>λόγος,</span> <span class='ocrx_word' id='word_1_299' title='bbox 488 2930 638 2982; x_wconf 82' lang='grc' dir='ltr'>πᾶσα</span> <span class='ocrx_word' id='word_1_300' title='bbox 667 2930 942 3002; x_wconf 77' lang='grc' dir='ltr'>αἴσθησις,</span> <span class='ocrx_word' id='word_1_301' title='bbox 982 2936 1133 2988; x_wconf 84' lang='grc' dir='ltr'>πᾶσα</span> <span class='ocrx_word' id='word_1_302' title='bbox 1165 2935 1298 3001; x_wconf 72' lang='grc' dir='ltr'>ἕξις,</span> <span class='ocrx_word' id='word_1_303' title='bbox 1330 2940 1479 2993; x_wconf 84' lang='grc' dir='ltr'>πᾶσα</span> <span class='ocrx_word' id='word_1_304' title='bbox 1525 2942 1733 3006; x_wconf 86' lang='grc' dir='ltr'>στάσις,</span> 
     </span>
    </p>
   </div>
   <div class='ocr_carea' id='block_1_43' title="bbox 133 3019 1735 3101">
    <p class='ocr_par' dir='ltr' id='par_1_43' title="bbox 133 3019 1735 3101">
     <span class='ocr_line' id='line_1_43' title="bbox 133 3019 1735 3101; baseline 0.011 -31"><span class='ocrx_word' id='word_1_305' title='bbox 133 3019 292 3071; x_wconf 76' lang='grc' dir='ltr'>πᾶσα</span> <span class='ocrx_word' id='word_1_306' title='bbox 323 3020 556 3091; x_wconf 88' lang='grc' dir='ltr'>κίνησις,</span> <span class='ocrx_word' id='word_1_307' title='bbox 604 3025 755 3076; x_wconf 80' lang='grc' dir='ltr'>πᾶσα</span> <span class='ocrx_word' id='word_1_308' title='bbox 800 3023 1013 3091; x_wconf 79' lang='grc' dir='ltr'>ἓνωσις,</span> <span class='ocrx_word' id='word_1_309' title='bbox 1061 3029 1211 3081; x_wconf 81' lang='grc' dir='ltr'>πᾶσα</span> <span class='ocrx_word' id='word_1_310' title='bbox 1259 3032 1457 3101; x_wconf 87' lang='grc' dir='ltr'>κρᾶσις</span> <span class='ocrx_word' id='word_1_311' title='bbox 1479 3033 1546 3095; x_wconf 82' lang='grc'><strong>⁷¹,</strong></span> <span class='ocrx_word' id='word_1_312' title='bbox 1587 3035 1735 3086; x_wconf 83' lang='grc' dir='ltr'>πᾶσα</span> 
     </span>
    </p>
   </div>
   <div class='ocr_carea' id='block_1_44' title="bbox 134 3110 1735 3196">
    <p class='ocr_par' dir='ltr' id='par_1_44' title="bbox 134 3110 1735 3196">
     <span class='ocr_line' id='line_1_44' title="bbox 134 3110 1735 3196; baseline 0.011 -32"><span class='ocrx_word' id='word_1_313' title='bbox 134 3110 315 3179; x_wconf 79' lang='grc' dir='ltr'>φιλία,</span> <span class='ocrx_word' id='word_1_314' title='bbox 339 3116 488 3167; x_wconf 85' lang='grc' dir='ltr'>πᾶσα</span> <span class='ocrx_word' id='word_1_315' title='bbox 514 3116 824 3189; x_wconf 72' lang='grc' dir='ltr'>ὲφαρμογὴ,</span> <span class='ocrx_word' id='word_1_316' title='bbox 848 3120 998 3173; x_wconf 80' lang='grc' dir='ltr'>πᾶσα</span> <span class='ocrx_word' id='word_1_317' title='bbox 1025 3119 1316 3193; x_wconf 85' lang='grc' dir='ltr'>διάκρισις,</span> <span class='ocrx_word' id='word_1_318' title='bbox 1340 3126 1448 3189; x_wconf 82' lang='grc' dir='ltr'><strong>πᾶς</strong></span> <span class='ocrx_word' id='word_1_319' title='bbox 1469 3127 1614 3196; x_wconf 84' lang='grc' dir='ltr'>ὄρος,</span> <span class='ocrx_word' id='word_1_320' title='bbox 1640 3127 1735 3181; x_wconf 75' lang='grc' dir='ltr'>καὶ</span> 
     </span>
    </p>
   </div>
   <div class='ocr_carea' id='block_1_45' title="bbox 1836 1930 3432 2002">
    <p class='ocr_par' dir='ltr' id='par_1_45' title="bbox 1836 1930 3432 2002">
     <span class='ocr_line' id='line_1_45' title="bbox 1836 1930 3432 2002; baseline -0.001 -16"><span class='ocrx_word' id='word_1_321' title='bbox 1836 1932 1993 1988; x_wconf 65' lang='lat' dir='ltr'><strong>lecta!</strong></span> <span class='ocrx_word' id='word_1_322' title='bbox 2028 1941 2174 1996; x_wconf 85' lang='lat' dir='ltr'><strong>sunt,</strong></span> <span class='ocrx_word' id='word_1_323' title='bbox 2198 1941 2255 1987; x_wconf 90' lang='lat' dir='ltr'><strong>et</strong></span> <span class='ocrx_word' id='word_1_324' title='bbox 2294 1932 2348 1985; x_wconf 93' lang='lat' dir='ltr'><strong>in</strong></span> <span class='ocrx_word' id='word_1_325' title='bbox 2386 1932 2569 1985; x_wconf 87' lang='lat' dir='ltr'><strong>anima</strong></span> <span class='ocrx_word' id='word_1_326' title='bbox 2605 1931 2875 2002; x_wconf 68' lang='lat' dir='ltr'><strong>copulata:</strong></span> <span class='ocrx_word' id='word_1_327' title='bbox 2912 1940 3040 1985; x_wconf 88' lang='lat' dir='ltr'><strong>sunt</strong></span> <span class='ocrx_word' id='word_1_328' title='bbox 3079 1930 3432 1986; x_wconf 81' lang='lat' dir='ltr'><strong>uniformiter</strong></span> 
     </span>
    </p>
   </div>
   <div class='ocr_carea' id='block_1_46' title="bbox 1836 2020 3424 2095">
    <p class='ocr_par' dir='ltr' id='par_1_46' title="bbox 1836 2020 3424 2095">
     <span class='ocr_line' id='line_1_46' title="bbox 1836 2020 3424 2095; baseline 0 -21"><span class='ocrx_word' id='word_1_329' title='bbox 1836 2026 2090 2089; x_wconf 81' lang='lat' dir='ltr'><strong>virtutes,</strong></span> <span class='ocrx_word' id='word_1_330' title='bbox 2113 2041 2236 2095; x_wconf 69' lang='lat' dir='ltr'><strong>qua:</strong></span> <span class='ocrx_word' id='word_1_331' title='bbox 2266 2025 2522 2079; x_wconf 86' lang='lat' dir='ltr'><strong>omnibus</strong></span> <span class='ocrx_word' id='word_1_332' title='bbox 2547 2022 2798 2094; x_wconf 87' lang='lat' dir='ltr'><strong>partibus</strong></span> <span class='ocrx_word' id='word_1_333' title='bbox 2821 2022 3078 2093; x_wconf 89' lang='lat' dir='ltr'><strong>corporis</strong></span> <span class='ocrx_word' id='word_1_334' title='bbox 3101 2020 3424 2094; x_wconf 84' lang='lat' dir='ltr'><strong>provident;</strong></span> 
     </span>
    </p>
   </div>
   <div class='ocr_carea' id='block_1_47' title="bbox 1836 2112 3432 2187">
    <p class='ocr_par' dir='ltr' id='par_1_47' title="bbox 1836 2112 3432 2187">
     <span class='ocr_line' id='line_1_47' title="bbox 1836 2112 3432 2187; baseline -0.006 -14"><span class='ocrx_word' id='word_1_335' title='bbox 1836 2132 1942 2173; x_wconf 84' lang='lat' dir='ltr'><strong>non</strong></span> <span class='ocrx_word' id='word_1_336' title='bbox 1964 2126 2051 2173; x_wconf 86' lang='lat' dir='ltr'><strong>est</strong></span> <span class='ocrx_word' id='word_1_337' title='bbox 2081 2118 2249 2187; x_wconf 88' lang='lat' dir='ltr'><strong>igitur</strong></span> <span class='ocrx_word' id='word_1_338' title='bbox 2271 2114 2589 2179; x_wconf 86' lang='lat' dir='ltr'><strong>absurdum,</strong></span> <span class='ocrx_word' id='word_1_339' title='bbox 2616 2130 2685 2170; x_wconf 75' lang='lat' dir='ltr'><strong>ex</strong></span> <span class='ocrx_word' id='word_1_340' title='bbox 2714 2112 2903 2184; x_wconf 82' lang='lat' dir='ltr'><strong>parvis</strong></span> <span class='ocrx_word' id='word_1_341' title='bbox 2928 2123 2982 2169; x_wconf 85' lang='lat' dir='ltr'><strong>et</strong></span> <span class='ocrx_word' id='word_1_342' title='bbox 3022 2112 3252 2167; x_wconf 85' lang='lat' dir='ltr'><strong>minutis</strong></span> <span class='ocrx_word' id='word_1_343' title='bbox 3288 2112 3432 2168; x_wconf 81' lang='lat' dir='ltr'><strong>ima-</strong></span> 
     </span>
    </p>
   </div>
   <div class='ocr_carea' id='block_1_48' title="bbox 1834 2200 3425 2277">
    <p class='ocr_par' dir='ltr' id='par_1_48' title="bbox 1834 2200 3425 2277">
     <span class='ocr_line' id='line_1_48' title="bbox 1834 2200 3425 2277; baseline -0.004 -17"><span class='ocrx_word' id='word_1_344' title='bbox 1834 2208 2055 2277; x_wconf 83' lang='lat' dir='ltr'><strong>ginibus</strong></span> <span class='ocrx_word' id='word_1_345' title='bbox 2076 2215 2128 2260; x_wconf 93' lang='lat' dir='ltr'><strong>et</strong></span> <span class='ocrx_word' id='word_1_346' title='bbox 2156 2204 2419 2274; x_wconf 79' lang='lat' dir='ltr'><strong>exemplis</strong></span> <span class='ocrx_word' id='word_1_347' title='bbox 2438 2204 2505 2257; x_wconf 87' lang='lat' dir='ltr'><strong>ad</strong></span> <span class='ocrx_word' id='word_1_348' title='bbox 2529 2219 2747 2258; x_wconf 76' lang='lat' dir='ltr'><strong>causam</strong></span> <span class='ocrx_word' id='word_1_349' title='bbox 2771 2202 3019 2258; x_wconf 85' lang='lat' dir='ltr'><strong>omnium</strong></span> <span class='ocrx_word' id='word_1_350' title='bbox 3043 2200 3425 2261; x_wconf 85' lang='lat' dir='ltr'><strong>ascendentes,</strong></span> 
     </span>
    </p>
   </div>
   <div class='ocr_carea' id='block_1_49' title="bbox 1838 2292 3423 2368">
    <p class='ocr_par' dir='ltr' id='par_1_49' title="bbox 1838 2292 3423 2368">
     <span class='ocr_line' id='line_1_49' title="bbox 1838 2292 3423 2368; baseline -0.008 -14"><span class='ocrx_word' id='word_1_351' title='bbox 1838 2296 2290 2368; x_wconf 85' lang='lat' dir='ltr'><strong>supermundanis</strong></span> <span class='ocrx_word' id='word_1_352' title='bbox 2328 2295 2502 2350; x_wconf 90' lang='lat' dir='ltr'><strong>oculis</strong></span> <span class='ocrx_word' id='word_1_353' title='bbox 2544 2294 2905 2364; x_wconf 90' lang='lat' dir='ltr'><strong>contemplari</strong></span> <span class='ocrx_word' id='word_1_354' title='bbox 2944 2293 3131 2348; x_wconf 87' lang='lat' dir='ltr'><strong>omnia</strong></span> <span class='ocrx_word' id='word_1_355' title='bbox 3177 2292 3237 2347; x_wconf 88' lang='lat' dir='ltr'><strong>in</strong></span> <span class='ocrx_word' id='word_1_356' title='bbox 3261 2307 3423 2347; x_wconf 80' lang='lat' dir='ltr'><strong>causa</strong></span> 
     </span>
    </p>
   </div>
   <div class='ocr_carea' id='block_1_50' title="bbox 1837 2382 3424 2456">
    <p class='ocr_par' dir='ltr' id='par_1_50' title="bbox 1837 2382 3424 2456">
     <span class='ocr_line' id='line_1_50' title="bbox 1837 2382 3424 2456; baseline -0.005 -14"><span class='ocrx_word' id='word_1_357' title='bbox 1837 2388 2103 2454; x_wconf 88' lang='lat' dir='ltr'><strong>omnium,</strong></span> <span class='ocrx_word' id='word_1_358' title='bbox 2119 2397 2175 2441; x_wconf 91' lang='lat' dir='ltr'><strong>et</strong></span> <span class='ocrx_word' id='word_1_359' title='bbox 2198 2402 2317 2456; x_wconf 64' lang='lat' dir='ltr'><strong>quin</strong></span> <span class='ocrx_word' id='word_1_360' title='bbox 2341 2398 2470 2441; x_wconf 87' lang='lat' dir='ltr'><strong>sunt</strong></span> <span class='ocrx_word' id='word_1_361' title='bbox 2494 2388 2635 2441; x_wconf 90' lang='lat' dir='ltr'><strong>inter</strong></span> <span class='ocrx_word' id='word_1_362' title='bbox 2656 2400 2718 2439; x_wconf 89' lang='lat' dir='ltr'><strong>se</strong></span> <span class='ocrx_word' id='word_1_363' title='bbox 2741 2384 3043 2447; x_wconf 74' lang='lat' dir='ltr'><strong>contraria,</strong></span> <span class='ocrx_word' id='word_1_364' title='bbox 3070 2382 3424 2438; x_wconf 81' lang='lat' dir='ltr'><strong>unifortniter</strong></span> 
     </span>
    </p>
   </div>
   <div class='ocr_carea' id='block_1_51' title="bbox 1837 2478 3427 2549">
    <p class='ocr_par' dir='ltr' id='par_1_51' title="bbox 1837 2478 3427 2549">
     <span class='ocr_line' id='line_1_51' title="bbox 1837 2478 3427 2549; baseline -0.003 -16"><span class='ocrx_word' id='word_1_365' title='bbox 1837 2489 1892 2533; x_wconf 89' lang='lat' dir='ltr'><strong>et</strong></span> <span class='ocrx_word' id='word_1_366' title='bbox 1914 2478 2191 2549; x_wconf 84' lang='lat' dir='ltr'><strong>copulate;</strong></span> <span class='ocrx_word' id='word_1_367' title='bbox 2236 2479 2504 2545; x_wconf 87' lang='lat' dir='ltr'><strong>siquidem</strong></span> <span class='ocrx_word' id='word_1_368' title='bbox 2546 2478 2877 2549; x_wconf 81' lang='lat' dir='ltr'><strong>principium</strong></span> <span class='ocrx_word' id='word_1_369' title='bbox 2901 2488 2985 2532; x_wconf 89' lang='lat' dir='ltr'><strong>est</strong></span> <span class='ocrx_word' id='word_1_370' title='bbox 3027 2492 3231 2541; x_wconf 88' lang='lat' dir='ltr'><strong>rerum,</strong></span> <span class='ocrx_word' id='word_1_371' title='bbox 3259 2490 3289 2529; x_wconf 89' lang='lat' dir='ltr'><strong>a</strong></span> <span class='ocrx_word' id='word_1_372' title='bbox 3318 2490 3427 2545; x_wconf 88' lang='lat' dir='ltr'><strong>quo</strong></span> 
     </span>
    </p>
   </div>
   <div class='ocr_carea' id='block_1_52' title="bbox 1841 2569 3421 2641">
    <p class='ocr_par' dir='ltr' id='par_1_52' title="bbox 1841 2569 3421 2641">
     <span class='ocr_line' id='line_1_52' title="bbox 1841 2569 3421 2641; baseline -0.003 -15"><span class='ocrx_word' id='word_1_373' title='bbox 1841 2582 1949 2626; x_wconf 88' lang='lat' dir='ltr'><strong>tam</strong></span> <span class='ocrx_word' id='word_1_374' title='bbox 1980 2572 2271 2641; x_wconf 89' lang='lat' dir='ltr'><strong>ipsummct</strong></span> <span class='ocrx_word' id='word_1_375' title='bbox 2314 2585 2454 2635; x_wconf 87' lang='lat' dir='ltr'><strong>esse,</strong></span> <span class='ocrx_word' id='word_1_376' title='bbox 2500 2586 2666 2641; x_wconf 86' lang='lat' dir='ltr'><strong>quam</strong></span> <span class='ocrx_word' id='word_1_377' title='bbox 2726 2569 2912 2626; x_wconf 87' lang='lat' dir='ltr'><strong>omnia</strong></span> <span class='ocrx_word' id='word_1_378' title='bbox 2956 2584 3078 2640; x_wconf 62' lang='lat' dir='ltr'><strong>qua:</strong></span> <span class='ocrx_word' id='word_1_379' title='bbox 3115 2569 3421 2639; x_wconf 89' lang='lat' dir='ltr'><strong>quomodo-</strong></span> 
     </span>
    </p>
   </div>
   <div class='ocr_carea' id='block_1_53' title="bbox 1837 2659 3429 2733">
    <p class='ocr_par' dir='ltr' id='par_1_53' title="bbox 1837 2659 3429 2733">
     <span class='ocr_line' id='line_1_53' title="bbox 1837 2659 3429 2733; baseline -0.004 -13"><span class='ocrx_word' id='word_1_380' title='bbox 1837 2678 2054 2733; x_wconf 89' lang='lat' dir='ltr'><strong>cunque</strong></span> <span class='ocrx_word' id='word_1_381' title='bbox 2092 2671 2242 2730; x_wconf 87' lang='lat' dir='ltr'><strong>sunt,</strong></span> <span class='ocrx_word' id='word_1_382' title='bbox 2268 2677 2432 2718; x_wconf 88' lang='lat' dir='ltr'><strong>omne</strong></span> <span class='ocrx_word' id='word_1_383' title='bbox 2456 2662 2810 2733; x_wconf 74' lang='lat' dir='ltr'><strong>principium,</strong></span> <span class='ocrx_word' id='word_1_384' title='bbox 2850 2662 3035 2715; x_wconf 87' lang='lat' dir='ltr'><strong>omnis</strong></span> <span class='ocrx_word' id='word_1_385' title='bbox 3078 2660 3226 2727; x_wconf 82' lang='lat' dir='ltr'><strong>ﬁnis,</strong></span> <span class='ocrx_word' id='word_1_386' title='bbox 3250 2659 3429 2714; x_wconf 92' lang='lat' dir='ltr'><strong>omnis</strong></span> 
     </span>
    </p>
   </div>
   <div class='ocr_carea' id='block_1_54' title="bbox 1840 2750 3429 2822">
    <p class='ocr_par' dir='ltr' id='par_1_54' title="bbox 1840 2750 3429 2822">
     <span class='ocr_line' id='line_1_54' title="bbox 1840 2750 3429 2822; baseline -0.002 -14"><span class='ocrx_word' id='word_1_387' title='bbox 1840 2757 1971 2818; x_wconf 86' lang='lat' dir='ltr'><strong>vita,</strong></span> <span class='ocrx_word' id='word_1_388' title='bbox 2011 2756 2191 2811; x_wconf 91' lang='lat' dir='ltr'><strong>omnis</strong></span> <span class='ocrx_word' id='word_1_389' title='bbox 2235 2753 2642 2818; x_wconf 86' lang='lat' dir='ltr'><strong>immortalitas,</strong></span> <span class='ocrx_word' id='word_1_390' title='bbox 2689 2754 2871 2807; x_wconf 88' lang='lat' dir='ltr'><strong>omnis</strong></span> <span class='ocrx_word' id='word_1_391' title='bbox 2913 2751 3207 2822; x_wconf 84' lang='lat' dir='ltr'><strong>sapientia,</strong></span> <span class='ocrx_word' id='word_1_392' title='bbox 3250 2750 3429 2807; x_wconf 85' lang='lat' dir='ltr'><strong>omnis</strong></span> 
     </span>
    </p>
   </div>
   <div class='ocr_carea' id='block_1_55' title="bbox 1836 2840 3429 2915">
    <p class='ocr_par' dir='ltr' id='par_1_55' title="bbox 1836 2840 3429 2915">
     <span class='ocr_line' id='line_1_55' title="bbox 1836 2840 3429 2915; baseline -0.004 -13"><span class='ocrx_word' id='word_1_393' title='bbox 1836 2850 1995 2911; x_wconf 86' lang='lat' dir='ltr'><strong>ordo,</strong></span> <span class='ocrx_word' id='word_1_394' title='bbox 2036 2847 2217 2901; x_wconf 82' lang='lat' dir='ltr'><strong>otnnis</strong></span> <span class='ocrx_word' id='word_1_395' title='bbox 2275 2845 2655 2915; x_wconf 83' lang='lat' dir='ltr'><strong>congruentia,</strong></span> <span class='ocrx_word' id='word_1_396' title='bbox 2699 2844 2879 2900; x_wconf 88' lang='lat' dir='ltr'><strong>omnis</strong></span> <span class='ocrx_word' id='word_1_397' title='bbox 2922 2843 3206 2914; x_wconf 91' lang='lat' dir='ltr'><strong>potentia,</strong></span> <span class='ocrx_word' id='word_1_398' title='bbox 3246 2840 3429 2896; x_wconf 83' lang='lat' dir='ltr'><strong>omnis</strong></span> 
     </span>
    </p>
   </div>
   <div class='ocr_carea' id='block_1_56' title="bbox 1838 2932 3425 3003">
    <p class='ocr_par' dir='ltr' id='par_1_56' title="bbox 1838 2932 3425 3003">
     <span class='ocr_line' id='line_1_56' title="bbox 1838 2932 3425 3003; baseline -0.003 -14"><span class='ocrx_word' id='word_1_399' title='bbox 1838 2934 2119 2999; x_wconf 88' lang='lat' dir='ltr'><strong>custodia,</strong></span> <span class='ocrx_word' id='word_1_400' title='bbox 2172 2948 2335 2988; x_wconf 91' lang='lat' dir='ltr'><strong>omne</strong></span> <span class='ocrx_word' id='word_1_401' title='bbox 2392 2937 2834 2997; x_wconf 77' lang='lat' dir='ltr'><strong>ﬁrmamentum,</strong></span> <span class='ocrx_word' id='word_1_402' title='bbox 2878 2934 3058 2987; x_wconf 87' lang='lat' dir='ltr'><strong>omnis</strong></span> <span class='ocrx_word' id='word_1_403' title='bbox 3094 2932 3425 3003; x_wconf 86' lang='lat' dir='ltr'><strong>permansio,</strong></span> 
     </span>
    </p>
   </div>
   <div class='ocr_carea' id='block_1_57' title="bbox 1838 3026 3426 3098">
    <p class='ocr_par' dir='ltr' id='par_1_57' title="bbox 1838 3026 3426 3098">
     <span class='ocr_line' id='line_1_57' title="bbox 1838 3026 3426 3098; baseline -0.004 -15"><span class='ocrx_word' id='word_1_404' title='bbox 1838 3028 2018 3083; x_wconf 91' lang='lat' dir='ltr'><strong>omnis</strong></span> <span class='ocrx_word' id='word_1_405' title='bbox 2080 3027 2481 3098; x_wconf 76' lang='lat' dir='ltr'><strong>intelligentia,</strong></span> <span class='ocrx_word' id='word_1_406' title='bbox 2523 3027 2706 3081; x_wconf 91' lang='lat' dir='ltr'><strong>omnis</strong></span> <span class='ocrx_word' id='word_1_407' title='bbox 2771 3026 2935 3090; x_wconf 84' lang='lat' dir='ltr'><strong>ratio,</strong></span> <span class='ocrx_word' id='word_1_408' title='bbox 2979 3026 3159 3080; x_wconf 88' lang='lat' dir='ltr'><strong>omnis</strong></span> <span class='ocrx_word' id='word_1_409' title='bbox 3203 3038 3426 3087; x_wconf 79' lang='lat' dir='ltr'><strong>sensus,</strong></span> 
     </span>
    </p>
   </div>
   <div class='ocr_carea' id='block_1_58' title="bbox 1837 3115 3427 3184">
    <p class='ocr_par' dir='ltr' id='par_1_58' title="bbox 1837 3115 3427 3184">
     <span class='ocr_line' id='line_1_58' title="bbox 1837 3115 3427 3184; baseline -0.001 -13"><span class='ocrx_word' id='word_1_410' title='bbox 1837 3120 2017 3174; x_wconf 90' lang='lat' dir='ltr'><strong>onmis</strong></span> <span class='ocrx_word' id='word_1_411' title='bbox 2059 3120 2298 3184; x_wconf 83' lang='lat' dir='ltr'><strong>habitus,</strong></span> <span class='ocrx_word' id='word_1_412' title='bbox 2341 3119 2521 3174; x_wconf 86' lang='lat' dir='ltr'><strong>onmis</strong></span> <span class='ocrx_word' id='word_1_413' title='bbox 2557 3128 2763 3183; x_wconf 88' lang='lat' dir='ltr'><strong>status,</strong></span> <span class='ocrx_word' id='word_1_414' title='bbox 2790 3117 2970 3170; x_wconf 79' lang='lat' dir='ltr'><strong>omnis</strong></span> <span class='ocrx_word' id='word_1_415' title='bbox 3002 3125 3206 3181; x_wconf 88' lang='lat' dir='ltr'><strong>motus,</strong></span> <span class='ocrx_word' id='word_1_416' title='bbox 3244 3115 3427 3174; x_wconf 87' lang='lat' dir='ltr'><strong>omnis</strong></span> 
     </span>
    </p>
   </div>
   <div class='ocr_carea' id='block_1_59' title="bbox 132 3204 1736 3294">
    <p class='ocr_par' dir='ltr' id='par_1_59' title="bbox 132 3204 1736 3294">
     <span class='ocr_line' id='line_1_59' title="bbox 132 3204 1736 3294; baseline 0.011 -38"><span class='ocrx_word' id='word_1_417' title='bbox 132 3204 205 3256; x_wconf 83' lang='grc' dir='ltr'><strong>τά</strong></span> <span class='ocrx_word' id='word_1_418' title='bbox 237 3204 373 3258; x_wconf 77' lang='grc' dir='ltr'>ἄλλα</span> <span class='ocrx_word' id='word_1_419' title='bbox 400 3207 519 3273; x_wconf 84' lang='grc' dir='ltr'>ὅσα,</span> <span class='ocrx_word' id='word_1_420' title='bbox 548 3207 626 3279; x_wconf 79' lang='grc' dir='ltr'><strong>τῷ</strong></span> <span class='ocrx_word' id='word_1_421' title='bbox 652 3205 789 3264; x_wconf 77' lang='grc' dir='ltr'>εἶναι</span> <span class='ocrx_word' id='word_1_422' title='bbox 824 3212 974 3277; x_wconf 78' lang='grc' dir='ltr'>ὄντα,</span> <span class='ocrx_word' id='word_1_423' title='bbox 1003 3213 1073 3269; x_wconf 86' lang='grc' dir='ltr'><strong>τά</strong></span> <span class='ocrx_word' id='word_1_424' title='bbox 1102 3215 1230 3269; x_wconf 75' lang='grc' dir='ltr'>ὄντα</span> <span class='ocrx_word' id='word_1_425' title='bbox 1262 3218 1437 3271; x_wconf 81' lang='grc' dir='ltr'>πάντα</span> <span class='ocrx_word' id='word_1_426' title='bbox 1467 3238 1736 3294; x_wconf 76' lang='grc' dir='ltr'>χαρακτη-</span> 
     </span>
    </p>
   </div>
   <div class='ocr_carea' id='block_1_60' title="bbox 1914 3204 3429 3294">
    <p class='ocr_par' dir='ltr' id='par_1_60' title="bbox 1916 3204 3429 3280">
     <span class='ocr_line' id='line_1_60' title="bbox 1916 3204 3429 3280; baseline -0.003 -17"><span class='ocrx_word' id='word_1_427' title='bbox 1916 3211 1991 3275; x_wconf 83' lang='grc' dir='ltr'>ἰο,</span> <span class='ocrx_word' id='word_1_428' title='bbox 2013 3210 2193 3265; x_wconf 78' lang='lat' dir='ltr'><strong>omnis</strong></span> <span class='ocrx_word' id='word_1_429' title='bbox 2216 3209 2556 3280; x_wconf 77' lang='lat' dir='ltr'><strong>complexus,</strong></span> <span class='ocrx_word' id='word_1_430' title='bbox 2583 3209 2761 3264; x_wconf 90' lang='lat' dir='ltr'><strong>onmis</strong></span> <span class='ocrx_word' id='word_1_431' title='bbox 2783 3206 2944 3280; x_wconf 66' lang='grc'><strong>43],</strong></span> <span class='ocrx_word' id='word_1_432' title='bbox 2963 3206 3224 3270; x_wconf 88' lang='lat' dir='ltr'><strong>amicitia,</strong></span> <span class='ocrx_word' id='word_1_433' title='bbox 3248 3204 3429 3260; x_wconf 80' lang='lat' dir='ltr'><strong>oninis</strong></span> 
     </span>
    </p>
   </div>
   <div class='ocr_carea' id='block_1_61' title="bbox 136 3298 303 3367">
    <p class='ocr_par' dir='ltr' id='par_1_61' title="bbox 136 3298 303 3367">
     <span class='ocr_line' id='line_1_61' title="bbox 136 3298 303 3367; baseline 0.012 -18"><span class='ocrx_word' id='word_1_434' title='bbox 136 3298 303 3367; x_wconf 76' lang='grc' dir='ltr'>ρίζει.</span> 
     </span>
    </p>
   </div>
   <div class='ocr_carea' id='block_1_62' title="bbox 1837 3298 3430 3375">
    <p class='ocr_par' dir='ltr' id='par_1_62' title="bbox 1837 3298 3430 3375">
     <span class='ocr_line' id='line_1_62' title="bbox 1837 3298 3430 3375; baseline -0.004 -18"><span class='ocrx_word' id='word_1_435' title='bbox 1837 3305 2225 3375; x_wconf 84' lang='lat' dir='ltr'><strong>discrepantia,</strong></span> <span class='ocrx_word' id='word_1_436' title='bbox 2267 3304 2448 3359; x_wconf 87' lang='lat' dir='ltr'><strong>omnis</strong></span> <span class='ocrx_word' id='word_1_437' title='bbox 2487 3303 2792 3370; x_wconf 87' lang='lat' dir='ltr'><strong>distinctio,</strong></span> <span class='ocrx_word' id='word_1_438' title='bbox 2834 3300 3015 3356; x_wconf 89' lang='lat' dir='ltr'><strong>onmis</strong></span> <span class='ocrx_word' id='word_1_439' title='bbox 3059 3298 3331 3364; x_wconf 78' lang='lat' dir='ltr'><strong>deﬁnitio,</strong></span> <span class='ocrx_word' id='word_1_440' title='bbox 3372 3308 3430 3352; x_wconf 84' lang='lat' dir='ltr'><strong>et</strong></span> 
     </span>
    </p>
   </div>
   <div class='ocr_carea' id='block_1_63' title="bbox 1840 3390 3430 3466">
    <p class='ocr_par' dir='ltr' id='par_1_63' title="bbox 1840 3390 3430 3466">
     <span class='ocr_line' id='line_1_63' title="bbox 1840 3390 3430 3466; baseline -0.004 -17"><span class='ocrx_word' id='word_1_441' title='bbox 1840 3404 2037 3449; x_wconf 65' lang='lat' dir='ltr'><strong>uetera</strong></span> <span class='ocrx_word' id='word_1_442' title='bbox 2080 3410 2424 3466; x_wconf 70' lang='lat' dir='ltr'><strong>quaecunque</strong></span> <span class='ocrx_word' id='word_1_443' title='bbox 2447 3395 2681 3451; x_wconf 87' lang='lat' dir='ltr'><strong>esscndo</strong></span> <span class='ocrx_word' id='word_1_444' title='bbox 2705 3404 2831 3451; x_wconf 86' lang='lat' dir='ltr'><strong>sunt</strong></span> <span class='ocrx_word' id='word_1_445' title='bbox 2853 3392 3026 3458; x_wconf 87' lang='lat' dir='ltr'><strong>entia,</strong></span> <span class='ocrx_word' id='word_1_446' title='bbox 3051 3391 3302 3447; x_wconf 82' lang='lat' dir='ltr'><strong>universa</strong></span> <span class='ocrx_word' id='word_1_447' title='bbox 3347 3390 3430 3444; x_wconf 90' lang='lat' dir='ltr'><strong>in-</strong></span> 
     </span>
    </p>
   </div>
   <div class='ocr_carea' id='block_1_64' title="bbox 1841 3491 2033 3560">
    <p class='ocr_par' dir='ltr' id='par_1_64' title="bbox 1841 3491 2033 3560">
     <span class='ocr_line' id='line_1_64' title="bbox 1841 3491 2033 3560; baseline 0 -17"><span class='ocrx_word' id='word_1_448' title='bbox 1841 3491 2033 3560; x_wconf 81' lang='lat' dir='ltr'><strong>signit.</strong></span> 
     </span>
    </p>
   </div>
   <div class='ocr_carea' id='block_1_65' title="bbox 1671 3648 1907 3721">
    <p class='ocr_par' dir='ltr' id='par_1_65' title="bbox 1671 3648 1907 3721">
     <span class='ocr_line' id='line_1_65' title="bbox 1671 3648 1907 3721; baseline 0 -13"><span class='ocrx_word' id='word_1_449' title='bbox 1671 3650 1698 3721; x_wconf 84' lang='lat'>§</span> <span class='ocrx_word' id='word_1_450' title='bbox 1735 3648 1907 3708; x_wconf 83' lang='lat' dir='ltr'><strong>Vill.</strong></span> 
     </span>
    </p>
   </div>
   <div class='ocr_carea' id='block_1_66' title="bbox 210 3778 1742 3865">
    <p class='ocr_par' dir='ltr' id='par_1_66' title="bbox 210 3778 1742 3865">
     <span class='ocr_line' id='line_1_66' title="bbox 210 3778 1742 3865; baseline 0.012 -35"><span class='ocrx_word' id='word_1_451' title='bbox 210 3778 325 3832; x_wconf 62' lang='lat' dir='ltr'><strong>Kal</strong></span> <span class='ocrx_word' id='word_1_452' title='bbox 359 3781 431 3831; x_wconf 71' lang='grc' dir='ltr'>ἐκ</span> <span class='ocrx_word' id='word_1_453' title='bbox 471 3781 571 3852; x_wconf 83' lang='grc' dir='ltr'>τῆς</span> <span class='ocrx_word' id='word_1_454' title='bbox 607 3783 775 3857; x_wconf 69' lang='grc' dir='ltr'>αὐτῆς</span> <span class='ocrx_word' id='word_1_455' title='bbox 796 3787 841 3817; x_wconf 87' lang='grc'><strong>⁷³</strong></span> <span class='ocrx_word' id='word_1_456' title='bbox 874 3789 1092 3844; x_wconf 83' lang='grc' dir='ltr'>πάντων</span> <span class='ocrx_word' id='word_1_457' title='bbox 1122 3791 1300 3856; x_wconf 77' lang='grc' dir='ltr'>αἰτίας</span> <span class='ocrx_word' id='word_1_458' title='bbox 1336 3795 1392 3846; x_wconf 80' lang='lat' dir='ltr'><strong>al</strong></span> <span class='ocrx_word' id='word_1_459' title='bbox 1426 3796 1613 3865; x_wconf 78' lang='grc' dir='ltr'>νοηταὶ</span> <span class='ocrx_word' id='word_1_460' title='bbox 1649 3796 1742 3850; x_wconf 78' lang='grc' dir='ltr'>καὶ</span> 
     </span>
    </p>
   </div>
   <div class='ocr_carea' id='block_1_67' title="bbox 138 3872 1743 3958">
    <p class='ocr_par' dir='ltr' id='par_1_67' title="bbox 138 3872 1743 3958">
     <span class='ocr_line' id='line_1_67' title="bbox 138 3872 1743 3958; baseline 0.009 -35"><span class='ocrx_word' id='word_1_461' title='bbox 138 3872 325 3942; x_wconf 81' lang='grc' dir='ltr'>νοεραὶ</span> <span class='ocrx_word' id='word_1_462' title='bbox 360 3873 471 3926; x_wconf 88' lang='grc' dir='ltr'><strong>τῶν</strong></span> <span class='ocrx_word' id='word_1_463' title='bbox 495 3874 744 3930; x_wconf 89' lang='grc' dir='ltr'>θεοειδῶν</span> <span class='ocrx_word' id='word_1_464' title='bbox 778 3878 1028 3949; x_wconf 82' lang='grc' dir='ltr'>ἀγγέλων</span> <span class='ocrx_word' id='word_1_465' title='bbox 1056 3885 1258 3951; x_wconf 82' lang='grc' dir='ltr'>οὐσίαι,</span> <span class='ocrx_word' id='word_1_466' title='bbox 1289 3886 1385 3939; x_wconf 73' lang='grc' dir='ltr'>καὶ</span> <span class='ocrx_word' id='word_1_467' title='bbox 1413 3888 1469 3940; x_wconf 77' lang='grc' dir='ltr'>αἱ</span> <span class='ocrx_word' id='word_1_468' title='bbox 1495 3886 1605 3939; x_wconf 87' lang='grc' dir='ltr'><strong>τῶν</strong></span> <span class='ocrx_word' id='word_1_469' title='bbox 1639 3886 1743 3958; x_wconf 63' lang='lat' dir='ltr'><strong>qm-</strong></span> 
     </span>
    </p>
   </div>
   <div class='ocr_carea' id='block_1_68' title="bbox 139 3963 1741 4048">
    <p class='ocr_par' dir='ltr' id='par_1_68' title="bbox 139 3963 1741 4048">
     <span class='ocr_line' id='line_1_68' title="bbox 139 3963 1741 4048; baseline 0.013 -34"><span class='ocrx_word' id='word_1_470' title='bbox 139 3963 271 4032; x_wconf 83' lang='grc' dir='ltr'>χῶν,</span> <span class='ocrx_word' id='word_1_471' title='bbox 304 3966 399 4018; x_wconf 73' lang='grc' dir='ltr'><strong>καὶ</strong></span> <span class='ocrx_word' id='word_1_472' title='bbox 430 3970 485 4020; x_wconf 76' lang='grc' dir='ltr'>αἱ</span> <span class='ocrx_word' id='word_1_473' title='bbox 515 3970 609 4023; x_wconf 74' lang='grc' dir='ltr'>τοῦ</span> <span class='ocrx_word' id='word_1_474' title='bbox 639 3974 839 4037; x_wconf 84' lang='grc' dir='ltr'>παντὸς</span> <span class='ocrx_word' id='word_1_475' title='bbox 865 3974 1072 4044; x_wconf 89' lang='grc' dir='ltr'>κόσμου</span> <span class='ocrx_word' id='word_1_476' title='bbox 1106 3978 1320 4048; x_wconf 74' lang='grc' dir='ltr'>φύσεις,</span> <span class='ocrx_word' id='word_1_477' title='bbox 1346 3982 1440 4034; x_wconf 76' lang='grc' dir='ltr'>καὶ</span> <span class='ocrx_word' id='word_1_478' title='bbox 1460 3980 1532 4034; x_wconf 89' lang='grc' dir='ltr'><strong>τά</strong></span> <span class='ocrx_word' id='word_1_479' title='bbox 1557 3984 1741 4036; x_wconf 85' lang='grc' dir='ltr'>ὁπωσ-</span> 
     </span>
    </p>
   </div>
   <div class='ocr_carea' id='block_1_69' title="bbox 138 4053 1740 4139">
    <p class='ocr_par' dir='ltr' id='par_1_69' title="bbox 138 4053 1740 4139">
     <span class='ocr_line' id='line_1_69' title="bbox 138 4053 1740 4139; baseline 0.013 -34"><span class='ocrx_word' id='word_1_480' title='bbox 138 4053 233 4107; x_wconf 78' lang='grc' dir='ltr'><strong>οῦν</strong></span> <span class='ocrx_word' id='word_1_481' title='bbox 285 4055 321 4126; x_wconf 74' lang='grc' dir='ltr'>ἢ</span> <span class='ocrx_word' id='word_1_482' title='bbox 365 4059 424 4111; x_wconf 79' lang='grc' dir='ltr'>ἐν</span> <span class='ocrx_word' id='word_1_483' title='bbox 472 4061 678 4133; x_wconf 78' lang='grc' dir='ltr'>ἑτέροις</span> <span class='ocrx_word' id='word_1_484' title='bbox 722 4065 1013 4137; x_wconf 81' lang='grc' dir='ltr'>ὑπάρχειν,</span> <span class='ocrx_word' id='word_1_485' title='bbox 1054 4068 1088 4139; x_wconf 80' lang='grc' dir='ltr'>ἢ</span> <span class='ocrx_word' id='word_1_486' title='bbox 1140 4070 1262 4123; x_wconf 86' lang='grc' dir='ltr'>κατ’</span> <span class='ocrx_word' id='word_1_487' title='bbox 1306 4071 1550 4126; x_wconf 79' lang='grc' dir='ltr'>ἐπίνοιαν</span> <span class='ocrx_word' id='word_1_488' title='bbox 1600 4066 1740 4126; x_wconf 73' lang='grc' dir='ltr'>εἶναι</span> 
     </span>
    </p>
   </div>
   <div class='ocr_carea' id='block_1_70' title="bbox 138 4144 1740 4235">
    <p class='ocr_par' dir='ltr' id='par_1_70' title="bbox 138 4144 1740 4235">
     <span class='ocr_line' id='line_1_70' title="bbox 138 4144 1740 4235; baseline 0.011 -35"><span class='ocrx_word' id='word_1_489' title='bbox 138 4144 446 4217; x_wconf 80' lang='grc' dir='ltr'>λεγόμενα’</span> <span class='ocrx_word' id='word_1_490' title='bbox 502 4154 597 4206; x_wconf 79' lang='grc' dir='ltr'>καὶ</span> <span class='ocrx_word' id='word_1_491' title='bbox 634 4156 768 4223; x_wconf 80' lang='grc' dir='ltr'>γοῦν</span> <span class='ocrx_word' id='word_1_492' title='bbox 816 4160 872 4211; x_wconf 87' lang='grc' dir='ltr'><strong>αί</strong></span> <span class='ocrx_word' id='word_1_493' title='bbox 927 4160 1193 4229; x_wconf 82' lang='grc' dir='ltr'>πανάγιαι</span> <span class='ocrx_word' id='word_1_494' title='bbox 1240 4163 1334 4216; x_wconf 77' lang='grc' dir='ltr'>καὶ</span> <span class='ocrx_word' id='word_1_495' title='bbox 1369 4164 1740 4235; x_wconf 77' lang='grc' dir='ltr'>πρεσϐύταται</span> 
     </span>
    </p>
   </div>
   <div class='ocr_carea' id='block_1_71' title="bbox 139 4236 1736 4326">
    <p class='ocr_par' dir='ltr' id='par_1_71' title="bbox 139 4236 1736 4326">
     <span class='ocr_line' id='line_1_71' title="bbox 139 4236 1736 4326; baseline 0.013 -37"><span class='ocrx_word' id='word_1_496' title='bbox 139 4236 404 4309; x_wconf 82' lang='grc' dir='ltr'>δυνάμεις</span> <span class='ocrx_word' id='word_1_497' title='bbox 448 4242 618 4308; x_wconf 81' lang='grc' dir='ltr'>ὅντως</span> <span class='ocrx_word' id='word_1_498' title='bbox 659 4242 847 4313; x_wconf 79' lang='grc' dir='ltr'>οὖσαι,</span> <span class='ocrx_word' id='word_1_499' title='bbox 896 4252 993 4304; x_wconf 80' lang='grc' dir='ltr'><strong>καὶ</strong></span> <span class='ocrx_word' id='word_1_500' title='bbox 1037 4246 1150 4305; x_wconf 83' lang='grc' dir='ltr'>οἷον</span> <span class='ocrx_word' id='word_1_501' title='bbox 1192 4254 1253 4307; x_wconf 84' lang='grc' dir='ltr'>ὲν</span> <span class='ocrx_word' id='word_1_502' title='bbox 1299 4254 1594 4326; x_wconf 79' lang='grc' dir='ltr'>προθύροις</span> <span class='ocrx_word' id='word_1_503' title='bbox 1633 4254 1736 4325; x_wconf 84' lang='grc' dir='ltr'>τῆς</span> 
     </span>
    </p>
   </div>
   <div class='ocr_carea' id='block_1_72' title="bbox 140 4328 1735 4418">
    <p class='ocr_par' dir='ltr' id='par_1_72' title="bbox 140 4328 1735 4418">
     <span class='ocr_line' id='line_1_72' title="bbox 140 4328 1735 4418; baseline 0.013 -39"><span class='ocrx_word' id='word_1_504' title='bbox 140 4328 473 4400; x_wconf 83' lang='grc' dir='ltr'>ὐπερουσίου</span> <span class='ocrx_word' id='word_1_505' title='bbox 510 4334 739 4405; x_wconf 85' lang='grc' dir='ltr'>Τριάδος</span> <span class='ocrx_word' id='word_1_506' title='bbox 777 4338 1095 4410; x_wconf 79' lang='grc' dir='ltr'>ἱδρυμέναι,</span> <span class='ocrx_word' id='word_1_507' title='bbox 1142 4342 1280 4414; x_wconf 86' lang='grc' dir='ltr'>πρὸς</span> <span class='ocrx_word' id='word_1_508' title='bbox 1326 4344 1500 4418; x_wconf 79' lang='grc' dir='ltr'>αὐτῆς</span> <span class='ocrx_word' id='word_1_509' title='bbox 1546 4347 1638 4400; x_wconf 77' lang='grc' dir='ltr'>καὶ</span> <span class='ocrx_word' id='word_1_510' title='bbox 1678 4347 1735 4399; x_wconf 79' lang='grc' dir='ltr'>ὲν</span> 
     </span>
    </p>
   </div>
   <div class='ocr_carea' id='block_1_73' title="bbox 141 4420 1734 4509">
    <p class='ocr_par' dir='ltr' id='par_1_73' title="bbox 141 4420 1734 4509">
     <span class='ocr_line' id='line_1_73' title="bbox 141 4420 1734 4509; baseline 0.014 -39"><span class='ocrx_word' id='word_1_511' title='bbox 141 4420 279 4491; x_wconf 77' lang='grc' dir='ltr'>αὐτῇ</span> <span class='ocrx_word' id='word_1_512' title='bbox 304 4460 320 4483; x_wconf 93' lang='grc'><strong>,</strong></span> <span class='ocrx_word' id='word_1_513' title='bbox 358 4424 451 4476; x_wconf 79' lang='grc' dir='ltr'>καὶ</span> <span class='ocrx_word' id='word_1_514' title='bbox 478 4423 542 4478; x_wconf 71' lang='grc' dir='ltr'><strong>τὸ</strong></span> <span class='ocrx_word' id='word_1_515' title='bbox 584 4423 757 4493; x_wconf 79' lang='grc' dir='ltr'>εἶναι,</span> <span class='ocrx_word' id='word_1_516' title='bbox 808 4433 904 4485; x_wconf 80' lang='grc' dir='ltr'>καὶ</span> <span class='ocrx_word' id='word_1_517' title='bbox 942 4432 1004 4486; x_wconf 85' lang='grc' dir='ltr'>τὸ</span> <span class='ocrx_word' id='word_1_518' title='bbox 1042 4433 1293 4499; x_wconf 88' lang='grc' dir='ltr'>θεοειδῶς</span> <span class='ocrx_word' id='word_1_519' title='bbox 1333 4433 1471 4490; x_wconf 81' lang='grc' dir='ltr'>εἶναι</span> <span class='ocrx_word' id='word_1_520' title='bbox 1512 4438 1695 4509; x_wconf 82' lang='grc' dir='ltr'>ἔχουσι</span> <span class='ocrx_word' id='word_1_521' title='bbox 1718 4453 1734 4468; x_wconf 87' lang='grc'><strong>·</strong></span> 
     </span>
    </p>
   </div>
   <div class='ocr_carea' id='block_1_74' title="bbox 142 4514 1737 4601">
    <p class='ocr_par' dir='ltr' id='par_1_74' title="bbox 142 4514 1737 4601">
     <span class='ocr_line' id='line_1_74' title="bbox 142 4514 1737 4601; baseline 0.013 -36"><span class='ocrx_word' id='word_1_522' title='bbox 142 4514 236 4566; x_wconf 75' lang='grc' dir='ltr'>καὶ</span> <span class='ocrx_word' id='word_1_523' title='bbox 278 4517 399 4584; x_wconf 84' lang='grc' dir='ltr'>μετ’</span> <span class='ocrx_word' id='word_1_524' title='bbox 426 4518 638 4584; x_wconf 78' lang='grc' dir='ltr'>ὲκείνας</span> <span class='ocrx_word' id='word_1_525' title='bbox 666 4523 722 4575; x_wconf 90' lang='grc' dir='ltr'><strong>αί</strong></span> <span class='ocrx_word' id='word_1_526' title='bbox 761 4522 1055 4595; x_wconf 80' lang='grc' dir='ltr'>ὑφειμέναι</span> <span class='ocrx_word' id='word_1_527' title='bbox 1082 4527 1144 4579; x_wconf 87' lang='grc' dir='ltr'>τὸ</span> <span class='ocrx_word' id='word_1_528' title='bbox 1177 4527 1488 4601; x_wconf 81' lang='grc' dir='ltr'>ὑφειμένως</span> <span class='ocrx_word' id='word_1_529' title='bbox 1507 4569 1523 4593; x_wconf 89' lang='grc'><strong>,</strong></span> <span class='ocrx_word' id='word_1_530' title='bbox 1557 4531 1651 4584; x_wconf 78' lang='grc' dir='ltr'>καὶ</span> <span class='ocrx_word' id='word_1_531' title='bbox 1680 4532 1737 4585; x_wconf 81' lang='grc' dir='ltr'>αἱ</span> 
     </span>
    </p>
   </div>
   <div class='ocr_carea' id='block_1_75' title="bbox 141 4602 1737 4694">
    <p class='ocr_par' dir='ltr' id='par_1_75' title="bbox 141 4602 1737 4694">
     <span class='ocr_line' id='line_1_75' title="bbox 141 4602 1737 4694; baseline 0.021 -38"><span class='ocrx_word' id='word_1_532' title='bbox 141 4602 374 4675; x_wconf 77' lang='grc' dir='ltr'>ἔσχαται</span> <span class='ocrx_word' id='word_1_533' title='bbox 414 4609 475 4661; x_wconf 84' lang='grc' dir='ltr'>τὸ</span> <span class='ocrx_word' id='word_1_534' title='bbox 515 4611 794 4683; x_wconf 82' lang='grc' dir='ltr'>ἐσχάτως,</span> <span class='ocrx_word' id='word_1_535' title='bbox 844 4615 922 4680; x_wconf 85' lang='grc' dir='ltr'>ὡς</span> <span class='ocrx_word' id='word_1_536' title='bbox 968 4617 1105 4688; x_wconf 84' lang='grc' dir='ltr'>πρὸς</span> <span class='ocrx_word' id='word_1_537' title='bbox 1141 4619 1406 4689; x_wconf 78' lang='grc' dir='ltr'>ἀγγέλους</span> <span class='ocrx_word' id='word_1_538' title='bbox 1429 4661 1444 4684; x_wconf 74' lang='grc' dir='ltr'><strong>ν</strong></span> <span class='ocrx_word' id='word_1_539' title='bbox 1485 4621 1561 4686; x_wconf 83' lang='grc' dir='ltr'><strong>ὡς</strong></span> <span class='ocrx_word' id='word_1_540' title='bbox 1600 4623 1737 4694; x_wconf 78' lang='grc' dir='ltr'>πρὸς</span> 
     </span>
    </p>
   </div>
   <div class='ocr_carea' id='block_1_76' title="bbox 141 4698 1736 4782">
    <p class='ocr_par' dir='ltr' id='par_1_76' title="bbox 141 4698 1736 4782">
     <span class='ocr_line' id='line_1_76' title="bbox 141 4698 1736 4782; baseline 0.012 -31"><span class='ocrx_word' id='word_1_541' title='bbox 141 4698 293 4768; x_wconf 74' lang='grc' dir='ltr'>ἡμᾶς</span> <span class='ocrx_word' id='word_1_542' title='bbox 314 4700 372 4752; x_wconf 88' lang='grc' dir='ltr'>δὲ</span> <span class='ocrx_word' id='word_1_543' title='bbox 392 4701 494 4754; x_wconf 85' lang='grc' dir='ltr'>ὐπε</span> <span class='ocrx_word' id='word_1_544' title='bbox 503 4707 796 4776; x_wconf 88' lang='grc' dir='ltr'>ρκοσμίως.</span> <span class='ocrx_word' id='word_1_545' title='bbox 813 4709 923 4763; x_wconf 76' lang='grc' dir='ltr'><strong>Καὶ</strong></span> <span class='ocrx_word' id='word_1_546' title='bbox 937 4711 993 4762; x_wconf 86' lang='grc' dir='ltr'><strong>αί</strong></span> <span class='ocrx_word' id='word_1_547' title='bbox 1007 4710 1195 4782; x_wconf 67' lang='grc' dir='ltr'>ψυχαὶ,</span> <span class='ocrx_word' id='word_1_548' title='bbox 1214 4714 1308 4766; x_wconf 73' lang='grc' dir='ltr'>καὶ</span> <span class='ocrx_word' id='word_1_549' title='bbox 1323 4713 1392 4767; x_wconf 89' lang='grc' dir='ltr'><strong>τά</strong></span> <span class='ocrx_word' id='word_1_550' title='bbox 1408 4714 1542 4768; x_wconf 80' lang='grc' dir='ltr'>ἄλλα</span> <span class='ocrx_word' id='word_1_551' title='bbox 1558 4717 1736 4770; x_wconf 84' lang='grc' dir='ltr'>πάντα</span> 
     </span>
    </p>
   </div>
   <div class='ocr_carea' id='block_1_77' title="bbox 142 4789 1735 4871">
    <p class='ocr_par' dir='ltr' id='par_1_77' title="bbox 142 4789 1735 4871">
     <span class='ocr_line' id='line_1_77' title="bbox 142 4789 1735 4871; baseline 0.012 -28"><span class='ocrx_word' id='word_1_552' title='bbox 142 4789 296 4856; x_wconf 72' lang='grc' dir='ltr'>ὄντα,</span> <span class='ocrx_word' id='word_1_553' title='bbox 324 4793 466 4847; x_wconf 87' lang='grc' dir='ltr'><strong>κατά</strong></span> <span class='ocrx_word' id='word_1_554' title='bbox 490 4796 581 4849; x_wconf 82' lang='grc' dir='ltr'>τὸν</span> <span class='ocrx_word' id='word_1_555' title='bbox 598 4798 761 4852; x_wconf 80' lang='grc' dir='ltr'>αὑτὸν</span> <span class='ocrx_word' id='word_1_556' title='bbox 781 4799 938 4871; x_wconf 84' lang='grc' dir='ltr'>λόγον</span> <span class='ocrx_word' id='word_1_557' title='bbox 962 4804 1135 4857; x_wconf 80' lang='grc' dir='ltr'>καὶτὸ</span> <span class='ocrx_word' id='word_1_558' title='bbox 1155 4800 1294 4858; x_wconf 85' lang='grc' dir='ltr'>εἶναι</span> <span class='ocrx_word' id='word_1_559' title='bbox 1322 4808 1416 4859; x_wconf 72' lang='grc' dir='ltr'>καὶ</span> <span class='ocrx_word' id='word_1_560' title='bbox 1429 4807 1489 4860; x_wconf 85' lang='grc' dir='ltr'>τὸ</span> <span class='ocrx_word' id='word_1_561' title='bbox 1510 4804 1569 4861; x_wconf 80' lang='grc' dir='ltr'>εὖ</span> <span class='ocrx_word' id='word_1_562' title='bbox 1596 4805 1735 4863; x_wconf 83' lang='grc' dir='ltr'>εἶναι</span> 
     </span>
    </p>
   </div>
   <div class='ocr_carea' id='block_1_78' title="bbox 143 4883 1734 4967">
    <p class='ocr_par' dir='ltr' id='par_1_78' title="bbox 143 4883 1734 4967">
     <span class='ocr_line' id='line_1_78' title="bbox 143 4883 1734 4967; baseline 0.011 -31"><span class='ocrx_word' id='word_1_563' title='bbox 143 4883 257 4953; x_wconf 81' lang='grc' dir='ltr'>ἔχει</span> <span class='ocrx_word' id='word_1_564' title='bbox 276 4925 294 4949; x_wconf 94' lang='grc'><strong>,</strong></span> <span class='ocrx_word' id='word_1_565' title='bbox 327 4888 421 4940; x_wconf 82' lang='grc' dir='ltr'><strong>καὶ</strong></span> <span class='ocrx_word' id='word_1_566' title='bbox 448 4886 562 4941; x_wconf 78' lang='grc' dir='ltr'>ἔστι</span> <span class='ocrx_word' id='word_1_567' title='bbox 585 4892 679 4943; x_wconf 75' lang='grc' dir='ltr'><strong>καὶ</strong></span> <span class='ocrx_word' id='word_1_568' title='bbox 704 4888 763 4945; x_wconf 74' lang='grc' dir='ltr'>εὖ</span> <span class='ocrx_word' id='word_1_569' title='bbox 793 4894 959 4958; x_wconf 76' lang='grc' dir='ltr'>ἐστιν,</span> <span class='ocrx_word' id='word_1_570' title='bbox 984 4894 1049 4948; x_wconf 78' lang='grc' dir='ltr'>ἐκ</span> <span class='ocrx_word' id='word_1_571' title='bbox 1076 4895 1172 4949; x_wconf 80' lang='grc' dir='ltr'>τοῦ</span> <span class='ocrx_word' id='word_1_572' title='bbox 1208 4898 1469 4967; x_wconf 87' lang='grc' dir='ltr'>προόντος</span> <span class='ocrx_word' id='word_1_573' title='bbox 1493 4900 1557 4953; x_wconf 77' lang='grc' dir='ltr'>τὸ</span> <span class='ocrx_word' id='word_1_574' title='bbox 1594 4896 1734 4954; x_wconf 77' lang='grc' dir='ltr'>εἶναι</span> 
     </span>
    </p>
   </div>
   <div class='ocr_carea' id='block_1_79' title="bbox 145 4975 1733 5058">
    <p class='ocr_par' dir='ltr' id='par_1_79' title="bbox 145 4975 1733 5058">
     <span class='ocr_line' id='line_1_79' title="bbox 145 4975 1733 5058; baseline 0.011 -31"><span class='ocrx_word' id='word_1_575' title='bbox 145 4978 238 5030; x_wconf 74' lang='grc' dir='ltr'>καὶ</span> <span class='ocrx_word' id='word_1_576' title='bbox 266 4976 332 5029; x_wconf 84' lang='grc' dir='ltr'>τὸ</span> <span class='ocrx_word' id='word_1_577' title='bbox 364 4975 422 5031; x_wconf 80' lang='grc' dir='ltr'>εὖ</span> <span class='ocrx_word' id='word_1_578' title='bbox 449 4975 589 5033; x_wconf 83' lang='grc' dir='ltr'>εἶναι</span> <span class='ocrx_word' id='word_1_579' title='bbox 617 4981 836 5053; x_wconf 79' lang='grc' dir='ltr'>ἔχοντα,</span> <span class='ocrx_word' id='word_1_580' title='bbox 870 4987 964 5039; x_wconf 73' lang='grc' dir='ltr'>καὶ</span> <span class='ocrx_word' id='word_1_581' title='bbox 996 4986 1057 5038; x_wconf 84' lang='grc' dir='ltr'>ὲν</span> <span class='ocrx_word' id='word_1_582' title='bbox 1100 4987 1374 5058; x_wconf 57' lang='grc' dir='ltr'>αὐτῷχκαὶ</span> <span class='ocrx_word' id='word_1_583' title='bbox 1399 4989 1527 5042; x_wconf 80' lang='grc' dir='ltr'>ὄντα</span> <span class='ocrx_word' id='word_1_584' title='bbox 1553 4992 1648 5044; x_wconf 83' lang='grc' dir='ltr'>καὶ</span> <span class='ocrx_word' id='word_1_585' title='bbox 1673 4986 1733 5045; x_wconf 78' lang='grc' dir='ltr'>εὖ</span> 
     </span>
    </p>
   </div>
   <div class='ocr_carea' id='block_1_80' title="bbox 146 5067 1739 5154">
    <p class='ocr_par' dir='ltr' id='par_1_80' title="bbox 146 5067 1739 5154">
     <span class='ocr_line' id='line_1_80' title="bbox 146 5067 1739 5154; baseline 0.011 -34"><span class='ocrx_word' id='word_1_586' title='bbox 146 5067 275 5122; x_wconf 74' lang='grc' dir='ltr'>ὄντα</span> <span class='ocrx_word' id='word_1_587' title='bbox 300 5109 314 5133; x_wconf 94' lang='grc'><strong>,</strong></span> <span class='ocrx_word' id='word_1_588' title='bbox 348 5072 442 5124; x_wconf 74' lang='grc' dir='ltr'><strong>καὶ</strong></span> <span class='ocrx_word' id='word_1_589' title='bbox 480 5073 543 5137; x_wconf 76' lang='grc' dir='ltr'>ἐξ</span> <span class='ocrx_word' id='word_1_590' title='bbox 584 5075 750 5128; x_wconf 81' lang='grc' dir='ltr'>αὐτοῦ</span> <span class='ocrx_word' id='word_1_591' title='bbox 794 5078 1109 5149; x_wconf 87' lang='grc' dir='ltr'>ἀρχόμενα,</span> <span class='ocrx_word' id='word_1_592' title='bbox 1146 5082 1241 5135; x_wconf 75' lang='grc' dir='ltr'><strong>καὶ</strong></span> <span class='ocrx_word' id='word_1_593' title='bbox 1270 5082 1329 5134; x_wconf 84' lang='grc' dir='ltr'>ὲν</span> <span class='ocrx_word' id='word_1_594' title='bbox 1376 5082 1528 5154; x_wconf 84' lang='grc' dir='ltr'><strong>αὐτῷ</strong></span> <span class='ocrx_word' id='word_1_595' title='bbox 1572 5101 1739 5154; x_wconf 74' lang='grc' dir='ltr'>φρου-</span> 
     </span>
    </p>
   </div>
   <div class='ocr_carea' id='block_1_81' title="bbox 151 5162 1738 5248">
    <p class='ocr_par' dir='ltr' id='par_1_81' title="bbox 151 5162 1738 5248">
     <span class='ocr_line' id='line_1_81' title="bbox 151 5162 1738 5248; baseline 0.011 -35"><span class='ocrx_word' id='word_1_596' title='bbox 151 5162 423 5233; x_wconf 82' lang='grc' dir='ltr'>ρούμενα,</span> <span class='ocrx_word' id='word_1_597' title='bbox 469 5167 563 5218; x_wconf 85' lang='grc' dir='ltr'><strong>καί</strong></span> <span class='ocrx_word' id='word_1_598' title='bbox 602 5167 684 5231; x_wconf 82' lang='grc' dir='ltr'><strong>είς</strong></span> <span class='ocrx_word' id='word_1_599' title='bbox 730 5169 893 5222; x_wconf 88' lang='grc' dir='ltr'>αὐτὸν</span> <span class='ocrx_word' id='word_1_600' title='bbox 927 5173 1330 5245; x_wconf 76' lang='grc' dir='ltr'>περατούμενα.</span> <span class='ocrx_word' id='word_1_601' title='bbox 1379 5176 1495 5229; x_wconf 75' lang='grc' dir='ltr'><strong>Κα)⁸</strong></span> <span class='ocrx_word' id='word_1_602' title='bbox 1528 5177 1599 5231; x_wconf 74' lang='grc' dir='ltr'>τὰ</span> <span class='ocrx_word' id='word_1_603' title='bbox 1639 5178 1738 5248; x_wconf 82' lang='grc' dir='ltr'>μὲν</span> 
     </span>
    </p>
   </div>
   <div class='ocr_carea' id='block_1_82' title="bbox 152 5255 1738 5335">
    <p class='ocr_par' dir='ltr' id='par_1_82' title="bbox 152 5255 1738 5335">
     <span class='ocr_line' id='line_1_82' title="bbox 152 5255 1738 5335; baseline 0.011 -29"><span class='ocrx_word' id='word_1_604' title='bbox 152 5256 419 5326; x_wconf 82' lang='grc' dir='ltr'>πρεσϐεῖα</span> <span class='ocrx_word' id='word_1_605' title='bbox 462 5258 556 5311; x_wconf 82' lang='grc' dir='ltr'>τοῦ</span> <span class='ocrx_word' id='word_1_606' title='bbox 605 5255 745 5313; x_wconf 82' lang='grc' dir='ltr'>εἶναι</span> <span class='ocrx_word' id='word_1_607' title='bbox 792 5262 944 5332; x_wconf 84' lang='grc' dir='ltr'>νέμει</span> <span class='ocrx_word' id='word_1_608' title='bbox 981 5268 1104 5327; x_wconf 87' lang='grc' dir='ltr'>ταῖς</span> <span class='ocrx_word' id='word_1_609' title='bbox 1140 5265 1445 5335; x_wconf 85' lang='grc' dir='ltr'>κρείττοσιν</span> <span class='ocrx_word' id='word_1_610' title='bbox 1488 5267 1697 5333; x_wconf 81' lang='grc' dir='ltr'>οὐσίαις</span> <span class='ocrx_word' id='word_1_611' title='bbox 1722 5308 1738 5333; x_wconf 90' lang='grc'><strong>,</strong></span> 
     </span>
    </p>
   </div>
   <div class='ocr_carea' id='block_1_83' title="bbox 151 5344 1739 5424">
    <p class='ocr_par' dir='ltr' id='par_1_83' title="bbox 151 5344 1739 5424">
     <span class='ocr_line' id='line_1_83' title="bbox 151 5344 1739 5424; baseline 0.01 -26"><span class='ocrx_word' id='word_1_612' title='bbox 151 5344 213 5409; x_wconf 78' lang='grc' dir='ltr'>ἃς</span> <span class='ocrx_word' id='word_1_613' title='bbox 246 5350 344 5401; x_wconf 81' lang='grc' dir='ltr'>καὶ</span> <span class='ocrx_word' id='word_1_614' title='bbox 376 5350 603 5415; x_wconf 86' lang='grc' dir='ltr'>αίωνίας</span> <span class='ocrx_word' id='word_1_615' title='bbox 638 5353 794 5405; x_wconf 76' lang='grc' dir='ltr'>καλεῖ</span> <span class='ocrx_word' id='word_1_616' title='bbox 821 5355 889 5408; x_wconf 91' lang='grc' dir='ltr'><strong>τά</strong></span> <span class='ocrx_word' id='word_1_617' title='bbox 918 5356 1073 5424; x_wconf 84' lang='grc' dir='ltr'>λόγια</span> <span class='ocrx_word' id='word_1_618' title='bbox 1091 5373 1104 5385; x_wconf 87' lang='grc'><strong>·</strong></span> <span class='ocrx_word' id='word_1_619' title='bbox 1133 5356 1195 5409; x_wconf 85' lang='grc' dir='ltr'>τὸ</span> <span class='ocrx_word' id='word_1_620' title='bbox 1218 5356 1275 5410; x_wconf 82' lang='grc' dir='ltr'>δὲ</span> <span class='ocrx_word' id='word_1_621' title='bbox 1304 5354 1440 5413; x_wconf 86' lang='grc' dir='ltr'>εἶναι</span> <span class='ocrx_word' id='word_1_622' title='bbox 1470 5359 1602 5413; x_wconf 80' lang='grc' dir='ltr'>αὐτὸ</span> <span class='ocrx_word' id='word_1_623' title='bbox 1629 5361 1739 5415; x_wconf 90' lang='grc' dir='ltr'><strong>τῶν</strong></span> 
     </span>
    </p>
   </div>
   <div class='ocr_carea' id='block_1_84' title="bbox 150 5435 1742 5505">
    <p class='ocr_par' dir='ltr' id='par_1_84' title="bbox 150 5435 1742 5505">
     <span class='ocr_line' id='line_1_84' title="bbox 150 5435 1742 5505; baseline 0.01 -17"><span class='ocrx_word' id='word_1_624' title='bbox 150 5435 321 5490; x_wconf 75' lang='grc' dir='ltr'>ὄντων</span> <span class='ocrx_word' id='word_1_625' title='bbox 347 5438 566 5493; x_wconf 82' lang='grc' dir='ltr'>πάντων</span> <span class='ocrx_word' id='word_1_626' title='bbox 594 5442 849 5497; x_wconf 82' lang='grc' dir='ltr'>οὐδέποτε</span> <span class='ocrx_word' id='word_1_627' title='bbox 883 5445 1267 5499; x_wconf 87' lang='grc' dir='ltr'>ἀπολείπεται·</span> <span class='ocrx_word' id='word_1_628' title='bbox 1305 5448 1399 5501; x_wconf 74' lang='grc' dir='ltr'>καὶ</span> <span class='ocrx_word' id='word_1_629' title='bbox 1424 5449 1555 5503; x_wconf 80' lang='grc' dir='ltr'>αὐτὸ</span> <span class='ocrx_word' id='word_1_630' title='bbox 1587 5451 1646 5504; x_wconf 84' lang='grc' dir='ltr'>δὲ</span> <span class='ocrx_word' id='word_1_631' title='bbox 1679 5451 1742 5505; x_wconf 84' lang='grc' dir='ltr'>τὸ</span> 
     </span>
    </p>
   </div>
   <div class='ocr_carea' id='block_1_85' title="bbox 1920 3790 3429 3865">
    <p class='ocr_par' dir='ltr' id='par_1_85' title="bbox 1920 3790 3429 3865">
     <span class='ocr_line' id='line_1_85' title="bbox 1920 3790 3429 3865; baseline -0.006 -13"><span class='ocrx_word' id='word_1_632' title='bbox 1920 3797 2097 3865; x_wconf 86' lang='lat' dir='ltr'><strong>Atque</strong></span> <span class='ocrx_word' id='word_1_633' title='bbox 2121 3810 2185 3851; x_wconf 79' lang='lat' dir='ltr'><strong>ex</strong></span> <span class='ocrx_word' id='word_1_634' title='bbox 2210 3797 2313 3852; x_wconf 86' lang='lat' dir='ltr'><strong>hac</strong></span> <span class='ocrx_word' id='word_1_635' title='bbox 2336 3795 2450 3865; x_wconf 84' lang='lat' dir='ltr'><strong>ipsa</strong></span> <span class='ocrx_word' id='word_1_636' title='bbox 2472 3792 2714 3849; x_wconf 90' lang='lat' dir='ltr'><strong>omnium</strong></span> <span class='ocrx_word' id='word_1_637' title='bbox 2743 3809 2908 3850; x_wconf 87' lang='lat' dir='ltr'><strong>causa</strong></span> <span class='ocrx_word' id='word_1_638' title='bbox 2935 3803 3061 3848; x_wconf 90' lang='lat' dir='ltr'><strong>sunt</strong></span> <span class='ocrx_word' id='word_1_639' title='bbox 3079 3790 3429 3848; x_wconf 82' lang='lat' dir='ltr'><strong>intellectiles</strong></span> 
     </span>
    </p>
   </div>
   <div class='ocr_carea' id='block_1_86' title="bbox 1846 3884 3430 3958">
    <p class='ocr_par' dir='ltr' id='par_1_86' title="bbox 1846 3884 3430 3958">
     <span class='ocr_line' id='line_1_86' title="bbox 1846 3884 3430 3958; baseline -0.005 -16"><span class='ocrx_word' id='word_1_640' title='bbox 1846 3902 1912 3942; x_wconf 91' lang='lat' dir='ltr'><strong>ac</strong></span> <span class='ocrx_word' id='word_1_641' title='bbox 1952 3888 2318 3958; x_wconf 88' lang='lat' dir='ltr'><strong>intelligentes</strong></span> <span class='ocrx_word' id='word_1_642' title='bbox 2357 3886 2711 3941; x_wconf 80' lang='lat' dir='ltr'><strong>deiformium</strong></span> <span class='ocrx_word' id='word_1_643' title='bbox 2742 3885 3060 3954; x_wconf 81' lang='lat' dir='ltr'><strong>angelorum</strong></span> <span class='ocrx_word' id='word_1_644' title='bbox 3091 3884 3430 3936; x_wconf 79' lang='lat' dir='ltr'><strong>animarum-</strong></span> 
     </span>
    </p>
   </div>
   <div class='ocr_carea' id='block_1_87' title="bbox 1847 3977 3431 4050">
    <p class='ocr_par' dir='ltr' id='par_1_87' title="bbox 1847 3977 3431 4050">
     <span class='ocr_line' id='line_1_87' title="bbox 1847 3977 3431 4050; baseline -0.002 -19"><span class='ocrx_word' id='word_1_645' title='bbox 1847 3994 1953 4050; x_wconf 87' lang='lat' dir='ltr'><strong>que</strong></span> <span class='ocrx_word' id='word_1_646' title='bbox 1980 3980 2259 4046; x_wconf 61' lang='lat' dir='ltr'><strong>essentiat,</strong></span> <span class='ocrx_word' id='word_1_647' title='bbox 2279 3994 2345 4034; x_wconf 85' lang='lat' dir='ltr'><strong>ac</strong></span> <span class='ocrx_word' id='word_1_648' title='bbox 2373 3980 2537 4033; x_wconf 90' lang='lat' dir='ltr'><strong>totius</strong></span> <span class='ocrx_word' id='word_1_649' title='bbox 2563 3977 2746 4031; x_wconf 91' lang='lat' dir='ltr'><strong>mundi</strong></span> <span class='ocrx_word' id='word_1_650' title='bbox 2771 3988 3001 4041; x_wconf 78' lang='lat' dir='ltr'><strong>naturae,</strong></span> <span class='ocrx_word' id='word_1_651' title='bbox 3020 3989 3073 4030; x_wconf 85' lang='lat' dir='ltr'><strong>et</strong></span> <span class='ocrx_word' id='word_1_652' title='bbox 3092 3988 3431 4045; x_wconf 81' lang='lat' dir='ltr'><strong>quaecunque</strong></span> 
     </span>
    </p>
   </div>
   <div class='ocr_carea' id='block_1_88' title="bbox 1847 4066 3431 4139">
    <p class='ocr_par' dir='ltr' id='par_1_88' title="bbox 1847 4066 3431 4139">
     <span class='ocr_line' id='line_1_88' title="bbox 1847 4066 3431 4139; baseline -0.003 -15"><span class='ocrx_word' id='word_1_653' title='bbox 1847 4072 1933 4126; x_wconf 77' lang='lat' dir='ltr'><strong>Vt&#39;l</strong></span> <span class='ocrx_word' id='word_1_654' title='bbox 1959 4070 2012 4126; x_wconf 88' lang='lat' dir='ltr'><strong>in</strong></span> <span class='ocrx_word' id='word_1_655' title='bbox 2057 4070 2180 4126; x_wconf 88' lang='lat' dir='ltr'><strong>aliis</strong></span> <span class='ocrx_word' id='word_1_656' title='bbox 2216 4071 2476 4135; x_wconf 83' lang='lat' dir='ltr'><strong>existere,</strong></span> <span class='ocrx_word' id='word_1_657' title='bbox 2511 4069 2593 4123; x_wconf 86' lang='lat' dir='ltr'><strong>vel</strong></span> <span class='ocrx_word' id='word_1_658' title='bbox 2636 4084 2734 4139; x_wconf 90' lang='lat' dir='ltr'><strong>per</strong></span> <span class='ocrx_word' id='word_1_659' title='bbox 2775 4068 3163 4138; x_wconf 85' lang='lat' dir='ltr'><strong>cogitationem</strong></span> <span class='ocrx_word' id='word_1_660' title='bbox 3198 4082 3319 4121; x_wconf 84' lang='lat' dir='ltr'><strong>esse</strong></span> <span class='ocrx_word' id='word_1_661' title='bbox 3347 4066 3431 4120; x_wconf 87' lang='lat' dir='ltr'><strong>di-</strong></span> 
     </span>
    </p>
   </div>
   <div class='ocr_carea' id='block_1_89' title="bbox 1844 4157 3430 4229">
    <p class='ocr_par' dir='ltr' id='par_1_89' title="bbox 1844 4157 3430 4229">
     <span class='ocr_line' id='line_1_89' title="bbox 1844 4157 3430 4229; baseline -0.003 -16"><span class='ocrx_word' id='word_1_662' title='bbox 1844 4168 2077 4225; x_wconf 88' lang='lat' dir='ltr'><strong>cuntur;</strong></span> <span class='ocrx_word' id='word_1_663' title='bbox 2108 4160 2344 4229; x_wconf 87' lang='lat' dir='ltr'><strong>denique</strong></span> <span class='ocrx_word' id='word_1_664' title='bbox 2372 4158 2740 4213; x_wconf 69' lang='lat' dir='ltr'><strong>sanctissima:</strong></span> <span class='ocrx_word' id='word_1_665' title='bbox 2777 4158 2882 4212; x_wconf 69' lang='lat' dir='ltr'><strong>illa:</strong></span> <span class='ocrx_word' id='word_1_666' title='bbox 2926 4157 3430 4226; x_wconf 70' lang='lat' dir='ltr'><strong>atttiquissitttmque</strong></span> 
     </span>
    </p>
   </div>
   <div class='ocr_carea' id='block_1_90' title="bbox 1842 4250 3425 4321">
    <p class='ocr_par' dir='ltr' id='par_1_90' title="bbox 1842 4250 3425 4321">
     <span class='ocr_line' id='line_1_90' title="bbox 1842 4250 3425 4321; baseline -0.004 -14"><span class='ocrx_word' id='word_1_667' title='bbox 1842 4253 2106 4317; x_wconf 87' lang='lat' dir='ltr'><strong>virtutes,</strong></span> <span class='ocrx_word' id='word_1_668' title='bbox 2136 4266 2259 4321; x_wconf 81' lang='lat' dir='ltr'><strong>quae</strong></span> <span class='ocrx_word' id='word_1_669' title='bbox 2292 4266 2434 4307; x_wconf 63' lang='lat' dir='ltr'><strong>verae</strong></span> <span class='ocrx_word' id='word_1_670' title='bbox 2479 4261 2607 4307; x_wconf 89' lang='lat' dir='ltr'><strong>sunt</strong></span> <span class='ocrx_word' id='word_1_671' title='bbox 2646 4252 2920 4318; x_wconf 72' lang='lat' dir='ltr'><strong>essentne,</strong></span> <span class='ocrx_word' id='word_1_672' title='bbox 2950 4264 3003 4305; x_wconf 89' lang='lat' dir='ltr'><strong>et</strong></span> <span class='ocrx_word' id='word_1_673' title='bbox 3025 4250 3425 4320; x_wconf 81' lang='lat' dir='ltr'><strong>quodaminodo</strong></span> 
     </span>
    </p>
   </div>
   <div class='ocr_carea' id='block_1_91' title="bbox 1846 4343 3425 4414">
    <p class='ocr_par' dir='ltr' id='par_1_91' title="bbox 1846 4343 3425 4414">
     <span class='ocr_line' id='line_1_91' title="bbox 1846 4343 3425 4414; baseline -0.002 -16"><span class='ocrx_word' id='word_1_674' title='bbox 1846 4344 1899 4398; x_wconf 94' lang='lat' dir='ltr'><strong>in</strong></span> <span class='ocrx_word' id='word_1_675' title='bbox 1925 4344 2046 4414; x_wconf 87' lang='lat' dir='ltr'><strong>ipso</strong></span> <span class='ocrx_word' id='word_1_676' title='bbox 2069 4343 2340 4399; x_wconf 87' lang='lat' dir='ltr'><strong>vestibulo</strong></span> <span class='ocrx_word' id='word_1_677' title='bbox 2378 4344 2860 4414; x_wconf 87' lang='lat' dir='ltr'><strong>superessentialis</strong></span> <span class='ocrx_word' id='word_1_678' title='bbox 2901 4343 3189 4398; x_wconf 77' lang='lat' dir='ltr'><strong>Trinitatis</strong></span> <span class='ocrx_word' id='word_1_679' title='bbox 3217 4345 3425 4395; x_wconf 86' lang='lat' dir='ltr'><strong>consti-</strong></span> 
     </span>
    </p>
   </div>
   <div class='ocr_carea' id='block_1_92' title="bbox 1848 4434 3429 4508">
    <p class='ocr_par' dir='ltr' id='par_1_92' title="bbox 1848 4434 3429 4508">
     <span class='ocr_line' id='line_1_92' title="bbox 1848 4434 3429 4508; baseline -0.003 -19"><span class='ocrx_word' id='word_1_680' title='bbox 1848 4443 1996 4504; x_wconf 69' lang='lat' dir='ltr'><strong>tutaz,</strong></span> <span class='ocrx_word' id='word_1_681' title='bbox 2014 4437 2082 4492; x_wconf 83' lang='lat' dir='ltr'><strong>ab</strong></span> <span class='ocrx_word' id='word_1_682' title='bbox 2101 4436 2218 4507; x_wconf 86' lang='lat' dir='ltr'><strong>ipsa</strong></span> <span class='ocrx_word' id='word_1_683' title='bbox 2234 4451 2451 4508; x_wconf 80' lang='lat' dir='ltr'><strong>quoque</strong></span> <span class='ocrx_word' id='word_1_684' title='bbox 2472 4447 2526 4491; x_wconf 85' lang='lat' dir='ltr'><strong>et</strong></span> <span class='ocrx_word' id='word_1_685' title='bbox 2549 4437 2601 4491; x_wconf 92' lang='lat' dir='ltr'><strong>in</strong></span> <span class='ocrx_word' id='word_1_686' title='bbox 2627 4438 2765 4506; x_wconf 83' lang='lat' dir='ltr'><strong>ipsa.</strong></span> <span class='ocrx_word' id='word_1_687' title='bbox 2790 4443 2845 4489; x_wconf 92' lang='lat' dir='ltr'><strong>et</strong></span> <span class='ocrx_word' id='word_1_688' title='bbox 2870 4444 2993 4504; x_wconf 86' lang='lat' dir='ltr'><strong>post</strong></span> <span class='ocrx_word' id='word_1_689' title='bbox 3017 4450 3111 4489; x_wconf 88' lang='lat' dir='ltr'><strong>eas</strong></span> <span class='ocrx_word' id='word_1_690' title='bbox 3137 4434 3429 4488; x_wconf 78' lang='lat' dir='ltr'><strong>interiores</strong></span> 
     </span>
    </p>
   </div>
   <div class='ocr_carea' id='block_1_93' title="bbox 1773 4525 3431 4624">
    <p class='ocr_par' dir='ltr' id='par_1_93' title="bbox 1773 4525 3431 4624">
     <span class='ocr_line' id='line_1_93' title="bbox 1773 4525 3431 4624; baseline -0.006 -42"><span class='ocrx_word' id='word_1_691' title='bbox 1773 4568 1816 4624; x_wconf 64' lang='grc' dir='ltr'><strong>Β</strong></span> <span class='ocrx_word' id='word_1_692' title='bbox 1846 4525 2120 4595; x_wconf 81' lang='lat' dir='ltr'><strong>inferiori,</strong></span> <span class='ocrx_word' id='word_1_693' title='bbox 2154 4529 2601 4603; x_wconf 68' lang='lat' dir='ltr'><strong>novissimaeque,</strong></span> <span class='ocrx_word' id='word_1_694' title='bbox 2624 4528 2801 4599; x_wconf 81' lang='lat' dir='ltr'><strong>quoad</strong></span> <span class='ocrx_word' id='word_1_695' title='bbox 2835 4527 3059 4597; x_wconf 76' lang='lat' dir='ltr'><strong>angelos</strong></span> <span class='ocrx_word' id='word_1_696' title='bbox 3083 4527 3299 4595; x_wconf 87' lang='lat' dir='ltr'><strong>quidem</strong></span> <span class='ocrx_word' id='word_1_697' title='bbox 3333 4540 3431 4577; x_wconf 79' lang='lat' dir='ltr'><strong>no-</strong></span> 
     </span>
    </p>
   </div>
   <div class='ocr_carea' id='block_1_94' title="bbox 1843 4618 3427 4689">
    <p class='ocr_par' dir='ltr' id='par_1_94' title="bbox 1843 4618 3427 4689">
     <span class='ocr_line' id='line_1_94' title="bbox 1843 4618 3427 4689; baseline -0.001 -16"><span class='ocrx_word' id='word_1_698' title='bbox 1843 4621 2090 4687; x_wconf 87' lang='lat' dir='ltr'><strong>vissimo,</strong></span> <span class='ocrx_word' id='word_1_699' title='bbox 2118 4624 2296 4689; x_wconf 85' lang='lat' dir='ltr'><strong>quoad</strong></span> <span class='ocrx_word' id='word_1_700' title='bbox 2329 4637 2429 4677; x_wconf 90' lang='lat' dir='ltr'><strong>nos</strong></span> <span class='ocrx_word' id='word_1_701' title='bbox 2454 4633 2637 4677; x_wconf 89' lang='lat' dir='ltr'><strong>autem</strong></span> <span class='ocrx_word' id='word_1_702' title='bbox 2658 4620 3089 4689; x_wconf 88' lang='lat' dir='ltr'><strong>supermundiali</strong></span> <span class='ocrx_word' id='word_1_703' title='bbox 3115 4618 3284 4688; x_wconf 87' lang='lat' dir='ltr'><strong>gradu</strong></span> <span class='ocrx_word' id='word_1_704' title='bbox 3313 4627 3427 4671; x_wconf 86' lang='lat' dir='ltr'><strong>tuut</strong></span> 
     </span>
    </p>
   </div>
   <div class='ocr_carea' id='block_1_95' title="bbox 1844 4713 3426 4779">
    <p class='ocr_par' dir='ltr' id='par_1_95' title="bbox 1844 4713 3426 4779">
     <span class='ocr_line' id='line_1_95' title="bbox 1844 4713 3426 4779; baseline -0.003 -12"><span class='ocrx_word' id='word_1_705' title='bbox 1844 4728 1968 4767; x_wconf 90' lang='lat' dir='ltr'><strong>esse</strong></span> <span class='ocrx_word' id='word_1_706' title='bbox 1995 4723 2105 4767; x_wconf 91' lang='lat' dir='ltr'><strong>tum</strong></span> <span class='ocrx_word' id='word_1_707' title='bbox 2132 4713 2475 4769; x_wconf 79' lang='lat' dir='ltr'><strong>deil‘ormiter</strong></span> <span class='ocrx_word' id='word_1_708' title='bbox 2498 4730 2623 4769; x_wconf 83' lang='lat' dir='ltr'><strong>esse</strong></span> <span class='ocrx_word' id='word_1_709' title='bbox 2650 4715 2922 4767; x_wconf 85' lang='lat' dir='ltr'><strong>obtinent.</strong></span> <span class='ocrx_word' id='word_1_710' title='bbox 2957 4713 3169 4765; x_wconf 82' lang='lat' dir='ltr'><strong>Animae</strong></span> <span class='ocrx_word' id='word_1_711' title='bbox 3192 4725 3426 4779; x_wconf 89' lang='lat' dir='ltr'><strong>quoque,</strong></span> 
     </span>
    </p>
   </div>
   <div class='ocr_carea' id='block_1_96' title="bbox 1844 4802 3427 4870">
    <p class='ocr_par' dir='ltr' id='par_1_96' title="bbox 1844 4802 3427 4870">
     <span class='ocr_line' id='line_1_96' title="bbox 1844 4802 3427 4870; baseline -0.002 -16"><span class='ocrx_word' id='word_1_712' title='bbox 1844 4809 2171 4870; x_wconf 56' lang='lat' dir='ltr'><strong>exterasque</strong></span> <span class='ocrx_word' id='word_1_713' title='bbox 2192 4817 2386 4857; x_wconf 88' lang='lat' dir='ltr'><strong>onmes</strong></span> <span class='ocrx_word' id='word_1_714' title='bbox 2415 4804 2700 4868; x_wconf 81' lang='lat' dir='ltr'><strong>entitatos,</strong></span> <span class='ocrx_word' id='word_1_715' title='bbox 2736 4802 3033 4856; x_wconf 89' lang='lat' dir='ltr'><strong>secundum</strong></span> <span class='ocrx_word' id='word_1_716' title='bbox 3059 4804 3305 4853; x_wconf 88' lang='lat' dir='ltr'><strong>eamdem</strong></span> <span class='ocrx_word' id='word_1_717' title='bbox 3334 4816 3427 4851; x_wconf 86' lang='lat' dir='ltr'><strong>ra-</strong></span> 
     </span>
    </p>
   </div>
   <div class='ocr_carea' id='block_1_97' title="bbox 1847 4890 3428 4963">
    <p class='ocr_par' dir='ltr' id='par_1_97' title="bbox 1847 4890 3428 4963">
     <span class='ocr_line' id='line_1_97' title="bbox 1847 4890 3428 4963; baseline -0.001 -21"><span class='ocrx_word' id='word_1_718' title='bbox 1847 4890 2072 4959; x_wconf 91' lang='lat' dir='ltr'><strong>tionem,</strong></span> <span class='ocrx_word' id='word_1_719' title='bbox 2109 4901 2217 4947; x_wconf 87' lang='lat' dir='ltr'><strong>tam</strong></span> <span class='ocrx_word' id='word_1_720' title='bbox 2246 4908 2369 4948; x_wconf 88' lang='lat' dir='ltr'><strong>esse</strong></span> <span class='ocrx_word' id='word_1_721' title='bbox 2400 4909 2561 4963; x_wconf 89' lang='lat' dir='ltr'><strong>quam</strong></span> <span class='ocrx_word' id='word_1_722' title='bbox 2610 4895 2748 4948; x_wconf 87' lang='lat' dir='ltr'><strong>bene</strong></span> <span class='ocrx_word' id='word_1_723' title='bbox 2790 4907 2912 4947; x_wconf 86' lang='lat' dir='ltr'><strong>esse</strong></span> <span class='ocrx_word' id='word_1_724' title='bbox 2948 4891 3176 4956; x_wconf 78' lang='lat' dir='ltr'><strong>habent,</strong></span> <span class='ocrx_word' id='word_1_725' title='bbox 3216 4901 3271 4946; x_wconf 87' lang='lat' dir='ltr'><strong>et</strong></span> <span class='ocrx_word' id='word_1_726' title='bbox 3300 4902 3428 4945; x_wconf 84' lang='lat' dir='ltr'><strong>sunt</strong></span> 
     </span>
    </p>
   </div>
   <div class='ocr_carea' id='block_1_98' title="bbox 1843 4983 3426 5055">
    <p class='ocr_par' dir='ltr' id='par_1_98' title="bbox 1843 4983 3426 5055">
     <span class='ocr_line' id='line_1_98' title="bbox 1843 4983 3426 5055; baseline -0.001 -20"><span class='ocrx_word' id='word_1_727' title='bbox 1843 4992 1899 5035; x_wconf 88' lang='lat' dir='ltr'><strong>et</strong></span> <span class='ocrx_word' id='word_1_728' title='bbox 1919 4983 2058 5038; x_wconf 83' lang='lat' dir='ltr'><strong>bene</strong></span> <span class='ocrx_word' id='word_1_729' title='bbox 2083 4994 2230 5049; x_wconf 89' lang='lat' dir='ltr'><strong>sunt,</strong></span> <span class='ocrx_word' id='word_1_730' title='bbox 2262 4986 2387 5039; x_wconf 92' lang='lat' dir='ltr'><strong>dum</strong></span> <span class='ocrx_word' id='word_1_731' title='bbox 2413 4986 2482 5039; x_wconf 86' lang='lat' dir='ltr'><strong>ab</strong></span> <span class='ocrx_word' id='word_1_732' title='bbox 2517 5002 2581 5039; x_wconf 91' lang='lat' dir='ltr'><strong>eo</strong></span> <span class='ocrx_word' id='word_1_733' title='bbox 2601 4985 2695 5055; x_wconf 87' lang='lat' dir='ltr'><strong>qui</strong></span> <span class='ocrx_word' id='word_1_734' title='bbox 2729 4987 2882 5054; x_wconf 90' lang='lat' dir='ltr'><strong>prius</strong></span> <span class='ocrx_word' id='word_1_735' title='bbox 2906 4995 2989 5040; x_wconf 85' lang='lat' dir='ltr'><strong>est</strong></span> <span class='ocrx_word' id='word_1_736' title='bbox 3010 5001 3130 5039; x_wconf 87' lang='lat' dir='ltr'><strong>cum</strong></span> <span class='ocrx_word' id='word_1_737' title='bbox 3162 4998 3280 5039; x_wconf 85' lang='lat' dir='ltr'><strong>esse</strong></span> <span class='ocrx_word' id='word_1_738' title='bbox 3310 4996 3426 5036; x_wconf 85' lang='lat' dir='ltr'><strong>tum</strong></span> 
     </span>
    </p>
   </div>
   <div class='ocr_carea' id='block_1_99' title="bbox 1841 5075 3414 5147">
    <p class='ocr_par' dir='ltr' id='par_1_99' title="bbox 1841 5075 3414 5147">
     <span class='ocr_line' id='line_1_99' title="bbox 1841 5075 3414 5147; baseline -0.002 -18"><span class='ocrx_word' id='word_1_739' title='bbox 1841 5075 1979 5130; x_wconf 87' lang='lat' dir='ltr'><strong>bene</strong></span> <span class='ocrx_word' id='word_1_740' title='bbox 2005 5093 2124 5132; x_wconf 87' lang='lat' dir='ltr'><strong>esse</strong></span> <span class='ocrx_word' id='word_1_741' title='bbox 2149 5080 2417 5142; x_wconf 88' lang='lat' dir='ltr'><strong>obtinent,</strong></span> <span class='ocrx_word' id='word_1_742' title='bbox 2443 5089 2499 5132; x_wconf 89' lang='lat' dir='ltr'><strong>et</strong></span> <span class='ocrx_word' id='word_1_743' title='bbox 2532 5083 2586 5131; x_wconf 88' lang='lat' dir='ltr'><strong>in</strong></span> <span class='ocrx_word' id='word_1_744' title='bbox 2617 5079 2734 5147; x_wconf 77' lang='lat' dir='ltr'><strong>ipso</strong></span> <span class='ocrx_word' id='word_1_745' title='bbox 2765 5088 2820 5132; x_wconf 91' lang='lat' dir='ltr'><strong>ct</strong></span> <span class='ocrx_word' id='word_1_746' title='bbox 2856 5086 3063 5133; x_wconf 83' lang='lat' dir='ltr'><strong>suntet</strong></span> <span class='ocrx_word' id='word_1_747' title='bbox 3091 5077 3228 5131; x_wconf 84' lang='lat' dir='ltr'><strong>bene</strong></span> <span class='ocrx_word' id='word_1_748' title='bbox 3261 5085 3414 5138; x_wconf 91' lang='lat' dir='ltr'><strong>sunt,</strong></span> 
     </span>
    </p>
   </div>
   <div class='ocr_carea' id='block_1_100' title="bbox 1842 5170 3419 5239">
    <p class='ocr_par' dir='ltr' id='par_1_100' title="bbox 1842 5170 3419 5239">
     <span class='ocr_line' id='line_1_100' title="bbox 1842 5170 3419 5239; baseline 0.001 -16"><span class='ocrx_word' id='word_1_749' title='bbox 1842 5178 1896 5223; x_wconf 89' lang='lat' dir='ltr'><strong>et</strong></span> <span class='ocrx_word' id='word_1_750' title='bbox 1924 5183 1991 5222; x_wconf 85' lang='lat' dir='ltr'><strong>ex</strong></span> <span class='ocrx_word' id='word_1_751' title='bbox 2033 5170 2148 5237; x_wconf 83' lang='lat' dir='ltr'><strong>ipso</strong></span> <span class='ocrx_word' id='word_1_752' title='bbox 2175 5170 2459 5239; x_wconf 88' lang='lat' dir='ltr'><strong>incipiunt,</strong></span> <span class='ocrx_word' id='word_1_753' title='bbox 2484 5183 2536 5224; x_wconf 89' lang='lat' dir='ltr'><strong>et</strong></span> <span class='ocrx_word' id='word_1_754' title='bbox 2564 5171 2615 5223; x_wconf 92' lang='lat' dir='ltr'><strong>in</strong></span> <span class='ocrx_word' id='word_1_755' title='bbox 2647 5171 2763 5239; x_wconf 91' lang='lat' dir='ltr'><strong>ipso</strong></span> <span class='ocrx_word' id='word_1_756' title='bbox 2793 5179 3220 5233; x_wconf 83' lang='lat' dir='ltr'><strong>conservantur,</strong></span> <span class='ocrx_word' id='word_1_757' title='bbox 3262 5179 3318 5224; x_wconf 87' lang='lat' dir='ltr'><strong>et</strong></span> <span class='ocrx_word' id='word_1_758' title='bbox 3350 5170 3419 5223; x_wconf 82' lang='lat' dir='ltr'><strong>ad</strong></span> 
     </span>
    </p>
   </div>
   <div class='ocr_carea' id='block_1_101' title="bbox 1843 5262 3426 5334">
    <p class='ocr_par' dir='ltr' id='par_1_101' title="bbox 1843 5262 3426 5334">
     <span class='ocr_line' id='line_1_101' title="bbox 1843 5262 3426 5334; baseline 0.001 -19"><span class='ocrx_word' id='word_1_759' title='bbox 1843 5262 2020 5332; x_wconf 89' lang='lat' dir='ltr'><strong>ipsum</strong></span> <span class='ocrx_word' id='word_1_760' title='bbox 2065 5264 2445 5318; x_wconf 90' lang='lat' dir='ltr'><strong>terminantur.</strong></span> <span class='ocrx_word' id='word_1_761' title='bbox 2474 5265 2554 5317; x_wconf 83' lang='lat' dir='ltr'><strong>Ac</strong></span> <span class='ocrx_word' id='word_1_762' title='bbox 2588 5266 2796 5334; x_wconf 86' lang='lat' dir='ltr'><strong>primas</strong></span> <span class='ocrx_word' id='word_1_763' title='bbox 2834 5262 3057 5332; x_wconf 85' lang='lat' dir='ltr'><strong>quidem</strong></span> <span class='ocrx_word' id='word_1_764' title='bbox 3093 5266 3263 5331; x_wconf 80' lang='lat' dir='ltr'><strong>ipsius</strong></span> <span class='ocrx_word' id='word_1_765' title='bbox 3303 5278 3426 5318; x_wconf 79' lang='lat' dir='ltr'><strong>esse</strong></span> 
     </span>
    </p>
   </div>
   <div class='ocr_carea' id='block_1_102' title="bbox 1843 5354 3428 5426">
    <p class='ocr_par' dir='ltr' id='par_1_102' title="bbox 1843 5354 3428 5426">
     <span class='ocr_line' id='line_1_102' title="bbox 1843 5354 3428 5426; baseline 0 -18"><span class='ocrx_word' id='word_1_766' title='bbox 1843 5354 2124 5409; x_wconf 89' lang='lat' dir='ltr'><strong>distribuit</strong></span> <span class='ocrx_word' id='word_1_767' title='bbox 2152 5355 2627 5426; x_wconf 70' lang='lat' dir='ltr'><strong>praestantioribus</strong></span> <span class='ocrx_word' id='word_1_768' title='bbox 2667 5357 2774 5411; x_wconf 89' lang='lat' dir='ltr'><strong>illis</strong></span> <span class='ocrx_word' id='word_1_769' title='bbox 2816 5356 3098 5414; x_wconf 86' lang='lat' dir='ltr'><strong>essentiis,</strong></span> <span class='ocrx_word' id='word_1_770' title='bbox 3132 5371 3270 5423; x_wconf 84' lang='lat' dir='ltr'><strong>quas</strong></span> <span class='ocrx_word' id='word_1_771' title='bbox 3296 5355 3428 5408; x_wconf 78' lang='lat' dir='ltr'><strong>aevi-</strong></span> 
     </span>
    </p>
   </div>
   <div class='ocr_carea' id='block_1_103' title="bbox 1847 5449 3424 5519">
    <p class='ocr_par' dir='ltr' id='par_1_103' title="bbox 1847 5449 3424 5519">
     <span class='ocr_line' id='line_1_103' title="bbox 1847 5449 3424 5519; baseline 0 -20"><span class='ocrx_word' id='word_1_772' title='bbox 1847 5457 2032 5503; x_wconf 84' lang='lat' dir='ltr'><strong>ternas</strong></span> <span class='ocrx_word' id='word_1_773' title='bbox 2067 5449 2366 5515; x_wconf 64' lang='lat' dir='ltr'><strong>Scriptura:</strong></span> <span class='ocrx_word' id='word_1_774' title='bbox 2401 5458 2634 5516; x_wconf 86' lang='lat' dir='ltr'><strong>vocant;</strong></span> <span class='ocrx_word' id='word_1_775' title='bbox 2674 5449 2853 5519; x_wconf 86' lang='lat' dir='ltr'><strong>ipsum</strong></span> <span class='ocrx_word' id='word_1_776' title='bbox 2878 5456 3059 5503; x_wconf 83' lang='lat' dir='ltr'><strong>autem</strong></span> <span class='ocrx_word' id='word_1_777' title='bbox 3091 5463 3212 5502; x_wconf 88' lang='lat' dir='ltr'><strong>esse</strong></span> <span class='ocrx_word' id='word_1_778' title='bbox 3242 5462 3424 5500; x_wconf 88' lang='lat' dir='ltr'><strong>rerum</strong></span> 
     </span>
    </p>
   </div>
   <div class='ocr_carea' id='block_1_104' title="bbox 1439 5627 2117 5686">
    <p class='ocr_par' dir='ltr' id='par_1_104' title="bbox 1439 5627 2117 5686">
     <span class='ocr_line' id='line_1_104' title="bbox 1439 5627 2117 5686; baseline 0.006 -5"><span class='ocrx_word' id='word_1_779' title='bbox 1439 5628 1675 5686; x_wconf 75' lang='lat' dir='ltr'><strong>YARUE</strong></span> <span class='ocrx_word' id='word_1_780' title='bbox 1711 5627 2117 5686; x_wconf 80' lang='lat' dir='ltr'><strong>LECTIONES.</strong></span> 
     </span>
    </p>
   </div>
   <div class='ocr_carea' id='block_1_105' title="bbox 225 5776 797 5849">
    <p class='ocr_par' dir='ltr' id='par_1_105' title="bbox 225 5776 797 5849">
     <span class='ocr_line' id='line_1_105' title="bbox 225 5776 797 5849; baseline 0.01 -19"><span class='ocrx_word' id='word_1_781' title='bbox 225 5776 273 5807; x_wconf 80' lang='lat'><strong>“</strong></span> <span class='ocrx_word' id='word_1_782' title='bbox 318 5776 587 5847; x_wconf 73' lang='grc' dir='ltr'>πλησιώτε</span> <span class='ocrx_word' id='word_1_783' title='bbox 593 5796 703 5849; x_wconf 84' lang='grc' dir='ltr'>ραι,</span> <span class='ocrx_word' id='word_1_784' title='bbox 742 5781 797 5836; x_wconf 90' lang='lat' dir='ltr'><strong>S.</strong></span> 
     </span>
    </p>
   </div>
   <div class='ocr_carea' id='block_1_106' title="bbox 912 5785 1784 5856">
    <p class='ocr_par' dir='ltr' id='par_1_106' title="bbox 912 5785 1784 5856">
     <span class='ocr_line' id='line_1_106' title="bbox 912 5785 1784 5856; baseline 0.01 -20"><span class='ocrx_word' id='word_1_785' title='bbox 912 5785 955 5815; x_wconf 81' lang='lat'>“</span> <span class='ocrx_word' id='word_1_786' title='bbox 990 5786 1036 5837; x_wconf 83' lang='grc' dir='ltr'>οἱ</span> <span class='ocrx_word' id='word_1_787' title='bbox 1078 5785 1241 5856; x_wconf 75' lang='grc' dir='ltr'>αὐτῆς</span> <span class='ocrx_word' id='word_1_788' title='bbox 1279 5786 1400 5839; x_wconf 76' lang='grc' dir='ltr'>καθ’</span> <span class='ocrx_word' id='word_1_789' title='bbox 1434 5788 1681 5851; x_wconf 69' lang='grc' dir='ltr'>ἕκαστον,</span> <span class='ocrx_word' id='word_1_790' title='bbox 1723 5790 1784 5844; x_wconf 83' lang='grc' dir='ltr'><strong>ι).</strong></span> 
     </span>
    </p>
   </div>
   <div class='ocr_carea' id='block_1_107' title="bbox 1931 5787 3171 5860">
    <p class='ocr_par' dir='ltr' id='par_1_107' title="bbox 1931 5787 3171 5860">
     <span class='ocr_line' id='line_1_107' title="bbox 1931 5787 3171 5860; baseline 0 -19"><span class='ocrx_word' id='word_1_791' title='bbox 1931 5792 1973 5821; x_wconf 74' lang='grc'>⁷³</span> <span class='ocrx_word' id='word_1_792' title='bbox 2008 5790 2206 5859; x_wconf 76' lang='grc' dir='ltr'>κρίσις,</span> <span class='ocrx_word' id='word_1_793' title='bbox 2248 5787 2293 5843; x_wconf 80' lang='grc' dir='ltr'><strong>Μ</strong></span> <span class='ocrx_word' id='word_1_794' title='bbox 2342 5787 2431 5844; x_wconf 77' lang='lat' dir='ltr'><strong>Sc.</strong></span> <span class='ocrx_word' id='word_1_795' title='bbox 2545 5788 2590 5821; x_wconf 78' lang='grc'><strong>⁷³</strong></span> <span class='ocrx_word' id='word_1_796' title='bbox 2625 5790 2715 5843; x_wconf 73' lang='grc' dir='ltr'>καὶ</span> <span class='ocrx_word' id='word_1_797' title='bbox 2750 5791 2811 5843; x_wconf 81' lang='grc' dir='ltr'>ἐκ</span> <span class='ocrx_word' id='word_1_798' title='bbox 2846 5789 3065 5860; x_wconf 67' lang='grc' dir='ltr'>ταύτης,</span> <span class='ocrx_word' id='word_1_799' title='bbox 3108 5789 3171 5841; x_wconf 83' lang='grc' dir='ltr'><strong>Μ.</strong></span> 
     </span>
    </p>
   </div>
  </div>
