3742 6308
329 250 434 304 ω

328 458 506 524 ipsum
560 474 681 512 es<c
726 471 810 513 est
863 478 926 517 ex
969 479 1034 516 eo
1063 464 1157 532 qui
1198 467 1350 536 prius
1389 480 1505 537 est;
1535 483 1585 526 et
1621 475 1792 542 ipsius
1828 485 1911 531 est

325 551 589 613 esseltlia,
619 561 672 602 et
703 567 807 604 non
843 553 956 623 ipso.
991 558 1275 624 essentize;
1311 571 1365 614 et
1411 561 1462 615 in
1511 563 1627 633 ipso
1665 578 1748 620 est
1797 568 1911 622 exi-

325 644 545 708 stentia,
574 659 628 698 et
658 663 763 698 nun
795 648 909 714 ipse
937 665 986 700 Ill
1016 651 1344 716 existentia;
1401 663 1566 724 atque
1597 656 1774 726 ipsum
1809 659 1906 712 ha-

325 729 412 785 bet
463 735 774 796 existentia.
824 750 877 793 et
926 756 1029 794 non
1089 743 1203 812 ipse
1237 744 1398 799 habet
1443 748 1824 814 existentiam;
1857 761 1909 804 et

327 826 441 894 ipse
469 839 556 882 est
591 829 759 892 ipsius
804 833 1113 889 existentia:
1133 847 1195 890 et
1227 853 1420 900 aevum,
1459 849 1514 894 et
1557 842 1906 912 principium,

321 929 375 972 et
409 935 682 986 mensura,
708 909 826 977 cum
875 939 1001 982 ante
1043 929 1393 986 existentiam
1439 943 1493 987 et
1533 936 1676 990 cutis
1703 947 1751 989 et
1780 938 1905 998 εει-ἱ.

322 1017 378 1060 et
404 1011 647 1064 omnium
682 1014 1125 1072 substantilicum
1175 1020 1521 1091 priucipitun,
1568 1034 1624 1079 et
1658 1025 1904 1079 medium

320 1109 375 1151 ct
411 1099 535 1155 finis
555 1104 777 1160 existat.
818 1107 1144 1177 Atqueideo
1171 1112 1238 1166 ab
1279 1112 1524 1183 Eloquiis
1605 1117 1700 1186 qui
1779 1132 1907 1173 vere

318 1195 625 1261 prmexistit
655 1238 670 1258 ,
719 1205 1019 1256 secundum
1064 1204 1306 1258 omnium
1366 1221 1554 1260 eorum
1605 1222 1725 1276 qua:
1780 1221 1907 1266 sunt

319 1287 714 1348 cogitatimtetu
768 1291 1186 1360 multiplicatur,
1221 1305 1276 1349 et
1320 1297 1372 1350 iu
1418 1311 1483 1351 eo
1519 1299 1737 1368 p‘roprie
1764 1302 1906 1356 cele-

319 1375 531 1444 bratur,
561 1388 704 1444 eral,
748 1391 800 1435 et
833 1393 938 1449 est,
969 1392 1023 1438 et
1045 1385 1174 1452 erit,
1205 1386 1332 1441 item
1364 1389 1566 1443 factum
1598 1399 1700 1455 est,
1730 1402 1783 1447 et
1822 1394 1903 1461 lit,

317 1477 374 1521 et
399 1470 520 1537 lict;
560 1473 676 1528 haec
699 1475 844 1527 enim
877 1477 1060 1530 omnia
1089 1478 1399 1547 signiﬁcant
1425 1480 1492 1536 lis
1525 1483 1616 1552 qui
1649 1493 1704 1538 ut
1736 1485 1903 1540 Deum

318 1562 476 1618 decet
512 1564 845 1638 intelligunt,
879 1584 1002 1624 esse
1035 1585 1157 1625 eum
1193 1577 1487 1628 secundum
1523 1592 1736 1633 omnem
1760 1582 1906 1650 cogi-

319 1655 582 1712 tationem
640 1661 1200 1730 suprasubstantiam,
1236 1675 1290 1718 et
1316 1680 1438 1721 esse
1462 1683 1684 1723 causam
1714 1686 1901 1728 eorum

315 1762 440 1816 quae
470 1750 646 1805 modis
687 1755 944 1809 omnibus
973 1763 1117 1810 sunt.
1152 1756 1364 1812 Etenim
1395 1777 1499 1815 non
1536 1762 1642 1818 hoc
1683 1766 1902 1834 quidem
1935 1743 1979 1797 Β

315 1850 417 1903 est,
459 1842 588 1897 illud
631 1859 761 1900 vero
803 1863 911 1901 non
947 1861 1063 1913 est;
1112 1865 1211 1905 nec
1250 1852 1434 1922 aliquo
1465 1856 1686 1921 quidem
1739 1857 1904 1913 modo

313 1943 420 1999 est,
467 1935 650 2006 aliquo
683 1953 810 1994 vero
843 1956 949 1994 non
985 1954 1096 2009 est;
1147 1945 1240 1997 sed
1277 1948 1458 2014 potius
1483 1951 1667 2003 omnia
1705 1960 1812 2012 est.
1845 1961 1904 2007 ut

310 2029 555 2083 amnium
598 2042 809 2098 auctor,
857 2045 914 2088 et
955 2035 1006 2089 in
1055 2052 1112 2091 se
1157 2039 1338 2092 Omnia
1395 2042 1684 2110 principia,
1713 2058 1903 2100 omnes

309 2125 554 2177 omnium
596 2129 774 2180 rerum
817 2128 1234 2186 terminationes
1282 2133 1567 2188 continens
1611 2145 1668 2189 et
1709 2136 1902 2191 antici-

308 2232 478 2287 pans;
508 2228 562 2273 et
596 2234 766 2290 supra
799 2221 982 2276 omnia
1014 2230 1119 2290 est,
1146 2233 1334 2295 utpote
1353 2236 1478 2282 ante
1499 2227 1682 2282 omnia
1715 2242 1904 2299 supra-

306 2312 670 2368 cssentialitcr
687 2330 1016 2386 snpraquam
1039 2317 1307 2376 existens.
1324 2319 1694 2386 Quamobrem
1714 2322 1900 2377 omnia

307 2402 374 2455 de
409 2404 531 2472 ipso
553 2416 605 2459 et
637 2407 799 2461 simul
821 2407 1100 2474 dicuntur,
1135 2411 1377 2480 nihilque
1403 2423 1485 2468 est
1507 2415 1787 2480 ouinium;
1815 2423 1901 2470 est

307 2493 487 2547 omnis
515 2494 720 2565 ﬁgurae,
756 2499 937 2554 omnis
962 2499 1124 2573 432
1157 2501 1366 2569 tortum,
1406 2505 1524 2560 sine
1554 2505 1751 2571 forma,
1779 2509 1898 2564 sine

306 2584 753 2656 pulchritudine,
801 2594 1160 2664 principia‘et
1199 2598 1375 2652 media
1417 2607 1472 2653 et
1527 2597 1666 2654 lines
1715 2617 1894 2656 rerum

309 2677 484 2733 solute
517 2690 570 2734 et
616 2683 886 2740 abstracte
917 2685 969 2740 in
1004 2688 1183 2756 seipse
1228 2691 1525 2761 anticipata
1581 2692 1811 2758 habens,
1841 2704 1898 2751 et

305 2771 561 2827 omnibus
590 2790 724 2842 pure
756 2776 984 2834 illucens
1005 2822 1017 2843 ,
1049 2780 1329 2850 largiendo
1360 2793 1418 2836 ut
1452 2783 1563 2838 sint
1593 2788 1894 2841 secundum

303 2877 527 2920 causam
555 2883 716 2923 unam
754 2880 810 2925 et
832 2885 1164 2943 supraquam
1198 2877 1531 2946 cepulatam.
1562 2879 1618 2932 Si
1646 2881 1790 2936 enim
1813 2883 1894 2937 sol

305 2950 400 3011 ille
432 2969 622 3013 noster
657 2977 839 3016 rerum
875 2966 1158 3020 seusilium
1188 2967 1524 3024 substantias
1559 2985 1624 3025 ac
1659 2971 1896 3041 qualita-

1510 261 1563 314 ὃ.
1610 264 1904 322 DIONYSH
1943 270 2408 327 ΛΒΕΟΡΑΕΙΤᾸΞ

328 368 710 421 universarum
759 387 1037 440 nunquam
1086 374 1303 444 deﬁcit;
1361 393 1732 437 verumtamen
1783 385 1806 439 i‘;

2117 409 2194 452 ιι,
2238 387 2330 445 ἐκῖ
2346 389 2440 444 τοῦ
2489 389 2784 460 προόντοςο
2826 390 2920 443 xui.
2955 390 3119 444 αὐτοῦ
3163 391 3282 444 ἐστι
3328 393 3393 444 τὸ
3449 387 3595 444 εἶναι

3525 275 3628 330 823

2014 485 2108 538 xui
2143 485 2242 538 οὐκ
2271 483 2435 548 αὐτὸς
2464 483 2558 536 τοῦ
2590 479 2764 536 εἶναι’
2799 484 2893 536 xui
2921 485 2979 537 ἐν
3008 483 3156 555 αὺτῷ
3187 487 3309 538 ἐστι
3347 485 3417 537 τὸ
3462 482 3626 548 εἶναι,

2012 578 2107 631 xui.
2133 578 2234 631 οὐκ
2268 577 2430 640 αὐτὸς
2465 577 2523 630 ὲν
2560 574 2641 646 τῷ
2674 570 2844 629 εἶναι’
2878 575 2972 629 xui
3009 577 3171 632 αὑτὸν
3209 576 3327 648 ἔχει
3362 578 3432 631 τὸ
3462 575 3625 642 εἶναι,

2011 671 2107 725 xui
2138 671 2238 723 οὐκ
2266 669 2428 733 αὐτὸς
2460 669 2573 740 ἔχει
2599 668 2659 722 τὸ
2689 663 2827 722 εἴναι
2848 685 2862 700 ο
2886 670 2982 722 xu‘t
3010 671 3171 735 αὐτός
3209 671 3330 724 ἐστι
3358 671 3464 725 τοῦ
3489 668 3627 724 εἶναι

2011 765 2105 817 xui
2145 765 2300 827 αἰὼν,
2334 764 2429 816 xui
2463 763 2628 834 ἀρχὴ,
2667 762 2761 816 xui
2799 761 3017 834 μέτρον,
3049 763 3153 835 πρὸ
3185 763 3380 828 οὐσίας
3411 763 3498 817 ὢν
3537 767 3628 818 καὶ

2009 854 2191 919 ὄντος,
2241 855 2336 908 xui.
2387 854 2580 918 αἰῶνος,
2609 892 2624 917 ,
2677 854 2772 908 xui.
2822 855 3040 909 πάντων
3083 856 3398 920 οὐσιοποιὺς
3443 858 3623 927 ἁρχὴ,

2009 947 2103 999 καὶ
2140 947 2408 1019 μεσότης,
2443 949 2539 1002 xui
2575 950 2822 1021 τελευτή.
2856 950 2968 1004 Καὶ
3002 950 3091 1004 διὰ
3129 949 3291 1004 τοῦτο
3330 969 3374 1003 π

2008 1039 2205 1108 λογίων
2231 1042 2260 1093 ὁ
2298 1040 2468 1106 ὅντως
2508 1042 2690 1114 προὼν
2729 1043 2873 1098 κατὰ
2912 1045 3092 1098 πᾶσαν
3126 1042 3236 1096 τῶν
3269 1041 3461 1095 ὅντων
3503 1045 3626 1099 ἐπί-

2007 1146 2158 1182 νοιαν
2185 1129 2746 1198 πολλαπλασιάζεται,
2780 1133 2875 1187 xui
2907 1132 2967 1185 τὸ
2998 1127 3066 1204 ἦν
3098 1132 3186 1185 ἐπ’
3210 1131 3382 1185 αὑτοῦ
3409 1133 3485 1194 ⁷⁸,
3534 1135 3625 1185 καὶ

2006 1219 2068 1271 τὸ
2097 1219 2235 1283 ἔστι,
2267 1221 2363 1274 xui
2401 1221 2463 1274 τὺ
2502 1221 2656 1275 ἔσται
2684 1262 2699 1287 ,
2735 1222 2832 1276 xui
2869 1223 2929 1276 τὸ
2963 1223 3200 1291 ἐγένετο,
3244 1223 3340 1276 xui
3376 1223 3621 1291 γίνεται,

2007 1312 2100 1366 xui
2141 1314 2464 1385 γενήσεται,
2498 1313 2707 1386 κυρίως
2741 1315 3028 1386 ὑμνεῖται·
3060 1313 3234 1368 ταῦτα
3276 1314 3394 1385 γὰρ
3439 1317 3622 1368 πάντα

2005 1406 2118 1468 τοῖς
2149 1403 2466 1476 θεοπρεπῶς
2504 1404 2686 1459 νοοῦσι
2707 1406 2753 1438 ⁷⁵
2796 1405 2859 1460 τὺ
2897 1405 3040 1460 κατὰ
3076 1407 3257 1461 πᾶσαν
3289 1406 3468 1459 αὐτὸν
3504 1407 3624 1458 επί-

2005 1517 2152 1554 νοιαν
2194 1501 2530 1572 ὑπερουσίως
2556 1497 2697 1556 εἶναι
2721 1501 3012 1572 σημαίνει,
3045 1501 3140 1555 xui
3169 1499 3278 1554 τῶν
3318 1499 3621 1569 πανταχῶς

2003 1591 2174 1647 ὄντων
2222 1593 2416 1648 αἴτιον.
2474 1594 2585 1648 Καὶ
2630 1593 2742 1664 γὰρ
2771 1596 2831 1648 οὐ
2879 1595 2998 1648 τόδε
3051 1593 3150 1662 μὲν
3199 1593 3317 1646 ἔστι
3345 1633 3360 1657 ,
3398 1593 3530 1645 τόνδε
3565 1594 3619 1645 δὲ

2004 1685 2106 1740 οὐκ
2139 1685 2313 1739 ἔστιν·
2351 1686 2474 1740 οὐδὲ
2509 1687 2586 1758 πῆ
2627 1686 2727 1758 μὲν
2751 1687 2902 1752 ἔστι,
3039 1685 3095 1739 δὲ
3125 1686 3226 1738 οὐκ
3252 1684 3404 1738 ἐστιν
3427 1702 3442 1714 ⁸
3483 1685 3617 1738 ἀλλά

2007 1780 2183 1834 πάντα
2211 1781 2379 1846 ἐστὶν,
2418 1781 2495 1846 ὡς
2532 1783 2748 1836 πάντων
2777 1781 2984 1856 αξως,
3013 1783 3109 1835 xui
3142 1783 3199 1835 ὲν
3238 1780 3392 1852 αὐτῷ
3431 1783 3617 1845 πάσας

2006 1870 2215 1942 ἀρχὰς,
2265 1870 2443 1925 πάντα
2490 1855 2971 1944 ωμπερᾶἷματα,
3019 1871 3237 1924 πάντων
3274 1870 3390 1924 τῶν
3441 1872 3616 1925 ὄντων

2007 1963 2246 2033 συνέχων
2267 1964 2312 1994 ⁷⁵
2350 1964 2444 2017 xui
2489 1963 2769 2034 προέχωνσ
2819 1963 2914 2018 xui
2947 1962 3088 2035 ὑπὲρ
3124 1962 3193 2016 τὰ
3225 1964 3406 2017 πάντα
3439 1963 3612 2028 ἐστὶν,

2003 2053 2079 2118 ὡς
2112 2055 2219 2126 πρὸ
2253 2054 2470 2110 πάντων
2502 2055 2842 2127 ὑπερουσίως
2882 2055 3125 2128 ὑπερών.
3167 2054 3260 2108 Διὸ
3294 2056 3396 2108 xui
3429 2057 3614 2110 πάντα

2003 2146 2168 2200 αὐτοῦ
2214 2148 2309 2202 xui
2359 2147 2478 2219 ἅμα
2526 2148 2954 2221 κατηγορεῖται,
2990 2148 3087 2202 xui
3125 2147 3281 2201 οὐδέν
3330 2149 3454 2201 ἐστι
3505 2148 3613 2201 τῶν

2004 2240 2222 2295 πάντων
2247 2242 2293 2273 ’⁷
2316 2258 2330 2272 ·
2370 2241 2691 2314 πάνσχημος
2709 2282 2724 2308 ,
2763 2241 3042 2306 πανείδεος
3061 2281 3075 2307 ,
3116 2241 3370 2314 ἄμορφος
3389 2281 3404 2304 ,
3437 2242 3616 2295 ἀκαλ-

2001 2329 2100 2403 λὴς
2123 2373 2137 2397 ,
2183 2333 2359 2405 ἀρχὰς
2389 2335 2484 2388 xui
2524 2334 2664 2406 μέσα
2694 2335 2788 2387 xui
2822 2333 2951 2406 τέλη
3005 2334 3112 2388 τῶν
3145 2334 3315 2388 ὄντων
3353 2334 3612 2404 ἀσχέτως

2002 2425 2097 2479 xui
2125 2424 2482 2498 ἐξῃρημένως
2518 2425 2576 2480 ὲν
2609 2425 2785 2497 ἑαυτῷ
2818 2426 3165 2499 προειληφὼς
3188 2466 3202 2491 ,
3234 2427 3333 2479 xui.
3376 2429 3518 2480 πᾶσι
3550 2425 3611 2479 τδ

2000 2513 2138 2573 εἶναι
2174 2518 2481 2590 κατάιμίαν
2515 2521 2605 2574 xui.
2641 2520 3073 2593 ὑπερηνωμένην
3099 2519 3280 2601 αἰτίαν
3311 2518 3608 2590 ἀκράντοις

1999 2610 2346 2682 ὲπιλὰμπων.
2403 2611 2468 2664 Εἰ
2509 2610 2619 2682 γὰρ
2658 2613 2686 2664 ὁ
2719 2613 2841 2666 καθ’
2875 2614 3024 2684 ἡμᾶς
3062 2601 3212 2682 ἥλιος
3245 2610 3348 2673 τὰς
3384 2611 3499 2663 τῶν
3524 2613 3610 2662 αἰ-

2001 2702 2214 2773 σθητῶν
2240 2703 2428 2768 οὐσίας
2451 2705 2545 2758 xui
2568 2705 2863 2777 ποιότητας
2881 2745 2896 2768 ,
2934 2705 3111 2758 καίτοι
3138 2703 3341 2766 πολλὰς
3365 2703 3464 2756 καὶ
3492 2702 3608 2755 δια-

1998 2793 2199 2866 φόρους
2249 2794 2446 2860 οὖσας,
2493 2796 2642 2866 ὅμως
2695 2795 2857 2859 αὐτὸς
2901 2789 2981 2858 εἷς
3027 2793 3124 2858 ὢν,
3177 2794 3272 2847 καὶ
3323 2793 3603 2864 μονοειδὲς

1997 2886 2327 2958 ὲπιλόιμπων
2363 2887 2479 2957 φῶς
2499 2928 2513 2953 ,
2551 2889 2769 2942 ἀνανεοῖ
2793 2929 2808 2954 ,
2841 2891 2937 2942 xui
2963 2887 3181 2960 τρέφει,
3212 2889 3307 2940 xui
3344 2889 3601 2958 φρουρεῖ,

1996 2979 2092 3032 xui
2118 2977 2347 3044 τελειοῖ,
2376 2980 2472 3034 xui
2496 2979 2801 3052 διακρίνει,
2836 2981 2930 3033 xui
2964 2981 3076 3032 ἑνοῖ
3099 3019 3113 3044 ,
3151 2979 3247 3032 καὶ
3269 2976 3600 3038 ἀναθάλπει,

3461 969 3484 1004 ξ
3520 951 3625 1004 τῶν

305 3059 407 3115 tes,
434 3053 786 3120 quantumvis
828 3056 1010 3112 multa:
1050 3057 1159 3114 sint
1195 3074 1260 3114 ac
1294 3060 1548 3126 diversaa,
1577 3063 1739 3118 simul
1777 3065 1783 3118 i

2127 3069 2327 3142 γόνιμα
2370 3067 2511 3126 εἶναι
2557 3075 2734 3135 ποιεῖ,
2776 3073 2870 3126 xui
2905 3070 3094 3138 αὔξει,
3118 3071 3213 3124 xui
3241 3069 3594 3136 ἐξαλλάττει,

303 3155 428 3193 cum
454 3143 526 3196 sit
547 3145 761 3208 unicus,
784 3162 839 3201 et
857 3149 1205 3205 uniformitcr
1221 3150 1487 3207 diiIundat
1505 3154 1683 3209 iumen
1704 3171 1888 3223 suum,

304 3251 496 3289 omnes
527 3248 771 3304 renovat,
809 3252 863 3293 et
910 3242 1102 3307 nutrit,
1135 3255 1191 3298 et
1222 3254 1423 3312 servat,
1463 3259 1516 3301 et
1551 3249 1802 3317 perlicit,
1836 3261 1892 3305 et

303 3327 615 3400 distinguit,
641 3343 697 3388 et
723 3336 862 3399 unit,
890 3346 940 3390 ct
965 3336 1194 3401 refovet,
1225 3344 1279 3391 et.
1303 3337 1577 3404 fecundat,
1604 3351 1659 3396 et
1703 3352 1888 3412 auget,

303 3424 359 3468 et
380 3416 730 3487 immutat,et
755 3423 955 3489 firmat,
986 3435 1041 3479 et
1061 3427 1330 3496 producit,
1356 3439 1409 3484 et
1431 3432 1682 3500 suscitat,
1715 3442 1772 3487 et
1798 3449 1890 3490 ve-

302 3519 488 3577 getat;
525 3523 580 3568 et
609 3515 889 3583 quodlibet
930 3532 998 3572 ex
1047 3518 1150 3585 iis,
1189 3521 1349 3575 modo
1393 3523 1593 3593 cuique
1639 3528 1888 3595 proprio,

304 3602 468 3657 unius
497 3605 844 3675 ejusdemque
880 3611 1011 3665 solis
1047 3615 1320 3683 particeps
1353 3616 1580 3683 existit,
1627 3628 1685 3673 et
1716 3619 1891 3690 pluri-

309 3711 522 3752 morum
563 3713 625 3755 se
657 3702 1096 3772 participautium
1134 3723 1332 3784 causas
1357 3710 1439 3764 sol
1477 3711 1672 3767 unicus
1708 3715 1762 3768 iu
1795 3730 1885 3770 se-

305 3786 426 3856 lpso
453 3791 800 3850 uniformiter
829 3799 1184 3868 anticipavit;
1216 3802 1416 3870 potiori
1452 3805 1644 3876 utique
1673 3809 1888 3865 ratione

298 3885 709 3940 concedendum
737 3895 842 3956 est,
883 3889 934 3943 in
973 3889 1259 3959 ipsiusmet
1293 3893 1427 3950 solis
1453 3909 1518 3951 ac
1553 3911 1734 3953 rerum
1769 3914 1924 3954 om—.

299 3975 452 4029 nitun
488 3992 652 4052 causa
679 4020 697 4048 ,
731 3984 1031 4039 secundum
1087 3987 1304 4040 unicam
1364 3991 1884 4059 supraessentialem

295 4070 721 4141 copulationem,
755 4091 935 4130 rerum
962 4078 1205 4132 omnium
1239 4080 1573 4149 exemplaria
1598 4087 1888 4153 praeexsti-

298 4162 453 4222 tisse.
485 4169 926 4238 quandoquidem
983 4173 1096 4226 tunc
1143 4171 1406 4241 ipsasntet
1451 4178 1722 4232 essentias
1755 4194 1884 4250 pro-

294 4252 459 4308 ducat
510 4261 803 4314 secundum
867 4279 1156 4318 excessum
1209 4268 1482 4321 essentite.
1541 4269 1884 4342 Exemplaria

292 4359 429 4401 vero
483 4349 714 4405 dicimus
764 4367 886 4409 esse
935 4359 1178 4413 rationes
1229 4359 1281 4413 in
1310 4361 1418 4415 Deo
1473 4363 1883 4423 Substantiticas

1997 3161 2090 3214 xui
2133 3159 2401 3232 ἑνιδρύει,
2446 3163 2542 3216 xui
2585 3161 2815 3232 ἐκφύει,
2865 3161 2958 3215 xui
3003 3161 3289 3221 ἀνακινεῖ,
3331 3159 3430 3211 xui
3470 3158 3600 3222 ζωοῖ

1995 3250 2173 3304 πάντα
2193 3291 2207 3316 ,
2235 3248 2332 3305 xui
2355 3250 2464 3303 τῶν
2487 3250 2624 3306 ὅλων
2649 3251 2878 3306 ἕκαστον
2904 3249 3121 3314 οἰκείως
3139 3248 3322 3318 ,ἐαυτῷ
3349 3247 3448 3300 τοῦ
3468 3246 3598 3299 ταύ-

1992 3341 2086 3394 τοῦ
2127 3343 2220 3398 xui
2241 3343 2358 3409 ἑνὸς
2375 3344 2524 3416 ἡλίου
2561 3343 2812 3416 μετέχει,
2842 3344 2938 3398 καὶ
2959 3343 3058 3408 τὰς
3081 3341 3191 3396 τῶν
3219 3339 3436 3394 πολλῶν
3463 3356 3592 3410 μετ·-

1993 3434 2226 3506 εχόντων
2255 3438 2284 3489 ό
2315 3431 2397 3502 εἷς
2431 3437 2581 3508 ἥλιος
2602 3437 2780 3500 αἰτίας
2808 3437 2864 3488 ἐν
2893 3433 3068 3505 ἐαυτῷ
3091 3432 3385 3505 μονοειδῶς
3407 3432 3592 3501 προεί-

1991 3525 2131 3598 ληφε
2151 3544 2166 3557 ⁸
2205 3526 2384 3599 πολλῷ
2411 3545 2476 3598 γε
2515 3527 2713 3599 μᾶλλον
2748 3527 2842 3580 ἐπὶ
2862 3527 2964 3598 τῆς
2999 3527 3092 3580 xui
3126 3523 3294 3580 αὐτοῦ
3329 3524 3426 3577 xui
3451 3523 3588 3576 παν-

1990 3636 2100 3672 των
2146 3621 2326 3686 αἰτίας
2344 3621 2410 3686 ",
2448 3621 2854 3694 προϋφεστάναι
2888 3620 2957 3674 τὰ
2990 3619 3169 3674 πάντα
3208 3619 3318 3672 τῶν
3350 3618 3523 3670 ὄντων
3543 3617 3586 3646 ⁷⁸

1992 3711 2443 3782 παραδείγματα,
2476 3712 2617 3768 κατὰ
2651 3711 2780 3783 μίαν
2804 3711 3128 3782 ὑπερούσιον
3149 3709 3346 3763 ἕνωσιν
3378 3725 3585 3778 συγχω-

1995 3800 2216 3872 ρητέον·
2255 3802 2377 3855 ἐπεὶ
2411 3803 2504 3856 xui
2535 3802 2726 3868 οὐσίας
2767 3803 3006 3875 παράγει
3044 3801 3186 3858 κατὰ
3219 3801 3320 3873 τὴν
3357 3802 3466 3856 ἀπὸ
3497 3801 3584 3853 οὑ-

1992 3899 2113 3963 σίας
2147 3898 2393 3954 ἔκϐασιν.
2431 3899 2857 3974 Παραδείγματα
2885 3901 2943 3957 δέ
2981 3913 3158 3971 φαμεν
3192 3896 3332 3953 εἶναι
3362 3899 3490 3961 τοὺς
3527 3899 3580 3949 ἐν

1989 3998 2108 4072 Θεῴ
2141 3999 2249 4053 τῶν
2287 4000 2456 4055 ὄντων
2498 4001 2842 4066 οὺσιοποιοὺς
2891 4003 2985 4056 xui
3020 3999 3238 4064 ἑνιαίως
3255 3999 3303 4030 ⁸ο
3344 4001 3580 4069 προῦφε-

1990 4092 2201 4157 στῶτας
2233 4080 2425 4162 λόγους
2447 4135 2462 4160 ,
2497 4093 2590 4158 οὓς
2624 4097 2657 4166 ἠ
2690 4095 2935 4166 θεολογία
2970 4095 3342 4167 προορισμοὺς
3388 4091 3579 4152 καλεῖν

1988 4187 2082 4240 xui
2114 4186 2233 4240 θεῖα
2256 4188 2348 4240 xui
2371 4187 2553 4257 ἀγαθὰ
2586 4189 2867 4260 θελήματα
2882 4230 2897 4254 ,
2919 4189 3028 4242 τῶν
3061 4187 3232 4242 ὄντων
3254 4179 3580 4256 ἀεροριστικά

1989 4279 2083 4332 xui
2123 4281 2380 4352 ποιητικά
2399 4320 2415 4346 ,
2453 4281 2576 4334 καθ’
2600 4282 2694 4346 οὓς
2726 4285 2755 4334 ό
2787 4281 3108 4352 ὑπερούσιος
3139 4281 3208 4334 τὰ
3241 4279 3372 4332 ὄντα
3407 4278 3578 4333 πάντα

1987 4373 2082 4425 xui
2121 4370 2393 4445 προώρισε
2432 4374 2527 4430 xui
2566 4374 2908 4445 παρήγαγεν.

293 4453 478 4494 rerum
517 4453 572 4498 et
599 4445 748 4499 unite
792 4449 1244 4519 praeexistentes,
1297 4468 1436 4523 quas
1480 4443 1699 4512 divmus
1751 4474 1932 4516 sermo
1977 4473 2138 4518 vocat
2168 4443 2678 4535 ipratdefinitiones,
2723 4477 2778 4522 et
2830 4467 3040 4522 divinas
3072 4477 3236 4535 atque
3271 4465 3447 4518 bouus
3492 4477 3579 4511 νε)-

291 4531 572 4600 luutates,
621 4551 803 4592 rerum
853 4540 1190 4598 deliuitrices
1235 4557 1288 4600 et
1349 4547 1686 4610 cchctrices:
1742 4557 2038 4612 secundum
2087 4531 2226 4628 quas
2256 4559 2349 4628 qui
2423 4568 2507 4614 est
2552 4574 2714 4629 supra
2778 4559 3176 4622 substantiam,
3227 4559 3416 4612 omnia
3463 4572 3578 4626 quas

290 4637 420 4682 sunt
452 4631 814 4698 praedeliuivit
847 4646 904 4689 et
934 4639 1212 4705 produxit.

1860 4761 2007 4836 §IX

361 4890 420 4946 Si
450 4904 630 4950 autem
665 4896 777 4951 vult
817 4897 1069 4953 Clemens
1117 4899 1507 4970 philosophus,
1559 4904 1627 4958 ad
1665 4905 1834 4976 aliqui

2093 4909 2118 4961 1i.
2153 4907 2211 4962 δὲ
2240 4910 2269 4962 ὁ
2307 4908 2598 4978 φιλόσοφος
2636 4908 2779 4973 ἀξιοί
2807 4906 3041 4978 Κλήμης
3061 4947 3076 4971 ,
3101 4911 3197 4959 xui
3232 4907 3374 4977 πρός
3393 4925 3448 4960 τι
3473 4925 3571 4961 πα-

286 4982 396 5038 dici
443 4988 778 5058 exemplaria
814 5005 936 5059 qua:
980 5000 1108 5047 sunt
1153 4993 1212 5047 in
1260 4994 1426 5048 rebus
1457 4996 1875 5066 principaliora,

287 5079 635 5146 progreditur
661 5082 905 5151 quidem,
937 5100 1059 5139 cum
1093 5088 1172 5142 sic
1201 5087 1463 5157 loquitur,
1495 5108 1603 5145 non
1638 5106 1735 5162 per
1758 5107 1878 5166 pro-

287 5168 406 5238 pria
436 5179 490 5223 et
516 5173 759 5240 perfecta
791 5184 848 5230 et
879 5178 1148 5247 simplicia
1181 5181 1398 5236 nomina
1425 5200 1440 5250 ;
1475 5185 1568 5238 sed
1598 5185 1642 5238 si
1673 5199 1873 5239 conice-

285 5259 482 5317 damus
523 5264 692 5319 etiam
741 5267 848 5323 hoc
897 5282 1046 5326 recte
1087 5274 1232 5342 dici,
1285 5287 1500 5346 oportet
1557 5276 1874 5331 meminisse

1986 5001 2326 5072 ραδείγματα
2375 5000 2663 5071 λέγεσθαι,
2707 5002 2776 5054 τὰ
2821 5001 2880 5054 ἐν
2917 5004 3029 5064 τοῖς
3067 4997 3217 5055 οὖσιν
3252 5001 3568 5074 ἀρχηγικιὺ-

1978 5109 2113 5163 τερα
2135 5131 2151 5156 ,
2186 5093 2400 5165 πρόεισι
2442 5092 2541 5165 μὲν
2575 5093 2636 5144 οὐ
2670 5093 2758 5146 διὰ
2789 5093 2995 5164 κυρίων
3032 5094 3128 5146 xui
3166 5093 3454 5146 παντελῶν
3484 5091 3568 5145 xui

1981 5184 2171 5239 ἁπλῶν
2200 5186 2478 5255 ὀνομάτων
2499 5187 2528 5239 ὁ
2549 5184 2706 5255 λόγος
2736 5183 2888 5255 αὐτῷ
2909 5201 2923 5214 ·
2959 5183 3380 5256 συγχωροῦντας
3398 5185 3455 5239 δὲ
3479 5184 3564 5238 xui.

1977 5276 2137 5330 τοῦτο
2167 5277 2342 5347 ὀρθῶς
2378 5278 2634 5349 λέγεσθαι
2660 5318 2674 5341 ,
2720 5278 2822 5348 τῆς
2857 5276 3132 5345 Θεολογίας
3168 5274 3563 5349 μνημονευτέον

1577 5456 1807 5512 VARle
1841 5456 2243 5516 LECTIONES.

406 5631 426 5659 ⁸
460 5631 643 5684 subdit
676 5629 714 5682 P
777 5633 868 5685 xui
902 5634 961 5686 τὸ
987 5630 1148 5690 εἶναι.

1243 5639 1287 5669 ⁷⁵
1325 5638 1576 5706 ὑμνοῦσι,
1616 5640 1672 5692 S.
1704 5640 1764 5693 Ι).

286 5713 342 5759 et
368 5701 564 5767 αἴτιος,
605 5700 673 5755 Μ.
715 5702 804 5757 Sc.

882 5706 924 5737 ⁷⁵
964 5706 1178 5761 πάντων
1215 5708 1320 5761 τῶν
1347 5711 1517 5764 ὄντων
1552 5711 1604 5765 S.
1649 5711 1706 5766 Ρ.
1747 5712 1805 5767 D.

1865 5642 1908 5672 7°
1946 5641 2200 5704 συνελών,
2243 5643 2306 5694 Μ.
2342 5642 2432 5696 Sc.

1899 5712 2001 5744 σοι

2481 5629 2489 5639 ’
2542 5644 2588 5677 ⁷⁷
2621 5646 2730 5700 τῶν
2762 5645 2948 5712 ὄντων,
2984 5643 3052 5700 Μ.
3086 5646 3175 5702 Sc.
3256 5647 3300 5679 ⁷⁸
3336 5645 3427 5700 ἐπὶ
3458 5643 3550 5716 γῆς

1979 5713 2232 5781 ἐνιαὶους,
2273 5714 2327 5768 S.
2365 5713 2422 5768 ι».
