3768 6292
437 280 496 335 ’ςι
1578 281 1636 336 5.
1673 278 1972 338 DlONYSll
2011 281 2497 344 ABEOPAGITA‘I;

3587 289 3691 346 838

402 394 792 466 intelliguntur
819 411 847 468 a
879 394 1036 452 nobis
1060 403 1117 451 et
1153 395 1558 464 signiﬁcantur.
1594 397 1749 454 Unde
1781 397 1908 452 licet
1951 397 2020 451 sit
2065 399 2390 468 principium
2419 407 2471 452 et
2514 399 2657 462 ﬁnis,
2696 399 2838 454 sicut
2868 399 3074 454 dictum
3098 408 3206 461 est,
3259 405 3452 452 tamen
3510 416 3689 467 neque

403 469 566 539 habet
609 467 961 539 principium,
1006 482 1180 534 neque
1219 468 1404 528 linem,
1455 483 1635 536 neque
1687 470 1945 531 medium,
1977 469 2134 539 sicut
2182 467 2254 522 in
2280 475 2550 523 creaturis
2587 470 2943 539 intelligimus
2967 489 2988 539 ,ε
3027 480 3081 523 et
3123 469 3256 523 licet
3313 469 3388 522 sit
3441 485 3689 537 praesens

401 537 654 589 omnilms
701 546 754 587 el.
780 537 1001 602 ubique.
1040 553 1308 605 nusquam
1346 550 1526 592 tamen
1561 550 1662 594 est.
1705 553 1803 591 nec
1830 541 1882 591 in
1913 538 2023 591 ullo
2051 551 2135 592 est
2165 540 2307 592 sicut
2335 549 2616 594 creatura.
2649 537 2885 595 Sanetus
2929 538 3199 594 Maximus
3248 539 3304 592 in
3341 541 3611 592 centuria
3649 559 3682 605 i,

403 622 524 673 cap.
559 607 610 666 7,
644 609 762 680 ait:
803 624 819 655 ι
862 607 1036 680 Dmne
1073 608 1401 680 principium
1447 618 1500 662 et
1528 609 1763 680 medium
1797 618 1852 662 et
1894 609 2020 680 linis
2067 624 2175 680 non
2209 625 2600 680 usquequaque
2626 618 2846 680 negant,
2879 610 3006 679 quin
3041 611 3354 663 secundum
3408 607 3688 663 habitudi-

403 692 524 728 m-m
560 677 960 741 pra-dicentur;
1002 679 1142 730 Deus
1169 689 1351 731 autem
1383 679 1432 732 in
1461 679 1778 734 universum
1809 678 1959 732 omni
1991 677 2311 732 habitudine
2341 677 2552 734 inﬁnite
2578 691 2632 736 et
2671 677 2940 734 inﬁnitum
2976 681 3232 748 superior
3267 694 3396 734 cum
3430 681 3531 741 sit,
3560 696 3688 733 con-

400 755 722 820 sentaneum
766 755 870 820 est,
906 756 964 797 ιιι
1013 762 1184 816 neque
1231 748 1581 815 principium,
1623 765 1798 818 neque
1834 748 2096 810 medium,
2134 765 2311 818 neque
2355 751 2478 802 linis
2515 749 2622 815 sit;
2652 765 2832 819 neque
2877 749 3176 820 quidquam
3235 750 3478 804 omnino
3523 751 3684 804 habet

401 829 616 890 eorum,
655 816 704 865 itt
743 816 943 890 quibus
977 827 1166 868 natura
1195 820 1494 890 secundum
1529 816 1928 890 liabitmliuem,
1950 816 2279 890 praedicatio
2311 822 2376 873 ad
2411 820 2617 889 aliquid
2647 816 2798 874 cerni
2826 816 3042 890 potestf
3070 840 3089 872 ι

478 887 677 936 Ibidem
710 902 723 936 :
754 883 1031 958 Erneque
1080 887 1339 958 letaliter;
1373 889 1477 955 ipsi
1506 890 1740 942 convenit
1791 883 1994 958 aliquid
2048 891 2370 944 a’lernaliter
2417 883 2781 956 existentium,
2826 883 2918 944 aut
2971 890 3336 958 temporaliter
3389 888 3688 944 subsisten-

401 953 553 1014 tium,
573 965 679 1006 etc.
708 973 724 1003 t
753 955 1163 1031 Universaliter,
1195 957 1373 1031 inquit
1393 953 1628 1011 sanctus
1653 953 1913 1021 Thomas,
1946 974 2069 1031 non
2088 963 2339 1031 convenit
2369 962 2416 1013 ei
2451 960 2654 1031 aliquid
2679 953 3008 1015 tie-numero
3034 953 3455 1024 creaturarum,
3487 961 3585 1013 sed
3608 976 3688 1014 se-

401 1035 625 1092 parntur
665 1041 760 1091 per
787 1029 1078 1100 quamdam
1114 1030 1510 1100 eminentiam;
1546 1049 1563 1079 ι
1607 1041 1660 1082 et
1693 1046 1885 1082 rursus
1918 1047 1931 1082 :
1971 1045 1990 1077 ι
2035 1029 2234 1100 Ειὶιιιιι,
2269 1031 2463 1099 inquit,
2492 1029 2781 1100 separatur
2803 1031 2955 1084 abiis
2980 1047 3103 1099 qua:
3129 1040 3261 1085 sunt
3287 1032 3342 1084 in
3379 1045 3504 1083 aevo
3545 1040 3598 1083 et
3637 1032 3682 1082 in

404 1105 648 1154 tenuiore
682 1111 778 1163 p'r
805 1098 1098 1164 quamdam
1129 1098 1507 1152 eminentiam.
1545 1121 1562 1149 ν
1600 1102 1752 1165 Quod
1797 1102 1963 1167 igitur
2007 1098 2131 1151 alibi
2163 1098 2352 1154 etiam,
2378 1098 2607 1155 sanctus
2651 1103 2891 1157 Thomas
2919 1098 3054 1156 dixit
3085 1132 3099 1155 ς
3144 1102 3259 1155 huc
3293 1101 3397 1154 Dei
3442 1103 3684 1164 nomina,

403 1167 831 1243 bonus,_sapicns,
865 1176 918 1219 et
950 1167 1178 1231 similia,
1214 1169 1526 1237 signiﬁcare
1553 1185 1673 1224 esse
1708 1170 1823 1223 huic
1855 1171 1907 1224 in
1961 1167 2072 1221 Deo
2120 1171 2450 1232 eminenter,
2487 1187 2550 1225 ex
2598 1171 2878 1243 Dionysio,
2928 1187 3090 1242 quem
3123 1172 3550 1241 'tnterpretatus
3583 1181 3684 1233 est,

401 1239 649 1302 Sutnpsit.

1433 1460 1595 1532 437
1633 1460 2120 1520 ΡΛΒᾹΡΗΒΑΞΙΞ
2153 1461 2603 1519 ΡΑΟΠΥΜΕΒᾸΞ
2637 1465 2772 1539 (Η).

476 1570 504 1642 §
548 1570 588 1623 l.
631 1569 788 1625 Modo
813 1571 1200 1624 transeundum
1241 1581 1324 1626 est
1355 1573 1421 1626 ad
1460 1573 1748 1634 essentiale
1788 1589 1964 1628 nomen

2218 1577 2257 1628 l.
2277 1576 2644 1628 Μετενεκτέον
2666 1576 2758 1629 τὸν
2779 1574 2934 1643 λόγον
2962 1575 3053 1628 ἐπὶ
3074 1574 3175 1647 τὴν
3196 1575 3376 1637 ὄντως
3411 1569 3584 1627 οὖσαν
3613 1574 3691 1626 οὑ-

403 1673 496 1719 ent
520 1681 545 1718 s
578 1680 705 1717 vere
745 1664 1056 1718 existentis.
1095 1663 1562 1729 Quemadmodum
1596 1665 1740 1719 enim
1769 1665 1989 1733 ἀγαθω-

403 1755 602 1826 νυμίαν
627 1764 783 1808 vocat
813 1768 1008 1809 nomen
1036 1753 1188 1817 boni,
1215 1754 1294 1807 sic
1309 1763 1365 1806 et
1386 1753 1776 1824 οὺσιωνυμίαν,
1795 1771 1991 1808 nomen

404 1844 569 1908 cntis,
597 1845 738 1898 sicut
764 1843 1106 1914 ἀντωνυμίαν
1129 1859 1143 1907 ;
1177 1858 1275 1897 ens
1301 1854 1482 1897 autent
1507 1853 1562 1898 et
1589 1846 1826 1899 essentia
1858 1853 1986 1899 sunt

408 1937 571 1992 idem.
586 1939 855 1992 Caeterum
877 1947 1087 1991 tantum
1110 1938 1522 1992 admonebimus
1540 1939 1810 1993 sermonis
1832 1937 1992 2008 hujus

405 2045 628 2099 scopum
657 2046 762 2083 non
789 2044 932 2096 esse,
960 2030 1129 2100 ipsam
1158 2031 1676 2097 supraessentialem
1693 2033 1993 2086 essentiam

405 2133 676 2190 quatenus
704 2123 1188 2192 superessentialis
1216 2132 1322 2186 est,
1365 2123 1662 2191 explicare,
1711 2124 1806 2178 sed
1835 2137 1996 2190 expo-

405 2227 536 2266 n're
585 2213 802 2282 quidem
853 2215 1032 2267 omnis
1083 2214 1406 2268 substantiae
1468 2215 1821 2285 principium,
1867 2230 1995 2269 cau-

406 2317 546 2371 satu,
582 2305 908 2367 essentiam,
946 2319 1050 2359 nea
1085 2304 1141 2359 in
1192 2314 1455 2375 quantum
1499 2307 1797 2360 essentiam
1842 2322 1998 2376 supe-

407 2405 494 2449 rat
521 2398 686 2466 (quod
719 2399 864 2450 enim
917 2412 1078 2464 supra
1128 2399 1422 2452 essentiam
1462 2399 1673 2464 existit,
1726 2401 1998 2468 quomodo

407 2487 704 2539 secundmn
735 2502 792 2540 se
824 2488 1085 2556 explicari
1122 2492 1380 2562 posset?)
1414 2492 1509 2549 sed
1550 2491 1601 2544 in
1632 2501 1896 2561 quantum
1928 2491 1996 2544 ab

407 2575 531 2628 aliis
551 2576 770 2630 entibus
796 2579 863 2630 ab
890 2578 1001 2646 ipsa
1031 2581 1314 2647 productis
1337 2582 1402 2635 ad
1435 2582 1608 2651 ipsam
1640 2583 1994 2637 adducimur:

409 2667 524 2736 ipsa
557 2669 700 2722 enim
733 2672 1033 2723 secundum
1067 2686 1126 2724 se
1161 2671 1454 2727 ineﬂ‘abilis
1492 2675 1700 2735 existit,
1735 2684 1789 2728 et
1825 2675 1996 2743 ipsam

407 2761 664 2814 unionem
697 2763 912 2814 excedit
964 2778 978 2824 ;
1035 2777 1132 2829 per
1184 2765 1452 2818 unionem
1499 2762 1809 2832 intelligens
1855 2765 1997 2818 cutis

407 2853 670 2906 nnitatem
733 2869 796 2908 ac
855 2855 1268 2921 definitionem,
1323 2856 1622 2909 sccundmn
1682 2870 1843 2923 quam
1899 2871 1997 2911 ens

2097 1668 2416 1740 σιωνυμίαν.
2455 1667 2543 1732 Ὠς
2579 1667 2690 1740 γὰρ
2727 1667 3118 1738 ἀγαθωνυμίαν
3158 1667 3316 1736 λέγει
3359 1665 3459 1718 τοῦ
3492 1665 3690 1734 ἀγαθοῦ

2093 1760 2410 1832 ὀνομασίαν,
2437 1758 2582 1812 οὕτω
2607 1759 2702 1814 καὶ
2735 1760 3104 1830 οὐσιωνυμίαν
3144 1759 3248 1830 τὴν
3274 1758 3376 1812 τοῦ
3404 1760 3566 1822 ὄντος
3584 1759 3694 1810 ὀνο-

2099 1851 2318 1922 μασίαν,
2350 1853 2510 1905 οἱονεὶ¹
2530 1852 2736 1905 ἀντωνυ
2746 1851 2893 1922 μίαν·
2921 1851 2983 1904 τὸ
3009 1851 3067 1904 δὲ
3095 1850 3155 1904 ὃν
3183 1851 3282 1904 καὶ
3311 1852 3347 1922 ἡ
3373 1850 3544 1904 οὐσία
3573 1850 3691 1903 ταὺ-

2093 1945 2206 1999 τόν.
2248 1945 2682 2016 Ὑπομνήσωμεν
2699 1943 2758 1997 δὲ
2782 1943 3057 2007 τοσοῦτον,
3081 1945 3164 1997 ὅτι
3185 1944 3290 1996 οὐκ
3315 1944 3438 1997 ἐστι
3458 1943 3540 2014 τῷ
3562 1943 3694 2013 λόγῳ

2097 2035 2319 2099 σκοπὸς,
2349 2036 2518 2107 αὐτὴν
2560 2037 2659 2108 τὴν
2689 2035 3011 2108 ὑπερούσιον
3033 2037 3246 2098 οὐσίαν,
3344 2034 3692 2106 ὑπερούσιος,

2095 2127 2396 2197 ἐκφαίνειν·
2431 2127 2544 2181 ἀλλ’
2575 2128 2852 2197 ἐκφαίνειν
2891 2127 2991 2199 μὲν
3034 2127 3135 2196 τὴν
3166 2126 3357 2194 πάσης
3383 2125 3577 2189 oeci-1;
3593 2125 3696 2194 ,ἀρ-

2095 2217 2218 2288 χὴν,
2242 2219 2441 2284 αἰτίαν,
2470 2218 2678 2282 οὐσίαν,
2719 2220 2777 2271 οὐ
2816 2218 2949 2271 καθὸ
2988 2218 3045 2271 δὲ
3068 2219 3431 2290 ῦπερούσιον,
3473 2218 3558 2290 (τὸ
3592 2215 3694 2287 γὰρ

2096 2309 2237 2382 ὑπὲρ
2257 2310 2445 2364 οὐσίαν
2470 2310 2530 2364 ὂν
2552 2311 2670 2375 πῶς
2711 2310 3109 2381 ὲκφανθήσεται
3148 2313 3273 2364 κατ’
3321 2311 3461 2364 αὐτό
3482 2310 3533 2382 ;)
3567 2310 3694 2364 ἀλλά

2095 2402 2233 2456 καθὸ
2261 2402 2369 2455 ἀπὸ
2400 2401 2510 2455 τῶν
2543 2403 2745 2474 ἑτέρως
2773 2402 2942 2455 ὄντων
2987 2405 3078 2456 καὶ
3126 2405 3256 2474 παρ’
3301 2404 3483 2475 αὐτῆς
3526 2419 3695 2473 παρα-

2096 2495 2333 2567 χθέντων
2357 2496 2438 2559 είς
2470 2495 2638 2565 αὐτὴν
2673 2494 3004 2566 ἀναγόμεθα.
3042 2495 3259 2568 Ἐκείνη
3299 2494 3416 2568 γὰρ
3447 2496 3570 2550 καθ’
3611 2496 3696 2548 αὐ-

2096 2589 2195 2659 τὴν
2221 2587 2557 2656 ἀνέκφαντός
2589 2588 2728 2651 ἐστι,
2756 2587 2851 2640 καὶ⁸
2892 2587 3060 2659 αὐτὴν
3099 2588 3201 2657 τὴν
3242 2588 3452 2642 ἕνωσιν
3479 2586 3698 2658 ὑπεραί-

2102 2695 2268 2748 ρουσα
2287 2679 2482 2731 ἕνωσιν
2508 2677 2682 2745 λέγων
2708 2678 2769 2730 τὸ
2788 2676 2881 2730 τοῦ
2913 2677 3066 2742 ὄντος
3096 2679 3306 2732 ἑνιαῖον
3340 2682 3439 2732 καὶ⁸
3463 2677 3694 2750 ὡρισμέ-

2097 2787 2207 2834 νον,
2239 2771 2373 2824 καθὸ
2405 2771 2463 2824 ὄν
2495 2771 2663 2823 ἐστιν.
2695 2769 2782 2833 Ὡς
2820 2770 2928 2842 γὰρ
2953 2770 3013 2823 τὸ
3043 2769 3118 2840 μὴ
3158 2769 3221 2824 ὃν
3255 2771 3359 2842 οὐχ
3386 2771 3470 2835 ἒν,
3507 2770 3619 2824 ἀλλ’
3640 2771 3694 2820 ἐκ

2099 2861 2310 2916 πολλῶν
2334 2863 2426 2916 καὶ
2439 2863 2680 2935 ἀπείρων
2698 2863 2986 2932 ἐλλείψεων
3003 2881 3078 2917 πα
3087 2864 3511 2935 ρεισαγὸμενον·
3535 2863 3692 2925 οὕτως

407 2953 510 2996 est.
541 2943 1012 3010 Quemadmodum
1043 2949 1187 3000 enim
1221 2947 1274 3001 id
1313 2949 1456 3016 quod
1489 2962 1592 2999 non
1627 2958 1736 3011 est,
1778 2963 1885 3001 non

2202 2955 2275 3021 ὃν,
2315 2955 2394 3020 ἓν,
2450 2956 2584 3009 καθὸ
2626 2955 2685 3008 ὸν
2732 2957 2826 3009 καὶ
2857 2955 3188 3028 ὡρισμένον,
3233 2957 3386 3027 ὑπὲρ
3418 2958 3448 3010 ὃ
3483 2958 3626 3009 ἐστιν
3664 2956 3690 3025 ἡ

408 3047 598 3096 Unum,
626 3036 721 3087 sed
753 3051 818 3088 ex
860 3037 1044 3091 multis
1063 3048 1233 3106 atque
1268 3037 1496 3090 inﬁnitis
1533 3037 1837 3092 defectibus
1871 3053 2001 3107 pro-

408 3126 653 3192 ductum,
679 3129 760 3182 sic
790 3129 954 3182 etiam
989 3131 1040 3183 id
1064 3132 1207 3200 quod
1245 3139 1351 3194 est,
1382 3146 1553 3185 unum
1586 3141 1694 3195 est,
1729 3131 1781 3184 in
1820 3146 1998 3201 quan-

412 3226 524 3272 tum
566 3234 663 3274 ens
704 3232 784 3276 est
831 3239 893 3276 ac
944 3222 1266 3288 deﬁnitum;
1319 3238 1483 3292 supra
1517 3225 1661 3292 quod
1700 3224 1880 3278 existit
1915 3239 2001 3278 es-

411 3313 589 3367 sentia
635 3313 724 3367 illa
769 3315 1266 3384 supraessentialis,
1313 3332 1434 3385 qua:
1465 3333 1633 3370 unum
1665 3319 2000 3384 nominatur,

416 3416 521 3455 non
555 3415 610 3457 ut
644 3406 970 3474 principium
1020 3422 1398 3475 numerorum,
1447 3409 1543 3463 sed
1577 3408 1719 3477 quod
1745 3411 2002 3465 Omnibus

414 3495 676 3561 emineat,
709 3497 979 3564 nullisque
1015 3499 1177 3551 rebus
1201 3514 1321 3568 qua:
1352 3509 1474 3567 post
1503 3498 1679 3567 ipsum
1710 3512 1836 3554 sunt
1872 3519 2004 3556 colt-

416 3589 694 3642 numerari
733 3594 928 3659 possit,
971 3591 1101 3659 quin
1151 3594 1319 3645 etiam
1379 3602 1604 3661 prepter
1651 3593 2005 3661 compositio-

418 3679 504 3733 nis
553 3681 882 3735 vacuitatem
950 3693 1114 3751 atque
1184 3683 1618 3752 simplicitatem.
1676 3683 1905 3753 Itaque,
1957 3686 2000 3740 si

418 3769 584 3825 Demn
611 3789 825 3842 quoque
847 3789 1011 3827 untnn
1046 3776 1272 3841 dixeris,
1306 3792 1410 3829 non
1449 3775 1552 3830 hoc
1579 3778 1874 3830 essentiam
1909 3778 2001 3833 Dei

416 3865 743 3932 explicabit;
769 3886 892 3921 nam
918 3869 1156 3923 essentia
1185 3869 1403 3938 proprie
1421 3870 1496 3925 de
1517 3869 1625 3922 Deo
1657 3883 1763 3922 non
1783 3870 2003 3936 dicitur,

415 3971 675 4024 quoniam
713 3959 1196 4027 superessentialis
1225 3969 1341 4025 est;
1376 3959 1632 4029 quocirca
1662 3961 1800 4015 hanc
1831 3960 2002 4029 ipsam

418 4054 670 4108 unionem
690 4055 922 4110 extollit.
943 4057 1404 4122 Quemadmodum
1428 4055 1594 4125 igitur
1611 4055 1675 4109 de
1693 4055 1835 4109 bono
1867 4055 2010 4108 dixi-

420 4159 561 4208 mus,
587 4146 824 4200 divinam
855 4149 1152 4201 bonitatem
1189 4163 1250 4201 se
1268 4147 1563 4202 extendere
1594 4155 1647 4201 et
1669 4147 1738 4200 ad
1783 4163 1846 4202 ea
1888 4162 2008 4216 quae

415 4243 640 4294 sunt,et
670 4235 735 4287 ad
756 4249 818 4288 ea
849 4251 970 4304 quae
997 4252 1102 4288 non
1134 4246 1261 4290 sunt
1285 4237 1408 4305 (per
1435 4252 1497 4289 ea
1524 4236 1868 4305 scilicetqna:
1898 4252 2003 4290 non

413 4335 565 4390 sunt,
598 4328 923 4389 ntaterialia,
970 4331 1369 4400 materiamque
1407 4329 1785 4400 intelligenda)
1825 4335 1906 4384 vel
1936 4346 1998 4383 ea

411 4436 535 4488 qua:
591 4423 784 4489 partim
839 4422 1058 4488 quidem
1113 4436 1265 4486 sunt,
1305 4425 1502 4493 partim
1537 4439 1665 4478 vero
1697 4441 1802 4478 non
1850 4436 2000 4490 sunt,

414 4526 522 4563 non
560 4521 737 4564 autem
768 4527 829 4564 ea
865 4527 985 4578 qua:
1010 4512 1197 4566 nulhbi
1230 4527 1458 4582 usquam
1499 4519 1657 4564 sunt:
1701 4511 1782 4566 vel
1815 4513 1998 4576 tertio,

413 4611 468 4655 ut
497 4603 696 4657 dictum
725 4615 806 4658 est
857 4620 886 4657 a
925 4604 983 4659 S.
1020 4604 1205 4670 l’atre,
1238 4605 1379 4673 quod
1412 4604 1462 4658 id
1496 4605 1669 4673 ipsum
1701 4605 1842 4672 quod
1893 4619 1999 4656 non

409 4707 516 4763 est,
582 4696 869 4764 pulchrum
929 4697 1024 4760 sit,
1077 4695 1515 4765 quandoquidem
1564 4696 1617 4748 in
1666 4695 1775 4750 Deo
1822 4711 1919 4764 per
1949 4696 1998 4749 id

411 4789 556 4855 quod
607 4789 1065 4855 superesseutiale
1117 4796 1218 4851 est,
1272 4789 1672 4841 consideretur.
1721 4786 1999 4852 Quemad-

412 4881 631 4933 modum
663 4882 828 4950 igitur
869 4881 919 4934 iu
970 4881 1225 4934 omnibus
1282 4881 1501 4934 bonitas
1542 4879 1636 4932 Dei
1679 4879 1906 4943 relucet,
1947 4886 2002 4931 et

415 4987 628 5025 rursum
665 4973 748 5027 his
779 4974 1004 5036 eminet,
1051 4990 1213 5042 supra
1265 4989 1363 5028 ens
1419 4972 1664 5042 quidem,
1706 4971 1836 5041 quia
1890 4989 1998 5024 ttott

415 5075 502 5120 est
537 5067 835 5136 quidquam
901 5050 1089 5122 rerum
1155 5083 1275 5135 quae
1321 5076 1483 5131 sunt;
1539 5080 1701 5133 supra
1745 5081 1850 5118 non
1904 5080 2003 5118 ens

416 5174 568 5221 vero,
599 5161 725 5229 quia
773 5161 1036 5230 quidquid
1087 5161 1193 5214 tale
1224 5171 1308 5214 est
1358 5161 1658 5224 informat;
1716 5161 1797 5211 sic
1836 5157 2000 5210 etiam

414 5251 710 5305 essentiale
756 5253 899 5305 entis
949 5269 1142 5307 nomen
1181 5253 1245 5305 ad
1297 5255 1480 5306 omnia
1529 5253 1845 5320 porrigitur,
1882 5264 2004 5302 cum

419 5349 679 5402 omnibus
718 5361 841 5402 esse
880 5347 1064 5410 donet,
1121 5356 1176 5399 et
1220 5361 1383 5412 supra
1423 5348 1536 5414 ipsa
1576 5345 1670 5407 sit,
1704 5346 1832 5412 quia
1871 5343 2007 5399 nihil

421 5449 508 5490 ρει
533 5453 721 5492 eorum
771 5453 906 5507 qute-
927 5447 1073 5490 sunt.
1107 5437 1177 5489 At
1216 5436 1361 5488 enim
1395 5437 1524 5490 hinc
1553 5437 1824 5504 quiSpiam
1862 5452 2011 5504 quae-

425 5531 638 5594 siverit,
692 5528 972 5596 Quomodo
1014 5529 1066 5581 in
1102 5529 1244 5583 bono
1276 5529 1493 5597 quidem
1540 5528 1671 5581 dicit
1713 5527 2008 5582 bonitatem

2101 3045 2424 3118 ὑπερούσιος
2449 3045 2627 3108 οὐσία,
2650 3045 2771 3115 ἥτις
2791 3044 3111 3115 ὀνομάζεται
3128 3044 3209 3109 ἓν,
3235 3045 3339 3115 οὐχ
3355 3045 3435 3108 ὼς
3461 3041 3691 3115 ἀριθμῶν

2102 3137 2265 3210 ἀρχὴ,
2302 3136 2437 3190 ἀλλά
2460 3136 2549 3189 διὰ
2574 3137 2634 3190 τὸ
2651 3137 2867 3190 πάντων
2888 3134 3212 3207 ἐξῃρῆσθαι,
3239 3137 3340 3189 καὶ
3366 3135 3525 3189 οὐδὲν
3552 3151 3694 3187 συνα-

2104 3229 2468 3300 ριθμούμενον
2497 3227 2644 3298 ἔχειν
2676 3227 2785 3280 τῶν
2823 3226 2941 3297 μετ’
2976 3226 3168 3298 αὐτὴν,
3199 3226 3386 3289 ἄλλως
3417 3226 3476 3278 δὲ
3503 3225 3594 3278 καὶ
3616 3223 3691 3276 διὰ

2101 3321 2161 3374 τὸ
2179 3320 2473 3374 ἀσύνθετον
2495 3321 2588 3374 καὶ
2618 3317 2843 3374 ἁπλοῦν.
2873 3319 3024 3382 Τέως
3048 3317 3126 3382 δὲ,
3155 3319 3253 3380 καὶ
3277 3318 3340 3371 ἒν
3365 3317 3438 3371 ἂν
3471 3317 3629 3388 εἴπης
3641 3315 3692 3366 τὸ

2103 3412 2275 3476 Θεῖον,
2302 3413 2361 3465 οὐ
2401 3410 2560 3464 τοῦτο
2593 3412 2888 3482 παρίστησι
2925 3410 3024 3481 τὴν
3070 3407 3258 3462 οὐσίαν
3285 3411 3389 3466 τοῦ
3424 3407 3582 3462 Θεοῦ·
3607 3424 3690 3458 κυ-

2108 3507 2238 3580 ρίως
2277 3505 2386 3576 γὰρ
2417 3504 2576 3558 οὐσία
2618 3504 2710 3557 ἐπὶ
2746 3502 2882 3556 Θεοῦ
2914 3503 3013 3556 οὐκ
3049 3499 3117 3555 ἂν
3159 3499 3404 3569 λέγοιτο,
3444 3501 3560 3553 ἐστι
3597 3496 3690 3565 γὰρ

2105 3597 2452 3669 ὑπερούσιος·
2485 3595 2574 3649 διὰ
2597 3595 2756 3648 τοῦτο
2785 3593 3074 3664 ὑπεραίρει
3112 3594 3208 3646 καὶ
3248 3592 3428 3664 αὐτὴν
3456 3592 3553 3664 τὴν
3578 3591 3691 3643 ἕνω-

2107 3705 2210 3740 σιν.
2261 3687 2347 3751 Ὠς
2374 3685 2504 3754 γοῦν
2535 3686 2628 3738 ἐπὶ
2657 3683 2752 3737 τοῦ
2801 3683 3007 3752 ἀγαθοῦ
3045 3683 3332 3753 ἐλέγομεν·
3378 3684 3465 3736 ὃτι
3512 3685 3546 3754 ἡ
3591 3681 3690 3734 θεία

2105 3779 2378 3848 ἀγαθότης
2403 3777 2494 3830 καὶ
2515 3778 2596 3840 εἰς
2621 3775 2691 3829 τὰ
2720 3776 2870 3841 ὄντα,
2891 3775 2991 3829 καὶ
3025 3776 3105 3838 εἰς
3138 3773 3208 3828 τὰ
3248 3776 3355 3827 οὐκ
3374 3775 3508 3828 ὄντα
3532 3773 3689 3827 ἐκτεί-

2105 3886 2253 3922 νεται
2279 3867 2418 3937 (οὐκ
2448 3865 2576 3919 ὄντα
2599 3865 2654 3918 δὲ
2684 3865 2875 3936 ῥητέον
2901 3864 2969 3917 τὸ.
2999 3863 3158 3917 ὑλικά
3188 3864 3287 3917 καὶ
3311 3865 3417 3935 τὴν
3446 3863 3592 3934 ὓλην·
3616 3865 3630 3928 )
3660 3862 3688 3931 ἢ

2103 3960 2174 4013 τὰ
2199 3960 2274 4031 πῆ
2313 3959 2411 4030 μὲν
2446 3958 2595 4022 ὄντα,
2633 3958 2708 4028 πῆ
2748 3957 2805 4011 δὲ
2836 3957 2937 4010 οὐκ
2981 3957 3131 4020 ὄντα,
3161 3956 3260 4009 καὶ
3287 3958 3392 4028 οὐχ
3426 3957 3604 4020 ἁπλῶς
3633 3955 3689 4007 τὶ

2110 4051 2332 4124 μηδαμῆ
2373 4049 2637 4122 μηδαμῶς
2659 4049 2805 4102 ὄνταο
2843 4047 2876 4120 ἢ
2917 4049 3122 4120 τρίτον,
3159 4049 3305 4102 κατὰ
3328 4052 3393 4104 τὸ
3424 4049 3689 4122 εἰρημένον

2108 4143 2257 4214 αὑτῷ
2283 4142 2360 4214 τῷ
2393 4143 2593 4215 Πατρὶ,
2631 4143 2711 4195 ὅτι
2737 4142 2830 4194 καὶ
2865 4141 2996 4195 αὐτὸ
3026 4141 3089 4194 τὸ
3119 4142 3195 4212 μὴ
3234 4142 3320 4206 ὃν,
3358 4143 3548 4209 καλὸν,
3581 4143 3689 4194 ὅταν

2111 4242 2168 4293 ἐν
2200 4239 2320 4310 Θεῷ
2344 4237 2429 4291 διὰ
2456 4237 2516 4290 τὸ
2537 4236 2859 4310 ὑπερούσιον
2883 4235 3175 4308 θεωρῆται.
3216 4237 3308 4300 Ὠς
3335 4237 3473 4306 γοῦν
3495 4237 3582 4290 ἐπὶ
3607 4237 3692 4288 πᾶ-

2116 4350 2199 4386 σιν
2230 4334 2263 4414 η
2290 4329 2564 4402 ἀγαθὸτης
2583 4329 2677 4383 τοῦ
2701 4329 2836 4383 Θεοῦ
2853 4329 3054 4401 διήκει,
3074 4332 3168 4382 καὶ
3188 4330 3358 4384 πάλιν
3378 4331 3523 4401 ὑπὲρ
3542 4328 3692 4384 ταῦτά

2113 4426 2283 4487 ἐστιν,
2320 4422 2461 4493 ὑπὲρ
2503 4422 2565 4475 τὸ
2596 4421 2656 4474 ὃν
2703 4422 2823 4492 μὲν,
2869 4423 2952 4475 ὅτι
2979 4422 3080 4474 οὐκ
3120 4421 3240 4475 ἔστι
3273 4440 3329 4475 τι
3375 4423 3492 4477 τῶν
3525 4423 3688 4476 ὄντων’

2110 4517 2252 4588 ὑπὲρ
2289 4516 2351 4568 τὸ
2395 4515 2496 4567 οὐκ
2527 4514 2586 4568 ὃν
2621 4514 2700 4578 δὲ,
2735 4514 2816 4566 ὅτι
2843 4514 2935 4566 καὶ
2962 4512 3106 4566 ἅπαν
3146 4514 3400 4567 τοιοῦτον
3434 4515 3684 4568 είδοποιεῖ·

2107 4608 2281 4673 οὕτως
2314 4608 2406 4661 καὶ
2431 4609 2464 4678 ἡ
2492 4607 2586 4660 τοῦ
2615 4607 2768 4671 ὄντος
2796 4603 3134 4676 οὑσιωνυμία
3167 4607 3250 4669 εἰς
3276 4607 3464 4660 πάντα
3494 4607 3558 4660 τὰ
3582 4607 3686 4659 ὄντα

2112 4701 2436 4760 ἐκτείνεται,
2480 4701 2614 4752 πᾶσι
2661 4698 2722 4751 τὸ
2775 4693 2911 4749 εἶναι
2948 4694 3190 4756 διδοῦσα,
3237 4699 3334 4750 καὶ
3363 4699 3509 4770 ὑπὲρ
3543 4695 3687 4750 ταῦτᾶ

2105 4792 2274 4855 ἐστιν,
2299 4792 2379 4843 ὅτι
2413 4788 2472 4842 οὗ
2502 4807 2556 4843 τι
2587 4790 2694 4842 τῶν
2736 4789 2906 4842 ὄντων
2938 4787 3111 4842 ἐστίν.
3163 4789 3306 4841 Ἀλλ’
3355 4792 3505 4843 εἴποι
3536 4807 3610 4851 τις
3636 4788 3686 4840 ἂν

2106 4883 2327 4956 ἀπορῶν
2351 4881 2604 4935 ἐνταῦθα·
2642 4881 2767 4944 Πῶς
2792 4882 2883 4934 ἐπὶ
2910 4881 3010 4951 μὲν
3045 4879 3146 4933 τοῦ
3183 4881 3402 4949 ἀγαθοῦ
3438 4883 3594 4952 λέγει,
3619 4881 3683 4932 ὅτι

2105 4977 2286 5047 διήκει
2311 4973 2639 5045 ἡὰγαθότης
2656 4972 2748 5025 καὶ
2766 4973 2846 5036 είς
2871 4972 2938 5026 τὰ
2958 4972 3111 5036 ὄντα,
3136 4973 3232 5025 καὶ
3260 4975 3346 5038 είς
3369 4974 3442 5028 τὰ
3473 4976 3542 5045 μὴ
3560 4974 3682 5033 ὄντα,

2107 5070 2202 5123 ἐπὶ
2224 5071 2280 5123 δὲ
2311 5066 2407 5120 τοῦ
2441 5066 2593 5129 ὄντος
2622 5066 2682 5118 οὐ
2721 5064 2869 5132 λέγει
2910 5062 3093 5127 τοῦτο,
3139 5063 3278 5116 ἀλλὰ
3324 5064 3490 5134 μόνον
3540 5065 3682 5134 διήκει

2108 5163 2189 5226 εἰς
2211 5161 2281 5214 τὰ
2303 5160 2464 5222 ὄντας
2495 5159 2605 5211 Καὶ
2630 5156 2841 5228 ῥητέον,
2877 5155 2958 5207 ὅτι
2990 5153 3051 5205 τὸ
3080 5155 3184 5224 μὲν
3203 5154 3265 5207 ’ὀν
3302 5157 3677 5227 ἀγαθυνόμενον

2113 5255 2263 5326 μένει
2297 5252 2556 5316 πολλάκις
2584 5250 2657 5322 μὴ
2678 5249 2755 5301 ὄνο
2782 5247 2905 5300 ἐπεὶ
2936 5246 3045 5316 γὰρ
3088 5247 3165 5320 μὴ
3211 5248 3273 5302 ὃν
3307 5250 3528 5318 λέγεται
3554 5249 3676 5316 καὶὴ

2111 5345 2234 5417 ὕλη,
2261 5344 2462 5414 ἀγαθὸν
2487 5343 2690 5408 δόξειεν
2713 5341 2781 5395 ἂν
2803 5341 2897 5393 καὶ
2921 5341 2953 5410 ἡ
2980 5339 3080 5410 ὕλη
3105 5344 3140 5412 ἡ
3170 5342 3318 5414 νόθῳ
3352 5342 3588 5414 λογισμῷ
3604 5357 3679 5394 κα-

2110 5437 2589 5510 ταλαμϐανομένη,
2625 5437 2718 5489 καὶ⁴
2738 5434 2859 5504 δίχα
2891 5434 2998 5487 τῶν
3027 5435 3195 5488 εἰδῶν
3227 5437 3521 5512 νοουμένη,
3539 5437 3580 5488 εί
3607 5431 3679 5486 καὶ

2119 5529 2193 5600 μὴ
2220 5529 2341 5584 καθ’
2367 5527 2536 5599 αὑτήν
2563 5529 2728 5592 ἐστιν,
2753 5526 2827 5590 ὡς
2847 5526 2913 5579 ἐκ
2929 5522 3064 5578 Θεοῦ
3096 5528 3473 5599 παραχοεῖσα,
3499 5527 3579 5584 καὶ

507 5705 621 5771 (Η)
666 5705 794 5759 \riJe
826 5705 1044 5760 Scholia
1075 5706 1132 5761 S.
1171 5707 1408 5772 Maximi,
1438 5720 1568 5763 lout.
1596 5703 1661 5770 ll,
1687 5721 1803 5774 cap.
1845 5705 1875 5759 5
1945 5706 2016 5760 De
2039 5707 2204 5760 divin.
2237 5706 2435 5761 nontirt.
