3768 6290
411 286 516 343 833

1597 285 1658 343 S.
1695 282 1990 340 DIO‘NYSII
2027 278 2489 339 AREOPAGszE

3598 282 3689 342 836

406 417 604 456 nomen
630 402 879 471 designat
908 402 1273 456 universalem
1302 401 1529 455 omnino
1563 400 1987 470 providentiam,

2166 415 2217 462 ς,
2250 398 2312 450 οὑ
2339 397 2450 469 γὰρ
2478 399 2659 453 πάντα
2694 395 2876 462 ζῶσιν·
2909 398 3021 469 ἠδὲ
3052 398 3156 470 τῆς
3183 398 3403 468 σοφίας,
3433 398 3521 452 ἐτι
3546 416 3690 471 μερι-

404 498 662 567 quoniam
695 498 943 550 universa
986 509 1081 565 per
1116 495 1415 549 bonitatem
1449 495 1712 563 producta
1762 503 1909 559 sunt,
1942 503 1987 547 et

2166 490 2374 561 οτέρας,
2408 490 2531 544 οὐδὲ
2563 488 2676 562 γὰρ
2710 490 2886 543 πάντα
2911 488 2981 543 τὰ
3002 489 3185 555 ζῶντα
3210 491 3376 560 σοφά.
3414 488 3691 545 ὐλικωτέο

403 589 676 651 existunt;
713 602 909 641 nomen
956 601 1085 641 vero
1129 590 1252 640 vine
1291 585 1677 655 particularem
1704 586 1999 655 providen-

2110 598 2207 653 ρας
2228 580 2362 649 γοῦν
2388 599 2521 652 φησι
2546 581 2647 646 τὰς
2675 582 2767 635 ἐπὶ
2799 581 3062 636 πλειόνων
3090 582 3500 655 θεωρουμένας
3530 584 3566 654 ἡ
3595 582 3692 653 ζωὴ

405 683 531 734 tiam
572 680 833 745 declarat,
870 680 963 734 sed
1018 678 1438 750 generaliorem.
1484 692 1589 732 non
1631 678 1778 732 enim
1817 677 1987 732 omnia

2166 692 2216 747 ιρ
2253 674 2445 744 φθάνει
2487 676 2581 729 καὶ
2619 676 2713 729 ἐπὶ
2754 675 2956 745 φυτῶν,
2989 676 3087 730 καὶ
3114 674 3271 740 ζώων
3310 676 3570 745 λογικῶν,
3614 678 3696 729 καὶ

400 774 613 835 vivunt,
658 772 947 842 sapientiae
983 785 1114 825 vero
1157 772 1339 825 adhuc
1370 771 1542 840 magis
1581 769 1997 839 particularem,

2107 768 2338 837 ἀλόγων
2370 767 2530 839 σοφία
2557 768 2615 822 δὲ
2639 769 2735 822 καὶ
2755 768 2933 837 λόγος,
2966 768 3330 841 μερικώτεροί
3354 771 3519 822 εἰσιν.

402 884 507 922 nou
546 868 693 921 enim
735 867 920 922 omnia
948 882 1073 937 qua:
1110 869 1303 921 vivunt
1330 865 1570 936 sapiunt.
1598 863 1990 920 Generaliores
2020 872 2203 918 autem
2237 872 2398 917 vocat
2431 878 2553 927 eas,
2616 878 2737 933 quae
2792 864 2845 917 in
2894 863 3143 934 pluribus
3182 874 3530 928 cernuntur;
3594 863 3691 916 vita

398 963 545 1017 enim
575 963 824 1031 pervenit
854 976 1028 1029 usque
1058 960 1126 1015 ad
1171 962 1409 1031 plantas,
1442 968 1498 1015 et
1537 957 1797 1013 animalia
1852 955 2143 1011 rationalia
2185 954 2525 1024 rationisque
2592 955 2871 1025 expertia;
2928 954 3204 1025 sapientia
3252 966 3450 1037 autem
3510 967 3563 1011 et
3622 973 3694 1009 ra-

402 1052 478 1105 tio
512 1063 639 1106 sunt
670 1052 845 1121 magis
871 1049 1253 1121 partieulares.

471 1166 622 1240 §'lll.
664 1166 899 1221 Dubium
956 1165 1087 1220 hinc
1131 1166 1409 1220 resultans
1462 1163 1646 1227 solvit.
1691 1177 1811 1228 cur,
1867 1174 1992 1217 cum

398 1274 596 1313 nomen
638 1259 813 1328 ipsius
846 1257 1010 1320 entis,
1058 1271 1223 1325 quam
1264 1258 1411 1322 vitae,
1441 1266 1498 1310 et
1526 1256 1672 1319 vitae,
1708 1270 1871 1323 quam
1898 1268 1992 1308 sa-

400 1351 618 1421 pientiae
662 1350 825 1403 latius
868 1358 1052 1419 pateat
1079 1349 1373 1418 (siquidem
1405 1363 1506 1403 ens
1534 1357 1593 1402 ut
1627 1346 1994 1402 universalius

400 1443 454 1496 in
486 1443 741 1497 omnibus
791 1443 1084 1511 reperitur,
1126 1442 1239 1495 vita
1272 1455 1402 1496 vero
1437 1449 1497 1494 ut
1540 1440 1716 1510 magis
1750 1440 1995 1510 particu-

398 1535 533 1591 laris
575 1537 628 1591 in
678 1536 1010 1605 quibusdam
1034 1575 1051 1600 ,
1080 1544 1137 1589 et
1164 1535 1432 1605 sapientia
1466 1533 1646 1588 adhuc
1689 1534 1743 1588 in
1772 1534 1993 1602 paucio-

399 1631 573 1697 ribus)
629 1645 735 1684 non
779 1630 956 1700 magis
1004 1627 1303 1691 excellant,
1336 1628 1556 1697 Deoque
1594 1625 1859 1681 viciniora
1884 1625 1995 1680 sint

398 1735 521 1789 qua:
550 1719 876 1789 simpliciter
904 1720 1169 1787 existunt,
1199 1728 1256 1775 et
1296 1719 1383 1774 his
1412 1718 1595 1773 minus
1626 1732 1748 1788 qua:
1777 1717 1993 1782 vivunt,

396 1819 455 1865 et
486 1811 572 1865 his
619 1811 817 1865 iterum
871 1812 1055 1867 minus
1085 1825 1173 1879 ea,
1210 1826 1332 1881 qua:
1363 1809 1710 1881 intelligunt;
1764 1809 1857 1863 sed
1898 1823 1995 1863 or-

395 1901 523 1957 dine
552 1902 789 1967 inverso,
835 1903 1009 1973 magis
1067 1902 1446 1973 particularia,
1490 1912 1553 1957 ut
1609 1900 1994 1972 intelligentia,

2166 1154 2193 1226 §
2228 1156 2323 1208 III.
2370 1151 2651 1206 Ἐντεῦθεν
2675 1149 3165 1206 ὲπανακύπτουσαν
3188 1151 3433 1223 ἀπορίαν
3460 1154 3597 1219 λύει,
3614 1159 3691 1212 διὰ

2094 1248 2171 1311 τί,
2206 1245 2304 1299 τοῦ
2332 1245 2600 1317 ὀνόματος
2634 1243 2802 1297 αὑτοῦ
2842 1243 2937 1297 τοῦ
2977 1244 3130 1308 ὄντος
3167 1246 3569 1317 ὑπεραίροντος
3606 1251 3693 1322 τὴν

2097 1340 2263 1411 ζωὴν,
2303 1339 2399 1392 καὶ
2431 1337 2532 1408 τῆς
2561 1336 2711 1407 ζωῆς
2755 1336 3165 1409 ὑπεραιροὺσης
3199 1336 3302 1408 τὴν
3353 1339 3581 1407 σοφίαν,
3618 1342 3692 1407 (τὸ

2095 1432 2206 1503 γάρ
2229 1432 2288 1484 ὃν
2313 1430 2651 1499 πλατύτερον
2672 1429 2768 1482 καὶ
2803 1430 2897 1481 ἐπὶ
2931 1431 3118 1491 πᾶσιν,
3145 1431 3177 1500 ἡ
3217 1429 3277 1482 δὲ
3316 1429 3435 1503 ζωὴ
3476 1450 3692 1504 μερικω-

2096 1524 2232 1596 τέρα
2266 1519 2360 1577 καὶ
2384 1521 2485 1576 ἐπὶ
2506 1538 2639 1584 τισι,
2682 1522 2776 1574 καὶ
2811 1520 2895 1573 ἔτι
2933 1522 2967 1593 ἡ
3005 1520 3166 1590 σοφία
3202 1522 3602 1595 μερικωτέρα)⁸
3637 1526 3690 1577 οὐ

2101 1617 2302 1688 μᾶλλον
2343 1614 2707 1687 ὑπερέχουσι,
2762 1610 2857 1666 καὶ
2898 1612 3025 1684 περὶ
3065 1611 3201 1665 Θεόν
3238 1613 3348 1665 είσι
3393 1613 3466 1668 τὰ
3517 1614 3691 1675 ἁπλῶς

2096 1709 2247 1774 ὄντα,
2281 1708 2379 1763 καὶ
2403 1702 2566 1779 ἦττον
2597 1704 2803 1759 τούτων
2834 1703 2906 1758 τὰ
2943 1702 3140 1768 ζῶντα,
3186 1703 3282 1757 καὶ
3324 1704 3510 1757 αὑτῶν
3544 1706 3691 1759 πάλιν

2097 1796 2262 1875 ἦττον
2282 1801 2353 1854 τὰ
2376 1800 2558 1871 νοερά’
2583 1797 2699 1852 ἀλλ’
2731 1796 3134 1869 άντέστραπται
3166 1798 3200 1868 ἠ
3226 1796 3410 1864 τάξις,
3436 1799 3534 1851 καὶ
3568 1800 3694 1870 pa-

2098 1895 2191 1949 λον
2213 1894 2284 1949 τὰ
2309 1891 2675 1966 μερικώτερα,
2710 1888 2892 1961 νοερὰ,
2932 1888 3060 1961 περὶ
3083 1889 3218 1943 Θεόν
3242 1890 3354 1942 εἱσι
3374 1930 3392 1955 ,
3424 1891 3521 1944 καὶ
3547 1892 3695 1945 καθε-

395 1994 541 2048 circa
590 1993 759 2047 Deum
821 2004 973 2059 sunt,
1023 2003 1081 2049 et
1125 1994 1385 2063 deinceps
1427 2003 1694 2064 quantum
1727 2008 1987 2062 superer-

2166 2005 2193 2051 ς
2228 1986 2353 2039 ὅσον
2391 1982 2889 2055 ὑπερεκτείνονται,
2930 1981 2992 2035 τὸ
3044 1980 3407 2054 πορρώτερον
3454 1984 3523 2036 ὲκ
3564 1984 3690 2038 Θεοῦ

396 2089 733 2153 panduntur,
785 2097 939 2140 tanto
986 2088 1255 2141 remotius
1313 2102 1343 2140 a
1406 2085 1516 2141 Deo
1569 2088 1833 2141 existunt.
1879 2085 1992 2141 Ma-

388 2178 509 2246 jora
560 2194 693 2233 vero
728 2196 959 2235 munera
1000 2192 1159 2235 vocat
1200 2196 1288 2243 ea,
1340 2196 1463 2250 qua:
1504 2197 1533 2234 a
1577 2180 1829 2250 pluribus
1861 2195 1992 2234 cer-

396 2279 619 2338 nuntur,
656 2282 715 2326 ut
748 2288 868 2338 ens,
900 2283 956 2329 et
987 2274 1177 2327 vitam.
1217 2272 1533 2344 Respondet
1558 2273 1766 2341 itaque,
1799 2282 1853 2326 et
1882 2270 1993 2326 sol-

391 2362 472 2414 vit
499 2363 860 2431 quaestionem
884 2364 1099 2425 dicens,
1130 2365 1275 2432 quod
1307 2363 1352 2416 si
1380 2364 1603 2433 quidem
1634 2378 1723 2428 ea,
1755 2378 1876 2433 qua:
1907 2362 1992 2417 in-

393 2453 667 2523 telliguut.
715 2455 943 2509 entitate
992 2471 1058 2509 ac
1105 2456 1217 2509 vita
1249 2463 1527 2523 carerent,
1572 2465 1628 2510 et
1658 2470 1723 2510 ea
1754 2469 1876 2525 quae
1913 2458 1991 2509 vi-

391 2554 529 2599 vunt
566 2545 823 2601 similiter
861 2546 1229 2601 substantiam
1277 2562 1385 2601 non
1420 2547 1711 2609 baberent.
1749 2557 1902 2602 recte
1931 2563 1991 2602 se

394 2635 625 2691 haberet
662 2635 972 2701 dubitatio;
1023 2652 1217 2691 verum
1248 2652 1374 2691 cum
1418 2653 1483 2692 ea
1517 2652 1638 2707 quae
1680 2638 1991 2709 intelligunt

391 2727 559 2781 etiam
583 2728 849 2795 existant,
885 2738 940 2783 et
983 2728 1170 2783 vivant
1202 2732 1311 2784 vita
1342 2730 1566 2801 potiori,
1597 2741 1653 2786 et
1678 2731 1990 2801 intelligant

393 2836 561 2889 supra
595 2835 815 2875 sensum
857 2835 919 2875 ac
969 2820 1271 2886 rationem,
1306 2831 1359 2874 et
1388 2835 1500 2891 pra:
1531 2821 1745 2877 cunctis
1772 2823 1991 2877 entibus

391 2913 724 2983 participent
758 2912 1075 2977 entitatem,
1125 2915 1227 2967 huc
1281 2913 1468 2982 utique
1518 2914 1660 2969 bono
1705 2913 1813 2968 Deo
1851 2915 1988 2968 vici—

393 3001 578 3058 niores
607 3002 871 3069 existunt,
913 3018 1022 3071 quo
1048 3002 1402 3073 luculentius
1437 3003 1615 3073 ipsum
1650 3004 1987 3074 participau-

2092 2080 2295 2152 ἔχουσι.
2341 2076 2613 2141 Μείζονας
2646 2075 2703 2128 δὲ
2739 2072 2948 2146 δωρεάς
2988 2090 3123 2145 φησι
3159 2071 3263 2137 τὰς
3296 2074 3396 2126 ἐπὶ
3439 2074 3692 2135 πλειόνων

2093 2169 2495 2243 θεωρουμένας,
2526 2162 2638 2220 οἷον
2666 2166 2729 2219 τὸ
2764 2165 2823 2219 ὄν
2853 2166 2945 2219 καὶ
2977 2164 3076 2236 τὴν
3103 2164 3272 2236 ζωήν.
3317 2162 3692 2238 ’Ᾱποκρίνεται

2090 2265 2271 2319 τοίνυν
2304 2262 2399 2316 καὶ
2428 2261 2546 2314 λύει
2570 2259 2670 2331 τὴν
2693 2257 2950 2330 ἀπορίαν,
2980 2256 3176 2327 λέγων,
3211 2256 3297 2310 ὅτι
3322 2258 3375 2309 εί
3412 2257 3515 2329 μὲν
3548 2258 3693 2311 ἀνού-

2094 2374 2185 2410 σια
2214 2351 2354 2427 ἦσαν
2400 2353 2470 2407 τὰ
2512 2350 2677 2423 νοερὰ
2723 2350 2820 2404 καὶ
2858 2350 3032 2415 ἄζωα,
3072 2348 3166 2403 καὶ
3206 2348 3377 2403 πάλιν
3418 2349 3492 2403 τὰ
3528 2349 3693 2415 ζῶντα

2090 2446 2358 2509 ἁνοὺσια,
2409 2442 2591 2506 καλῶς
2638 2441 2705 2496 ἂν
2747 2437 2892 2513 εἶχεν
2948 2443 2982 2513 ἠ
3028 2440 3254 2511 ἀπορία·
3304 2441 3501 2513 ἐπειδὴ
3545 2442 3602 2495 δὲ
3630 2442 3695 2494 τά

2090 2538 2252 2611 νοερὰ
2291 2537 2386 2591 καὶ
2424 2535 2556 2589 ὄντα
2595 2533 2738 2599 εἰσὶ,
2776 2533 2872 2587 xui.
2894 2532 3050 2599 ζῶσι,
3078 2533 3173 2586 καὶ
3208 2531 3357 2603 ζωὴν
3386 2532 3689 2603 κρείττονα,

2092 2630 2187 2683 καὶ
2213 2627 2574 2699 γινώσκουσιν
2613 2626 2754 2697 ὑπὲρ
2780 2624 3034 2696 αἴσθησιν
3058 2626 3153 2679 καὶ
3189 2624 3353 2695 λόγον
3376 2664 3392 2688 ,
3421 2625 3520 2678 καὶ
3552 2625 3692 2697 παρὰ

2092 2722 2270 2777 πάντα
2301 2720 2367 2774 τὰ
2383 2721 2521 2774 ὄντα
2545 2717 2638 2772 τοῦ
2661 2718 2813 2782 ὄντος
2835 2717 3150 2789 μετέχουσιν
3167 2755 3183 2781 ,
3216 2717 3376 2770 αὑτοὶ
3411 2716 3611 2787 μᾶλλον
3633 2717 3691 2771 ἂν

2094 2814 2455 2886 πλησιάζοιεν
2473 2811 2552 2883 τῷ
2580 2809 2769 2882 άγαθῷ
2809 2809 2948 2882 Θεῷ,
2981 2812 3031 2863 οἱ
3075 2810 3511 2882 ὑπερπερισσῶς
3533 2809 3687 2864 αὑτοὺ

2093 2908 2432 2981 μετέχοντες,
2458 2904 2554 2959 καὶ
2583 2904 2801 2968 πλείους
2822 2902 3032 2976 δωρεάς
3058 2902 3297 2974 ἔχοντες,
3324 2901 3577 2974 δηλονότι
3604 2904 3687 2955 καὶ

2087 3002 2151 3056 τδ
2167 2997 2327 3065 εἶναι,
2344 3001 2437 3053 xu‘i
2450 2998 2517 3065 τὸ,
2528 2996 2626 3068 ζῇν
2643 3036 2658 3061 ,
2676 2998 2772 3051 καί
2787 2997 2848 3050 τὸ
2863 2996 3172 3066 γινώσκειν,
3195 2996 3333 3050 ἀλλὰ
3350 2996 3526 3049 καὶτὸ
3539 2998 3687 3049 νοεῖνο

392 3102 499 3158 tes,
533 3094 715 3162 plures
737 3094 899 3149 etiam
930 3096 999 3146 ab
1038 3094 1156 3162 ipso
1183 3095 1338 3148 dotes
1377 3104 1735 3165 acceperunt,
1771 3096 1987 3150 scilicet

2166 3096 2253 3148 λιν
2272 3095 2332 3148 δὲ
2363 3092 2583 3164 μείζους
2612 3089 2841 3161 δωρεὰς,
2872 3090 2953 3143 ὃτι
2972 3088 3145 3142 ταῦτα
3162 3088 3344 3142 πάντα
3366 3088 3689 3159 κρειττόνως

390 3195 448 3237 et
481 3186 793 3250 entitatem,
831 3196 887 3239 et
930 3187 1120 3248 \’il:tltt,
1166 3195 1222 3239 et
1256 3187 1649 3256 cognitionem,
1684 3198 1740 3241 et
1787 3188 1987 3243 intelle-

2166 3204 2308 3241 watv
2336 3181 2481 3240 οὑτοι
2511 3182 2663 3254 παρὰ
2683 3182 2751 3235 τά
2772 3182 2923 3237 ἄλλα⁸
2956 3183 3050 3235 καὶ
3079 3182 3229 3235 ἔστιν
3258 3180 3485 3251 ἀληθὲς,
3522 3183 3603 3235 ὅτι
3626 3182 3689 3233 τὰ

392 3287 583 3345 ctum;
628 3293 728 3332 nec
772 3294 879 3333 non
926 3278 1092 3332 etiam
1145 3279 1303 3335 dotes
1343 3279 1655 3347 antplimes,
1701 3282 1842 3349 quod
1877 3283 1987 3336 hanc

2166 3278 2297 3332 [λλον
2326 3277 2621 3349 μετέχοντα
2638 3275 2733 3328 τοῦ
2756 3274 2890 3328 Θεοῦ
2919 3273 3119 3347 μᾶλλον
3139 3273 3291 3345 αὑτῷ
3310 3274 3685 3345 πλησιάζουσι.

390 3370 571 3425 omnia
622 3386 736 3441 prze
781 3372 996 3427 cmteris
1063 3371 1432 3440 pmstantiori
1504 3372 1665 3427 modo
1713 3372 1978 3440 habeant;

2169 3371 2329 3443 πειδὴ
2364 3370 2421 3424 δὲ
2452 3369 2583 3440 περὶ
2611 3367 2818 3423 τούτων
2848 3367 3098 3439 εἴπομεν,
3140 3368 3275 3438 φέρε
3320 3367 3419 3420 ἐπὶ
3447 3366 3540 3420 τὸν
3566 3383 3690 3437 προ-

390 3470 583 3531 estque
616 3462 719 3517 hoc
748 3476 959 3527 verum,
991 3460 1156 3534 ω
1185 3462 1275 3516 illa
1303 3478 1425 3532 qua:
1455 3462 1625 3518 Deum
1654 3462 1827 3532 magis
1855 3479 1983 3534 par-

2166 3464 2340 3536 ἴμενον
2373 3460 2576 3517 σκοπὸν
2609 3460 2885 3531 ἔλθωμεν,
2920 3459 3015 3513 καὶ
3046 3459 3178 3531 περὶ
3206 3457 3305 3511 106
3326 3457 3501 3522 ὄντως
3527 3457 3685 3520 ὄντος,

388 3553 623 3622 ticipaut
660 3551 763 3622 ipsi
808 3566 1027 3622 quoque
1056 3554 1301 3609 existere
1344 3554 1661 3609 viciniores.
1705 3553 1975 3622 Quoniam

2166 3567 2179 3611 ι
2208 3557 2316 3611 τῶν
2335 3556 2506 3610 ὄντων
2533 3553 2841 3607 οὺσιοποιοῦ
2862 3551 3228 3624 διαλάϐωμεν.

389 3656 571 3704 autem
602 3645 669 3702 de
705 3646 791 3702 his
828 3645 1211 3713 disseruimus,
1259 3647 1491 3717 agedum
1538 3647 1608 3702 ad
1654 3648 1991 3718 propositum
2036 3665 2260 3721 scopum
2305 3647 2615 3713 veniamus,
2645 3655 2701 3700 et
2751 3646 2820 3701 de
2854 3652 2984 3700 ente
3016 3659 3146 3701 vere
3173 3643 3457 3701 existente
3486 3652 3542 3699 et
3602 3655 3689 3697 en-

392 3738 608 3794 titatum
636 3739 916 3797 elfectrice
950 3744 1117 3798 verba
1154 3743 1449 3802 faciamus.

464 3831 493 3903 §
525 3832 615 3887 IV.
656 3834 758 3902 Qui
791 3844 899 3901 est,
946 3837 1000 3891 id
1038 3845 1124 3892 est
1161 3836 1328 3903 Deus,
1360 3838 1661 3893 secundum
1701 3836 1983 3893 oraculum

391 3922 712 3992 Mosaicum,
743 3936 833 3982 est
871 3942 1038 3996 supra
1072 3930 1367 3998 ipsummet
1401 3943 1527 3985 esse
1558 3931 1689 4003 (hoc
1716 3930 1863 3986 enim
1899 3938 1985 3984 est
2022 3960 2029 3965 ι

387 4033 552 4087 supra
600 4020 986 4091 substantiam)
1048 4038 1211 4077 causa
1263 4023 1508 4078 elliciens
1566 4022 1981 4086 substantiam;

389 4110 591 4180 quippe
630 4112 1041 4168 subsistentiam
1067 4123 1124 4169 et
1172 4114 1526 4169 existentiam
1566 4115 1862 4188 perliciens
1895 4123 1983 4168 to—

391 4203 499 4254 tius
521 4217 644 4257 esse
670 4204 960 4258 collective
985 4207 1185 4276 sumpti
1210 4223 1226 4271 ;
1257 4208 1392 4262 nihil
1423 4209 1570 4263 enim
1598 4218 1684 4263 est
1713 4209 1765 4262 in
1802 4208 1985 4275 rebus,

388 4295 533 4362 quod
564 4312 673 4352 non
710 4297 835 4353 inde
865 4312 1023 4353 suum
1050 4313 1175 4354 esse
1203 4302 1489 4357 sortiatur.
1524 4300 1828 4358 Secundum
1880 4306 1987 4357 vir-

387 4395 549 4440 tutem
581 4400 763 4445 autem
808 4395 970 4460 dixit,
1004 4396 1265 4465 quoniam
1304 4395 1414 4450 alia
1462 4396 1682 4464 quidem
1720 4398 1986 4467 producta

387 4493 552 4549 sunt,
610 4486 715 4539 alia
773 4501 907 4541 vero
962 4492 1362 4558 producuntur.
1424 4490 1560 4545 Cum
1610 4492 1796 4561 itaque
1842 4492 1987 4546 Deus

2166 3834 2193 3906 §
2232 3834 2324 3888 ιν.
2371 3832 2429 3884 '0
2455 3831 2551 3895 ὣν,
2572 3830 2601 3883 ὁ
2629 3828 2763 3891 Θεὸς
2786 3825 2930 3881 κατὰ
2959 3825 3053 3879 τὸν
3083 3824 3221 3896 πρὸς
3244 3824 3464 3895 Μωσῆν
3484 3843 3689 3898 χρημα-

2090 3926 2308 4000 τισμὸν,
2350 3924 2494 3995 ὑπὲρ
2529 3918 2667 3976 εἶναι
2697 3920 2777 3985 ὃν,
2824 3919 3006 3991 (τοῦτο
3034 3918 3148 3990 γάρ
3179 3921 3300 3972 ὲστι
3342 3919 3409 3972 τὸ
3445 3921 3688 3989 ὑπερθύ-

2093 4018 2274 4087 σιος,)
2305 4018 2456 4071 αἰτία
2484 4014 2782 4076 ὑποστάτις
2816 4011 2955 4065 ὲστί·
2991 4009 3052 4064 τὸ
3095 4011 3229 4080 γοῦν
3271 4012 3357 4075 εἰς
3399 4012 3687 4065 ὑπόστασιν

2093 4114 2189 4166 καὶ
2235 4108 2470 4179 ὓπαρξιν
2510 4104 2839 4160 συντελοῦσα
2879 4104 3003 4158 ὅλου
3035 4102 3132 4156 τοῦ
3180 4099 3327 4156 εἶναι
3372 4104 3682 4176 συλλήϐδην

2092 4204 2243 4257 οὐδὲν
2259 4201 2370 4273 γὰρ
2385 4200 2492 4253 τῶν
2516 4199 2708 4263 ὄντων,
2735 4196 2764 4250 ὅ
2789 4195 2864 4268 μὴ
2888 4195 3099 4250 ἐκεῖθεν
3121 4194 3237 4266 ἔχει
3259 4194 3323 4249 τὸ
3343 4193 3509 4249 εἶναι.
3535 4197 3686 4249 Κατὰ

2093 4298 2353 4367 δύναμιν
2372 4295 2429 4348 δὲ
2465 4290 2642 4357 εἶπεν,
2663 4292 2745 4345 ὅτι
2759 4289 2829 4343 τὰ
2860 4290 2959 4362 μὲν
2981 4288 3377 4360 παρήχθησαν,
3393 4290 3464 4342 τὰ
3482 4290 3540 4343 δὲ
3554 4307 3685 4361 mp-

2094 4391 2340 4460 ἀγονται.
2386 4387 2542 4440 Ἐπεὶ
2576 4384 2712 4454 γοῦν
2750 4383 2813 4437 τὸ
2856 4382 3012 4435 Θεῖον
3044 4383 3192 4435 ἅπαν
3217 4382 3279 4435 τὸ
3303 4382 3449 4435 εἶναι
3482 4385 3542 4436 ἐν
3565 4383 3684 4436 ἑαυ-

2091 4484 2171 4554 τῷ
2205 4480 2468 4536 συλλαϐὸν
2505 4478 2618 4549 ἔχει
2637 4517 2652 4542 ,
2684 4476 2780 4531 καλ⁴
2807 4475 2918 4528 τῶν
2933 4474 3104 4527 ὄντων
3140 4474 3237 4527 καὶ
3265 4473 3377 4527 τῶν
3400 4474 3682 4545 ἐσομένων,

388 4576 701 4631 universum
735 4595 862 4634 esse
904 4581 959 4634 in
1012 4598 1071 4637 se
1118 4585 1236 4653 ipso
1287 4585 1574 4640 collectum
1618 4588 1835 4651 habeat,
1871 4597 1977 4640 tam

2166 4586 2271 4648 μησι
2300 4573 2362 4626 τὸ
2399 4572 2552 4625 κατὰ
2584 4569 2845 4637 δύναμιν
2869 4565 3300 4638 περιλαμϐάνων
3329 4567 3427 4618 καὶ
3457 4566 3520 4618 τὸ
3558 4563 3684 4620 εἶναι

386 4684 579 4724 eorum
616 4687 738 4741 qua:
774 4676 1037 4734 existunt.
1078 4693 1244 4746 quam
1280 4694 1403 4746 qum
1434 4678 1616 4732 futura
1649 4689 1797 4745 sunt,
1832 4679 1983 4749 ponit

2166 4687 2189 4723 ν
2214 4666 2489 4738 ἐσομένων
2508 4704 2523 4727 ,
2548 4663 2631 4716 ὅτι
2662 4664 2720 4716 ὲν
2741 4659 2819 4732 τῷ
2848 4659 3017 4721 ὄντως
3048 4657 3165 4711 ὄντι
3195 4659 3347 4711 ἐστὶν
3365 4698 3381 4721 ,
3422 4658 3455 4728 ἦ
3498 4657 3681 4729 μᾶλλον

386 4757 517 4814 illud
558 4765 845 4819 secundum
882 4765 1130 4821 virtutem
1167 4769 1647 4838 comprehendens
1674 4769 1842 4822 etiam
1884 4784 1985 4821 eu-

385 4855 599 4909 titatem
631 4856 965 4925 futurorum,
991 4861 1123 4930 quia
1159 4861 1211 4915 iu
1237 4875 1305 4916 eo
1336 4862 1427 4927 qui
1455 4876 1586 4916 vere
1613 4870 1698 4916 est
1719 4863 1986 4920 existunt.

383 4946 467 5000 vel
498 4951 676 5015 pntius
709 4950 872 5005 etiam
915 4957 1299 5023 prasexistnnt.
1332 4955 1467 5008 Etsi
1494 4954 1640 5008 enim
1669 4968 1790 5022 quze
1812 4955 1986 5006 exsti-

386 5048 509 5092 tnra
536 5050 663 5095 sunt
695 5040 939 5097 futurum
986 5044 1251 5109 habeant,
1286 5054 1470 5099 tamen
1503 5047 1643 5113 apud
1676 5054 1981 5099 creatorem

385 5130 762 5196 prieexistuut,
815 5135 1115 5189 secundum
1146 5135 1198 5190 id
1236 5134 1380 5204 quod
1414 5151 1444 5189 a
1490 5134 1729 5190 Jeremia
1774 5135 1981 5189 dictum

382 5232 500 5286 cst;
546 5223 618 5277 ita
650 5232 708 5276 ut
746 5224 879 5278 illud
910 5227 1205 5279 secundum
1248 5228 1493 5280 virtutem
1527 5242 1632 5280 non
1669 5227 1736 5279 ad
1768 5236 1982 5279 creato-

386 5329 501 5368 rem
563 5315 918 5371 referendum
966 5318 1062 5381 sit,
1114 5317 1209 5370 sed
1265 5317 1331 5371 ad
1380 5326 1688 5380 creaturas.
1733 5313 1885 5382 Quod
1939 5316 1984 5369 si

385 5407 548 5459 aliam
606 5408 1067 5476 signiﬁcationem
1127 5408 1349 5462 virtutis
1407 5409 1670 5477 accipias,
1720 5408 1986 5476 quemad-

386 5499 608 5553 modum
632 5501 795 5562 dicis,
836 5501 1018 5567 ignem
1071 5500 1275 5555 habere
1310 5501 1422 5552 vim
1461 5498 1842 5562 calefaciendi,
1885 5498 1987 5551 hoc

386 5610 552 5647 sensu
583 5596 652 5648 de
685 5605 939 5648 creatore
985 5594 1215 5661 intelligi
1292 5594 1578 5646 commode
1632 5606 1739 5645 non
1788 5598 1985 5659 potest.

387 5686 485 5738 Est
528 5686 694 5754 igitur
745 5698 966 5739 creator
994 5686 1263 5749 entitatis,
1308 5693 1364 5737 et
1408 5683 1536 5750 quid
1571 5682 1699 5737 dico
1736 5679 1986 5735 entitatis

388 5778 501 5830 rei?
558 5778 803 5847 quinimo
857 5777 1142 5849 ipsiusuict
1180 5775 1489 5832 existentice
1534 5775 1777 5830 cntitatis
1805 5813 1817 5831 .
1853 5775 1984 5825 sult-

2083 4763 2178 4817 καὶ
2207 4759 2487 4831 πρόεστιν.
2514 4757 2612 4809 Ἂν
2650 4754 2762 4826 γάρ
2818 4753 2914 4807 καὶ
2958 4749 3025 4805 τά
3087 4750 3329 4820 ὲσόμενα
3375 4751 3441 4804 τὸ
3501 4750 3681 4821 μέλλον

2084 4856 2300 4925 ἔχωσιν,
2315 4848 2449 4905 ἀλλὰ
2464 4848 2614 4919 παρὰ
2627 4846 2705 4918 τῷ
2723 4842 3042 4916 δημιουργῷ
3068 4841 3533 4914 προῦφίστανται,
3558 4842 3681 4895 καθ-

2086 4946 2162 5010 ὼς
2208 4945 2321 5016 ἔχει
2368 4942 2554 4997 καὶτὸ
2600 4940 2730 5012 περὶ
2762 4938 2857 4991 τοῦ
2901 4938 3169 5008 Ἰερεμίου
3198 4936 3518 5007 λεγόμενον
3555 4935 3683 4989 ὥστε

2087 5041 2148 5094 τὸ
2172 5038 2323 5091 κατὰ
2354 5036 2633 5103 δύναμιν,
2673 5034 2733 5085 οὑ
2773 5031 2912 5103 πρὸς
2936 5031 3029 5083 τὸν
3073 5030 3412 5101 δημιουργὸν
3450 5032 3680 5101 χρήσεξ,

2091 5132 2227 5187 ἀλλὰ
2252 5130 2390 5201 πρὸς
2410 5128 2479 5182 τὰ
2502 5125 2999 5199 δημιουργούμενα.
3037 5125 3102 5177 Εἰ
3131 5124 3187 5178 δέ
3221 5141 3284 5192 γε
3314 5124 3377 5176 τὸ
3397 5124 3579 5195 ἕτερον
3598 5141 3683 5192 σηο

2093 5223 2416 5296 μαινόμενον
2451 5220 2552 5291 τῆς
2585 5219 2870 5288 δυνάμεως
2900 5215 3203 5287 λαμϐάνεις
3222 5256 3236 5280 ,
3268 5214 3459 5287 ὥσπερ
3492 5216 3679 5285 λέγεις,

2090 5317 2312 5370 δύναται
2338 5314 2399 5367 τὸ
2429 5312 2541 5384 πῦρ
2565 5311 2901 5382 θερμαίνειν,
2924 5308 3085 5362 τοῦτο
3116 5310 3210 5363 ἐπὶ
3231 5309 3326 5362 τοῦ
3355 5304 3679 5379 δημιουργοῦ

2091 5411 2279 5481 νοῆσαι
2307 5409 2409 5461 οὑκ
2439 5404 2756 5474 ἐπισφαλές.
2791 5404 2946 5455 Ἔστι
2969 5402 3104 5470 γοῦν
3127 5404 3462 5475 δημιουργὸς
3482 5401 3573 5454 106
3593 5402 3679 5453 ὄν-

2090 5519 2202 5564 τος,
2227 5500 2321 5554 καὶ
2350 5501 2401 5552 τί
2430 5498 2574 5566 λέγω
2606 5498 2761 5559 ὄντος
2787 5496 3122 5567 πράγματος
3148 5514 3162 5561 ;
3194 5497 3366 5567 αὑτῆς
3385 5497 3485 5567 τῆς
3506 5496 3679 5565 ὑπάρ-

2095 5592 2228 5657 ξεως
2261 5591 2356 5644 106
2394 5590 2566 5653 ὄντος,
2592 5589 2690 5659 τῆς
2717 5587 3093 5651 ὑποστάσεως,
3122 5590 3223 5659 τῆς
3243 5589 3449 5651 οὐσίας,
3468 5587 3565 5658 τῆς
3582 5585 3681 5653 φύε

2096 5700 2253 5747 σεως,
2276 5681 2421 5754 ἀρχὴ
2448 5682 2558 5733 τῶν
2578 5678 2809 5741 αἰώνων,
2828 5678 2904 5742 ὡς
2934 5677 3271 5751 δημιουργὸς
3300 5678 3496 5732 αὑτῶν
3526 5676 3590 5730 δι’
3620 5669 3679 5729 οὑ

2092 5774 2202 5829 γὲο
2233 5775 2325 5827 καὶ
2352 5773 2493 5839 τοὺς
2522 5771 2740 5837 αἰῶνας
2764 5770 3017 5837 ἐποίησε
3038 5810 3053 5833 ,
3076 5773 3245 5845 φησιν
3280 5775 3309 5827 ὁ
3341 5767 3676 5834 ’Λπόστολος.
