3768 6296
164 227 249 280 ἰ57
729 232 816 287 DE
854 234 1109 295 DlVlNlS
1142 238 1541 308 NOMINIBUS,
1579 244 1652 301 CA

1363 243 1541 308 IDUS,
1579 242 1737 301 CAP.
1779 244 1852 300 V.
1891 280 1960 289 -—
1993 248 2344 310 PARAPHB.
2382 254 2851 315 ΡΛΟΗΥΜΕΠΕ.

3335 271 3442 327 δεῖ

156 347 419 417 Ὀνπότης
435 348 550 403 τῶν
577 350 801 422 χρόνων·
842 355 1125 412 ἔστωσαν
1160 360 1268 431 γὰρ
1301 363 1388 426 εἷς
1404 361 1643 430 σημεῖα,

1966 369 2148 440 cutim,
2179 375 2712 445 essentim,‘natur:e,
2736 381 3064 451 principium
3094 388 3445 451 smculorum.

141 440 231 504 εὶς
258 439 777 515 ἐνιαυτοὺς,φησ¹ιν
824 448 857 517 ἡ
898 448 1109 520 Γραφήο
1154 453 1184 504 6
1214 451 1326 522 γὰρ
1360 452 1549 524 χρόνος
1603 455 1752 525 ἡλίου

142 531 288 602 φορᾷ
315 534 626 604 μετρεῖται,
662 537 756 589 xui.
786 538 924 610 ὅπερ
954 543 1088 611 ἡμῖν
1121 542 1150 594 6
1184 544 1375 615 χρόνος
1405 544 1465 598 τὸ
1488 546 1752 619 πρότερον

141 623 239 675 καὶ
266 622 330 676 τὺ
357 622 591 694 ὕστερον
611 626 770 698 ἔχων,
798 631 955 684 τοῦτο
977 636 1091 697 τοῖς
1118 634 1310 699 ἀϊδίοις
1338 635 1491 690 αἰών.
1526 639 1590 691 Ὃ
1620 638 1752 707 γοῦν

143 715 284 785 μήτε
323 711 396 786 ἧν
433 719 574 789 μήτε
616 720 802 787 ἔσται,
834 723 949 775 ἀλλ’
994 725 1110 779 ἔστι
1155 728 1349 798 μόνον,
1382 728 1541 783 τοῦτο
1578 731 1750 797 ἑστὼς

137 806 265 877 ἕχον
292 808 356 861 τὸ
374 805 537 872 εἶναι,
571 811 648 882 τῷ
670 812 745 885 μὴ
772 816 1130 885 μεταϐάλλειν
1149 821 1230 883 εἰς
1252 819 1313 872 τὸ
1335 820 1509 886 ἔσται,
1535 823 1656 893 μηδ’
1678 819 1746 878 αὖ

138 900 619 971 μεταϐεόληκέναι
649 907 713 957 ἐκ
755 906 849 959 τοῦ
881 904 949 979 ἦν
985 911 1071 973 εἰς
1113 910 1176 963 τὸ
1219 910 1335 963 ἔστι
1359 950 1374 973 ,
1404 912 1562 967 τοῦτό
1599 916 1746 968 ἐστιν

130 991 294 1046 αἰών.
341 994 444 1047 Διὰ
484 996 644 1049 τοῦτο
681 997 790 1069 γὰρ
835 1002 929 1053 καὶ
968 999 1102 1056 αἰὼν
1145 1002 1365 1060 λέγεται
1391 1004 1499 1058 τῶν
1525 1005 1747 1060 δντωνό

129 1082 291 1147 Θεὸς,
335 1085 414 1148 ὡς
458 1088 598 1158 μήτε
627 1088 803 1161 ἀρχὴν
832 1091 991 1162 ἔχων,
1026 1093 1161 1164 μήτε
1188 1093 1360 1158 τέλος,
1390 1095 1526 1166 μήτε
1565 1096 1626 1149 τὸ
1651 1092 1740 1169 ἦν,

130 1176 277 1245 μήτε
306 1176 371 1229 τὸ
394 1178 572 1243 ἔσται,
596 1179 730 1234 ἀλλὰ
760 1182 917 1253 μόνον
939 1184 1000 1238 τὸ
1021 1186 1190 1239 ἀΐδιον
1214 1187 1308 1240 καὶ
1331 1188 1736 1260 ἀπεριόριστονο

125 1266 330 1335 χρόνος
359 1269 419 1323 δὲ
445 1270 556 1324 τῶν
577 1274 897 1344 γινομένων,
924 1276 1007 1329 ὅτι
1035 1277 1103 1331 τὰ
1125 1277 1380 1350 ὁρώμενα
1409 1281 1612 1345 εἰκόνες
1634 1284 1741 1336 εἰσὶ

121 1357 237 1411 τῶν
273 1361 535 1433 ἀοράτων
563 1366 658 1418 καὶ
688 1366 917 1438 νοητῶν.
950 1370 1059 1423 Καὶ
1087 1370 1278 1443 ῶσπερ
1309 1374 1481 1427 αἰῶνα
1510 1374 1739 1447 λέγομεν

119 1449 226 1521 τὴν
275 1452 557 1525 ἄτρεπτον
592 1457 841 1530 ἐκείνην,
890 1462 984 1515 καὶ
1022 1464 1157 1534 ὁμοῦ
1198 1466 1379 1520 πᾶσαν
1424 1467 1591 1540 ζωὴν,
1642 1471 1740 1523 καὶ

118 1543 336 1615 ἄπορον
365 1547 472 1618 ήδη
507 1550 602 1602 καὶ
621 1550 812 1622 ἀκλινῆ
846 1554 1052 1626 πάντη,
1088 1557 1181 1610 καὶ
1210 1558 1266 1610 ὲν
1288 1558 1366 1612 ἑνὶ
1387 1559 1483 1613 καὶ
1512 1561 1648 1632 πρὸς
1679 1562 1736 1616 ἓν

116 1635 402 1691 ἑστῶσανο
428 1639 576 1694 οὕτω
596 1642 690 1695 καί
714 1643 805 1698 τὸν
832 1645 1021 1716 χρόνον
1050 1648 1172 1701 τότε
1200 1649 1297 1719 μὲν
1327 1652 1384 1704 ὲν
1404 1650 1482 1721 τῷ
1503 1652 1591 1705 ἀεὶ
1618 1652 1732 1707 ὄντι

112 1729 511 1786 ἀναπαύεσθαι
558 1733 823 1806 λέγομεν,
867 1738 1169 1809 ἐκφανῆναι
1197 1741 1273 1805 δὲ,
1301 1742 1387 1795 ὅτε
1431 1744 1598 1815 ἐχρῆν
1635 1746 1730 1799 καὶ

109 1819 275 1889 ἥλιον
303 1823 646 1895 ὑποστῆσαι,
680 1827 775 1880 καὶ
824 1829 1026 1901 ὀρατὴν
1064 1831 1227 1901 φύσιν
1270 1832 1574 1904 προελθεῖν.
1616 1836 1728 1907 Τὴν

108 1907 322 1977 οὖνείς
347 1914 419 1967 τὰ
454 1916 689 1988 αἰσθητὰ
711 1919 935 1990 πρόοδον
962 1922 1060 1993 τῆς
1101 1925 1181 1987 εἰς
1199 1924 1260 1977 τὸ
1273 1925 1448 1979 ταῦτα
1466 1927 1727 2000 δημιουρ⁴

106 2007 234 2070 γεῖν
274 2006 623 2079 ἀγαθότητος
661 2010 757 2063 τοῦ
790 2011 924 2064 Θεοῦ
969 2013 1127 2066 καλεῖ
1154 2016 1345 2087 χρόνον
1368 2017 1479 2072 τῶν
1508 2019 1727 2091 γινομέ-

106 2112 245 2161 νων,
276 2098 419 2152 am
460 2101 555 2153 καὶ
596 2097 733 2156 εἶναι
764 2105 878 2167 τοῖς
908 2100 1048 2169 οὖσι,
1080 2107 1174 2160 καί
1200 2108 1414 2177 γένεσιν
1437 2111 1548 2163 τῶν
1578 2128 1725 2180 γινο-

108 2188 320 2257 μένων,
339 2191 427 2243 ὅτι
452 2191 513 2257 ἐξ
535 2192 698 2246 αὑτοῦ
716 2195 1048 2267 ἐκινήθησαν
1065 2198 1158 2251 καὶ
1175 2198 1489 2270 ὑπέστησαν
1506 2202 1723 2259 ἅπαντα

102 2281 172 2333 τὰ
196 2282 312 2334 ὑπὸ
331 2282 567 2352 ,γένεσιν
586 2285 734 2350 ὄντα,
763 2288 857 2341 καὶ
883 2288 950 2341 τὰ
973 2290 1077 2343 ὑπὸ
1097 2291 1285 2363 χρόνον
1304 2292 1583 2364 γινόμενα.
1625 2296 1721 2353 Ἐκ

100 2374 304 2427 τούτου
336 2375 437 2428 τοῦ
471 2376 804 2449 ὑπερουσίου
834 2380 987 2446 ὄντος
1022 2384 1118 2437 καὶ
1157 2386 1186 2438 6
1219 2384 1355 2439 αἰὼν
1392 2386 1621 2459 ὑπέστη,
1657 2391 1719 2444 τὸ

99 2468 222 2528 τοῖς
273 2462 401 2520 οῦσι
444 2467 647 2541 δηλαδὴ
690 2474 1321 2547 συμπαρεκτεινόμενονθ
1363 2478 1459 2532 καὶ
1493 2480 1526 2551 ἡ
1559 2481 1717 2535 οὐσία

96 2556 214 2609 τῶν
247 2557 448 2623 ὄντων,
481 2561 577 2613 καὶ
618 2561 679 2614 τὸ
716 2562 774 2615 ὂν
805 2565 937 2617 αὑτὸ
963 2565 1024 2619 τὸ
1050 2567 1194 2621 κατὰ
1216 2568 1316 2640 τὴν
1346 2571 1534 2625 οὐσίαν
1560 2570 1715 2643 λεγό-

97 2663 293 2715 μενον.
348 2651 542 2704 Ταῦτα
594 2652 704 2706 τῶν
738 2655 879 2727 ὑπὲρ
902 2657 1050 2727 ἡμᾶς
1089 2659 1184 2712 καὶ
1225 2660 1514 2733 θειοτέρων
1553 2662 1713 2720 δυνά-

97 2755 280 2807 μεων.
318 2743 435 2795 Καὶ
472 2739 629 2809 αὖθις
671 2745 740 2799 τὰ
768 2747 890 2799 καθ’
918 2750 1085 2818 ἡμᾶς,
1124 2751 1221 2804 καὶ
1269 2752 1299 2805 ὁ
1342 2754 1551 2825 χρόνος,
1600 2759 1714 2822 τοῖς

94 2831 209 2884 ὑπὸ
235 2832 459 2901 γένεσιν
494 2835 574 2907 τῷ
619 2839 871 2911 προτέρῳ
907 2843 1001 2894 καὶ
1039 2842 1118 2913 τῷ
1148 2844 1363 2917 ὑστέρῳ
1406 2848 1709 2921 μετρούμε-

90 2939 210 2987 νος,
240 2926 338 2978 καὶ
364 2927 397 2997 η
421 2927 639 2995 γένεσις
666 2931 777 2985 τῶν
814 2933 920 2986 ὑπδ
946 2933 1161 3003 γένεσιν
1192 2938 1379 3003 ὄντων,
1408 2940 1503 2993 καὶ
1537 2941 1597 2994 τὸ
1623 2960 1707 3011 για

91 3016 373 3087 γνόμενον
419 3020 556 3073 αὑτὸ
584 3020 645 3074 τὸ
669 3022 811 3075 κατὰ
852 3024 951 3096 τὴν
1001 3026 1215 3095 γένεσιν
1262 3029 1573 3101 λεγόμενον,
1616 3037 1709 3089 καί
1736 3050 1779 3108 C

88 3109 271 3162 τᾶλλα
304 3112 597 3177 πάντα,τά
614 3131 674 3167 τε
700 3117 759 3169 ὲν
785 3120 898 3182 τοῖς
925 3115 1075 3172 οὖσιν
1102 3121 1233 3175 ὄντα
1252 3125 1363 3188 τοῖς
1388 3124 1703 3199 θειοτέροις,

88 3203 190 3255 καὶ
233 3202 309 3256 τὰ
354 3205 609 3259 ὁπωσοῦν
657 3207 963 3277 ὑφεστῶτα,
1008 3212 1075 3266 τὰ
1124 3214 1248 3268 καθ’
1287 3218 1437 3287 ἡμᾶς
1483 3218 1702 3294 δηλαδή.

87 3294 289 3348 Πάντα
318 3296 376 3349 δὲ
404 3297 584 3351 ταῦτα
608 3301 790 3365 ποσῶς
821 3306 970 3358 ἐστιν
993 3305 1141 3360 ὄντα⁹
1178 3308 1300 3362 οὐδὲ
1329 3310 1439 3382 γὰρ
1461 3311 1521 3364 τὸ
1560 3312 1618 3367 ὃν
1644 3315 1706 3369 τὸ

82 3385 203 3438 τῶν
256 3388 515 3456 ἀγγέλων
546 3392 944 3465 περιλαμϐάνει
999 3398 1091 3451 καὶ
1130 3400 1193 3453 τὸ
1237 3400 1347 3454 τῶν
1376 3402 1700 3476 ἀνθρώπων,

83 3477 216 3529 οὐδὲ
266 3478 332 3531 τὸ
361 3480 574 3534 τούτων
623 3486 716 3538 καὶ
755 3483 816 3538 τὸ
851 3487 958 3541 τῶν
1007 3490 1275 3559 ἀγγέλων,
1317 3492 1432 3546 ἀλλ’
1472 3495 1702 3553 ἕκαστόν

80 3570 246 3622 ἐστιν
289 3571 721 3642 ἰδιοῦπόστατον,
752 3579 847 3632 καί
881 3582 1277 3655 περιγραπτὸν,
1311 3586 1406 3640 καὶ
1426 3586 1508 3642 ὅτι
1538 3588 1574 3643 ἃ
1601 3592 1700 3661 μὲν

77 3662 271 3734 ἀρχὴν
307 3663 529 3735 ἔχοντα,
562 3668 714 3734 τέλος
743 3671 844 3725 οὑκ
866 3672 1102 3744 ἔχουσιν,
1134 3675 1170 3729 ἃ
1191 3676 1247 3729 δὲ
1277 3678 1371 3731 καὶ
1402 3679 1576 3754 ἀρχὴν
1603 3683 1697 3737 καὶ

76 3754 245 3819 τέλος
276 3756 521 3827 ἔχουσιν.
544 3756 712 3814 Ἐστι
739 3761 794 3816 δὲ
825 3764 861 3818 ἃ
886 3765 980 3819 καὶ
1015 3768 1189 3839 ἀρχὴν
1219 3768 1317 3839 μὲν
1354 3772 1453 3825 οὑκ
1492 3773 1694 3844 ἔχουσι,

73 3845 243 3909 τέλος
272 3847 331 3900 δὲ
360 3848 568 3919 ἔχουσι,
599 3851 783 3919 καθὼς
814 3857 906 3909 καὶ
944 3859 973 3911 6
1013 3859 1188 3929 μέγας
1209 3860 1563 3934 διαλαμϐάνει
1592 3866 1696 3919 Βα-

78 3937 311 4003 σὲλειος,
341 3939 522 4009 λέγων
549 3945 678 4016 περὶ
709 3947 816 4001 τῶν
848 3949 1009 4003 θείων
1043 3952 1142 4023 τῆς
1175 3954 1433 4026 προνοίας
1469 3956 1561 4010 τοῦ
1603 3960 1694 4012 κό-

76 4046 225 4099 σμου
250 4031 587 4105 βουλήσεων,
619 4034 681 4090 αἳ
719 4038 782 4110 δὴ
811 4041 905 4093 καὶ
924 4042 1099 4113 ἀρχὴν
1128 4043 1228 4113 μὲν
1262 4045 1363 4099 οὑκ
1398 4047 1576 4118 ἔσχον,
1601 4050 1690 4103 τέ·-

72 4120 169 4186 λος
212 4124 272 4177 δὲ
305 4124 469 4196 ἔσχον
510 4128 716 4183 τούτων
743 4130 908 4196 τινὲς,
964 4135 1055 4187 καί
1087 4153 1232 4200 τινες
1268 4137 1468 4204 ἕξουσι.
1506 4138 1690 4195 Ταῦτα

70 4214 213 4282 γοῦν
244 4216 429 4269 πάντα
469 4219 653 4282 ποσῶς
682 4220 832 4287 ὄντα,
866 4224 1025 4294 μόνον
1055 4226 1111 4279 δὲ
1140 4227 1201 4281 τὸ
1225 4229 1378 4284 Θεῖον
1417 4233 1476 4285 οὐ
1503 4235 1688 4301 ποσῶς

70 4306 231 4357 ἐστιν
262 4306 345 4369 ὃν,
381 4307 502 4360 ἀλλ’
545 4309 734 4375 ἁπλῶς
761 4314 855 4367 καὶ
896 4315 1314 4389 ἁπεριορίστωςο
1342 4321 1462 4377 ὅλον
1494 4324 1603 4397 γὰρ
1626 4330 1683 4381 ἐν

1863 465 2120 528 tanquam
2158 464 2409 518 conditor
2448 482 2661 531 eorum,
2702 486 2801 540 per
2825 488 2950 526 eum
2981 475 3125 528 enim
3158 478 3321 531 ctiam
3347 498 3447 533 sm-

1855 550 1976 603 cula
2002 552 2148 619 fecit,
2182 563 2240 608 ut
2266 554 2444 626 inquit
2475 560 2765 629 Apostolus
2799 563 2839 616 ί.
2870 563 3080 619 Entitas
3116 577 3441 638 temporum,

1854 642 2122 710 siquidem
2155 657 2357 702 statuta
2401 662 2527 705 sunt
2561 654 2616 706 in
2657 655 2834 723 signa,
2861 666 2908 710 et
2950 658 3005 710 in
3043 676 3233 723 annos,
3274 672 3333 715 ut
3366 667 3443 717 ait

1854 734 2135 805 Scriptura
2168 746 2235 804 υς
2289 743 2544 809 quoniam
2601 755 2816 814 tempus
2845 748 2977 803 solis
3008 767 3173 805 cursu
3217 771 3439 810 mensu-

1854 837 2043 893 ratur;
2091 838 2147 883 et
2207 831 2349 898 quod
2404 834 2560 887 nobis
2622 845 2834 906 tempus
2877 849 2985 905 est,
3031 844 3173 909 quod
3204 844 3353 912 prius
3385 854 3437 899 et

1849 922 2122 990 posterius
2154 923 2338 987 habet,
2370 925 2473 979 hoc
2503 929 2667 981 rebus
2700 932 3049 1000 sempiternis
3095 948 3177 989 cst
3219 942 3406 993 arterni

1849 1022 1949 1065 tas.
1988 1012 2139 1079 Quod
2175 1014 2359 1084 itaque
2391 1032 2570 1087 neque
2600 1031 2741 1085 erat,
2768 1037 2949 1093 neque
2972 1025 3100 1092 erit,
3132 1028 3225 1081 sed
3260 1031 3432 1083 solum

1845 1115 1951 1169 est,
1982 1106 2188 1159 habens
2221 1107 2322 1162 hoc
2347 1123 2466 1164 esse
2497 1113 2824 1179 consistens,
2857 1131 2963 1170 non
2991 1120 3188 1172 nuitari
3246 1121 3429 1188 inerit,

1846 1211 2025 1265 neque
2059 1199 2384 1254 transivisse
2423 1217 2489 1256 ex
2529 1215 2647 1258 erat
2692 1205 2742 1259 in
2799 1217 2909 1271 est,
2958 1209 3062 1262 hoc
3100 1220 3181 1264 est
3212 1216 3431 1267 azterni-

1846 1294 1948 1339 tas.
1997 1287 2204 1343 Idcirco
2249 1291 2393 1344 enim
2449 1295 2613 1347 etiam
2656 1298 2940 1353 a'ternitas
2991 1301 3191 1356 dicitur
3248 1319 3429 1358 rerum

1842 1375 2006 1445 Deus,
2055 1378 2258 1450 quippe.
2309 1398 2414 1436 non
2467 1384 2677 1440 habens
2725 1388 3073 1458 principium,
3132 1410 3309 1463 neque
3365 1396 3429 1451 ﬁ-

1842 1485 1989 1536 nem,
2028 1488 2205 1542 neque
2251 1485 2394 1542 erat,
2445 1492 2621 1547 neque
2669 1484 2799 1551 erit,
2832 1485 2925 1537 sed
2956 1485 3129 1540 solum
3154 1504 3275 1544 esse
3304 1504 3400 1560 per

1837 1573 2058 1629 pctuum
2118 1574 2174 1619 et
2220 1566 2792 1641 incircumscriptum;
2849 1585 3059 1647 tempus
3100 1591 3281 1637 autem
3342 1595 3434 1641 est

1834 1666 2023 1708 eorum
2064 1670 2185 1724 qua:
2214 1657 2372 1723 ﬁunt,
2411 1664 2671 1729 quoniam
2720 1679 2785 1719 ea
2833 1682 2952 1736 qum
2996 1671 3250 1728 videntur
3288 1675 3425 1730 ima-

1832 1744 1989 1813 gines
2019 1757 2149 1799 sunt
2197 1762 2386 1803 eorum
2434 1766 2553 1820 qua:
2598 1769 2705 1808 non
2749 1755 3005 1813 videntur
3028 1770 3085 1815 et
3122 1762 3427 1833 intelligun-

1832 1844 1940 1891 tur.
1995 1836 2060 1891 Et
2102 1838 2244 1894 sicut
2289 1844 2657 1899 aeternitatem
2719 1847 2954 1904 dicimus
3026 1852 3424 1911 immutabilem

1829 1924 1980 1981 illam
2018 1928 2215 1995 vitam,
2267 1946 2388 2001 qua:
2430 1943 2487 1987 et
2536 1934 2701 1989 simul
2738 1947 2846 1991 tota
2881 1940 3089 2005 existit,
3124 1952 3180 1998 et
3214 1946 3425 2001 nullius

1826 2030 2066 2087 unquam
2112 2029 2255 2089 eget,
2304 2036 2404 2077 nec
2449 2026 2675 2078 omnino
2725 2027 2929 2096 deﬁcit,
2990 2040 3045 2085 et
3093 2031 3149 2086 in
3197 2049 3303 2089 uno
3349 2052 3419 2090 ac

1825 2117 2049 2178 propter
2075 2125 2241 2165 unum
2286 2112 2570 2179 consistit;
2601 2115 2682 2169 sic
2712 2117 2878 2171 etiam
2908 2129 3119 2189 tempus
3146 2131 3260 2176 tum
3292 2125 3419 2193 qui-

1824 2203 1946 2253 dem
1980 2199 2032 2253 in
2065 2216 2130 2256 eo
2154 2203 2298 2271 quod
2329 2218 2549 2274 semper
2574 2205 2735 2279 M1
2766 2220 2851 2264 est
2884 2213 3227 2280 requiescere
3273 2216 3413 2270 dit-i-

1822 2304 1966 2356 nius,
2000 2306 2267 2361 apparere
2309 2310 2460 2362 vero,
2502 2303 2720 2367 quando
2743 2307 3035 2370 Oportebat
3073 2321 3291 2375 quoque
3318 2323 3411 2362 so-

1822 2380 1927 2436 lem
1958 2384 2278 2454 subsistere,
2315 2396 2370 2441 et
2404 2389 2673 2445 visibilem
2722 2402 2977 2449 naturam
3015 2399 3253 2466 prodire.
3303 2400 3409 2454 Ita-

1819 2490 1926 2544 que
1967 2492 2315 2549 progressum
2357 2482 2557 2537 divina:
2606 2484 2869 2541 bonitatis
2908 2487 2975 2541 ad
3019 2491 3240 2545 sensilia
3276 2508 3405 2562 pro-

1817 2568 2098 2635 ducenda,
2173 2583 2332 2628 vocat
2390 2584 2603 2645 tempus
2654 2592 2839 2631 eorum
2895 2595 3015 2651 quae
3074 2582 3225 2645 ﬁunt,
3274 2584 3405 2653 quin

1815 2661 1980 2714 etiam
2012 2677 2137 2717 esse
2168 2680 2347 2719 rerum
2378 2677 2432 2720 et
2459 2670 2872 2738 generationum
2903 2675 3025 2740 quia
3062 2675 3235 2743 ﬁunt;
3263 2694 3397 2745 quo-

1816 2754 1961 2806 niam
2013 2770 2078 2808 ex
2128 2754 2251 2822 ipso
2304 2766 2450 2811 mota
2492 2770 2639 2823 sunt,
2700 2771 2751 2813 et
2804 2762 3173 2819 substiterunt
3216 2771 3400 2823 omnia

1813 2858 1934 2913 qua:
1985 2849 2323 2915 generationi
2381 2851 2628 2921 subjecta
2682 2864 2836 2918 sunt,
2883 2865 2936 2909 et
2968 2873 3091 2924 quae
3129 2860 3228 2912 sub
3259 2868 3396 2914 tem-

1812 2950 1942 3003 pore
1979 2936 2136 2991 ﬁunt.
2172 2938 2247 2991 Ex
2272 2938 2374 2995 hoc
2402 2944 2846 3010 superessentialj
2873 2955 2997 3000 entc
3031 2949 3195 3002 etiam
3222 2965 3397 3004 arvum

1811 3027 2020 3088 existit,
2066 3026 2211 3095 quod
2250 3029 2509 3082 nimirum
2565 3033 2726 3085 rebus
2772 3034 3170 3102 coextendltur,
3214 3046 3269 3089 ct
3311 3051 3399 3090 es-

1810 3119 1988 3172 sentia
2047 3135 2254 3183 rerum,
2303 3130 2358 3175 et
2411 3122 2702 3191 ipsummet
2750 3140 2870 3186 ens.
2917 3127 3059 3194 quod
3096 3129 3391 3181 secundum

1808 3211 2101 3265 essciitium
2149 3213 2376 3270 dicitur.
2424 3215 2548 3269 Haec
2577 3218 2756 3285 quoad
2784 3220 3094 3288 superiores
3125 3221 3285 3274 nobis
3309 3222 3393 3275 di-

1806 3303 2156 3372 vinioresque
2203 3305 2456 3363 virtutes.
2505 3307 2571 3360 Et
2613 3323 2830 3363 rursum
2891 3312 3067 3379 quoad
3126 3312 3388 3366 nostratia

1803 3408 2045 3465 quoque,
2080 3405 2293 3465 tempus
2320 3406 2404 3452 est
2443 3413 2540 3468 per
2567 3399 2718 3469 prius
2750 3410 2800 3454 et
2830 3401 3102 3469 posterius
3140 3403 3192 3455 in
3225 3402 3391 3456 rebus

1803 3489 2001 3558 genitis
2033 3501 2429 3557 mensuratum,
2456 3502 2512 3546 et
2548 3495 2828 3560 generatio
2856 3510 3045 3549 eorum
3076 3511 3195 3565 qua:
3225 3511 3391 3565 gene-

1802 3587 2014 3645 rantur,
2047 3590 2103 3634 et
2134 3580 2185 3634 id
2217 3580 2391 3650 ipsum
2425 3582 2568 3652 quod
2607 3583 2849 3653 gignitur
2892 3586 3189 3640 secundum
3222 3602 3391 3655 gene-

1804 3669 2069 3724 rationem
2100 3669 2325 3739 dictttm,
2377 3682 2688 3742 caeteraque
2716 3675 2899 3728 omnia
2949 3691 3069 3743 qum
3121 3677 3173 3730 in
3222 3678 3385 3731 rebus

1799 3760 2158 3817 divinioribus
2211 3764 2489 3827 existunt,
2541 3777 2595 3818 et
2665 3778 2784 3832 qua:
2844 3782 3170 3836 quocunque
3223 3776 3386 3823 Inofo

1796 3853 2063 3916 existunt,
2097 3853 2313 3908 scilicet
2352 3857 2649 3908 secundum
2690 3872 2808 3910 nos.
2842 3858 2967 3912 llaec
2990 3870 3168 3913 autem
3197 3861 3381 3914 omnia

1794 3953 1923 3998 sunt
1948 3944 2129 4014 aliquo
2161 3946 2321 4000 modo
2356 3946 2500 4000 entia
2534 3965 2549 4002 :
2603 3963 2709 4000 non
2742 3949 2886 4003 enim
2916 3964 3039 4004 esse
3064 3951 3377 4019 angelorum

1791 4044 1847 4089 et
1873 4035 2151 4089 hominum
2206 4020 2700 4105 comprehendunt,
2734 4052 2910 4107 neque
2943 4039 3134 4093 horum
3175 4048 3232 4093 et
3280 4054 3378 4092 an-

1790 4128 2057 4194 gelorum,
2085 4125 2181 4180 sed
2212 4127 2495 4195 quodlibet
2541 4128 2703 4182 habet
2757 4130 3033 4198 propriam
3073 4131 3384 4195 subsisten—j

1791 4222 1946 4283 tiam,
2011 4233 2242 4287 eamque
2293 4218 2621 4285 limitatam;
2681 4222 2939 4290 quoniam
2989 4222 3097 4275 alia
3149 4223 3371 4292 quidem

1791 4309 2115 4379 principium
2162 4309 2388 4373 habent,
2423 4308 2583 4363 ﬁnem
2616 4326 2722 4364 non
2770 4310 3004 4380 habent,
3026 4313 3126 4366 alia
3158 4330 3286 4369 vero
3317 4323 3383 4369 et'

68 4397 261 4467 ἐαυτῷ
311 4397 578 4452 συλλαδὸν
608 4400 719 4471 ἕχει
751 4402 812 4455 τὸ
860 4401 1022 4471 εἶναι,
1061 4408 1183 4462 οὔτε
1215 4391 1520 4483 ἀρξάμενον

1947 4401 2110 4468 ipium
2141 4409 2197 4453 et
2242 4401 2401 4453 linem
2448 4400 2670 4455 habent.
2718 4401 2855 4457 Sunt
2894 4418 3030 4459 vero
3059 4405 3369 4473 etiamnum
3424 4450 3434 4455 Α

67 4490 451 4559 παυσόμενον·
481 4490 562 4543 διὸ
590 4494 684 4545 καί⁸
708 4493 959 4563 βασιλεὺς
980 4497 1195 4568 λέγεται
1216 4502 1323 4555 τῶν
1352 4504 1582 4570 αἰώνων,
1604 4508 1682 4572 ὡς

65 4581 257 4633 πάντα
293 4581 475 4635 αἰῶνα
512 4584 607 4636 καί
630 4586 738 4638 πᾶν
763 4585 821 4639 δν
846 4590 1119 4661 περιέχον,
1145 4594 1241 4645 καὶ
1261 4593 1328 4647 τὰ
1356 4595 1453 4649 τοῦ
1487 4599 1677 4669 χρόνου

60 4672 345 4743 τμήματα
368 4712 383 4738 ,
422 4673 487 4725 τὸ
523 4668 611 4744 ἦν,
652 4675 714 4728 τὸ
757 4676 930 4743 ἔσται,
953 4680 1017 4733 τὸ
1042 4682 1314 4750 γενέσθαι,
1344 4686 1404 4738 τὸ
1430 4668 1676 4755 γίνεσθαι

62 4761 471 4833 διαπεφευγός
498 4765 673 4818 ταῦτα
703 4766 813 4839 γὰρ
839 4769 949 4823 τῶν
980 4771 1103 4825 καθ’
1129 4775 1280 4843 ἡμᾶς
1303 4777 1398 4828 καὶ
1422 4777 1524 4847 τῆς
1546 4781 1673 4848 ρευ-

64 4853 201 4922 στῆς
225 4852 471 4922 φύσεως.
516 4855 636 4908 Ἔτι
663 4856 720 4908 δὲ
751 4858 871 4911 οὐδὲ
896 4860 957 4912 τὸ
987 4862 1136 4916 ἔστιν
1169 4863 1302 4934 ἔχει,
1363 4867 1504 4938 ὑπὲρ
1542 4871 1674 4925 αὑτὸ

62 4943 177 5014 γάρ
197 4947 374 5009 ἐστιν,
404 4945 541 4997 αὑτό
570 4948 685 4999 ἐστι
710 4948 772 5001 τὸ
791 4953 903 5014 τοῖς
936 4948 1087 5007 οὖσιν
1120 4951 1279 5008 εἶναι·
1311 4957 1433 5010 οὑδὲ
1467 4960 1578 5031 γὰρ
1603 4962 1673 5016 τὰ

60 5032 195 5085 ὅντα
217 5033 386 5103 μόνον
403 5036 469 5087 ὲκ
497 5032 591 5087 τοῦ
617 5034 773 5100 Θεοῦ,
805 5037 939 5092 ἀλλὰ
967 5043 1061 5095 καὶ
1089 5043 1150 5095 τὸ
1174 5041 1311 5098 εἶναι
1339 5046 1449 5100 τῶν
1477 5047 1666 5104 όντων⁸

59 5124 231 5187 αὐτὸς
270 5125 386 5195 γάρ
417 5126 568 5178 ἐστιν
599 5126 629 5178 6
665 5126 925 5198 ὑπάρχων
962 5132 1068 5203 πρὸ
1107 5134 1214 5187 τῶν
1261 5133 1492 5200 αἰώνων,
1527 5141 1667 5195 κατὰ

58 5212 154 5264 τὸν
183 5204 376 5274 Δαυῖδ,
410 5211 439 5262 6
480 5210 615 5265 αἰὼν
653 5214 760 5267 τῶν
790 5215 1001 5272 αἰώνων
1021 5260 1035 5285 ,
1068 5220 1311 5293 δηλονότι
1352 5227 1380 5278 6
1410 5232 1667 5299 συνοχεὺς

1787 4492 2111 4560 principium
2152 4491 2369 4560 quidem
2419 4507 2527 4546 non
2560 4494 2782 4559 habent,
2813 4496 2908 4549 sed
2944 4495 3109 4550 ﬁnem
3144 4498 3366 4564 habent,

1784 4584 1858 4637 uti
1885 4584 2046 4637 etiam
2073 4582 2299 4653 Magnus
2337 4584 2567 4639 Basilius
2601 4586 2787 4649 tradit,
2815 4586 3043 4657 loquens
3065 4588 3131 4641 de
3160 4588 3361 4643 divinis

1783 4675 1930 4727 circa
1963 4674 2147 4728 mundi
2187 4675 2590 4744 providentiam
2628 4676 3003 4741 volitionibus,
3050 4691 3169 4744 qua:
3215 4677 3367 4744 priu-

1781 4766 1981 4836 cipinm
2013 4767 2231 4837 quidem
2266 4783 2375 4823 non
2404 4768 2740 4831 habuerunt,
2791 4771 2952 4823 tinem
3007 4785 3136 4823 vero
3166 4771 3362 4835 aliqua:

1784 4861 1995 4915 illarum
2048 4863 2162 4932 jam
2214 4872 2566 4932 acceperunt,
2616 4862 2810 4930 aliqum
2860 4862 3025 4915 etiam
3067 4862 3359 4915 habebunt.

1780 4951 1907 5006 llmc
1950 4952 2117 5023 igitur
2162 4955 2345 5008 omnia
2392 4966 2520 5009 sunt
2573 4952 2755 5022 aliquo
2803 4956 2963 5007 modo
3005 4953 3173 5019 entia,
3211 4954 3362 5007 solus

1778 5060 1957 5103 autem
2006 5049 2146 5104 Deus
2198 5066 2303 5106 non
2353 5062 2437 5104 est
2464 5051 2647 5119 aliquo
2678 5050 2840 5104 modo
2867 5066 2987 5115 ens,
3019 5050 3112 5105 sed
3144 5040 3364 5122 simpli;

1775 5145 1914 5198 citer
1940 5156 1995 5198 et
2022 5146 2334 5199 illimitate:
2385 5154 2555 5199 totum
2612 5145 2757 5198 enim
2819 5158 2939 5198 esse
2990 5145 3044 5197 in
3100 5157 3161 5198 se
3206 5123 3363 5229 οοηιη¹

1775 5234 1967 5303 plexus
2010 5246 2114 5297 est,
2162 5250 2262 5289 nec
2302 5235 2571 5303 incipiens
2621 5251 2802 5305 neque
2844 5234 3136 5297 desinens;
3182 5250 3357 5303 quare

66 5302 159 5371 τῆς
186 5298 369 5353 αιάἰου
401 5306 817 5373 παρεκτάσεως,
848 5308 877 5359 6
911 5308 1037 5380 ὄρος
1070 5312 1169 5382 τῆς
1188 5315 1410 5369 αἰωνίου
1434 5316 1554 5389 ζωῆη

1861 5342 1934 5381 tm
1982 5328 2182 5383 dicitur
2233 5327 2345 5383 Rex
2407 5298 2755 5395 saeculorum,
2803 5327 3002 5398 quippe
3040 5326 3132 5396 qui
3165 5298 3349 5382 oinnia

60 5391 327 5444 ἐπέκεινα
361 5390 460 5442 τοῦ
490 5392 565 5464 μὴ
593 5393 986 5462 ἐπιλείποντος.

1768 5417 1964 5471 sazcula
1992 5428 2048 5471 et
2076 5434 2173 5472 ens
2201 5434 2363 5473 omne
2406 5418 2802 5488 complectitur,
2833 5427 2888 5471 et
2924 5426 3225 5487 temporum
3260 5404 3355 5471 de;

57 5498 328 5547 cisiones,
366 5492 514 5548 erat,
565 5486 694 5552 erit,
754 5487 955 5544 factum
1008 5508 1128 5550 esse
1173 5512 1238 5553 ac
1277 5498 1419 5559 Lﬁeri
1465 5502 1841 5577 subterfugit;
1906 5510 2177 5580 siquidem
2242 5512 2355 5567 haec
2406 5486 2567 5567 rebus
2610 5510 2984 5577 nostratibus,
3034 5519 3351 5578 natura:tu

133 5638 155 5673 ι
196 5636 365 5690 llebr.
408 5652 447 5701 ι,
476 5636 531 5689 9..
607 5648 633 5676 ιι
660 5636 798 5693 Gen.
828 5656 865 5706 ι,
904 5642 988 5699 H.
