3768 6290
379 287 482 344 8'59

1562 273 1619 327 S.
1656 266 1955 327 DIONYSII
1988 265 2460 323 AREOPAGITIE

3565 259 3661 316 8i0

378 403 535 456 ﬂuxae
566 395 914 454 conveniunt.
948 392 1086 460 Quin
1114 407 1184 446 ne
1211 391 1432 462 quidem
1465 389 1629 444 habet
1656 388 1834 456 ipsum
1863 392 1971 448 est,
2003 382 2268 454 quoniam
2303 397 2469 453 supra
2517 382 2694 446 ipsum
2727 388 2834 448 est,
2899 388 2951 434 et
2997 379 3238 449 ipsemet
3281 385 3371 432 est
3402 389 3526 430 esse
3586 392 3661 430 re-

381 500 513 557 bus;
546 479 645 548 nec
671 491 816 545 enim
846 487 991 542 entia
1032 487 1207 541 solum
1237 501 1265 538 a
1299 484 1410 538 Deo
1458 493 1606 549 sunt,
1637 483 1732 536 sed
1782 480 1990 534 entium
2022 492 2241 545 quoque
2297 476 2412 545 ipsa
2469 477 2708 540 entitas;
2760 474 2877 542 ipse
2913 473 3060 528 enim
3112 480 3200 526 est
3248 470 3504 525 existens
3549 481 3660 522 anle

376 587 595 650 sucula,
625 585 920 640 secundum
955 579 1216 634 Davidem
1281 586 1332 642 ν,
1375 576 1636 632 εωοιιῐιιιιι
1699 570 2050 635 saeculorum,
2108 570 2306 638 quippe
2356 569 2649 623 continens
2713 567 3106 638 sempiternam
3187 559 3654 627 coextensiouem,

377 680 643 735 terminus
689 676 814 730 vita:
863 673 1239 743 setupiternzr,
1286 672 1376 740 qui
1419 678 1503 724 est
1539 681 1705 737 supra
1741 667 1793 720 id
1826 662 1974 733 quod
2017 674 2121 712 non
2149 659 2354 714 deficit.

448 773 476 845 §
521 773 582 828 ν.
628 771 804 825 Altius
851 739 1040 838 itaque
1089 739 1406 834 repetentes
1465 763 1733 826 dicamus,
1800 758 1930 812 rebu

2197 751 2255 806 V.
2294 750 2681 816 Ἀναλαϐόντες
2707 745 2800 805 οὖν
2827 752 3089 820 εἴπωμεν,
3111 748 3195 802 ὅτι
3225 749 3362 801 πᾶσι
3384 748 3501 809 τοῖς
3527 739 3655 822 οὖσι,

372 867 629 923 omnibus
651 878 706 921 et
725 867 856 920 mvis
893 865 1028 935 ipsis
1059 878 1268 928 rerum,
1306 863 1486 930 ipsum
1518 872 1638 912 esse
1669 858 1737 909 ah
1780 869 1846 908 eo
1872 831 1971 922 qui

373 959 676 1030 praeexistit
705 956 960 1017 eximere,
1004 951 1168 1026 442
1198 953 1287 1022 qui
1337 954 1528 1006 horum
1583 948 1826 1003 omnimn
1883 957 1967 1000 est

373 1051 705 1120 principium
738 1064 801 1102 ac
829 1063 996 1102 causa
1028 1047 1408 1116 prreexistens,
1433 1043 1727 1113 omniaque
1762 1041 1814 1093 in
1846 1039 1964 1108 ipso

370 1149 708 1207 consistunt,
749 1156 873 1194 cmn
900 1141 970 1194 sit
999 1152 1126 1195 ante
1156 1141 1258 1195 alia
1291 1157 1410 1210 qua:
1434 1152 1556 1194 esse
1586 1134 1965 1209 participando

370 1239 561 1294 sortita
596 1249 743 1293 sunt.
785 1237 1044 1307 Suppone
1067 1237 1212 1290 enim
1255 1232 1532 1288 hominem
1561 1248 1574 1284 :
1612 1231 1698 1284 hic
1727 1229 1962 1298 primum

372 1331 541 1386 habet
573 1341 631 1385 ut
685 1331 776 1394 sit,
805 1329 1004 1385 deinde
1039 1331 1204 1383 habet
1257 1336 1314 1380 ut
1352 1325 1498 1379 vivat
1526 1334 1580 1379 et
1637 1324 1865 1388 sentiat,
1911 1331 1966 1376 et

373 1424 758 1484 ratioeiuetur;
807 1433 863 1478 et
911 1431 1126 1477 mentes
1193 1421 1496 1476 invisibiles
1553 1419 1784 1492 primum
1842 1434 1965 1475 esse

373 1518 794 1589 participaruut,
825 1524 881 1569 et
911 1515 991 1570 sic
1023 1513 1190 1568 vitam
1215 1522 1270 1567 et
1304 1511 1648 1582 sapientiam.
1675 1508 1801 1564 Ihec
1834 1523 1964 1564 vero

371 1613 540 1668 etiam
599 1610 898 1666 secundum
951 1605 1276 1678 conceptum
1320 1607 1754 1674 distinguuntur.
1811 1607 1966 1659 Sicut

375 1704 540 1776 igitur
572 1705 622 1756 in
676 1702 834 1757 nobis
867 1702 1037 1773 prima
1098 1700 1322 1754 materia
1374 1697 1706 1768 concipitur,
1760 1711 1825 1752 ex
1857 1713 1963 1768 qua

373 1807 714 1855 constamus.
741 1797 820 1850 slc
863 1796 1032 1850 etiam
1065 1796 1118 1848 in
1159 1795 1435 1848 tuentibus
1491 1791 1848 1859 incorpurcis,
1880 1791 1964 1844 iu-

373 1900 491 1945 star
524 1889 788 1954 innuerim,
844 1889 1156 1959 concipitur
1210 1888 1501 1957 ipsummet
1549 1885 1841 1953 cujuslibet
1887 1884 1963 1938 rei

374 1995 495 2037 esse
523 1993 620 2049 per
667 1978 794 2034 vita:
826 1981 1087 2050 speciem,
1117 1987 1172 2032 et
1198 1988 1473 2047 quatenus
1495 1976 1562 2029 ad
1591 1975 1758 2029 vitam
1795 1985 1847 2027 et
1870 1990 1962 2027 sa-

373 2069 630 2139 pientiam
681 2079 737 2124 et
771 2070 838 2123 ad
867 2069 1111 2123 divinam
1157 2068 1578 2123 similitudinem
1627 2065 1965 2120 substantia-

376 2173 488 2216 tmn
515 2170 620 2216 est.
657 2161 867 2216 Idcirco
901 2160 1057 2227 dicit,
1085 2161 1233 2230 quod
1271 2159 1444 2228 ipsum
1482 2173 1580 2228 per
1622 2172 1680 2210 se
1719 2172 1839 2211 esse
1893 2156 1966 2210 sit.

375 2255 654 2324 antiquius
682 2269 846 2325 quam
879 2267 1003 2308 esse
1037 2268 1134 2322 per
1161 2267 1220 2306 se
1248 2252 1415 2305 vitam
1447 2259 1503 2305 et
1542 2266 1639 2320 per
1664 2265 1723 2304 se
1747 2248 1964 2318 sapien-

377 2346 539 2408 tiam;
573 2363 678 2402 non
706 2346 849 2414 quod
898 2347 951 2400 in
991 2347 1100 2401 Deo
1145 2345 1219 2400 sit
1252 2344 1559 2399 istiusmodi
1599 2341 1819 2407 divisio,
1852 2344 1966 2397 sive

374 2438 726 2508 simpliciter,
757 2438 878 2493 sive
929 2453 1027 2506 per
1059 2447 1414 2507 conceptum,
1444 2437 1617 2502 absit;
1651 2436 1744 2492 sed
1772 2436 1840 2490 ab
1867 2438 1967 2490 hoc

375 2530 759 2600 intelliguntur
781 2531 896 2585 luce
926 2530 977 2585 in
1003 2530 1070 2585 iis
1097 2531 1350 2585 omnibus
1375 2546 1607 2606 quae-per
1629 2529 1966 2585 creationem

376 2623 639 2676 existunt.
695 2620 1081 2692 Meritoigitur
1122 2639 1232 2692 pra:
1271 2623 1487 2678 caneris
1523 2639 1644 2692 qua:
1683 2623 1967 2677 existendo

378 2712 550 2768 Deum
619 2714 972 2784 participant,
1027 2714 1171 2769 Deus
1234 2716 1464 2785 ipsemet
1523 2715 1965 2785 antiquissinnint

380 2805 552 2871 ipsius
605 2807 749 2862 entis
782 2807 1114 2878 principium
1168 2807 1514 2877 intelligitur.
1552 2809 1732 2874 Quare
1766 2824 1886 2878 qua:
1911 2811 1966 2863 in

376 2890 608 2955 eticctis‘
646 2909 775 2954 sunt
818 2899 1048 2954 ascribit
1079 2915 1285 2963 cansaz,
1322 2901 1553 2970 ideoque
1589 2917 1712 2955 cum
1745 2901 1847 2956 hac
1886 2902 1968 2955 di-

377 2997 560 3049 ctione
589 2996 744 3065 ponit
776 3010 840 3049 ea
871 3010 993 3064 qua:
1020 2995 1177 3064 ponit
1215 3005 1476 3062 tanquam
1506 2996 1572 3048 de
1622 2995 1730 3048 Deo
1770 2995 1911 3049 dicta
1949 3010 1964 3049 :

376 3087 523 3140 sicut
553 3087 720 3140 etiam
781 3100 953 3155 ipsam
1012 3099 1112 3155 per
1151 3098 1210 3139 se
1265 3083 1676 3138 similitudinem
1710 3098 1815 3153 qua
1858 3084 1968 3140 Deo

377 3174 756 3228 assimilantur
792 3183 1010 3228 mentes
1047 3173 1148 3242 ipsi
1176 3173 1394 3238 vicinae,
1431 3174 1562 3242 quin
1593 3175 1773 3242 potius
1803 3173 1967 3228 etiam

376 3279 440 3317 ea
473 3281 596 3334 qua:
629 3265 960 3335 participant
990 3281 1055 3320 ea
1120 3281 1241 3334 qua:
1273 3277 1420 3329 sunt,
1457 3274 1518 3319 ut
1544 3278 1686 3332 esse,
1737 3266 1966 3329 moveri,

379 3358 718 3423 ratiocinari,
754 3369 810 3413 et
844 3359 1071 3414 similia.
1107 3361 1287 3428 Atque
1314 3360 1450 3423 haec,
1475 3358 1530 3412 in
1554 3367 1816 3428 quantum
1837 3368 1967 3414 sunt

2067 843 2160 894 xui
2185 846 2298 908 τοῖς
2322 843 2514 897 αἰῶσιν
2538 844 2726 908 αὐτοῖς
2754 833 2877 898 καθ’
2903 843 2996 907 οὓς
3018 842 3086 895 τὰ
3114 841 3265 905 ὄντα,
3293 841 3357 893 τὸ
3382 835 3529 892 εἶναι
3555 838 3658 890 ἐστι

2067 938 2218 1007 παρὰ
2266 937 2363 991 τοῦ
2423 937 2698 1008 προόντος,
2749 936 2844 991 xui
2893 937 3109 990 πάντων
3157 933 3369 988 τούτων
3405 935 3436 986 ὁ
3489 930 3658 1004 προὼν

2065 1031 2209 1103 ἀρχὴ
2233 1033 2327 1085 xui
2352 1033 2522 1098 uitia,
2555 1033 2652 1086 xui
2679 1032 2856 1086 πάντα
2895 1031 2952 1084 ἐν
2983 1029 3130 1101 αὑτῷ
3178 1027 3509 1098 συνέστηκε,
3538 1028 3654 1098 πρὸς

2063 1124 2172 1178 τῶν
2221 1124 2395 1179 ἄλλων
2445 1124 2606 1188 αὐτὸς
2660 1123 2905 1195 μετοχῶν
2945 1121 3007 1175 τὸ
3054 1118 3192 1175 εἶναι
3243 1120 3655 1192 κεκληρωμένα.

2078 1216 2305 1270 Ὑπόθου
2332 1217 2441 1289 γὰρ
2466 1217 2753 1290 ἄνθρωπον
2776 1233 2789 1246 ·
2818 1215 2972 1280 οὗτος
2997 1213 3059 1266 τὸ
3083 1209 3224 1267 εἶναι
3262 1212 3486 1285 πρῶτον
3511 1215 3655 1285 ἔχων,

2064 1312 2164 1384 ἤδη
2195 1311 2307 1384 ἔχει
2351 1311 2532 1366 καὶτὸ
2581 1311 2707 1382 ζῇν,
2743 1310 2838 1363 xui.
2862 1309 2922 1362 τὸ
2949 1307 3327 1369 αἰσθάνεσθαι,
3358 1308 3454 1361 xui
3495 1307 3556 1360 τὸ
3579 1307 3654 1359 λο-

2064 1402 2314 1471 γίζεσθαι
2339 1418 2352 1432 ⁶
2383 1403 2478 1456 xui
2506 1403 2553 1456 oi
2581 1395 2804 1474 ἀόρατοι
2832 1401 2952 1464 νόες
2995 1398 3202 1471 πρῶτοι
3236 1399 3334 1453 τοῦ
3363 1396 3506 1453 εἶναι
3537 1418 3654 1472 μετ-

2064 1495 2240 1566 έσχον,
2270 1496 2364 1549 xui
2389 1495 2531 1548 οὕτω
2550 1494 2697 1566 ζωῆς
2725 1495 2819 1548 καὶ
2845 1492 3056 1562 σοφίας.
3085 1492 3271 1546 Ταῦτα
3302 1492 3361 1546 δὲ
3405 1493 3503 1547 xui
3547 1493 3654 1546 κατ’

2064 1589 2305 1641 ἐπίνοιαν
2335 1587 2668 1660 μερίζονται.
2702 1586 2913 1657 Ὠσπερ
2940 1585 3070 1655 γοῦν
3110 1585 3196 1654 ἐφ’
3223 1583 3387 1655 ἡμῶν
3417 1582 3654 1654 πρώτηή

2065 1680 2164 1751 ὕλη
2192 1681 2488 1733 ἐπινοεῖται
2517 1679 2610 1749 ἀφ’
2634 1674 2703 1751 ἧς
2728 1680 2917 1749 ἐσμεν,
2945 1678 3118 1742 οὕτως
3167 1677 3264 1730 ἐπὶ
3290 1675 3402 1730 τῶν
3444 1675 3655 1740 ἀσωμά-

2061 1789 2172 1826 των
2197 1771 2356 1834 νοῶν,
2385 1772 2547 1824 οἱονεὶ
2571 1770 2672 1842 ὕλη
2699 1772 2902 1824 νοεῖται
2950 1769 3082 1825 αὐτὸ
3124 1767 3185 1822 τὸ
3210 1767 3270 1822 ὂν
3318 1768 3553 1822 ἑκάστου
3578 1766 3654 1820 διὰ

2065 1863 2211 1936 ζωῆς
2235 1860 2394 1928 εἶδος,
2425 1864 2519 1917 xui
2548 1862 2680 1917 καθὸ
2706 1863 2966 1916 οὐσίωται
2993 1864 3073 1926 εἰς
3101 1859 3270 1933 ζωὴν,
3300 1861 3402 1914 xui.
3451 1859 3650 1928 σοφίαν,

2063 1958 2158 2010 καὶ
2181 1957 2280 2028 τὴν
2308 1955 2442 2028 πρὸς
2468 1956 2530 2010 τὸ
2555 1955 2710 2010 Θεῖον
2737 1956 3052 2028 ὁμοιότητα.
3077 1953 3175 2007 Διὰ
3199 1952 3361 2006 τοῦτο
3387 1952 3555 2020 λέγει,
3581 1952 3652 2004 ὅτι

2069 2049 2161 2102 xui
2186 2049 2304 2101 κατ’
2333 2049 2464 2102 αὐτὸ
2489 2050 2549 2101 τὸ
2576 2045 2716 2103 εἶναι
2746 2047 3114 2119 πρεσϐύτερόν
3141 2049 3258 2100 ἐστι.
3284 2046 3348 2099 τὸ
3385 2043 3652 2113 αὐτοζωὴν

2069 2134 2208 2194 εἶναι
2225 2142 2320 2194 xui
2344 2141 2696 2211 αὑτοσοφίαν,
2725 2142 2825 2214 οὐχ
2847 2143 2928 2195 ὅτι
2955 2143 3050 2195 ἐ,πὶ
3078 2139 3215 2193 Θεοῦ
3241 2143 3270 2194 ὀ
3293 2138 3533 2202 τοιοῦτός
3549 2139 3652 2190 ἐστι

2072 2233 2364 2304 μερισμὸς,
2395 2232 2427 2304 ἢ
2455 2232 2718 2304 ἀπλῶς,ἥ
2745 2235 2864 2286 κατ’
2890 2233 3152 2296 ἐπίνοιαν,
3181 2231 3389 2300 ἄπαγε,
3421 2229 3534 2282 ἀλλ’
3558 2226 3652 2281 ἀπὸ

2066 2325 2281 2392 τούτου,
2312 2326 2404 2379 ἐπὶ
2435 2325 2544 2379 τῶν
2571 2326 2631 2391 ἐξ
2659 2327 2823 2381 αὐτοῦ
2850 2325 3262 2398 δημιουργικῶς
3312 2323 3652 2377 ὑποστάντων

2069 2416 2346 2480 ἁπάντων,
2370 2417 2543 2472 ταῦτα
2573 2417 2839 2471 νοοῦνται.
2870 2417 3111 2481 Εἰκότως
3137 2411 3232 2470 οὖν
3283 2416 3394 2487 πρὸ
3421 2414 3526 2467 τῶν
3571 2414 3653 2468 ἁλ-

2070 2507 2178 2562 λων
2203 2503 2278 2563 ὧν
2314 2510 2530 2581 μετέχει
2553 2510 2622 2564 τὰ
2667 2510 2797 2564 ὄντα
2848 2509 2942 2562 τοῦ
2970 2507 3129 2572 Θεοῦ,
3181 2508 3532 2580 πρεσϐυτέρα
3577 2525 3651 2571 τις

2069 2603 2212 2676 ἀρχὴ
2257 2606 2289 2674 ἡ
2334 2603 2428 2658 τοῦ
2457 2601 2595 2657 εἶναι
2625 2605 2921 2657 ἐπινοεῖται
2959 2601 3123 2664 αὐτὸς
3165 2602 3194 2654 ὁ
3243 2601 3399 2664 Θεὸς.
3431 2601 3510 2653 Ti
3534 2599 3651 2669 γοῦν

2068 2699 2181 2761 τοῖς
2208 2699 2473 2761 αἰτιατοῖς
2501 2695 2861 2767 ὲπινοοῦμενα
2888 2695 2966 2766 τῷ
2993 2695 3153 2766 αἰτίῳ
3200 2695 3532 2766 προσάπτει,
3573 2693 3651 2746 διὰ

2069 2787 2231 2840 τοῦτο
2255 2787 2348 2840 xui
2379 2788 2516 2860 μετὰ
2542 2788 2642 2859 τῆς
2666 2787 2834 2857 αὐτῆς
2857 2785 3056 2854 λέξεως
3081 2787 3300 2858 τίθησιν
3329 2786 3431 2838 ὅσα
3453 2785 3650 2855 τίθησιν

2070 2881 2146 2945 ὡς
2171 2881 2265 2933 ἐπὶ
2286 2879 2422 2933 Θεοῦ
2449 2880 2718 2951 λεγόμενα
2740 2897 2754 2910 ·
2781 2879 2969 2951 ὥσπερ
2995 2880 3089 2932 xui
3111 2879 3210 2950 τὴν
3239 2879 3650 2950 αὐτοομοιὸτητα

2071 2972 2192 3026 καθ’
2220 2972 2285 3043 ἢν
2319 2971 2398 3044 τῷ
2427 2971 2545 3042 Θεῷ
2573 2972 2885 3043 ὁμοιοῦνται
2923 2973 2970 3025 οἱ
3003 2974 3291 3044 προσεχεῖς
3338 2970 3488 3040 αὐτῷ
3521 2970 3647 3032 νὸες,

2075 3065 2274 3138 μᾶλλον
2314 3065 2368 3118 δὲ
2404 3064 2498 3118 xui
2547 3065 2739 3128 ταῦτα,
2777 3060 2851 3117 ὧν
2884 3063 2952 3117 τὰ
2997 3063 3126 3117 ὄντα
3161 3064 3406 3135 μετέχει,
3437 3065 3498 3116 τὸ
3525 3059 3648 3116 εἶναι

2069 3157 2288 3229 δηλαδὴ,
2319 3157 2381 3209 τὸ
2405 3156 2695 3218 κινεῖσθαι,
2719 3156 2781 3208 τὸ
2801 3152 3134 3223 λογίζεσθαι,
3169 3155 3264 3206 xui
3308 3154 3377 3207 τὰ
3418 3153 3644 3206 τοιαῦτα.

2070 3255 2182 3308 Kui
2205 3253 2399 3316 ταῦτα,
2443 3251 2577 3305 καϐό
2607 3253 2713 3304 εἰσι
2739 3249 2832 3303 xui
2859 3247 3136 3320 φαίνονται
3178 3249 3237 3300 ἐν
3269 3250 3386 3312 τοῖς
3439 3243 3571 3310 οὖσι,
3595 3245 3648 3298 τὸ

2070 3345 2201 3399 αὐτὸ
2231 3341 2371 3398 εἶναι
2410 3342 2648 3414 μετέχει,
2676 3341 2752 3404 ὡς
2798 3339 2858 3406 ἐξ
2903 3338 3111 3391 ἐκείνου
3167 3337 3263 3390 καὶ
3301 3336 3442 3390 αὐτὰ
3489 3331 3643 3388 εἶναι·

379 3457 436 3500 et
466 3459 738 3517 apparent
770 3451 820 3504 in
857 3449 1042 3514 rebus,
1106 3425 1284 3519 ipsum
1338 3465 1458 3504 esse
1504 3425 1857 3520 participant,

2158 3435 2340 3491 ,οὐδέν
2364 3436 2513 3487 ἐστιν
2552 3431 2634 3494 ὃν,
2678 3430 2783 3486 κᾶν
2829 3428 3212 3489 ἐνυπόστατυν,
3259 3426 3364 3480 κᾶν
3413 3428 3472 3478 ἐν
3521 3425 3646 3492 ἄλλῳ

379 3549 442 3593 ιιι
477 3555 541 3594 ex
573 3555 641 3594 eo
669 3542 835 3595 etiam
868 3542 987 3612 ipsa
1039 3542 1186 3609 sint;
1226 3552 1281 3596 et
1311 3542 1516 3597 nullum
1546 3554 1632 3598 est
1655 3558 1774 3607 eus,
1799 3559 1971 3614 quan-

378 3634 582 3688 tumvis
617 3632 946 3700 subsistens,
990 3634 1075 3690 vel
1109 3637 1161 3688 in
1205 3634 1377 3690 altero
1408 3635 1813 3706 consideratuin
1867 3636 1972 3708 (si-

376 3727 600 3796 quidem
628 3737 792 3782 ettatu
818 3728 964 3782 entia
991 3743 1086 3799 per
1116 3727 1375 3784 accidens
1401 3737 1534 3783 sunt
1559 3743 1686 3797 qua:
1715 3729 1766 3782 in
1795 3728 1970 3785 altero

377 3821 829 3892 considerantur)
860 3821 1020 3890 cujus
1045 3821 1286 3876 essentia
1313 3836 1419 3876 non
1459 3823 1532 3874 sit
1555 3821 1846 3890 ipsutnmct
1875 3837 1970 3890 per

376 3930 439 3968 se
460 3930 582 3970 esse
615 3914 732 3969 Dei.
758 3915 984 3970 (iacteris
1011 3915 1285 3979 omnibus,
1305 3917 1440 3983 vita,
1474 3916 1720 3985 inquam,
1746 3917 1970 3986 sapien-

380 4007 479 4074 tia,
515 4007 787 4073 bonitate,
839 4007 1208 4080 antiquiorem
1252 4008 1459 4063 habens
1520 4007 1662 4062 Deus
1720 4009 1790 4062 ab
1851 4008 1970 4077 ipso

376 4118 506 4158 esse
538 4105 1042 4159 denominationem
1067 4117 1231 4173 quam
1257 4102 1361 4159 sibi
1394 4102 1496 4172 ipsi
1532 4102 1700 4168 dedit,
1733 4100 1964 4157 dicens:

378 4192 494 4265 Ego
530 4213 647 4249 sum
682 4195 774 4265 qui
793 4211 912 4249 sum
940 4208 1003 4261 1;
1041 4196 1276 4264 primum
1317 4193 1566 4248 laudatur
1612 4192 1681 4246 ab
1730 4208 1796 4248 eo
1825 4191 1971 4262 quod

379 4289 490 4342 sint
525 4304 636 4352 res,
666 4288 811 4356 quod
846 4287 952 4342 hoc
994 4288 1066 4342 sit
1122 4287 1568 4355 antiquissimum
1599 4285 1715 4354 ejus
1743 4287 1967 4340 donum.

381 4381 630 4435 Diximus
660 4383 831 4444 enim,
865 4396 992 4436 esse
1015 4381 1242 4450 quidem
1275 4381 1392 4444 Dei,
1419 4379 1563 4448 quod
1588 4379 1866 4446 antiquius
1887 4389 1973 4434 est

381 4475 520 4541 vita,
569 4475 874 4544 sapientia,
919 4473 1191 4534 bonitate.
1246 4473 1799 4544 incomprehensibile
1851 4474 1971 4528 exi-

380 4578 546 4624 stere.
575 4569 654 4622 Ex
687 4583 754 4623 eo
777 4580 960 4622 autem
986 4570 1132 4636 quod
1161 4569 1275 4623 sint
1316 4568 1525 4631 omnia,
1560 4567 1968 4630 concludimus,

383 4670 644 4731 tanquam
678 4678 744 4716 ex
774 4662 1010 4729 eli‘ectis,
1049 4677 1270 4717 oausam
1322 4677 1447 4716 esse
1499 4661 1693 4726 Deum,
1722 4659 1969 4730 quinimo

383 4757 764 4825 praeexistere,
796 4769 851 4809 et
876 4755 1310 4824 super-existere.
1338 4753 1455 4809 Nisi
1476 4757 1622 4809 enim
1651 4753 1969 4824 praaexiste-

382 4859 488 4914 ret,
516 4850 743 4902 minime
773 4849 1146 4903 subsisterent
1176 4847 1267 4902 illa
1299 4862 1425 4916 qua:
1449 4857 1606 4911 sunt,
1632 4847 1678 4902 si
1710 4862 1838 4902 vero
1859 4861 1967 4900 non

381 4943 840 5010 supereaisteret,
914 4943 1342 5009 haudquaquam
1411 4938 1504 4994 taii
1571 4939 1776 4992 virtute
1838 4952 1981 5027 usus

383 5032 599 5089 fuisset.
631 5034 732 5090 llic
761 5035 906 5089 Deus
941 5033 996 5086 in
1032 5034 1469 5102 priedeﬁnitione
1491 5031 1666 5102 ipsius
1697 5043 1820 5084 esse
1851 5043 1972 5098 pro-

383 5132 517 5202 priaa
540 5133 875 5202 cognitionis
909 5131 1210 5185 universim
1247 5128 1435 5184 omnia
1461 5125 1767 5181 subsistere
1799 5123 1969 5176 fecit:

381 5229 684 5284 secundum
709 5230 946 5300 primum
973 5229 1118 5281 enim
1147 5234 1475 5292 conceptum
1509 5237 1665 5276 mens
1691 5219 1853 5292 443
1879 5234 1973 5286 ap-

384 5323 676 5393 prehendit
730 5323 910 5390 ipsum
960 5336 1088 5378 esse
1111 5329 1174 5373 et
1197 5320 1278 5374 sic
1313 5317 1498 5387 aliquo
1527 5315 1691 5370 modo
1738 5330 1825 5366 res
1851 5325 1974 5365 esse

382 5417 646 5487 concipit.
686 5416 877 5483 Itaque
901 5413 1228 5484 simpliciter
1257 5427 1404 5476 esse,
1443 5424 1550 5463 non
1596 5408 1782 5475 aliquo
1814 5405 1973 5458 modo

383 5522 507 5561 esse
567 5507 902 5575 signiﬁcavit
944 5524 1068 5561 cum
1115 5506 1273 5569 dixit,
1335 5518 1434 5572 per
1465 5516 1539 5556 .se
1584 5515 1738 5563 esse;
1793 5499 1871 5553 uti
1920 5507 1974 5552 et

385 5596 668 5669 deinceps,
702 5615 824 5652 cum
871 5599 1044 5668 ipsam
1076 5610 1173 5666 per
1204 5609 1263 5650 se
1295 5594 1487 5658 vitam,
1542 5591 1715 5663 ipsam
1770 5604 1865 5662 per
1911 5601 1974 5644 se

452 5763 476 5789 ν
519 5760 663 5814 Psat.
699 5772 893 5822 usui,
925 5757 1008 5811 ιε.
1094 5770 1119 5797 ι
1151 5754 1324 5810 Exod.
1357 5767 1444 5817 ιιι,
1491 5750 1577 5805 M.

2075 3527 2470 3601 θεωρούμενον.
2503 3523 2652 3596 (ὄντα
2679 3523 2788 3594 γὰρ
2808 3521 2899 3575 xui
2929 3519 2998 3573 τὰ
3019 3516 3408 3589 συμϐεϐηκότα
3431 3516 3568 3585 ειπερ
3597 3516 3645 3566 ἐν

2071 3625 2215 3696 ἄλλῳ
2232 3622 2562 3694 θεωροῦνται
2653 3614 2713 3674 οὗ
2743 3618 2820 3691 μὴ
2843 3617 2990 3670 ἐστιν
3015 3615 3243 3675 ὄντωσις
3267 3612 3402 3666 αὐτὸ
3418 3613 3481 3684 δὴ
3492 3612 3549 3665 τὸ
3566 3609 3646 3663 τοῦ

2071 3715 2206 3769 Θεοῦ
2223 3711 2747 3767 αὑτοεϊναι.ῐ1ἀντων
2763 3707 2873 3762 τῶν
2893 3707 3087 3771 ἄλλων,
3105 3705 3206 3775 τῆς
3220 3704 3369 3774 ζωῆς
3387 3721 3545 3774 φημι,
3561 3701 3646 3770 τῆς

2074 3807 2287 3876 σοφίας,
2323 3804 2422 3874 τῆς
2453 3801 2808 3872 ὰγαῡότητος,
2839 3793 3296 3869 ἀρχηγικωτέραν
3325 3792 3466 3863 ἔχων
3487 3792 3514 3843 ὁ
3533 3789 3646 3850 Θεὸς

2070 3898 2168 3970 τὴν
2226 3896 2316 3950 τοῦ
2364 3893 2505 3948 εἶναι
2554 3891 2876 3964 ὀνομασίαν,
2915 3889 2983 3960 ἣν
3027 3886 3204 3957 ἐαυτῷ
3263 3884 3418 3937 ἔθετο
3473 3879 3642 3942 εἰπὼν,

2085 3989 2224 4059 Ἐγώ
2253 3985 2368 4061 εἶμι
2405 3988 2432 4040 ὁ
2479 3985 2574 4051 ὢν,
2621 3981 2852 4056 πρώτως
2885 3982 3136 4052 ὑμνεῖται
3169 3979 3235 4030 ἐκ
3282 3977 3379 4029 τοῦ
3430 3971 3562 4027 εἶναι
3589 3970 3644 4022 τὶ

2077 4085 2230 4148 ὄντα,
2265 4083 2404 4153 ὅπερ
2427 4080 2544 4133 ἐστὶ
2569 4079 2664 4132 xui
2687 4073 3056 4148 πρεσϐύτερον
3079 4070 3190 4124 τῶν
3226 4069 3394 4122 αὐτοῦ
3425 4064 3641 4138 δωρεῶν.

2071 4177 2315 4247 Εἴπομεν
2342 4172 2582 4244 γὰρςὸτι
2615 4170 2675 4224 τὸ
2713 4169 2813 4240 μὲν
2851 4162 2990 4220 εἶναι
3026 4161 3121 4217 τοῦ
3168 4160 3330 4225 Θεοῦ,
3361 4160 3390 4213 ὃ
3445 4159 3644 4228 ἀρχηγι-

2071 4266 2310 4340 κώτερον
2369 4264 2447 4317 ἔνι
2513 4263 2650 4332 πρὸς
2706 4259 2803 4330 τὴν
2866 4257 3034 4329 ζωὴν,
3090 4252 3230 4323 πρὸς
3285 4251 3386 4323 τὴν
3449 4247 3639 4316 σοφίαν,

2072 4369 2209 4439 πρὸς
2253 4365 2353 4437 τὴν
2407 4363 2741 4434 ἁγαοὸτητα,
2791 4356 3161 4428 ἀκατανόητὸν
3211 4356 3382 4407 ἐστιν.
3451 4352 3540 4405 Ἐκ
3596 4347 3642 4399 δὲ

2067 4460 2163 4514 τοῦ
2219 4455 2467 4512 εἶναιτὰ
2528 4455 2706 4509 πάντα
2754 4453 3081 4521 συνάγομεν,
3143 4447 3220 4511 ὼς
3267 4446 3328 4514 ἐξ
3385 4441 3639 4500 αἱτιατῶν,

2068 4561 2132 4617 τὸ
2162 4562 2336 4616 αἴτιον
2367 4562 2450 4614 ὅτι
2481 4558 2600 4611 ἐστι
2628 4557 2781 4619 Θεὸς,
2813 4553 2949 4608 ἀλλὰ
2978 4553 3072 4606 xui
3110 4549 3342 4621 πρόεστι
3381 4547 3476 4600 xui
3497 4542 3641 4610 ὑπέρ-

2071 4669 2244 4709 εστιν.
2289 4655 2354 4707 Ei
2395 4650 2470 4724 μὴ
2511 4649 2623 4722 γὰρ
2664 4648 2862 4720 προῆν,
2893 4645 2996 4698 οὐκ
3031 4643 3096 4697 ἂν
3144 4640 3350 4710 ὑφίστα
3379 4637 3448 4690 τὸ.
3495 4635 3637 4687 ὅντα·

2073 4751 2121 4802 εἰ
2158 4749 2214 4801 δὲ
2256 4747 2356 4816 οὐχ
2377 4743 2608 4814 ὑπερῆν,
2642 4741 2742 4793 οὐκ
2781 4740 2847 4794 ἂν
2889 4735 3116 4808 τοιαύτῃ
3166 4732 3397 4802 δυνάμει
3446 4724 3638 4798 ἐχρῆτο.

2075 4835 2241 4904 Οὗτος
2263 4841 2291 4891 ὁ
2340 4838 2472 4900 Θεὸς
2516 4837 2575 4889 ἐν
2621 4832 2770 4903 αὑτῷ
2795 4831 2874 4902 τῷ
2901 4825 3041 4884 εἶναι
3069 4825 3149 4898 τῷ
3205 4818 3523 4896 προορισμῴ
3560 4815 3641 4882 τῆς

2074 4933 2283 4995 οἰκείας
2320 4929 2576 4999 γνώσεως
2624 4923 3083 4997 προϋπεστήσατο
3123 4917 3186 4971 τὸ
3227 4917 3370 4978 ὅλως
3417 4909 3548 4965 εἶναι
3586 4921 3641 4956 τι

2078 5027 2255 5081 πάντα
2275 5041 2288 5054 ο
2327 5021 2477 5092 αὐτῷ
2499 5023 2609 5092 γὰρ
2630 5018 2708 5088 τῷ
2743 5014 2903 5080 εἶναι,
2933 5016 3073 5069 κατὰ
3104 5009 3331 5082 πρώτην
3366 4999 3640 5078 προσϐολὴν

2077 5116 2358 5173 ἐπιϐάλλει
2380 5117 2410 5169 ὁ
2443 5114 2587 5178 νοῦς,
2618 5108 2718 5165 εἷθ’
2746 5109 2922 5172 οὕτως
2950 5106 3009 5160 τὸ
3039 5101 3290 5159 ὁπωσοῦν
3346 5097 3483 5153 αὐτὰ
3524 5089 3640 5147 εἶναι

2078 5213 2291 5283 θεωρεῖ.
2331 5209 2404 5262 Τὸ
2423 5204 2516 5261 οὖν
2546 5204 2735 5266 ἁπλῶς
2766 5201 2928 5264 εἶναι,
2957 5199 3018 5252 οὐ
3049 5197 3112 5251 τὸ
3142 5195 3263 5260 πῶς
3311 5189 3450 5246 εἶναι
3471 5185 3639 5283 ἐδήλω-

2077 5320 2187 5363 σεν,
2222 5298 2394 5353 εἰπὼν
2433 5296 2555 5352 καθ’
2585 5295 2714 5349 αὐτὸ
2759 5289 2899 5345 εἶναι
2926 5308 2939 5320 °
3001 5287 3194 5358 ὥσπερ
3247 5285 3344 5339 xui
3397 5281 3517 5351 ἑξῆς
3557 5273 3637 5342 τὴν

2073 5391 2351 5462 αὐτοζωὴν
2407 5395 2508 5462 τὴν
2557 5384 3008 5456 αὐτοομοιότητα,
3059 5381 3154 5434 xui
3200 5376 3272 5430 τὰ
3331 5376 3428 5428 σὺν
3481 5367 3638 5426 αὐτοῖς

2075 5483 2264 5548 εἰπὼν,
2290 5483 2351 5535 τὸ
2378 5481 2515 5544 ὅλως
2537 5475 2676 5533 εἶναι
2700 5477 2847 5548 ζωὴν
2891 5475 2987 5529 xui
3010 5473 3197 5536 ἁπλῶς
3219 5470 3283 5524 τὸ
3311 5468 3429 5541 ζῇν,
3459 5462 3566 5534 οὐχὶ
3585 5457 3636 5524 δὴ

2074 5585 2174 5656 τὴν
2214 5582 2423 5639 τοιάνδε
2472 5580 2620 5652 ζωὴν
2664 5579 3015 5648 εἰσηγήσατο.
3075 5575 3289 5644 Ὠσπερ
3319 5569 3490 5624 τοίνυν
3516 5561 3636 5626 λό’ίφ
