3768 6312
95 379 196 434 διε

690 375 774 430 ι)Ε
813 374 1066 431 DlVlNlS
1099 371 1500 437 NOMINIBUS,
1536 371 1690 428 CAP.
1732 371 1772 424 γ
1834 401 1903 412 --
1937 370 2290 426 PARAPHR.
2328 370 2802 428 PACIIYMERE.

3266 373 3372 427 84?.

95 496 207 549 τινὶ
235 493 334 547 ἐπὶ
357 492 468 546 τῶν
490 490 612 546 καθ’
643 493 789 563 ἡμᾶς
809 494 1130 561 ποιοτήτων,
1161 491 1328 560 ἤγουν
1366 488 1463 559 τῆς
1504 488 1576 540 λετ

1831 485 2210 540 imilitudinem
2241 493 2296 540 et
2343 495 2544 540 caztera
2584 486 2743 550 dixit,
2774 484 2998 539 omnino
3027 477 3194 539 vitam
3218 501 3370 553 esse,

93 604 286 657 τητος,
324 587 432 656 τῆς
476 584 757 656 μελανίας,
797 583 960 636 θίονεὶ¹
983 581 1198 653 πρῶτόν
1245 599 1364 635 τινα
1415 580 1694 634 αὐτοποιό-

96 694 241 749 τητα
275 677 534 748 νοοῦμεν,
571 677 738 747 ἤγουν
761 673 1082 745 λευκότητα,
1112 673 1179 744 ἣν
1208 673 1273 745 δὴ
1297 672 1695 744 συμϐαίνουσαν

93 774 214 834 τοῖς
245 772 656 842 ὑποκειμένοις,
687 769 783 823 καὶ
814 768 1098 838 φαίνεσθαι
1152 769 1246 821 καὶ
1294 767 1460 837 δρᾷνο
1501 763 1613 818 οἷον
1661 766 1693 835 ἡ

95 855 536 934 αὐτοασώματος
565 862 850 932 λευκότης,
892 861 1251 930 ἐπιγενομένη
1306 859 1544 930 σώματι,
1577 859 1696 912 λευ-

96 955 278 1008 καίνει
307 955 493 1017 τοῦτο,
523 955 667 1008 οὕτω
697 972 785 1026 μοι
820 953 952 1016 νόει,
978 952 1116 1023 πλὴν
1138 951 1436 1020 ἀναλόγως,
1471 953 1565 1004 καὶ
1603 954 1696 1006 ἐπὶ

94 1044 208 1096 τῶν
251 1045 479 1117 δωρεῶν
507 1048 618 1098 τῶν
668 1044 847 1108 θείων,
895 1044 995 1114 τῆς
1025 1045 1190 1115 ζωῆς,
1223 1044 1324 1114 τῆς
1374 1043 1586 1113 σοφίας,
1629 1045 1696 1108 ἃς

93 1135 362 1189 ἐκάλεσεν
389 1136 566 1208 ἀρχὰς
593 1134 701 1188 τῶν
730 1134 916 1188 ὄντων.
954 1135 1066 1205 Τῆς
1107 1134 1378 1206 ημετέρας
1407 1135 1516 1206 γὰρ
1549 1134 1695 1204 ζωῆς

91 1226 244 1297 ἁρχὴ
281 1228 382 1280 καὶ
406 1227 738 1299 δημιουργὸς
777 1228 809 1297 ή
843 1224 1112 1297 αύτοζωὴ,
1150 1226 1243 1278 καὶ
1287 1225 1388 1296 τῆς
1422 1225 1612 1293 σοφίας
1659 1228 1692 1296 ὴ

92 1319 424 1389 αύτοσοιρία.
458 1315 626 1375 Αὗται
648 1315 740 1374 οὖν
773 1319 990 1391 πρῶτον
1015 1317 1354 1372 ἐπινοοῦνται
1383 1315 1558 1382 οὖσαι,
1593 1313 1692 1371 εἷθ’

91 1417 274 1480 οὕτως
300 1417 412 1469 eici
434 1417 528 1470 καὶ
557 1417 724 1487 ἀρχαὶ
751 1415 857 1467 τῶν
897 1413 1137 1479 ζώντων,
1169 1416 1202 1485 ἡ
1225 1413 1473 1485 αὐτοζωὴ
1494 1417 1527 1486 ἡ
1549 1414 1690 1478 θεία,

93 1510 264 1579 φημὶ,
301 1511 399 1562 καὶ
433 1510 492 1561 ἐν
520 1508 600 1578 τῷ
625 1507 744 1578 Θεῷ
765 1507 898 1578 ζωή.
937 1508 1130 1579 Τίθησι
1157 1507 1215 1560 δὲ
1243 1507 1305 1560 τὸ
1342 1508 1422 1572 ὡς
1443 1504 1690 1569 ζώντων,

90 1600 175 1651 ὅτι
207 1598 374 1652 πάλιν
402 1600 479 1662 ὼς
501 1599 668 1652 ὄντων
698 1597 760 1650 τὸ
785 1596 916 1650 αύτὺ
947 1597 1039 1649 ὃν·
1068 1596 1161 1650 καὶ
1188 1596 1264 1660 ὡς
1295 1595 1474 1664 σοφῶν
1499 1594 1690 1657 ὄντων,

93 1692 128 1758 ἡ
160 1692 470 1760 αύτοσοερία
491 1691 632 1762 ἀρχή
659 1691 796 1752 ἐστι,
815 1690 909 1742 καὶ
937 1687 1047 1740 τῶν
1068 1688 1290 1759 ὁμοίων.
1320 1685 1562 1756 Εἴπομεν
1583 1685 1693 1758 γὰρ

93 1789 189 1840 καὶ
231 1787 452 1859 πρώην,
487 1788 569 1840 ὅτι
595 1786 920 1858 ὁμοιότητας
946 1784 1093 1852 λέγει
1132 1784 1255 1838 καθ’
1279 1783 1346 1848 ἃς
1376 1784 1691 1854 μετέχουσιν

92 1881 142 1932 οἱ
164 1882 304 1933 θεῖοι
327 1881 454 1944 νὸες
474 1877 569 1933 τοῦ
592 1878 748 1933 Θεοῦ.
775 1878 994 1932 Τούτων
1031 1873 1124 1931 οὖν
1163 1875 1273 1930 τῶν
1301 1876 1503 1947 ὁμοίων
1544 1873 1687 1946 ἀρχὴ

94 1974 127 2042 ἡ
173 1972 591 2043 αύτοομοιότης,
631 1972 700 2042 ἢν
744 1971 866 2025 καθ’
901 1970 1060 2023 ἑαυτὸ
1088 1969 1149 2021 τὸ
1180 1967 1332 2021 Θεῖον
1376 1968 1567 2038 αύχεί⁶
1595 1965 1690 2019 καὶ

92 2064 203 2116 τῶν
262 2064 587 2136 ήνωμένων,
650 2063 888 2136 δηλονότι
946 2062 1054 2115 τῶν
1117 2059 1564 2132 περιωρισμὲνων
1617 2059 1685 2129 τῇ

93 2153 274 2225 τίκείᾳ
321 2154 508 2224 φύσει,
554 2157 648 2208 καὶ
692 2156 767 2228 μὴ
821 2153 1266 2225 ἐσκεδασμένων
1303 2153 1530 2206 ἕκαστον
1578 2150 1687 2221 γὰρ

95 2242 206 2296 τῶν
231 2245 411 2298 ὅντων
464 2247 604 2300 κατά
636 2263 758 2300 τινα
785 2246 982 2299 ἐνιαῖον
1007 2240 1366 2315 περιορισμὸν
1391 2241 1484 2294 καὶ
1509 2238 1688 2308 ἐαυτῷ

95 2338 377 2409 ἡνωμένον
414 2339 747 2392 συνίσταται.
782 2339 998 2391 Τούτων
1050 2334 1142 2391 οὖν
1175 2337 1336 2390 πάλιν
1375 2335 1517 2408 ἀρχὴ
1551 2339 1584 2406 ἠ
1630 2337 1687 2389 ἐν

91 2430 170 2500 τῷ
199 2429 322 2501 Θεῷ
348 2430 677 2501 αύτοενότης
695 2448 708 2460 ·
738 2433 832 2485 καὶ
871 2431 980 2485 τῶν
1007 2430 1180 2486 ἄλλων
1213 2432 1313 2484 ὅσα
1349 2430 1505 2502 ἢτῆς
1541 2429 1687 2501 ζωῆς

97 2521 418 2592 μετέχοντα,
443 2521 477 2593 ἦ
506 2522 605 2592 τῆς
639 2523 912 2588 γνώσεως,
946 2522 979 2594 ἦ
1011 2523 1104 2575 καὶ
1132 2521 1476 2592 ἀμφοτέρων,
1508 2518 1688 2584 ζῶντὰ

91 2617 254 2681 εἰσιν,
287 2615 322 2687 ἢ
359 2615 524 2687 σοφὰ,
551 2616 584 2688 ἢ
609 2618 704 2671 καὶ
723 2617 1029 2690 ἀμφότερα,
1055 2615 1088 2687 ἢ
1111 2616 1204 2670 καὶ
1234 2614 1478 2680 πλείονα,
1499 2613 1532 2686 ἢ
1555 2612 1687 2682 γοῦν

94 2709 190 2760 καὶ
227 2707 382 2772 ὄντα,
407 2709 504 2760 καὶ
532 2708 796 2772 ἀθάνατα,
831 2709 926 2761 καὶ
948 2708 1132 2778 νοερὰ,
1162 2707 1239 2770 ὡς
1274 2708 1366 2760 ἐπὶ
1395 2707 1502 2760 τῶν
1526 2706 1686 2760 θείων

93 2799 344 2868 ἀγγέλων
368 2817 383 2829 ·
417 2800 621 2854 τούτων
662 2796 754 2854 οὖν
785 2801 1039 2855 ἁπάντων
1062 2799 1162 2864 τὰς
1189 2799 1556 2871 αύτομετοχὰς
1591 2800 1684 2852 εύ-

101 2890 314 2959 ρήσεις.
341 2889 589 2960 δηλονότι
610 2891 712 2962 τὴν
750 2889 1049 2962 αύτοζωὴν,
1074 2891 1172 2962 τὴν
1203 2890 1550 2960 αὑτοσοφίαν,
1591 2892 1685 2944 καὶ

92 2980 160 3034 τὰ
189 2981 377 3046 λοιπὰ,
405 2981 502 3034 τοῦ
532 2976 670 3036 εἶναι
700 2983 1055 3054 μετεχούσας,
1097 2985 1192 3037 καὶ
1222 2985 1281 3037 ἐν
1316 2983 1396 3054 τῷ
1425 2979 1561 3037 εἶναι
1589 3000 1686 3054 με·

94 3073 324 3137 νούσας·
360 3074 499 3128 καθὸ
547 3075 656 3147 γὰρ
702 3073 858 3131 αὗται
907 3075 1002 3129 τοῦ
1041 3073 1180 3129 εἶναι
1233 3077 1538 3147 μετέχουσι,
1593 3079 1684 3130 καί

92 3167 223 3228 εἰσι,
254 3166 397 3217 κατὰ
424 3165 584 3218 τοῦτο
607 3168 700 3221 καὶ
723 3167 873 3239 παρὰ
900 3167 1010 3220 τῶν
1031 3167 1206 3220 ἄλλων
1239 3167 1576 3237 μετέχονται.

1799 586 1855 631 et
1887 577 2213 646 simpliciter
2239 576 2450 643 vivere,
2508 591 2854 648 nequaquam
2886 591 3016 631 vero
3068 577 3374 632 istiusmodi

1799 669 1966 722 vitam
1996 669 2314 738 explicavit.
2346 667 2498 724 Sicut
2533 669 2700 739 igitur
2721 667 2902 736 aliqua
2925 670 3140 723 ratione
3169 668 3378 738 inqua-

1798 761 2043 817 litatibus
2073 761 2432 825 nostratibus,
2460 777 2510 815 v.
2542 779 2592 832 ε.
2622 759 2896 824 albediue,
2927 761 3230 830 nigredine,
3261 762 3355 828 pri-

1799 867 1944 907 mum
1985 855 2144 922 quasi
2207 869 2304 925 per
2342 868 2401 908 se
2447 853 2769 923 qualitatem
2820 853 3059 921 aliquam
3119 852 3370 921 concipi-

1799 961 1940 1008 mus,
1986 947 2276 1015 ipsammet
2325 945 2538 1000 scilicet
2598 945 2906 1000 albcdinem
2961 959 3060 1014 per
3116 944 3374 999 accidens

1798 1034 2059 1104 subjectis
2088 1035 2499 1102 advenientem,
2546 1045 2601 1090 et
2627 1047 2907 1106 apparere,
2950 1036 3280 1105 etaperari;
3313 1047 3374 1088 ut

1798 1141 1920 1180 cum
1950 1127 2143 1182 albedo
2167 1142 2264 1197 per
2301 1142 2361 1182 se
2390 1128 2715 1198 incorporea
2739 1128 2784 1160 ⁸⁵
2823 1129 3038 1196 corpori
3071 1129 3373 1183 adveniens

1799 1219 1928 1274 illud
1987 1219 2225 1284 dealbat,
2269 1221 2343 1274 ita
2400 1222 2628 1290 concipe
2686 1222 2820 1285 haec,
2863 1221 2958 1276 sed
3015 1221 3372 1290 proportione

1799 1325 2087 1366 munerum
2127 1311 2462 1379 divinorutu,
2504 1314 2649 1377 vitte,
2693 1313 2997 1383 sapientiae,
3027 1328 3148 1382 qua:
3188 1329 3372 1368 rerum

1795 1403 2066 1475 principia
2117 1404 2432 1474 appellavit.
2476 1402 2690 1459 Nostrae
2710 1406 2857 1458 enim
2890 1403 3011 1458 vitat
3040 1405 3370 1474 principium

1797 1506 1851 1552 et
1890 1507 2082 1552 auctor
2118 1508 2203 1553 est
2245 1499 2360 1567 ipsa
2404 1512 2499 1567 per
2537 1513 2596 1554 se
2639 1500 2771 1565 vita,
2810 1510 2868 1552 et
2922 1497 3205 1566 sapientiae
3257 1499 3372 1568 ipsa

1800 1606 1897 1660 per
1950 1607 2010 1646 se
2048 1592 2340 1660 sapientia.
2375 1590 2501 1647 Haec
2539 1591 2726 1662 itaque
2779 1592 3013 1661 primum
3055 1592 3372 1659 concipiun-

1799 1692 1886 1738 tur
1917 1685 2207 1752 exsiStere,
2242 1699 2308 1740 ac
2340 1685 2536 1740 deinde
2576 1684 2656 1738 sic
2692 1683 2959 1740 exsistere
2983 1684 3247 1754 principia
3289 1683 3373 1735 vi-

1797 1779 2065 1840 ventium,
2093 1777 2236 1847 ipsa,
2278 1778 2521 1846 inquam,
2552 1777 2734 1830 divina
2778 1792 2877 1848 per
2904 1791 2962 1831 se
2997 1777 3127 1842 vita,
3160 1785 3213 1831 et.
3253 1791 3374 1846 quae

1795 1872 1846 1924 in
1912 1872 2022 1925 Deo
2098 1880 2181 1925 est
2252 1871 2381 1924 vita.
2439 1871 2675 1940 Apponit
2732 1881 2914 1924 autem
2981 1881 3238 1942 quatenus
3297 1871 3374 1922 vi-

1792 1973 1945 2029 vunt,
2005 1964 2146 2018 sicut
2207 1964 2371 2017 etiam
2441 1978 2539 2019 ens
2605 1978 2700 2032 per
2766 1979 2847 2028 se,
2910 1973 3184 2034 quatenus
3223 1975 3368 2027 sunt,

1791 2066 1846 2111 et
1885 2066 2161 2126 quatenus
2206 2057 2449 2126 sapiunt,
2503 2057 2622 2126 ipsa
2663 2072 2759 2126 per
2805 2072 2864 2111 se
2920 2056 3182 2126 sapientia
3224 2058 3372 2126 priu-

1795 2149 2001 2217 cipium
2058 2148 2297 2213 exsistit,
2329 2157 2383 2201 et
2421 2148 2502 2201 sic
2564 2146 2631 2200 de
2676 2145 2963 2200 similibus.
3011 2145 3169 2200 Prius
3225 2157 3368 2198 entm

1793 2240 2142 2306 dicebamus,
2213 2242 2389 2308 ipsum
2447 2238 2832 2294 similitudines
2901 2251 3112 2300 vocare,
3175 2250 3370 2290 secun-

1794 2334 1922 2387 dum
1974 2348 2112 2402 quas
2153 2333 2352 2387 divina:
2399 2341 2605 2386 mentes
2657 2330 2824 2385 Deum
2863 2331 3211 2399 participant.
3257 2325 3367 2379 lla-

1793 2441 1912 2478 rum
1979 2423 2164 2494 itaque
2232 2425 2644 2480 similitudinum
2706 2423 3032 2493 principium
3099 2431 3184 2476 est
3253 2423 3366 2487 ipsa

1791 2534 1887 2587 per
1916 2533 1975 2574 se
1996 2518 2314 2582 similitudo,
2340 2519 2406 2573 de
2432 2532 2536 2587 qua
2562 2517 2674 2585 ipse
2700 2531 2797 2585 per
2820 2529 2880 2569 se
2901 2515 3041 2570 Deus
3063 2514 3364 2583 gloriatur;

1788 2613 1868 2670 uti
1895 2625 1948 2669 et
1971 2629 2153 2668 rerum
2199 2613 2499 2676 unitarum,
2543 2612 2595 2666 id
2638 2619 2722 2665 est
2764 2620 2960 2664 natura
2993 2624 3088 2664 sua
3117 2608 3370 2664 deﬁnita-

1789 2722 1933 2771 rum,
1958 2716 2010 2759 et
2037 2705 2526 2775 nondispersarum
2557 2722 2570 2758 :
2595 2702 2848 2772 quaelibet
2871 2703 3018 2756 enim
3049 2716 3156 2766 res,
3179 2715 3368 2756 secun-

1788 2797 1914 2850 dum
1950 2813 2112 2850 unam
2146 2796 2384 2866 aliquam
2405 2795 2804 2857 deﬁnitionem,
2836 2795 2937 2850 sibi
2977 2807 3192 2862 quoque
3219 2793 3368 2846 unita

1787 2897 2025 2947 constat.
2055 2887 2260 2943 llorum
2303 2887 2467 2957 igitur
2498 2889 2696 2941 iterum
2731 2886 3057 2957 principium
3103 2885 3217 2954 ipsa
3245 2899 3369 2954 quae

1790 2987 1841 3038 in
1899 2984 2011 3038 Deo
2038 2993 2122 3037 est
2153 2997 2250 3051 per
2276 2997 2335 3036 se
2385 2981 2596 3045 unitas;
2633 2992 2747 3035 tum
2791 2990 2848 3034 et
2874 2987 3198 3034 cancrorum
3223 2993 3370 3046 quae-

1788 3091 2003 3144 cunque
2033 3077 2117 3128 vel
2155 3075 2346 3139 vitam,
2375 3073 2462 3128 vel
2493 3072 2768 3136 notitiam,
2796 3074 2881 3126 vel
2923 3083 3216 3141 utrumque
3242 3087 3370 3141 par-

1792 3167 2064 3236 ticipando
2089 3166 2302 3230 vivunt,
2335 3166 2414 3218 vel
2451 3165 2689 3234 sapiunt,
2720 3163 2803 3219 vel
2834 3173 3066 3232 utraque
3095 3172 3190 3215 aut
3212 3161 3369 3231 plura

96 3257 322 3319 habent,
358 3258 604 3327 quinimo
639 3260 720 3316 vel
759 3261 903 3316 entia
936 3270 1081 3326 sunt,
1110 3261 1194 3314 vel
1249 3261 1598 3322 immortalia,
1649 3261 1733 3315 vel
1773 3260 2150 3329 intelligentia,
2185 3270 2243 3314 ut
2277 3261 2330 3314 in
2377 3260 2570 3314 divinis
2615 3258 2820 3330 angelis
2873 3257 3106 3321 accidit;
3149 3255 3368 3319 horum,

97 3351 344 3420 inquam.
377 3353 622 3410 omnium
670 3369 768 3422 per
819 3369 878 3409 se
929 3354 1375 3424 partieipatioues
1422 3353 1681 3424 reperies,
1712 3353 1923 3408 scilicet
1953 3355 2123 3423 ipsam
2157 3367 2254 3422 per
2281 3367 2340 3407 se
2370 3353 2560 3414 vitam,
2590 3367 2690 3421 per
2709 3366 2768 3405 se
2797 3349 3145 3420 sapientiam,
3176 3357 3230 3402 et
3263 3361 3368 3401 cte—

100 3460 214 3504 tera
247 3451 548 3520 ipsummet
600 3464 722 3506 esse
761 3449 1093 3519 participare
1141 3459 1195 3503 et
1239 3450 1292 3503 in
1347 3464 1468 3504 esse
1535 3463 1893 3518 permanere;
1960 3449 2014 3502 in
2080 3456 2345 3516 quantum
2393 3446 2539 3501 enim
2583 3460 2704 3500 esse
2761 3445 3090 3514 participant
3129 3453 3369 3507 etsunt,

99 3544 147 3597 in
191 3553 408 3597 tantum
447 3543 615 3596 etiam
654 3542 722 3594 ab
750 3541 873 3596 aliis
901 3541 1325 3610 participantur.

165 3633 194 3704 ᾗ
224 3634 308 3688 Ἦ.
338 3635 404 3687 Ei
450 3633 509 3687 δέ
567 3634 752 3686 ἐκεῖνα
778 3632 845 3685 τὰ
875 3631 1119 3703 μείζονα,
1149 3632 1294 3702 ἅπερ
1337 3631 1518 3703 έχουσι
1561 3632 1683 3685 καθ’
1712 3639 1754 3695 C

98 3728 324 3781 ἕκαστον
359 3728 456 3780 καὶ
505 3727 567 3778 τὸ
609 3726 762 3788 αὐτὸ,
805 3727 863 3778 ἐν
892 3728 958 3796 τῇ
993 3727 1192 3796 μετοχῇ
1228 3723 1322 3777 τοῦ
1358 3725 1510 3787 ὄντος
1555 3725 1682 3786 είσὶ,

102 3822 246 3891 πόσῳ
272 3838 338 3890 γε
375 3819 576 3892 μᾶλλον
602 3819 775 3873 ταῦτα
796 3819 859 3891 δὴ
881 3819 948 3872 τὰ
971 3818 1193 3872 ἐκείνων
1227 3818 1520 3888 μετέχοντα
1544 3819 1688 3869 ποιεῖ

98 3913 155 3964 τὺ
182 3908 342 3977 εἶναι,
373 3915 554 3978 ζῶντα
572 3913 755 3983 τυχὸν,
780 3912 814 3983 ἢ
840 3911 1000 3980 σοφὰ,
1024 3912 1080 3963 ἐν
1099 3913 1165 3980 τῇ
1192 3909 1414 3964 ἐκείνων
1446 3912 1645 3980 μετοχῂ
1667 3926 1680 3937 ·

100 4009 188 4060 καὶ
229 4008 290 4059 οὐ
326 4005 535 4077 (καθὼς
569 4004 906 4076 ύπολήψαιτό
964 4022 1050 4068 τις
1098 4002 1412 4073 ἀσυνέτως)
1459 4003 1542 4055 ὅτι
1591 4001 1686 4070 ἀφ’

101 4100 326 4163 ἑαυτῶν,
357 4100 453 4151 καὶ
474 4099 534 4150 οὐ
567 4096 706 4150 κατὰ
736 4095 967 4167 μετοχὴν
1001 4095 1208 4166 ἐτέρου,
1235 4094 1406 4146 ταῦτα
1432 4095 1642 4163 ἔχουσιν
1669 4109 1682 4156 ;

104 4190 252 4242 Ἐστι
276 4189 332 4242 δὲ
361 4190 422 4240 τὸ
452 4188 787 4258 ἐπιχείρημα
815 4184 1249 4257 δραστικώτατον
1275 4186 1338 4237 ἐκ
1376 4183 1472 4236 τοῦ
1505 4179 1686 4253 μείζο-

101 4295 202 4341 νος.
232 4278 469 4350 Πρώτην
496 4279 675 4331 τοίνυν
718 4277 819 4348 τὴν
845 4276 941 4330 τοῦ
992 4272 1132 4329 εἷναι
1169 4275 1377 4347 δωρεὰν
1421 4277 1538 4337 τοῖς
1566 4270 1685 4327 οὖσι

103 4369 477 4440 παρεχόμενος
505 4371 534 4421 ὁ
549 4368 701 4432 Θεὸς,
727 4370 790 4422 ἐκ
812 4367 1016 4436 ταύτης
1042 4367 1137 4420 καὶ
1161 4365 1390 4437 πρώτως
1414 4367 1682 4437 ὑμνεῖται,

103 4462 190 4513 καὶ
219 4461 366 4515 ἐστιν
389 4462 450 4528 ἐξ
476 4460 648 4529 αὐτῆς
692 4461 785 4512 καὶ
816 4459 948 4512 αὐτὸ
972 4459 1032 4511 τὸ
1060 4456 1196 4511 εἶναι
1228 4459 1466 4522 πάντων,
1510 4459 1602 4512 καὶ
1628 4461 1685 4510 ἐν

102 4556 230 4624 αὐτῇ
285 4553 690 4624 συνειλημμένα
719 4550 1137 4624 διακρατοῦνται
1167 4551 1309 4604 κατὰ
1355 4551 1534 4621 ἁπλῆν
1564 4567 1688 4604 τινα

102 4648 190 4698 καὶ
219 4665 287 4699 πε
298 4645 580 4718 ριεκτικὴν
607 4645 717 4697 τῶν
745 4644 880 4698 ὅλων
908 4643 1087 4696 αἰτίαν
1112 4645 1206 4696 καὶ
1230 4643 1456 4715 ἄσχετον
1476 4661 1488 4673 °
1511 4644 1686 4696 οὐδενὶ

103 4739 204 4810 γὰρ
240 4739 386 4809 λόγῳ
409 4739 443 4808 ἦ
473 4739 726 4808 νοήματι,
759 4736 792 4807 ἢ
821 4737 1106 4807 πράγματι
1142 4734 1256 4805 ἔχει
1285 4737 1347 4788 τὸ
1393 4737 1548 4788 Θεῖον
1587 4735 1685 4806 τὴν

105 4833 233 4900 πρὸς
267 4829 335 4882 τὰ
367 4828 500 4881 ὄντα
532 4827 716 4896 σχέσιν
759 4844 819 4879 τε
870 4828 963 4880 καὶ
1013 4827 1316 4880 κοινωνίαν.
1348 4826 1429 4879 Τὰ
1460 4827 1516 4878 δέ
1559 4826 1700 4896 ἑξῆς

106 4923 523 4994 παραδείγματα
553 4920 878 4972 πιστευτικά
917 4921 1023 4972 εἰσι
1070 4919 1166 4972 τοῦ
1208 4915 1347 4972 εἶναι
1401 4919 1579 4973 πάντα
1622 4920 1686 4972 ἐκ

1864 3627 1891 3698 §
1927 3627 2008 3682 Vl.
2043 3625 2100 3681 Si
2125 3637 2307 3680 autem
2343 3626 2430 3680 illa
2483 3626 2712 3696 majora,
2745 3643 2866 3697 qua:
2911 3628 3114 3683 habent
3147 3643 3372 3698 quoque

1791 3721 2002 3788 singula
2048 3734 2145 3788 per
2171 3734 2254 3784 se,
2289 3721 2574 3774 entitatem
2605 3721 2957 3788 participem,
3001 3730 3209 3789 quanto
3253 3739 3370 3775 nta-

1789 3816 1874 3884 εἰς
1903 3815 2019 3868 inec
2060 3829 2180 3883 qua:
2212 3814 2428 3866 illorum
2462 3815 2753 3883 participia
2805 3825 2954 3879 sunt,
3009 3815 3138 3869 facit
3191 3819 3368 3885 ipsum

1789 3921 1909 3961 esse
1949 3906 2214 3967 viventia,
2245 3920 2299 3957 v.
2332 3922 2412 3973 g.,
2453 3906 2538 3959 vel
2567 3906 2854 3974 sapientia,
2887 3921 2985 3975 per
3030 3906 3113 3959 sui
3147 3908 3370 3975 partici-

1790 4000 2108 4068 patiouem;
2143 4007 2327 4051 etnon
2360 3998 2442 4066 (ut
2491 3996 2764 4065 quispiam
2810 3998 3058 4066 imperite
3104 3999 3368 4065 suspicari

1789 4093 1992 4161 posset)
2027 4107 2124 4159 per
2175 4106 2234 4144 se
2275 4099 2324 4142 et
2361 4088 2480 4143 sine
2513 4090 2744 4144 alterius
2791 4091 3214 4158 participatione
3258 4093 3373 4145 haec

1791 4181 2033 4236 habent?
2076 4182 2171 4235 Est
2211 4189 2392 4236 autem
2435 4183 2536 4236 hoc
2576 4192 2958 4251 argumentum
3000 4181 3372 4254 Welﬁca-V

1789 4275 2070 4328 etssitnum
2105 4290 2134 4326 a
2185 4273 2397 4343 majori.
2430 4272 2565 4326 Cum
2615 4274 2800 4342 itaque
2831 4275 2971 4328 Deus
3003 4279 3235 4343 primum
3269 4278 3370 4330 hoc

1789 4369 1990 4418 donum
2053 4369 2214 4421 rebus
2261 4365 2548 4435 largiatur,
2581 4379 2649 4418 ex
2706 4366 2822 4435 ipso
2872 4382 3089 4435 quoque
3135 4369 3369 4437 primum

1796 4458 2070 4523 laudatur,
2099 4468 2152 4512 et
2175 4457 2393 4512 exsistit
2425 4471 2489 4510 ex
2520 4458 2657 4526 ipso,
2686 4457 2983 4526 ipsummet
3005 4468 3226 4514 estesse
3255 4477 3373 4514 om-

1791 4551 1962 4613 nium,
1986 4559 2044 4602 et
2074 4551 2126 4602 in
2156 4551 2271 4618 ipso
2316 4550 2545 4605 collecta
2587 4551 2938 4604 continentur
2964 4552 3143 4605 omnia
3177 4567 3368 4606 secun-

1790 4645 1916 4698 dum
1950 4644 2255 4712 simplicem
2283 4645 2522 4714 aliquam
2571 4653 2629 4698 et
2655 4645 3166 4713 comprehensivam
3197 4656 3253 4698 et
3285 4647 3369 4698 iu-

1789 4737 2237 4805 comprehensam
2295 4738 2683 4792 universorum
2727 4751 2946 4790 causam
2975 4755 2989 4791 :
3023 4736 3170 4789 nulla
3223 4737 3368 4790 enim

1792 4826 2030 4890 ratione,
2083 4827 2164 4881 vel
2210 4835 2503 4895 conceptu,
2539 4826 2621 4880 vel
2678 4840 2736 4878 re
2793 4826 3231 4878 communionem
3281 4826 3366 4878 vel

1802 4919 2213 4988 proportionem
2242 4919 2406 4973 habet
2439 4919 2578 4972 Deus
2611 4933 2733 4972 cum
2767 4918 2930 4971 rebus
2949 4917 3366 4973 exsistentibus.

104 5016 192 5067 τοῦ
237 5015 394 5076 Θεοῦ,
447 5015 525 5077 ὼς
570 5013 742 5065 αίτίου
789 5013 887 5082 τῆς
932 5011 1137 5064 τούτων
1181 5012 1486 5084 ὑπάρξεως,
1523 5012 1576 5064 ἆ)

1831 5013 2055 5082 Lxempla
2103 5023 2287 5066 autem
2333 5027 2456 5080 quae
2499 5019 2805 5079 sequuntur
2835 5010 2994 5063 ﬁdem
3033 5009 3260 5073 faciunt,
3305 5027 3366 5065 ea

105 5107 250 5178 παρὰ
293 5106 466 5160 ταῦτα
505 5103 861 5174 ὑπάρχοντος,
915 5105 1010 5157 καὶ
1052 5106 1110 5156 ὲν
1163 5103 1310 5174 αύτῴ
1363 5104 1686 5156 συνεστάναι

107 5199 243 5270 ἄλλῳ
266 5199 417 5270 παρὰ
446 5197 624 5250 ταῦτα
649 5197 944 5267 ὑπάρχοντι
965 5213 977 5226 ·
1012 5199 1044 5266 ἡ
1073 5197 1182 5267 γὰρ
1210 5195 1398 5266 μονὰς,
1431 5195 1507 5258 ὡς
1537 5195 1685 5247 αἰτία

110 5290 368 5360 ἀριθμῶν,
396 5288 667 5352 ἐνοειδῶς,
694 5289 754 5340 ού
780 5288 1186 5358 ποικιλλομένη,
1213 5288 1245 5358 ἢ
1269 5287 1444 5350 ἄλλως
1472 5286 1567 5339 καὶ
1591 5285 1684 5339 ἄλ-

107 5386 210 5446 λως
244 5383 530 5454 νοουμένη,
560 5382 687 5444 τοὺς
731 5382 937 5444 πάντας
981 5381 1328 5452 περιείληφεν
1374 5378 1640 5451 ἀριθμούς
1667 5398 1679 5410 ο

113 5475 271 5527 καὶτὸ
308 5475 472 5546 μέσον
496 5473 592 5526 τοῦ
625 5472 822 5526 κύκλου
854 5472 1076 5540 κέντρον
1104 5473 1320 5536 ἁπάσας
1339 5472 1438 5535 τὰς
1461 5471 1568 5524 ἀπὸ
1582 5470 1683 5539 τῆς

113 5568 455 5637 περιφερείας
502 5565 717 5629 εὐθείας
762 5564 1002 5636 περιέχει
1039 5565 1302 5628 ἐνοειδῶς,
1337 5566 1430 5619 καὶ
1475 5561 1680 5626 ἁπλῶς,

1793 5125 1914 5176 quae
1961 5117 2087 5163 sunt
2147 5108 2328 5163 omnia
2372 5121 2435 5160 ex
2465 5105 2573 5158 Deo
2598 5104 2887 5168 exsistere,
2918 5114 3175 5172 tanquam
3205 5119 3367 5159 causa

1797 5218 1989 5256 eorum
2028 5201 2384 5264 exsisteutiaz,
2413 5213 2540 5252 cum
2572 5197 2818 5252 diversus
2844 5198 2914 5250 sit
2946 5198 3014 5250 ab
3063 5197 3199 5261 illis,
3228 5210 3282 5251 et
3313 5200 3366 5252 in

1797 5297 1916 5364 ipso
1940 5295 2246 5349 consistant
2273 5291 2487 5345 diverso
2511 5289 2579 5342 ab
2609 5287 2716 5342 illis
2741 5289 3063 5351 exsistente;
3099 5287 3367 5355 siquidem

1793 5396 1993 5453 uultas,
2043 5398 2297 5455 tanquam
2356 5395 2518 5435 causa
2569 5393 2946 5442 utu'uerorum,
3002 5376 3367 5444 unifurmiter,

1791 5481 2210 5548 haudquaquam
2243 5474 2542 5543 variegata,
2573 5472 2658 5525 vel
2709 5470 2868 5523 aliter
2897 5480 3061 5539 atque
3086 5468 3246 5521 aliter
3281 5465 3372 5522 inn

1792 5572 2029 5638 tellecta,
2060 5571 2346 5625 universos
2396 5578 2656 5619 numeros
2704 5560 3114 5630 complet-titur;
3151 5568 3205 5613 et
3255 5574 3368 5614 me-

1382 5685 1612 5765 neta;
1650 5709 2057 5766 LECTIONES.

216 5834 272 5864 ³⁵·
301 5833 448 5886 Max.
484 5845 766 5900 corporea.

285 5929 560 5988 l’n-uoc.
608 5923 721 5982 Gn.
765 5922 867 5981 ill.

2955 5909 3029 5966 27
