  <div class='ocr_page' id='page_1' title='image "/cluster/home/n/w/nwhite01/storage/ocr_20150623/3/hvd.32044014713192/429.png"; bbox 0 0 3742 6326; ppageno 0'>
   <div class='ocr_carea' id='block_1_1' title="bbox 358 354 468 413">
    <p class='ocr_par' dir='ltr' id='par_1_1' title="bbox 358 354 468 413">
     <span class='ocr_line' id='line_1_1' title="bbox 358 354 468 413; baseline -0.018 -1"><span class='ocrx_word' id='word_1_1' title='bbox 358 354 468 413; x_wconf 67' lang='grc' dir='ltr'><strong>διδ</strong></span> 
     </span>
    </p>
   </div>
   <div class='ocr_carea' id='block_1_2' title="bbox 1536 354 2445 416">
    <p class='ocr_par' dir='ltr' id='par_1_2' title="bbox 1536 354 2445 416">
     <span class='ocr_line' id='line_1_2' title="bbox 1536 354 2445 416; baseline 0.004 -4"><span class='ocrx_word' id='word_1_2' title='bbox 1536 356 1596 413; x_wconf 81' lang='lat'><strong>8.</strong></span> <span class='ocrx_word' id='word_1_3' title='bbox 1643 354 1946 414; x_wconf 72' lang='lat' dir='ltr'><strong>DIONYSII</strong></span> <span class='ocrx_word' id='word_1_4' title='bbox 1979 355 2445 416; x_wconf 63' lang='lat' dir='ltr'><strong>AREOPAGITZE</strong></span> 
     </span>
    </p>
   </div>
   <div class='ocr_carea' id='block_1_3' title="bbox 3535 361 3659 415">
    <p class='ocr_par' dir='ltr' id='par_1_3' title="bbox 3535 361 3659 415">
     <span class='ocr_line' id='line_1_3' title="bbox 3535 361 3659 415; baseline -0.016 0"><span class='ocrx_word' id='word_1_5' title='bbox 3535 361 3659 415; x_wconf 67' lang='grc' dir='ltr'><strong>εει</strong></span> 
     </span>
    </p>
   </div>
   <div class='ocr_carea' id='block_1_4' title="bbox 360 468 1951 561">
    <p class='ocr_par' dir='ltr' id='par_1_4' title="bbox 360 468 1938 531">
     <span class='ocr_line' id='line_1_4' title="bbox 360 468 1938 531; baseline 0.003 -9"><span class='ocrx_word' id='word_1_6' title='bbox 360 471 511 531; x_wconf 79' lang='lat' dir='ltr'><strong>dium</strong></span> <span class='ocrx_word' id='word_1_7' title='bbox 535 468 725 531; x_wconf 81' lang='lat' dir='ltr'><strong>circuli</strong></span> <span class='ocrx_word' id='word_1_8' title='bbox 751 478 999 527; x_wconf 97' lang='lat' dir='ltr'><strong>centrum</strong></span> <span class='ocrx_word' id='word_1_9' title='bbox 1024 483 1215 526; x_wconf 88' lang='lat' dir='ltr'><strong>omnes</strong></span> <span class='ocrx_word' id='word_1_10' title='bbox 1235 486 1265 525; x_wconf 91' lang='lat' dir='ltr'><strong>a</strong></span> <span class='ocrx_word' id='word_1_11' title='bbox 1289 469 1735 529; x_wconf 81' lang='lat' dir='ltr'><strong>circumferentia</strong></span> <span class='ocrx_word' id='word_1_12' title='bbox 1763 472 1938 529; x_wconf 81' lang='lat' dir='ltr'><strong>lineas</strong></span> 
     </span>
    </p>
   </div>
   <div class='ocr_carea' id='block_1_5' title="bbox 2126 468 3659 561">
    <p class='ocr_par' dir='ltr' id='par_1_5' title="bbox 2126 473 3659 552">
     <span class='ocr_line' id='line_1_5' title="bbox 2126 473 3659 552; baseline 0.003 -25"><span class='ocrx_word' id='word_1_13' title='bbox 2126 491 2137 527; x_wconf 91' lang='lat' dir='ltr'><strong>t</strong></span> <span class='ocrx_word' id='word_1_14' title='bbox 2164 473 2368 545; x_wconf 78' lang='grc' dir='ltr'>ὁμοίως</span> <span class='ocrx_word' id='word_1_15' title='bbox 2389 492 2401 504; x_wconf 90' lang='grc'><strong>·</strong></span> <span class='ocrx_word' id='word_1_16' title='bbox 2429 475 2633 547; x_wconf 78' lang='grc' dir='ltr'>ἀμερὲς</span> <span class='ocrx_word' id='word_1_17' title='bbox 2657 475 2764 549; x_wconf 79' lang='grc' dir='ltr'><strong>γάρ</strong></span> <span class='ocrx_word' id='word_1_18' title='bbox 2787 477 2903 530; x_wconf 73' lang='grc' dir='ltr'>ἐστι</span> <span class='ocrx_word' id='word_1_19' title='bbox 2928 475 2993 530; x_wconf 82' lang='grc' dir='ltr'>τὸ</span> <span class='ocrx_word' id='word_1_20' title='bbox 3032 479 3281 552; x_wconf 79' lang='grc' dir='ltr'>σημεῖον,</span> <span class='ocrx_word' id='word_1_21' title='bbox 3337 476 3492 531; x_wconf 77' lang='grc' dir='ltr'>ὥστε</span> <span class='ocrx_word' id='word_1_22' title='bbox 3527 479 3659 537; x_wconf 65' lang='grc' dir='ltr'>εἰς-ς</span> 
     </span>
    </p>
   </div>
   <div class='ocr_carea' id='block_1_6' title="bbox 361 559 1937 632">
    <p class='ocr_par' dir='ltr' id='par_1_6' title="bbox 361 559 1937 632">
     <span class='ocr_line' id='line_1_6' title="bbox 361 559 1937 632; baseline 0.003 -19"><span class='ocrx_word' id='word_1_23' title='bbox 361 569 547 616; x_wconf 85' lang='lat' dir='ltr'><strong>rectas</strong></span> <span class='ocrx_word' id='word_1_24' title='bbox 580 559 927 615; x_wconf 81' lang='lat' dir='ltr'><strong>uniformiter</strong></span> <span class='ocrx_word' id='word_1_25' title='bbox 952 569 1010 616; x_wconf 89' lang='lat' dir='ltr'><strong>et</strong></span> <span class='ocrx_word' id='word_1_26' title='bbox 1035 559 1269 630; x_wconf 85' lang='lat' dir='ltr'><strong>simplici</strong></span> <span class='ocrx_word' id='word_1_27' title='bbox 1306 559 1593 632; x_wconf 18' lang='lat' dir='ltr'><strong>similique,</strong></span> <span class='ocrx_word' id='word_1_28' title='bbox 1611 562 1772 617; x_wconf 89' lang='lat' dir='ltr'><strong>modo</strong></span> <span class='ocrx_word' id='word_1_29' title='bbox 1801 577 1937 618; x_wconf 87' lang='lat' dir='ltr'><strong>con-</strong></span> 
     </span>
    </p>
   </div>
   <div class='ocr_carea' id='block_1_7' title="bbox 359 651 1936 725">
    <p class='ocr_par' dir='ltr' id='par_1_7' title="bbox 359 651 1936 725">
     <span class='ocr_line' id='line_1_7' title="bbox 359 651 1936 725; baseline 0.001 -17"><span class='ocrx_word' id='word_1_30' title='bbox 359 654 528 717; x_wconf 89' lang='lat' dir='ltr'><strong>tinet;</strong></span> <span class='ocrx_word' id='word_1_31' title='bbox 554 662 811 722; x_wconf 90' lang='lat' dir='ltr'><strong>punctum</strong></span> <span class='ocrx_word' id='word_1_32' title='bbox 841 654 986 708; x_wconf 89' lang='lat' dir='ltr'><strong>enim</strong></span> <span class='ocrx_word' id='word_1_33' title='bbox 1014 661 1169 710; x_wconf 81' lang='lat' dir='ltr'><strong>caret</strong></span> <span class='ocrx_word' id='word_1_34' title='bbox 1204 651 1474 722; x_wconf 91' lang='lat' dir='ltr'><strong>partibus,</strong></span> <span class='ocrx_word' id='word_1_35' title='bbox 1508 654 1781 724; x_wconf 90' lang='lat' dir='ltr'><strong>quomodo</strong></span> <span class='ocrx_word' id='word_1_36' title='bbox 1806 668 1936 725; x_wconf 74' lang='lat' dir='ltr'><strong>ergo</strong></span> 
     </span>
    </p>
   </div>
   <div class='ocr_carea' id='block_1_8' title="bbox 358 745 1939 818">
    <p class='ocr_par' dir='ltr' id='par_1_8' title="bbox 358 745 1939 818">
     <span class='ocr_line' id='line_1_8' title="bbox 358 745 1939 818; baseline 0.001 -19"><span class='ocrx_word' id='word_1_37' title='bbox 358 747 521 801; x_wconf 86' lang='lat' dir='ltr'><strong>aliter</strong></span> <span class='ocrx_word' id='word_1_38' title='bbox 545 755 711 815; x_wconf 89' lang='lat' dir='ltr'><strong>atque</strong></span> <span class='ocrx_word' id='word_1_39' title='bbox 752 745 911 802; x_wconf 84' lang='lat' dir='ltr'><strong>aliter</strong></span> <span class='ocrx_word' id='word_1_40' title='bbox 943 746 1116 803; x_wconf 84' lang='lat' dir='ltr'><strong>lineas</strong></span> <span class='ocrx_word' id='word_1_41' title='bbox 1153 756 1335 803; x_wconf 86' lang='lat' dir='ltr'><strong>rectas</strong></span> <span class='ocrx_word' id='word_1_42' title='bbox 1367 745 1541 817; x_wconf 81' lang='lat' dir='ltr'><strong>possit</strong></span> <span class='ocrx_word' id='word_1_43' title='bbox 1579 749 1939 818; x_wconf 83' lang='lat' dir='ltr'><strong>comprehen-</strong></span> 
     </span>
    </p>
   </div>
   <div class='ocr_carea' id='block_1_9' title="bbox 358 839 1940 911">
    <p class='ocr_par' dir='ltr' id='par_1_9' title="bbox 358 839 1940 911">
     <span class='ocr_line' id='line_1_9' title="bbox 358 839 1940 911; baseline 0 -15"><span class='ocrx_word' id='word_1_44' title='bbox 358 840 529 897; x_wconf 75' lang='lat' dir='ltr'><strong>dere?</strong></span> <span class='ocrx_word' id='word_1_45' title='bbox 553 840 786 897; x_wconf 83' lang='lat' dir='ltr'><strong>Mirabili</strong></span> <span class='ocrx_word' id='word_1_46' title='bbox 819 850 1000 896; x_wconf 89' lang='lat' dir='ltr'><strong>autem</strong></span> <span class='ocrx_word' id='word_1_47' title='bbox 1040 842 1203 898; x_wconf 85' lang='lat' dir='ltr'><strong>modo</strong></span> <span class='ocrx_word' id='word_1_48' title='bbox 1254 840 1435 911; x_wconf 88' lang='lat' dir='ltr'><strong>posuit</strong></span> <span class='ocrx_word' id='word_1_49' title='bbox 1481 839 1791 911; x_wconf 82' lang='lat' dir='ltr'><strong>exemplum</strong></span> <span class='ocrx_word' id='word_1_50' title='bbox 1834 841 1940 897; x_wconf 90' lang='lat' dir='ltr'><strong>hoc</strong></span> 
     </span>
    </p>
   </div>
   <div class='ocr_carea' id='block_1_10' title="bbox 359 933 1936 1004">
    <p class='ocr_par' dir='ltr' id='par_1_10' title="bbox 359 933 1936 1004">
     <span class='ocr_line' id='line_1_10' title="bbox 359 933 1936 1004; baseline -0.001 -14"><span class='ocrx_word' id='word_1_51' title='bbox 359 936 428 990; x_wconf 89' lang='lat' dir='ltr'><strong>de</strong></span> <span class='ocrx_word' id='word_1_52' title='bbox 474 934 706 1002; x_wconf 88' lang='lat' dir='ltr'><strong>circulo,</strong></span> <span class='ocrx_word' id='word_1_53' title='bbox 739 944 797 990; x_wconf 92' lang='lat' dir='ltr'><strong>ut</strong></span> <span class='ocrx_word' id='word_1_54' title='bbox 842 934 1123 1000; x_wconf 83' lang='lat' dir='ltr'><strong>ostendat,</strong></span> <span class='ocrx_word' id='word_1_55' title='bbox 1170 935 1444 1004; x_wconf 90' lang='lat' dir='ltr'><strong>quomodo</strong></span> <span class='ocrx_word' id='word_1_56' title='bbox 1480 933 1828 990; x_wconf 77' lang='lat' dir='ltr'><strong>uniformiter</strong></span> <span class='ocrx_word' id='word_1_57' title='bbox 1884 936 1936 989; x_wconf 87' lang='lat' dir='ltr'><strong>in</strong></span> 
     </span>
    </p>
   </div>
   <div class='ocr_carea' id='block_1_11' title="bbox 360 1026 1940 1097">
    <p class='ocr_par' dir='ltr' id='par_1_11' title="bbox 360 1026 1940 1097">
     <span class='ocr_line' id='line_1_11' title="bbox 360 1026 1940 1097; baseline -0.001 -14"><span class='ocrx_word' id='word_1_58' title='bbox 360 1028 472 1084; x_wconf 82' lang='lat' dir='ltr'><strong>Deo</strong></span> <span class='ocrx_word' id='word_1_59' title='bbox 520 1028 768 1084; x_wconf 88' lang='lat' dir='ltr'><strong>universa</strong></span> <span class='ocrx_word' id='word_1_60' title='bbox 825 1029 1107 1096; x_wconf 86' lang='lat' dir='ltr'><strong>uniantur,</strong></span> <span class='ocrx_word' id='word_1_61' title='bbox 1146 1036 1202 1082; x_wconf 91' lang='lat' dir='ltr'><strong>et</strong></span> <span class='ocrx_word' id='word_1_62' title='bbox 1232 1028 1501 1097; x_wconf 74' lang='lat' dir='ltr'><strong>Quomodo</strong></span> <span class='ocrx_word' id='word_1_63' title='bbox 1557 1041 1678 1097; x_wconf 62' lang='lat' dir='ltr'><strong>qua!</strong></span> <span class='ocrx_word' id='word_1_64' title='bbox 1731 1026 1940 1083; x_wconf 77' lang='lat' dir='ltr'><strong>distant</strong></span> 
     </span>
    </p>
   </div>
   <div class='ocr_carea' id='block_1_12' title="bbox 363 1122 1936 1192">
    <p class='ocr_par' dir='ltr' id='par_1_12' title="bbox 363 1122 1936 1192">
     <span class='ocr_line' id='line_1_12' title="bbox 363 1122 1936 1192; baseline -0.001 -16"><span class='ocrx_word' id='word_1_65' title='bbox 363 1123 791 1192; x_wconf 80' lang='lat' dir='ltr'><strong>distinguantur,</strong></span> <span class='ocrx_word' id='word_1_66' title='bbox 822 1131 879 1177; x_wconf 90' lang='lat' dir='ltr'><strong>et</strong></span> <span class='ocrx_word' id='word_1_67' title='bbox 937 1122 993 1177; x_wconf 91' lang='lat' dir='ltr'><strong>in</strong></span> <span class='ocrx_word' id='word_1_68' title='bbox 1042 1131 1304 1191; x_wconf 86' lang='lat' dir='ltr'><strong>quantum</strong></span> <span class='ocrx_word' id='word_1_69' title='bbox 1361 1123 1581 1184; x_wconf 83' lang='lat' dir='ltr'><strong>distant,</strong></span> <span class='ocrx_word' id='word_1_70' title='bbox 1619 1122 1674 1175; x_wconf 88' lang='lat' dir='ltr'><strong>in</strong></span> <span class='ocrx_word' id='word_1_71' title='bbox 1725 1130 1936 1176; x_wconf 84' lang='lat' dir='ltr'><strong>tantum</strong></span> 
     </span>
    </p>
   </div>
   <div class='ocr_carea' id='block_1_13' title="bbox 359 1213 1940 1281">
    <p class='ocr_par' dir='ltr' id='par_1_13' title="bbox 359 1213 1940 1281">
     <span class='ocr_line' id='line_1_13' title="bbox 359 1213 1940 1281; baseline -0.001 -13"><span class='ocrx_word' id='word_1_72' title='bbox 359 1214 526 1268; x_wconf 91' lang='lat' dir='ltr'><strong>etiam</strong></span> <span class='ocrx_word' id='word_1_73' title='bbox 559 1213 911 1281; x_wconf 85' lang='lat' dir='ltr'><strong>dissipentur.</strong></span> <span class='ocrx_word' id='word_1_74' title='bbox 937 1213 1019 1267; x_wconf 86' lang='lat' dir='ltr'><strong>Ad</strong></span> <span class='ocrx_word' id='word_1_75' title='bbox 1051 1214 1188 1279; x_wconf 72' lang='lat' dir='ltr'><strong>haec,</strong></span> <span class='ocrx_word' id='word_1_76' title='bbox 1225 1213 1392 1267; x_wconf 91' lang='lat' dir='ltr'><strong>etiam</strong></span> <span class='ocrx_word' id='word_1_77' title='bbox 1434 1214 1488 1267; x_wconf 90' lang='lat' dir='ltr'><strong>in</strong></span> <span class='ocrx_word' id='word_1_78' title='bbox 1539 1223 1755 1277; x_wconf 86' lang='lat' dir='ltr'><strong>natura,</strong></span> <span class='ocrx_word' id='word_1_79' title='bbox 1786 1227 1940 1268; x_wconf 86' lang='lat' dir='ltr'><strong>crea-</strong></span> 
     </span>
    </p>
   </div>
   <div class='ocr_carea' id='block_1_14' title="bbox 361 1306 1942 1376">
    <p class='ocr_par' dir='ltr' id='par_1_14' title="bbox 361 1306 1942 1376">
     <span class='ocr_line' id='line_1_14' title="bbox 361 1306 1942 1376; baseline 0.001 -18"><span class='ocrx_word' id='word_1_80' title='bbox 361 1306 497 1360; x_wconf 89' lang='lat' dir='ltr'><strong>trice</strong></span> <span class='ocrx_word' id='word_1_81' title='bbox 519 1306 928 1374; x_wconf 89' lang='lat' dir='ltr'><strong>universorum,</strong></span> <span class='ocrx_word' id='word_1_82' title='bbox 956 1320 1147 1360; x_wconf 86' lang='lat' dir='ltr'><strong>omnes</strong></span> <span class='ocrx_word' id='word_1_83' title='bbox 1176 1306 1554 1376; x_wconf 80' lang='lat' dir='ltr'><strong>cujuscunque</strong></span> <span class='ocrx_word' id='word_1_84' title='bbox 1603 1316 1813 1359; x_wconf 78' lang='lat' dir='ltr'><strong>natura:</strong></span> <span class='ocrx_word' id='word_1_85' title='bbox 1853 1321 1942 1360; x_wconf 81' lang='lat' dir='ltr'><strong>ra-</strong></span> 
     </span>
    </p>
   </div>
   <div class='ocr_carea' id='block_1_15' title="bbox 362 1398 1938 1468">
    <p class='ocr_par' dir='ltr' id='par_1_15' title="bbox 362 1398 1938 1468">
     <span class='ocr_line' id='line_1_15' title="bbox 362 1398 1938 1468; baseline 0.001 -16"><span class='ocrx_word' id='word_1_86' title='bbox 362 1402 538 1454; x_wconf 86' lang='lat' dir='ltr'><strong>tiones</strong></span> <span class='ocrx_word' id='word_1_87' title='bbox 587 1398 792 1468; x_wconf 81' lang='lat' dir='ltr'><strong>absque</strong></span> <span class='ocrx_word' id='word_1_88' title='bbox 842 1398 1165 1453; x_wconf 80' lang='lat' dir='ltr'><strong>confusione</strong></span> <span class='ocrx_word' id='word_1_89' title='bbox 1209 1398 1451 1454; x_wconf 66' lang='lat' dir='ltr'><strong>collecta:</strong></span> <span class='ocrx_word' id='word_1_90' title='bbox 1508 1407 1656 1464; x_wconf 88' lang='lat' dir='ltr'><strong>sunt,</strong></span> <span class='ocrx_word' id='word_1_91' title='bbox 1691 1399 1833 1454; x_wconf 89' lang='lat' dir='ltr'><strong>sicut</strong></span> <span class='ocrx_word' id='word_1_92' title='bbox 1882 1400 1938 1453; x_wconf 91' lang='lat' dir='ltr'><strong>in</strong></span> 
     </span>
    </p>
   </div>
   <div class='ocr_carea' id='block_1_16' title="bbox 360 1488 1944 1559">
    <p class='ocr_par' dir='ltr' id='par_1_16' title="bbox 360 1488 1944 1559">
     <span class='ocr_line' id='line_1_16' title="bbox 360 1488 1944 1559; baseline 0.004 -17"><span class='ocrx_word' id='word_1_93' title='bbox 360 1493 543 1544; x_wconf 89' lang='lat' dir='ltr'><strong>anima</strong></span> <span class='ocrx_word' id='word_1_94' title='bbox 572 1488 921 1544; x_wconf 81' lang='lat' dir='ltr'><strong>uniformiter</strong></span> <span class='ocrx_word' id='word_1_95' title='bbox 960 1488 1227 1559; x_wconf 67' lang='lat' dir='ltr'><strong>cOpulataa</strong></span> <span class='ocrx_word' id='word_1_96' title='bbox 1270 1500 1398 1545; x_wconf 87' lang='lat' dir='ltr'><strong>sunt</strong></span> <span class='ocrx_word' id='word_1_97' title='bbox 1428 1491 1668 1559; x_wconf 80' lang='lat' dir='ltr'><strong>providae</strong></span> <span class='ocrx_word' id='word_1_98' title='bbox 1707 1492 1944 1549; x_wconf 76' lang='lat' dir='ltr'><strong>virtutes</strong></span> 
     </span>
    </p>
   </div>
   <div class='ocr_carea' id='block_1_17' title="bbox 359 1580 1944 1654">
    <p class='ocr_par' dir='ltr' id='par_1_17' title="bbox 359 1580 1944 1654">
     <span class='ocr_line' id='line_1_17' title="bbox 359 1580 1944 1654; baseline 0.003 -20"><span class='ocrx_word' id='word_1_99' title='bbox 359 1580 501 1648; x_wconf 87' lang='lat' dir='ltr'><strong>ejus,</strong></span> <span class='ocrx_word' id='word_1_100' title='bbox 533 1580 789 1636; x_wconf 79' lang='lat' dir='ltr'><strong>videlicet</strong></span> <span class='ocrx_word' id='word_1_101' title='bbox 814 1581 1074 1636; x_wconf 90' lang='lat' dir='ltr'><strong>nutritiva</strong></span> <span class='ocrx_word' id='word_1_102' title='bbox 1106 1596 1212 1650; x_wconf 86' lang='lat' dir='ltr'><strong>qua</strong></span> <span class='ocrx_word' id='word_1_103' title='bbox 1247 1584 1441 1648; x_wconf 88' lang='lat' dir='ltr'><strong>nutrit,</strong></span> <span class='ocrx_word' id='word_1_104' title='bbox 1469 1583 1686 1638; x_wconf 78' lang='lat' dir='ltr'><strong>auctrix</strong></span> <span class='ocrx_word' id='word_1_105' title='bbox 1715 1597 1819 1654; x_wconf 86' lang='lat' dir='ltr'><strong>qua</strong></span> <span class='ocrx_word' id='word_1_106' title='bbox 1845 1600 1944 1638; x_wconf 88' lang='lat' dir='ltr'><strong>au-</strong></span> 
     </span>
    </p>
   </div>
   <div class='ocr_carea' id='block_1_18' title="bbox 362 1674 1940 1747">
    <p class='ocr_par' dir='ltr' id='par_1_18' title="bbox 362 1674 1940 1747">
     <span class='ocr_line' id='line_1_18' title="bbox 362 1674 1940 1747; baseline 0.001 -19"><span class='ocrx_word' id='word_1_107' title='bbox 362 1682 453 1745; x_wconf 81' lang='lat' dir='ltr'><strong>get</strong></span> <span class='ocrx_word' id='word_1_108' title='bbox 483 1674 535 1728; x_wconf 88' lang='lat' dir='ltr'><strong>id</strong></span> <span class='ocrx_word' id='word_1_109' title='bbox 571 1674 715 1743; x_wconf 90' lang='lat' dir='ltr'><strong>quod</strong></span> <span class='ocrx_word' id='word_1_110' title='bbox 760 1685 946 1744; x_wconf 87' lang='lat' dir='ltr'><strong>aptum</strong></span> <span class='ocrx_word' id='word_1_111' title='bbox 983 1683 1066 1729; x_wconf 89' lang='lat' dir='ltr'><strong>est</strong></span> <span class='ocrx_word' id='word_1_112' title='bbox 1108 1676 1479 1744; x_wconf 83' lang='lat' dir='ltr'><strong>generatioui,</strong></span> <span class='ocrx_word' id='word_1_113' title='bbox 1531 1678 1789 1733; x_wconf 84' lang='lat' dir='ltr'><strong>sensitiva</strong></span> <span class='ocrx_word' id='word_1_114' title='bbox 1834 1693 1940 1747; x_wconf 86' lang='lat' dir='ltr'><strong>qua</strong></span> 
     </span>
    </p>
   </div>
   <div class='ocr_carea' id='block_1_19' title="bbox 361 1748 1944 1836">
    <p class='ocr_par' dir='ltr' id='par_1_19' title="bbox 361 1748 1944 1836">
     <span class='ocr_line' id='line_1_19' title="bbox 361 1748 1944 1836; baseline 0 -16"><span class='ocrx_word' id='word_1_115' title='bbox 361 1774 559 1836; x_wconf 77' lang='lat' dir='ltr'><strong>pneest</strong></span> <span class='ocrx_word' id='word_1_116' title='bbox 610 1765 880 1827; x_wconf 90' lang='lat' dir='ltr'><strong>sensibus,</strong></span> <span class='ocrx_word' id='word_1_117' title='bbox 918 1766 1199 1835; x_wconf 86' lang='lat' dir='ltr'><strong>opinativa</strong></span> <span class='ocrx_word' id='word_1_118' title='bbox 1251 1781 1357 1835; x_wconf 88' lang='lat' dir='ltr'><strong>qua</strong></span> <span class='ocrx_word' id='word_1_119' title='bbox 1414 1748 1678 1822; x_wconf 86' lang='lat' dir='ltr'><strong>discernit</strong></span> <span class='ocrx_word' id='word_1_120' title='bbox 1715 1782 1777 1823; x_wconf 86' lang='lat' dir='ltr'><strong>ea</strong></span> <span class='ocrx_word' id='word_1_121' title='bbox 1821 1782 1944 1836; x_wconf 63' lang='lat' dir='ltr'><strong>quae</strong></span> 
     </span>
    </p>
   </div>
   <div class='ocr_carea' id='block_1_20' title="bbox 2040 565 3663 642">
    <p class='ocr_par' dir='ltr' id='par_1_20' title="bbox 2040 565 3663 642">
     <span class='ocr_line' id='line_1_20' title="bbox 2040 565 3663 642; baseline 0.002 -21"><span class='ocrx_word' id='word_1_122' title='bbox 2040 565 2216 632; x_wconf 74' lang='grc' dir='ltr'>ἄλλως</span> <span class='ocrx_word' id='word_1_123' title='bbox 2238 569 2333 622; x_wconf 80' lang='grc' dir='ltr'>καὶ</span> <span class='ocrx_word' id='word_1_124' title='bbox 2361 566 2537 632; x_wconf 79' lang='grc' dir='ltr'>ἄλλως</span> <span class='ocrx_word' id='word_1_125' title='bbox 2562 568 2663 633; x_wconf 76' lang='grc' dir='ltr'>τὰς</span> <span class='ocrx_word' id='word_1_126' title='bbox 2696 568 2912 634; x_wconf 77' lang='grc' dir='ltr'><strong>εὐθείας</strong></span> <span class='ocrx_word' id='word_1_127' title='bbox 2959 569 3324 642; x_wconf 76' lang='grc' dir='ltr'>περιλήψεται</span> <span class='ocrx_word' id='word_1_128' title='bbox 3349 586 3369 636; x_wconf 87' lang='grc'><strong>;</strong></span> <span class='ocrx_word' id='word_1_129' title='bbox 3420 570 3663 639; x_wconf 51' lang='lat' dir='ltr'><strong>Gavisa.</strong></span> 
     </span>
    </p>
   </div>
   <div class='ocr_carea' id='block_1_21' title="bbox 2040 660 3665 738">
    <p class='ocr_par' dir='ltr' id='par_1_21' title="bbox 2040 660 3665 738">
     <span class='ocr_line' id='line_1_21' title="bbox 2040 660 3665 738; baseline 0.007 -26"><span class='ocrx_word' id='word_1_130' title='bbox 2040 660 2170 725; x_wconf 88' lang='grc' dir='ltr'>σίως</span> <span class='ocrx_word' id='word_1_131' title='bbox 2195 661 2254 715; x_wconf 73' lang='grc' dir='ltr'>δὲ</span> <span class='ocrx_word' id='word_1_132' title='bbox 2279 661 2491 716; x_wconf 81' lang='grc' dir='ltr'><strong>τέθεικε</strong></span> <span class='ocrx_word' id='word_1_133' title='bbox 2516 662 2579 716; x_wconf 84' lang='grc' dir='ltr'>τὸ</span> <span class='ocrx_word' id='word_1_134' title='bbox 2609 663 2739 734; x_wconf 84' lang='grc' dir='ltr'>περὶ</span> <span class='ocrx_word' id='word_1_135' title='bbox 2756 663 2856 717; x_wconf 81' lang='grc' dir='ltr'>τοῦ</span> <span class='ocrx_word' id='word_1_136' title='bbox 2882 664 3083 719; x_wconf 80' lang='grc' dir='ltr'>κύκλου</span> <span class='ocrx_word' id='word_1_137' title='bbox 3112 666 3504 738; x_wconf 70' lang='grc' dir='ltr'>παράδειγμα,</span> <span class='ocrx_word' id='word_1_138' title='bbox 3530 664 3665 724; x_wconf 63' lang='grc' dir='ltr'><strong>πῶς</strong></span> 
     </span>
    </p>
   </div>
   <div class='ocr_carea' id='block_1_22' title="bbox 2040 751 3663 826">
    <p class='ocr_par' dir='ltr' id='par_1_22' title="bbox 2040 751 3663 826">
     <span class='ocr_line' id='line_1_22' title="bbox 2040 751 3663 826; baseline 0.003 -22"><span class='ocrx_word' id='word_1_139' title='bbox 2040 751 2284 805; x_wconf 71' lang='grc' dir='ltr'>ἑνοῦνται</span> <span class='ocrx_word' id='word_1_140' title='bbox 2318 754 2378 807; x_wconf 77' lang='grc' dir='ltr'>ὲν</span> <span class='ocrx_word' id='word_1_141' title='bbox 2397 754 2477 826; x_wconf 84' lang='grc' dir='ltr'><strong>τῷ</strong></span> <span class='ocrx_word' id='word_1_142' title='bbox 2505 752 2624 826; x_wconf 86' lang='grc' dir='ltr'><strong>Θεῷ</strong></span> <span class='ocrx_word' id='word_1_143' title='bbox 2650 754 2866 821; x_wconf 79' lang='grc' dir='ltr'>ἐνιαίως</span> <span class='ocrx_word' id='word_1_144' title='bbox 2898 756 2969 810; x_wconf 78' lang='grc' dir='ltr'>τὰ</span> <span class='ocrx_word' id='word_1_145' title='bbox 2998 758 3195 822; x_wconf 79' lang='grc' dir='ltr'>πάντα,</span> <span class='ocrx_word' id='word_1_146' title='bbox 3226 756 3330 812; x_wconf 73' lang='grc' dir='ltr'>καὶ</span> <span class='ocrx_word' id='word_1_147' title='bbox 3380 757 3511 822; x_wconf 80' lang='grc' dir='ltr'>πῶς</span> <span class='ocrx_word' id='word_1_148' title='bbox 3534 758 3663 809; x_wconf 72' lang='grc' dir='ltr'>διει-</span> 
     </span>
    </p>
   </div>
   <div class='ocr_carea' id='block_1_23' title="bbox 2040 845 3667 922">
    <p class='ocr_par' dir='ltr' id='par_1_23' title="bbox 2040 845 3667 922">
     <span class='ocr_line' id='line_1_23' title="bbox 2040 845 3667 922; baseline 0.002 -23"><span class='ocrx_word' id='word_1_149' title='bbox 2040 845 2317 918; x_wconf 89' lang='grc' dir='ltr'>κρίνονται</span> <span class='ocrx_word' id='word_1_150' title='bbox 2338 847 2705 921; x_wconf 82' lang='grc' dir='ltr'><strong>ἀφιστάμενα,</strong></span> <span class='ocrx_word' id='word_1_151' title='bbox 2730 850 2826 904; x_wconf 76' lang='grc' dir='ltr'>καὶ</span> <span class='ocrx_word' id='word_1_152' title='bbox 2851 848 2974 904; x_wconf 78' lang='grc' dir='ltr'>καθ’</span> <span class='ocrx_word' id='word_1_153' title='bbox 2997 852 3122 905; x_wconf 72' lang='grc' dir='ltr'>ὅσον</span> <span class='ocrx_word' id='word_1_154' title='bbox 3156 851 3535 922; x_wconf 77' lang='grc' dir='ltr'>ἀφίστανται,</span> <span class='ocrx_word' id='word_1_155' title='bbox 3557 853 3667 903; x_wconf 75' lang='lat' dir='ltr'><strong>u‘:</strong></span> 
     </span>
    </p>
   </div>
   <div class='ocr_carea' id='block_1_24' title="bbox 2038 936 3667 1014">
    <p class='ocr_par' dir='ltr' id='par_1_24' title="bbox 2038 936 3667 1014">
     <span class='ocr_line' id='line_1_24' title="bbox 2038 936 3667 1014; baseline 0.004 -25"><span class='ocrx_word' id='word_1_156' title='bbox 2038 936 2133 990; x_wconf 77' lang='grc' dir='ltr'>τὸν</span> <span class='ocrx_word' id='word_1_157' title='bbox 2187 936 2494 1010; x_wconf 83' lang='grc' dir='ltr'><strong>σκεδασμὸν</strong></span> <span class='ocrx_word' id='word_1_158' title='bbox 2541 938 2908 1011; x_wconf 77' lang='grc' dir='ltr'>λαμϐάνοντα.</span> <span class='ocrx_word' id='word_1_159' title='bbox 2982 942 3103 995; x_wconf 81' lang='grc' dir='ltr'>Ἔτι</span> <span class='ocrx_word' id='word_1_160' title='bbox 3168 943 3265 997; x_wconf 76' lang='grc' dir='ltr'>καὶ</span> <span class='ocrx_word' id='word_1_161' title='bbox 3307 945 3378 997; x_wconf 79' lang='grc' dir='ltr'>ὲν</span> <span class='ocrx_word' id='word_1_162' title='bbox 3426 945 3501 1014; x_wconf 74' lang='grc' dir='ltr'><strong>τῇ</strong></span> <span class='ocrx_word' id='word_1_163' title='bbox 3560 943 3667 1012; x_wconf 63' lang='grc' dir='ltr'>δη-</span> 
     </span>
    </p>
   </div>
   <div class='ocr_carea' id='block_1_25' title="bbox 2045 1032 3669 1107">
    <p class='ocr_par' dir='ltr' id='par_1_25' title="bbox 2045 1032 3669 1107">
     <span class='ocr_line' id='line_1_25' title="bbox 2045 1032 3669 1107; baseline 0.004 -23"><span class='ocrx_word' id='word_1_164' title='bbox 2045 1034 2336 1105; x_wconf 82' lang='grc' dir='ltr'>μιουργικῇ</span> <span class='ocrx_word' id='word_1_165' title='bbox 2392 1032 2499 1085; x_wconf 83' lang='grc' dir='ltr'>τῶν</span> <span class='ocrx_word' id='word_1_166' title='bbox 2547 1033 2687 1087; x_wconf 83' lang='grc' dir='ltr'>ὅλων</span> <span class='ocrx_word' id='word_1_167' title='bbox 2743 1033 2922 1103; x_wconf 79' lang='grc' dir='ltr'>φύσει,</span> <span class='ocrx_word' id='word_1_168' title='bbox 2969 1036 3168 1102; x_wconf 83' lang='grc' dir='ltr'>πάντες</span> <span class='ocrx_word' id='word_1_169' title='bbox 3230 1037 3282 1089; x_wconf 91' lang='grc' dir='ltr'><strong>οἰ</strong></span> <span class='ocrx_word' id='word_1_170' title='bbox 3336 1036 3453 1107; x_wconf 80' lang='grc' dir='ltr'>τῆς</span> <span class='ocrx_word' id='word_1_171' title='bbox 3531 1037 3669 1088; x_wconf 60' lang='grc' dir='ltr'><strong>παῦ’</strong></span> 
     </span>
    </p>
   </div>
   <div class='ocr_carea' id='block_1_26' title="bbox 2042 1123 3675 1198">
    <p class='ocr_par' dir='ltr' id='par_1_26' title="bbox 2042 1123 3675 1198">
     <span class='ocr_line' id='line_1_26' title="bbox 2042 1123 3675 1198; baseline 0 -21"><span class='ocrx_word' id='word_1_172' title='bbox 2042 1125 2271 1179; x_wconf 65' lang='grc' dir='ltr'>ἕκαστον</span> <span class='ocrx_word' id='word_1_173' title='bbox 2306 1123 2520 1195; x_wconf 77' lang='grc' dir='ltr'>φύσεως</span> <span class='ocrx_word' id='word_1_174' title='bbox 2561 1124 2710 1194; x_wconf 83' lang='grc' dir='ltr'>λόγοι</span> <span class='ocrx_word' id='word_1_175' title='bbox 2762 1125 3177 1198; x_wconf 79' lang='grc' dir='ltr'><strong>συνειλημμένοι</strong></span> <span class='ocrx_word' id='word_1_176' title='bbox 3225 1128 3374 1181; x_wconf 66' lang='grc' dir='ltr'>εἰσιν</span> <span class='ocrx_word' id='word_1_177' title='bbox 3402 1126 3675 1196; x_wconf 58' lang='lat' dir='ltr'><strong>acerri—</strong></span> 
     </span>
    </p>
   </div>
   <div class='ocr_carea' id='block_1_27' title="bbox 2040 1217 3673 1292">
    <p class='ocr_par' dir='ltr' id='par_1_27' title="bbox 2040 1217 3673 1292">
     <span class='ocr_line' id='line_1_27' title="bbox 2040 1217 3673 1292; baseline 0.002 -22"><span class='ocrx_word' id='word_1_178' title='bbox 2040 1236 2170 1283; x_wconf 83' lang='grc' dir='ltr'>τως,</span> <span class='ocrx_word' id='word_1_179' title='bbox 2221 1217 2413 1291; x_wconf 80' lang='grc' dir='ltr'>ὥσπερ</span> <span class='ocrx_word' id='word_1_180' title='bbox 2464 1219 2560 1272; x_wconf 76' lang='grc' dir='ltr'>καὶ</span> <span class='ocrx_word' id='word_1_181' title='bbox 2601 1221 2660 1273; x_wconf 82' lang='grc' dir='ltr'>ὲν</span> <span class='ocrx_word' id='word_1_182' title='bbox 2711 1222 2778 1292; x_wconf 76' lang='grc' dir='ltr'>τῇ</span> <span class='ocrx_word' id='word_1_183' title='bbox 2826 1221 2972 1292; x_wconf 75' lang='grc' dir='ltr'>ψυχῇ</span> <span class='ocrx_word' id='word_1_184' title='bbox 3038 1220 3330 1292; x_wconf 82' lang='grc' dir='ltr'>μονοειδῶς</span> <span class='ocrx_word' id='word_1_185' title='bbox 3389 1223 3453 1275; x_wconf 81' lang='grc' dir='ltr'>αἱ</span> <span class='ocrx_word' id='word_1_186' title='bbox 3528 1239 3673 1292; x_wconf 64' lang='grc' dir='ltr'>προ-</span> 
     </span>
    </p>
   </div>
   <div class='ocr_carea' id='block_1_28' title="bbox 2041 1310 3675 1386">
    <p class='ocr_par' dir='ltr' id='par_1_28' title="bbox 2041 1310 3675 1386">
     <span class='ocr_line' id='line_1_28' title="bbox 2041 1310 3675 1386; baseline 0.001 -23"><span class='ocrx_word' id='word_1_187' title='bbox 2041 1310 2289 1383; x_wconf 79' lang='grc' dir='ltr'>νοητικαὶ</span> <span class='ocrx_word' id='word_1_188' title='bbox 2326 1310 2585 1382; x_wconf 80' lang='grc' dir='ltr'>δυνάμεις</span> <span class='ocrx_word' id='word_1_189' title='bbox 2631 1313 2823 1383; x_wconf 83' lang='grc' dir='ltr'>αὐτῆς,</span> <span class='ocrx_word' id='word_1_190' title='bbox 2857 1315 2892 1386; x_wconf 78' lang='grc' dir='ltr'>ἡ</span> <span class='ocrx_word' id='word_1_191' title='bbox 2934 1312 3199 1385; x_wconf 84' lang='grc' dir='ltr'>θρεπτικὴ</span> <span class='ocrx_word' id='word_1_192' title='bbox 3220 1312 3488 1384; x_wconf 81' lang='grc' dir='ltr'>δηλονότι</span> <span class='ocrx_word' id='word_1_193' title='bbox 3536 1314 3675 1365; x_wconf 65' lang='grc' dir='ltr'>καθ’</span> 
     </span>
    </p>
   </div>
   <div class='ocr_carea' id='block_1_29' title="bbox 2042 1402 3671 1476">
    <p class='ocr_par' dir='ltr' id='par_1_29' title="bbox 2042 1402 3671 1476">
     <span class='ocr_line' id='line_1_29' title="bbox 2042 1402 3671 1476; baseline 0.001 -20"><span class='ocrx_word' id='word_1_194' title='bbox 2042 1403 2109 1475; x_wconf 78' lang='grc' dir='ltr'>ἧν</span> <span class='ocrx_word' id='word_1_195' title='bbox 2130 1402 2340 1474; x_wconf 79' lang='grc' dir='ltr'><strong>τρέφει,</strong></span> <span class='ocrx_word' id='word_1_196' title='bbox 2381 1405 2415 1474; x_wconf 84' lang='grc' dir='ltr'><strong>ἡ</strong></span> <span class='ocrx_word' id='word_1_197' title='bbox 2446 1403 2714 1476; x_wconf 77' lang='grc' dir='ltr'><strong>αὐξητικὴ</strong></span> <span class='ocrx_word' id='word_1_198' title='bbox 2743 1404 2865 1459; x_wconf 80' lang='grc' dir='ltr'>καθ’</span> <span class='ocrx_word' id='word_1_199' title='bbox 2893 1406 2960 1476; x_wconf 73' lang='grc' dir='ltr'>ἢν</span> <span class='ocrx_word' id='word_1_200' title='bbox 2984 1404 3135 1471; x_wconf 78' lang='grc' dir='ltr'>αὔξει</span> <span class='ocrx_word' id='word_1_201' title='bbox 3173 1406 3235 1459; x_wconf 86' lang='grc' dir='ltr'>τὸ</span> <span class='ocrx_word' id='word_1_202' title='bbox 3260 1405 3413 1476; x_wconf 77' lang='grc' dir='ltr'>πρὸς</span> <span class='ocrx_word' id='word_1_203' title='bbox 3437 1405 3507 1458; x_wconf 73' lang='grc' dir='ltr'><strong>τὸ</strong></span> <span class='ocrx_word' id='word_1_204' title='bbox 3532 1424 3671 1473; x_wconf 58' lang='grc' dir='ltr'><strong>γει)-</strong></span> 
     </span>
    </p>
   </div>
   <div class='ocr_carea' id='block_1_30' title="bbox 2044 1495 3675 1571">
    <p class='ocr_par' dir='ltr' id='par_1_30' title="bbox 2044 1495 3675 1571">
     <span class='ocr_line' id='line_1_30' title="bbox 2044 1495 3675 1571; baseline 0.002 -24"><span class='ocrx_word' id='word_1_205' title='bbox 2044 1496 2142 1565; x_wconf 77' lang='grc' dir='ltr'><strong>νᾷν</strong></span> <span class='ocrx_word' id='word_1_206' title='bbox 2174 1495 2498 1568; x_wconf 73' lang='grc' dir='ltr'>ἐπιτήδειον,</span> <span class='ocrx_word' id='word_1_207' title='bbox 2526 1498 2561 1568; x_wconf 83' lang='grc' dir='ltr'>ἡ</span> <span class='ocrx_word' id='word_1_208' title='bbox 2604 1496 2894 1569; x_wconf 82' lang='grc' dir='ltr'>αἰσθητικὴ</span> <span class='ocrx_word' id='word_1_209' title='bbox 2920 1498 3039 1551; x_wconf 85' lang='grc' dir='ltr'>καθ’</span> <span class='ocrx_word' id='word_1_210' title='bbox 3068 1499 3135 1571; x_wconf 78' lang='grc' dir='ltr'>ἦν</span> <span class='ocrx_word' id='word_1_211' title='bbox 3182 1498 3485 1551; x_wconf 72' lang='grc' dir='ltr'>ἐπιστατεί</span> <span class='ocrx_word' id='word_1_212' title='bbox 3540 1500 3675 1559; x_wconf 61' lang='lat' dir='ltr'><strong>cui;</strong></span> 
     </span>
    </p>
   </div>
   <div class='ocr_carea' id='block_1_31' title="bbox 2043 1586 3675 1663">
    <p class='ocr_par' dir='ltr' id='par_1_31' title="bbox 2043 1586 3675 1663">
     <span class='ocr_line' id='line_1_31' title="bbox 2043 1586 3675 1663; baseline 0.004 -23"><span class='ocrx_word' id='word_1_213' title='bbox 2043 1586 2383 1659; x_wconf 78' lang='grc' dir='ltr'>αἰσθήσεσιν,</span> <span class='ocrx_word' id='word_1_214' title='bbox 2412 1590 2445 1660; x_wconf 84' lang='grc' dir='ltr'>ἠ</span> <span class='ocrx_word' id='word_1_215' title='bbox 2475 1588 2764 1662; x_wconf 82' lang='grc' dir='ltr'>δοξαστικὴ</span> <span class='ocrx_word' id='word_1_216' title='bbox 2796 1591 2919 1645; x_wconf 85' lang='grc' dir='ltr'>καθ’</span> <span class='ocrx_word' id='word_1_217' title='bbox 2954 1592 3024 1663; x_wconf 79' lang='grc' dir='ltr'>ἢν</span> <span class='ocrx_word' id='word_1_218' title='bbox 3064 1590 3241 1663; x_wconf 88' lang='grc' dir='ltr'>κρίνει</span> <span class='ocrx_word' id='word_1_219' title='bbox 3276 1590 3350 1644; x_wconf 69' lang='grc' dir='ltr'>τὰ</span> <span class='ocrx_word' id='word_1_220' title='bbox 3385 1590 3675 1660; x_wconf 60' lang='grc' dir='ltr'>αἰσθητὰ.</span> 
     </span>
    </p>
   </div>
   <div class='ocr_carea' id='block_1_32' title="bbox 2047 1681 3675 1756">
    <p class='ocr_par' dir='ltr' id='par_1_32' title="bbox 2047 1681 3675 1756">
     <span class='ocr_line' id='line_1_32' title="bbox 2047 1681 3675 1756; baseline -0.002 -19"><span class='ocrx_word' id='word_1_221' title='bbox 2047 1684 2079 1753; x_wconf 80' lang='grc' dir='ltr'>ἡ</span> <span class='ocrx_word' id='word_1_222' title='bbox 2131 1681 2468 1755; x_wconf 82' lang='grc' dir='ltr'>φανταστικὴ</span> <span class='ocrx_word' id='word_1_223' title='bbox 2521 1683 2645 1738; x_wconf 76' lang='grc' dir='ltr'>καθ’</span> <span class='ocrx_word' id='word_1_224' title='bbox 2683 1685 2750 1755; x_wconf 77' lang='grc' dir='ltr'>ἢν</span> <span class='ocrx_word' id='word_1_225' title='bbox 2798 1684 2869 1739; x_wconf 81' lang='grc' dir='ltr'>τὰ</span> <span class='ocrx_word' id='word_1_226' title='bbox 2912 1684 3145 1756; x_wconf 82' lang='grc' dir='ltr'>αἰσθητὰ</span> <span class='ocrx_word' id='word_1_227' title='bbox 3203 1682 3591 1753; x_wconf 73' lang='grc' dir='ltr'>φαντάζεται,</span> <span class='ocrx_word' id='word_1_228' title='bbox 3634 1688 3675 1751; x_wconf 64' lang='grc' dir='ltr'><strong>ἠ</strong></span> 
     </span>
    </p>
   </div>
   <div class='ocr_carea' id='block_1_33' title="bbox 2046 1770 3673 1846">
    <p class='ocr_par' dir='ltr' id='par_1_33' title="bbox 2046 1770 3673 1846">
     <span class='ocr_line' id='line_1_33' title="bbox 2046 1770 3673 1846; baseline -0.014 -22"><span class='ocrx_word' id='word_1_229' title='bbox 2046 1770 2302 1843; x_wconf 81' lang='grc' dir='ltr'>ὀρεκτικὴ</span> <span class='ocrx_word' id='word_1_230' title='bbox 2328 1772 2452 1827; x_wconf 87' lang='grc' dir='ltr'>καθ’</span> <span class='ocrx_word' id='word_1_231' title='bbox 2490 1771 2559 1842; x_wconf 79' lang='grc' dir='ltr'>ὴν</span> <span class='ocrx_word' id='word_1_232' title='bbox 2587 1773 2862 1846; x_wconf 77' lang='grc' dir='ltr'><strong>ὀρέγεται,</strong></span> <span class='ocrx_word' id='word_1_233' title='bbox 2905 1774 3001 1827; x_wconf 73' lang='grc' dir='ltr'><strong>καὶ</strong></span> <span class='ocrx_word' id='word_1_234' title='bbox 3037 1773 3273 1846; x_wconf 74' lang='grc' dir='ltr'>καθεξῆς</span> <span class='ocrx_word' id='word_1_235' title='bbox 3325 1776 3391 1826; x_wconf 65' lang='grc' dir='ltr'>αἱ</span> <span class='ocrx_word' id='word_1_236' title='bbox 3430 1774 3633 1825; x_wconf 60' lang='grc' dir='ltr'>λοιπαί</span> <span class='ocrx_word' id='word_1_237' title='bbox 3656 1792 3673 1801; x_wconf 92' lang='grc'><strong>-</strong></span> 
     </span>
    </p>
   </div>
   <div class='ocr_carea' id='block_1_34' title="bbox 363 1853 1951 1938">
    <p class='ocr_par' dir='ltr' id='par_1_34' title="bbox 363 1858 1940 1929">
     <span class='ocr_line' id='line_1_34' title="bbox 363 1858 1940 1929; baseline -0.001 -16"><span class='ocrx_word' id='word_1_238' title='bbox 363 1860 694 1923; x_wconf 85' lang='lat' dir='ltr'><strong>sentiuntur,</strong></span> <span class='ocrx_word' id='word_1_239' title='bbox 738 1858 1090 1927; x_wconf 72' lang='lat' dir='ltr'><strong>itnaginativa</strong></span> <span class='ocrx_word' id='word_1_240' title='bbox 1145 1873 1252 1928; x_wconf 90' lang='lat' dir='ltr'><strong>qua</strong></span> <span class='ocrx_word' id='word_1_241' title='bbox 1275 1858 1554 1915; x_wconf 83' lang='lat' dir='ltr'><strong>sensibilia</strong></span> <span class='ocrx_word' id='word_1_242' title='bbox 1588 1860 1940 1929; x_wconf 76' lang='lat' dir='ltr'><strong>imaginatur,</strong></span> 
     </span>
    </p>
   </div>
   <div class='ocr_carea' id='block_1_35' title="bbox 2126 1853 3679 1938">
    <p class='ocr_par' dir='ltr' id='par_1_35' title="bbox 2126 1864 3679 1938">
     <span class='ocr_line' id='line_1_35' title="bbox 2126 1864 3679 1938; baseline 0 -21"><span class='ocrx_word' id='word_1_243' title='bbox 2126 1881 2188 1917; x_wconf 80' lang='grc' dir='ltr'>τω</span> <span class='ocrx_word' id='word_1_244' title='bbox 2217 1864 2310 1918; x_wconf 78' lang='grc' dir='ltr'><strong>καὶ</strong></span> <span class='ocrx_word' id='word_1_245' title='bbox 2336 1866 2386 1918; x_wconf 91' lang='grc' dir='ltr'><strong>οἰ</strong></span> <span class='ocrx_word' id='word_1_246' title='bbox 2410 1866 2793 1938; x_wconf 78' lang='grc' dir='ltr'>δημιουργικοὶ</span> <span class='ocrx_word' id='word_1_247' title='bbox 2820 1866 2969 1936; x_wconf 83' lang='grc' dir='ltr'>λόγοι</span> <span class='ocrx_word' id='word_1_248' title='bbox 2994 1868 3052 1919; x_wconf 85' lang='grc' dir='ltr'>ὲν</span> <span class='ocrx_word' id='word_1_249' title='bbox 3077 1864 3155 1937; x_wconf 83' lang='grc' dir='ltr'>τῷ</span> <span class='ocrx_word' id='word_1_250' title='bbox 3179 1865 3547 1937; x_wconf 80' lang='grc' dir='ltr'>δημιουργῷ,</span> <span class='ocrx_word' id='word_1_251' title='bbox 3574 1868 3679 1917; x_wconf 71' lang='grc' dir='ltr'>καὶ</span> 
     </span>
    </p>
   </div>
   <div class='ocr_carea' id='block_1_36' title="bbox 363 1951 1939 2021">
    <p class='ocr_par' dir='ltr' id='par_1_36' title="bbox 363 1951 1939 2021">
     <span class='ocr_line' id='line_1_36' title="bbox 363 1951 1939 2021; baseline 0.001 -17"><span class='ocrx_word' id='word_1_252' title='bbox 363 1951 657 2021; x_wconf 86' lang='lat' dir='ltr'><strong>appetitiva</strong></span> <span class='ocrx_word' id='word_1_253' title='bbox 687 1966 793 2021; x_wconf 89' lang='lat' dir='ltr'><strong>qua</strong></span> <span class='ocrx_word' id='word_1_254' title='bbox 827 1951 1053 2020; x_wconf 86' lang='lat' dir='ltr'><strong>appetit,</strong></span> <span class='ocrx_word' id='word_1_255' title='bbox 1082 1960 1138 2006; x_wconf 88' lang='lat' dir='ltr'><strong>et</strong></span> <span class='ocrx_word' id='word_1_256' title='bbox 1167 1952 1247 2007; x_wconf 90' lang='lat' dir='ltr'><strong>sic</strong></span> <span class='ocrx_word' id='word_1_257' title='bbox 1277 1952 1345 2005; x_wconf 91' lang='lat' dir='ltr'><strong>de</strong></span> <span class='ocrx_word' id='word_1_258' title='bbox 1373 1951 1588 2008; x_wconf 66' lang='lat' dir='ltr'><strong>caeteris</strong></span> <span class='ocrx_word' id='word_1_259' title='bbox 1612 1970 1626 2006; x_wconf 91' lang='lat'><strong>:</strong></span> <span class='ocrx_word' id='word_1_260' title='bbox 1650 1953 1732 2006; x_wconf 90' lang='lat' dir='ltr'><strong>sic</strong></span> <span class='ocrx_word' id='word_1_261' title='bbox 1776 1954 1939 2007; x_wconf 77' lang='lat' dir='ltr'><strong>etiam</strong></span> 
     </span>
    </p>
   </div>
   <div class='ocr_carea' id='block_1_37' title="bbox 364 2042 1945 2114">
    <p class='ocr_par' dir='ltr' id='par_1_37' title="bbox 364 2042 1945 2114">
     <span class='ocr_line' id='line_1_37' title="bbox 364 2042 1945 2114; baseline 0.001 -18"><span class='ocrx_word' id='word_1_262' title='bbox 364 2043 590 2096; x_wconf 88' lang='lat' dir='ltr'><strong>creandi</strong></span> <span class='ocrx_word' id='word_1_263' title='bbox 643 2047 887 2097; x_wconf 90' lang='lat' dir='ltr'><strong>rationes</strong></span> <span class='ocrx_word' id='word_1_264' title='bbox 949 2057 1140 2097; x_wconf 88' lang='lat' dir='ltr'><strong>omnes</strong></span> <span class='ocrx_word' id='word_1_265' title='bbox 1201 2042 1523 2114; x_wconf 86' lang='lat' dir='ltr'><strong>speciesque</strong></span> <span class='ocrx_word' id='word_1_266' title='bbox 1580 2044 1825 2099; x_wconf 88' lang='lat' dir='ltr'><strong>omnium</strong></span> <span class='ocrx_word' id='word_1_267' title='bbox 1890 2046 1945 2099; x_wconf 91' lang='lat' dir='ltr'><strong>in</strong></span> 
     </span>
    </p>
   </div>
   <div class='ocr_carea' id='block_1_38' title="bbox 364 2135 1945 2204">
    <p class='ocr_par' dir='ltr' id='par_1_38' title="bbox 364 2135 1945 2204">
     <span class='ocr_line' id='line_1_38' title="bbox 364 2135 1945 2204; baseline -0.001 -13"><span class='ocrx_word' id='word_1_268' title='bbox 364 2146 614 2191; x_wconf 82' lang='lat' dir='ltr'><strong>creatore</strong></span> <span class='ocrx_word' id='word_1_269' title='bbox 658 2144 809 2200; x_wconf 88' lang='lat' dir='ltr'><strong>sunt,</strong></span> <span class='ocrx_word' id='word_1_270' title='bbox 856 2143 1186 2204; x_wconf 84' lang='lat' dir='ltr'><strong>manentque</strong></span> <span class='ocrx_word' id='word_1_271' title='bbox 1220 2135 1535 2200; x_wconf 73' lang='lat' dir='ltr'><strong>iucontusae,</strong></span> <span class='ocrx_word' id='word_1_272' title='bbox 1570 2143 1945 2189; x_wconf 81' lang='lat' dir='ltr'><strong>verumtamen</strong></span> 
     </span>
    </p>
   </div>
   <div class='ocr_carea' id='block_1_39' title="bbox 370 2227 1945 2299">
    <p class='ocr_par' dir='ltr' id='par_1_39' title="bbox 370 2227 1945 2299">
     <span class='ocr_line' id='line_1_39' title="bbox 370 2227 1945 2299; baseline -0.002 -15"><span class='ocrx_word' id='word_1_273' title='bbox 370 2230 425 2285; x_wconf 90' lang='lat' dir='ltr'><strong>in</strong></span> <span class='ocrx_word' id='word_1_274' title='bbox 476 2230 593 2299; x_wconf 91' lang='lat' dir='ltr'><strong>ipso</strong></span> <span class='ocrx_word' id='word_1_275' title='bbox 632 2237 783 2293; x_wconf 88' lang='lat' dir='ltr'><strong>sunt,</strong></span> <span class='ocrx_word' id='word_1_276' title='bbox 843 2243 948 2282; x_wconf 85' lang='lat' dir='ltr'><strong>non</strong></span> <span class='ocrx_word' id='word_1_277' title='bbox 1008 2239 1263 2298; x_wconf 81' lang='lat' dir='ltr'><strong>tanquam</strong></span> <span class='ocrx_word' id='word_1_278' title='bbox 1311 2228 1366 2282; x_wconf 92' lang='lat' dir='ltr'><strong>in</strong></span> <span class='ocrx_word' id='word_1_279' title='bbox 1415 2229 1537 2283; x_wconf 84' lang='lat' dir='ltr'><strong>loco</strong></span> <span class='ocrx_word' id='word_1_280' title='bbox 1564 2228 1764 2299; x_wconf 83' lang='lat' dir='ltr'><strong>(neque</strong></span> <span class='ocrx_word' id='word_1_281' title='bbox 1799 2227 1945 2281; x_wconf 91' lang='lat' dir='ltr'><strong>enim</strong></span> 
     </span>
    </p>
   </div>
   <div class='ocr_carea' id='block_1_40' title="bbox 364 2321 1945 2395">
    <p class='ocr_par' dir='ltr' id='par_1_40' title="bbox 364 2321 1945 2395">
     <span class='ocr_line' id='line_1_40' title="bbox 364 2321 1945 2395; baseline -0.002 -15"><span class='ocrx_word' id='word_1_282' title='bbox 364 2326 481 2395; x_wconf 87' lang='lat' dir='ltr'><strong>ipse</strong></span> <span class='ocrx_word' id='word_1_283' title='bbox 506 2326 556 2378; x_wconf 94' lang='lat' dir='ltr'><strong>in</strong></span> <span class='ocrx_word' id='word_1_284' title='bbox 580 2324 703 2380; x_wconf 90' lang='lat' dir='ltr'><strong>loco</strong></span> <span class='ocrx_word' id='word_1_285' title='bbox 724 2333 827 2389; x_wconf 90' lang='lat' dir='ltr'><strong>est,</strong></span> <span class='ocrx_word' id='word_1_286' title='bbox 861 2338 960 2378; x_wconf 88' lang='lat' dir='ltr'><strong>nec</strong></span> <span class='ocrx_word' id='word_1_287' title='bbox 985 2338 1105 2392; x_wconf 86' lang='lat' dir='ltr'><strong>quae</strong></span> <span class='ocrx_word' id='word_1_288' title='bbox 1134 2323 1188 2376; x_wconf 89' lang='lat' dir='ltr'><strong>in</strong></span> <span class='ocrx_word' id='word_1_289' title='bbox 1213 2324 1380 2392; x_wconf 90' lang='lat' dir='ltr'><strong>ipso),</strong></span> <span class='ocrx_word' id='word_1_290' title='bbox 1407 2324 1500 2378; x_wconf 89' lang='lat' dir='ltr'><strong>sed</strong></span> <span class='ocrx_word' id='word_1_291' title='bbox 1532 2323 1698 2377; x_wconf 82' lang='lat' dir='ltr'><strong>habet</strong></span> <span class='ocrx_word' id='word_1_292' title='bbox 1727 2321 1817 2378; x_wconf 90' lang='lat' dir='ltr'><strong>illa</strong></span> <span class='ocrx_word' id='word_1_293' title='bbox 1836 2322 1945 2377; x_wconf 85' lang='lat' dir='ltr'><strong>sie-</strong></span> 
     </span>
    </p>
   </div>
   <div class='ocr_carea' id='block_1_41' title="bbox 365 2416 1948 2488">
    <p class='ocr_par' dir='ltr' id='par_1_41' title="bbox 365 2416 1948 2488">
     <span class='ocr_line' id='line_1_41' title="bbox 365 2416 1948 2488; baseline -0.002 -17"><span class='ocrx_word' id='word_1_294' title='bbox 365 2430 424 2474; x_wconf 91' lang='lat' dir='ltr'><strong>ut</strong></span> <span class='ocrx_word' id='word_1_295' title='bbox 452 2420 686 2488; x_wconf 86' lang='lat' dir='ltr'><strong>seipsum</strong></span> <span class='ocrx_word' id='word_1_296' title='bbox 714 2419 899 2483; x_wconf 85' lang='lat' dir='ltr'><strong>habet,</strong></span> <span class='ocrx_word' id='word_1_297' title='bbox 926 2416 1182 2472; x_wconf 86' lang='lat' dir='ltr'><strong>omnibus</strong></span> <span class='ocrx_word' id='word_1_298' title='bbox 1208 2416 1425 2481; x_wconf 89' lang='lat' dir='ltr'><strong>quidem</strong></span> <span class='ocrx_word' id='word_1_299' title='bbox 1467 2416 1626 2470; x_wconf 90' lang='lat' dir='ltr'><strong>simul</strong></span> <span class='ocrx_word' id='word_1_300' title='bbox 1672 2416 1948 2471; x_wconf 71' lang='lat' dir='ltr'><strong>exsistet:-</strong></span> 
     </span>
    </p>
   </div>
   <div class='ocr_carea' id='block_1_42' title="bbox 366 2510 1944 2581">
    <p class='ocr_par' dir='ltr' id='par_1_42' title="bbox 366 2510 1944 2581">
     <span class='ocr_line' id='line_1_42' title="bbox 366 2510 1944 2581; baseline 0 -14"><span class='ocrx_word' id='word_1_301' title='bbox 366 2514 532 2575; x_wconf 87' lang='lat' dir='ltr'><strong>tibus,</strong></span> <span class='ocrx_word' id='word_1_302' title='bbox 572 2513 843 2568; x_wconf 86' lang='lat' dir='ltr'><strong>distinctis</strong></span> <span class='ocrx_word' id='word_1_303' title='bbox 895 2522 1078 2567; x_wconf 88' lang='lat' dir='ltr'><strong>autem</strong></span> <span class='ocrx_word' id='word_1_304' title='bbox 1124 2511 1179 2566; x_wconf 89' lang='lat' dir='ltr'><strong>in</strong></span> <span class='ocrx_word' id='word_1_305' title='bbox 1227 2520 1383 2581; x_wconf 87' lang='lat' dir='ltr'><strong>parte</strong></span> <span class='ocrx_word' id='word_1_306' title='bbox 1435 2510 1837 2566; x_wconf 82' lang='lat' dir='ltr'><strong>indivisibiliter</strong></span> <span class='ocrx_word' id='word_1_307' title='bbox 1875 2510 1944 2567; x_wconf 75' lang='grc'><strong>⁵⁸.</strong></span> 
     </span>
    </p>
   </div>
   <div class='ocr_carea' id='block_1_43' title="bbox 363 2603 1949 2675">
    <p class='ocr_par' dir='ltr' id='par_1_43' title="bbox 363 2603 1949 2675">
     <span class='ocr_line' id='line_1_43' title="bbox 363 2603 1949 2675; baseline -0.001 -15"><span class='ocrx_word' id='word_1_308' title='bbox 363 2607 620 2674; x_wconf 84' lang='lat' dir='ltr'><strong>Acceptis</strong></span> <span class='ocrx_word' id='word_1_309' title='bbox 646 2605 912 2675; x_wconf 79' lang='lat' dir='ltr'><strong>exemplis</strong></span> <span class='ocrx_word' id='word_1_310' title='bbox 933 2621 961 2659; x_wconf 89' lang='lat' dir='ltr'><strong>a</strong></span> <span class='ocrx_word' id='word_1_311' title='bbox 989 2620 1224 2660; x_wconf 91' lang='lat' dir='ltr'><strong>numero</strong></span> <span class='ocrx_word' id='word_1_312' title='bbox 1251 2614 1306 2660; x_wconf 89' lang='lat' dir='ltr'><strong>et</strong></span> <span class='ocrx_word' id='word_1_313' title='bbox 1347 2614 1564 2668; x_wconf 89' lang='lat' dir='ltr'><strong>centro,</strong></span> <span class='ocrx_word' id='word_1_314' title='bbox 1594 2604 1693 2668; x_wconf 88' lang='lat' dir='ltr'><strong>ait,</strong></span> <span class='ocrx_word' id='word_1_315' title='bbox 1721 2603 1949 2659; x_wconf 88' lang='lat' dir='ltr'><strong>minime</strong></span> 
     </span>
    </p>
   </div>
   <div class='ocr_carea' id='block_1_44' title="bbox 367 2696 1947 2767">
    <p class='ocr_par' dir='ltr' id='par_1_44' title="bbox 367 2696 1947 2767">
     <span class='ocr_line' id='line_1_44' title="bbox 367 2696 1947 2767; baseline 0 -18"><span class='ocrx_word' id='word_1_316' title='bbox 367 2698 667 2752; x_wconf 84' lang='lat' dir='ltr'><strong>absurdum</strong></span> <span class='ocrx_word' id='word_1_317' title='bbox 698 2712 844 2765; x_wconf 89' lang='lat' dir='ltr'><strong>esse,</strong></span> <span class='ocrx_word' id='word_1_318' title='bbox 877 2712 943 2752; x_wconf 80' lang='lat' dir='ltr'><strong>ex</strong></span> <span class='ocrx_word' id='word_1_319' title='bbox 976 2696 1252 2753; x_wconf 87' lang='lat' dir='ltr'><strong>similibus</strong></span> <span class='ocrx_word' id='word_1_320' title='bbox 1290 2696 1623 2767; x_wconf 81' lang='lat' dir='ltr'><strong>imaginibus</strong></span> <span class='ocrx_word' id='word_1_321' title='bbox 1650 2698 1718 2752; x_wconf 91' lang='lat' dir='ltr'><strong>ad</strong></span> <span class='ocrx_word' id='word_1_322' title='bbox 1757 2711 1947 2751; x_wconf 92' lang='lat' dir='ltr'><strong>eorum</strong></span> 
     </span>
    </p>
   </div>
   <div class='ocr_carea' id='block_1_45' title="bbox 364 2790 1945 2861">
    <p class='ocr_par' dir='ltr' id='par_1_45' title="bbox 364 2790 1945 2861">
     <span class='ocr_line' id='line_1_45' title="bbox 364 2790 1945 2861; baseline 0.001 -17"><span class='ocrx_word' id='word_1_323' title='bbox 364 2806 486 2861; x_wconf 77' lang='lat' dir='ltr'><strong>quae</strong></span> <span class='ocrx_word' id='word_1_324' title='bbox 521 2791 665 2847; x_wconf 92' lang='lat' dir='ltr'><strong>dicta</strong></span> <span class='ocrx_word' id='word_1_325' title='bbox 719 2802 848 2846; x_wconf 88' lang='lat' dir='ltr'><strong>sunt</strong></span> <span class='ocrx_word' id='word_1_326' title='bbox 902 2792 1123 2847; x_wconf 90' lang='lat' dir='ltr'><strong>culmen</strong></span> <span class='ocrx_word' id='word_1_327' title='bbox 1178 2792 1500 2853; x_wconf 88' lang='lat' dir='ltr'><strong>ascendere,</strong></span> <span class='ocrx_word' id='word_1_328' title='bbox 1551 2790 1711 2845; x_wconf 91' lang='lat' dir='ltr'><strong>modo</strong></span> <span class='ocrx_word' id='word_1_329' title='bbox 1753 2806 1945 2861; x_wconf 81' lang='lat' dir='ltr'><strong>super-</strong></span> 
     </span>
    </p>
   </div>
   <div class='ocr_carea' id='block_1_46' title="bbox 366 2880 1948 2947">
    <p class='ocr_par' dir='ltr' id='par_1_46' title="bbox 366 2880 1948 2947">
     <span class='ocr_line' id='line_1_46' title="bbox 366 2880 1948 2947; baseline -0.003 -9"><span class='ocrx_word' id='word_1_330' title='bbox 366 2884 665 2939; x_wconf 89' lang='lat' dir='ltr'><strong>mundanos</strong></span> <span class='ocrx_word' id='word_1_331' title='bbox 691 2884 880 2940; x_wconf 90' lang='lat' dir='ltr'><strong>oculos</strong></span> <span class='ocrx_word' id='word_1_332' title='bbox 911 2884 1288 2939; x_wconf 83' lang='lat' dir='ltr'><strong>adhibeamus.</strong></span> <span class='ocrx_word' id='word_1_333' title='bbox 1313 2883 1561 2938; x_wconf 81' lang='lat' dir='ltr'><strong>Diximus</strong></span> <span class='ocrx_word' id='word_1_334' title='bbox 1577 2884 1746 2947; x_wconf 91' lang='lat' dir='ltr'><strong>enim,</strong></span> <span class='ocrx_word' id='word_1_335' title='bbox 1765 2880 1948 2936; x_wconf 83' lang='lat' dir='ltr'><strong>omnia</strong></span> 
     </span>
    </p>
   </div>
   <div class='ocr_carea' id='block_1_47' title="bbox 365 2974 1947 3045">
    <p class='ocr_par' dir='ltr' id='par_1_47' title="bbox 365 2974 1947 3045">
     <span class='ocr_line' id='line_1_47' title="bbox 365 2974 1947 3045; baseline -0.001 -17"><span class='ocrx_word' id='word_1_336' title='bbox 365 2976 419 3028; x_wconf 89' lang='lat' dir='ltr'><strong>in</strong></span> <span class='ocrx_word' id='word_1_337' title='bbox 452 2988 616 3029; x_wconf 88' lang='lat' dir='ltr'><strong>causa</strong></span> <span class='ocrx_word' id='word_1_338' title='bbox 647 2974 801 3031; x_wconf 91' lang='lat' dir='ltr'><strong>unite</strong></span> <span class='ocrx_word' id='word_1_339' title='bbox 832 2983 1091 3045; x_wconf 90' lang='lat' dir='ltr'><strong>tanquam</strong></span> <span class='ocrx_word' id='word_1_340' title='bbox 1127 2974 1178 3027; x_wconf 92' lang='lat' dir='ltr'><strong>in</strong></span> <span class='ocrx_word' id='word_1_341' title='bbox 1214 2974 1426 3030; x_wconf 85' lang='lat' dir='ltr'><strong>unitate</strong></span> <span class='ocrx_word' id='word_1_342' title='bbox 1459 2989 1718 3029; x_wconf 87' lang='lat' dir='ltr'><strong>numeros</strong></span> <span class='ocrx_word' id='word_1_343' title='bbox 1736 2988 1947 3037; x_wconf 85' lang='lat' dir='ltr'><strong>omnes,</strong></span> 
     </span>
    </p>
   </div>
   <div class='ocr_carea' id='block_1_48' title="bbox 366 3066 1951 3138">
    <p class='ocr_par' dir='ltr' id='par_1_48' title="bbox 366 3066 1951 3138">
     <span class='ocr_line' id='line_1_48' title="bbox 366 3066 1951 3138; baseline 0.001 -17"><span class='ocrx_word' id='word_1_344' title='bbox 366 3076 422 3121; x_wconf 88' lang='lat' dir='ltr'><strong>et</strong></span> <span class='ocrx_word' id='word_1_345' title='bbox 451 3066 745 3133; x_wconf 87' lang='lat' dir='ltr'><strong>eollectim,</strong></span> <span class='ocrx_word' id='word_1_346' title='bbox 779 3079 1035 3137; x_wconf 85' lang='lat' dir='ltr'><strong>tanquam</strong></span> <span class='ocrx_word' id='word_1_347' title='bbox 1073 3068 1129 3121; x_wconf 90' lang='lat' dir='ltr'><strong>in</strong></span> <span class='ocrx_word' id='word_1_348' title='bbox 1164 3078 1355 3123; x_wconf 90' lang='lat' dir='ltr'><strong>centro</strong></span> <span class='ocrx_word' id='word_1_349' title='bbox 1384 3067 1562 3124; x_wconf 87' lang='lat' dir='ltr'><strong>lineas</strong></span> <span class='ocrx_word' id='word_1_350' title='bbox 1603 3075 1803 3135; x_wconf 84' lang='lat' dir='ltr'><strong>rectas,</strong></span> <span class='ocrx_word' id='word_1_351' title='bbox 1828 3082 1951 3138; x_wconf 72' lang='lat' dir='ltr'><strong>qua:</strong></span> 
     </span>
    </p>
   </div>
   <div class='ocr_carea' id='block_1_49' title="bbox 364 3160 1521 3226">
    <p class='ocr_par' dir='ltr' id='par_1_49' title="bbox 364 3160 1521 3226">
     <span class='ocr_line' id='line_1_49' title="bbox 364 3160 1521 3226; baseline 0.002 -12"><span class='ocrx_word' id='word_1_352' title='bbox 364 3175 396 3213; x_wconf 85' lang='lat' dir='ltr'><strong>a</strong></span> <span class='ocrx_word' id='word_1_353' title='bbox 424 3160 873 3216; x_wconf 82' lang='lat' dir='ltr'><strong>circumferentia</strong></span> <span class='ocrx_word' id='word_1_354' title='bbox 906 3161 1204 3226; x_wconf 88' lang='lat' dir='ltr'><strong>ducuntur,</strong></span> <span class='ocrx_word' id='word_1_355' title='bbox 1232 3161 1521 3216; x_wconf 88' lang='lat' dir='ltr'><strong>contineri.</strong></span> 
     </span>
    </p>
   </div>
   <div class='ocr_carea' id='block_1_50' title="bbox 437 3249 1952 3326">
    <p class='ocr_par' dir='ltr' id='par_1_50' title="bbox 437 3249 1952 3326">
     <span class='ocr_line' id='line_1_50' title="bbox 437 3249 1952 3326; baseline 0.001 -18"><span class='ocrx_word' id='word_1_356' title='bbox 437 3249 605 3325; x_wconf 77' lang='lat' dir='ltr'><strong>§VIL</strong></span> <span class='ocrx_word' id='word_1_357' title='bbox 630 3252 827 3307; x_wconf 88' lang='lat' dir='ltr'><strong>Omnia</strong></span> <span class='ocrx_word' id='word_1_358' title='bbox 857 3251 1025 3322; x_wconf 77' lang='lat' dir='ltr'><strong>igitur</strong></span> <span class='ocrx_word' id='word_1_359' title='bbox 1046 3266 1383 3322; x_wconf 66' lang='lat' dir='ltr'><strong>quaecunque</strong></span> <span class='ocrx_word' id='word_1_360' title='bbox 1406 3253 1622 3309; x_wconf 89' lang='lat' dir='ltr'><strong>essendi</strong></span> <span class='ocrx_word' id='word_1_361' title='bbox 1638 3251 1806 3326; x_wconf 65' lang='grc'><strong>445</strong></span> <span class='ocrx_word' id='word_1_362' title='bbox 1832 3268 1952 3326; x_wconf 77' lang='lat' dir='ltr'><strong>gra-</strong></span> 
     </span>
    </p>
   </div>
   <div class='ocr_carea' id='block_1_51' title="bbox 366 3343 1948 3414">
    <p class='ocr_par' dir='ltr' id='par_1_51' title="bbox 366 3343 1948 3414">
     <span class='ocr_line' id='line_1_51' title="bbox 366 3343 1948 3414; baseline 0.001 -18"><span class='ocrx_word' id='word_1_363' title='bbox 366 3345 496 3399; x_wconf 89' lang='lat' dir='ltr'><strong>dum</strong></span> <span class='ocrx_word' id='word_1_364' title='bbox 520 3343 854 3409; x_wconf 88' lang='lat' dir='ltr'><strong>sortiuntur,</strong></span> <span class='ocrx_word' id='word_1_365' title='bbox 884 3343 1189 3414; x_wconf 78' lang='lat' dir='ltr'><strong>insigniunt</strong></span> <span class='ocrx_word' id='word_1_366' title='bbox 1222 3343 1311 3398; x_wconf 87' lang='lat' dir='ltr'><strong>illa</strong></span> <span class='ocrx_word' id='word_1_367' title='bbox 1341 3359 1462 3413; x_wconf 74' lang='lat' dir='ltr'><strong>qua:</strong></span> <span class='ocrx_word' id='word_1_368' title='bbox 1485 3356 1643 3409; x_wconf 88' lang='lat' dir='ltr'><strong>sunt;</strong></span> <span class='ocrx_word' id='word_1_369' title='bbox 1669 3346 1775 3400; x_wconf 88' lang='lat' dir='ltr'><strong>nisi</strong></span> <span class='ocrx_word' id='word_1_370' title='bbox 1802 3346 1948 3399; x_wconf 86' lang='lat' dir='ltr'><strong>enim</strong></span> 
     </span>
    </p>
   </div>
   <div class='ocr_carea' id='block_1_52' title="bbox 365 3434 1954 3504">
    <p class='ocr_par' dir='ltr' id='par_1_52' title="bbox 365 3434 1954 3504">
     <span class='ocr_line' id='line_1_52' title="bbox 365 3434 1954 3504; baseline 0.001 -17"><span class='ocrx_word' id='word_1_371' title='bbox 365 3445 511 3488; x_wconf 86' lang='lat' dir='ltr'><strong>esset</strong></span> <span class='ocrx_word' id='word_1_372' title='bbox 541 3434 673 3499; x_wconf 88' lang='lat' dir='ltr'><strong>vita,</strong></span> <span class='ocrx_word' id='word_1_373' title='bbox 709 3449 1054 3504; x_wconf 89' lang='lat' dir='ltr'><strong>nequaquam</strong></span> <span class='ocrx_word' id='word_1_374' title='bbox 1086 3434 1428 3499; x_wconf 85' lang='lat' dir='ltr'><strong>viveremus;</strong></span> <span class='ocrx_word' id='word_1_375' title='bbox 1460 3436 1564 3489; x_wconf 89' lang='lat' dir='ltr'><strong>nisi</strong></span> <span class='ocrx_word' id='word_1_376' title='bbox 1601 3444 1748 3490; x_wconf 91' lang='lat' dir='ltr'><strong>esset</strong></span> <span class='ocrx_word' id='word_1_377' title='bbox 1769 3442 1954 3490; x_wconf 82' lang='lat' dir='ltr'><strong>custo-</strong></span> 
     </span>
    </p>
   </div>
   <div class='ocr_carea' id='block_1_53' title="bbox 366 3526 1950 3596">
    <p class='ocr_par' dir='ltr' id='par_1_53' title="bbox 366 3526 1950 3596">
     <span class='ocr_line' id='line_1_53' title="bbox 366 3526 1950 3596; baseline 0.001 -17"><span class='ocrx_word' id='word_1_378' title='bbox 366 3526 480 3590; x_wconf 89' lang='lat' dir='ltr'><strong>dia,</strong></span> <span class='ocrx_word' id='word_1_379' title='bbox 516 3541 862 3596; x_wconf 86' lang='lat' dir='ltr'><strong>nequaquam</strong></span> <span class='ocrx_word' id='word_1_380' title='bbox 919 3526 1356 3592; x_wconf 84' lang='lat' dir='ltr'><strong>custodiremur;</strong></span> <span class='ocrx_word' id='word_1_381' title='bbox 1399 3526 1501 3581; x_wconf 88' lang='lat' dir='ltr'><strong>nisi</strong></span> <span class='ocrx_word' id='word_1_382' title='bbox 1556 3535 1705 3582; x_wconf 81' lang='lat' dir='ltr'><strong>esset</strong></span> <span class='ocrx_word' id='word_1_383' title='bbox 1752 3537 1950 3593; x_wconf 85' lang='lat' dir='ltr'><strong>motus,</strong></span> 
     </span>
    </p>
   </div>
   <div class='ocr_carea' id='block_1_54' title="bbox 368 3616 1952 3689">
    <p class='ocr_par' dir='ltr' id='par_1_54' title="bbox 368 3616 1952 3689">
     <span class='ocr_line' id='line_1_54' title="bbox 368 3616 1952 3689; baseline 0 -16"><span class='ocrx_word' id='word_1_384' title='bbox 368 3634 715 3689; x_wconf 86' lang='lat' dir='ltr'><strong>nequaquam</strong></span> <span class='ocrx_word' id='word_1_385' title='bbox 748 3632 1119 3675; x_wconf 80' lang='lat' dir='ltr'><strong>moverentur.</strong></span> <span class='ocrx_word' id='word_1_386' title='bbox 1145 3616 1338 3676; x_wconf 90' lang='lat' dir='ltr'><strong>Omnia</strong></span> <span class='ocrx_word' id='word_1_387' title='bbox 1368 3617 1569 3688; x_wconf 85' lang='lat' dir='ltr'><strong>itaque,</strong></span> <span class='ocrx_word' id='word_1_388' title='bbox 1601 3617 1783 3672; x_wconf 87' lang='lat' dir='ltr'><strong>omnia</strong></span> <span class='ocrx_word' id='word_1_389' title='bbox 1805 3632 1952 3687; x_wconf 69' lang='lat' dir='ltr'><strong>qua:-</strong></span> 
     </span>
    </p>
   </div>
   <div class='ocr_carea' id='block_1_55' title="bbox 373 3709 1951 3781">
    <p class='ocr_par' dir='ltr' id='par_1_55' title="bbox 373 3709 1951 3781">
     <span class='ocr_line' id='line_1_55' title="bbox 373 3709 1951 3781; baseline 0.001 -16"><span class='ocrx_word' id='word_1_390' title='bbox 373 3727 590 3781; x_wconf 88' lang='lat' dir='ltr'><strong>cnnque</strong></span> <span class='ocrx_word' id='word_1_391' title='bbox 628 3711 847 3767; x_wconf 87' lang='lat' dir='ltr'><strong>essendi</strong></span> <span class='ocrx_word' id='word_1_392' title='bbox 902 3714 1131 3781; x_wconf 81' lang='lat' dir='ltr'><strong>gradum</strong></span> <span class='ocrx_word' id='word_1_393' title='bbox 1187 3710 1459 3777; x_wconf 85' lang='lat' dir='ltr'><strong>obtinent,</strong></span> <span class='ocrx_word' id='word_1_394' title='bbox 1507 3710 1807 3781; x_wconf 76' lang='lat' dir='ltr'><strong>insignium</strong></span> <span class='ocrx_word' id='word_1_395' title='bbox 1862 3709 1951 3766; x_wconf 84' lang='lat' dir='ltr'><strong>illa</strong></span> 
     </span>
    </p>
   </div>
   <div class='ocr_carea' id='block_1_56' title="bbox 366 3803 1951 3879">
    <p class='ocr_par' dir='ltr' id='par_1_56' title="bbox 366 3803 1951 3879">
     <span class='ocr_line' id='line_1_56' title="bbox 366 3803 1951 3879; baseline 0 -22"><span class='ocrx_word' id='word_1_396' title='bbox 366 3821 490 3879; x_wconf 68' lang='lat' dir='ltr'><strong>qpm</strong></span> <span class='ocrx_word' id='word_1_397' title='bbox 527 3814 674 3860; x_wconf 89' lang='lat' dir='ltr'><strong>sunt.</strong></span> <span class='ocrx_word' id='word_1_398' title='bbox 706 3804 850 3859; x_wconf 88' lang='lat' dir='ltr'><strong>Dicit</strong></span> <span class='ocrx_word' id='word_1_399' title='bbox 880 3812 1063 3858; x_wconf 90' lang='lat' dir='ltr'><strong>autem</strong></span> <span class='ocrx_word' id='word_1_400' title='bbox 1096 3803 1187 3857; x_wconf 86' lang='lat' dir='ltr'><strong>illa</strong></span> <span class='ocrx_word' id='word_1_401' title='bbox 1226 3819 1349 3875; x_wconf 69' lang='lat' dir='ltr'><strong>qua:</strong></span> <span class='ocrx_word' id='word_1_402' title='bbox 1386 3813 1533 3869; x_wconf 90' lang='lat' dir='ltr'><strong>sunt,</strong></span> <span class='ocrx_word' id='word_1_403' title='bbox 1559 3819 1664 3859; x_wconf 90' lang='lat' dir='ltr'><strong>non</strong></span> <span class='ocrx_word' id='word_1_404' title='bbox 1695 3804 1951 3859; x_wconf 86' lang='lat' dir='ltr'><strong>substan-</strong></span> 
     </span>
    </p>
   </div>
   <div class='ocr_carea' id='block_1_57' title="bbox 370 3895 1953 3969">
    <p class='ocr_par' dir='ltr' id='par_1_57' title="bbox 370 3895 1953 3969">
     <span class='ocr_line' id='line_1_57' title="bbox 370 3895 1953 3969; baseline -0.001 -18"><span class='ocrx_word' id='word_1_405' title='bbox 370 3901 497 3962; x_wconf 90' lang='lat' dir='ltr'><strong>tias,</strong></span> <span class='ocrx_word' id='word_1_406' title='bbox 529 3900 624 3952; x_wconf 88' lang='lat' dir='ltr'><strong>sed</strong></span> <span class='ocrx_word' id='word_1_407' title='bbox 666 3895 1023 3969; x_wconf 84' lang='lat' dir='ltr'><strong>(accidentia)</strong></span> <span class='ocrx_word' id='word_1_408' title='bbox 1064 3912 1187 3966; x_wconf 66' lang='lat' dir='ltr'><strong>quae</strong></span> <span class='ocrx_word' id='word_1_409' title='bbox 1229 3897 1282 3951; x_wconf 91' lang='lat' dir='ltr'><strong>in</strong></span> <span class='ocrx_word' id='word_1_410' title='bbox 1342 3895 1666 3952; x_wconf 86' lang='lat' dir='ltr'><strong>substantiis</strong></span> <span class='ocrx_word' id='word_1_411' title='bbox 1717 3909 1953 3951; x_wconf 87' lang='lat' dir='ltr'><strong>cernun-</strong></span> 
     </span>
    </p>
   </div>
   <div class='ocr_carea' id='block_1_58' title="bbox 369 3988 1949 4058">
    <p class='ocr_par' dir='ltr' id='par_1_58' title="bbox 369 3988 1949 4058">
     <span class='ocr_line' id='line_1_58' title="bbox 369 3988 1949 4058; baseline -0.001 -17"><span class='ocrx_word' id='word_1_412' title='bbox 369 3999 482 4054; x_wconf 87' lang='lat' dir='ltr'><strong>tur,</strong></span> <span class='ocrx_word' id='word_1_413' title='bbox 522 3999 688 4058; x_wconf 90' lang='lat' dir='ltr'><strong>atqne</strong></span> <span class='ocrx_word' id='word_1_414' title='bbox 727 3988 891 4043; x_wconf 89' lang='lat' dir='ltr'><strong>etiam</strong></span> <span class='ocrx_word' id='word_1_415' title='bbox 929 4002 997 4042; x_wconf 79' lang='lat' dir='ltr'><strong>ex</strong></span> <span class='ocrx_word' id='word_1_416' title='bbox 1030 3988 1137 4043; x_wconf 91' lang='lat' dir='ltr'><strong>Deo</strong></span> <span class='ocrx_word' id='word_1_417' title='bbox 1178 3995 1338 4051; x_wconf 87' lang='lat' dir='ltr'><strong>sunt;</strong></span> <span class='ocrx_word' id='word_1_418' title='bbox 1391 3988 1509 4043; x_wconf 66' lang='lat' dir='ltr'><strong>haec</strong></span> <span class='ocrx_word' id='word_1_419' title='bbox 1560 3997 1741 4042; x_wconf 92' lang='lat' dir='ltr'><strong>autem</strong></span> <span class='ocrx_word' id='word_1_420' title='bbox 1796 3999 1949 4042; x_wconf 80' lang='lat' dir='ltr'><strong>extra</strong></span> 
     </span>
    </p>
   </div>
   <div class='ocr_carea' id='block_1_59' title="bbox 365 4080 1952 4151">
    <p class='ocr_par' dir='ltr' id='par_1_59' title="bbox 365 4080 1952 4151">
     <span class='ocr_line' id='line_1_59' title="bbox 365 4080 1952 4151; baseline -0.002 -15"><span class='ocrx_word' id='word_1_421' title='bbox 365 4095 569 4151; x_wconf 80' lang='lat' dir='ltr'><strong>corpus</strong></span> <span class='ocrx_word' id='word_1_422' title='bbox 603 4081 909 4136; x_wconf 90' lang='lat' dir='ltr'><strong>consistere</strong></span> <span class='ocrx_word' id='word_1_423' title='bbox 937 4091 1234 4149; x_wconf 89' lang='lat' dir='ltr'><strong>nequeunt,</strong></span> <span class='ocrx_word' id='word_1_424' title='bbox 1274 4095 1449 4150; x_wconf 88' lang='lat' dir='ltr'><strong>eaque</strong></span> <span class='ocrx_word' id='word_1_425' title='bbox 1473 4081 1639 4136; x_wconf 87' lang='lat' dir='ltr'><strong>etiam</strong></span> <span class='ocrx_word' id='word_1_426' title='bbox 1670 4094 1769 4148; x_wconf 88' lang='lat' dir='ltr'><strong>per</strong></span> <span class='ocrx_word' id='word_1_427' title='bbox 1801 4080 1952 4150; x_wconf 76' lang='lat' dir='ltr'><strong>cogi-</strong></span> 
     </span>
    </p>
   </div>
   <div class='ocr_carea' id='block_1_60' title="bbox 372 4169 1347 4229">
    <p class='ocr_par' dir='ltr' id='par_1_60' title="bbox 372 4169 1347 4229">
     <span class='ocr_line' id='line_1_60' title="bbox 372 4169 1347 4229; baseline 0 -1"><span class='ocrx_word' id='word_1_428' title='bbox 372 4175 633 4228; x_wconf 84' lang='lat' dir='ltr'><strong>tationem</strong></span> <span class='ocrx_word' id='word_1_429' title='bbox 674 4184 900 4227; x_wconf 82' lang='lat' dir='ltr'><strong>sanctus</strong></span> <span class='ocrx_word' id='word_1_430' title='bbox 936 4169 1102 4227; x_wconf 86' lang='lat' dir='ltr'><strong>Pater</strong></span> <span class='ocrx_word' id='word_1_431' title='bbox 1143 4173 1347 4229; x_wconf 84' lang='lat' dir='ltr'><strong>divisit.</strong></span> 
     </span>
    </p>
   </div>
   <div class='ocr_carea' id='block_1_61' title="bbox 446 4264 1950 4338">
    <p class='ocr_par' dir='ltr' id='par_1_61' title="bbox 446 4264 1950 4338">
     <span class='ocr_line' id='line_1_61' title="bbox 446 4264 1950 4338; baseline 0.001 -19"><span class='ocrx_word' id='word_1_432' title='bbox 446 4266 476 4338; x_wconf 64' lang='grc' dir='ltr'>ς</span> <span class='ocrx_word' id='word_1_433' title='bbox 528 4264 661 4320; x_wconf 79' lang='lat' dir='ltr'><strong>\‘lll.</strong></span> <span class='ocrx_word' id='word_1_434' title='bbox 723 4266 902 4334; x_wconf 76' lang='lat' dir='ltr'><strong>Atque</strong></span> <span class='ocrx_word' id='word_1_435' title='bbox 968 4280 1034 4319; x_wconf 79' lang='lat' dir='ltr'><strong>ex</strong></span> <span class='ocrx_word' id='word_1_436' title='bbox 1088 4265 1192 4319; x_wconf 91' lang='lat' dir='ltr'><strong>hac</strong></span> <span class='ocrx_word' id='word_1_437' title='bbox 1259 4265 1506 4320; x_wconf 90' lang='lat' dir='ltr'><strong>omnium</strong></span> <span class='ocrx_word' id='word_1_438' title='bbox 1561 4279 1725 4321; x_wconf 85' lang='lat' dir='ltr'><strong>causa</strong></span> <span class='ocrx_word' id='word_1_439' title='bbox 1785 4267 1950 4322; x_wconf 88' lang='lat' dir='ltr'><strong>etiam</strong></span> 
     </span>
    </p>
   </div>
   <div class='ocr_carea' id='block_1_62' title="bbox 371 4359 1951 4429">
    <p class='ocr_par' dir='ltr' id='par_1_62' title="bbox 371 4359 1951 4429">
     <span class='ocr_line' id='line_1_62' title="bbox 371 4359 1951 4429; baseline -0.001 -15"><span class='ocrx_word' id='word_1_440' title='bbox 371 4359 719 4414; x_wconf 85' lang='lat' dir='ltr'><strong>intellectiles</strong></span> <span class='ocrx_word' id='word_1_441' title='bbox 773 4360 953 4428; x_wconf 89' lang='lat' dir='ltr'><strong>quoad</strong></span> <span class='ocrx_word' id='word_1_442' title='bbox 1022 4373 1160 4422; x_wconf 88' lang='lat' dir='ltr'><strong>nos,</strong></span> <span class='ocrx_word' id='word_1_443' title='bbox 1224 4367 1281 4412; x_wconf 89' lang='lat' dir='ltr'><strong>et</strong></span> <span class='ocrx_word' id='word_1_444' title='bbox 1346 4359 1716 4429; x_wconf 84' lang='lat' dir='ltr'><strong>intelligentes</strong></span> <span class='ocrx_word' id='word_1_445' title='bbox 1766 4362 1951 4429; x_wconf 86' lang='lat' dir='ltr'><strong>quoad</strong></span> 
     </span>
    </p>
   </div>
   <div class='ocr_carea' id='block_1_63' title="bbox 370 4450 1954 4515">
    <p class='ocr_par' dir='ltr' id='par_1_63' title="bbox 370 4450 1954 4515">
     <span class='ocr_line' id='line_1_63' title="bbox 370 4450 1954 4515; baseline 0 -10"><span class='ocrx_word' id='word_1_446' title='bbox 370 4452 581 4515; x_wconf 88' lang='lat' dir='ltr'><strong>Deum,</strong></span> <span class='ocrx_word' id='word_1_447' title='bbox 658 4450 889 4504; x_wconf 86' lang='lat' dir='ltr'><strong>virtutes</strong></span> <span class='ocrx_word' id='word_1_448' title='bbox 962 4450 1304 4515; x_wconf 91' lang='lat' dir='ltr'><strong>subsistunt,</strong></span> <span class='ocrx_word' id='word_1_449' title='bbox 1370 4450 1447 4503; x_wconf 92' lang='lat' dir='ltr'><strong>uti</strong></span> <span class='ocrx_word' id='word_1_450' title='bbox 1520 4460 1576 4503; x_wconf 90' lang='lat' dir='ltr'><strong>et</strong></span> <span class='ocrx_word' id='word_1_451' title='bbox 1654 4450 1851 4504; x_wconf 70' lang='lat' dir='ltr'><strong>animm</strong></span> <span class='ocrx_word' id='word_1_452' title='bbox 1898 4460 1954 4505; x_wconf 89' lang='lat' dir='ltr'><strong>et</strong></span> 
     </span>
    </p>
   </div>
   <div class='ocr_carea' id='block_1_64' title="bbox 2047 1955 3645 2029">
    <p class='ocr_par' dir='ltr' id='par_1_64' title="bbox 2047 1955 3645 2029">
     <span class='ocr_line' id='line_1_64' title="bbox 2047 1955 3645 2029; baseline 0.002 -21"><span class='ocrx_word' id='word_1_453' title='bbox 2047 1955 2117 2009; x_wconf 78' lang='grc' dir='ltr'>τὰ</span> <span class='ocrx_word' id='word_1_454' title='bbox 2157 1956 2273 2028; x_wconf 76' lang='grc' dir='ltr'>εἴδη</span> <span class='ocrx_word' id='word_1_455' title='bbox 2308 1957 2547 2022; x_wconf 80' lang='grc' dir='ltr'>πάντων,</span> <span class='ocrx_word' id='word_1_456' title='bbox 2576 1958 2669 2011; x_wconf 79' lang='grc' dir='ltr'>καὶ</span> <span class='ocrx_word' id='word_1_457' title='bbox 2699 1960 2897 2024; x_wconf 83' lang='grc' dir='ltr'>πάντες</span> <span class='ocrx_word' id='word_1_458' title='bbox 2926 1958 3035 2012; x_wconf 84' lang='grc' dir='ltr'><strong>είσί</strong></span> <span class='ocrx_word' id='word_1_459' title='bbox 3059 1959 3155 2012; x_wconf 79' lang='grc' dir='ltr'><strong>καὶ</strong></span> <span class='ocrx_word' id='word_1_460' title='bbox 3200 1957 3524 2029; x_wconf 73' lang='grc' dir='ltr'>ἀσύγχυτοι</span> <span class='ocrx_word' id='word_1_461' title='bbox 3574 1961 3645 2027; x_wconf 74' lang='grc' dir='ltr'><strong>μέ</strong></span> 
     </span>
    </p>
   </div>
   <div class='ocr_carea' id='block_1_65' title="bbox 2050 2047 3673 2123">
    <p class='ocr_par' dir='ltr' id='par_1_65' title="bbox 2050 2047 3673 2123">
     <span class='ocr_line' id='line_1_65' title="bbox 2050 2047 3673 2123; baseline 0.002 -23"><span class='ocrx_word' id='word_1_462' title='bbox 2050 2064 2222 2112; x_wconf 91' lang='grc' dir='ltr'>νουσι,</span> <span class='ocrx_word' id='word_1_463' title='bbox 2254 2047 2393 2120; x_wconf 85' lang='grc' dir='ltr'>πλὴν</span> <span class='ocrx_word' id='word_1_464' title='bbox 2423 2049 2482 2103; x_wconf 86' lang='grc' dir='ltr'>ὲν</span> <span class='ocrx_word' id='word_1_465' title='bbox 2511 2048 2661 2120; x_wconf 83' lang='grc' dir='ltr'><strong>αὐτῷ</strong></span> <span class='ocrx_word' id='word_1_466' title='bbox 2687 2051 2826 2106; x_wconf 88' lang='grc' dir='ltr'>εἰσιν</span> <span class='ocrx_word' id='word_1_467' title='bbox 2847 2052 2948 2123; x_wconf 77' lang='grc' dir='ltr'><strong>οὐχ</strong></span> <span class='ocrx_word' id='word_1_468' title='bbox 2973 2050 3050 2115; x_wconf 86' lang='grc' dir='ltr'><strong>ὡς</strong></span> <span class='ocrx_word' id='word_1_469' title='bbox 3076 2052 3133 2104; x_wconf 81' lang='grc' dir='ltr'>ὲν</span> <span class='ocrx_word' id='word_1_470' title='bbox 3158 2050 3335 2121; x_wconf 82' lang='grc' dir='ltr'>τόπῳ,</span> <span class='ocrx_word' id='word_1_471' title='bbox 3364 2048 3528 2121; x_wconf 71' lang='grc' dir='ltr'>(οὔτε</span> <span class='ocrx_word' id='word_1_472' title='bbox 3554 2052 3673 2121; x_wconf 66' lang='grc' dir='ltr'>γὰρ</span> 
     </span>
    </p>
   </div>
   <div class='ocr_carea' id='block_1_66' title="bbox 2049 2141 3673 2217">
    <p class='ocr_par' dir='ltr' id='par_1_66' title="bbox 2049 2141 3673 2217">
     <span class='ocr_line' id='line_1_66' title="bbox 2049 2141 3673 2217; baseline 0.001 -23"><span class='ocrx_word' id='word_1_473' title='bbox 2049 2141 2212 2205; x_wconf 80' lang='grc' dir='ltr'>αὐτὸς</span> <span class='ocrx_word' id='word_1_474' title='bbox 2238 2144 2297 2195; x_wconf 85' lang='grc' dir='ltr'>ὲν</span> <span class='ocrx_word' id='word_1_475' title='bbox 2323 2142 2495 2215; x_wconf 81' lang='grc' dir='ltr'>τόπῳ,</span> <span class='ocrx_word' id='word_1_476' title='bbox 2528 2141 2652 2197; x_wconf 76' lang='grc' dir='ltr'>οὔτε</span> <span class='ocrx_word' id='word_1_477' title='bbox 2677 2145 2747 2198; x_wconf 78' lang='grc' dir='ltr'><strong>τὰ</strong></span> <span class='ocrx_word' id='word_1_478' title='bbox 2780 2148 2840 2199; x_wconf 82' lang='grc' dir='ltr'><strong>έν</strong></span> <span class='ocrx_word' id='word_1_479' title='bbox 2866 2145 3016 2216; x_wconf 78' lang='grc' dir='ltr'>αὐτῷ</span> <span class='ocrx_word' id='word_1_480' title='bbox 3096 2144 3210 2198; x_wconf 81' lang='grc' dir='ltr'>ἀλλ’</span> <span class='ocrx_word' id='word_1_481' title='bbox 3237 2144 3357 2215; x_wconf 72' lang='grc' dir='ltr'>ἔχει</span> <span class='ocrx_word' id='word_1_482' title='bbox 3390 2143 3553 2196; x_wconf 77' lang='grc' dir='ltr'><strong>αὐτά</strong></span> <span class='ocrx_word' id='word_1_483' title='bbox 3590 2143 3673 2204; x_wconf 70' lang='grc' dir='ltr'><strong>ὡς</strong></span> 
     </span>
    </p>
   </div>
   <div class='ocr_carea' id='block_1_67' title="bbox 2050 2234 3673 2311">
    <p class='ocr_par' dir='ltr' id='par_1_67' title="bbox 2050 2234 3673 2311">
     <span class='ocr_line' id='line_1_67' title="bbox 2050 2234 3673 2311; baseline 0.001 -24"><span class='ocrx_word' id='word_1_484' title='bbox 2050 2236 2241 2289; x_wconf 80' lang='grc' dir='ltr'>ἑαυτὸν</span> <span class='ocrx_word' id='word_1_485' title='bbox 2272 2234 2405 2308; x_wconf 75' lang='grc' dir='ltr'>ἔχει,</span> <span class='ocrx_word' id='word_1_486' title='bbox 2437 2238 2655 2292; x_wconf 76' lang='grc' dir='ltr'>πάντων</span> <span class='ocrx_word' id='word_1_487' title='bbox 2681 2238 2781 2311; x_wconf 81' lang='grc' dir='ltr'>μὲν</span> <span class='ocrx_word' id='word_1_488' title='bbox 2809 2239 2946 2311; x_wconf 78' lang='grc' dir='ltr'>ὁμοῦ</span> <span class='ocrx_word' id='word_1_489' title='bbox 2973 2239 3163 2301; x_wconf 72' lang='grc' dir='ltr'>ὄντων,</span> <span class='ocrx_word' id='word_1_490' title='bbox 3204 2236 3673 2309; x_wconf 73' lang='grc' dir='ltr'>διακεκριμένων</span> 
     </span>
    </p>
   </div>
   <div class='ocr_carea' id='block_1_68' title="bbox 2048 2325 3672 2402">
    <p class='ocr_par' dir='ltr' id='par_1_68' title="bbox 2048 2325 3672 2402">
     <span class='ocr_line' id='line_1_68' title="bbox 2048 2325 3672 2402; baseline -0.001 -23"><span class='ocrx_word' id='word_1_491' title='bbox 2048 2325 2108 2379; x_wconf 81' lang='grc' dir='ltr'>δὲ</span> <span class='ocrx_word' id='word_1_492' title='bbox 2135 2326 2193 2379; x_wconf 76' lang='grc' dir='ltr'>ὲν</span> <span class='ocrx_word' id='word_1_493' title='bbox 2225 2325 2303 2397; x_wconf 83' lang='grc' dir='ltr'><strong>τῷ</strong></span> <span class='ocrx_word' id='word_1_494' title='bbox 2338 2327 2497 2399; x_wconf 79' lang='grc' dir='ltr'>μέρει</span> <span class='ocrx_word' id='word_1_495' title='bbox 2525 2328 2771 2402; x_wconf 82' lang='grc' dir='ltr'>ἀμερῶς.</span> <span class='ocrx_word' id='word_1_496' title='bbox 2802 2327 2999 2383; x_wconf 79' lang='grc' dir='ltr'>Λαϐὼν</span> <span class='ocrx_word' id='word_1_497' title='bbox 3021 2328 3130 2381; x_wconf 81' lang='grc' dir='ltr'><strong>ἀπὸ</strong></span> <span class='ocrx_word' id='word_1_498' title='bbox 3153 2327 3248 2381; x_wconf 80' lang='grc' dir='ltr'><strong>τοῦ</strong></span> <span class='ocrx_word' id='word_1_499' title='bbox 3284 2326 3546 2399; x_wconf 75' lang='grc' dir='ltr'>ἀριθμοῦ</span> <span class='ocrx_word' id='word_1_500' title='bbox 3570 2328 3672 2377; x_wconf 61' lang='grc' dir='ltr'><strong>καὶ</strong></span> 
     </span>
    </p>
   </div>
   <div class='ocr_carea' id='block_1_69' title="bbox 2049 2417 3669 2495">
    <p class='ocr_par' dir='ltr' id='par_1_69' title="bbox 2049 2417 3669 2495">
     <span class='ocr_line' id='line_1_69' title="bbox 2049 2417 3669 2495; baseline -0.003 -23"><span class='ocrx_word' id='word_1_501' title='bbox 2049 2418 2144 2473; x_wconf 77' lang='grc' dir='ltr'><strong>τοῦ</strong></span> <span class='ocrx_word' id='word_1_502' title='bbox 2175 2420 2401 2492; x_wconf 79' lang='grc' dir='ltr'>κέντρου</span> <span class='ocrx_word' id='word_1_503' title='bbox 2441 2420 2511 2474; x_wconf 81' lang='grc' dir='ltr'><strong>τὰ</strong></span> <span class='ocrx_word' id='word_1_504' title='bbox 2538 2421 2979 2495; x_wconf 83' lang='grc' dir='ltr'>παραδείγματα,</span> <span class='ocrx_word' id='word_1_505' title='bbox 3007 2421 3191 2491; x_wconf 63' lang='grc' dir='ltr'>φησιν,</span> <span class='ocrx_word' id='word_1_506' title='bbox 3234 2418 3323 2470; x_wconf 86' lang='grc' dir='ltr'>ὃτι</span> <span class='ocrx_word' id='word_1_507' title='bbox 3368 2418 3487 2470; x_wconf 73' lang='grc' dir='ltr'>οὐκ</span> <span class='ocrx_word' id='word_1_508' title='bbox 3512 2417 3669 2469; x_wconf 73' lang='grc' dir='ltr'>ἔστιν</span> 
     </span>
    </p>
   </div>
   <div class='ocr_carea' id='block_1_70' title="bbox 2051 2507 3667 2580">
    <p class='ocr_par' dir='ltr' id='par_1_70' title="bbox 2051 2507 3667 2580">
     <span class='ocr_line' id='line_1_70' title="bbox 2051 2507 3667 2580; baseline -0.002 -14"><span class='ocrx_word' id='word_1_509' title='bbox 2051 2512 2246 2566; x_wconf 80' lang='grc' dir='ltr'>ἄτοπον</span> <span class='ocrx_word' id='word_1_510' title='bbox 2270 2514 2335 2565; x_wconf 84' lang='grc' dir='ltr'>ὲκ</span> <span class='ocrx_word' id='word_1_511' title='bbox 2358 2511 2614 2567; x_wconf 84' lang='grc' dir='ltr'>τοιούτων</span> <span class='ocrx_word' id='word_1_512' title='bbox 2639 2513 2864 2568; x_wconf 85' lang='grc' dir='ltr'>εἰκόνων</span> <span class='ocrx_word' id='word_1_513' title='bbox 2885 2512 2977 2565; x_wconf 78' lang='grc' dir='ltr'><strong>ἐπὶ</strong></span> <span class='ocrx_word' id='word_1_514' title='bbox 3000 2512 3063 2563; x_wconf 87' lang='grc' dir='ltr'>τὸ</span> <span class='ocrx_word' id='word_1_515' title='bbox 3100 2508 3235 2580; x_wconf 78' lang='grc' dir='ltr'>ὕψος</span> <span class='ocrx_word' id='word_1_516' title='bbox 3272 2508 3391 2563; x_wconf 81' lang='grc' dir='ltr'><strong>τῶν</strong></span> <span class='ocrx_word' id='word_1_517' title='bbox 3422 2507 3667 2579; x_wconf 68' lang='grc' dir='ltr'>λεγομὲε-</span> 
     </span>
    </p>
   </div>
   <div class='ocr_carea' id='block_1_71' title="bbox 2052 2601 3667 2677">
    <p class='ocr_par' dir='ltr' id='par_1_71' title="bbox 2052 2601 3667 2677">
     <span class='ocr_line' id='line_1_71' title="bbox 2052 2601 3667 2677; baseline -0.004 -20"><span class='ocrx_word' id='word_1_518' title='bbox 2052 2622 2157 2658; x_wconf 88' lang='grc' dir='ltr'>νων</span> <span class='ocrx_word' id='word_1_519' title='bbox 2196 2605 2528 2671; x_wconf 81' lang='grc' dir='ltr'>ἀναϐαίνειν,</span> <span class='ocrx_word' id='word_1_520' title='bbox 2586 2605 2748 2677; x_wconf 82' lang='grc' dir='ltr'>μόνον</span> <span class='ocrx_word' id='word_1_521' title='bbox 2796 2606 2847 2659; x_wconf 85' lang='grc' dir='ltr'><strong>εἰ</strong></span> <span class='ocrx_word' id='word_1_522' title='bbox 2892 2602 3190 2674; x_wconf 79' lang='grc' dir='ltr'>ὀφθαλμοῖς</span> <span class='ocrx_word' id='word_1_523' title='bbox 3242 2601 3667 2671; x_wconf 79' lang='grc' dir='ltr'>ὑπερκοσμίοις</span> 
     </span>
    </p>
   </div>
   <div class='ocr_carea' id='block_1_72' title="bbox 2052 2694 3667 2769">
    <p class='ocr_par' dir='ltr' id='par_1_72' title="bbox 2052 2694 3667 2769">
     <span class='ocr_line' id='line_1_72' title="bbox 2052 2694 3667 2769; baseline -0.006 -17"><span class='ocrx_word' id='word_1_524' title='bbox 2052 2695 2330 2768; x_wconf 85' lang='grc' dir='ltr'>χρώμεθα.</span> <span class='ocrx_word' id='word_1_525' title='bbox 2364 2697 2604 2769; x_wconf 77' lang='grc' dir='ltr'>Εἴπομεν</span> <span class='ocrx_word' id='word_1_526' title='bbox 2628 2697 2758 2768; x_wconf 82' lang='grc' dir='ltr'>γὰρ,</span> <span class='ocrx_word' id='word_1_527' title='bbox 2783 2697 2869 2751; x_wconf 81' lang='grc' dir='ltr'>ὅτι</span> <span class='ocrx_word' id='word_1_528' title='bbox 2919 2697 3099 2751; x_wconf 73' lang='grc' dir='ltr'>πάντα</span> <span class='ocrx_word' id='word_1_529' title='bbox 3139 2697 3196 2748; x_wconf 83' lang='grc' dir='ltr'>ὲν</span> <span class='ocrx_word' id='word_1_530' title='bbox 3225 2694 3309 2765; x_wconf 84' lang='grc' dir='ltr'>τῷ</span> <span class='ocrx_word' id='word_1_531' title='bbox 3359 2694 3536 2764; x_wconf 77' lang='grc' dir='ltr'>αἰτίῳ</span> <span class='ocrx_word' id='word_1_532' title='bbox 3568 2709 3667 2763; x_wconf 82' lang='grc' dir='ltr'>μο-</span> 
     </span>
    </p>
   </div>
   <div class='ocr_carea' id='block_1_73' title="bbox 2051 2786 3665 2862">
    <p class='ocr_par' dir='ltr' id='par_1_73' title="bbox 2051 2786 3665 2862">
     <span class='ocr_line' id='line_1_73' title="bbox 2051 2786 3665 2862; baseline -0.004 -20"><span class='ocrx_word' id='word_1_533' title='bbox 2051 2789 2289 2855; x_wconf 84' lang='grc' dir='ltr'>νοειδῶς,</span> <span class='ocrx_word' id='word_1_534' title='bbox 2310 2790 2388 2855; x_wconf 85' lang='grc' dir='ltr'><strong>ὡς</strong></span> <span class='ocrx_word' id='word_1_535' title='bbox 2406 2790 2464 2844; x_wconf 79' lang='grc' dir='ltr'>ὲν</span> <span class='ocrx_word' id='word_1_536' title='bbox 2486 2793 2552 2862; x_wconf 79' lang='grc' dir='ltr'><strong>τῇ</strong></span> <span class='ocrx_word' id='word_1_537' title='bbox 2580 2790 2768 2861; x_wconf 84' lang='grc' dir='ltr'>μονάδι</span> <span class='ocrx_word' id='word_1_538' title='bbox 2790 2791 2839 2842; x_wconf 83' lang='grc' dir='ltr'>οἱ</span> <span class='ocrx_word' id='word_1_539' title='bbox 2856 2787 3083 2862; x_wconf 72' lang='grc' dir='ltr'>ἀριθμοὶ</span> <span class='ocrx_word' id='word_1_540' title='bbox 3106 2787 3371 2850; x_wconf 77' lang='grc' dir='ltr'>ἅπαντες,</span> <span class='ocrx_word' id='word_1_541' title='bbox 3394 2786 3503 2839; x_wconf 82' lang='grc' dir='ltr'>καὶ</span> <span class='ocrx_word' id='word_1_542' title='bbox 3530 2787 3665 2855; x_wconf 72' lang='grc' dir='ltr'><strong>ἠνω-</strong></span> 
     </span>
    </p>
   </div>
   <div class='ocr_carea' id='block_1_74' title="bbox 2056 2876 3661 2953">
    <p class='ocr_par' dir='ltr' id='par_1_74' title="bbox 2056 2876 3661 2953">
     <span class='ocr_line' id='line_1_74' title="bbox 2056 2876 3661 2953; baseline -0.005 -18"><span class='ocrx_word' id='word_1_543' title='bbox 2056 2880 2253 2950; x_wconf 82' lang='grc' dir='ltr'>μένως,</span> <span class='ocrx_word' id='word_1_544' title='bbox 2277 2880 2353 2946; x_wconf 80' lang='grc' dir='ltr'><strong>ὡς</strong></span> <span class='ocrx_word' id='word_1_545' title='bbox 2375 2882 2434 2935; x_wconf 81' lang='grc' dir='ltr'>ὲν</span> <span class='ocrx_word' id='word_1_546' title='bbox 2458 2880 2536 2953; x_wconf 83' lang='grc' dir='ltr'>τῷ</span> <span class='ocrx_word' id='word_1_547' title='bbox 2560 2881 2769 2953; x_wconf 80' lang='grc' dir='ltr'>κέντρῳ</span> <span class='ocrx_word' id='word_1_548' title='bbox 2794 2881 2851 2936; x_wconf 88' lang='grc' dir='ltr'><strong>αί</strong></span> <span class='ocrx_word' id='word_1_549' title='bbox 2880 2881 2990 2935; x_wconf 84' lang='grc' dir='ltr'><strong>ἀπὸ</strong></span> <span class='ocrx_word' id='word_1_550' title='bbox 3014 2879 3115 2950; x_wconf 82' lang='grc' dir='ltr'><strong>τῆς</strong></span> <span class='ocrx_word' id='word_1_551' title='bbox 3160 2879 3538 2950; x_wconf 75' lang='grc' dir='ltr'>περιφερείας</span> <span class='ocrx_word' id='word_1_552' title='bbox 3570 2876 3661 2928; x_wconf 66' lang='lat'><strong>£2}-</strong></span> 
     </span>
    </p>
   </div>
   <div class='ocr_carea' id='block_1_75' title="bbox 2053 2974 2215 3028">
    <p class='ocr_par' dir='ltr' id='par_1_75' title="bbox 2053 2974 2215 3028">
     <span class='ocr_line' id='line_1_75' title="bbox 2053 2974 2215 3028; baseline 0.006 -1"><span class='ocrx_word' id='word_1_553' title='bbox 2053 2974 2215 3028; x_wconf 79' lang='grc' dir='ltr'>θεῖαι.</span> 
     </span>
    </p>
   </div>
   <div class='ocr_carea' id='block_1_76' title="bbox 2123 3261 3661 3343">
    <p class='ocr_par' dir='ltr' id='par_1_76' title="bbox 2123 3261 3661 3343">
     <span class='ocr_line' id='line_1_76' title="bbox 2123 3261 3661 3343; baseline -0.006 -18"><span class='ocrx_word' id='word_1_554' title='bbox 2123 3272 2151 3343; x_wconf 82' lang='lat'><strong>§</strong></span> <span class='ocrx_word' id='word_1_555' title='bbox 2182 3271 2298 3326; x_wconf 81' lang='lat' dir='ltr'><strong>VII.</strong></span> <span class='ocrx_word' id='word_1_556' title='bbox 2328 3271 2512 3324; x_wconf 87' lang='grc' dir='ltr'>Πάντα</span> <span class='ocrx_word' id='word_1_557' title='bbox 2538 3263 2652 3333; x_wconf 77' lang='grc' dir='ltr'>οὖν,</span> <span class='ocrx_word' id='word_1_558' title='bbox 2680 3269 2780 3322; x_wconf 83' lang='grc' dir='ltr'>ὅσα</span> <span class='ocrx_word' id='word_1_559' title='bbox 2804 3268 2863 3322; x_wconf 83' lang='grc' dir='ltr'>ὲν</span> <span class='ocrx_word' id='word_1_560' title='bbox 2903 3266 2983 3339; x_wconf 83' lang='grc' dir='ltr'>τῷ</span> <span class='ocrx_word' id='word_1_561' title='bbox 3007 3261 3145 3321; x_wconf 77' lang='grc' dir='ltr'>εῖναι</span> <span class='ocrx_word' id='word_1_562' title='bbox 3172 3265 3323 3329; x_wconf 73' lang='grc' dir='ltr'>ὄντα,</span> <span class='ocrx_word' id='word_1_563' title='bbox 3366 3280 3661 3335; x_wconf 74' lang='grc' dir='ltr'>χαρακτηο</span> 
     </span>
    </p>
   </div>
   <div class='ocr_carea' id='block_1_77' title="bbox 2058 3355 3661 3436">
    <p class='ocr_par' dir='ltr' id='par_1_77' title="bbox 2058 3355 3661 3436">
     <span class='ocr_line' id='line_1_77' title="bbox 2058 3355 3661 3436; baseline -0.006 -20"><span class='ocrx_word' id='word_1_564' title='bbox 2058 3364 2192 3436; x_wconf 76' lang='grc' dir='ltr'>ρίζει</span> <span class='ocrx_word' id='word_1_565' title='bbox 2214 3361 2282 3415; x_wconf 82' lang='grc' dir='ltr'>τὰ</span> <span class='ocrx_word' id='word_1_566' title='bbox 2308 3361 2469 3414; x_wconf 71' lang='grc' dir='ltr'>ὅντα*</span> <span class='ocrx_word' id='word_1_567' title='bbox 2504 3362 2552 3414; x_wconf 86' lang='grc' dir='ltr'><strong>εἰ</strong></span> <span class='ocrx_word' id='word_1_568' title='bbox 2577 3360 2688 3433; x_wconf 81' lang='grc' dir='ltr'><strong>γὰρ</strong></span> <span class='ocrx_word' id='word_1_569' title='bbox 2718 3359 2791 3431; x_wconf 82' lang='grc' dir='ltr'><strong>μὴ</strong></span> <span class='ocrx_word' id='word_1_570' title='bbox 2829 3355 2898 3431; x_wconf 83' lang='grc' dir='ltr'>ἦν</span> <span class='ocrx_word' id='word_1_571' title='bbox 2922 3357 3059 3431; x_wconf 79' lang='grc' dir='ltr'><strong>ζωὴ,</strong></span> <span class='ocrx_word' id='word_1_572' title='bbox 3084 3359 3185 3412; x_wconf 80' lang='grc' dir='ltr'>οὐκ</span> <span class='ocrx_word' id='word_1_573' title='bbox 3227 3357 3295 3412; x_wconf 82' lang='grc' dir='ltr'>ἂν</span> <span class='ocrx_word' id='word_1_574' title='bbox 3323 3356 3587 3429; x_wconf 63' lang='grc' dir='ltr'><strong>ἐζῶμεν⁸</strong></span> <span class='ocrx_word' id='word_1_575' title='bbox 3613 3358 3661 3408; x_wconf 84' lang='grc' dir='ltr'><strong>εί</strong></span> 
     </span>
    </p>
   </div>
   <div class='ocr_carea' id='block_1_78' title="bbox 2056 3444 3662 3530">
    <p class='ocr_par' dir='ltr' id='par_1_78' title="bbox 2056 3444 3662 3530">
     <span class='ocr_line' id='line_1_78' title="bbox 2056 3444 3662 3530; baseline -0.022 1"><span class='ocrx_word' id='word_1_576' title='bbox 2056 3455 2130 3530; x_wconf 76' lang='grc' dir='ltr'><strong>μὴ</strong></span> <span class='ocrx_word' id='word_1_577' title='bbox 2158 3450 2227 3527; x_wconf 78' lang='grc' dir='ltr'>ἦν</span> <span class='ocrx_word' id='word_1_578' title='bbox 2266 3452 2500 3526; x_wconf 67' lang='grc' dir='ltr'>φρουρὰ,</span> <span class='ocrx_word' id='word_1_579' title='bbox 2533 3452 2634 3507; x_wconf 71' lang='grc' dir='ltr'>οὐκ</span> <span class='ocrx_word' id='word_1_580' title='bbox 2656 3452 2721 3505; x_wconf 75' lang='grc' dir='ltr'>ἂν</span> <span class='ocrx_word' id='word_1_581' title='bbox 2750 3450 3195 3523; x_wconf 72' lang='grc' dir='ltr'>ἐφρουρούμεθα·</span> <span class='ocrx_word' id='word_1_582' title='bbox 3223 3452 3273 3503; x_wconf 89' lang='grc' dir='ltr'><strong>εἰ</strong></span> <span class='ocrx_word' id='word_1_583' title='bbox 3299 3448 3379 3520; x_wconf 83' lang='grc' dir='ltr'>μὴ</span> <span class='ocrx_word' id='word_1_584' title='bbox 3407 3444 3485 3521; x_wconf 75' lang='grc' dir='ltr'>ἦν</span> <span class='ocrx_word' id='word_1_585' title='bbox 3504 3449 3662 3517; x_wconf 58' lang='lat' dir='ltr'><strong>xm,</strong></span> 
     </span>
    </p>
   </div>
   <div class='ocr_carea' id='block_1_79' title="bbox 2056 3540 3661 3613">
    <p class='ocr_par' dir='ltr' id='par_1_79' title="bbox 2056 3540 3661 3613">
     <span class='ocr_line' id='line_1_79' title="bbox 2056 3540 3661 3613; baseline -0.005 -18"><span class='ocrx_word' id='word_1_586' title='bbox 2056 3559 2159 3608; x_wconf 87' lang='grc' dir='ltr'>σις,</span> <span class='ocrx_word' id='word_1_587' title='bbox 2188 3544 2289 3595; x_wconf 84' lang='grc' dir='ltr'>οὐκ</span> <span class='ocrx_word' id='word_1_588' title='bbox 2313 3543 2379 3596; x_wconf 84' lang='grc' dir='ltr'>ἂν</span> <span class='ocrx_word' id='word_1_589' title='bbox 2405 3541 2755 3613; x_wconf 81' lang='grc' dir='ltr'>ὲκινούμεθα.</span> <span class='ocrx_word' id='word_1_590' title='bbox 2788 3541 2975 3596; x_wconf 83' lang='grc' dir='ltr'>Πάντα</span> <span class='ocrx_word' id='word_1_591' title='bbox 3025 3540 3178 3610; x_wconf 78' lang='grc' dir='ltr'>γοῦν,</span> <span class='ocrx_word' id='word_1_592' title='bbox 3232 3540 3416 3594; x_wconf 81' lang='grc' dir='ltr'>πάντα</span> <span class='ocrx_word' id='word_1_593' title='bbox 3454 3541 3561 3592; x_wconf 80' lang='grc' dir='ltr'>ὅσα</span> <span class='ocrx_word' id='word_1_594' title='bbox 3602 3541 3661 3589; x_wconf 77' lang='grc' dir='ltr'>ὲν</span> 
     </span>
    </p>
   </div>
   <div class='ocr_carea' id='block_1_80' title="bbox 2051 3629 3657 3704">
    <p class='ocr_par' dir='ltr' id='par_1_80' title="bbox 2051 3629 3657 3704">
     <span class='ocr_line' id='line_1_80' title="bbox 2051 3629 3657 3704; baseline -0.003 -19"><span class='ocrx_word' id='word_1_595' title='bbox 2051 3632 2131 3704; x_wconf 84' lang='grc' dir='ltr'>τῷ</span> <span class='ocrx_word' id='word_1_596' title='bbox 2155 3629 2294 3686; x_wconf 76' lang='grc' dir='ltr'>εἶναι</span> <span class='ocrx_word' id='word_1_597' title='bbox 2316 3634 2468 3697; x_wconf 72' lang='grc' dir='ltr'>ὄντα,</span> <span class='ocrx_word' id='word_1_598' title='bbox 2499 3632 2569 3685; x_wconf 79' lang='grc' dir='ltr'>τὰ</span> <span class='ocrx_word' id='word_1_599' title='bbox 2596 3632 2725 3685; x_wconf 77' lang='grc' dir='ltr'>ὄντα</span> <span class='ocrx_word' id='word_1_600' title='bbox 2756 3631 3234 3704; x_wconf 79' lang='grc' dir='ltr'>χαρακτηρίζουσι.</span> <span class='ocrx_word' id='word_1_601' title='bbox 3273 3632 3448 3683; x_wconf 86' lang='grc' dir='ltr'>Ὄντα</span> <span class='ocrx_word' id='word_1_602' title='bbox 3471 3630 3533 3683; x_wconf 81' lang='grc' dir='ltr'>δὲ</span> <span class='ocrx_word' id='word_1_603' title='bbox 3567 3629 3657 3681; x_wconf 72' lang='grc' dir='ltr'><strong>λέ-</strong></span> 
     </span>
    </p>
   </div>
   <div class='ocr_carea' id='block_1_81' title="bbox 2053 3720 3652 3793">
    <p class='ocr_par' dir='ltr' id='par_1_81' title="bbox 2053 3720 3652 3793">
     <span class='ocr_line' id='line_1_81' title="bbox 2053 3720 3652 3793; baseline -0.004 -15"><span class='ocrx_word' id='word_1_604' title='bbox 2053 3741 2139 3793; x_wconf 87' lang='grc' dir='ltr'>γει</span> <span class='ocrx_word' id='word_1_605' title='bbox 2162 3726 2222 3777; x_wconf 80' lang='grc' dir='ltr'>οὐ</span> <span class='ocrx_word' id='word_1_606' title='bbox 2254 3723 2354 3788; x_wconf 80' lang='grc' dir='ltr'><strong>τὰς</strong></span> <span class='ocrx_word' id='word_1_607' title='bbox 2379 3723 2591 3787; x_wconf 81' lang='grc' dir='ltr'>οὐσίας,</span> <span class='ocrx_word' id='word_1_608' title='bbox 2617 3721 2754 3776; x_wconf 67' lang='grc' dir='ltr'>ἀλλὰ</span> <span class='ocrx_word' id='word_1_609' title='bbox 2788 3722 2859 3775; x_wconf 85' lang='grc' dir='ltr'>τὰ</span> <span class='ocrx_word' id='word_1_610' title='bbox 2888 3724 2946 3776; x_wconf 79' lang='grc' dir='ltr'>ὲν</span> <span class='ocrx_word' id='word_1_611' title='bbox 2993 3726 3114 3786; x_wconf 86' lang='grc' dir='ltr'>ταῖς</span> <span class='ocrx_word' id='word_1_612' title='bbox 3142 3721 3360 3785; x_wconf 81' lang='grc' dir='ltr'>οὐσίαις</span> <span class='ocrx_word' id='word_1_613' title='bbox 3404 3720 3652 3792; x_wconf 70' lang='grc' dir='ltr'>θεωρού-</span> 
     </span>
    </p>
   </div>
   <div class='ocr_carea' id='block_1_82' title="bbox 2058 3814 3654 3889">
    <p class='ocr_par' dir='ltr' id='par_1_82' title="bbox 2058 3814 3654 3889">
     <span class='ocr_line' id='line_1_82' title="bbox 2058 3814 3654 3889; baseline -0.004 -18"><span class='ocrx_word' id='word_1_614' title='bbox 2058 3834 2193 3889; x_wconf 86' lang='grc' dir='ltr'>μενα</span> <span class='ocrx_word' id='word_1_615' title='bbox 2222 3818 2287 3869; x_wconf 86' lang='grc' dir='ltr'>ὲκ</span> <span class='ocrx_word' id='word_1_616' title='bbox 2329 3816 2425 3869; x_wconf 80' lang='grc' dir='ltr'>τοῦ</span> <span class='ocrx_word' id='word_1_617' title='bbox 2448 3815 2584 3869; x_wconf 89' lang='grc' dir='ltr'><strong>Θεοῦ</strong></span> <span class='ocrx_word' id='word_1_618' title='bbox 2613 3818 2756 3870; x_wconf 87' lang='grc' dir='ltr'>εἰσι·</span> <span class='ocrx_word' id='word_1_619' title='bbox 2797 3814 2970 3869; x_wconf 84' lang='grc' dir='ltr'>ταῦτα</span> <span class='ocrx_word' id='word_1_620' title='bbox 3008 3814 3066 3868; x_wconf 81' lang='grc' dir='ltr'>δὲ</span> <span class='ocrx_word' id='word_1_621' title='bbox 3091 3814 3249 3878; x_wconf 72' lang='grc' dir='ltr'>ἐκτὸς</span> <span class='ocrx_word' id='word_1_622' title='bbox 3289 3815 3567 3886; x_wconf 81' lang='grc' dir='ltr'>σωμάτων</span> <span class='ocrx_word' id='word_1_623' title='bbox 3595 3814 3654 3864; x_wconf 69' lang='grc' dir='ltr'>οὐ</span> 
     </span>
    </p>
   </div>
   <div class='ocr_carea' id='block_1_83' title="bbox 2054 3907 3655 3979">
    <p class='ocr_par' dir='ltr' id='par_1_83' title="bbox 2054 3907 3655 3979">
     <span class='ocr_line' id='line_1_83' title="bbox 2054 3907 3655 3979; baseline -0.003 -14"><span class='ocrx_word' id='word_1_624' title='bbox 2054 3911 2276 3965; x_wconf 80' lang='grc' dir='ltr'>δύναται</span> <span class='ocrx_word' id='word_1_625' title='bbox 2307 3909 2678 3975; x_wconf 80' lang='grc' dir='ltr'>συνίστασθαι,</span> <span class='ocrx_word' id='word_1_626' title='bbox 2731 3908 2892 3963; x_wconf 81' lang='grc' dir='ltr'>διεῖλε</span> <span class='ocrx_word' id='word_1_627' title='bbox 2944 3909 3001 3963; x_wconf 83' lang='grc' dir='ltr'>δὲ</span> <span class='ocrx_word' id='word_1_628' title='bbox 3041 3907 3195 3979; x_wconf 80' lang='grc' dir='ltr'>ὁμῶς</span> <span class='ocrx_word' id='word_1_629' title='bbox 3227 3908 3372 3962; x_wconf 81' lang='grc' dir='ltr'><strong>αὐτά</strong></span> <span class='ocrx_word' id='word_1_630' title='bbox 3407 3909 3436 3961; x_wconf 84' lang='grc' dir='ltr'>ὁ</span> <span class='ocrx_word' id='word_1_631' title='bbox 3458 3908 3655 3976; x_wconf 71' lang='grc' dir='ltr'>Πατὴρ</span> 
     </span>
    </p>
   </div>
   <div class='ocr_carea' id='block_1_84' title="bbox 2056 4001 2467 4056">
    <p class='ocr_par' dir='ltr' id='par_1_84' title="bbox 2056 4001 2467 4056">
     <span class='ocr_line' id='line_1_84' title="bbox 2056 4001 2467 4056; baseline -0.005 -1"><span class='ocrx_word' id='word_1_632' title='bbox 2056 4003 2177 4055; x_wconf 82' lang='grc' dir='ltr'>κατ’</span> <span class='ocrx_word' id='word_1_633' title='bbox 2206 4001 2467 4056; x_wconf 76' lang='grc' dir='ltr'>ἐπίνοιαν.</span> 
     </span>
    </p>
   </div>
   <div class='ocr_carea' id='block_1_85' title="bbox 2129 4266 3653 4342">
    <p class='ocr_par' dir='ltr' id='par_1_85' title="bbox 2129 4266 3653 4342">
     <span class='ocr_line' id='line_1_85' title="bbox 2129 4266 3653 4342; baseline -0.003 -20"><span class='ocrx_word' id='word_1_634' title='bbox 2129 4270 2157 4342; x_wconf 82' lang='lat'>§</span> <span class='ocrx_word' id='word_1_635' title='bbox 2198 4267 2333 4322; x_wconf 80' lang='lat' dir='ltr'><strong>VIII.</strong></span> <span class='ocrx_word' id='word_1_636' title='bbox 2360 4268 2471 4322; x_wconf 74' lang='grc' dir='ltr'><strong>Καὶ</strong></span> <span class='ocrx_word' id='word_1_637' title='bbox 2497 4268 2562 4320; x_wconf 83' lang='grc' dir='ltr'>ὲκ</span> <span class='ocrx_word' id='word_1_638' title='bbox 2587 4268 2687 4339; x_wconf 82' lang='grc' dir='ltr'><strong>τῆς</strong></span> <span class='ocrx_word' id='word_1_639' title='bbox 2727 4268 2905 4331; x_wconf 86' lang='grc' dir='ltr'>αἰτίας</span> <span class='ocrx_word' id='word_1_640' title='bbox 2944 4266 3054 4321; x_wconf 83' lang='grc' dir='ltr'>τῶν</span> <span class='ocrx_word' id='word_1_641' title='bbox 3100 4267 3321 4320; x_wconf 83' lang='grc' dir='ltr'>πάντων</span> <span class='ocrx_word' id='word_1_642' title='bbox 3361 4269 3419 4321; x_wconf 86' lang='grc' dir='ltr'><strong>αἰ</strong></span> <span class='ocrx_word' id='word_1_643' title='bbox 3464 4269 3653 4337; x_wconf 50' lang='lat' dir='ltr'><strong>venui.</strong></span> 
     </span>
    </p>
   </div>
   <div class='ocr_carea' id='block_1_86' title="bbox 2056 4358 3652 4433">
    <p class='ocr_par' dir='ltr' id='par_1_86' title="bbox 2056 4358 3652 4433">
     <span class='ocr_line' id='line_1_86' title="bbox 2056 4358 3652 4433; baseline -0.003 -18"><span class='ocrx_word' id='word_1_644' title='bbox 2056 4363 2132 4427; x_wconf 83' lang='grc' dir='ltr'><strong>ὼς</strong></span> <span class='ocrx_word' id='word_1_645' title='bbox 2155 4360 2292 4433; x_wconf 79' lang='grc' dir='ltr'>πρὸς</span> <span class='ocrx_word' id='word_1_646' title='bbox 2319 4362 2487 4432; x_wconf 78' lang='grc' dir='ltr'>ἡμᾶς,</span> <span class='ocrx_word' id='word_1_647' title='bbox 2512 4360 2607 4414; x_wconf 78' lang='grc' dir='ltr'><strong>καὶ</strong></span> <span class='ocrx_word' id='word_1_648' title='bbox 2632 4362 2817 4432; x_wconf 69' lang='lat' dir='ltr'><strong>vespa).</strong></span> <span class='ocrx_word' id='word_1_649' title='bbox 2841 4359 2917 4424; x_wconf 84' lang='grc' dir='ltr'><strong>ὼς</strong></span> <span class='ocrx_word' id='word_1_650' title='bbox 2955 4358 3091 4430; x_wconf 84' lang='grc' dir='ltr'>πρὸς</span> <span class='ocrx_word' id='word_1_651' title='bbox 3116 4358 3208 4411; x_wconf 80' lang='grc' dir='ltr'>τὸν</span> <span class='ocrx_word' id='word_1_652' title='bbox 3234 4358 3371 4411; x_wconf 85' lang='grc' dir='ltr'>Θεὸν</span> <span class='ocrx_word' id='word_1_653' title='bbox 3395 4358 3652 4429; x_wconf 74' lang='grc' dir='ltr'>δυνάμεις</span> 
     </span>
    </p>
   </div>
   <div class='ocr_carea' id='block_1_87' title="bbox 2057 4449 3653 4527">
    <p class='ocr_par' dir='ltr' id='par_1_87' title="bbox 2057 4449 3653 4527">
     <span class='ocr_line' id='line_1_87' title="bbox 2057 4449 3653 4527; baseline -0.004 -17"><span class='ocrx_word' id='word_1_654' title='bbox 2057 4454 2391 4527; x_wconf 76' lang='grc' dir='ltr'>ὑπέστησαν,</span> <span class='ocrx_word' id='word_1_655' title='bbox 2443 4454 2537 4506; x_wconf 75' lang='grc' dir='ltr'><strong>καὶ</strong></span> <span class='ocrx_word' id='word_1_656' title='bbox 2583 4455 2639 4507; x_wconf 84' lang='grc' dir='ltr'>αἱ</span> <span class='ocrx_word' id='word_1_657' title='bbox 2682 4453 2871 4524; x_wconf 77' lang='grc' dir='ltr'>ψυχαὶ,</span> <span class='ocrx_word' id='word_1_658' title='bbox 2918 4452 3013 4505; x_wconf 77' lang='grc' dir='ltr'>καὶ</span> <span class='ocrx_word' id='word_1_659' title='bbox 3048 4451 3118 4504; x_wconf 75' lang='grc' dir='ltr'>τὰ</span> <span class='ocrx_word' id='word_1_660' title='bbox 3166 4449 3432 4522; x_wconf 84' lang='grc' dir='ltr'>σώματα,</span> <span class='ocrx_word' id='word_1_661' title='bbox 3467 4451 3566 4504; x_wconf 68' lang='grc' dir='ltr'><strong>καὶ</strong></span> <span class='ocrx_word' id='word_1_662' title='bbox 3587 4450 3653 4503; x_wconf 66' lang='grc' dir='ltr'>τὰ</span> 
     </span>
    </p>
   </div>
   <div class='ocr_carea' id='block_1_88' title="bbox 369 4542 1951 4616">
    <p class='ocr_par' dir='ltr' id='par_1_88' title="bbox 369 4543 1951 4612">
     <span class='ocr_line' id='line_1_88' title="bbox 369 4543 1951 4612; baseline 0 -15"><span class='ocrx_word' id='word_1_663' title='bbox 369 4559 623 4612; x_wconf 88' lang='lat' dir='ltr'><strong>corpora,</strong></span> <span class='ocrx_word' id='word_1_664' title='bbox 671 4552 726 4598; x_wconf 89' lang='lat' dir='ltr'><strong>et</strong></span> <span class='ocrx_word' id='word_1_665' title='bbox 769 4557 891 4612; x_wconf 66' lang='lat' dir='ltr'><strong>quae</strong></span> <span class='ocrx_word' id='word_1_666' title='bbox 930 4544 1314 4612; x_wconf 90' lang='lat' dir='ltr'><strong>quoquomodo</strong></span> <span class='ocrx_word' id='word_1_667' title='bbox 1364 4544 1417 4597; x_wconf 88' lang='lat' dir='ltr'><strong>in</strong></span> <span class='ocrx_word' id='word_1_668' title='bbox 1468 4543 1591 4600; x_wconf 88' lang='lat' dir='ltr'><strong>aliis</strong></span> <span class='ocrx_word' id='word_1_669' title='bbox 1639 4544 1951 4608; x_wconf 81' lang='lat' dir='ltr'><strong>exsistunt,</strong></span> 
     </span>
    </p>
   </div>
   <div class='ocr_carea' id='block_1_89' title="bbox 2126 4542 3649 4616">
    <p class='ocr_par' dir='ltr' id='par_1_89' title="bbox 2126 4542 3649 4616">
     <span class='ocr_line' id='line_1_89' title="bbox 2126 4542 3649 4616; baseline -0.003 -17"><span class='ocrx_word' id='word_1_670' title='bbox 2126 4544 2310 4600; x_wconf 71' lang='grc' dir='ltr'>ςωσοῦν</span> <span class='ocrx_word' id='word_1_671' title='bbox 2346 4545 2379 4615; x_wconf 85' lang='grc' dir='ltr'>ἢ</span> <span class='ocrx_word' id='word_1_672' title='bbox 2407 4546 2463 4598; x_wconf 80' lang='grc' dir='ltr'>ὲν</span> <span class='ocrx_word' id='word_1_673' title='bbox 2490 4544 2699 4616; x_wconf 76' lang='grc' dir='ltr'>ἑτέροις</span> <span class='ocrx_word' id='word_1_674' title='bbox 2726 4542 3063 4616; x_wconf 83' lang='grc' dir='ltr'>ὑπάρχοντα,</span> <span class='ocrx_word' id='word_1_675' title='bbox 3094 4543 3170 4607; x_wconf 83' lang='grc' dir='ltr'><strong>ὡς</strong></span> <span class='ocrx_word' id='word_1_676' title='bbox 3193 4542 3418 4615; x_wconf 82' lang='grc' dir='ltr'>χρῶμα,</span> <span class='ocrx_word' id='word_1_677' title='bbox 3448 4544 3649 4616; x_wconf 72' lang='grc' dir='ltr'>σχῆμα,</span> 
     </span>
    </p>
   </div>
   <div class='ocr_carea' id='block_1_90' title="bbox 371 4635 1954 4706">
    <p class='ocr_par' dir='ltr' id='par_1_90' title="bbox 371 4635 1954 4706">
     <span class='ocr_line' id='line_1_90' title="bbox 371 4635 1954 4706; baseline 0 -17"><span class='ocrx_word' id='word_1_678' title='bbox 371 4647 429 4689; x_wconf 90' lang='lat' dir='ltr'><strong>nt</strong></span> <span class='ocrx_word' id='word_1_679' title='bbox 470 4637 645 4701; x_wconf 84' lang='lat' dir='ltr'><strong>color,</strong></span> <span class='ocrx_word' id='word_1_680' title='bbox 700 4635 900 4701; x_wconf 82' lang='lat' dir='ltr'><strong>forma,</strong></span> <span class='ocrx_word' id='word_1_681' title='bbox 930 4635 1194 4705; x_wconf 86' lang='lat' dir='ltr'><strong>qualitas,</strong></span> <span class='ocrx_word' id='word_1_682' title='bbox 1231 4637 1449 4705; x_wconf 83' lang='lat' dir='ltr'><strong>aliaque</strong></span> <span class='ocrx_word' id='word_1_683' title='bbox 1487 4652 1607 4706; x_wconf 68' lang='lat' dir='ltr'><strong>qua:</strong></span> <span class='ocrx_word' id='word_1_684' title='bbox 1648 4637 1795 4693; x_wconf 90' lang='lat' dir='ltr'><strong>circa</strong></span> <span class='ocrx_word' id='word_1_685' title='bbox 1830 4652 1954 4691; x_wconf 86' lang='lat' dir='ltr'><strong>cor-</strong></span> 
     </span>
    </p>
   </div>
   <div class='ocr_carea' id='block_1_91' title="bbox 370 4728 1953 4800">
    <p class='ocr_par' dir='ltr' id='par_1_91' title="bbox 370 4728 1953 4800">
     <span class='ocr_line' id='line_1_91' title="bbox 370 4728 1953 4800; baseline -0.001 -14"><span class='ocrx_word' id='word_1_686' title='bbox 370 4747 472 4800; x_wconf 82' lang='lat' dir='ltr'><strong>pus</strong></span> <span class='ocrx_word' id='word_1_687' title='bbox 528 4740 865 4795; x_wconf 88' lang='lat' dir='ltr'><strong>cernuntur,</strong></span> <span class='ocrx_word' id='word_1_688' title='bbox 932 4728 1016 4784; x_wconf 86' lang='lat' dir='ltr'><strong>vel</strong></span> <span class='ocrx_word' id='word_1_689' title='bbox 1078 4743 1177 4799; x_wconf 86' lang='lat' dir='ltr'><strong>per</strong></span> <span class='ocrx_word' id='word_1_690' title='bbox 1243 4733 1633 4799; x_wconf 83' lang='lat' dir='ltr'><strong>cogitationem</strong></span> <span class='ocrx_word' id='word_1_691' title='bbox 1689 4746 1812 4787; x_wconf 87' lang='lat' dir='ltr'><strong>esse</strong></span> <span class='ocrx_word' id='word_1_692' title='bbox 1867 4730 1953 4784; x_wconf 87' lang='lat' dir='ltr'><strong>di-</strong></span> 
     </span>
    </p>
   </div>
   <div class='ocr_carea' id='block_1_92' title="bbox 369 4822 1949 4891">
    <p class='ocr_par' dir='ltr' id='par_1_92' title="bbox 369 4822 1949 4891">
     <span class='ocr_line' id='line_1_92' title="bbox 369 4822 1949 4891; baseline 0 -12"><span class='ocrx_word' id='word_1_693' title='bbox 369 4834 599 4889; x_wconf 85' lang='lat' dir='ltr'><strong>cuntur,</strong></span> <span class='ocrx_word' id='word_1_694' title='bbox 660 4833 721 4878; x_wconf 91' lang='lat' dir='ltr'><strong>ut</strong></span> <span class='ocrx_word' id='word_1_695' title='bbox 774 4822 1097 4889; x_wconf 88' lang='lat' dir='ltr'><strong>intellectio,</strong></span> <span class='ocrx_word' id='word_1_696' title='bbox 1140 4836 1355 4888; x_wconf 87' lang='lat' dir='ltr'><strong>sensus,</strong></span> <span class='ocrx_word' id='word_1_697' title='bbox 1388 4825 1566 4891; x_wconf 89' lang='lat' dir='ltr'><strong>ratio,</strong></span> <span class='ocrx_word' id='word_1_698' title='bbox 1620 4834 1677 4880; x_wconf 91' lang='lat' dir='ltr'><strong>et</strong></span> <span class='ocrx_word' id='word_1_699' title='bbox 1726 4825 1949 4881; x_wconf 89' lang='lat' dir='ltr'><strong>similia.</strong></span> 
     </span>
    </p>
   </div>
   <div class='ocr_carea' id='block_1_93' title="bbox 371 4913 1954 4985">
    <p class='ocr_par' dir='ltr' id='par_1_93' title="bbox 371 4913 1954 4985">
     <span class='ocr_line' id='line_1_93' title="bbox 371 4913 1954 4985; baseline -0.001 -14"><span class='ocrx_word' id='word_1_700' title='bbox 371 4917 467 4972; x_wconf 79' lang='lat' dir='ltr'><strong>Illa</strong></span> <span class='ocrx_word' id='word_1_701' title='bbox 529 4916 719 4985; x_wconf 92' lang='lat' dir='ltr'><strong>utique</strong></span> <span class='ocrx_word' id='word_1_702' title='bbox 762 4917 830 4969; x_wconf 91' lang='lat' dir='ltr'><strong>ab</strong></span> <span class='ocrx_word' id='word_1_703' title='bbox 884 4914 970 4970; x_wconf 87' lang='lat' dir='ltr'><strong>his</strong></span> <span class='ocrx_word' id='word_1_704' title='bbox 1013 4913 1275 4979; x_wconf 86' lang='lat' dir='ltr'><strong>secernit,</strong></span> <span class='ocrx_word' id='word_1_705' title='bbox 1335 4916 1590 4983; x_wconf 88' lang='lat' dir='ltr'><strong>quoniam</strong></span> <span class='ocrx_word' id='word_1_706' title='bbox 1636 4914 1765 4981; x_wconf 91' lang='lat' dir='ltr'><strong>illa,</strong></span> <span class='ocrx_word' id='word_1_707' title='bbox 1814 4926 1954 4970; x_wconf 91' lang='lat' dir='ltr'><strong>tam-</strong></span> 
     </span>
    </p>
   </div>
   <div class='ocr_carea' id='block_1_94' title="bbox 370 5006 1956 5076">
    <p class='ocr_par' dir='ltr' id='par_1_94' title="bbox 370 5006 1956 5076">
     <span class='ocr_line' id='line_1_94' title="bbox 370 5006 1956 5076; baseline -0.001 -13"><span class='ocrx_word' id='word_1_708' title='bbox 370 5009 474 5065; x_wconf 88' lang='lat' dir='ltr'><strong>etsi</strong></span> <span class='ocrx_word' id='word_1_709' title='bbox 517 5008 571 5062; x_wconf 91' lang='lat' dir='ltr'><strong>in</strong></span> <span class='ocrx_word' id='word_1_710' title='bbox 614 5008 737 5064; x_wconf 87' lang='lat' dir='ltr'><strong>aliis</strong></span> <span class='ocrx_word' id='word_1_711' title='bbox 801 5008 1144 5071; x_wconf 89' lang='lat' dir='ltr'><strong>subsistant,</strong></span> <span class='ocrx_word' id='word_1_712' title='bbox 1196 5016 1377 5062; x_wconf 83' lang='lat' dir='ltr'><strong>tamen</strong></span> <span class='ocrx_word' id='word_1_713' title='bbox 1428 5006 1615 5062; x_wconf 88' lang='lat' dir='ltr'><strong>sensui</strong></span> <span class='ocrx_word' id='word_1_714' title='bbox 1653 5007 1956 5076; x_wconf 84' lang='lat' dir='ltr'><strong>subjiciun-</strong></span> 
     </span>
    </p>
   </div>
   <div class='ocr_carea' id='block_1_95' title="bbox 377 5100 1955 5170">
    <p class='ocr_par' dir='ltr' id='par_1_95' title="bbox 377 5100 1955 5170">
     <span class='ocr_line' id='line_1_95' title="bbox 377 5100 1955 5170; baseline -0.001 -15"><span class='ocrx_word' id='word_1_715' title='bbox 377 5112 498 5167; x_wconf 91' lang='lat' dir='ltr'><strong>tur;</strong></span> <span class='ocrx_word' id='word_1_716' title='bbox 553 5102 670 5157; x_wconf 75' lang='lat' dir='ltr'><strong>hzee</strong></span> <span class='ocrx_word' id='word_1_717' title='bbox 743 5110 925 5156; x_wconf 89' lang='lat' dir='ltr'><strong>autem</strong></span> <span class='ocrx_word' id='word_1_718' title='bbox 988 5114 1329 5170; x_wconf 88' lang='lat' dir='ltr'><strong>nequaquam</strong></span> <span class='ocrx_word' id='word_1_719' title='bbox 1393 5100 1576 5155; x_wconf 89' lang='lat' dir='ltr'><strong>sensui</strong></span> <span class='ocrx_word' id='word_1_720' title='bbox 1640 5100 1955 5170; x_wconf 68' lang='lat' dir='ltr'><strong>subjacent,</strong></span> 
     </span>
    </p>
   </div>
   <div class='ocr_carea' id='block_1_96' title="bbox 375 5194 1956 5264">
    <p class='ocr_par' dir='ltr' id='par_1_96' title="bbox 375 5194 1956 5264">
     <span class='ocr_line' id='line_1_96' title="bbox 375 5194 1956 5264; baseline -0.001 -14"><span class='ocrx_word' id='word_1_721' title='bbox 375 5196 470 5251; x_wconf 87' lang='lat' dir='ltr'><strong>sed</strong></span> <span class='ocrx_word' id='word_1_722' title='bbox 502 5209 603 5264; x_wconf 89' lang='lat' dir='ltr'><strong>per</strong></span> <span class='ocrx_word' id='word_1_723' title='bbox 640 5194 811 5248; x_wconf 89' lang='lat' dir='ltr'><strong>solam</strong></span> <span class='ocrx_word' id='word_1_724' title='bbox 854 5194 1246 5264; x_wconf 80' lang='lat' dir='ltr'><strong>cogitationem</strong></span> <span class='ocrx_word' id='word_1_725' title='bbox 1301 5203 1730 5264; x_wconf 74' lang='lat' dir='ltr'><strong>cognoscuntur.</strong></span> <span class='ocrx_word' id='word_1_726' title='bbox 1767 5194 1956 5264; x_wconf 89' lang='lat' dir='ltr'><strong>Itaque</strong></span> 
     </span>
    </p>
   </div>
   <div class='ocr_carea' id='block_1_97' title="bbox 374 5288 1958 5357">
    <p class='ocr_par' dir='ltr' id='par_1_97' title="bbox 374 5288 1958 5357">
     <span class='ocr_line' id='line_1_97' title="bbox 374 5288 1958 5357; baseline 0.001 -16"><span class='ocrx_word' id='word_1_727' title='bbox 374 5288 607 5342; x_wconf 78' lang='lat' dir='ltr'><strong>virtutes</strong></span> <span class='ocrx_word' id='word_1_728' title='bbox 662 5288 766 5342; x_wconf 77' lang='lat' dir='ltr'><strong>illae</strong></span> <span class='ocrx_word' id='word_1_729' title='bbox 815 5288 1029 5353; x_wconf 65' lang='lat' dir='ltr'><strong>beatae,</strong></span> <span class='ocrx_word' id='word_1_730' title='bbox 1083 5296 1199 5342; x_wconf 91' lang='lat' dir='ltr'><strong>tam</strong></span> <span class='ocrx_word' id='word_1_731' title='bbox 1243 5288 1431 5357; x_wconf 77' lang='lat' dir='ltr'><strong>prima:</strong></span> <span class='ocrx_word' id='word_1_732' title='bbox 1458 5303 1621 5357; x_wconf 89' lang='lat' dir='ltr'><strong>quam</strong></span> <span class='ocrx_word' id='word_1_733' title='bbox 1664 5298 1958 5357; x_wconf 85' lang='lat' dir='ltr'><strong>sequentes</strong></span> 
     </span>
    </p>
   </div>
   <div class='ocr_carea' id='block_1_98' title="bbox 373 5378 1954 5451">
    <p class='ocr_par' dir='ltr' id='par_1_98' title="bbox 373 5378 1954 5451">
     <span class='ocr_line' id='line_1_98' title="bbox 373 5378 1954 5451; baseline 0.001 -17"><span class='ocrx_word' id='word_1_734' title='bbox 373 5388 428 5434; x_wconf 91' lang='lat' dir='ltr'><strong>et</strong></span> <span class='ocrx_word' id='word_1_735' title='bbox 495 5378 703 5433; x_wconf 79' lang='lat' dir='ltr'><strong>ultima:</strong></span> <span class='ocrx_word' id='word_1_736' title='bbox 764 5380 942 5448; x_wconf 83' lang='lat' dir='ltr'><strong>quoad</strong></span> <span class='ocrx_word' id='word_1_737' title='bbox 1016 5380 1173 5443; x_wconf 88' lang='lat' dir='ltr'><strong>illas,</strong></span> <span class='ocrx_word' id='word_1_738' title='bbox 1229 5395 1338 5435; x_wconf 93' lang='lat' dir='ltr'><strong>non</strong></span> <span class='ocrx_word' id='word_1_739' title='bbox 1382 5383 1565 5451; x_wconf 86' lang='lat' dir='ltr'><strong>quoad</strong></span> <span class='ocrx_word' id='word_1_740' title='bbox 1634 5397 1771 5447; x_wconf 88' lang='lat' dir='ltr'><strong>nos;</strong></span> <span class='ocrx_word' id='word_1_741' title='bbox 1831 5398 1954 5436; x_wconf 88' lang='lat' dir='ltr'><strong>nam</strong></span> 
     </span>
    </p>
   </div>
   <div class='ocr_carea' id='block_1_99' title="bbox 376 5473 1957 5542">
    <p class='ocr_par' dir='ltr' id='par_1_99' title="bbox 376 5473 1957 5542">
     <span class='ocr_line' id='line_1_99' title="bbox 376 5473 1957 5542; baseline 0.003 -17"><span class='ocrx_word' id='word_1_742' title='bbox 376 5473 552 5540; x_wconf 88' lang='lat' dir='ltr'><strong>quoad</strong></span> <span class='ocrx_word' id='word_1_743' title='bbox 622 5487 721 5528; x_wconf 89' lang='lat' dir='ltr'><strong>nos</strong></span> <span class='ocrx_word' id='word_1_744' title='bbox 780 5488 969 5527; x_wconf 90' lang='lat' dir='ltr'><strong>omnes</strong></span> <span class='ocrx_word' id='word_1_745' title='bbox 1028 5473 1504 5542; x_wconf 83' lang='lat' dir='ltr'><strong>supermundiales</strong></span> <span class='ocrx_word' id='word_1_746' title='bbox 1556 5486 1723 5541; x_wconf 87' lang='lat' dir='ltr'><strong>sunt,</strong></span> <span class='ocrx_word' id='word_1_747' title='bbox 1792 5476 1957 5529; x_wconf 89' lang='lat' dir='ltr'><strong>etiam</strong></span> 
     </span>
    </p>
   </div>
   <div class='ocr_carea' id='block_1_100' title="bbox 375 5566 1953 5634">
    <p class='ocr_par' dir='ltr' id='par_1_100' title="bbox 375 5566 1953 5634">
     <span class='ocr_line' id='line_1_100' title="bbox 375 5566 1953 5634; baseline 0.001 -15"><span class='ocrx_word' id='word_1_748' title='bbox 375 5577 698 5634; x_wconf 63' lang='lat' dir='ltr'><strong>postretitw;</strong></span> <span class='ocrx_word' id='word_1_749' title='bbox 744 5576 799 5620; x_wconf 88' lang='lat' dir='ltr'><strong>et</strong></span> <span class='ocrx_word' id='word_1_750' title='bbox 846 5566 1192 5633; x_wconf 85' lang='lat' dir='ltr'><strong>principatus</strong></span> <span class='ocrx_word' id='word_1_751' title='bbox 1237 5576 1292 5623; x_wconf 89' lang='lat' dir='ltr'><strong>et</strong></span> <span class='ocrx_word' id='word_1_752' title='bbox 1321 5569 1507 5624; x_wconf 81' lang='lat' dir='ltr'><strong>omnia</strong></span> <span class='ocrx_word' id='word_1_753' title='bbox 1546 5586 1612 5627; x_wconf 80' lang='lat' dir='ltr'><strong>ex</strong></span> <span class='ocrx_word' id='word_1_754' title='bbox 1661 5568 1772 5623; x_wconf 89' lang='lat' dir='ltr'><strong>Deo</strong></span> <span class='ocrx_word' id='word_1_755' title='bbox 1814 5569 1953 5622; x_wconf 90' lang='lat' dir='ltr'><strong>etin</strong></span> 
     </span>
    </p>
   </div>
   <div class='ocr_carea' id='block_1_101' title="bbox 2061 4633 3655 4709">
    <p class='ocr_par' dir='ltr' id='par_1_101' title="bbox 2061 4633 3655 4709">
     <span class='ocr_line' id='line_1_101' title="bbox 2061 4633 3655 4709; baseline -0.001 -20"><span class='ocrx_word' id='word_1_756' title='bbox 2061 4636 2383 4709; x_wconf 82' lang='grc' dir='ltr'>πηλικότης,</span> <span class='ocrx_word' id='word_1_757' title='bbox 2428 4637 2523 4689; x_wconf 77' lang='grc' dir='ltr'>καὶ</span> <span class='ocrx_word' id='word_1_758' title='bbox 2563 4634 2729 4689; x_wconf 81' lang='grc' dir='ltr'>τᾶλλα</span> <span class='ocrx_word' id='word_1_759' title='bbox 2766 4636 2833 4688; x_wconf 70' lang='grc' dir='ltr'>τὰ</span> <span class='ocrx_word' id='word_1_760' title='bbox 2872 4634 2996 4705; x_wconf 80' lang='grc' dir='ltr'>περὶ</span> <span class='ocrx_word' id='word_1_761' title='bbox 3035 4634 3097 4687; x_wconf 84' lang='grc' dir='ltr'>τὸ</span> <span class='ocrx_word' id='word_1_762' title='bbox 3122 4634 3283 4704; x_wconf 85' lang='grc' dir='ltr'>σῶμα</span> <span class='ocrx_word' id='word_1_763' title='bbox 3308 4634 3592 4706; x_wconf 75' lang='grc' dir='ltr'>ὁρώμενα,</span> <span class='ocrx_word' id='word_1_764' title='bbox 3620 4633 3655 4701; x_wconf 70' lang='grc' dir='ltr'><strong>ἢ</strong></span> 
     </span>
    </p>
   </div>
   <div class='ocr_carea' id='block_1_102' title="bbox 2060 4724 3649 4801">
    <p class='ocr_par' dir='ltr' id='par_1_102' title="bbox 2060 4724 3649 4801">
     <span class='ocr_line' id='line_1_102' title="bbox 2060 4724 3649 4801; baseline -0.004 -15"><span class='ocrx_word' id='word_1_765' title='bbox 2060 4735 2184 4786; x_wconf 79' lang='grc' dir='ltr'>κατ’</span> <span class='ocrx_word' id='word_1_766' title='bbox 2223 4732 2465 4785; x_wconf 81' lang='grc' dir='ltr'>ἐπίνοιαν</span> <span class='ocrx_word' id='word_1_767' title='bbox 2508 4725 2648 4784; x_wconf 80' lang='grc' dir='ltr'>εἶναι</span> <span class='ocrx_word' id='word_1_768' title='bbox 2687 4730 2972 4801; x_wconf 78' lang='grc' dir='ltr'>λεγόμενα,</span> <span class='ocrx_word' id='word_1_769' title='bbox 3000 4724 3111 4781; x_wconf 77' lang='grc' dir='ltr'>οἷον</span> <span class='ocrx_word' id='word_1_770' title='bbox 3144 4730 3347 4799; x_wconf 78' lang='grc' dir='ltr'>νόημα,</span> <span class='ocrx_word' id='word_1_771' title='bbox 3378 4730 3649 4799; x_wconf 68' lang='grc' dir='ltr'>αἴσθησις,</span> 
     </span>
    </p>
   </div>
   <div class='ocr_carea' id='block_1_103' title="bbox 2060 4817 3651 4893">
    <p class='ocr_par' dir='ltr' id='par_1_103' title="bbox 2060 4817 3651 4893">
     <span class='ocr_line' id='line_1_103' title="bbox 2060 4817 3651 4893; baseline -0.004 -16"><span class='ocrx_word' id='word_1_772' title='bbox 2060 4825 2216 4893; x_wconf 86' lang='grc' dir='ltr'>λόγος</span> <span class='ocrx_word' id='word_1_773' title='bbox 2243 4862 2258 4887; x_wconf 91' lang='grc'><strong>,</strong></span> <span class='ocrx_word' id='word_1_774' title='bbox 2310 4824 2404 4876; x_wconf 72' lang='grc' dir='ltr'>καὶ</span> <span class='ocrx_word' id='word_1_775' title='bbox 2445 4821 2515 4874; x_wconf 79' lang='grc' dir='ltr'>τὰ</span> <span class='ocrx_word' id='word_1_776' title='bbox 2558 4819 2802 4874; x_wconf 81' lang='grc' dir='ltr'>τοιαῦτα.</span> <span class='ocrx_word' id='word_1_777' title='bbox 2851 4818 3089 4891; x_wconf 77' lang='grc' dir='ltr'>Χωρίζει</span> <span class='ocrx_word' id='word_1_778' title='bbox 3131 4817 3261 4887; x_wconf 82' lang='grc' dir='ltr'>γοῦν</span> <span class='ocrx_word' id='word_1_779' title='bbox 3314 4819 3506 4873; x_wconf 74' lang='grc' dir='ltr'>ἐκεῖνα</span> <span class='ocrx_word' id='word_1_780' title='bbox 3552 4819 3651 4871; x_wconf 69' lang='grc' dir='ltr'>ἀπὺ</span> 
     </span>
    </p>
   </div>
   <div class='ocr_carea' id='block_1_104' title="bbox 2059 4911 3649 4985">
    <p class='ocr_par' dir='ltr' id='par_1_104' title="bbox 2059 4911 3649 4985">
     <span class='ocr_line' id='line_1_104' title="bbox 2059 4911 3649 4985; baseline -0.004 -13"><span class='ocrx_word' id='word_1_781' title='bbox 2059 4920 2285 4981; x_wconf 83' lang='grc' dir='ltr'>τούτων,</span> <span class='ocrx_word' id='word_1_782' title='bbox 2313 4920 2395 4971; x_wconf 82' lang='grc' dir='ltr'>ὅτι</span> <span class='ocrx_word' id='word_1_783' title='bbox 2425 4918 2628 4979; x_wconf 83' lang='grc' dir='ltr'>ἐκεῖνα,</span> <span class='ocrx_word' id='word_1_784' title='bbox 2655 4917 2704 4968; x_wconf 89' lang='grc' dir='ltr'><strong>εἰ</strong></span> <span class='ocrx_word' id='word_1_785' title='bbox 2731 4915 2825 4968; x_wconf 76' lang='grc' dir='ltr'>καὶ</span> <span class='ocrx_word' id='word_1_786' title='bbox 2849 4916 2908 4967; x_wconf 75' lang='grc' dir='ltr'>ὲν</span> <span class='ocrx_word' id='word_1_787' title='bbox 2932 4913 3138 4985; x_wconf 76' lang='grc' dir='ltr'>ἑτέροις</span> <span class='ocrx_word' id='word_1_788' title='bbox 3165 4913 3519 4982; x_wconf 78' lang='grc' dir='ltr'>ὑφίστανται,</span> <span class='ocrx_word' id='word_1_789' title='bbox 3545 4911 3649 4965; x_wconf 76' lang='grc' dir='ltr'>ἀλλ’</span> 
     </span>
    </p>
   </div>
   <div class='ocr_carea' id='block_1_105' title="bbox 2059 5006 3645 5083">
    <p class='ocr_par' dir='ltr' id='par_1_105' title="bbox 2059 5006 3645 5083">
     <span class='ocr_line' id='line_1_105' title="bbox 2059 5006 3645 5083; baseline -0.006 -16"><span class='ocrx_word' id='word_1_790' title='bbox 2059 5011 2152 5067; x_wconf 82' lang='grc' dir='ltr'>οὖν</span> <span class='ocrx_word' id='word_1_791' title='bbox 2197 5012 2445 5083; x_wconf 84' lang='grc' dir='ltr'>αἰσθήσει</span> <span class='ocrx_word' id='word_1_792' title='bbox 2483 5010 2833 5063; x_wconf 79' lang='grc' dir='ltr'>ὑπόκεινται·</span> <span class='ocrx_word' id='word_1_793' title='bbox 2879 5007 3053 5061; x_wconf 76' lang='grc' dir='ltr'>ταῦτα</span> <span class='ocrx_word' id='word_1_794' title='bbox 3083 5007 3141 5060; x_wconf 83' lang='grc' dir='ltr'>δὲ</span> <span class='ocrx_word' id='word_1_795' title='bbox 3186 5006 3287 5076; x_wconf 83' lang='grc' dir='ltr'><strong>οὐχ</strong></span> <span class='ocrx_word' id='word_1_796' title='bbox 3337 5006 3645 5059; x_wconf 78' lang='grc' dir='ltr'>ὑπόκεινται</span> 
     </span>
    </p>
   </div>
   <div class='ocr_carea' id='block_1_106' title="bbox 2061 5095 3641 5177">
    <p class='ocr_par' dir='ltr' id='par_1_106' title="bbox 2061 5095 3641 5177">
     <span class='ocr_line' id='line_1_106' title="bbox 2061 5095 3641 5177; baseline -0.008 -18"><span class='ocrx_word' id='word_1_797' title='bbox 2061 5105 2332 5177; x_wconf 82' lang='grc' dir='ltr'>αἰσθήσει,</span> <span class='ocrx_word' id='word_1_798' title='bbox 2363 5102 2497 5155; x_wconf 77' lang='grc' dir='ltr'>ἀλλὰ</span> <span class='ocrx_word' id='word_1_799' title='bbox 2522 5101 2642 5155; x_wconf 88' lang='grc' dir='ltr'>κατ’</span> <span class='ocrx_word' id='word_1_800' title='bbox 2670 5100 2913 5155; x_wconf 77' lang='grc' dir='ltr'>ἐπίνοιαν</span> <span class='ocrx_word' id='word_1_801' title='bbox 2940 5099 3107 5170; x_wconf 83' lang='grc' dir='ltr'>μόνην</span> <span class='ocrx_word' id='word_1_802' title='bbox 3132 5095 3518 5166; x_wconf 71' lang='grc' dir='ltr'>γινώσκονται.</span> <span class='ocrx_word' id='word_1_803' title='bbox 3548 5096 3641 5148; x_wconf 74' lang='grc' dir='ltr'><strong>Καὶ</strong></span> 
     </span>
    </p>
   </div>
   <div class='ocr_carea' id='block_1_107' title="bbox 2059 5188 3639 5269">
    <p class='ocr_par' dir='ltr' id='par_1_107' title="bbox 2059 5188 3639 5269">
     <span class='ocr_line' id='line_1_107' title="bbox 2059 5188 3639 5269; baseline -0.008 -18"><span class='ocrx_word' id='word_1_804' title='bbox 2059 5196 2191 5266; x_wconf 81' lang='grc' dir='ltr'>γοῦν</span> <span class='ocrx_word' id='word_1_805' title='bbox 2241 5199 2295 5249; x_wconf 86' lang='grc' dir='ltr'>αἱ</span> <span class='ocrx_word' id='word_1_806' title='bbox 2351 5197 2616 5269; x_wconf 83' lang='grc' dir='ltr'>μακάριαι</span> <span class='ocrx_word' id='word_1_807' title='bbox 2665 5192 2945 5262; x_wconf 84' lang='grc' dir='ltr'>δυνάμεις,</span> <span class='ocrx_word' id='word_1_808' title='bbox 2991 5189 3087 5244; x_wconf 60' lang='grc' dir='ltr'><strong>καὶ⁹</strong></span> <span class='ocrx_word' id='word_1_809' title='bbox 3112 5189 3168 5242; x_wconf 83' lang='grc' dir='ltr'>αἱ</span> <span class='ocrx_word' id='word_1_810' title='bbox 3209 5188 3552 5260; x_wconf 84' lang='grc' dir='ltr'>πρῶταικαί</span> <span class='ocrx_word' id='word_1_811' title='bbox 3591 5188 3639 5239; x_wconf 79' lang='grc' dir='ltr'>αἱ</span> 
     </span>
    </p>
   </div>
   <div class='ocr_carea' id='block_1_108' title="bbox 2064 5279 3637 5360">
    <p class='ocr_par' dir='ltr' id='par_1_108' title="bbox 2064 5279 3637 5360">
     <span class='ocr_line' id='line_1_108' title="bbox 2064 5279 3637 5360; baseline -0.006 -19"><span class='ocrx_word' id='word_1_812' title='bbox 2064 5290 2182 5360; x_wconf 76' lang='grc' dir='ltr'>μετ’</span> <span class='ocrx_word' id='word_1_813' title='bbox 2214 5286 2403 5351; x_wconf 79' lang='grc' dir='ltr'>αὐτὰς,</span> <span class='ocrx_word' id='word_1_814' title='bbox 2444 5288 2539 5340; x_wconf 73' lang='grc' dir='ltr'>καὶ</span> <span class='ocrx_word' id='word_1_815' title='bbox 2586 5287 2640 5340; x_wconf 91' lang='grc' dir='ltr'>αἱ</span> <span class='ocrx_word' id='word_1_816' title='bbox 2692 5285 2920 5355; x_wconf 74' lang='grc' dir='ltr'>ἔσχαται</span> <span class='ocrx_word' id='word_1_817' title='bbox 2962 5282 3098 5355; x_wconf 80' lang='grc' dir='ltr'>πρὸς</span> <span class='ocrx_word' id='word_1_818' title='bbox 3140 5281 3379 5345; x_wconf 78' lang='grc' dir='ltr'>ὲκείνας,</span> <span class='ocrx_word' id='word_1_819' title='bbox 3418 5282 3479 5334; x_wconf 80' lang='grc' dir='ltr'>οὐ</span> <span class='ocrx_word' id='word_1_820' title='bbox 3516 5279 3637 5349; x_wconf 70' lang='grc' dir='ltr'>πρὸς</span> 
     </span>
    </p>
   </div>
   <div class='ocr_carea' id='block_1_109' title="bbox 2062 5375 3631 5454">
    <p class='ocr_par' dir='ltr' id='par_1_109' title="bbox 2062 5375 3631 5454">
     <span class='ocr_line' id='line_1_109' title="bbox 2062 5375 3631 5454; baseline -0.008 -18"><span class='ocrx_word' id='word_1_821' title='bbox 2062 5383 2228 5454; x_wconf 77' lang='grc' dir='ltr'><strong>ἡμᾶς’</strong></span> <span class='ocrx_word' id='word_1_822' title='bbox 2253 5382 2390 5451; x_wconf 82' lang='grc' dir='ltr'>πρὸς</span> <span class='ocrx_word' id='word_1_823' title='bbox 2413 5381 2521 5452; x_wconf 85' lang='grc' dir='ltr'>γὰρ</span> <span class='ocrx_word' id='word_1_824' title='bbox 2542 5381 2690 5450; x_wconf 79' lang='grc' dir='ltr'>ἡμᾶς</span> <span class='ocrx_word' id='word_1_825' title='bbox 2706 5378 3064 5450; x_wconf 88' lang='grc' dir='ltr'>ὑπερκόσμιοί</span> <span class='ocrx_word' id='word_1_826' title='bbox 3087 5377 3192 5428; x_wconf 84' lang='grc' dir='ltr'>εἰσι</span> <span class='ocrx_word' id='word_1_827' title='bbox 3214 5376 3310 5428; x_wconf 79' lang='grc' dir='ltr'>καὶ</span> <span class='ocrx_word' id='word_1_828' title='bbox 3324 5376 3381 5428; x_wconf 90' lang='grc' dir='ltr'><strong>αἰ</strong></span> <span class='ocrx_word' id='word_1_829' title='bbox 3406 5375 3631 5444; x_wconf 72' lang='grc' dir='ltr'>ἔσχαταιο</span> 
     </span>
    </p>
   </div>
   <div class='ocr_carea' id='block_1_110' title="bbox 2062 5463 3631 5546">
    <p class='ocr_par' dir='ltr' id='par_1_110' title="bbox 2062 5463 3631 5546">
     <span class='ocr_line' id='line_1_110' title="bbox 2062 5463 3631 5546; baseline -0.006 -18"><span class='ocrx_word' id='word_1_830' title='bbox 2062 5475 2157 5529; x_wconf 76' lang='grc' dir='ltr'>καὶ</span> <span class='ocrx_word' id='word_1_831' title='bbox 2182 5476 2239 5529; x_wconf 86' lang='grc' dir='ltr'>αἱ</span> <span class='ocrx_word' id='word_1_832' title='bbox 2270 5476 2437 5546; x_wconf 74' lang='grc' dir='ltr'>ἀρχαὶ</span> <span class='ocrx_word' id='word_1_833' title='bbox 2471 5474 2567 5527; x_wconf 78' lang='grc' dir='ltr'>καὶ</span> <span class='ocrx_word' id='word_1_834' title='bbox 2590 5473 2768 5527; x_wconf 82' lang='grc' dir='ltr'>πάντα</span> <span class='ocrx_word' id='word_1_835' title='bbox 2795 5474 2859 5525; x_wconf 84' lang='grc' dir='ltr'>ὲκ</span> <span class='ocrx_word' id='word_1_836' title='bbox 2884 5469 2978 5524; x_wconf 78' lang='grc' dir='ltr'><strong>τοῦ</strong></span> <span class='ocrx_word' id='word_1_837' title='bbox 3002 5468 3137 5523; x_wconf 79' lang='grc' dir='ltr'>Θεοῦ</span> <span class='ocrx_word' id='word_1_838' title='bbox 3182 5468 3277 5521; x_wconf 77' lang='grc' dir='ltr'>καὶ</span> <span class='ocrx_word' id='word_1_839' title='bbox 3318 5470 3378 5520; x_wconf 80' lang='grc' dir='ltr'>ὲν</span> <span class='ocrx_word' id='word_1_840' title='bbox 3416 5466 3493 5536; x_wconf 83' lang='grc' dir='ltr'>τῷ</span> <span class='ocrx_word' id='word_1_841' title='bbox 3530 5463 3631 5533; x_wconf 79' lang='grc' dir='ltr'><strong>Θεῷ</strong></span> 
     </span>
    </p>
   </div>
   <div class='ocr_carea' id='block_1_111' title="bbox 2060 5553 3629 5640">
    <p class='ocr_par' dir='ltr' id='par_1_111' title="bbox 2060 5553 3629 5640">
     <span class='ocr_line' id='line_1_111' title="bbox 2060 5553 3629 5640; baseline -0.009 -19"><span class='ocrx_word' id='word_1_842' title='bbox 2060 5571 2165 5623; x_wconf 86' lang='grc' dir='ltr'>είσι</span> <span class='ocrx_word' id='word_1_843' title='bbox 2189 5586 2202 5597; x_wconf 91' lang='grc'><strong>·</strong></span> <span class='ocrx_word' id='word_1_844' title='bbox 2253 5570 2347 5622; x_wconf 76' lang='grc' dir='ltr'>καὶ</span> <span class='ocrx_word' id='word_1_845' title='bbox 2396 5568 2470 5640; x_wconf 83' lang='grc' dir='ltr'>μὴ</span> <span class='ocrx_word' id='word_1_846' title='bbox 2526 5566 2684 5639; x_wconf 85' lang='grc' dir='ltr'>μόνον</span> <span class='ocrx_word' id='word_1_847' title='bbox 2729 5565 2791 5618; x_wconf 85' lang='grc' dir='ltr'>τὸ</span> <span class='ocrx_word' id='word_1_848' title='bbox 2836 5560 2996 5627; x_wconf 78' lang='grc' dir='ltr'>εἶναι,</span> <span class='ocrx_word' id='word_1_849' title='bbox 3025 5560 3159 5615; x_wconf 75' lang='grc' dir='ltr'>ἀλλὰ</span> <span class='ocrx_word' id='word_1_850' title='bbox 3182 5560 3279 5614; x_wconf 72' lang='grc' dir='ltr'>καὶ</span> <span class='ocrx_word' id='word_1_851' title='bbox 3312 5559 3373 5613; x_wconf 84' lang='grc' dir='ltr'>τὸ</span> <span class='ocrx_word' id='word_1_852' title='bbox 3412 5554 3471 5614; x_wconf 78' lang='grc' dir='ltr'>εὖ</span> <span class='ocrx_word' id='word_1_853' title='bbox 3512 5553 3629 5611; x_wconf 81' lang='grc' dir='ltr'>εἶναι</span> 
     </span>
    </p>
   </div>
   <div class='ocr_carea' id='block_1_112' title="bbox 1656 5710 2349 5781">
    <p class='ocr_par' dir='ltr' id='par_1_112' title="bbox 1656 5710 2349 5781">
     <span class='ocr_line' id='line_1_112' title="bbox 1656 5710 2349 5781; baseline 0.006 -16"><span class='ocrx_word' id='word_1_854' title='bbox 1656 5710 1891 5767; x_wconf 65' lang='grc' dir='ltr'><strong>νΑΒΙίΕ</strong></span> <span class='ocrx_word' id='word_1_855' title='bbox 1928 5710 2274 5769; x_wconf 83' lang='lat' dir='ltr'><strong>LECTIONE</strong></span> <span class='ocrx_word' id='word_1_856' title='bbox 2290 5712 2349 5781; x_wconf 69' lang='lat' dir='ltr'><strong>S.</strong></span> 
     </span>
    </p>
   </div>
   <div class='ocr_carea' id='block_1_113' title="bbox 442 5821 1161 5881">
    <p class='ocr_par' dir='ltr' id='par_1_113' title="bbox 442 5821 1161 5881">
     <span class='ocr_line' id='line_1_113' title="bbox 442 5821 1161 5881; baseline 0.004 -3"><span class='ocrx_word' id='word_1_857' title='bbox 442 5826 491 5855; x_wconf 85' lang='lat'><strong><em>“</em></strong></span> <span class='ocrx_word' id='word_1_858' title='bbox 528 5821 679 5879; x_wconf 57' lang='lat' dir='ltr'><strong>llas.</strong></span> <span class='ocrx_word' id='word_1_859' title='bbox 721 5824 775 5879; x_wconf 92' lang='lat' dir='ltr'><strong>in</strong></span> <span class='ocrx_word' id='word_1_860' title='bbox 824 5823 1161 5881; x_wconf 88' lang='lat' dir='ltr'><strong>indivisibili.</strong></span> 
     </span>
    </p>
   </div>
  </div>
