3742 6298
72 350 189 405 845

661 346 750 404 DE
782 346 1039 405 DIVINIS
1071 346 1473 413 NOMINIBUS,
1508 346 1661 405 CAP.
1701 345 1767 402 ν.
1809 377 1880 388 —
1917 346 2269 403 PARAPHR.
2313 347 2791 405 PACHYMBLE.

3168 251 3183 279 \

3268 352 3373 407 8:56

74 469 292 537 ἔχουσι.
321 464 433 518 Καὶ
456 465 525 518 τὰ
569 465 668 537 μὲν
692 466 959 536 πρεσϐεῖα
998 464 1095 518 τοῦ
1139 461 1302 527 εἶναι,
1347 462 1552 535 δηλονόι

1894 473 2095 527 bsunt;
2136 472 2190 517 et
2223 478 2328 518 non
2366 473 2578 519 tantum
2613 467 2682 520 ab
2712 480 2780 521 eo
2820 473 2881 519 ut
2915 466 3055 529 sint,
3092 466 3185 521 sed
3212 470 3372 523 etiam

6 588 17 613 μ
79 557 440 629 ὑψηλότερον,
482 559 510 611 ὅ
548 559 666 610 ὲστι
706 558 767 611 τὸ
790 557 1077 621 ἁθανάτως
1116 554 1280 619 εἶναι,
1325 560 1447 621 ταῖς
1471 560 1689 628 νοηταῖς

8 706 15 709 _
66 650 337 721 ἐδωρήθη
381 650 699 721 δυνάμεσιν,
747 651 814 714 ἃς
865 652 961 704 καὶ
1014 650 1241 713 αἰωνίας
1290 650 1573 713 ἐκάλεσεν,
1614 650 1691 712 ὡς

6 778 9 803 ε
71 740 285 804 αἰῶνος
314 740 669 811 μετεχούσας·
698 744 732 813 ἡ
758 742 817 796 δὲ
857 741 1020 795 τοῦτο
1056 741 1292 810 λέγουσα
1329 741 1519 813 Γραφή
1546 743 1686 794 ἐστι·

6 870 29 901 ε
80 828 165 887 Τὰ
196 833 310 903 γὰρ
346 834 703 902 βλεπόμενα
737 835 1109 902 πρόσκαιρα·
1150 835 1223 889 τὰ
1249 834 1318 888 δὲ
1342 835 1430 904 μὴ
1456 837 1687 900 ﬁlum-

64 940 239 993 μενα
272 922 500 978 αἰώνια.
532 925 673 978 Αὐτὸ
710 925 767 979 δὲ
796 924 856 978 τὸ
882 922 1019 980 εἶναι
1049 926 1304 980 οὐδέποτε
1331 926 1689 981 ἀπολείπεται

19 1060 29 1065 -
66 1016 190 1067 ’τῶν
239 1015 441 1068 ὄντων·
496 1016 586 1067 ὅτε
628 1014 741 1087 γὰρ
782 1016 1069 1070 ἀπολείπει
1091 1017 1153 1071 τὸ
1178 1013 1338 1081 εἶναι,
1364 1021 1465 1074 οὐκ
1487 1020 1603 1075 ἔστι
1628 1021 1691 1074 τὸ

6 1152 11 1155 .
66 1107 161 1159 ὅν.
206 1108 320 1161 Καὶ
356 1108 490 1161 αὐτὸ
528 1108 659 1177 γοῦν
683 1109 745 1162 τὸ
771 1103 910 1163 εἶναι
938 1111 1003 1163 ἐκ
1027 1110 1121 1163 τοῦ
1151 1111 1428 1182 προόντος,
1471 1112 1553 1166 διὸ
1594 1115 1691 1167 καὶ

8 1248 11 1249 ν
72 1203 141 1253 ὲν
162 1202 241 1272 τῷ
281 1201 403 1273 Θεῷ
443 1203 561 1255 ἐστι
587 1203 649 1256 τὸ
672 1198 835 1267 εἶναι,
863 1203 939 1267 ὡς
965 1202 1023 1257 ἒν
1048 1205 1143 1258 καὶ
1187 1205 1320 1258 αὐτὸ
1345 1206 1453 1259 τῶν
1480 1206 1689 1278 ἐτέρων

73 1294 251 1347 θείων
276 1296 437 1348 είδῶν
485 1298 581 1350 καὶ
608 1298 867 1368 νοήσεων,
892 1299 991 1370 τῆς
1018 1299 1187 1369 ζωῆς,
1212 1301 1312 1371 τῆς
1340 1302 1533 1370 σοφίας
1554 1344 1569 1367 ,
1595 1303 1691 1357 καὶ

70 1388 191 1439 τῶν
236 1387 512 1442 τοιούτων.
554 1389 630 1442 Ού
675 1389 780 1461 μὴν
819 1390 876 1444 δὲ
922 1394 952 1444 ὀ
990 1390 1123 1455 Θεὸς
1157 1393 1215 1445 ἐν
1246 1392 1327 1464 τῷ
1349 1389 1489 1447 εἶναι
1514 1411 1528 1425 ·
1580 1397 1689 1467 πρὸ

6 1526 23 1551 ε
71 1480 195 1552 γὰρ
220 1480 316 1533 τοῦ
343 1475 483 1535 εἷναί
529 1483 677 1535 ἐστιν
704 1481 893 1551 (αὑτοῦ
920 1483 1028 1554 γάρ
1053 1485 1171 1537 ἐστι
1196 1484 1258 1537 τὸ
1285 1480 1446 1550 εἶναι,
1492 1484 1569 1550 ὡς
1592 1481 1688 1540 καὶ

6 1622 9 1647 ξ
74 1571 115 1641 ἠ
165 1571 303 1643 ζωὴ,
355 1573 451 1626 καὶ
489 1573 551 1626 τὸ
577 1573 713 1642 φῶς,
745 1576 837 1628 καὶ
858 1575 958 1627 οὐκ
994 1574 1155 1639 αὐτὸς
1185 1576 1282 1629 τοῦ
1319 1572 1503 1648 εἶναι).
1541 1575 1688 1631 Τίλδὲ

6 1716 15 1721 ,
73 1663 222 1724 ἐστι,
270 1663 364 1715 καὶ
406 1663 566 1716 αὐτὸν
612 1662 725 1733 ἔχει
752 1664 813 1717 τὸ
839 1660 1000 1728 εἶναι,
1037 1664 1132 1719 καὶ
1156 1666 1257 1720 ούκ
1281 1666 1443 1731 αὐτὸς
1467 1670 1684 1732 ἐκεῖνος

6 1740 23 1810 ί
72 1749 114 1820 ἢ
148 1750 270 1803 ἐπεὶ
297 1751 435 1821 μετὰ
460 1752 568 1805 τῶν
592 1752 767 1806 ἄλλων
806 1753 1223 1825 σημαινομένων
1274 1752 1368 1809 τοῦ
1409 1756 1576 1825 ἔχειν
1610 1756 1690 1809 λέι

6 1830 11 1833 “
72 1862 244 1913 γεται
286 1846 428 1917 ἔχειν
480 1849 575 1901 καί
611 1848 673 1901 τὸ
719 1847 840 1901 καθ’
881 1844 995 1913 ἕξιν
1020 1849 1243 1921 προσὸν,
1271 1850 1347 1913 ὠς
1373 1850 1517 1921 ἔχειν
1542 1849 1689 1919 λεγό-

79 1937 231 2007 μεθα
257 1938 484 1992 ὸντωσιν
530 1941 623 1993 καὶ
654 1940 801 2013 ζωὴν
826 1978 840 2005 ,
864 1933 939 1994 ὧν
966 1942 1093 1996 ἄνευ
1119 1940 1243 1995 οὒτε
1266 1936 1409 2014 ἦμεν
1435 1942 1532 2007 ἂν,
1562 1941 1686 1996 οὔτε

72 2029 307 2101 εἴχομεν
334 2048 346 2060 ·
394 2032 553 2085 τοῦτο
596 2033 658 2085 τὸ
700 2034 1100 2105 σημαινόμενον
1126 2036 1273 2088 ἐστιν
1299 2035 1554 2089 ἐνταῦθα.
1583 2038 1691 2089 Αύ-

73 2124 175 2176 τὸν
202 2122 333 2192 γοῦν
356 2124 448 2178 τὸν
474 2125 608 2179 Θεὸν
635 2126 749 2196 ἔχει
784 2126 846 2179 τὸ
871 2122 1009 2180 εἶναι
1030 2168 1044 2191 ,
1087 2128 1175 2180 ἵνα
1204 2130 1374 2199 συστῇ
1392 2169 1407 2192 ,
1451 2128 1540 2181 ἵνα
1577 2129 1691 2182 δει-

14 2204 17 2205 ν
74 2214 209 2285 χοῇ,
237 2215 337 2268 οὐκ
374 2216 538 2280 αὐτὸς
560 2218 736 2270 ἐκεῖνο
762 2218 842 2282 εἰς
867 2218 1079 2272 οἰκείαν
1104 2216 1356 2291 ὕπαρξιν·
1392 2220 1555 2283 αὐτὸς
1581 2221 1689 2290 γάρ

74 2305 203 2357 ἐστι
237 2306 329 2358 καὶ
356 2306 452 2359 τοῦ
498 2302 637 2361 εἶναι
664 2307 823 2372 αἰὼν,
863 2309 957 2363 καὶ
994 2308 1161 2382 ἀρχὴ,
1207 2312 1303 2365 καί
1337 2311 1557 2382 μέτρον,
1594 2312 1690 2364 καὶ

78 2396 307 2449 πάντων
335 2397 499 2469 ἁρχὴ,
545 2400 639 2452 καὶ
689 2400 946 2472 μεσότης,
985 2400 1081 2454 καὶ
1109 2400 1365 2474 τελευτή·
1396 2403 1546 2476 πάσῃ
1579 2402 1690 2475 γὰρ

74 2487 311 2560 ἐπιϐολῇ
342 2489 438 2542 τοῦ
472 2489 565 2543 νοῦ
610 2492 1046 2563 προϋπαντῶσαν
1071 2493 1314 2567 εὑρίσκει
1337 2512 1422 2559 τις
1440 2495 1524 2564 ἐφ’
1552 2488 1597 2563 ᾧ
1623 2496 1689 2549 ἂν

6 2644 9 2647 _
76 2581 177 2632 καὶ
213 2579 475 2649 σκέψαιτο
504 2581 596 2634 τοῦ
640 2583 815 2636 αἰτίου
856 2584 956 2656 τὴν
1004 2584 1233 2649 ἔννοιαν,
1266 2586 1434 2656 ἤγουν
1471 2585 1566 2638 τοῦ
1603 2586 1693 2657 δη.

6 2666 11 2739 ί
78 2671 371 2743 μιουργοῦ.
392 2674 465 2726 Τὸ
483 2669 576 2727 οὖν
592 2674 1230 2737 πολλαπλασιάζεσθιιι
1244 2676 1395 2747 δηλοῖ
1417 2676 1476 2730 τὸ
1498 2677 1556 2729 ἐν
1576 2679 1690 2741 τοῖς

77 2764 304 2828 πολλοῖς
334 2765 504 2821 αἴτιον
542 2767 636 2819 τὸν
662 2767 824 2821 αὐτὸν
855 2768 1197 2839 Θεωρεῖσθαι,
1231 2769 1326 2822 καὶ
1351 2770 1436 2838 ἐφ’
1457 2770 1539 2823 ἑνὶ
1564 2770 1692 2823 πάν-

6 2850 15 2923 :
75 2873 192 2908 των
224 2855 443 2927 ἑκάστῳ
472 2859 663 2923 ὁσάκις
701 2876 786 2923 τις
808 2859 1109 2925 ὲπιϐἀλλοι,
1145 2862 1240 2915 καὶ
1260 2863 1450 2926 ὁσάκις
1479 2861 1598 2925 (but,
1625 2864 1692 2915 τὸ

8 2946 11 2947 ⁷
80 2949 323 3019 πρᾶγμα
374 2950 770 3025 σκοπούμενος,
820 2954 913 3007 τὸν
959 2956 1089 3009 Θεὸν
1140 2952 1229 3009 ἀεὶ
1276 2956 1690 3027 ἀναλογίζεσθαι

77 3040 261 3094 αἴτιον
284 3058 298 3070 ·
357 3044 498 3097 κατὰ
545 3045 704 3099 τοῦτο
732 3047 842 3119 γὰρ
881 3048 1023 3101 κατὰ
1067 3050 1246 3102 πᾶσαν
1288 3049 1529 3104 ἐπίνοιαν
1569 3053 1691 3104 πολ-

78 3131 537 3199 λαπλασιάζεται,
585 3140 678 3191 καὶ
728 3140 871 3211 ἀρχοὴ
914 3140 1008 3194 καὶ
1057 3142 1290 3215 μεσότης
1330 3145 1425 3197 καὶ
1462 3144 1687 3216 τελευτὴ
1720 3164 1761 3224 C

79 3227 226 3278 ἐστι.
264 3227 338 3279 Τὸ
384 3224 537 3282 Θεῖον
581 3230 705 3284 οὕτε
750 3232 811 3286 τὸ
840 3230 929 3304 ἦν,
960 3233 1084 3287 οὔτε
1121 3235 1183 3287 τὸ
1212 3235 1364 3290 ἔσται
1405 3236 1519 3308 ἔχει
1551 3238 1691 3291 κατὰ

78 3318 175 3370 τὸν
202 3317 371 3373 πολὺν
405 3320 463 3373 ὲν
491 3321 741 3395 θεολογίᾳ
770 3325 1091 3399 Γρηγόριον.
1134 3328 1272 3381 Ἀλλ’
1305 3328 1423 3382 οὐδὲ
1454 3330 1515 3383 τὸ
1544 3331 1693 3383 ἐστὶν

79 3411 172 3464 ἐπ’
208 3410 377 3466 αὑτοῦ
416 3415 873 3487 κυριολεκτεῖται,
909 3418 1051 3472 κατὰ
1083 3418 1270 3472 τοῦτον
1314 3419 1378 3490 δὴ
1412 3419 1504 3472 τὸν
1552 3420 1694 3474 θεῖον

81 3504 365 3560 Διονύσιον
389 3517 405 3537 "
447 3508 510 3561 τὸ
543 3509 653 3582 γὰρ
677 3510 852 3565 ἐστὶν
877 3509 1083 3566 ἔννοιαν
1111 3513 1458 3584 παρεισάγει,
1491 3514 1572 3567 ὅτι
1607 3532 1695 3584 με·

80 3599 237 3669 τέχεσ.
265 3600 361 3652 τοῦ
388 3595 527 3654 εἶναι
546 3619 558 3631 ·
593 3602 621 3655 ὁ
660 3602 718 3655 δὲ
744 3602 877 3667 Θεὸς
901 3603 962 3656 οὐ
1000 3603 1216 3674 μετέχει
1245 3602 1340 3657 τοῦ
1367 3599 1506 3657 εἶναι
1530 3645 1544 3666 ,
1578 3590 1691 3656 ἀλλ’

82 3692 223 3744 αὐτὸ
244 3690 306 3743 τὸ
335 3687 473 3745 εἶναι
513 3694 731 3764 μετέχει
767 3693 861 3747 τοῦ
892 3693 1049 3758 Θεοῦ,
1086 3695 1181 3748 καὶ
1203 3696 1259 3748 ὲν
1299 3693 1378 3766 τῷ
1406 3694 1526 3766 Θεῷ
1549 3696 1689 3761 ἐστι,

82 3782 273 3845 καθὼς
304 3784 397 3838 καὶ
433 3785 692 3858 ἀνωτέρω
732 3786 1015 3857 ἐλέγομεν.
1066 3787 1190 3851 Πῶς
1230 3782 1323 3842 οῦν
1352 3788 1588 3842 ὸνταῦθα
1620 3789 1693 3842 τί·

82 3875 245 3947 θςσιν
270 3876 299 3927 ὁ
327 3876 481 3945 ἅγιος
505 3915 519 3940 ,
554 3878 636 3930 ὅτι
659 3879 753 3931 καὶ
776 3876 837 3931 τὸ
861 3874 949 3949 ἧν,
990 3879 1084 3933 καὶ
1111 3878 1173 3931 τὸ
1194 3876 1371 3942 ἔσται,
1405 3880 1498 3932 καὶ
1525 3877 1693 3933 τᾶλλα

80 3968 115 4020 ἂ
138 3969 205 4040 δή
230 3966 368 4021 εἰσιν
402 3968 648 4023 ἀνοίκεια
676 3969 769 4022 τοῦ
794 3969 952 4035 Θεοῦ,
984 3972 1081 4025 ἐπὶ
1110 3970 1246 4025 Θεοῦ
1275 3972 1483 4043 κυρίως
1514 3972 1692 4043 ὑμνεῖ-

81 4077 206 4126 ταις
232 4060 403 4126 Αὐτὸς
427 4063 455 4113 ὁ
486 4063 659 4130 ἆγιος,
683 4062 826 4117 λύων
851 4063 948 4135 τὴν
974 4064 1232 4136 ἀπορίαν,
1260 4065 1444 4135 φησὶν,
1471 4064 1551 4117 ὄτι
1574 4063 1690 4117 θεο-

82 4150 317 4222 πρεπῶς
336 4152 582 4205 νοοῦνται
598 4152 771 4208 ταῦτα
791 4155 884 4207 ἐπὶ
901 4153 1057 4208 Θεοῦο
1078 4155 1250 4210 ταῦτα
1270 4154 1379 4227 γὰρ
1400 4155 1577 4209 πάντα
1596 4157 1691 4209 καὶ

82 4241 345 4313 ἀλλότρια
366 4245 471 4296 είσι
491 4244 583 4298 τοῦ
610 4245 768 4309 Θεοῦ,
786 4247 880 4299 καὶ
905 4247 1066 4301 πάλιν
1088 4249 1147 4301 ὲν
1166 4245 1245 4319 τῷ
1265 4246 1383 4320 Θεῷ
1405 4250 1530 4313 είσι,
1554 4249 1691 4303 καθὸ

80 4331 176 4385 τοῦ
209 4329 351 4386 εἶναι
387 4335 760 4407 μετειλήφασι.
797 4338 956 4392 Κατὰ
990 4338 1099 4409 γὰρ
1137 4338 1235 4411 τὴν
1271 4341 1365 4393 τοῦ
1398 4340 1575 4395 αἰτίου
1606 4341 1689 4394 έν-

82 4439 236 4476 νοιαν
261 4423 443 4477 πάντα
462 4423 556 4479 τοῦ
579 4424 714 4479 Θεοῦ
746 4425 1015 4496 λέγονται,
1038 4430 1132 4483 καὶ
1150 4430 1236 4482 ἐπ’
1254 4429 1420 4483 αὑτοῦ
1443 4430 1686 4484 νοοῦνται

1795 562 1855 608 ιιι
1898 554 2038 610 bene
2083 554 2215 620 sint,
2263 555 2485 610 habent.
2524 559 2704 627 Atque
2733 574 2959 613 munera
2987 559 3205 625 quidem
3234 562 3379 613 auti-

1794 646 2013 716 quiora,
2060 661 2114 700 ν.
2150 663 2203 718 g.
2234 647 2527 702 sublimius
2555 663 2676 704 esse
2701 690 2719 715 ,
2755 665 2851 705 seu
2884 650 3194 706 immortale
3232 667 3376 713 esse,

1795 738 2208 794 intellectilibus
2250 740 2563 795 'virtutibus
2621 756 2885 797 concessa
2938 751 3085 806 sunt,
3134 758 3274 813 quas
3324 754 3380 799 et

1792 838 2033 887 eternas
2061 831 2375 901 appellavit,
2400 842 2460 886 ιιι
2493 833 2963 905 qure‘participant
2988 836 3377 899 mternitatem,

1792 934 1918 975 cum
1947 929 2003 977 et
2033 921 2315 991 Scriptura
2346 923 2533 979 dicat:
2569 924 2713 979 Nam
2742 942 2860 996 qua:
2900 926 3144 981 videntur
3181 937 3381 996 tempe.-

1792 1024 1958 1064 ranea
1986 1021 2143 1078 sunt;
2164 1028 2285 1082 qtae
2311 1030 2431 1068 vero
2460 1030 2567 1069 non
2598 1015 2864 1082 videntur,
2890 1026 3087 1072 wlema
3122 1025 3172 1071 1.
3200 1019 3378 1088 Ipsum

1792 1117 1959 1173 porro
2006 1119 2128 1160 esse
2176 1120 2357 1161 rerum
2406 1122 2683 1177 nunquam
2721 1109 2945 1176 deﬁcit;
2996 1112 3213 1181 quando
3232 1112 3379 1167 enim

1793 1193 1979 1251 deﬁcit
2016 1195 2195 1266 ipsum
2229 1213 2381 1264 esse,
2416 1200 2530 1270 jam
2569 1218 2677 1259 non
2725 1211 2807 1257 est
2835 1216 2958 1259 ens.
2990 1202 3378 1260 Verumtamen

1792 1286 1923 1343 illud
1944 1289 2116 1359 ipsum
2136 1304 2256 1346 esse
2271 1302 2436 1347 estex
2456 1308 2519 1350 eo
2532 1294 2624 1365 qui
2643 1294 2792 1366 prius
2810 1304 2915 1355 est.
2939 1296 3194 1365 quocirca
3210 1299 3378 1353 etiam

1793 1389 2119 1437 caeterarum
2145 1380 2449 1439 formarum
2474 1386 2785 1441 divinarum
2808 1387 3375 1459 etintelligentiarum.

1792 1470 1938 1535 vitae,
1963 1472 2269 1541 sapientiae,
2301 1482 2357 1529 et
2385 1475 2644 1529 similium
2676 1489 2797 1531 esse
2820 1475 2874 1530 in
2907 1475 3020 1531 Deo
3045 1478 3173 1546 quid
3210 1495 3379 1533 unum

1792 1570 1849 1615 et
1897 1562 2040 1616 idem
2092 1575 2200 1618 cst.
2235 1563 2593 1636 Nequaquam
2636 1576 2815 1621 tamen
2870 1566 3014 1623 Deus
3051 1577 3135 1624 est
3176 1568 3227 1622 in
3266 1570 3380 1638 ipsa

1798 1652 2157 1721 exsistentia;
2196 1671 2319 1711 nam
2351 1658 2567 1714 exsistit
2594 1669 2724 1715 ante
2784 1659 2958 1729 ipsam
3007 1661 3379 1716 exsistcntiam

1801 1745 2083 1814 (quoniam
2109 1747 2279 1818 ipsius
2310 1750 2754 1819 eStexsistentia,
2784 1753 2862 1808 uti
2894 1754 3058 1809 etiam
3088 1756 3195 1808 vita
3218 1763 3273 1808 et
3300 1753 3383 1807 lu-

1792 1849 1940 1901 men,
1969 1845 2026 1890 et
2065 1853 2173 1892 non
2222 1839 2336 1908 ipse
2363 1850 2447 1898 est
2473 1843 2858 1913 exsistentiae).
2892 1844 3031 1911 Quid
3067 1853 3252 1900 autem
3274 1844 3379 1900 sibi

1802 1925 1940 1994 vult,
1987 1929 2131 1999 quod
2185 1930 2360 1999 ipsqu
2410 1932 2611 1987 habeat
2653 1934 3085 2002 exsistentia,et
3127 1952 3231 1990 non
3265 1936 3382 2005 ipse

1803 2020 2219 2077 cxsistentiam?
2271 2024 2372 2079 nisi
2425 2039 2583 2090 cum,
2610 2036 2808 2096 praeter
2844 2026 2984 2082 alias
3026 2029 3182 2083 istius
3229 2030 3381 2083 verbi

1792 2110 1990 2167 habere
2042 2114 2505 2185 signiﬁcationes,
2566 2118 2770 2174 dicitur
2820 2119 3025 2189 aliquid
3074 2120 3275 2177 habere
3327 2124 3379 2174 id

1792 2206 1937 2274 quod
1981 2204 2031 2262 ei
2079 2207 2385 2262 secundum
2436 2208 2684 2265 habitum
2727 2210 2917 2274 adest;
2973 2210 3118 2266 sicut
3148 2213 3381 2266 dicimur

1793 2296 1997 2353 habere
2034 2300 2324 2356 entitatem
2367 2308 2425 2356 et
2467 2301 2657 2367 vitam,
2697 2304 2815 2359 sine
2853 2304 3052 2374 quibus
3089 2319 3188 2359 nec
3230 2320 3379 2360 csse-

1793 2403 1914 2444 mus
1931 2390 2173 2459 quidem,
2206 2407 2308 2448 nec
2335 2393 2633 2464 quidquam
2667 2395 3034 2451 haberemus:
3072 2396 3174 2450 hoc
3196 2406 3381 2451 autem

1799 2479 1889 2535 hic
1911 2482 2272 2554 signiﬁcatur.
2299 2484 2419 2555 Ipsa
2447 2484 2629 2555 itaque
2652 2488 2973 2542 exsistentia
3001 2486 3168 2541 Deum
3197 2488 3381 2553 habet,

1804 2570 1975 2646 446
2014 2584 2074 2629 ιιι
2109 2575 2373 2632 subsistat
2405 2587 2464 2632 et
2498 2588 2783 2648 appareat,
2828 2595 2933 2635 non
2978 2581 3092 2650 ipse
3118 2580 3263 2635 illam
3283 2580 3382 2634 ba-

1794 2664 1891 2722 bet
1914 2676 1969 2721 ut
1988 2666 2242 2736 exsistat;
2264 2683 2388 2723 nam
2409 2669 2636 2739 ipsemet
2664 2685 2836 2726 aevum
2856 2673 3308 2737 estexsistcutiae,
3327 2682 3383 2725 et

1794 2755 2152 2826 principium,
2186 2765 2240 2813 et
2270 2774 2558 2825 mensura,
2596 2768 2650 2815 et
2686 2775 2870 2814 rerum
2901 2761 3145 2815 omnium
3177 2763 3390 2832 princi-

1796 2847 1946 2918 pium
1969 2886 1985 2914 ,
2025 2859 2080 2903 et
2131 2849 2392 2915 medium,
2436 2860 2492 2905 et
2516 2850 2662 2905 ﬁnis.
2695 2851 2968 2921 Quidquid
3002 2853 3146 2906 enim
3172 2854 3381 2923 cogite-

1798 2948 1911 3006 tur,
1936 2950 1995 2996 et
2024 2942 2090 2995 ad
2118 2956 2507 3012 quamcunque
2550 2958 2662 2998 rem
2687 2944 2810 3013 quis
2840 2954 3078 2999 mentem
3106 2944 3387 3011 intendat,

1798 3032 2039 3090 inveniet
2081 3034 2134 3089 in
2174 3050 2235 3090 ea
2268 3036 2543 3091 notionem
2576 3051 2777 3103 causa),
2815 3038 2868 3092 id
2893 3046 2977 3093 est
2997 3037 3238 3093 auctoris
3262 3039 3379 3093 Dei.

1798 3125 1913 3181 Hoc
1954 3128 2120 3198 igitur
2170 3138 2255 3184 est
2307 3129 2685 3199 multiplicari,
2723 3131 2876 3184 cerni
2921 3145 3044 3186 eum
3092 3132 3144 3185 in
3195 3131 3383 3186 multis

1797 3233 2045 3283 causam,
2077 3231 2133 3273 et
2160 3220 2213 3273 in
2247 3219 2548 3290 quamlibet
2576 3235 2764 3275 earum
2798 3223 3230 3291 quotiescunque
3256 3223 3384 3292 quis

1801 3311 2067 3377 intendat,
2092 3320 2148 3366 et
2176 3326 2291 3367 rem
2317 3311 2487 3382 ipsam
2510 3314 2843 3382 speculetur,
2864 3329 3080 3384 semper
3105 3315 3159 3368 in
3190 3327 3255 3368 ea
3290 3327 3382 3368 re-

1796 3404 1971 3474 periet
2008 3404 2285 3460 notionem
2334 3406 2577 3460 auctoris
2609 3405 2738 3473 Dei;
2781 3407 2938 3477 juxta
2979 3408 3081 3461 hoc
3114 3404 3261 3462 enim
3292 3423 3383 3463 se-

1799 3500 2038 3552 cundum
2065 3514 2286 3554 omnem
2311 3498 2697 3571 cogitationem
2723 3501 3121 3571 multiplicatur
3144 3540 3162 3569 ,
3192 3511 3384 3570 estque

1795 3593 2148 3662 principium,
2172 3603 2228 3647 et
2249 3594 2575 3659 medium,et
2598 3594 2740 3649 linis.
2768 3595 2909 3650 Deus
2932 3611 3107 3665 neque
3132 3604 3382 3659 crat,nc—

1796 3694 1903 3748 que
1926 3682 2033 3734 erit
2057 3681 2244 3746 habet,
2265 3684 2565 3737 secundum
2588 3681 2912 3753 Gregorium
2944 3685 3203 3739 eximium
3228 3686 3380 3739 theo-

1798 3771 2007 3844 logum.
2039 3771 2145 3827 Sed
2178 3789 2358 3844 neque
2378 3782 2459 3829 est
2480 3776 2545 3827 de
2566 3775 2683 3844 ipso
2708 3779 2925 3845 proprie
2943 3778 3165 3841 dicitur,
3182 3790 3382 3859 sesim-

1795 3864 1925 3918 dum
1943 3864 2087 3918 hunc
2112 3864 2174 3919 D.
2189 3863 2529 3935 Dionysium,
2547 3869 2801 3934 quoniam
2829 3867 3048 3922 verbum
3072 3880 3381 3923 estsensum

1794 3956 2011 4027 ingerit,
2025 3972 2089 4013 ac
2104 3957 2151 4012 si
2172 3957 2461 4027 participet
2486 3959 2858 4013 exsistentiam
2879 3975 2893 4023 ;
2914 3959 3055 4013 Deus
3072 3968 3253 4013 autem
3273 3976 3381 4015 non

1792 4051 2087 4123 participat
2112 4052 2511 4117 exsistentiam,
2545 4052 2637 4107 sed
2669 4053 2899 4120 ipsamct
2933 4052 3251 4108 exsistentia
3283 4053 3389 4121 Dei,

1795 4142 2063 4215 particeps
2092 4152 2195 4209 est,
2213 4152 2268 4196 et
2287 4143 2339 4197 in
2373 4142 2484 4198 Deo
2512 4144 2747 4207 exsistit,
2765 4144 2906 4198 sicut
2932 4144 3096 4198 etiam
3127 4145 3381 4214 superius

1792 4234 2048 4290 diximus.
2069 4235 2351 4301 Quomodo
2370 4249 2499 4305 ergo
2515 4235 2601 4290 hic
2617 4246 2836 4290 sanctus
2850 4236 2946 4301 ait,
2963 4237 3218 4306 quoniam
3235 4247 3378 4304 erat,

1790 4334 1844 4380 et
1868 4326 1994 4393 erit,
2014 4335 2067 4380 et
2081 4336 2274 4381 caetera
2292 4341 2411 4396 qua:
2435 4327 2659 4382 minime
2678 4328 2894 4398 pr0pria
2912 4338 3039 4383 sunt
3055 4326 3168 4394 Dei,
3189 4330 3254 4383 de
3269 4327 3380 4383 Deo

1790 4420 2010 4490 proprie
2033 4418 2431 4488 praedicantur?
2455 4419 2686 4489 lpscmet
2717 4430 2939 4476 sanctus
2969 4423 3109 4476 hanc
3127 4422 3381 4491 qutestio-

82 4514 450 4585 ύπερουσίως
484 4516 544 4569 τὸ
577 4517 686 4589 γὰρ
723 4521 1147 4591 κατηγορεῖσθαι
1182 4522 1323 4576 κατὰ
1364 4522 1560 4591 φιλοσό‹

1899 4527 1913 4563 l
1931 4511 2145 4567 solvens
2158 4515 2254 4578 ait,
2272 4512 2373 4568 ista
2388 4514 2455 4569 de
2469 4514 2578 4567 Deo
2591 4513 2695 4568 dici
2710 4524 2981 4583 quatenus
3005 4514 3172 4569 Deum
3200 4514 3374 4570 decet.

80 4606 244 4660 τοῦτο
262 4605 432 4677 δηλοῖ.
453 4606 539 4671 Ὠς
555 4609 684 4676 γοῦν
708 4612 927 4664 πάντων
943 4611 1135 4679 αἴτιος,
1172 4615 1267 4668 καὶ
1295 4613 1390 4667 τοῦ
1421 4614 1557 4680 ἐστι,
1590 4616 1685 4669 καὶ

81 4694 176 4747 τοῦ
198 4690 291 4764 ἦν,
312 4697 511 4750 καὶτοῦ
528 4698 794 4768 γίνεσθαι,
814 4702 1017 4755 καὶτοῦ
1041 4701 1214 4768 ἔσται,
1229 4706 1286 4756 ὲν
1302 4704 1481 4774 ἑαυτῷ
1506 4704 1684 4758 πάντα

85 4788 325 4856 συνέχει⁹
348 4787 486 4858 πλὴν
508 4791 622 4860 ἅμα
639 4792 815 4845 πάντα
838 4794 932 4845 καὶ
951 4794 1012 4846 τὸ
1027 4789 1113 4865 ἦν,
1132 4795 1227 4847 καὶ
1241 4795 1301 4847 τὸ
1316 4794 1489 4861 ἔσται,
1510 4798 1603 4850 καὶ
1624 4797 1685 4849 τὸ

84 4875 256 4940 ἔστιν,
294 4878 433 4948 ὅπερ
455 4880 512 4932 ἐν
542 4878 645 4932 τίνι
672 4879 816 4951 ἄλλῳ
847 4880 1171 4953 λεχθήσεται
1198 4882 1448 4948 πώποτες
1472 4877 1582 4937 Καὶ
1608 4884 1684 4956 μὴ

88 4969 249 5036 μόνον
273 4969 344 5022 τὰ
382 4972 751 5040 καταφατικὰ,
793 4972 929 5027 ἀλλὰ
968 4976 1063 5028 καὶ
1091 4975 1160 5029 τὰ
1189 4975 1526 5044 ἀποφατικὰ,
1552 4976 1686 5047 μᾶλ-

85 5058 172 5113 λον
228 5061 288 5115 δὲ
344 5062 438 5114 καὶ
482 5065 537 5116 αι
576 5065 860 5136 στερήσεις
906 5066 993 5119 ἐπ’
1052 5066 1216 5121 αύτοῦ
1261 5067 1531 5137 λέγονται,
1593 5072 1688 5124 καὶ

86 5152 260 5205 ταῦτα
302 5152 440 5224 ἅμα,
486 5154 562 5220 ὡς
603 5151 741 5209 εῖναι
776 5159 869 5211 τὸν
916 5158 1078 5212 αὐτὸν
1118 5161 1213 5212 καὶ
1246 5161 1565 5232 πάνσχημον
1594 5164 1691 5215 καὶ

87 5243 357 5316 ἄμορφον,
403 5248 497 5299 καὶ
534 5248 815 5302 πανείδεον
855 5250 965 5302 καὶν
982 5249 1190 5322 ἀκαλλῆ
1216 5268 1229 5279 ο
1273 5254 1459 5305 ἐκεῖνα
1499 5252 1589 5306 διὰ
1628 5254 1689 5306 τὸ

88 5334 257 5388 αἴτιον
300 5331 439 5389 εἶναι
468 5337 573 5391 τῶν
615 5340 907 5411 σχημάτων
932 5343 1026 5395 καὶ
1056 5342 1164 5396 τῶν
1193 5343 1347 5396 εἰδῶν
1390 5345 1644 5400 ἁπάντων
1668 5365 1682 5378 θ

88 5424 258 5479 ταῦτα
285 5426 376 5480 διὰ
400 5425 461 5481 τὸ
492 5428 631 5499 ὑπὲρ
671 5432 846 5485 πάντα
872 5433 1045 5487 ταῦτα
1074 5429 1213 5487 εἶναι
1236 5474 1251 5498 ,
1284 5434 1423 5488 κατὰ
1452 5436 1515 5488 τὸ
1543 5437 1682 5507 ὑπὲρ

92 5516 433 5589 ἁσωματίαν,
479 5524 572 5575 καὶ
603 5522 743 5593 ὑπὲρ
784 5524 977 5579 ἁῦλίαν
1006 5525 1253 5597 ἄμορφον
1288 5527 1380 5579 καὶ
1420 5526 1678 5593 ἀνείδεον,

91 5610 181 5675 τὰς
212 5612 391 5685 ἀρχὰς
411 5654 426 5677 ,
471 5616 563 5668 καὶ
584 5616 653 5668 τὰ
687 5618 836 5689 τέλη,
862 5620 955 5671 καὶ
983 5619 1051 5671 τὰ
1083 5620 1224 5691 μέσα
1249 5619 1357 5672 τῶν
1386 5620 1553 5672 ὄντων
1584 5638 1680 5673 τιε-

96 5701 488 5772 ριλαμϐἁνοντα
507 5722 518 5733 ·
562 5705 784 5775 οὐδεμία
820 5707 927 5776 γὰρ
964 5709 1102 5780 ἀρχή
1134 5712 1300 5773 ἐστιν,
1326 5708 1465 5777 ὑπὲρ
1489 5709 1553 5777 ἣν
1579 5710 1677 5763 οὐκ

234 5887 261 5925 1
290 5879 329 5933 ιι
360 5879 488 5935 Cor.
526 5881 707 5947 Iv,18.

1794 4602 1920 4657 Haec
1951 4602 2095 4657 enim
2118 4602 2298 4657 omnia
2327 4603 2490 4658 etiam
2521 4603 2696 4659 aliena
2725 4614 2853 4660 sunt
2879 4619 2908 4657 a
2936 4604 3065 4669 Deo,
3095 4616 3149 4659 ct
3180 4605 3376 4659 iterum

1792 4695 1847 4750 in
1880 4694 1992 4751 Deo
2022 4704 2168 4765 sunt,
2193 4707 2462 4767 quatenus
2486 4698 2813 4767 participant
2840 4710 2978 4752 esse.
3009 4696 3201 4752 Onmia
3230 4696 3378 4750 enim

1793 4786 2088 4841 secundum
2118 4801 2335 4841 causam
2369 4789 2625 4843 dicuntur
2651 4789 2717 4843 de
2750 4784 2877 4851 Deo,
2911 4798 2965 4841 et
2995 4788 3136 4841 ineo
3177 4786 3381 4841 intelli—

1793 4886 1994 4946 guntur
2016 4877 2649 4946 suprasubstantialiter;
2681 4878 2782 4933 hoc
2811 4880 2955 4932 enim
2991 4878 3062 4931 ita
3091 4878 3378 4947 przedicari

1795 4968 2095 5023 Secundum
2150 4970 2523 5040 philosophos,
2552 4968 2809 5023 declarat.
2848 4968 2917 5024 Ut
2957 4983 3087 5039 ergo
3133 4970 3379 5025 omnium

1795 5075 1956 5115 causa
1984 5070 2088 5128 est,
2119 5062 2283 5116 etiam
2308 5071 2408 5124 est,
2447 5073 2503 5117 et
2542 5070 2681 5127 erat,
2713 5071 2770 5116 et
2797 5060 2937 5130 ﬁeri,
2983 5072 3039 5116 et
3066 5064 3190 5127 erit,
3235 5063 3289 5118 in
3318 5079 3380 5118 se

1791 5154 1972 5209 omnia
1997 5154 2274 5217 continet;
2307 5169 2494 5208 verum
2520 5154 2677 5208 simul
2706 5155 2887 5209 omnia
2916 5165 2972 5209 et
2999 5165 3142 5219 erat,
3164 5163 3221 5210 et
3247 5157 3374 5224 erit,

1792 5259 1846 5302 et
1868 5257 1972 5312 est,
2016 5247 2161 5317 quod
2193 5250 2260 5301 de
2294 5246 2443 5301 nullo
2473 5247 2580 5302 alio
2613 5248 2826 5303 dicetur
2855 5261 3113 5317 unquam.
3168 5248 3232 5302 Et
3265 5264 3376 5303 non

1793 5339 1965 5395 solum
2017 5338 2422 5405 aﬁirmationes,
2464 5351 2650 5393 verum
2688 5339 2851 5394 etiam
2893 5340 3232 5409 negationes,
3260 5356 3377 5393 ma-

1789 5432 1871 5502 gis
1892 5440 2073 5484 antem
2107 5428 2439 5500 priVationcs
2475 5429 2541 5481 de
2587 5429 2701 5498 ipso
2726 5429 2999 5492 dicuntur,
3043 5437 3209 5497 atque
3259 5428 3375 5482 haec

1789 5521 1973 5587 simul,
2020 5520 2168 5575 Velut
2216 5520 2390 5588 ipsum
2444 5534 2566 5575 esse
2618 5518 2797 5574 olimis
2842 5517 3033 5573 formae
3066 5528 3122 5572 et
3166 5519 3374 5587 absque

1787 5612 1982 5681 forma,
2022 5623 2077 5667 et
2117 5612 2297 5667 omnis
2338 5611 2520 5682 ﬁgura:
2562 5620 2615 5666 et
2650 5612 2767 5666 sine
2812 5611 2979 5682 ﬁgura
3005 5626 3097 5667 seu
3127 5611 3370 5681 pulchri-

1789 5706 1971 5763 tudine
2017 5723 2029 5760 :
2072 5704 2160 5760 illa
2189 5704 2427 5775 quidem,
2457 5706 2581 5773 quia
2622 5720 2780 5760 causa
2832 5713 2913 5760 est
2969 5704 3266 5760 formarum
3315 5711 3367 5756 et
