3742 6296
383 350 488 404 847

1553 351 1610 406 S.
1650 351 1949 408 DlONYSll
1986 352 2448 409 AREOPAGITJS

3595 353 3696 406 838

380 464 672 534 figurarum
702 466 973 529 omnium;
1015 468 1130 521 hree
1164 481 1310 533 vero,
1339 469 1463 537 quia
1494 483 1655 539 supra
1687 486 1747 524 ea
1789 470 1936 524 omni

2087 471 2192 524 ἔστι
2220 470 2352 534 Θεὸς
2374 469 2620 541 ἀσχέτως
2645 487 2738 524 και
2764 470 3134 544 ἐξῃρημένως·
3165 471 3258 524 καὶ
3301 468 3480 524 οὐδὲν
3520 468 3694 532 τέλος.

375 559 480 614 est,
525 561 574 604 et
616 567 780 620 supra
823 553 1220 621 incorporeum,
1267 566 1323 610 et
1374 572 1538 626 supra
1593 561 1971 616 innuateriali-

379 652 547 696 tatem
583 644 755 698 forma
801 646 1091 716 specieque
1128 662 1344 714 carens,
1380 651 1646 721 principia
1672 663 1725 706 et
1756 654 1891 709 lines
1918 669 1972 710 ct

377 737 555 789 media
593 751 774 792 rerum
808 738 1264 809 circumplectcns
1299 761 1311 796 :
1349 743 1553 796 nullum
1585 746 1728 799 enim
1761 748 1971 815 princi-

377 832 524 898 pium
573 840 677 896 est,
710 846 871 900 supra
916 833 1060 902 quod
1102 849 1208 888 non
1243 837 1310 889 sit
1350 835 1490 891 Deus
1522 839 1973 908 ineompreltense

375 928 431 976 et
460 932 739 990 exempto;
766 932 819 976 et
851 923 1028 977 nullus
1055 924 1194 988 linis,
1219 936 1338 995 post
1369 942 1527 996 quem
1553 945 1658 984 non
1690 932 1762 986 sit
1789 931 1929 985 Deus
1955 945 1968 993 ;

375 1022 431 1068 et
477 1013 680 1068 nnllnnt
723 1017 996 1083 medium,
1047 1017 1100 1070 in
1135 1031 1242 1087 quo
1270 1035 1377 1074 non
1409 1021 1482 1075 sit
1519 1018 1686 1088 Deus,
1722 1023 1874 1091 juxta
1908 1025 1972 1078 ειη

374 1105 465 1159 lud
501 1124 515 1158 :
552 1107 661 1176 Ego
691 1107 834 1161 Dens
861 1108 1091 1176 primus,
1130 1121 1183 1164 et
1221 1125 1322 1180 ego
1357 1121 1478 1182 post
1505 1113 1653 1179 hac;
1688 1125 1739 1170 et
1773 1124 1973 1184 przetcr

376 1214 462 1253 nte
486 1215 592 1253 non
624 1210 708 1256 est
729 1203 869 1256 alius
894 1212 916 1239 ι
939 1221 952 1268 ;
979 1203 1079 1258 hoc
1099 1204 1241 1259 enim
1275 1215 1358 1260 est
1382 1207 1730 1277 principium,
1749 1219 1801 1263 et
1823 1209 1966 1277 ﬁnis,

373 1305 428 1348 et
475 1295 736 1356 medium,
769 1295 955 1366 utique
1003 1299 1301 1352 secundum
1355 1315 1515 1353 unam
1541 1310 1595 1355 et
1638 1316 1967 1372 supraquam

373 1388 577 1440 unitam
615 1387 778 1460 447
810 1403 1051 1443 causam.
1105 1390 1258 1444 Licet
1312 1394 1456 1445 enim
1483 1395 1638 1447 multi
1688 1395 1797 1448 sint
1838 1396 1968 1450 eli‘e-

321 1517 330 1526 .
373 1488 498 1533 ctus
525 1489 578 1533 et
608 1496 830 1533 munera
875 1481 1108 1545 inlinita,
1145 1493 1325 1536 tamen
1365 1499 1526 1553 supra
1551 1501 1766 1540 onmem
1807 1488 1965 1541 unio—

374 1585 496 1624 nem
531 1573 692 1624 habet
745 1587 908 1624 unum
959 1573 1089 1626 illtul
1138 1589 1335 1641 causa,
1380 1592 1500 1646 qua:
1547 1577 1756 1648 liquido
1792 1581 1970 1633 muni-

371 1661 474 1715 bus
535 1663 718 1717 illucet
760 1678 910 1718 more
957 1665 1087 1718 solis
1138 1665 1298 1734 hujus
1343 1669 1620 1724 sensibilis
1670 1693 1680 1726 :
1727 1671 1772 1724 si
1823 1673 1968 1725 enim

377 1756 498 1819 hic,
537 1771 748 1811 cutnex
775 1757 886 1811 Deo
918 1757 1196 1820 subsistat,
1255 1760 1452 1817 multas
1515 1761 1850 1818 substantias
1902 1781 1966 1819 ac

385 1850 636 1902 diversas
667 1849 960 1918 qualitates
984 1866 1126 1905 unus
1166 1852 1430 1907 exsistens
1456 1852 1803 1910 unifortniter
1839 1857 1961 1910 illu—

375 1941 568 2005 tninet,
621 1952 695 2006 et,
734 1941 1128 1997 illmninatioue
1171 1961 1272 1997 una
1308 1956 1358 1999 et
1399 1944 1548 1999 unita
1583 1958 1960 2015 permanente,

373 2033 604 2087 diversae
658 2035 789 2088 liant
835 2037 1213 2104 Operatienes;
1264 2049 1467 2105 quanto
1531 2037 1702 2109 magis
1752 2040 1803 2093 in
1851 2039 1963 2094 Deo

373 2126 495 2193 quis
533 2125 662 2180 illud
695 2127 984 2198 intelligat,
1012 2131 1102 2199 qui
1134 2139 1240 2182 tam
1270 2129 1416 2183 illius
1441 2145 1604 2199 quam
1639 2138 1959 2186 cteterarum

374 2235 551 2273 rerum
589 2221 840 2276 conditor
866 2224 1214 2278 exsistilHSt
1239 2224 1282 2276 si
1316 2221 1396 2277 sol
1428 2232 1699 2277 tantorum
1734 2240 1960 2294 operum

371 2325 434 2363 ae
504 2312 806 2367 motionum
868 2328 1065 2368 causas
1139 2315 1484 2370 unifortniter
1547 2319 1957 2388 prmacceperit.

372 2400 524 2454 unite
561 2409 707 2457 totus
750 2405 1009 2460 omnibus
1051 2405 1350 2476 all‘nlgens,
1385 2406 1676 2476 unicuique
1714 2423 1960 2463 commo-

370 2497 472 2548 dus
503 2492 754 2551 inventus
777 2513 792 2564 ;
818 2507 1024 2568 quanto
1053 2499 1224 2568 magis
1253 2501 1394 2568 apud
1426 2501 1740 2555 Creatorem
1769 2517 1959 2557 exem-

369 2588 539 2654 plaria
589 2604 770 2644 rerum
822 2594 1067 2645 omnitnn
1097 2595 1364 2651 exsistere
1413 2595 1828 2650 concedamus?
1881 2598 1960 2651 Ac

369 2679 523 2734 Plato
558 2682 774 2752 quidem
807 2683 957 2739 ideas
984 2694 1038 2740 et
1084 2685 1417 2755 exemplaria
1458 2687 1622 2741 nimis
1663 2687 1753 2740 vili
1785 2697 1839 2740 et
1873 2689 1958 2742 in—

365 2771 526 2841 digna
571 2772 662 2826 Dei
695 2775 911 2830 ratione
939 2776 1185 2845 accepit;
1225 2778 1313 2830 hic
1344 2776 1508 2831 Pater
1542 2789 1674 2831 vero
1704 2777 1804 2832 hac
1839 2781 1959 2850 qui-

371 2862 496 2916 dem
527 2877 656 2919 voce
681 2881 809 2920 usus
837 2877 918 2921 est
945 2907 959 2931 ,
993 2870 1087 2922 sed
1131 2883 1350 2923 sensum
1381 2869 1497 2939 ejus
1531 2871 1616 2939 pie
1643 2869 1956 2940 explicavit,

366 2956 579 3021 dicens,
608 2960 936 3029 exemplaria
977 2975 1099 3016 esse
1131 2961 1372 3017 rationes
1400 2963 1862 3032 pra’exsisleules,
1895 2977 1957 3016 ac

363 3048 576 3103 divinas
600 3049 907 3106 voluntates
931 3067 1054 3122 qua:
1078 3053 1347 3108 definiunt
1373 3068 1437 3109 ac
1465 3051 1673 3109 faciunt
1701 3055 1957 3109 universa

364 3141 506 3204 (sola
543 3141 687 3194 enim
720 3138 862 3212 (Dei)
908 3142 1192 3198 voluntate
1233 3145 1418 3198 omnia
1458 3143 1787 3215 consistunt)
1818 3160 1958 3217 quas
1984 3175 2030 3232 ε

366 3241 421 3282 ιιι
451 3231 922 3299 praedeiinitiones
960 3249 1055 3290 seu
1095 3235 1602 3303 prazdestinationes
1633 3238 1793 3293 divus
1821 3239 1963 3294 Pau-

365 3322 452 3377 lus
479 3324 737 3392 appellat,
773 3326 968 3381 dicens
1001 3346 1014 3381 :
1049 3326 1192 3393 Quos
1221 3338 1396 3382 autem
1429 3333 1844 3399 prwdestinavit,
1867 3335 1961 3388 Ito:

363 3426 410 3465 ct
453 3416 656 3468 vocavit
694 3427 754 3480 ﬂ;
787 3426 842 3471 et
872 3416 1001 3471 alibi
1035 3434 1048 3471 :
1095 3417 1198 3483 Qui
1237 3420 1628 3487 prwdestinavit
1673 3438 1764 3474 nos
1792 3424 1848 3476 in
1880 3440 1963 3477 vo-

363 3509 568 3561 luntate
599 3525 694 3562 sua
725 3509 774 3561 δ.
805 3510 962 3578 Quod
1000 3521 1182 3567 autem
1217 3513 1382 3567 etiam
1426 3515 1761 3571 substantias
1787 3517 1962 3570 addu-

363 3611 451 3652 cat
499 3603 799 3655 secundum
870 3606 1238 3674 egressionem
1289 3622 1316 3659 a
1377 3603 1718 3671 substantia,
1779 3609 1962 3664 istius-

364 3693 508 3747 modi
567 3695 839 3751 rationem
895 3698 1079 3754 habet.
1138 3699 1359 3754 Dixerat
1417 3700 1466 3754 in
1515 3701 1623 3755 Deo
1666 3715 1787 3756 esse
1843 3716 1960 3755 om-

362 3787 511 3840 nium
565 3803 746 3842 rerum
797 3790 1174 3860 exemplaria;
1218 3792 1540 3848 deinde-ac
1585 3793 1630 3847 si
1674 3795 1796 3864 quis
1827 3794 1960 3849 alia-

363 3896 482 3934 rum
522 3880 742 3950 quidem
785 3899 969 3938 rerum
1010 3883 1248 3941 rationes
1282 3885 1334 3940 in
1369 3886 1482 3942 Deo
1520 3903 1644 3942 esse
1675 3887 1839 3951 dicat,
1869 3898 1955 3942 ut-

359 3986 489 4044 puta
537 3975 1009 4044 providentiarum
1068 3993 1132 4034 ac
1189 3994 1516 4045 munerum,
1571 3988 1954 4047 motuumque,

357 4068 504 4122 sicut
553 4069 852 4139 apostolica
885 4069 1028 4125 dicta
1065 4073 1326 4139 tradunt;
1372 4073 1442 4127 ita
1489 4085 1546 4128 ut
1579 4073 1706 4127 hinc
1733 4073 1953 4143 quidem

359 4161 730 4228 probabiliter
765 4161 1079 4232 colligatur,
1133 4165 1649 4233 przedestinationes
1704 4165 1952 4218 ministe-

360 4250 426 4301 rii
458 4261 510 4303 et
542 4251 882 4319 apostolatus
925 4252 1275 4321 rationesque
1319 4256 1513 4307 horum
1558 4267 1684 4308 esse
1728 4253 1781 4306 in
1819 4253 1949 4314 Deo,

359 4340 600 4405 ipsarum
647 4351 829 4393 autem
876 4357 1233 4409 personarum
1277 4343 1611 4413 exemplaria
1662 4358 1768 4398 non
1805 4357 1948 4398 esse.

357 4431 438 4484 Ac
481 4429 524 4484 si
574 4430 697 4499 quis
744 4431 925 4501 itaque
984 4435 1290 4489 istiusmodi
1339 4436 1608 4505 opinionis
1670 4434 1847 4498 foret,
1895 4444 1950 4488 et

2081 562 2199 634 μεθ’
2223 561 2252 614 ὃ
2277 561 2377 614 οὐκ
2412 560 2526 612 ἐστι
2554 560 2686 623 Θεὸς
2705 577 2718 590 ·
2752 563 2846 615 καὶ
2867 562 3021 615 οὐδὲν
3049 563 3231 632 μέσον,
3263 563 3326 615 ἐν
3352 554 3410 629 ᾧ
3435 561 3554 613 οὐκ
3589 561 3695 613 ἐστι

2073 653 2226 717 Θεὸς,
2267 645 2414 705 ’κατὰ
2453 651 2546 704 τό⁹
2586 650 2729 719 Ἐγὼ
2758 652 2892 716 Θεὸς
2930 652 3174 723 πρῶτος,
3225 653 3324 706 καὶ
3374 652 3509 720 ἐγὼ
3563 655 3693 722 μετά

2073 745 2264 808 ταῦτα,
2309 745 2404 796 καὶ
2448 744 2585 814 πλὴν
2615 743 2750 814 ἐμοῦ
2787 743 2886 797 οὐκ
2924 745 3036 797 ἔστι
3060 761 3074 774 ⁸
3117 744 3277 798 τοῦτο
3306 745 3433 814 γάρ
3465 746 3632 796 ἐστιν

2074 833 2236 905 ἀρχὴ,
2280 833 2342 886 τὸ
2382 833 2552 897 τέλος,
2595 833 2691 887 καὶ
2726 834 2786 886 τὸ
2831 833 3014 904 μέσον,
3055 835 3195 888 κατὰ
3222 833 3356 903 γοῦν
3417 834 3570 905 μίαν
3609 837 3694 887 καὶ

2075 926 2505 996 ὑπερηνωμένην
2534 925 2734 980 αἰτίαν.
2784 927 2848 978 Εἰ
2882 926 2992 997 γὰρ
3020 927 3187 982 πολλὰ
3215 927 3283 980 τὰ
3306 928 3557 981 αἰτιατὰ
3605 929 3692 980 καὶ

2071 1020 2127 1070 αἱ
2177 1018 2378 1071 δωρεαὶ
2425 1017 2664 1086 ἄπειροι,
2720 1018 2854 1072 ἀλλὰ
2906 1021 3004 1073 καὶ
3059 1020 3199 1092 ὑπὲρ
3245 1023 3450 1074 πᾶσαν
3490 1021 3691 1073 ἕνωσιν

2071 1109 2184 1179 ἕχει
2217 1110 2278 1162 τὸ
2315 1111 2514 1164 ένιαῖον
2552 1108 2614 1161 τὸ
2648 1108 2840 1174 αἴτιον,
2876 1111 3159 1182 ἀχράντως
3197 1113 3312 1176 τοῖς
3344 1114 3536 1165 πᾶσιν
3577 1114 3693 1164 ἐπ·-

2071 1201 2310 1272 λάμπει,
2350 1203 2506 1273 δίκην
2545 1200 2640 1256 τοῦ
2685 1202 2942 1276 αἰσθητοῦ
2984 1204 3174 1256 τούτου
3211 1203 3366 1274 ἡλίου
3419 1221 3437 1234 ·
3490 1206 3544 1257 εἰ
3587 1207 3688 1274 γὰρ

2070 1289 2224 1358 οὗτος
2247 1296 2274 1347 6
2303 1297 2368 1347 ἐκ
2399 1294 2495 1347 τοῦ
2525 1294 2660 1348 Θεοῦ
2685 1295 2925 1358 ὑποστὰς
2958 1295 3155 1359 πολλὰς
3179 1296 3370 1359 οὐσίας
3411 1299 3520 1348 καὶ
3569 1296 3687 1348 δια-

2071 1387 2267 1456 φόρους
2311 1387 2602 1459 ποιότητας
2643 1380 2722 1450 εἷς
2759 1387 2835 1440 ῶν
2873 1388 3159 1458 μονοειδῶς
3197 1388 3549 1458 ἐπιλάμπει,
3603 1392 3689 1439 καὶ

2071 1479 2338 1549 μενούσης
2365 1482 2494 1550 μιᾶς
2519 1481 2610 1534 καὶ
2643 1481 2850 1544 ἑνιαίας
2883 1481 2982 1552 τῆς
3002 1481 3275 1551 λάμψεως,
3299 1481 3577 1554 διάφοροι
3605 1484 3686 1549 γέ-

2070 1587 2248 1624 νονται
2289 1573 2345 1623 αἱ
2379 1573 2682 1644 ἐνέργειαι·
2726 1573 2906 1644 πολλῷ
2951 1589 3015 1643 γε
3062 1575 3258 1646 μᾶλλον
3289 1576 3389 1628 ἐπὶ
3445 1575 3598 1631 Θεοῦ
3635 1580 3688 1628 τὸ

2068 1663 2308 1717 τοιοῦτον
2350 1666 2562 1736 νοήσειέ
2594 1683 2678 1730 τις
2699 1667 2792 1720 τού
2816 1666 3042 1738 ποιητοῦ
3072 1670 3164 1722 καὶ
3202 1667 3396 1733 αὐτοῦ,
3447 1673 3552 1723 καὶ
3577 1670 3686 1722 τῶν

2071 1755 2244 1808 ἄλλων
2279 1756 2554 1812 ἁπάντων.
2582 1757 2692 1809 Καὶ
2718 1759 2766 1810 εἰ
2790 1759 2818 1812 6
2843 1756 2990 1828 ἦλιος
3023 1757 3121 1822 τὰς
3145 1757 3323 1822 αἰτίας
3353 1759 3480 1810 τῶν
3501 1761 3688 1811 τοσού-

2000 1826 2038 1880 υ
2067 1864 2175 1900 των
2218 1847 2508 1918 ἐνεργειῶν
2542 1849 2636 1902 καὶ
2673 1849 2940 1920 κινήσεων
2980 1849 3263 1920 μονοειδῶς
3306 1852 3684 1923 προείληᾳεν.

2066 1941 2281 2004 ἐνιαίως
2311 1941 2432 2006 ὅλος
2455 1941 2658 1996 ἅπασιν
2687 1942 3032 2013 ἐπιλάμπων,
3062 1945 3155 1996 καὶ
3176 1945 3396 2016 ἑκάστῳ
3420 1946 3489 1997 εὐ
3499 1948 3685 2016 9:31:6-

2069 2047 2228 2098 μενος
2278 2031 2606 2102 πρόσφοροςο
2652 2031 2832 2103 πολλῷ
2877 2050 2940 2101 γε
2983 2033 3179 2105 μᾶλλον
3231 2038 3682 2108 συγχωρήπμεν

2065 2119 2202 2177 εἶναι
2243 2125 2395 2195 παρὰ
2417 2126 2496 2196 τῷ
2523 2125 2840 2197 δημιουργῷ
2868 2127 2934 2180 τὰ
2959 2128 3068 2180 τῶν
3099 2128 3266 2181 ὄντων
3304 2129 3543 2182 πάντων
3575 2148 3680 2181 πα-

2069 2215 2426 2286 ραδείγματα.
2467 2217 2578 2270 Kai.
2599 2219 2628 2270 6
2661 2217 2759 2287 μὲν
2781 2217 3004 2271 Πλάτων
3030 2217 3129 2282 τὰς
3162 2219 3307 2282 ἰδέας
3336 2219 3436 2272 καὶ
3472 2221 3546 2272 τὰ
3579 2236 3673 2272 πα-

2065 2306 2402 2380 ραδείγματα
2442 2309 2716 2373 ταπεινῶς
2759 2310 2854 2362 καὶ
2900 2308 3133 2376 ἀναξίως
3175 2308 3312 2363 Θεοῦ
3366 2309 3636 2380 ἐξείληοξε
3664 2329 3676 2338 ο

2063 2399 2091 2450 6
2128 2399 2184 2452 δὲ
2239 2399 2521 2472 πατὴρ-τῇ
2565 2402 2661 2472 μὲν
2695 2401 2839 2468 λέξει
2886 2403 3175 2474 ἐχρήσατο,
3215 2403 3315 2474 τὴν
3351 2403 3412 2455 δὲ
3461 2404 3678 2456 ἔννοιαν

2063 2490 2302 2555 εὐσεϐῶς
2329 2491 2634 2564 ἐξηγήσατο
2652 2533 2667 2556 ,
2696 2493 3112 2565 παραδείγματα
3141 2495 3316 2564 λέγων
3343 2498 3484 2559 τοὺς
3507 2502 3679 2566 προῦ-

2063 2583 2342 2650 φεστῶτας
2383 2584 2592 2654 λόγους,
2643 2589 2737 2641 καὶ
2779 2586 2846 2640 τὰ
2881 2587 3206 2659 ἀφοριστικὰ
3246 2589 3522 2658 ποιητικὰ
3556 2589 3678 2643 θεῖα

2063 2676 2364 2746 θελήματα.
2400 2678 2572 2750 (μόνῳ
2611 2680 2721 2752 γὰρ
2764 2680 2840 2753 τῷ
2873 2680 3156 2752 βούλεσθαι
3201 2681 3270 2734 τὰ
3307 2683 3501 2736 πάντα
3549 2683 3675 2734 ὐπέ-

2064 2775 2308 2842 στησεν·)
2357 2771 2451 2837 οὓς
2477 2776 2572 2828 καὶ
2600 2775 2970 2847 προορισμούς
2997 2776 3025 2827 6
3048 2775 3188 2839 θεῖος
3217 2773 3434 2839 Παῦλος
3461 2793 3636 2845 φησιν
3663 2794 3673 2805 ·

2067 2863 2185 2929 Οὓς
2220 2864 2288 2917 δὲ
2326 2865 2643 2934 προώρισε,
2688 2868 2882 2937 λέγων,
2929 2869 3181 2934 τούτους
3220 2867 3317 2921 καὶ
3360 2868 3637 2922 ἐκάλεσε
3659 2887 3670 2898 ·

2063 2958 2156 3010 καὶ
2185 2958 2411 3029 ἑτέρωθι
2429 2975 2442 2988 ·
2481 2963 2814 3028 Προορίσας
2846 2961 3004 3032 ἡμᾶς
3035 2961 3106 3014 ἐν
3131 2959 3210 3025 τῷ
3239 2961 3539 3030 Θελήμιιτι
3566 2965 3672 3016 αὺ-

2063 3049 2189 3104 τοῦ.
2231 3049 2304 3103 Τὸ
2339 3049 2414 3116 δὲ,
2459 3052 2582 3105 ἐπεὶ
2631 3055 2724 3106 καὶ
2753 3054 2939 3118 οὐσίας
2980 3055 3216 3126 παράγει
3247 3053 3386 3106 κατὰ
3411 3054 3520 3123 τὴν
3563 3054 3672 3105 ἀπὸ

2063 3143 2253 3207 οὐσίας
2282 3143 2527 3208 ἔκϐασιν,
2566 3146 2810 3200 τοιοῦτόν
2849 3164 2971 3200 τινα
3001 3147 3113 3218 ἔχει
3141 3146 3316 3214 λόγον.
3350 3145 3553 3206 Εἶπεν,
3588 3147 3671 3198 ὅτι

2068 3237 2285 3291 πάντων
2341 3239 2450 3292 τῶν
2495 3239 2664 3292 ὄντων
2715 3238 2783 3292 τὰ
2821 3238 3239 3311 παραδείγματα
3292 3240 3352 3291 ἐν
3397 3237 3484 3308 τῷ
3549 3237 3669 3307 Θεῷ

2066 3331 2246 3392 ἐστιν,
2293 3324 2413 3385 εἶτα
2442 3329 2683 3401 ὡσπερεί
2715 3346 2861 3394 τινος
2896 3329 3006 3382 τῶν
3040 3327 3216 3382 ἄλλων
3257 3330 3358 3398 μὲν
3401 3330 3540 3393 τοὺς
3583 3330 3666 3380 λό-

2063 3429 2194 3487 γους
2212 3420 2445 3485 διδόντος
2469 3416 2610 3475 εἶναι
2632 3424 2689 3475 ἐν
2711 3420 2790 3492 τῷ
2809 3419 2948 3492 Θεῷ,
2971 3420 3212 3493 δηλονότι
3232 3421 3342 3474 τῶν
3367 3422 3663 3492 προνοιῶν,

2061 3512 2169 3565 τῶν
2193 3511 2430 3585 δωρεῶν,
2457 3514 2567 3567 τῶν
2597 3515 2886 3585 κινήσεων,
2913 3512 3096 3578 καθὼς
3117 3515 3212 3566 καὶ
3225 3513 3293 3566 τὰ
3319 3514 3662 3567 ἀποστολικᾶ

2064 3605 2204 3678 ῥητὰ
2244 3607 2492 3678 ἔχουσιν
2547 3607 2624 3671 ὡς
2669 3606 3000 3676 συνάγεσθαι
3039 3605 3169 3672 ἴσως
3213 3606 3491 3670 ἐντεῦθεν,
3538 3611 3662 3672 τούς

2065 3699 2164 3768 μὲν
2209 3701 2582 3772 πρωρισμούς
2614 3700 2714 3772 τῆς
2746 3699 3022 3763 διακονίας
3061 3701 3156 3753 καὶ
3191 3699 3293 3770 τῆς
3325 3700 3658 3770 ἀποστολῆς,

2061 3795 2156 3846 καὶ
2193 3794 2321 3857 τοὺς
2358 3793 2548 3862 λόγους
2576 3795 2784 3847 τούτων
2817 3783 2957 3847 εἶναι
3002 3795 3060 3846 ἐν
3086 3791 3167 3863 τῷ
3197 3790 3337 3862 Θεῷ,
3383 3793 3571 3845 αὐτῶν
3605 3793 3658 3845 δὲ

2057 3884 2168 3939 τῶν
2193 3883 2501 3957 προσώπων
2529 3885 2602 3938 τὰ
2647 3884 3066 3956 παραδείγματα
3104 3884 3178 3957 μὴ
3209 3881 3348 3938 εἶναι
3369 3903 3384 3914 ο

2057 3995 2201 4041 τινος
2218 3977 2347 4040 γοῦν
2367 3978 2616 4050 οἰομένου
2636 3978 2862 4032 τοιαῦτα
2885 3978 2981 4031 καὶ
3006 3976 3329 4048 χωρίζοντος
3351 3978 3464 4029 τῶν
3487 3993 3651 4048 προσ-

2057 4068 2223 4122 ώπων
2260 4069 2360 4133 τὰς
2387 4068 2682 4139 ἐνεργείας,
2716 4069 2850 4138 φησί
2880 4068 3164 4126 συνιστῶν,
3205 4067 3287 4119 ὅτι
3347 4068 3443 4120 καί
3476 4067 3653 4119 αὐτείν

2057 4164 2178 4216 καθ’
2208 4162 2341 4215 αὐτὸ
2365 4162 2473 4214 τῶν
2506 4161 2812 4233 προσώπων
2840 4161 2966 4224 τοὺς
2999 4160 3188 4228 λόγους
3210 4159 3323 4230 ἔχει
3366 4160 3501 4229 παρ’
3527 4160 3650 4211 ἐαυ-

2053 4251 2132 4322 τῷ
2167 4254 2197 4305 6
2234 4251 2589 4324 δημιουργὸς,
2633 4251 2756 4303 ἐπεὶ
2798 4250 2891 4303 καὶ
2920 4249 3110 4311 οὐσίας
3149 4249 3412 4317 παράγει.
3447 4249 3648 4318 Σκέψαι

2053 4341 2163 4413 γὰρ
2199 4342 2306 4395 ἀπὸ
2345 4341 2458 4394 τῶν
2503 4339 2624 4394 καθ’
2673 4341 2821 4410 ἡμᾶς
2859 4337 3168 4410 τεχνητῶν,
3203 4339 3284 4392 ὅτι
3321 4341 3487 4409 iussi;
3530 4340 3643 4409 μὲν,

2055 4436 2175 4488 ἐπεί⁵
2227 4433 2328 4486 οὐκ
2371 4430 2560 4494 οὐσίας
2602 4431 2946 4503 παράγομεν,
2990 4429 3109 4482 οὐδὲ
3146 4432 3274 4492 τοὺς
3315 4428 3511 4498 λόγους
3545 4431 3646 4481 τῶν

357 4542 384 4576 a
442 4525 696 4594 personis
760 4526 1009 4581 actiones
1059 4537 1378 4596 separaret,
1437 4530 1674 4593 asserit,
1733 4536 1939 4582 creato-

2087 4527 2252 4582 ὐσιῶν
2301 4529 2432 4598 παρ’
2476 4528 2687 4589 ἑαυτοῖς
2735 4525 2962 4596 ἔχομεν·
3000 4522 3168 4587 ἕξεων
3207 4523 3264 4576 δὲ
3304 4525 3402 4576 καὶ
3455 4524 3644 4594 τέχνης

356 4635 468 4672 rem
520 4619 880 4689 ipsarumtnet
917 4635 1282 4689 personarum
1315 4635 1530 4690 quoque
1583 4623 1821 4676 rationes
1853 4637 1948 4692 pe-

356 4727 452 4766 nes
490 4727 548 4765 se
601 4713 806 4767 habere
835 4761 848 4777 ,
891 4729 1014 4768 cum
1057 4699 1221 4766 etiam
1278 4715 1609 4768 substantias
1658 4716 1942 4782 producat.

355 4803 637 4872 Siquidem
685 4803 735 4856 id
785 4804 1082 4858 observare
1126 4804 1256 4856 licet
1301 4805 1352 4856 in
1398 4807 1560 4859 rebus
1610 4806 1948 4860 nostratibus

353 4907 472 4951 arte
515 4896 695 4962 laetis,
738 4899 997 4968 quoniam
1051 4913 1149 4953 nos
1177 4898 1397 4966 quidem
1445 4915 1567 4951 cutn
1609 4898 1944 4954 substantias

2055 4621 2246 4689 λόγους
2287 4619 2440 4672 οὐδὲν
2485 4617 2682 4672 κωλύει
2719 4617 2863 4686 ἔχειν
2906 4618 3072 4687 ἡμᾶς,
3107 4615 3227 4669 καθ’
3266 4615 3362 4678 οὓς
3392 4615 3641 4668 ἀποτελε-

2053 4714 2206 4784 σθείη
2245 4713 2305 4765 τὸ
2336 4712 2617 4783 τεχνητὸν.
2664 4711 2721 4762 Ὀ
2748 4710 2806 4763 δὲ
2834 4709 2966 4772 Θεὸς
2985 4749 2999 4772 ,
3033 4710 3155 4762 ἐπεὶ
3193 4710 3287 4761 καὶ
3312 4708 3524 4761 τούτων
3552 4709 3640 4760 κὰ-

2051 4805 2244 4858 κείνων
2285 4799 2652 4872 παραγωγεύς
2692 4801 2862 4862 ἐστιν,
2905 4797 3131 4858 εἰκότως
3153 4795 3385 4866 ἔχεικαὶ
3411 4795 3637 4865 ἀμφοτέ-

2053 4913 2163 4967 ρων
2199 4895 2325 4957 τοὺς
2352 4893 2564 4962 λόγους,
2591 4892 2685 4944 καὶ
2706 4891 2814 4944 τῶν
2847 4891 3046 4944 οὐσιῶν
3070 4890 3160 4942 καὶ
3187 4888 3298 4942 τῶν
3325 4887 3516 4953 ἕξεων.

355 5005 459 5043 non
494 4991 877 5059 producamus.
937 4991 1374 5046 substantiarum
1425 5007 1642 5062 quoque
1694 4992 1939 5046 rationts
1984 4990 2125 5060 apud
2180 5004 2280 5043 nos
2325 4987 2553 5041 minime
2602 4984 2898 5048 habemus;
2931 4982 3315 5037 habitudinum
3383 4989 3632 5033 autemet

354 5083 488 5135 artis
520 5087 758 5139 rationes
779 5085 979 5138 habere
1004 5100 1102 5138 nos
1122 5082 1255 5137 nihil
1283 5090 1448 5148 vetat,
1501 5082 1801 5136 secundum
1829 5096 1968 5151 quas
1992 5095 2079 5135 res
2110 5090 2230 5135 arte
2264 5079 2405 5133 facta
2434 5075 2766 5130 absolvatur.
2825 5075 2967 5130 Deus
3012 5087 3167 5135 vero.
3228 5089 3353 5127 cum
3387 5081 3500 5128 tam
3527 5073 3629 5127 hac

353 5194 516 5248 quam
550 5178 635 5230 illa
679 5178 982 5248 producat,
1015 5178 1211 5231 merito
1252 5177 1418 5231 habet
1453 5184 1810 5246 utrorumque
1849 5177 2113 5239 rationes,
2154 5185 2261 5228 tam
2301 5173 2729 5228 substantiarum
2767 5185 2928 5240 quam
2970 5169 3278 5224 habitutun.

425 5270 455 5344 ᾗ
520 5271 610 5325 IX.
680 5270 934 5324 Clemens
991 5279 1172 5322 autem
1224 5269 1582 5339 philosophus
1631 5269 1782 5323 urbis
1829 5267 1939 5320 Ro-

355 5379 532 5418 mana:
589 5364 922 5430 episcopus,
992 5371 1051 5413 ut
1111 5361 1330 5431 quidam
1393 5364 1722 5432 interpretes
1769 5361 1938 5434 M8

355 5455 538 5518 aiunt,
572 5452 890 5522 opinionem
921 5451 1214 5521 quamdam
1267 5459 1489 5505 secutus
1531 5461 1636 5516 est,
1665 5467 1785 5522 qua:
1819 5465 1938 5503 tra-

355 5547 450 5609 dit,
483 5547 646 5599 etiatn
679 5547 731 5600 in
765 5551 1118 5616 generatione
1144 5558 1328 5598 rerum
1358 5543 1637 5599 sensilium
1671 5546 1934 5614 quasdam

353 5654 475 5693 esse
519 5653 715 5694 causas
757 5637 1109 5709 principales.
1145 5637 1612 5704 Quemadmodum
1667 5637 1848 5708 itaque
1880 5637 1932 5691 in

431 5779 643 5848 htpoc.
675 5793 810 5841 xxii,
840 5779 922 5832 13.
1005 5792 1029 5818 ι
1056 5779 1213 5834 Rom.
1252 5793 1369 5842 vm,
1406 5776 1495 5834 30.

1576 5778 1604 5817 ι’
1632 5777 1834 5848 Epltes.
1860 5795 1898 5844 ι,
1930 5777 1982 5832 5.

2121 5266 2151 5337 §
2187 5264 2278 5318 IX.
2328 5266 2386 5318 '0
2423 5265 2603 5334 μέντοι
2627 5262 2912 5332 φιλόσοφος
2942 5261 3174 5332 Κλήμης
3199 5263 3227 5312 6
3263 5261 3484 5332 Ῥώμης
3516 5263 3622 5316 ἐπί-

2051 5375 2272 5421 σκοπος,
2315 5356 2391 5420 ῶς
2421 5357 2550 5425 φασί
2577 5373 2720 5419 τινες
2751 5354 3139 5426 ἐξηγούμενοι,
3171 5351 3302 5426 δόξῃ
3340 5356 3450 5406 τινὶ
3474 5371 3622 5424 κατη-

2047 5449 2340 5520 κολούθησε
2380 5448 2631 5523 λεγούσῃ,
2674 5447 2770 5500 καὶ
2812 5450 2870 5500 ἐν
2905 5449 2968 5518 τῇ
2996 5446 3207 5515 γενέσει
3230 5446 3340 5498 τῶν
3364 5446 3620 5518 αἰσθητῶν

2046 5539 2186 5596 εἷναί
2223 5557 2375 5604 τινας
2404 5539 2637 5612 ἀρχικὰς
2673 5539 2880 5603 αἰτίας.
2918 5539 3004 5602 Ὠς
3039 5537 3171 5607 γοῦν
3205 5539 3264 5590 ἐν
3290 5540 3405 5601 τοῖς
3428 5539 3617 5608 νοητοῖς

2047 5635 2161 5688 ἔστι
2197 5634 2376 5703 λέγειν
2408 5633 2506 5697 τὰς
2534 5635 2750 5704 νοήσεις
2782 5631 2882 5695 τὰς
2919 5632 3102 5695 θείας,
3134 5630 3326 5699 λόγους
3373 5629 3617 5702 ἀρχικοὺς
