3742 6294
59 352 188 410 819

683 354 769 410 DE
805 355 1064 412 DIVINIS
1098 355 1499 421 NOMINIBUS,
1534 355 1688 411 CAP.
1727 355 1792 412 ν.
1826 385 1897 399 ——
1932 353 2161 410 PARAP

1321 355 1499 421 IBUS,
1534 355 1688 411 CAP.
1727 355 1792 412 ν.
1826 385 1897 399 -ι
1932 353 2283 410 PARAPHR.
2323 354 2793 410 ΡΑΕΗΥΜΕΒΛΞ.

3266 356 3372 411 850

60 471 175 525 καὶ
229 471 682 543 παραδείγματα,
733 475 904 537 οὑτως
936 478 995 528 ὲν
1030 479 1139 538 τοῖς
1183 475 1460 544 αἰσθητοῖς
1503 474 1538 526 ἕ]

1893 472 2199 528 :llectilibus
2246 472 2370 527 licet
2416 473 2631 536 dicere,
2667 462 2881 526 divinas
2925 471 3174 525 notiones
3205 472 3371 524 ratio-

59 555 229 613 εἷναί
266 577 398 612 τινα
429 560 847 634 ἀρχηγικῶτερα
872 564 1307 635 παραδείγματα,
1333 564 1425 617 τοῦ
1450 564 1546 634 μὲν
1573 561 1692 616 ἐνύ-

59 653 170 704 λου
199 654 379 722 τυχὸν
408 654 578 725 πυρὸς
600 655 660 707 τὸ
683 656 921 727 αἰθέριον
946 695 959 718 ,
1010 656 1122 710 τῶν
1145 658 1201 710 δὲ
1227 657 1542 729 πηγιμαίων
1567 657 1692 710 ὑδά-

61 762 188 797 των
227 745 308 798 τὰ
351 745 720 816 ὑπερουράνια
747 746 930 811 ὕδατα,
970 747 1125 802 ἅτινα
1154 748 1418 818 ἀὺλότερά
1442 747 1556 812 πῶς
1587 750 1691 800 εἰσι

61 837 191 889 τῶν
235 837 577 908 ὑφειμένων,
617 840 748 908 παρ’
773 839 896 891 ὅσον
922 840 950 891 ό
977 841 1072 911 μὲν
1098 840 1262 913 αἰθὴρ
1289 840 1451 905 αὑτὸς
1484 844 1542 894 ὲν
1564 843 1690 895 ἑαυ-

63 928 153 998 τῷ
208 930 396 982 καίων
437 929 749 998 ὑφίσταται,
798 931 865 983 τὰ
911 933 968 985 δὲ
1016 933 1274 1006 ὑπεράνω
1309 933 1417 986 τῶν
1448 934 1691 1006 οὐρανῶν

65 1021 262 1074 ὕδατα
303 1021 427 1093 δίχα
458 1023 550 1076 τοῦ
591 1023 955 1095 προσήκοντος
1009 1027 1360 1097 περιορισμοῦ
1404 1027 1694 1096 συσφίγγε-

64 1131 169 1166 ται
222 1115 330 1167 καὶ
354 1115 660 1188 συνέχεται·
696 1119 789 1171 καὶ
834 1117 1030 1187 μᾶλλον
1075 1119 1166 1171 ἐπὶ
1206 1118 1574 1190 σφαιροειδοῦς
1600 1118 1696 1172 καὶ

65 1205 399 1277 ὀλισθηρᾶς
438 1207 567 1261 ὄντα
607 1209 842 1277 φύσεως,
889 1211 1056 1282 ἄμφω
1101 1211 1155 1265 δὲ
1194 1215 1580 1283 συγκρατεῖται
1615 1211 1694 1281 τῷ

67 1299 481 1373 δημιουργικῷ
530 1302 622 1354 καὶ
661 1302 791 1374 θείῳ
838 1302 1127 1374 θελήματι.
1171 1303 1269 1356 Διὰ
1312 1303 1470 1356 τοῦτο
1503 1303 1559 1356 δὲ
1601 1304 1695 1356 καὶ

71 1391 228 1461 πρός
257 1408 319 1444 τι
346 1390 770 1464 παραδείγματά
801 1411 933 1466 φησι
957 1412 969 1424 ο
1002 1396 1139 1466 πρὸς
1171 1395 1281 1465 γὰρ
1303 1396 1476 1450 ταῦτα
1510 1397 1694 1449 ὲ-κεϊνα

71 1482 545 1554 παραδείγματα,
583 1485 675 1538 καὶ
704 1486 803 1556 οὑχ
830 1486 1015 1550 ἁπλῶς
1040 1489 1275 1562 ἀρκτικὰ
1299 1487 1466 1553 αἴτια,
1499 1487 1575 1551 ὡς
1602 1482 1693 1540 οὗ·

72 1573 175 1634 τός
203 1591 352 1645 φησι
374 1615 388 1637 ,
419 1575 486 1628 τὰ
527 1575 794 1648 θεαρχικὲι
815 1578 1116 1650 θελήματα.
1154 1579 1335 1632 Ἀλλοι
1358 1580 1414 1633 δὲ
1435 1580 1503 1633 τὰ
1529 1577 1693 1649 νοητὰ

73 1662 195 1714 τῶν
236 1663 544 1735 αἰσθητῶν,
569 1668 661 1719 καὶ
701 1667 905 1721 τούτων
941 1667 1100 1722 πάλιν
1134 1669 1203 1722 τὰ
1249 1669 1550 1740 ὑψηλότερα
1587 1670 1694 1722 τῶν

77 1755 423 1818 κατωτάτω,
463 1757 880 1828 παραδείγματα
905 1759 1084 1826 λέγειν
1108 1759 1198 1813 τὸν
1225 1760 1368 1832 ἱερὸν
1393 1760 1692 1832 ὲκλαϐὀμε-

1795 581 1892 621 nes
1923 581 2046 621 esse
2086 566 2414 636 principales
2441 578 2494 621 et
2549 567 2905 636 exemplaria,
2947 566 3024 621 sic
3064 567 3115 619 iu
3157 567 3373 619 sensili-

1793 659 1893 711 bus
1941 657 2080 712 dixit
2124 672 2243 711 esse
2278 659 2530 726 quatdam
2573 659 2958 728 principaliora
3011 657 3371 725 exemplaria,

1794 763 1846 800 ν.
1878 764 1932 818 g.
1988 749 2130 819 ignis
2162 749 2464 804 materialis
2508 750 2743 819 qualitas
2794 751 3042 815 :ullteria,
3085 759 3140 803 et
3193 749 3373 803 fonta-

1794 840 1925 894 liutn
1975 856 2238 911 aquarutn
2285 842 2708 910 supercmlestes
2749 857 2926 912 aquae,
2965 857 3084 912 quae
3113 842 3376 912 quodam-

1796 935 1960 987 modo
2028 935 2198 1003 magis
2246 934 2634 989 iuunateriales
2691 944 2814 988 sunt
2885 935 3274 1001 inferioribus,
3321 936 3375 988 in

1794 1035 2057 1093 quantutn
2111 1025 2282 1079 :etber
2327 1025 2545 1092 quidem
2595 1025 2708 1093 ipse
2737 1025 2789 1078 in
2818 1025 2998 1094 seipso
3023 1028 3222 1080 ardens
3251 1026 3377 1080 sult-

1795 1115 1972 1179 sistit,
2028 1131 2184 1185 aqua:
2229 1132 2358 1171 vero
2403 1117 2824 1186 supercutlestes
2872 1119 2992 1172 sine
3029 1118 3376 1173 circumscri-

1797 1208 1980 1276 ptione
2010 1207 2371 1262 conveniente
2401 1211 2857 1280 constringuntur
2888 1225 2952 1265 ac
2989 1211 3374 1269 continentur;

1795 1299 1926 1368 quin
1976 1300 2156 1368 potius
2189 1293 2310 1353 cuin
2341 1301 2667 1356 orbicularis
2708 1317 2770 1356 ac
2799 1302 2956 1356 ﬂuxa:
2992 1314 3205 1356 natura:
3242 1303 3374 1362 sint,

1797 1403 2033 1462 utraque
2069 1393 2369 1448 conditoris
2401 1410 2463 1449 ac
2493 1395 2676 1448 divina
2705 1396 2981 1450 voluntate
3005 1395 3380 1454 continentur,

1797 1481 2066 1548 Quocirca
2096 1485 2263 1539 etiam
2294 1486 2360 1539 ad
2401 1486 2606 1556 aliquid
2654 1487 2989 1556 exemplaria
3038 1502 3165 1542 esse
3204 1488 3376 1545 dicit:

1797 1575 1864 1628 ad
1917 1577 2031 1631 haec
2078 1577 2192 1646 ipsa
2226 1580 2371 1631 enim
2408 1579 2769 1648 exemplaria,
2815 1591 2867 1634 et
2913 1597 3016 1634 nou
3063 1581 3382 1650 simpliciter

1796 1682 1992 1723 eattsas
2034 1669 2389 1739 principales,
2430 1681 2488 1724 ut
2537 1671 2624 1726 bic
2654 1671 2753 1737 ait,
2787 1673 2983 1726 divina:
3025 1681 3150 1725 sunt
3191 1671 3382 1726 volnu-

1799 1770 1959 1814 tales.
2013 1761 2116 1814 Alii
2177 1776 2306 1815 vero
2349 1763 2686 1817 intellectilia
2745 1763 3049 1827 sensilium,
3099 1773 3154 1817 et
3188 1763 3380 1816 borum

77 1863 166 1899 νοι
197 1847 531 1918 Κλήμεντα,
567 1852 646 1913 εἰς
669 1853 964 1925 σαφήνειαν
990 1852 1090 1922 τῆς
1131 1852 1387 1924 τοιαύτης
1410 1853 1555 1925 δόξης

1905 1871 1992 1908 um
2037 1856 2360 1910 sublimiora
2404 1856 2725 1910 inferiorum
2764 1856 3095 1927 exemplaria
3132 1856 3380 1910 Clemen-

76 1936 342 1991 τοιοῦτόν
380 1957 432 1991 τι
475 1941 835 2012 παράγουσιν.
879 1943 1111 1997 ’Υπόθου
1156 1945 1266 2016 γὰρ
1295 1945 1576 2016 γραμμὴν,
1626 1941 1691 2017 ἧς

79 2029 148 2080 τὸ
181 2029 290 2100 μὲν
319 2029 434 2084 ἄνω
463 2032 627 2103 μέρος
651 2033 985 2088 ἀπώιδόσθω
1010 2038 1124 2099 τοῖς
1156 2039 1366 2106 νοητοῖς
1385 2076 1399 2100 ,
1429 2037 1492 2090 τὸ
1513 2037 1568 2089 δὲ
1597 2039 1694 2090 κά-

79 2140 166 2176 τω
215 2128 336 2189 τοῖς
376 2127 655 2198 αἰσθητοῖς
677 2145 690 2158 ⁸
747 2131 834 2183 καὶ
870 2131 1158 2186 τούτων-τὸ
1191 2133 1288 2202 μὲν
1315 2135 1691 2204 ἁρχηγικωτέ-

85 2235 234 2287 ροις,
269 2220 418 2292 ἅπερ
448 2223 554 2275 εἰσὶ
591 2221 658 2275 τὰ
697 2223 842 2286 ἰδίως
867 2225 1031 2295 νοητὰ
1057 2265 1072 2290 ,
1102 2227 1163 2280 τὸ
1191 2227 1405 2295 πρῶτον
1430 2228 1524 2280 καὶ
1549 2227 1690 2281 ἀνώ-

80 2327 257 2364 τατον
306 2313 492 2384 μέρος,
523 2317 639 2377 τοῖς
672 2314 730 2367 δὲ
772 2317 836 2368 ὲκ
873 2315 982 2370 τῶν
1013 2318 1219 2390 νοητῶν
1245 2320 1306 2372 τὸ
1347 2321 1462 2390 μετ’
1494 2323 1690 2384 έκεῖνο,

83 2393 193 2451 εἷθ’
228 2399 397 2464 οὕτω,
430 2402 553 2456 καθ’
581 2403 848 2458 ὑπόόασιν
875 2406 974 2478 τῆς
997 2409 1263 2479 γραμμῆς
1287 2409 1354 2462 τὰ
1387 2409 1538 2464 ἄλλα.
1574 2413 1691 2462 Δεῖ-

85 2491 179 2556 ξαι
221 2492 336 2565 γὰρ
365 2493 506 2548 θέλει
526 2497 578 2566 ’ή
613 2497 836 2571 τοιαύτη
863 2499 989 2564 δόξα
1013 2539 1028 2561 ,
1065 2500 1138 2571 μὴ
1167 2501 1264 2576 τῆς
1288 2500 1444 2568 ἀξίας
1469 2503 1570 2572 τῆς
1594 2506 1691 2557 αὑο

83 2585 191 2653 τῆς
237 2581 382 2639 εἶναι
423 2586 492 2640 τὰ
533 2590 729 2654 πάντα,
775 2590 889 2644 ἀλλ’
911 2590 971 2655 ἐξ
998 2591 1241 2664 ἀλλήλων
1273 2593 1387 2648 ἔνια
1412 2595 1691 2666 γινόμενα,

87 2675 206 2734 οἷον
255 2680 326 2734 τὰ
378 2683 644 2754 ὑφειμένα
691 2687 804 2759 εἴδη
841 2691 950 2744 τῶν
996 2690 1318 2746 καθολικῶν.
1370 2692 1480 2745 Καὶ
1521 2693 1695 2750 ταῦτα

94 2776 199 2843 μέν
231 2794 376 2843 τινες
400 2797 412 2810 ·
445 2781 506 2836 τὸ
533 2782 590 2835 δὲ
626 2782 768 2845 ὅλον,
799 2780 972 2855 οἶμαι,
995 2786 1072 2850 ὼς
1097 2787 1161 2840 ἂν
1185 2788 1294 2841 τῶν
1318 2788 1493 2860 λόγων
1523 2811 1692 2847 κατα-

93 2870 476 2942 στοχασωμαι,
505 2872 664 2928 τοῦτό
695 2876 842 2930 ἐστιν
862 2895 874 2906 ·
914 2878 1033 2931 Ὅτι
1059 2880 1246 2952 ἐπειδὴ
1274 2883 1382 2936 τῶν
1398 2887 1604 2956 νοητῶν
1626 2889 1695 2942 τὶ

94 2961 347 3030 παρόντα
383 2963 646 3033 λέγουσιν,
686 2968 763 3031 ὡς
802 2971 830 3022 ό
876 2971 1050 3039 μέγας
1089 2972 1406 3040 Ἀπόστολος
1443 2974 1559 3031 εἷπε
1600 2980 1692 3033 τοῦ

95 3051 268 3121 νόμου
329 3055 508 3120 σκιὰν,
561 3052 715 3121 οὗτος
759 3055 821 3126 ’ἐξ
855 3061 1212 3134 ἀντιστρόφου
1260 3068 1445 3119 ἐκεῖνα
1490 3070 1694 3124 τούτων

96 3144 331 3198 ἐκάλεσε
359 3148 790 3220 παραδείγματα.
826 3152 924 3206 Διὰ
956 3153 1112 3208 τοῦτο
1139 3156 1250 3229 γὰρ
1275 3154 1395 3212 εἷπε
1427 3162 1519 3214 καὶ
1555 3165 1688 3235 πρός
1717 3185 1758 3240 ο

96 3256 149 3292 τι
190 3242 223 3310 ή
265 3240 431 3295 εἰκὼν
458 3243 592 3314 πρὸς
615 3245 675 3298 τὸ
703 3247 1070 3319 παράδειγμα,
1117 3253 1209 3304 καὶ¹
1245 3252 1306 3306 τὺ
1346 3256 1695 3328 παράδειγμα

100 3333 243 3403 πρὸς
268 3333 368 3405 τὴν
399 3337 602 3392 εἰκόνα.
634 3339 770 3410 Φησὶ
799 3341 978 3395 τοίνυν
1007 3345 1036 3396 ό
1068 3344 1274 3417 Πατὴρ,
1301 3346 1405 3410 ὅτι,
1431 3350 1480 3401 εἰ
1505 3349 1693 3402 κάκεῖ-

100 3442 194 3488 νος
231 3425 300 3480 τὰ
335 3428 500 3499 νοητὰ
548 3430 656 3484 τῶν
695 3432 969 3511 αἰσθητῶν
993 3437 1221 3491 ἐκάλεσε
1248 3441 1690 3512 παραδείγματα,

103 3517 239 3584 (ὅρα
259 3518 388 3587 γὰρ,
423 3523 576 3592 φησὶ,
609 3522 885 3591 ποιήσεις
910 3527 1058 3581 κατὰ
1090 3529 1198 3581 τὸν
1223 3531 1418 3584 τύπον
1445 3531 1551 3586 τὸν
1574 3533 1693 3586 δει-

101 3609 326 3677 χθέντα
346 3615 489 3682 σοι’)
530 3614 645 3668 ἀλλ’
669 3611 763 3669 οὖν
788 3617 888 3670 οὑκ
914 3618 1021 3672 εἰσὶ
1035 3619 1258 3675 τοιαῦτα
1281 3623 1694 3696 παραδείγματα

100 3699 170 3751 τὲ
202 3700 368 3771 νοητὰ
399 3704 608 3763 ἐκεῖνα,
649 3704 788 3758 ὥστε
833 3707 924 3759 καὶ
959 3711 1308 3781 προσκυνητὰ
1336 3707 1495 3778 εἶναι,
1520 3715 1595 3778 ὠς
1627 3715 1694 3768 τὰ

103 3792 227 3845 θεῖα
252 3793 553 3865 θελήματα,
583 3797 718 3852 ἀλλὰ
741 3801 971 3856 κάκεῖνα
997 3805 1277 3876 ποιήματά
1299 3807 1426 3869 εισι,
1457 3807 1550 3860 καὶ
1579 3805 1696 3877 ἕχο-

105 3903 208 3956 μεν
253 3885 468 3941 ἀκούειν
497 3891 590 3942 καὶ
633 3892 760 3963 περὶ
809 3893 1009 3958 αὑτῶν,
1041 3895 1224 3961 καθὼς
1245 3899 1273 3949 ὁ
1303 3899 1542 3969 Μωῦσῆς
1568 3902 1695 3972 περὶ

103 3977 213 4030 τῶν
252 3979 524 4052 αἰσθητῶν
550 3976 702 4035 εἶπεν
736 3983 812 4048 ὡς
839 3986 946 4039 ἀπὸ
975 3987 1068 4041 τοῦ
1096 3989 1253 4042 Θεοῦ·
1300 3990 1373 4044 Οὑ
1405 3992 1696 4063 παρέδειξα

109 4087 190 4124 σοι
229 4072 367 4125 αὑτὰ
404 4073 498 4126 τοῦ
531 4078 854 4149 πορεύεσθαι
884 4081 1059 4134 ὀπίσω
1089 4082 1303 4146 αὑτῶν,
1342 4084 1455 4138 ἀλλ’
1495 4087 1582 4140 ἵνα
1608 4087 1693 4140 διὰ

106 4162 309 4216 τούτων
347 4166 482 4236 πρὸς
508 4169 569 4220 τὸ
593 4169 762 4235 ὅντως
799 4173 858 4225 ὂν
900 4175 994 4227 καὶ
1030 4175 1122 4227 τὸν
1159 4176 1386 4248 ποιητὴν
1417 4179 1696 4252 ἁναγὼμε-

109 4254 196 4308 θα.
232 4255 447 4330 Ἐπειδὴ
466 4278 607 4324 τινες
621 4261 730 4314 τῶν
746 4263 1012 4335 Ἑλλήνιον
1033 4267 1132 4330 τὰς
1154 4269 1295 4332 ἰδέας
1316 4271 1491 4325 καὶτὰ
1510 4291 1687 4346 παρα-

109 4349 372 4420 δείγματα
389 4353 727 4408 ἐνυπὸστατα
771 4356 998 4428 ἔφησαν,
1041 4361 1264 4427 τούτους
1295 4365 1693 4437 ἀπορῤαπίζων

112 4440 305 4509 φησίνο
341 4443 402 4495 Ei
447 4444 555 4514 γὰρ
601 4446 676 4518 μὴ
722 4447 908 4512 ἁπλῶς
944 4453 1039 4504 καὶ
1077 4454 1294 4519 ἑνιαίως
1320 4453 1430 4510 εἶεν
1471 4462 1524 4512 αἱ
1554 4459 1690 4512 ἰδέαι

111 4535 320 4605 νοήσεις
342 4535 514 4607 ὑπερη
525 4537 968 4610 πλωμὲναιοῦσαι
989 4545 1082 4598 τοῦ
1104 4547 1572 4620 ὑπερηπλωμένου
1596 4554 1690 4604 καὶ
1724 4532 1767 4584 D

115 4624 534 4694 ὑπερηνωμένου
577 4625 710 4681 Θεοῦ
732 4670 747 4693 ,
795 4631 1047 4697 σύνθετος
1075 4635 1140 4688 ἂν
1179 4636 1264 4707 εἴη
1283 4641 1312 4691 ό
1334 4639 1466 4702 Θεὸς
1496 4643 1559 4692 ἐκ
1588 4657 1695 4692 πα-

118 4716 466 4787 ραδείγματος
485 4721 579 4773 καὶ
593 4722 806 4786 ἑαυτοῦ,
821 4725 956 4796 ὅπερ
976 4727 1197 4799 διπλόην
1211 4732 1461 4802 ὠνόμασε
1479 4751 1492 4764 ’
1518 4736 1696 4788 πάντα

115 4805 206 4862 οὖν
239 4810 528 4864 ἀναθετέον
552 4815 617 4883 τῇ
646 4815 835 4887 πρώτῃ
862 4819 1032 4889 αἰτίᾳ.
1079 4821 1216 4874 Ἀλλ’
1249 4824 1311 4874 οὑ
1333 4865 1347 4885 ,
1377 4825 1512 4878 διότι
1543 4844 1698 4897 μερι-

116 4903 188 4956 xi
225 4903 316 4955 καὶ
354 4903 678 4975 ἐτερόχρονα
708 4907 776 4961 τὰ
813 4912 1064 4975 αἰτιατᾶι,
1099 4913 1201 4984 ἤδη
1238 4916 1565 4988 ὑπονοητέον
1606 4921 1700 4974 καὶ

121 4995 412 5066 μερισμούς
463 5014 613 5062 τινας
672 5001 1124 5069 ἰδιοῦποστάτους,
1168 5006 1200 5077 ἤ
1245 5008 1350 5078 μὴν
1392 5009 1536 5074 ἰδίως
1584 5015 1696 5065 ἐπι-

119 5093 429 5162 νοουμένους
465 5096 558 5147 ἐπὶ
594 5095 728 5149 Θεοῦ
753 5115 766 5127 ·
799 5099 934 5153 ἀλλὰ
977 5101 1074 5171 μία
1116 5103 1232 5155 ἐστὶ
1262 5104 1353 5155 καὶ
1391 5102 1531 5175 αὕτη
1571 5104 1696 5177 ἐξη-

125 5185 324 5254 ρημένη
352 5187 552 5249 παντὸς
578 5189 776 5242 ἐνιαίου
803 5192 834 5261 ἡ
865 5191 1059 5256 ἓνωσις
1083 5211 1095 5222 ’
1129 5195 1267 5248 κατὰ
1305 5196 1431 5265 μίαν
1458 5197 1568 5267 γὰρ
1601 5201 1696 5251 καὶ

122 5280 218 5348 τὴν
262 5275 427 5347 αὑτὴν
483 5278 582 5348 οὑχ
621 5281 810 5345 ἁπλῶς
849 5284 1128 5356 ἁπλότητα
1157 5327 1171 5351 ,
1218 5287 1332 5340 ἀλλ’
1388 5289 1695 5361 ὑπερϐολὴν

73 5438 80 5444 .
121 5370 427 5439 ἁπλότητος,
470 5371 645 5425 πάντα
679 5377 737 5427 ὲν
769 5376 930 5448 ἑαυτῇ
965 5378 1037 5449 μὴ
1064 5380 1222 5449 μόνον
1264 5382 1524 5452 περιέχει,
1561 5382 1695 5435 ἀλλὰ

125 5465 214 5517 καὶ
242 5463 454 5533 προέχει
493 5471 937 5539 προωρισμένως,
967 5471 1245 5545 ἀρξαμένη
1268 5475 1368 5544 τῆς
1389 5476 1694 5530 οὑσιοποιοῢ

127 5554 364 5627 προόδου,
405 5553 500 5605 καὶ
535 5561 874 5631 παραγωγῆς
918 5561 1026 5614 τῶν
1072 5564 1405 5633 κτισμάτων,
1453 5566 1562 5619 ἀπὺ
1605 5568 1700 5620 τοῦ

131 5646 258 5702 εἶναι
290 5647 485 5717 ἑαυτῆς
516 5665 528 5676 ·
571 5648 761 5720 ὥσπερ
803 5653 894 5705 καὶ
935 5654 1103 5724 αὐτῆς
1138 5653 1403 5717 ζωοποιοῦ
1443 5658 1550 5711 ἀπὸ
1600 5658 1699 5729 τῆς

201 5847 218 5873 ε
253 5835 408 5889 Exod.
439 5850 565 5898 xxv,
602 5835 688 5890 50.

1796 1957 1905 2003 tem
1953 1949 2136 2002 dicere
2188 1949 2590 2014 existimantes,
2641 1949 2709 2003 ad
2755 1949 3064 2004 istiusmodi
3108 1948 3383 2017 opinionis

1793 2038 2238 2109 explicationem,
2262 2040 2391 2110 quid
2409 2040 2588 2098 simile
2624 2039 2925 2095 adducunt.
2949 2039 3206 2110 Suppoue
3233 2040 3377 2094 enim

1795 2128 1995 2184 lineam
2025 2129 2178 2196 cujus
2208 2130 2461 2200 superior
2492 2131 2712 2201 quidem
2769 2147 2898 2202 pars
2943 2133 3068 2188 data
3093 2132 3161 2186 sit
3220 2132 3382 2186 rebus

1796 2227 2221 2292 intellectilibus,
2273 2229 2502 2282 inl‘erior
2547 2243 2677 2282 vero
2727 2229 3052 2294 sensilibus;
3100 2239 3262 2298 atque
3315 2228 3382 2281 iis

1794 2319 2010 2389 quidem
2050 2336 2171 2390 quae
2204 2321 2348 2375 inter
2387 2320 2501 2374 haec
2531 2322 2826 2389 primatum
2864 2329 3067 2383 tenent,
3105 2335 3227 2390 qua:
3256 2333 3384 2374 sunt

1796 2411 2016 2482 proprie
2068 2412 2450 2483 iutelligibilia,
2505 2413 2740 2480 primam
2787 2425 2850 2465 ac
2882 2413 3223 2480 superiorem
3258 2427 3382 2480 par-

1799 2513 1906 2557 tem
1961 2504 2264 2575 obtigisse,
2337 2503 2749 2559 iutellectilibus
2797 2513 2980 2558 autem
3031 2503 3385 2558 inferioribus

1798 2594 2140 2660 inferiorem,
2179 2606 2235 2650 et
2273 2597 2342 2650 ita
2377 2597 2612 2660 caeteris,
2648 2597 2946 2650 secundum
2974 2596 3130 2650 linea:
3152 2595 3383 2653 descen-

1795 2704 1935 2742 sum.
1975 2689 2254 2758 Siquidem
2282 2689 2405 2744 talis
2441 2690 2628 2758 Opinio
2661 2690 2774 2743 vult
2815 2690 3013 2744 docere
3050 2688 3234 2742 omnia
3279 2702 3382 2741 non

1797 2796 1920 2835 esse
1955 2783 2199 2850 ejusdem
2249 2781 2532 2852 dignitatis
2558 2822 2572 2847 ,
2605 2782 2699 2836 sed
2732 2783 2976 2849 quaedam
3009 2797 3075 2837 ex
3105 2796 3164 2836 se
3197 2790 3385 2833 mutuo

1797 2873 2125 2944 dependere,
2167 2873 2312 2927 velut
2361 2872 2636 2941 subjectus
2677 2875 2885 2943 species
2914 2875 2999 2928 .ab
3049 2869 3381 2926 universali-

1796 2969 1919 3022 bus.
1952 2967 2017 3020 Et
2048 2968 2164 3022 liter.
2198 2967 2418 3037 quidem
2468 2967 2773 3038 aliquorum
2818 2977 2895 3020 est
2948 2962 3267 3019 sententia:
3300 2971 3380 3016 to—

1798 3068 1884 3114 tus
1923 3073 2073 3125 vero,
2117 3070 2382 3129 quantum
2417 3074 2483 3112 ex
2515 3058 2696 3112 verbis
2729 3060 2866 3128 ipsis
2904 3057 3156 3127 coujleio,
3191 3042 3384 3110 sensus

1797 3153 1885 3208 hic
1921 3161 2005 3206 est
2041 3169 2056 3205 :
2103 3152 2247 3221 qttod
2283 3167 2404 3207 cum
2451 3150 2740 3221 praesentia
2799 3150 2982 3202 dicant
3027 3163 3150 3202 esse
3199 3161 3383 3201 rerum

1789 3245 2153 3315 spiritalium,
2194 3244 2334 3298 sicut
2389 3258 2616 3312 magnus
2662 3241 2953 3311 Apostolus
3001 3256 3064 3294 ea
3108 3254 3230 3308 qua:
3258 3245 3387 3291 sunt

1799 3337 1934 3408 legis
1965 3339 2216 3390 umbram
2251 3333 2581 3405 appellavit,
2618 3333 2688 3386 ita
2727 3333 2820 3387 bic
2851 3330 2940 3384 illa
2982 3329 3066 3386 bis
3105 3342 3386 3398 opponens

1797 3430 2129 3500 exemplaria
2166 3429 2400 3483 vocavit.
2456 3427 2669 3483 Idcirco
2719 3425 2867 3480 enim
2912 3422 3063 3477 dixit
3110 3421 3273 3472 etiam
3319 3420 3382 3471 ad

1799 3522 2029 3593 aliquid,
2066 3522 2248 3592 imago
2278 3511 2532 3574 videlicet
2569 3519 2636 3574 ad
2670 3515 2990 3583 exemplar,
3023 3524 3077 3566 et
3105 3511 3388 3578 exemplar

1798 3617 1868 3670 ad
1905 3616 2221 3685 imaginem.
2257 3615 2348 3670 Ait
2387 3616 2569 3682 itaque
2609 3612 2699 3665 ltic
2742 3609 2922 3670 Pater,
2966 3608 3109 3677 quod
3143 3607 3188 3658 si
3219 3604 3384 3658 etiam

1799 3709 1889 3764 ille
1921 3708 2254 3762 intellectilia
2296 3706 2579 3762 seusiliuut
2623 3703 2954 3774 exemplaria
2997 3701 3213 3755 vocavit
3251 3698 3388 3768 (vide

1798 3804 1958 3867 enim,
2004 3803 2213 3870 inquit,
2259 3801 2427 3870 facias
2463 3798 2754 3851 secundum
2795 3795 3063 3862 exeutplar
3106 3794 3246 3862 quod
3293 3791 3388 3843 (ibi

1800 3906 2150 3947 monstratum
2204 3904 2279 3946 est
2317 3893 2401 3960 ο),
2465 3891 2650 3956 utique
2715 3904 2820 3941 non
2883 3896 3013 3940 sunt
3077 3881 3384 3941 istiusmodi

1798 3988 2132 4057 exemplaria
2168 3983 2512 4040 intellectilia
2553 3983 2640 4035 illa
2675 4022 2689 4046 ,
2736 3996 2857 4052 qua?
2903 3979 3068 4033 etiam
3108 3975 3383 4030 adoranda

1799 4086 1910 4138 sint
1945 4091 2005 4136 ut
2039 4082 2238 4134 diviu:c
2266 4079 2602 4141 voluntates,
2639 4091 2827 4129 verum
2849 4073 2936 4126 illa
2964 4085 3176 4141 quoque
3201 4077 3384 4122 creata

1799 4188 1960 4242 sunt,
1997 4175 2170 4243 deque
2208 4174 2272 4225 iis
2311 4172 2564 4224 audimus
2599 4170 2650 4222 id
2685 4166 2828 4237 quod
2868 4164 3079 4235 Moyses
3115 4163 3179 4214 de
3214 4161 3390 4214 sensi-

1799 4271 1938 4324 libus
1973 4267 2067 4321 Dei
2104 4267 2325 4319 nomine
2375 4262 2514 4316 dixit
2550 4279 2564 4314 :
2602 4259 2716 4312 Non
2773 4256 2988 4310 ostendi
3030 4252 3125 4307 tibi
3165 4253 3279 4306 lucc
3330 4258 3388 4302 ιιι

1798 4363 2040 4418 ambules
2075 4352 2218 4429 post'
2244 4369 2306 4410 ea
2339 4392 2361 4437 ,,
2400 4355 2492 4409 sed
2533 4366 2590 4408 ut
2625 4366 2719 4422 per
2751 4352 2864 4406 hmo
2899 4352 2967 4403 ad
3005 4349 3055 4402 id
3090 4347 3232 4418 quod
3264 4360 3388 4398 vere

1797 4467 1880 4511 est
1935 4466 1990 4509 et
2035 4466 2340 4508 creatorem
2401 4449 2758 4501 adducantur.
2805 4442 2975 4516 449
3020 4442 3154 4494 Cum
3217 4437 3382 4505 aliqui

1799 4548 2032 4619 gentiles
2066 4545 2345 4605 dixerint,
2399 4540 2549 4593 ideas
2600 4551 2721 4591 esse
2770 4535 3100 4603 exemplaria
3139 4546 3259 4600 qua:
3293 4545 3387 4597 per

1800 4658 1857 4696 se
1892 4638 2234 4700 subsistunt,
2295 4632 2689 4689 ltosrel'utans
2724 4627 2849 4681 ait:
2892 4625 3004 4680 Nisi
3054 4626 3200 4678 enim
3253 4623 3386 4675 ideae

1801 4731 1884 4784 lue
1949 4729 2199 4783 notiones
2271 4734 2456 4780 essent
2516 4720 2842 4791 simpliciter
2889 4729 2945 4769 et
2994 4715 3145 4766 ttuite
3194 4727 3387 4778 super-

1801 4835 2076 4890 expausze,
2125 4816 2600 4887 superemiueuter
2641 4819 2698 4866 et
2730 4823 3060 4876 supraquam
3097 4806 3231 4859 uniti
3269 4804 3386 4867 Dei,

1803 4913 1997 4979 utique
2032 4906 2174 4964 Deus
2208 4904 2548 4976 compositus
2582 4911 2727 4955 esset
2759 4915 2825 4953 ex
2875 4896 3174 4966 exemplari
3211 4906 3264 4950 et
3299 4912 3387 4950 se-

1805 5006 1946 5076 ipso,
1998 5005 2142 5073 quod
2191 5003 2565 5073 duplicitatem
2613 4996 2940 5067 appellavit;
2990 4992 3172 5048 omnia
3224 4991 3390 5060 igitur

1804 5103 1994 5172 prima:
2041 5113 2219 5153 causm
2269 5091 2591 5149 ascribenda
2641 5099 2787 5144 sunt.
2839 5088 2945 5142 Sed
3001 5100 3196 5155 neque,
3245 5086 3387 5154 quod

1803 5193 2068 5265 partiales
2102 5202 2159 5244 et
2191 5188 2396 5242 diversi
2447 5183 2711 5252 temporis
2743 5181 2854 5235 sint
2887 5179 3111 5235 cﬂeettts
3135 5223 3150 5245 ,
3201 5178 3386 5232 statim

1805 5286 2194 5357 suspicandum
2247 5293 2366 5346 est,
2401 5295 2523 5335 esse
2558 5279 2858 5333 divisiones
2890 5275 3150 5346 quasdam
3199 5288 3297 5341 per
3331 5287 3389 5325 se

1805 5381 2168 5439 subsistentes
2197 5419 2212 5442 ,
2248 5381 2329 5430 vel
2366 5384 2522 5429 certe
2558 5371 2776 5443 proprie
2812 5369 3115 5423 intellectas
3150 5367 3202 5420 itt
3241 5367 3384 5428 Deo;

1805 5475 1900 5530 sed
1936 5473 2093 5526 unica
2131 5479 2214 5524 est
2260 5469 2560 5536 eademque
2609 5465 2860 5519 eminens
2903 5463 3170 5517 universae
3206 5460 3382 5512 unita-

1803 5568 1875 5622 tis
1926 5566 2094 5630 uuio;
2143 5579 2266 5618 nam
2315 5556 2618 5616 secundum
2667 5573 2827 5610 uuam
2880 5565 2935 5610 et
2982 5555 3228 5607 eamdem
3277 5565 3384 5604 non

1804 5659 2127 5730 simpliciter
2160 5655 2602 5725 simplicitatem,
2657 5652 2751 5704 sed
2786 5647 3138 5704 eminentiam
3176 5643 3386 5714 simpli-
