3742 6368
327 369 425 427 851
1505 384 1565 438 s.
1602 380 1903 437 DIONYSII
1938 375 2404 434 AREOPAGITA;
3546 370 3661 422 85%

317 499 542 561 citatis,
591 496 774 551 omnia
825 498 875 551 in
924 498 1100 568 seipsa
1138 513 1243 554 non
1279 498 1454 555 solum
1490 499 1775 563 continet,

2182 493 2399 558 ἑαυτῶν,
2434 495 2527 548 καὶ
2553 495 2649 565 τῆς
2672 492 3002 548 τελειοποιοῦ
3022 492 3130 557 ἀπὸ
3158 493 3261 563 τῆς
3283 488 3660 548 τελεαὶνςεεες

320 604 438 642 rum
486 589 654 644 etiam
714 588 993 660 przehabet
1056 589 1399 659 prmdeﬁnite
1449 591 1716 646 inchoans
1777 607 1798 659 π

2181 602 2229 649 ς.
2281 581 2417 640 Εἷπε
2461 585 2517 638 δὲ
2545 584 2723 650 τοῦτο,
2756 586 2878 639 ἐπεὶ
2911 585 2980 639 τὰ
3014 586 3192 639 πάντα
3239 587 3315 637 ὲκ
3352 580 3459 635 τοῦ
3502 581 3656 633 Θεεῦ

317 693 564 747 gressum
630 694 791 734 suum
862 678 1340 745 substanliﬁcunt,
1405 689 1460 734 et
1522 689 1795 734 creatura:

2182 696 2289 742 rro,
2324 678 2418 731 καὶ
2443 677 2510 731 τὰ
2537 678 2715 732 πάντα
2749 678 2844 732 τοῦ
2871 677 3007 731 Θεοῦ
3044 678 3387 749 μετέχουσιν
3417 673 3660 731 οἰκείως

320 772 734 839 productionem
769 787 799 826 a
834 773 918 826 stti
956 772 1128 842 ipsius
1162 786 1309 838 esse,
1344 772 1490 827 sicut
1520 773 1687 827 etiam
1725 773 1798 842 ips

2186 773 2241 834 ῖς,
2282 772 2377 824 καὶ
2413 770 2597 835 καθὼς
2642 772 2825 843 ἔχουσι
2868 772 3118 841 φύσεωςο
3154 772 3209 824 εί
3240 769 3357 841 μέν
3399 770 3517 821 εισι
3564 767 3664 835 μό

316 862 744 919 viviﬁcationem
771 880 800 917 a
822 864 903 917 sui
934 864 1107 933 ipsius
1134 863 1269 931 vita,
1294 877 1350 919 ct
1375 865 1791 921 consummatio:

2184 864 2272 920 ιπὸ
2308 863 2404 917 τοῦ
2455 859 2594 918 εἶναι
2619 865 2715 917 τοῦ
2748 865 2893 919 θείου
2917 881 2930 895 ’
2961 866 3011 918 ει
3049 864 3106 916 δὲ
3130 860 3441 932 γνωστικά
3480 860 3662 911 εἰσιν.

323 970 349 1006 1
389 968 489 1008 sua
533 955 890 1025 perfectione.
932 957 1078 1012 Dixit
1108 964 1288 1012 autem
1318 959 1458 1022 hoc,
1497 959 1752 1028 quoniam
1784 972 1801 1012 ι

2191 956 2256 1026 ἧς
2303 956 2454 1018 θείας
2509 955 2795 1025 γνώσεως·
2842 958 2891 1009 si
2930 956 2988 1009 δὲ
3026 956 3117 1009 καὶ
3146 952 3349 1025 νοερὰ,
3393 951 3515 1004 ἀπὺ
3554 949 3666 1017 τῆς

318 1045 409 1099 .tia
435 1061 505 1103 ex
542 1046 651 1103 Deo
676 1046 817 1104 facta
847 1056 995 1113 sunt,
1016 1059 1180 1119 atque
1211 1050 1394 1105 omnia
1431 1050 1625 1120 seipsis
1663 1063 1796 1120 pr0p

2196 1048 2291 1102 καὶ
2336 1047 2477 1118 ὑπὲρ
2520 1048 2703 1101 πᾶσαν
2742 1047 2929 1118 νόησιν
2967 1046 3228 1117 νοήσεως.
3270 1044 3579 1113 Ἀρχετιιι
3608 1040 3664 1090 ἐξ

319 1147 374 1191 et
402 1138 456 1192 iu
494 1146 757 1208 quantum
792 1148 1041 1195 naturam
1069 1140 1298 1205 habent,
1331 1141 1500 1196 Deum
1542 1141 1797 1210 participe

2190 1139 2451 1193 ictomtoﬁ
2495 1138 2747 1209 προόδου,
2792 1139 2875 1191 ὅτι
2918 1137 3150 1209 πρώτως
3183 1133 3551 1205 ἐπινοοῦμεν
3605 1132 3668 1182 τὲ

319 1230 364 1284 si
407 1230 625 1300 quidem
671 1241 879 1287 tantum
937 1238 1253 1296 exsistant,
1286 1233 1619 1302 participant
1661 1232 1797 1287 divir

2202 1245 2367 1293 τινος,
2418 1228 2515 1281 καὶ
2567 1224 2667 1282 εἷθ’
2717 1227 2861 1283 οὕτω
2883 1228 2944 1282 τὸ
2982 1226 3206 1281 τοιῶσδε
3248 1221 3407 1278 εἶναι
3445 1223 3662 1276 τοῦτε.

318 1335 479 1387 esse;
514 1322 559 1376 si
589 1330 945 1392 cognoscant,
988 1324 1233 1377 divinam
1268 1322 1738 1393 cognitionem;si
1772 1337 1796 1376 v

2188 1338 2205 1372 ν
2243 1320 2446 1392 ἤρξατο
2487 1321 2591 1391 τῆς
2634 1320 2892 1392 τοιαύτης
2920 1318 3147 1391 προόδου
3186 1317 3299 1373 ἀπὸ
3348 1315 3458 1370 τοῦ
3507 1310 3666 1366 εἶναι

317 1413 483 1467 etiam
519 1413 861 1484 intelligant,
908 1415 1152 1470 divinam
1183 1414 1609 1470 intellectionem
1644 1428 1795 1483 quati

2190 1431 2216 1477 ς
2241 1431 2253 1443 ·
2299 1414 2399 1467 οὑκ
2422 1414 2583 1486 ἢρκει
2618 1413 2728 1486 γὰρ
2751 1415 2819 1485 τῇ
2855 1411 3175 1481 ἀγαϐότητι,
3214 1410 3365 1482 μόνῃ
3398 1410 3474 1478 τῇ
3522 1406 3668 1473 περὶ

317 1521 446 1560 nem
479 1508 696 1563 excedit
727 1507 1171 1579 intelligentiam.
1214 1506 1448 1562 Inchoat
1495 1517 1675 1561 autem
1714 1522 1742 1560 a
1777 1521 1795 1561 ε

2193 1524 2220 1570 ς
2268 1504 2677 1578 ἐνασχολεῖσθαι
2719 1504 2944 1576 θεωρίᾳ,
2974 1503 3087 1556 ἀλλ’
3127 1502 3238 1555 ἔδει
3261 1499 3526 1572 χυθῆναι
3558 1500 3668 1549 καὶ

320 1596 597 1653 stantiﬁco
646 1613 961 1668 progressu,
998 1600 1254 1669 quoniam
1295 1600 1530 1667 primum
1558 1597 1798 1668 intelligil

2024 1599 2241 1653 ὁδεῦσαι
2265 1600 2326 1654 τὸ
2352 1598 2554 1668 ἀγαθὸν
2578 1599 2658 1662 είς
2688 1596 2910 1650 πλείονα
2934 1595 3003 1649 τὰ
3019 1594 3310 1668 εὐεργετού
3320 1608 3502 1665 pm

319 1705 442 1745 esse
484 1692 736 1761 alicujus,
777 1703 833 1749 et
871 1695 1065 1750 deinde
1113 1697 1194 1751 sic
1243 1695 1324 1749 vel
1373 1694 1553 1750 taliter
1600 1694 1730 1752 illud
1769 1710 1910 1752 esse.
1968 1695 2310 1767 Quapropter
2353 1695 2659 1752 istiusmodi
2718 1707 3067 1765 progressum
3109 1691 3404 1747 inchoavit
3443 1706 3480 1745 ι
3564 1690 3663 1741 sui

320 1786 491 1854 ipsius
514 1800 675 1854 esse;
709 1803 815 1843 non
840 1789 984 1843 enim
1009 1789 1143 1843 satis
1188 1799 1271 1844 est
1304 1790 1554 1855 bonitati,
1588 1790 1632 1845 si
1690 1791 1838 1846 circa
1886 1794 2237 1864 semetipsam
2270 1792 2507 1862 propriae
2554 1799 2710 1845 vacet
2762 1786 3237 1861 contemplationi,
3299 1784 3411 1842 sed
3470 1782 3667 1838 debe—

320 1881 413 1935 bat
445 1897 542 1951 per
575 1881 728 1952 plura
758 1884 1262 1940 heueﬁciadiﬁ'undi
1291 1901 1353 1941 ac
1399 1887 1717 1956 propagari.

394 1974 423 2046 ς
471 1973 540 2031 Χ.
601 1974 707 2030 Per
772 1978 956 2033 omnia
1018 1987 1198 2031 autem
1254 1978 1500 2034 dimanat
1557 1980 1872 2049 providenti:

2186 1977 2222 2030 ἱ.
2264 1974 2363 2028 Διά
2392 1973 2609 2028 πάντων
2648 1971 2705 2025 δὲ
2731 1971 2891 2040 φοιτᾷ
2917 1970 2984 2040 τῇ
3016 1966 3264 2039 προνοίᾳ,
3300 1966 3410 2020 διαὶ
3454 1963 3664 2017 πάντα

320 2073 630 2135 cunctaque
663 2066 835 2137 replet
863 2068 1123 2135 essentia,
1157 2079 1212 2123 et
1254 2071 1308 2124 in
1344 2072 1507 2126 rebus
1532 2073 1789 2126 onmibns

2186 2071 2225 2121 >ῖ
2247 2067 2342 2121 τοῦ
2374 2062 2534 2130 εἶναι,
2563 2065 2658 2119 καὶ
2685 2066 2779 2117 ἐπὶ
2810 2064 2945 2116 πᾶσι
2976 2063 3091 2125 τοῖς
3127 2056 3283 2114 οὖσιν
3310 2056 3664 2126 ἀγάλλεται.

321 2154 582 2212 lectatur.
620 2157 734 2214 lloc
778 2173 909 2214 vero
952 2159 1106 2224 dicit,
1145 2176 1252 2215 non
1299 2162 1443 2229 quod
1479 2161 1620 2216 Deus
1665 2161 1799 2217 aﬁ‘ec

2190 2182 2197 2212 ι
2223 2162 2280 2215 δὲ
2306 2161 2476 2229 λέγει,
2504 2160 2604 2230 οὐχ
2631 2159 2714 2212 ὅτι
2742 2160 2771 2211 ὁ
2799 2156 2934 2220 Θεὸς
2975 2154 3145 2217 πάθος
3185 2152 3301 2224 ἔχει
3330 2153 3532 2223 χαρᾶς
3558 2154 3668 2203 καὶ

321 2263 447 2303 nem
483 2249 681 2306 habeat
709 2252 889 2322 gaudii
920 2263 977 2309 et
1015 2252 1428 2319 exsultationis,
1458 2255 1554 2309 sed
1583 2270 1612 2307 a
1644 2254 1799 2310 nobis

2188 2251 2416 2315 .tdsswg,
2451 2249 2565 2303 ἀλλ’
2591 2250 2689 2318 ἀφ’
2713 2247 2871 2319 ἡμῶν
2896 2247 3193 2319 χαιρόντων
3215 2247 3333 2309 τοῖς
3359 2244 3484 2297 τῶν
3511 2246 3666 2315 ἡμε-

321 2339 401 2393 sis
433 2342 800 2411 gaudentibus
838 2345 907 2398 de
938 2359 1168 2414 operum
1201 2354 1519 2400 nostrorum
1567 2346 1791 2431 perfecti

2181 2344 2396 2415 ιέργων
2427 2340 2883 2412 ἀποτελέσμασιν,
2921 2339 3081 2410 εἴπερ
3118 2336 3261 2392 κατά
3295 2336 3473 2405 λόγον
3508 2354 3659 2408 προ-

323 2431 445 2496 bns,
500 2433 770 2503 siquidem
830 2436 1134 2491 secundum
1189 2437 1457 2494 rationem
1513 2429 1801 2507 procedam

2172 2456 2199 2500 ἰ
2224 2436 2317 2490 καὶ
2347 2435 2619 2507 μηδεμίαν
2649 2432 2869 2505 μομφὴν
2897 2432 3094 2504 ἐχοιενο
3132 2429 3294 2484 τοῦτο
3336 2430 3463 2501 γάρ
3516 2432 3650 2483 ἐπ

326 2524 531 2578 nullatn
581 2526 865 2582 incurrant
918 2529 1447 2599 reprehensionem;
1503 2531 1604 2583 hoc
1641 2530 1787 2584 enim

2197 2528 2348 2601 παρὰ
2374 2531 2440 2599 τῇ
2481 2527 2603 2599 Θείᾳ
2642 2526 2735 2580 καὶ
2770 2526 2893 2596 ἱερᾷ
2929 2524 3121 2596 Γραφῇ
3161 2523 3280 2594 μετ’
3326 2524 3662 2587 ὲπιτάσεως

324 2626 544 2683 quoque
578 2614 693 2669 vult
730 2615 820 2672 illa
852 2631 976 2691 quae
1010 2617 1063 2671 in
1104 2618 1288 2673 divina
1336 2632 1603 2687 sacraque
1632 2613 1802 2689 Scrip:

2184 2639 2304 2685 not;
2325 2663 2339 2685 ,
2381 2620 2441 2673 τὸ
2460 2660 2474 2685 ,
2520 2619 2674 2673 Ἰδοὺ
2716 2616 2872 2672 καλὰ
2899 2617 3063 2671 λίαν.
3090 2615 3399 2685 Σὺμφωνον
3428 2613 3662 2674 τούτοκ

326 2705 547 2759 additur
581 2706 904 2775 approbatio
955 2728 968 2763 :
1021 2706 1156 2763 Ecce
1207 2709 1346 2766 bona
1401 2709 1656 2764 valded'e.
1711 2708 1804 2775 Qui

2178 2718 2195 2767 5
2217 2713 2368 2784 παρὰ
2390 2711 2469 2784 τῷ
2497 2711 2629 2784 θείῳ
2662 2710 2848 2775 Δαϐὶδ,
2867 2707 3369 2778 [εὐφρανθήσεται
3395 2709 3656 2775 Κύριος,

326 2799 585 2869 congruit
626 2808 682 2855 et
720 2800 851 2855 illud
899 2801 1067 2857 divini
1099 2802 1319 2858 Davidis
1352 2804 1589 2860 dicentis
1625 2827 1635 2859 :
1687 2801 1797 2859 ιω(

2183 2827 2219 2874 θ,
2262 2808 2357 2862 ἐπὶ
2384 2806 2505 2873 τοῖς
2521 2807 2716 2875 ἔργοις
2730 2802 2939 2859 αὐτοῦ’
2959 2800 3132 2856 καὶτὸ
3151 2800 3246 2853 τοῦ
3260 2799 3661 2871 Σολομῶντος,

325 2900 415 2945 lur
442 2889 699 2945 Dominus
743 2893 798 2945 in
847 2894 1091 2960 operibus
1136 2896 1246 2948 suis
1304 2894 1367 2961 i;
1406 2895 1644 2965 illudque
1676 2895 1803 2951 Salo

2184 2903 2369 2973 ,ἥμην
2388 2899 2427 2968 ᾖ
2447 2897 2831 2968 προσέχαιρε.
2855 2894 2966 2951 Καὶ
2981 2894 3115 2964 γοῦν
3138 2893 3332 2964 ὥσπερ
3354 2893 3522 2964 φωνὴ
3556 2894 3662 2963 μία

328 2987 461 3042 uis:
528 2985 642 3056 Ego
675 3001 821 3039 eram
847 2988 934 3041 cui
968 2988 1360 3057 congaudebat.
1414 2989 1628 3045 Etenim
1687 2998 1748 3043 ut
1795 3004 1806 3038 ι

2199 2996 2351 3069 παρὰ
2399 2993 2609 3048 πολλῶν
2659 2990 2863 3056 ἀκοῶν,
2908 2990 3146 3061 μένουσα
3176 2986 3273 3040 καὶ
3302 2985 3479 3040 πάλιν
3527 2987 3660 3056 μία,

328 3091 454 3131 cum
492 3091 598 3132 una
643 3079 735 3144 sit,
783 3093 813 3131 a
853 3079 1041 3134 multis
1081 3095 1301 3149 quoque
1341 3079 1591 3148 auribus,
1627 3082 1681 3136 in
1714 3095 1775 3137 se

2172 3106 2339 3161 χεται,
2368 3088 2430 3141 οὐ
2466 3084 2750 3158 προτέρως
2780 3098 2875 3136 και
2901 3070 3163 3152 ὑστέρως,
3198 3079 3257 3132 οὒ
3287 3078 3650 3149 μεμερισμέ-

336 3186 554 3226 rursum
604 3186 988 3240 perseverans,
1032 3188 1138 3228 non
1184 3173 1336 3243 prius
1389 3188 1566 3243 neque
1629 3184 1814 3244 poster

2187 3182 2288 3233 οὐκ
2310 3177 2413 3233 ἀνὰ
2445 3177 2611 3249 μέρος
2645 3176 2763 3246 μὲν,
2789 3172 3048 3235 ὁλοτελῶς
3068 3171 3146 3235 δὲ,
3166 3169 3302 3223 ἀλλὰ
3332 3171 3436 3222 καὶ
3466 3169 3656 3223 ὁλοτεο

332 3277 510 3332 neque
558 3263 775 3318 divisim
826 3278 1003 3332 neque
1045 3263 1374 3332 partialiter,
1430 3265 1526 3319 sed
1565 3266 1799 3335 integre,

2195 3271 2291 3326 xui.
2339 3268 2595 3332 καθόλου,
2644 3267 2739 3321 καὶ
2782 3266 2920 3337 ἅμα,
2968 3263 3064 3317 καὶ
3096 3261 3361 3323 ὡσαύτως
3414 3260 3499 3323 ὡς
3531 3261 3654 3331 μίαο

337 3354 583 3410 totaliter
612 3363 669 3410 et
698 3370 765 3412 ex
815 3365 948 3422 toto,
994 3367 1051 3412 et
1089 3355 1256 3409 simul
1306 3365 1363 3410 et
1400 3358 1595 3411 eodem
1649 3359 1810 3413 modo

2193 3363 2329 3435 πρὸς
2349 3363 2569 3415 πάντων
2583 3360 2677 3414 καὶ
2694 3359 2754 3411 τὸ
2766 3358 2919 3411 Θεῐον
2952 3354 3241 3427 μετέχεται
3259 3352 3467 3416 ἑνικῶς
3478 3369 3540 3404 τε
3562 3353 3659 3403 καὶ

338 3462 442 3500 una
478 3448 814 3516 percipitur;
853 3449 936 3503 sic
984 3447 1149 3521 450
1188 3450 1353 3504 etiam
1390 3450 1534 3505 Deus
1574 3450 1736 3508 unice
1764 3461 1816 3507 et

2179 3456 2319 3519 ;λῶς,
2352 3453 2604 3524 καὶὰρχή
2626 3453 2742 3504 ἐστι
2771 3450 3013 3511 πάντων,
3038 3448 3113 3510 ὼς
3143 3446 3339 3509 αἴτιον,
3371 3444 3478 3497 καὶ
3500 3442 3657 3504 τέλος

339 3548 497 3605 tegre
519 3539 590 3593 ab
626 3538 883 3592 omnibus
912 3539 1295 3608 participatur,
1338 3541 1692 3612 omniumque
1735 3541 1814 3611 pri

2175 3546 2197 3605 5
2224 3549 2407 3603 ἕνεκα·
2434 3546 2614 3599 πάντα
2633 3542 2915 3614 γάρὲνεκα
2928 3540 3087 3604 Θεοῦ,
3101 3537 3214 3591 ἀλλ’
3236 3537 3298 3589 οὺ
3318 3535 3411 3589 διὰ
3430 3535 3653 3605 χρείαν,

339 3627 487 3695 pium
545 3636 654 3692 est,
708 3638 970 3699 tanquam
1022 3645 1213 3697 causa,
1258 3630 1382 3686 ﬁnis
1425 3642 1484 3686 ut
1527 3632 1686 3703 cujus
1740 3646 1817 3688 cal

2179 3643 2508 3714 ἁγαοὸτητα·
2539 3639 2635 3693 καὶ
2655 3638 2827 3708 πέρας
2849 3635 3086 3696 πάντων,
3103 3631 3267 3685 οἱονεὶ
3289 3630 3657 3701 περιεκτικὲν

338 3734 465 3774 nam
498 3718 684 3773 omnia
719 3728 941 3788 propter
984 3721 1155 3775 Deum
1193 3731 1346 3786 sunt,
1392 3736 1586 3777 verum
1644 3738 1753 3779 non
1808 3738 1816 3792 ι

2182 3752 2293 3807 ρος.
2327 3733 2492 3787 Οὐδὲν
2509 3731 2617 3802 γὰρ
2638 3726 2993 3797 ἐκϐαίνειτὴν
3017 3723 3181 3778 αὐτοῦ
3202 3721 3536 3775 δυναστείαν
3561 3722 3656 3773 κεαί

338 3819 460 3877 pter
490 3812 917 3879 necessitatem,
963 3814 1058 3869 sed
1096 3826 1321 3884 propter
1348 3814 1690 3881 bonitatem;
1727 3824 1782 3870 et
1811 3826 1816 3868 1

2178 3844 2294 3880 οιαν
2314 3866 2328 3889 ,
2372 3823 2486 3877 ἀλλ’
2518 3824 2599 3885 εἰς
2634 3819 2766 3875 αὐτὸ
2802 3819 2871 3872 τὰ
2910 3816 3095 3870 ’πάντα
3129 3812 3527 3885 περατοῦνται,
3560 3813 3656 3861 καὶ

339 3902 589 3956 nuntium
625 3913 733 3972 est,
767 3913 827 3958 ut
861 3903 957 3973 qui
986 3905 1232 3961 continet
1264 3916 1321 3961 et
1362 3906 1624 3961 terminat
1654 3907 1816 3961 unive

2179 3920 2269 3992 ρία
2304 3919 2484 3990 πάσης
2511 3913 2768 3985 ἀπειρίας
2816 3911 2914 3964 καὶ
2953 3908 3207 3979 πέρατος·
3258 3904 3320 3969 ἐξ
3374 3906 3499 3957 ἴσου
3544 3904 3654 3971 γὰρ

340 3992 486 4048 Nihil
516 3996 663 4050 enim
711 4006 1045 4067 potestatem
1083 4013 1147 4052 ac
1186 3998 1590 4067 providentiam
1642 3997 1759 4066 ejus
1803 4014 1818 4052 (

2174 4014 2434 4067 teizovmt
2470 4009 2566 4063 καὶ
2600 4009 2634 4078 ἡ
2667 4003 2895 4075 ἀπειρία
2924 4003 3019 4054 καὶ
3058 4002 3131 4053 τὸν
3150 4000 3328 4071 πέρας
3356 3999 3464 4069 τῆς
3496 3998 3652 4056 Θείας

344 4089 451 4156 git,
500 4087 594 4143 sed
636 4088 689 4143 in
746 4090 864 4160 ipso
916 4100 1112 4145 cuncta
1167 4091 1553 4157 terminantur,
1598 4099 1655 4145 et
1700 4088 1822 4145 inﬁn

2173 4106 2325 4178 ,piag,
2358 4101 2611 4169 καθάπερ
2654 4097 2805 4170 ἡλίου
2844 4097 2940 4149 καὶ
2968 4092 3200 4165 οὐρανοῦ
3240 4093 3289 4145 οἱ
3326 4090 3472 4161 πρὸς
3512 4091 3651 4143 αὐτὶ

346 4179 529 4235 omnis
556 4180 849 4237 inﬁnitatis
895 4198 961 4237 ac
1016 4183 1419 4239 terminationis
1458 4182 1711 4247 exsistit;
1754 4198 1824 4251 {eq

2172 4213 2355 4259 εοντες,
2386 4194 2419 4265 ἢ
2456 4191 2655 4263 μᾶλλον
2689 4190 2784 4243 καὶ
2815 4187 3007 4252 πλέον,
3038 4186 3134 4239 καὶ
3160 4183 3521 4255 ὑπερέκεινα,
3556 4182 3650 4233 καὶ

348 4273 479 4327 liter
505 4273 652 4327 enim
685 4274 955 4329 deﬁciunt
997 4289 1107 4330 tam
1151 4274 1391 4329 inﬁnitas
1433 4289 1596 4342 quam
1628 4275 1822 4333 tertuin

2173 4290 2290 4360 ρως
2313 4283 2721 4343 ἀπολείπονται.
2767 4277 2926 4332 Ἀλλὰ
2948 4277 3033 4341 τίς
3063 4278 3097 4347 ἡ
3133 4279 3192 4328 ὲν
3217 4276 3332 4337 τοῖς
3356 4272 3486 4327 καθ’
3506 4274 3651 4341 ἡμᾶς

350 4381 381 4419 a
437 4363 625 4418 divina
678 4366 973 4435 inﬁnitate,
1028 4367 1172 4421 sicut
1216 4382 1245 4421 a
1290 4366 1406 4422 sole
1445 4380 1513 4423 ac
1545 4367 1683 4423 coelo
1710 4367 1804 4437 qui

2170 4379 2272 4451 ,ρία
2293 4395 2307 4443 ;
2326 4378 2488 4431 Εἴποι
2513 4391 2599 4438 τις
2619 4374 2705 4428 ἄν’
2754 4372 2819 4426 Ἡ
2845 4370 2945 4441 ὓλη
2973 4371 3007 4442 ἡ
3036 4369 3126 4421 ἀεὶ
3160 4364 3648 4439 μετασχηματιζο-

354 4459 660 4520 intuentur,
688 4457 774 4511 vel
812 4460 992 4527 potius
1021 4459 1186 4513 etiam
1227 4460 1401 4530 magis
1432 4470 1489 4515 et
1534 4461 1814 4516 excessive

2169 4487 2208 4539 ι,
2237 4470 2331 4523 καὶ
2361 4466 2551 4521 ἄλλοτε
2587 4467 2666 4528 εἰς
2696 4461 2830 4517 ἄλλα
2874 4460 2987 4531 εἴδη
3032 4456 3467 4530 μεταϐάλλουσα.
3514 4453 3647 4506 Ἀλλ’

352 4563 462 4615 que
493 4547 706 4602 inﬁnite
744 4549 1026 4605 deﬁciunt.
1063 4550 1261 4604 Verum
1298 4567 1548 4621 qua-nam
1582 4562 1666 4607 est
1702 4554 1757 4607 in
1784 4568 1830 4607 re

2179 4563 2275 4615 καὶ
2292 4560 2433 4630 αὓτη
2469 4561 2529 4611 ἐν
2548 4556 2629 4628 τῷ
2657 4554 2778 4625 Θεῷ
2800 4552 3168 4625 πεπέρασται,
3205 4551 3256 4602 ει
3291 4549 3388 4601 καὶ
3416 4546 3648 4607 ἀστατός

354 4641 699 4698 nostratibus
735 4641 1014 4696 inﬁnitas?
1046 4642 1103 4697 Si
1134 4643 1281 4698 dicat
1308 4644 1433 4712 quis
1469 4645 1777 4711 materiam,
1824 4664 1832 4695 ι

2170 4652 2288 4707 ηκαὶ
2310 4651 2584 4723 ἀόριστος.
2628 4648 2790 4701 Ἔστι
2825 4642 2958 4713 γοῦν
2986 4642 3048 4695 τὸ
3080 4641 3237 4694 Θεῖον
3269 4637 3528 4708 ἀπειρία,
3562 4636 3648 4688 καὶ

354 4748 577 4804 semper
619 4737 1047 4807 transﬁguratur
1094 4748 1259 4807 atque
1310 4738 1364 4792 in
1405 4739 1543 4794 alias
1598 4749 1763 4810 atque
1811 4754 1832 4791 ι]

2193 4712 2451 4817 ἀπειρίας
2470 4783 2486 4809 ,
2524 4743 2625 4812 οὐχ
2649 4739 2724 4802 ὡς
2765 4730 3381 4811 μετασχηματιζόμενον
3404 4728 3529 4782 κατ’
3556 4727 3645 4779 αὑ-

355 4825 564 4879 formas
613 4836 1052 4896 transmutatur;
1112 4830 1265 4898 atqui
1300 4830 1419 4885 hzec
1466 4831 1582 4901 ipsa
1628 4845 1833 4901 quoque

2217 4836 2331 4891 ἀλλ’
2368 4835 2445 4899 ὡς
2482 4835 2577 4889 καὶ
2612 4831 2820 4901 ταύτην
2860 4828 2922 4895 ἐξ
2960 4827 3063 4879 οὐκ
3100 4823 3272 4877 ὄντων
3303 4819 3655 4891 παραγαγὼν,

354 4918 468 4973 Deo
500 4922 850 4988 terminatur,
878 4927 1232 4991 quantumvis
1276 4922 1550 4979 instabilis
1582 4925 1660 4977 sit
1696 4924 1832 4993 etin

2166 4928 2243 4982 ὼν
2263 4927 2321 4981 δὲ
2339 4925 2593 4996 ἀπειρίας
2621 4922 2718 4977 καὶ
2735 4919 2994 4991 πέρατος,
3017 4915 3152 4987 φησὶ
3172 4912 3284 4965 τῶν
3304 4911 3381 4974 ὡς
3412 4912 3644 4963 ἀντικει-

359 5014 537 5067 ﬁnita.
563 5013 658 5068 Est
694 5014 879 5084 itaque
921 5015 1064 5069 Deus
1112 5014 1358 5070 inﬁnitas
1411 5016 1576 5072 etiam
1631 5016 1837 5070 inﬁnita

2161 5036 2257 5071 ww
2280 5018 2340 5071 οὐ
2368 5017 2477 5088 γὰρ
2497 5013 2701 5084 κυρίως
2720 5010 2901 5065 ταῦτα
2926 5009 3002 5072 ὡς
3018 5006 3133 5073 ἕξις
3157 5004 3255 5058 καὶ
3276 5002 3541 5073 στέρησις
3553 5002 3639 5091 ἁν-

362 5121 471 5159 non
520 5107 676 5176 quasi
714 5110 1035 5165 secundum
1085 5123 1145 5164 se
1176 5108 1621 5176 transformetur,
1659 5111 1757 5165 sed
1803 5126 1835 5180 q

2162 5127 2343 5171 εινται,
2374 5108 2503 5181 (ἔδει
2534 5105 2643 5177 γὰρ
2664 5102 2901 5174 φανῆναί
2934 5116 3065 5154 ποτε
3086 5098 3184 5169 τὴν
3220 5094 3357 5160 ἕξιν,
3399 5095 3562 5164 εἰπερ
3582 5089 3640 5162 ἦν

366 5202 510 5253 hanc
537 5214 605 5253 ex
636 5199 811 5254 nihilo
853 5202 1139 5269 producat.
1184 5201 1379 5259 Dic-ens
1430 5214 1616 5258 autem
1661 5202 1841 5257 inﬁnit

2157 5220 2234 5267 το,
2273 5202 2369 5255 καὶ
2404 5199 2547 5252 οὕτω
2580 5195 2836 5265 γενέσθαι
2863 5193 2962 5263 τὴν
2990 5190 3294 5264 στέρησιν·)
3331 5186 3474 5240 ἀλλά
3519 5184 3635 5255 μᾶλ-

363 5302 419 5347 ct
446 5291 881 5357 terminationis,
914 5294 992 5346 ait
1035 5294 1177 5347 sicut
1214 5294 1621 5363 oppositorum;
1658 5310 1763 5348 non
1804 5311 1841 5348 c.

2174 5297 2249 5360 ὡς
2279 5294 2586 5362 κατάφασις
2625 5291 2719 5344 καὶ
2756 5288 3029 5357 ἀπόφασις
3053 5283 3411 5338 ἀντίκεινταιο
3438 5279 3636 5346 λέγεται

365 5387 481 5439 haec
535 5386 756 5455 preprie
803 5386 950 5439 sicut
980 5385 1200 5440 habitus
1243 5395 1297 5440 et
1334 5387 1569 5455 privatio
1602 5402 1839 5456 oppouut

2156 5406 2169 5439 2
2199 5387 2321 5440 καθ’
2354 5385 2465 5450 ἕξιν
2496 5384 2591 5437 καὶ
2614 5382 2891 5452 στέρησιν,
2920 5379 3121 5431 νοεῖται
3150 5375 3209 5427 δὲ
3243 5371 3388 5426 κατά
3414 5370 3634 5436 κατάφα

365 5480 679 5549 (Oportebat
719 5479 864 5533 enim
918 5493 1185 5548 apparere
1228 5480 1531 5549 aliquando
1575 5480 1843 5544 habitum,

2184 5480 2275 5532 mi.
2302 5478 2596 5546 ἀπόφασιν.
2634 5473 2893 5541 Ἀπειρον
2922 5469 3032 5539 γὰρ
3068 5467 3284 5535 λέγεται
3316 5464 3378 5516 τὸ
3417 5461 3492 5532 μὴ
3528 5460 3632 5529 ἕχον

368 5573 588 5643 quidem
617 5572 662 5627 is
690 5583 829 5636 erat,
861 5582 911 5625 et
936 5572 1017 5627 sic
1052 5570 1168 5625 ﬁeri
1193 5572 1748 5643 privationem),quin
1771 5587 1841 5641 po

2154 5589 2260 5636 ῡας,
2275 5571 2334 5625 οὐ
2360 5570 2420 5623 τὸ
2441 5566 2701 5639 στερηοὲν
2727 5565 2981 5635 πέρατος·
3006 5564 3064 5615 ὲν
3080 5560 3162 5612 ἑνὶ
3182 5558 3392 5654 μέντοι1

370 5678 725 5738 apponuntur
782 5668 921 5723 sicut
992 5665 1280 5721 ailirmatio
1341 5678 1395 5721 ct
1464 5668 1701 5738 negatio.
1748 5666 1841 5722 Dic

2153 5669 2300 5734 αίως,
2334 5666 2410 5732 ὡς
2440 5663 2701 5728 πολλάκις
2722 5661 2961 5733 εἴρηται,
2994 5655 3063 5710 τὰ
3092 5652 3272 5708 πάντα
3300 5650 3328 5703 ὁ
3360 5645 3512 5710 Θεὸς,
3554 5645 3631 5695 καὶ

405 5842 479 5885 *"°
504 5846 639 5903 Gen.
677 5863 714 5911 ι,
755 5848 878 5923 5!.“
929 5847 942 5885 ί
979 5845 1115 5900 l‘sal,
1150 5861 1266 5911 cm,
1304 5845 1397 5899 δι.
