3768 6304
95 321 208 375 833

689 331 778 386 DE
814 331 1067 390 DlVlNlS
1097 332 1503 398 NOMINIBUS,
1541 334 1693 391 CAP.
1733 335 1799 390 v.
1843 368 1911 376 —
1944 333 2292 390 PARAPHR.
2330 322 2803 389 PACHYMEIUE.

3285 304 3393 387 sat

101 439 334 514 προέχει
372 445 454 510 ὡς
504 446 699 515 αἴτιος,
743 452 836 504 καὶ
877 452 1184 525 ὑπέστησεν
1221 455 1296 519 ὼς
1328 454 1583 526 ποιητὴς,

1907 470 1956 508 m
1991 454 2291 510 secundum
2327 454 2573 508 habitum
2602 460 2658 507 et
2699 450 3085 521 pi‘lvatbnem.
3132 447 3395 520 lntelligi-

103 535 302 609 παρὼν
326 538 532 609 ὁμοίως
554 542 668 606 τοῖς
687 544 820 595 πᾶσι
837 544 932 599 καὶ
961 545 1256 617 πανταχοῦ·
1291 548 1385 601 καὶ
1411 548 1503 601 ἐπὶ
1526 546 1704 600 πάντα

104 626 328 698 πρόεισι
361 631 429 699 τῇ
462 633 769 703 συστατικῇ
813 632 1060 705 προνοίᾳ,
1090 636 1186 689 καί
1213 635 1300 705 ἐφ’
1333 635 1525 689 ἑαυτοῦ
1556 632 1705 705 μένει

103 718 180 782 ὡς
208 718 355 791 ὑπὲρ
392 720 572 775 πάντα
602 720 679 775 ὢν
703 723 795 776 καὶ
824 723 1049 795 μηδενὸς
1071 725 1345 797 δεόμενος.
1375 724 1487 780 Καὶ
1517 723 1707 791 ἑστώς

104 812 228 864 ἔστι
265 810 350 881 τῷ
389 810 531 866 κατὰ
566 814 732 885 μηδὲν
772 815 911 881 ὅλως
950 819 1009 870 ὲν
1040 818 1189 890 αὺτῷ
1228 818 1373 891 ἴχνος
1405 816 1706 891 μεταϐολῆς

107 901 459 973 θεωρεῖσθαι·
485 906 580 959 καὶ
603 908 955 977 κινούμενος
987 908 1150 963 πάλιν
1174 913 1233 964 ἐν
1260 909 1339 981 τῷ
1366 908 1610 981 συνέχειν
1640 907 1709 961 τὰ

110 991 244 1047 ὅντα
275 996 374 1049 καὶ
404 1001 751 1068 συγκρατεῖν.
784 1001 896 1054 Καὶ
936 995 1091 1066 αὖθις
1132 1004 1191 1055 ού
1230 1002 1405 1057 ταῦτά
1432 1005 1600 1069 ἐστιν,
1625 1003 1708 1055 ὅτι

108 1088 252 1157 ὑπὲρ
272 1087 468 1141 ταῦτα·
494 1090 706 1162 κίνησις
732 1092 841 1164 γὰρ
870 1092 1065 1167 ἀτελὴς
1090 1095 1341 1168 ἐνέργειά
1360 1098 1499 1150 ἐστι’
1520 1096 1708 1159 στάσις

108 1178 163 1231 δὲ
196 1181 229 1249 ἡ
266 1181 621 1235 παντάπασιν
649 1183 925 1257 ἀκινησία’
954 1187 1095 1257 ἥτις,
1126 1188 1175 1241 εἰ
1207 1186 1343 1260 μετὰ
1371 1188 1471 1259 τὴν
1496 1187 1709 1258 κίνησιν

108 1268 345 1335 γένοιτο,
374 1271 583 1344 ἠρεμία
622 1271 689 1327 ἂν
713 1273 961 1348 κληθείη.
997 1277 1071 1332 Τὸ
1095 1279 1266 1332 κακοῦ
1292 1274 1431 1332 εἶναι
1457 1278 1519 1333 τὸ
1553 1277 1708 1332 Θεῖον

111 1364 254 1437 ὑπὲρ
282 1365 387 1437 τὴν
426 1366 591 1437 ἀτελῆ
618 1368 923 1441 ἐνέργειαν,
956 1370 1197 1443 εὔδηλον·
1237 1373 1319 1427 ὅτι
1358 1375 1415 1429 δὲ
1450 1376 1543 1431 καὶ
1570 1376 1710 1450 ὑπὲρ

111 1457 293 1510 πᾶσαν
322 1459 633 1530 ἀκινησίαν,
662 1460 819 1531 δῆλον
850 1463 914 1517 ὲκ
934 1463 1027 1517 τοῦ
1054 1464 1123 1518 τὰ
1155 1466 1331 1520 πάντα
1362 1465 1506 1539 ἔχειν
1536 1468 1709 1541 ὑπερ-

112 1548 317 1621 οχικῶς
342 1590 359 1615 ,
392 1552 489 1604 καὶ
534 1552 594 1605 ού
627 1551 811 1617 καθώς
844 1555 950 1607 εἰσι
982 1556 1076 1608 καὶ
1102 1556 1365 1611 νοοῦντας.
1392 1559 1454 1612 Εἰ
1483 1557 1591 1630 γὰρ
1616 1561 1711 1613 καὶ

111 1642 231 1696 λίαν
264 1644 488 1716 συνᾴδει
520 1645 613 1699 ἐπὶ
633 1644 767 1698 Θεοῦ
794 1646 854 1700 τὸ
890 1649 1236 1703 παντάπασιν
1276 1649 1553 1723 ἀκίνητον,
1577 1652 1712 1706 ἀλλὰ

113 1735 207 1787 καὶ
233 1735 398 1789 τοῦτο
425 1737 766 1809 ὑπεροχικῶς
802 1739 916 1793 ἐστι
944 1757 1003 1794 τε
1023 1743 1117 1795 καὶ
1153 1744 1353 1797 νοεῖται
1377 1746 1435 1798 ἐν
1465 1744 1545 1816 τῷ
1571 1744 1707 1817 Θεῷ.

1811 556 1898 599 ιιιι·
1924 554 2104 600 autem
2136 560 2231 616 per
2258 543 2676 598 aﬂirmationem
2715 551 2771 597 et
2805 540 3172 612 negationem.
3209 537 3395 595 lnlinl-

1810 652 1926 696 tum
1960 653 2196 709 namque
2221 638 2425 692 dicitur
2453 638 2504 692 id
2543 636 2689 707 quod
2719 649 2825 691 non
2865 635 3029 689 habet
3060 634 3247 697 liuent,
3281 646 3390 685 non

1809 731 1952 801 quod
1984 730 2257 802 privatum
2303 741 2388 784 est
2420 729 2560 796 line;
2599 729 2739 785 Deus
2768 727 3035 798 siquidem
3080 726 3134 781 in
3174 741 3298 778 uno.
3337 723 3389 777 id

1809 832 1895 880 est
1925 823 2101 891 unite,
2144 830 2202 879 ut
2243 837 2390 894 saepe
2416 823 2619 877 dictum
2670 830 2776 887 est,
2808 819 2989 875 omnia
3023 817 3078 873 et
3111 816 3395 887 prtehabet

1809 926 2078 982 utcausa,
2124 924 2178 971 et
2216 914 2680 985 subsistereviacit
2726 921 2786 966 ιιι
2828 911 3099 974 conditor,
3133 918 3297 977 alque
3318 907 3396 962 si-

1812 1008 2014 1065 militer
2039 1007 2293 1063 omnibus
2319 1016 2374 1062 et
2406 1007 2607 1076 ubique
2638 1020 2879 1075 praesens
2904 1011 3007 1065 est.
3036 1010 3092 1057 et
3118 1000 3184 1056 ad
3208 999 3389 1055 omnia

1812 1115 1874 1156 se
1925 1100 2173 1156 extendit
2220 1098 2625 1154 conservatrice
2684 1095 3060 1167 providentia,
3110 1093 3163 1147 in
3212 1090 3394 1159 seipso

1813 1203 1999 1249 manet
2030 1203 2283 1262 tanquam
2318 1206 2484 1263 supra
2528 1190 2709 1245 omnia
2762 1191 3063 1251 exsistens.
3094 1195 3148 1241 et
3195 1183 3394 1242 nullius

1814 1300 2000 1354 egens.
2044 1284 2110 1339 Et
2136 1296 2282 1339 stans
2331 1282 2549 1345 dicitur,
2589 1282 2716 1349 quia
2764 1280 2819 1334 in
2859 1295 2926 1334 eo
2978 1277 3182 1334 nullum
3228 1273 3395 1330 vestio

1814 1377 1963 1447 gium
2013 1374 2332 1431 mutationis
2375 1373 2648 1439 cernitur;
2691 1382 2746 1427 et
2801 1387 3016 1426 rursum
3058 1386 3114 1424 se
3158 1382 3391 1429 movens,

1813 1468 1941 1538 quia
1975 1483 2062 1523 res
2091 1466 2334 1523 continet
2377 1478 2543 1535 atque
2569 1472 2883 1522 conservat.
2918 1462 2984 1517 Et
3030 1477 3248 1516 rursum
3283 1474 3391 1514 non

1816 1560 1930 1614 ltaac
1954 1568 2061 1627 est,
2087 1559 2181 1615 sed
2211 1574 2374 1629 supra
2398 1559 2547 1615 haec:
2590 1556 2761 1613 motio
2800 1556 2967 1623 enim,
3010 1563 3092 1611 est
3121 1554 3266 1608 actio
3297 1552 3397 1607 im-

1818 1650 2103 1721 perfecta;
2155 1651 2319 1707 statio
2360 1666 2492 1706 vero
2539 1660 2622 1704 est
2660 1650 2975 1705 omnimoda
3010 1646 3392 1709 immobilitas‘;

1816 1759 1937 1814 qua:
1964 1744 2011 1799 si
2036 1753 2160 1812 post
2190 1753 2397 1809 motum
2449 1744 2565 1810 fiat,
2610 1744 2769 1812 quies
2814 1740 3200 1812 appellabitur.
3228 1738 3396 1793 Deum

112 1828 228 1881 Οὐκ
253 1827 314 1882 ἐν
346 1846 455 1884 τινι
493 1830 602 1884 τῶν
640 1829 808 1886 ὄντων
843 1832 1006 1887 πάλιν
1046 1835 1165 1889 ἐστὶ
1207 1835 1296 1890 διὰ
1327 1836 1390 1891 τὸ
1440 1838 1501 1891 ἐν
1541 1841 1600 1891 πὲ

1905 1849 1992 1889 ηθιιι
2046 1832 2171 1888 ntali
2208 1832 2492 1904 plusquam
2536 1833 2911 1904 imperfectam
2949 1831 3221 1886 actionem
3254 1843 3393 1893 esse,

111 1916 363 1989 ἄσχετονο
396 1921 549 1976 οὐδὲν
572 1925 842 1996 προσήκει
882 1926 1059 1997 τούτῳ
1090 1926 1201 1981 τῶν
1227 1929 1480 1995 αἰωνίων,
1505 1931 1588 1984 ὅτι
1613 1931 1707 1985 καὶ

113 2011 222 2064 τῶν
242 2012 462 2068 αἰώνων
488 2018 718 2089 ποιητής
743 2020 909 2073 ἐστιν·
952 2018 1102 2074 οὐδὲν
1130 2019 1240 2074 τῶν
1264 2021 1368 2075 ὑπὸ
1396 2022 1609 2095 χρόνον,
1625 2024 1707 2077 ὅτι

115 2104 209 2157 καὶ
237 2105 451 2177 χρόνων
478 2110 729 2181 ποιητής.
768 2110 971 2165 Αἰώνια
996 2111 1052 2166 δὲ
1085 2112 1232 2182 λέγει
1262 2113 1363 2179 τὰς
1393 2115 1587 2189 νοερὰς
1616 2118 1707 2171 δυ-

116 2196 311 2267 νάμεις
332 2198 412 2263 ὡς
437 2199 634 2266 αἰῶνος
665 2204 1018 2275 μετεχούσας,
1048 2206 1143 2261 καὶ
1159 2205 1246 2260 διὰ
1273 2207 1337 2261 τὸ
1365 2209 1465 2279 τῆς
1488 2209 1594 2282 πρὸ
1614 2210 1709 2264 τοῦ

116 2288 311 2359 χρόνου
351 2290 573 2360 φύσεως
610 2295 863 2363 γενέσθαι
896 2298 1085 2364 αὑτάς·
1123 2299 1315 2371 χρόνος
1342 2300 1451 2373 γὰρ
1478 2300 1586 2355 ἀπὸ
1609 2303 1711 2373 τῆς

117 2383 351 2455 οὐρανοῦ
384 2388 481 2441 καὶ
519 2388 625 2459 γῆς
657 2390 929 2462 ποιήσεως
951 2392 1288 2464 ἀριθμεῖται.
1326 2396 1399 2450 Τὸ
1426 2396 1482 2450 δὲ
1501 2437 1516 2461 ,
1546 2396 1711 2451 Οὐδὲν

121 2479 392 2550 προσήκει
415 2481 615 2553 τούτῳ,
652 2484 770 2537 κατ’
805 2484 992 2539 ούσιαν
1019 2485 1229 2556 νόησον,
1261 2488 1357 2543 καὶ
1377 2488 1437 2541 οὐ
1468 2488 1588 2542 κατ’
1616 2488 1711 2543 ἄλ-

119 2565 219 2640 λην
254 2570 381 2624 τινὰ
422 2571 655 2639 ἔννοιαν,
687 2569 797 2629 οἷον
824 2576 1225 2649 κυϐερνήσεως,
1252 2580 1346 2635 καὶ
1377 2580 1709 2646 συστάσεως,

120 2664 217 2716 καὶ
269 2662 381 2717 τῶν
423 2666 705 2722 τοιούτων.
753 2669 1065 2741 Σημείωσαι
1118 2671 1176 2725 δὲ
1208 2672 1478 2739 ἐντεῦθεν,
1524 2674 1607 2729 ὅτι
1652 2673 1715 2727 τὸ

121 2752 357 2824 ἄναρχον
385 2757 481 2808 καὶ
508 2754 747 2821 αἰώνιον,
777 2757 837 2810 ού
879 2757 1081 2829 μὴν,,δὲ
1114 2760 1221 2813 πᾶν
1258 2759 1325 2813 τὸ
1358 2758 1578 2822 αἰώνιον
1618 2760 1715 2814 καὶ

122 2842 381 2915 ἄναρχον.
420 2845 702 2901 Αὑτοαιὼν
737 2848 796 2903 δὲ
824 2848 886 2902 τὸ
916 2848 1071 2904 Θεῖον
1090 2890 1107 2915 ,
1141 2851 1226 2904 ὅτι
1252 2850 1313 2903 τὸ
1350 2847 1492 2905 εἶναι
1522 2850 1728 2923 τούτου⁸

126 2936 202 3009 μὴ
232 2938 396 3008 μόνον
434 2940 619 3012 χρόνῳ
653 2942 714 2996 οὐ
752 2926 1053 3016 μετρεῖται,
1091 2944 1207 2998 ἀλλ’
1240 2945 1348 2998 οὐδ’
1391 2946 1569 3012 αἰῶνι,
1599 2946 1716 3001 ἀλλ’

123 3030 257 3083 αὑτό
284 3034 435 3086 ἐστιν
481 3031 663 3104 ἑαυτῷ
701 3033 854 3089 αἰών.
893 3035 1088 3108 Μέτρα
1133 3035 1190 3090 δὲ
1232 3036 1344 3091 τῶν
1382 3035 1555 3091 ὄντων
1588 3039 1717 3103 τοὺς

123 3124 329 3191 αἰῶνας
347 3126 460 3181 τῶν
497 3127 706 3200 νοητῶν
725 3168 743 3194 ,
777 3129 872 3183 καὶ
896 3130 1022 3193 τοὺς
1052 3129 1275 3202 χρόνους
1295 3130 1405 3184 τῶν
1441 3130 1717 3204 αἰσθητῶν

125 3234 282 3289 φησιο
300 3218 369 3273 τὰ
391 3218 502 3292 γὰρ
520 3219 687 3293 νοητὰ
721 3222 797 3287 ὼς
814 3222 920 3276 ὑπὸ
945 3223 1146 3295 μέτρου
1167 3222 1263 3277 τοῦ
1284 3222 1479 3288 αἰῶνος
1504 3225 1719 3297 μετρεῖ-

123 3327 235 3374 ται,
265 3310 313 3363 εἰ
342 3312 437 3364 καὶ
464 3311 771 3383 ὁμωνύμως
802 3313 879 3385 τῷ
910 3314 1197 3386 μετροῦντι
1218 3314 1375 3370 αἰῶνι
1400 3316 1495 3368 καὶ
1525 3316 1595 3370 τὰ
1631 3334 1720 3388 με·

125 3401 400 3470 τρούμενα
428 3400 700 3470 λέγονται.
727 3403 935 3468 Αἰῶνες
956 3404 1067 3477 γὰρ
1090 3404 1337 3475 λέγονται
1361 3407 1455 3459 καὶ
1483 3407 1531 3459 οἰ
1554 3407 1721 3475 ἄγγε-

126 3492 226 3545 λοι.
260 3494 419 3548 Οὕτω
442 3496 540 3548 καὶ
567 3496 661 3550 ἐπὶ
685 3496 793 3550 τῶν
823 3496 1117 3568 αἰσθητῶν·
1141 3498 1213 3551 τὰ
1236 3499 1347 3571 γὰρ
1378 3500 1719 3571 μετρούμενα

128 3581 205 3651 τῷ
247 3583 426 3654 χρόνῳ
469 3583 777 3656 ὁμωνύμως
816 3585 997 3657 χρόνοι
1023 3586 1292 3658 λέγονται,
1330 3590 1406 3654 ὡς
1436 3591 1471 3661 ἡ
1503 3590 1719 3661 κίνησις

129 3675 235 3728 τῶν
269 3677 521 3753 ἀστέρων
550 3680 645 3734 καὶ
677 3679 770 3734 τοῦ
795 3680 967 3752 ἡλίου,
995 3680 1090 3736 καὶ
1122 3684 1172 3737 οἰ
1207 3683 1329 3754 βίοι·
1363 3683 1720 3757 μετρούμενοι

130 3766 239 3838 γὰρ
268 3769 374 3822 ὑπὸ
408 3770 605 3842 χρόνου
624 3812 639 3835 ,
684 3772 865 3845 χρόνοι
893 3773 1161 3845 λέγογταυ
1194 3777 1222 3829 ὀ
1258 3775 1368 3847 γὰρ
1397 3776 1587 3848 χρόνος
1616 3770 1716 3839 εἷς·

130 3857 198 3910 τὰ
222 3859 281 3912 δὲ
327 3860 580 3933 μετρικοὶ
605 3862 806 3934 χρόνοι,
844 3861 920 3926 ὡς
950 3860 1056 3915 ὑπὸ
1076 3863 1177 3935 τῆς
1202 3866 1330 3935 μιᾶς
1360 3865 1721 3937 παρατάσεως

130 3946 223 3999 τοῦ
267 3948 388 4014 ἐνὸς
435 3951 629 4021 χρόνου
677 3953 1041 4027 μετρούμενα.
1089 3953 1275 4009 Πάντα
1303 3950 1396 4009 οὖν
1448 3954 1621 4008 ταῦτα
1651 3955 1721 4008 δι’

133 4038 320 4104 αὑτοῦ,
346 4042 442 4095 καὶ
477 4042 574 4095 ἀπ’
610 4044 796 4111 αὑτοῦ,
821 4045 916 4099 καὶ
938 4047 998 4099 ἐν
1020 4044 1170 4117 αὐτῷ
1189 4048 1357 4102 ἐστιν.

1811 1926 2020 1981 clarum
2051 1928 2332 1997 eSt;quod
2362 1941 2491 1980 vero
2516 1925 2680 1979 etiam
2725 1925 2799 1979 sit
2841 1938 3004 1992 supra
3048 1921 3399 1976 immobilita-

1812 2024 1943 2081 tem,
1972 2016 2176 2071 clarum
2209 2025 2293 2070 est
2325 2032 2389 2072 ex
2422 2029 2488 2071 eo
2534 2015 2676 2083 quod
2711 2014 2894 2070 omnia
2927 2014 3125 2067 habeat
3150 2013 3400 2065 eminen-

1814 2118 1916 2178 ter,
1944 2119 2000 2166 et
2029 2126 2134 2166 non
2165 2109 2307 2165 sicut
2328 2124 2417 2165 res
2438 2120 2566 2165 sunt
2586 2119 2641 2165 et
2664 2107 3055 2178 intelliguntur.
3088 2104 3202 2163 Etsi
3241 2103 3392 2158 enim

1814 2201 1923 2258 Deo
1953 2203 2109 2260 valde
2136 2217 2382 2259 consona
2423 2201 2496 2258 sit
2534 2201 2849 2257 omnimoda
2898 2198 3274 2265 immobilitas,
3311 2205 3399 2252 at-

1815 2304 1997 2348 tamen
2029 2310 2091 2349 ea
2130 2295 2244 2365 ipsa
2280 2292 2587 2349 eminenter
2615 2300 2698 2347 est
2729 2300 2784 2348 et
2827 2288 3147 2361 intelligitur
3181 2289 3234 2344 in
3264 2290 3397 2344 Deo.

1811 2384 2050 2442 Rursum
2079 2403 2185 2441 non
2221 2396 2306 2443 est
2347 2386 2398 2442 in
2433 2386 2544 2441 ullo
2586 2401 2775 2441 eorum
2824 2400 2945 2454 qua;
2988 2393 3137 2449 sunt,
3171 2381 3300 2452 quia
3341 2379 3395 2433 in

1812 2475 1973 2549 451
2026 2477 2281 2533 urnuibus
2341 2473 2912 2547 incomprehensibilis
2975 2474 3223 2540 exsistit;
3258 2470 3396 2526 nihil

1815 2572 2423 2627 rermn'mviteruarum
2480 2570 2557 2624 illi
2628 2569 2907 2637 convenit,
2969 2568 3096 2637 quia
3153 2580 3397 2621 πνοι-σπι

1814 2676 2029 2733 quoque
2062 2662 2313 2717 conditor
2342 2661 2586 2728 exsistit;
2616 2660 2750 2715 nihil
2779 2674 2961 2714 rerum
2994 2655 3397 2729 temporalium,

1815 2756 1941 2824 quia
2018 2765 2326 2824 temporum
2378 2769 2598 2824 quoque
2649 2761 2868 2808 creator
2925 2760 3049 2817 est;
3109 2749 3399 2805 zeviternas

1816 2857 1997 2902 autem
2031 2855 2189 2901 vocat
2222 2848 2453 2900 virtutes
2491 2844 2772 2901 intellectu
2808 2843 3083 2913 praeditas,
3135 2840 3397 2912 quoniam

1816 2938 1913 2993 εενὶ
1955 2939 2250 3009 participes
2287 2939 2583 3004 exsistunt,
2627 2948 2682 2992 et
2719 2938 2849 3007 quia
2893 2945 3086 2990 natura
3130 2934 3392 3001 temporis

1817 3033 2030 3103 priores
2089 3040 2248 3097 sunt;
2300 3031 2559 3102 quoniam
2617 3039 2831 3100 tempus
2871 3043 2901 3081 ιι
2957 3027 3080 3083 caeli
3133 3036 3400 3099 terraeque

1820 3124 2099 3180 creatione
2134 3134 2500 3196 computatur.
2547 3125 2699 3192 Quod
2732 3135 2914 3178 autem
2957 3123 3059 3193 ipsi
3094 3120 3229 3175 nihil
3262 3133 3366 3174 con
3397 3154 3400 3157 -

1821 3217 2026 3280 veniat,
2060 3215 2300 3287 intellige
2333 3217 2634 3271 secundum
2666 3215 3047 3279 substantiam,
3087 3220 3145 3267 et
3187 3225 3292 3265 non
3318 3225 3404 3263 se-

1821 3309 2058 3363 cundum
2094 3307 2258 3363 aliam
2297 3309 2608 3379 quampiam
2652 3306 3090 3378 intelligentiam,
3138 3318 3188 3356 ν.
3219 3318 3274 3373 g.
3303 3317 3402 3372 gu-

1822 3402 2161 3460 bernationis
2219 3418 2284 3456 ac
2352 3403 2800 3469 constitutionis,
2889 3411 3057 3469 atque
3117 3396 3400 3453 similium.

1821 3499 1959 3553 Nota
1996 3510 2125 3551 vero
2158 3496 2305 3557 hinc.
2345 3496 2398 3551 id
2445 3497 2589 3565 quod
2632 3494 2904 3564 principio
2953 3501 3130 3555 caret,
3183 3502 3403 3559 quoque

1821 3594 2083 3640 aeternum
2140 3599 2284 3650 esse,
2327 3600 2432 3639 non
2489 3592 2668 3638 tamen
2723 3598 2886 3637 omne
2946 3580 3089 3652 quod
3137 3588 3402 3637 attentum

1824 3685 1929 3743 est,
1960 3678 2229 3749 principio
2255 3690 2464 3732 carere.
2502 3675 2642 3731 Deus
2666 3683 2844 3728 autem
2869 3682 2951 3728 est
2984 3674 3214 3743 ipsamet
3246 3676 3407 3722 aeter-

1825 3769 1988 3833 nitas,
2025 3772 2286 3839 quoniam
2324 3767 2443 3837 ejus
2476 3782 2599 3822 esse
2641 3784 2747 3821 non
2800 3766 2974 3822 solum
3013 3775 3256 3832 tempore
3296 3775 3405 3817 non

1826 3871 2203 3929 mensuratur,
2234 3863 2328 3918 sed
2360 3876 2535 3931 neque
2563 3859 2889 3922 aeternitate,
2922 3857 3015 3911 sed
3044 3864 3127 3909 est
3174 3855 3407 3923 ipsamet

1825 3955 2123 4010 aeternitas.
2182 3956 2275 4009 Ait
2322 3964 2503 4009 autem
2535 3952 2731 4008 saecula
2772 3947 3217 4020 intelligibilium,
3268 3956 3408 4001 tem-

1825 4063 1959 4118 pora
1994 4064 2128 4105 vero
2173 4048 2457 4105 sensilium
2504 4060 2792 4101 mensuras
2830 4057 2982 4107 esse;
3016 4040 3285 4112 siquidem
3321 4037 3407 4092 in-

138 4133 438 4200 tellectilia,
501 4145 757 4206 tanquam
814 4156 1088 4196 mensura:
1136 4140 1420 4212 subjecta,
1476 4141 1676 4198 sarculo
1734 4152 2148 4208 mensurantur,
2219 4144 2321 4199 etsi
2374 4143 2564 4199 eodem
2611 4140 2853 4204 nomine,
2898 4144 3021 4207 quae
3076 4146 3403 4190 mensuram

137 4236 246 4294 tur,
294 4238 350 4282 et
390 4227 538 4298 quod
594 4241 896 4299 mensurat,
955 4231 1279 4289 afﬁciantur.
1332 4232 1528 4303 Angeli
1574 4233 1722 4288 enim
1781 4235 1950 4290 etiam
2000 4235 2201 4291 saecula
2237 4235 2599 4306 appellantur.
2649 4235 2725 4290 lta
2754 4232 3001 4288 etiamin
3054 4227 3358 4285 sensilibus
3388 4270 3404 4283 .

135 4337 255 4389 qum
282 4321 429 4376 enim
495 4332 742 4394 tempore
806 4337 1214 4391 mensurantur,
1274 4325 1466 4381 eodem
1527 4340 1654 4380 cum
1700 4336 1947 4397 tempore
2000 4330 2218 4384 nomine
2264 4330 2629 4400 appellantur,
2690 4334 2750 4382 ut
2803 4334 2984 4381 motus
3024 4333 3299 4379 astrorum
3351 4330 3408 4375 et

136 4413 285 4477 solis,
324 4424 381 4468 et
422 4423 615 4471 aetates
653 4416 776 4472 vita:

821 4434 836 4472 :
894 4428 1137 4490 tempore
1190 4418 1337 4475 enim
1400 4428 1731 4475 mensurata:
1788 4430 2035 4492 tempora
2082 4423 2359 4488 dicuntur,
2412 4423 2684 4493 siquidem
2731 4429 2945 4490 tempus
3007 4432 3213 4484 unum;
3248 4431 3403 4473 men-

136 4506 335 4561 suralia
375 4522 509 4562 vero
558 4517 800 4579 tempora
839 4521 990 4575 sunt,
1034 4527 1156 4582 quae
1216 4512 1379 4569 unius
1424 4513 1584 4584 hujus
1626 4515 1887 4585 temporis
1942 4518 2265 4572 extensione
2329 4526 2742 4575 mensurantur.
2816 4514 2941 4569 Haec
2990 4513 3176 4581 itaque
3220 4510 3403 4566 omnia

138 4614 232 4668 per
256 4599 456 4669 ipsum,
492 4607 548 4655 et
574 4601 642 4655 ab
667 4600 807 4672 ipso,
837 4613 892 4659 et
923 4604 975 4659 in
1008 4604 1126 4674 ipso
1156 4614 1307 4660 sunt.
