3768 6294
130 313 231 369 861

733 318 820 374 DE
852 318 1108 379 DlVlMS
1139 320 1539 387 NOMINIBUS,
1574 320 1728 418 CI“),
1756 322 1845 379 Vi.
1878 324 2315 387 —-PARAPHR.
2355 328 2828 395 PACHYMEIUE.

3293 345 3400 400 863

130 444 349 500 καὶτοῦ
378 448 481 517 τῆς
511 447 656 521 ζωῆς
702 450 1088 523 δημιουργικοῦ
1141 453 1298 522 λόγου
1332 457 1479 510 αίτία
1507 456 1653 510 ἐστὶν
1689 457 1707 507 'l

1879 458 2167 524 "educitur,
2198 475 2360 515 causa
2406 459 2625 514 exsistit
2668 460 2852 515 divina
2903 460 3033 516 vita.
3061 462 3185 519 Haec
3215 474 3395 520 autem

128 536 253 589 θεία
278 537 422 610 ζωή.
447 538 634 593 Ταῦτα
655 540 709 593 δὲ
737 542 873 595 κατὰ
898 543 1006 596 τῶν
1036 545 1441 615 πρεσϐευόντων
1474 536 1614 610 ίδὲἀς
1636 546 1724 599 at).

126 628 513 693 Θυποστάτους
536 632 631 684 καὶ
662 632 956 697 συναῖδίους
990 633 1066 704 τῷ
1104 635 1421 708 δημιουργῷ
1451 636 1720 705 λέγονται.

138 718 239 772 Ἐκ
272 720 482 792 ταύτης
524 723 624 793 τῆς
667 725 882 777 αἰωνίου
926 725 1070 795 ζωῆς
1113 727 1169 779 αἱ
1204 726 1419 795 λογικαὶ
1461 726 1629 797 ψυχαὶ
1660 726 1722 780 τὸ

122 818 443 891 ἀνώλεθρον
479 820 680 890 ἔχουσι,
710 820 777 873 τά
797 821 965 890 ἄλογα
989 821 1103 886 ζῶα
1132 823 1308 877 πάντα
1337 823 1490 890 ζῶσι,
1525 824 1620 877 καὶ
1647 823 1717 877 τὰ

122 912 275 979 φυτά
307 912 369 966 τὸ
401 912 501 984 ζῇν
537 913 716 984 ἔχουσι
756 914 894 967 κατά
929 914 1157 986 ἔσχατον
1185 916 1474 987 ἀπήχημα,
1497 916 1573 979 ὡς
1601 916 1718 970 ἐλέ-

119 1022 300 1075 γομεν
342 1006 637 1079 πρότερον..
666 1008 729 1060 Al
767 1006 897 1076 γοῦν
930 1009 1066 1073 ζωαὶ
1098 1008 1206 1061 τῶν
1249 1008 1457 1078 ἀλόγων
1487 1009 1580 1062 καὶ
1606 1008 1716 1063 τῶν

119 1097 315 1163 φυτῶν
361 1099 462 1151 οὐκ
496 1101 604 1153 εἰσὶ
636 1099 793 1165 θεῖαι,
824 1099 957 1154 ἀλλὰ
992 1099 1089 1154 τοῦ
1132 1101 1319 1155 ὲνύλου
1348 1101 1518 1173 πυρός
1538 1119 1597 1154 τε
1622 1103 1716 1155 καὶ

120 1193 462 1265 πνεύματος.
491 1195 603 1267 Τὴν
626 1195 681 1249 δὲ
709 1196 1058 1268 ἀνθρωπίνην
1104 1196 1246 1268 ζωὴν
1293 1196 1514 1267 πνεῦμά
1550 1212 1715 1265 φησιν

117 1286 147 1336 ό
169 1283 362 1347 Δαυῒδ,
402 1284 576 1354 λέγων
604 1302 617 1316 ·
678 1285 1053 1352 Ἀντανελεῖς
1097 1286 1161 1340 τὸ
1213 1286 1449 1356 πνεῦμα
1492 1284 1711 1354 αὐτῶν,

118 1374 222 1427 καὶ
278 1376 676 1443 ἐκλείψουσι·
728 1376 822 1429 καὶ
865 1375 1047 1429 πάλιν’
1120 1375 1581 1441 Ἐξαποστελεῖς
1635 1374 1698 1428 τὸ

115 1465 362 1535 πνεῦμά
381 1483 520 1531 σου,
549 1466 647 1520 καὶ
682 1466 1132 1534 κτισθήσονται,
1156 1467 1396 1537 δηλονότι
1426 1470 1505 1531 εἰς
1532 1467 1713 1520 παλιν-

114 1556 290 1620 ζωῖαν
331 1558 427 1610 καὶ
469 1557 842 1625 ἐξανάστασιν.
883 1558 955 1611 Τὸ
970 1558 1078 1631 γὰρ
1104 1558 1586 1629 ἀνταναιρεῖσθαι
1617 1560 1712 1613 ἐπὶ

112 1648 209 1700 τοῦ
242 1650 602 1718 κεχωρίσθαι
623 1649 855 1715 τέθεικε,
895 1649 1128 1713 δεικνὺς,
1152 1651 1235 1703 ὅτι
1266 1652 1360 1705 καὶ
1388 1651 1515 1722 παρ’
1541 1650 1705 1704 αὐτοῦ

112 1740 359 1811 ἀρχῆθεν
382 1739 537 1810 ἐδόθη
554 1740 614 1793 τὸ
632 1739 846 1812 πνεῦμα
865 1758 879 1771 ο
911 1740 1191 1794 ἀσθενεῖν
1220 1742 1276 1794 δὲ
1301 1743 1435 1813 πρὸς
1463 1741 1524 1794 τὸ
1552 1740 1709 1813 μετέ-

1827 552 2126 607 secundum
2159 550 2502 619 antiquiores
2546 551 2805 605 dicuntur
2850 553 2981 608 ide-e
3014 570 3109 622 per
3132 573 3190 609 se
3216 557 3395 615 subsi-

1823 649 2031 696 stentes
2062 651 2116 697 et
2149 641 2384 695 creatori
2419 650 2729 695 coaeternze.
2778 641 2854 695 Ex
2895 644 2998 697 hac
3042 657 3246 701 aeterna
3282 650 3393 704 vita

1825 732 2023 787 animm
2050 729 2343 785 rationales
2376 730 2953 799 incorruptibilitatem
2982 734 3203 799 habent,
3237 738 3391 790 bruta

1822 822 2003 879 omnia
2032 822 2242 885 vivunt,
2285 830 2339 875 et
2388 820 2585 889 planta:
2608 859 2625 885 ,
2667 823 2809 891 quod
2844 822 3034 877 ultimo
3075 826 3199 879 vita:
3225 828 3394 896 gradu

1824 916 2116 982 gaudeant,
2164 914 2305 968 sicut
2333 923 2490 967 antea
2538 914 2798 969 diximus.
2838 912 2971 969 Vita:
3003 917 3186 986 itaque
3211 919 3395 973 bruto-

1823 1020 1941 1058 rum
1973 1021 2035 1058 ac
2065 1005 2372 1075 plantarum
2423 1021 2528 1059 non
2576 1017 2703 1061 sunt
2734 1007 2950 1069 divinae,
2984 1011 3077 1063 sed
3105 1010 3246 1078 ignis
3280 1026 3395 1063 ma-

1819 1096 2023 1151 terialis
2048 1112 2111 1151 ac
2135 1097 2382 1167 spiritus.
2434 1096 2737 1153 Humanam
2784 1109 2965 1153 autem
3014 1100 3182 1154 vitam
3226 1113 3386 1156 vocat

1821 1188 1989 1244 David
2020 1190 2296 1259 spiritum,
2324 1190 2513 1245 dicens
2543 1208 2557 1244 :
2599 1190 2818 1259 Auferes
2839 1192 3080 1259 spiritum
3107 1210 3308 1257 eorum,
3343 1208 3392 1249 et

1817 1282 2056 1349 deﬁcient
2080 1284 2105 1322 Β
2132 1298 2151 1345 ;
2183 1291 2234 1336 et
2259 1300 2275 1340 ;
2304 1280 2527 1335 Emitte:
2556 1284 2799 1352 spiritum
2828 1294 2998 1349 tuum,
3042 1296 3087 1339 et
3129 1288 3393 1340 creaban-

1817 1382 1906 1426 tur
1930 1373 1977 1435 ιι,
2009 1372 2259 1427 videlicet
2303 1375 2355 1426 in
2400 1375 2819 1429 resuscitatione
2861 1391 2925 1429 ac
2967 1378 3389 1432 resurrectione.

1817 1464 2031 1531 Λαίαννὶ
2060 1475 2244 1519 autem
2280 1465 2462 1535 posuit
2511 1481 2612 1535 pro
2657 1468 2921 1536 separari,
2973 1468 3280 1535 declarans,
3323 1474 3394 1523 ab

1816 1558 1971 1612 initio
2000 1574 2216 1629 quoque
2244 1560 2494 1630 spiritum
2524 1559 2691 1614 fuisse
2713 1560 2899 1614 datum
2933 1577 2948 1625 ;
2976 1560 3237 1633 inﬁrmari
3263 1577 3394 1619 vero

1814 1650 1948 1704 dicit
1990 1650 2045 1704 in
2094 1651 2255 1717 lmjus
2304 1654 2429 1705 vita:
2468 1652 2904 1721 participatione,
2949 1655 3074 1723 quia
3106 1670 3210 1708 non
3245 1654 3389 1707 domi

1811 1752 1945 1803 sum,
1998 1753 2097 1793 nec
2139 1754 2169 1793 a
2223 1741 2418 1810 seipsis
2464 1742 2631 1795 vitam
2689 1742 2913 1810 habent,
2954 1745 3050 1799 sed
3108 1744 3323 1801 insitam
3359 1760 3390 1798 a

68 1874 79 1885 .
252 1807 379 1900 τῆς
421 1807 571 1900 ζωῆς
617 1807 822 1902 ταύτης
872 1831 1025 1903 φησὶ,
1072 1829 1160 1885 διά
1187 1831 1248 1884 τὸ
1275 1807 1357 1904 μὴ.
1383 1807 1593 1885 οἴκοθεν
1614 1829 1707 1884 καὶ
1738 1807 1780 1865 Β
1810 1830 1941 1886 Deo.

110 1922 247 1993 παρ’
264 1920 475 1973 ἑαυτῶν
492 1920 744 1991 ἔχειντὴν
772 1918 935 1991 ζωὴν,
951 1919 1063 1973 ἀλλ’
1083 1921 1326 1991 ὲπακτὴν
1354 1921 1417 1973 ὲκ
1432 1908 1526 1974 τοῦ
1544 1920 1701 1976 Θεοῦ.

183 2015 213 2086 §
252 2016 317 2068 Il.
363 2016 486 2068 Ὀτι
512 2013 643 2082 γοῦν
670 2013 769 2084 τὴν
794 2012 939 2084 ζωὴν
983 2013 1231 2085 ὲπακτὴν
1276 2013 1511 2085 ἔχουσιν,
1546 2014 1707 2068 ἀσθε-

108 2106 305 2159 νοῦντα
327 2104 467 2176 πρὸς
498 2104 597 2174 τὴν
632 2104 865 2175 μετοχὴν
892 2103 1083 2175 αὐτῆς,
1116 2104 1426 2160 ἐκλείπουσι
1446 2122 1459 2137 ·
1486 2105 1583 2159 κα)¹
1608 2106 1707 2159 πά-

106 2198 196 2251 λιν
235 2199 704 2269 ὲπιστρεφόμενα,
749 2198 913 2253 πάλιν
947 2198 1235 2264 ζωοῦνται.
1268 2200 1512 2271 Τοίνυνή
1544 2200 1703 2253 αὑτο-

107 2291 243 2362 ζωὴ,
269 2292 435 2355 αὐτὸς
468 2294 496 2345 ὁ
523 2291 913 2363 δημιουργικὺς
944 2295 1037 2346 καὶ
1078 2293 1575 2365 παραδειγματικὸς
1599 2293 1701 2363 τῆς

105 2384 255 2453 ζωῆς
278 2384 460 2454 λόγος,
493 2385 521 2436 ὁ
553 2386 610 2438 ὲν
638 2383 716 2455 τῷ
751 2383 869 2455 Θεῷ
893 2385 1059 2450 ἀΐδιος
1098 2386 1193 2451 ὣν,
1231 2386 1485 2456 δωρεῖται
1514 2386 1701 2460 ἁπάσῃ

104 2476 220 2547 ζωῇ
250 2475 312 2528 τὸ
336 2470 501 2540 εἶναι,
531 2474 624 2528 καὶ
648 2477 715 2547 τῇ
748 2474 958 2539 ἁπλῶς,
985 2477 1079 2530 καὶ
1106 2478 1172 2548 τῇ
1218 2475 1340 2530 καθ’
1369 2475 1577 2531 ἕκαστα
1615 2476 1697 2532 ol-

102 2568 270 2637 κείως
305 2569 528 2645 ἑκάστῳ
573 2567 682 2623 τῶν
731 2568 977 2637 ζώνιων·
1020 2572 1115 2626 καὶ
1155 2575 1269 2636 τοῖς
1304 2572 1402 2642 μὲν
1448 2572 1698 2641 ἀγγέλοις

102 2663 251 2736 ζωὴν
288 2663 474 2719 δίδωσι
515 2662 613 2736 τήν
660 2664 821 2718 ἆῦλον
864 2664 958 2719 καὶ
1006 2663 1251 2735 θεοειδῆο
1298 2664 1406 2717 ὅλοι
1453 2666 1561 2736 γάρ
1591 2667 1696 2719 είσι

101 2755 243 2820 ζωαὶ
286 2755 542 2820 ὲνούσιοι,
588 2756 676 2810 ἀεὶ
714 2756 809 2811 καὶ
845 2755 1261 2827 ἀπαρεγκλίτως
1306 2754 1614 2825 κινούμενοι
1638 2759 1696 2812 ὲν

98 2846 181 2917 τῷ
218 2846 340 2918 ζῇν.
380 2844 785 2918 Ὑπερεκτείνει
812 2845 987 2917 δὲτὴν
1011 2847 1266 2918 τοιαύτην
1285 2845 1427 2917 ζωὴν
1466 2846 1531 2898 δι’
1563 2847 1697 2914 ἀγα-

100 2936 307 3007 θὸτητα
327 2935 765 3008 (ἀμεταμέλητα
795 2940 904 3007 γὰρ
921 2938 993 2990 τὰ
1015 2937 1142 2991 θεῖα
1168 2938 1509 3007 χαρίσματα
1600 2937 1694 2990 καὶ

96 3024 180 3095 τῷ
209 3026 477 3097 δαιμονίῳ
507 3025 656 3097 φύλῳ
676 3044 688 3057 ’
721 3027 813 3080 καὶ
838 3029 871 3098 ή
896 3026 1008 3098 ζωὴ
1029 3026 1138 3097 γάρ
1160 3025 1270 3080 τῶν
1291 3026 1562 3097 δαιμόνων
1596 3028 1692 3081 καὶ

99 3120 235 3189 παρ’
260 3118 433 3189 αὐτῆς
480 3118 707 3190 ὑπέστη,
742 3120 837 3172 καὶ
868 3119 997 3191 παρ’
1045 3119 1217 3193 αὐτῆς
1258 3120 1542 3191 συνέχεται
1589 3120 1691 3191 τῆς
1721 3151 1764 3209 C

98 3207 405 3279 αὐτοξωῆς.
435 3211 700 3280 Δωρεῖται
747 3211 839 3263 καὶ
868 3212 980 3276 τοῖς
1004 3210 1311 3283 ἀνθρώποις
1335 3214 1453 3275 ταῖς
1488 3211 1694 3283 συμμί-

100 3316 252 3363 κτοις
291 3299 495 3370 ψυχαῖς
554 3300 691 3371 μετά
744 3299 997 3372 σώματος
1028 3301 1129 3371 τὴν
1165 3301 1481 3373 ἀγγελοειδῆ
1523 3300 1692 3373 ζωὴν,

100 3393 242 3464 πλὴν
286 3395 364 3459 ὡς
406 3395 616 3449 ἕνεστιο
666 3396 830 3467 μέσον
879 3394 991 3467 γὰρ
1030 3396 1131 3468 τῆς
1161 3397 1395 3468 φυσικῆς
1424 3397 1571 3469 ζωῆς
1599 3396 1696 3452 καὶ

96 3484 197 3553 τῆς
214 3485 517 3555 ἀγγελικῆς
538 3485 689 3549 ὄντες
713 3488 896 3557 ἡμεῖς,
928 3486 1028 3558 τὴν
1067 3487 1241 3560 ῥοπὴν
1278 3490 1368 3541 ἐπ’
1407 3490 1694 3562 ἀμφότερα

100 3578 220 3630 κατ’
261 3577 718 3646 αὐτεξουσιότητα
755 3578 981 3651 ἔχομεν·
1013 3579 1047 3652 ἢ
1075 3579 1273 3651 μᾶλλον
1312 3582 1508 3647 εἰπεῖν,
1554 3582 1693 3655 πρὸς

96 3671 197 3741 τὴν
222 3669 525 3741 ἀγγελικὴν
560 3669 850 3740 ταχθέντες
882 3669 1047 3745 ζωὴν,
1090 3672 1145 3724 εἴ
1184 3690 1286 3726 που
1330 3677 1395 3744 τῇ
1432 3674 1693 3745 προαιρέ-

100 3780 181 3816 σει
225 3764 318 3816 καὶ
365 3762 843 3834 παρεγκλίνοιμεν,
890 3763 1224 3835 ὁπερὸλύσει
1281 3766 1692 3838 φιλανθρωπίας

100 3853 241 3922 πρὸς
262 3854 325 3906 τὸ
355 3853 415 3920 ἐξ
438 3854 614 3925 ἀρχῆς
639 3854 1059 3925 ἁνακαλούμεθα
1084 3856 1178 3909 καὶ
1208 3857 1651 3928 ὲπιστρεφόμεθα
1672 3875 1687 3889 ·

96 3945 191 3997 καὶ
232 3944 293 3997 τὸ
352 3945 831 4017 θαυμαστότερον,
875 3944 1031 4009 ὅλους
1067 3947 1217 4015 ήμᾶς
1257 3946 1398 3999 κατά
1440 3946 1692 4017 σώματος

95 4036 232 4107 πρὸς
260 4036 361 4109 τήν
393 4034 697 4107 ἀνώλεθρον
723 4037 871 4108 ζωὴν
902 4037 1293 4106 ἐπαγγέλλεται
1327 4039 1653 4110 μεταθήσειν
1672 4080 1687 4093 .

96 4130 333 4201 Πρᾶγμα
350 4132 420 4199 τῇ
449 4129 661 4200 ἀνοήτῳ
700 4130 797 4201 μὲν
826 4130 952 4203 δόξῃ
983 4130 1093 4183 τῶν
1130 4130 1421 4203 Ἑλλήνων,
1464 4131 1690 4204 (ταύτην

93 4221 201 4293 γὰρ
238 4221 584 4293 παλαιότητά
619 4238 802 4291 φησιν,
830 4220 906 4286 ὡς
948 4220 1140 4293 μωρὰν
1168 4224 1261 4276 καὶ
1302 4223 1566 4295 σαθράψ)
1594 4224 1690 4277 καὶ

92 4312 507 4383 πιστευόμενον,
552 4312 679 4376 ἴσως
708 4312 784 4376 ὼς
830 4311 980 4382 παρά
1020 4312 1182 4381 φύσιν
1223 4313 1449 4367 δοκοῦνο
1490 4318 1687 4370 ἐκεῖνοι

90 4404 197 4474 γὰρ
222 4404 379 4474 παρά
413 4401 575 4470 φύσιν
601 4401 850 4472 λέγουσιν
871 4401 1010 4456 εἶναι
1029 4407 1097 4475 τῇ
1127 4404 1229 4476 ὕλῃ
1252 4405 1313 4458 τὸ
1348 4406 1687 4461 ἀπαθανατί-

89 4496 278 4559 ζεσθαι
302 4514 315 4526 ·
346 4494 449 4566 ῦλη
472 4494 582 4567 γὰρ
611 4491 766 4560 οὖσα,
801 4497 895 4549 καὶ
925 4496 1064 4549 κατά
1104 4496 1267 4566 φύσιν
1300 4498 1500 4570 ἔχουσα
1534 4500 1594 4553 τὸ
1623 4502 1681 4553 ὲν

86 4587 251 4658 ἑαυτῇ
282 4585 642 4657 μεταϐάλλειν
670 4585 737 4639 τά
760 4586 896 4657 εἴδη,
937 4586 1053 4652 πῶς
1088 4591 1241 4658 μενεί
1270 4592 1328 4643 ὲν
1350 4591 1497 4662 αὐτῷ
1527 4592 1680 4645 ἐσαεὶ

84 4679 466 4750 ἀμετάϐλητος
500 4680 593 4733 καὶ
625 4680 918 4750 ἀκίνητος;
972 4680 1199 4736 Ἐκεῖνοι
1237 4683 1388 4753 γοῦν,
1418 4688 1485 4756 τῇ
1519 4686 1681 4752 φύσει

84 4768 529 4834 ἀκολουθοῦντες,
560 4770 785 4834 εἰκότως
811 4771 957 4825 ἅπαν
985 4771 1133 4836 ξένον
1161 4774 1259 4844 τῆς
1290 4774 1505 4845 φύσεως
1527 4778 1679 4848 παρά

84 4861 247 4929 φύσιν
291 4861 451 4929 φασὶ,
491 4863 586 4915 καὶ
627 4863 699 4934 μὴ
735 4858 847 4917 οἷόν
867 4881 927 4917 τε
961 4863 1214 4932 γενέσθαι
1240 4864 1492 4921 πώποτεο
1518 4871 1680 4940 ἡμεῖς

81 4947 163 5013 δὲ,
197 4950 339 5021 πρὸς
366 4948 460 5001 τὸν
489 4949 623 5003 Θεὸν
650 4951 1070 5018 ἀποϐλέποντες,
1100 4953 1193 5008 τδν
1220 4956 1284 5007 ὲκ
1304 4955 1400 5009 τοῦ
1426 4958 1501 5029 μὴ
1523 4958 1675 5023 ὄντος

82 5042 150 5095 τὰ
175 5044 357 5097 πάντα
392 5042 537 5114 λόγῳ
583 5044 729 5115 μόνῳ
760 5047 853 5099 καὶ
883 5046 1147 5119 θελήματι
1176 5048 1582 5121 ὑποστήσαντα,
1613 5053 1677 5107 τὸ

79 5135 273 5189 δοκοῦν
304 5134 538 5199 ἐκείνοις
570 5135 721 5207 παρὰ
743 5137 905 5205 φύσιν
935 5139 1079 5193 θεῖον
1114 5142 1209 5194 καὶ
1230 5141 1371 5212 ὑπὲρ
1394 5141 1555 5210 φύσιν
1582 5143 1681 5197 λέ-

81 5245 271 5299 γομεν,
297 5230 393 5281 καὶ
414 5226 640 5282 δυνατὸν
660 5229 935 5297 γενέσθαι,
960 5231 1095 5286 Θεοῦ
1117 5232 1380 5297 θέλοντος.
1403 5234 1539 5289 Θεοῦ
1566 5237 1675 5308 γάρ

83 5320 408 5392 βουλομένου
432 5320 494 5373 τὸ
514 5322 766 5390 γενέσθαι
790 5340 842 5376 τι
868 5323 1039 5389 ξένον,
1063 5325 1125 5379 οὐ
1154 5326 1383 5399 λέγομεν
1409 5328 1560 5400 παρὰ
1580 5329 1675 5397 φύ-

80 5429 161 5466 σιν
184 5430 198 5443 ·
235 5412 327 5483 βία
340 5412 463 5485 ’γάρ
494 5414 611 5465 ἐστι
636 5414 794 5467 τοῦτο
816 5415 915 5485 τῆς
940 5415 1175 5485 φύσεως,
1202 5421 1295 5472 καὶ
1329 5421 1449 5491 οὐχὶ
1480 5421 1672 5475 σύστα-

80 5521 160 5571 σις
181 5505 425 5575 φῦσεως,
466 5504 580 5558 ἀλλ’
609 5506 883 5571 ἀσθένεια,
917 5507 1057 5561 ὥστε
1100 5513 1397 5580 πεφυκέναι
1427 5516 1522 5568 καὶ
1561 5516 1667 5568 πά-

77 5596 154 5650 λιν
181 5599 277 5652 ἐπὶ
302 5598 366 5651 τὸ
392 5595 533 5651 κατά
565 5598 726 5669 φύσιν
756 5599 1022 5670 χωρῆσαι,
1052 5602 1207 5656 εἵπου
1251 5606 1349 5675 τῆς
1381 5606 1500 5677 βίας
1524 5607 1660 5676 ἀφε-

150 5788 173 5825 α
199 5783 350 5841 Psal.
395 5771 495 5834 cm
520 5818 533 5845 ,
570 5766 663 5839 ’29.

768 5785 797 5825 ιι
826 5784 984 5852 ibid,
1016 5788 1105 5845 50.
1204 5790 1221 5831 ί
1252 5786 1410 5845 Rom.
1452 5805 1525 5854 xi,
1560 5789 1651 5845 29.

1879 2009 1905 2081 ς
1943 2008 2005 2065 ll.
2046 2008 2186 2075 Quia
2230 2009 2416 2080 itaque
2464 2010 2629 2064 vitam
2662 2011 2879 2067 insitam
2911 2013 3135 2081 habent,
3167 2014 3293 2068 dum
3320 2016 3387 2069 ad

1804 2102 1922 2173 ejus
1957 2102 2426 2173 participationem
2462 2101 2829 2169 iniirmantur,
2858 2106 3142 2172 deﬁciunt,
3173 2115 3228 2162 et
3256 2107 3386 2161 dum

1805 2210 2023 2250 rursum
2052 2205 2474 2261 convertuntur,
2532 2210 2749 2250 rursum
2798 2197 3164 2252 viviticantur.
3203 2198 3389 2266 Itaque

1806 2301 1904 2355 per
1935 2300 1994 2340 se
2024 2286 2137 2339 vita
2172 2296 2255 2341 est
2280 2287 2598 2343 conditricis
2627 2301 2790 2360 atque
2815 2290 3144 2359 exemplaris
3161 2290 3282 2344 vita:
3305 2305 3388 2344 ra-

1804 2376 1899 2442 tio,
1925 2394 2045 2447 qua:
2070 2378 2124 2431 in
2155 2381 2262 2433 Deo
2284 2389 2486 2432 materna
2523 2381 2815 2445 exsistens,
2849 2382 3034 2436 tribuit
3058 2396 3181 2436 esse
3224 2382 3369 2434 omni

1802 2472 1945 2539 vitae,
1989 2480 2098 2527 tam
2129 2470 2251 2527 vitae
2281 2470 2604 2543 simpliciter
2633 2488 2796 2545 quam
2829 2472 3051 2528 cuilibet
3084 2471 3383 2526 viventium

1800 2564 1854 2619 in
1875 2565 2197 2633 particulari
2230 2583 2244 2632 ;
2272 2577 2436 2636 atque
2464 2568 2673 2638 angelis
2702 2568 2918 2637 quidem
2957 2564 3051 2622 dat
3076 2562 3242 2621 vitam
3275 2561 3383 2617 im-

1800 2657 2141 2712 materialem
2201 2674 2265 2712 ac
2328 2659 2649 2715 deiformem
2680 2678 2696 2723 ;
2731 2660 2827 2714 toti
2880 2660 3025 2715 enim
3079 2665 3211 2713 sunt
3255 2656 3382 2709 vitm

1803 2748 2217 2811 substantiales,
2251 2764 2373 2818 quae
2404 2750 2636 2803 vivendo
2683 2765 2903 2820 semper
2924 2759 2979 2805 et
3012 2750 3384 2804 indesinenter

1798 2848 2105 2891 moventur.
2142 2839 2223 2891 Ad
2266 2840 2436 2908 ipsam
2466 2854 2683 2909 quoque
2716 2842 2930 2895 turbam
2971 2841 3363 2895 damoniacam

1799 2929 2107 2985 istiusmodi
2138 2931 2301 2985 vitam
2333 2947 2429 3000 per
2471 2933 2770 2987 bonitatem
2810 2933 3056 2987 extendit
3115 2934 3251 3005 (sine
3272 2949 3380 3001 pae-

1796 3024 2020 3076 m'tentia
2060 3025 2201 3077 enim
2228 3038 2348 3077 sunt
2394 3025 2533 3077 dona
2578 3024 2673 3079 Dei
2712 3026 2727 3065 ί
2760 3028 2801 3093 l;
2832 3025 3100 3094 siquidem
3135 3026 3243 3079 vita
3268 3026 3380 3079 da:-

1798 3129 2015 3166 tnonum
2052 3114 2120 3167 ab
2152 3113 2379 3182 ipsamct
2427 3131 2522 3184 per
2569 3132 2628 3169 se
2669 3118 2775 3170 vita
2801 3132 3019 3186 quoque
3061 3118 3278 3171 exsistit
3307 3132 3371 3172 ac

1798 3208 2137 3262 continetur.
2167 3209 2306 3275 Quin
2334 3220 2388 3263 et
2420 3210 2752 3274 hominibus,
2778 3227 3011 3280 quorum
3039 3211 3234 3265 animae
3259 3226 3377 3265 cor-

1796 3300 2024 3370 poribus
2076 3302 2377 3355 commistzc
2427 3312 2574 3368 sunt,
2618 3304 3028 3373 angeliiormem
3074 3305 3238 3358 vitam
3276 3304 3378 3358 :ri-

1798 3392 1934 3456 buit,
1960 3404 2226 3463 quantum
2259 3392 2470 3448 scilicet
2501 3396 2587 3448 l'as
2618 3405 2702 3449 est
2728 3412 2742 3460 ;
2779 3411 2878 3450 nos
2903 3396 3074 3461 enim,
3104 3412 3225 3453 cum
3258 3411 3375 3451 me-

1796 3485 1872 3539 dii
1903 3486 2077 3539 simus
2111 3487 2251 3540 inter
2285 3486 2590 3555 angelicam
2641 3488 2806 3540 vitam
2834 3503 2899 3542 ac
2930 3488 3256 3553 naturalem,
3290 3504 3377 3544 se-

1796 3579 2035 3633 cundum
2064 3579 2290 3633 libermn
2324 3579 2615 3634 arbitrium
2659 3579 2925 3635 habemus
2956 3581 3375 3649 propensionem

1796 3670 1865 3723 ad
1899 3680 2190 3739 utramque
2219 3687 2235 3736 ;
2271 3670 2386 3724 sive
2433 3671 2630 3724 melius
2661 3672 2919 3734 dicendo,
2955 3672 3022 3725 ad
3076 3671 3376 3739 angelicam

1796 3761 1966 3813 vitam
2017 3760 2335 3829 compositi,
2374 3760 2549 3814 sicubi
2597 3776 2696 3829 per
2752 3761 3059 3816 libertatem
3080 3763 3247 3816 etiam
3276 3764 3373 3816 αθ-

1793 3851 2085 3918 ﬂectimus,
2138 3852 2647 3921 superabundantia
2697 3854 3053 3924 benignitatis
3098 3854 3165 3907 ad
3189 3854 3374 3923 pristi-

1793 3960 1921 3997 num
1946 3954 2147 3997 statum
2201 3959 2521 3999 revocamur
2557 3952 2719 4014 atque
2758 3945 3125 4000 convertimur
3157 3960 3174 4011 ;
3201 3944 3376 4014 quod-

1792 4050 1899 4105 que
1923 4036 2097 4104 magis
2128 4035 2435 4090 mirandum
2467 4044 2573 4101 est,
2604 4038 2775 4091 etiam
2828 4036 3128 4091 secundum
3172 4050 3372 4102 corpus

1791 4128 1859 4182 ad
1911 4127 2380 4197 incorruptibilcm
2437 4129 2602 4183 vitam
2681 4144 2780 4184 nos
2839 4128 3193 4183 traductnros
3243 4142 3371 4197 pro-

1792 4221 1985 4276 mittit.
2034 4219 2167 4287 Quae
2208 4236 2295 4278 res
2335 4219 2503 4293 456
2565 4223 2771 4277 insana:
2823 4222 3045 4291 quidem
3086 4220 3369 4291 gentilium

1790 4314 2031 4384 opinioni
2063 4314 2245 4385 (quam
2287 4324 2613 4370 vetustatem
2650 4312 2909 4384 appellat,
2937 4312 3136 4383 quippe
3165 4313 3369 4367 fatuam

1790 4416 1843 4461 et
1876 4408 2140 4479 putidam)
2168 4408 2338 4461 etiam
2383 4408 2589 4462 credita
2641 4409 2843 4463 merito
2874 4408 3026 4476 quasi
3056 4416 3248 4461 contra
3273 4422 3371 4460 na-

1714 4490 1759 4546 Ῑ)
1791 4510 1967 4553 turam
1996 4499 2285 4562 videatur;
2316 4498 2389 4552 illi
2437 4498 2587 4551 enim
2617 4499 2793 4564 aiunt,
2842 4512 2963 4552 esse
2988 4508 3179 4552 contra
3209 4506 3367 4550 natu-

1784 4607 1900 4646 ram
1932 4597 1989 4642 ut
2014 4589 2238 4642 materia
2274 4589 2369 4642 [lat
2414 4589 2784 4654 immortalis;
2818 4604 2940 4642 nam
2976 4591 3105 4643 dum
3132 4600 3217 4643 est
3244 4606 3363 4642 ma-

1785 4684 1943 4749 teria,
1978 4683 2144 4736 etiam
2173 4683 2472 4736 secundum
2498 4692 2747 4736 naturam
2776 4697 2929 4736 suam
2956 4682 3117 4735 habet
3144 4691 3202 4734 ut
3226 4683 3278 4735 in
3305 4698 3366 4736 se

1782 4776 1990 4833 formas
2046 4783 2401 4838 transmntet,
2448 4774 2725 4842 quomodo
2776 4787 2910 4841 ergo
2962 4772 3014 4825 in
3066 4785 3127 4826 se
3151 4786 3365 4841 semper

1783 4866 2141 4925 immutabilis
2172 4875 2228 4920 et
2258 4865 2558 4919 immobilis
2609 4879 2833 4919 manere
2886 4863 3061 4933 possit
3090 4862 3114 4915 i
3146 4861 3226 4916 Illi
3260 4862 3364 4915 ita-

1779 4979 1885 5037 que
1916 4975 2167 5017 naturam
2203 4969 2519 5029 sequentes,
2544 4956 2934 5013 verosimiliter
2966 4957 3174 5020 dicunt,
3200 4970 3361 5009 omne

1780 5058 1832 5114 id
1855 5058 1998 5128 quod
2024 5065 2236 5110 natura:
2270 5054 2617 5124 peregrinum
2647 5065 2709 5105 ac
2733 5065 2934 5105 novum
2957 5050 3180 5113 accidit,
3217 5064 3355 5104 cou-

1780 5161 1863 5205 tra
1921 5158 2171 5205 naturam
2221 5162 2362 5210 esse,
2413 5156 2469 5201 et
2521 5146 2640 5200 ﬁeri
2678 5160 2957 5214 nunquam
3013 5158 3176 5213 posse
3208 5159 3223 5196 :
3256 5156 3358 5196 nos

1776 5258 1911 5297 vero
1934 5242 2000 5296 ad
2038 5243 2207 5297 Deum
2252 5247 2583 5310 spectantes.
2625 5238 2718 5306 qui
2764 5237 2950 5291 omnia
2979 5252 3045 5291 ex
3077 5234 3245 5289 nihilo
3276 5236 3358 5289 vel

1780 5336 1947 5389 verbo
1972 5334 2089 5389 solo
2112 5350 2175 5389 ac
2202 5331 2478 5388 voluntate
2508 5345 2604 5384 sua
2633 5330 2937 5384 consistere
2960 5327 3111 5393 fecit,
3143 5325 3195 5379 id
3214 5328 3360 5394 quod

1779 5426 1919 5495 ipsis
1950 5435 2139 5480 contra
2193 5432 2441 5477 naturam
2485 5418 2732 5483 videtur,
2782 5416 2833 5472 id
2886 5432 2987 5473 nos
3033 5416 3275 5470 divinmn
3299 5424 3357 5468 et

1775 5534 1941 5588 supra
1971 5527 2224 5571 naturam
2247 5528 2370 5569 esse
2416 5513 2674 5575 dicimus,
2704 5519 2780 5574 et,
2823 5510 3040 5566 volente
3069 5508 3203 5571 Deo,
3234 5507 3353 5561 ﬁeri

1772 5600 1949 5677 p'osse.
1987 5609 2098 5666 Deo
2125 5608 2270 5664 enim
2298 5606 2513 5662 volente
2559 5602 2840 5673 quidpiam
2887 5598 3233 5672 peregrinum
3256 5612 3355 5651 seu
