3768 6294
421 339 426 344 ·
443 319 552 376 865

1620 316 1680 373 S.
1720 315 2025 373 Dl-ONYSII
2063 315 2525 373 AREOPAGITIE

3611 317 3707 374 865

444 451 642 490 novum
668 435 803 497 ﬁeri,
839 434 1060 488 minime
1083 442 1270 488 contra
1310 439 1560 486 naturam
1592 445 1715 486 esse
1744 431 2006 495 dicimus;

2162 432 2244 502 εἰη
2273 433 2366 485 xui
2388 432 2486 502 τῆς
2517 431 2665 503 παρᾶ
2689 431 2848 501 φύσιν
2887 434 3175 505 κινήσεως.
3205 434 3278 487 Τὸ
3308 433 3353 486 δ’
3383 432 3527 504 ὗπὲρ
3556 434 3707 503 φύσιν

444 529 526 582 vis
556 527 697 581 enim
731 527 843 579 Iure
881 534 966 579 est
1017 533 1243 589 naturis,
1279 535 1335 578 et
1394 539 1500 577 non
1559 536 1766 578 natura:
1816 533 2014 588 status,

444 619 540 674 sed
569 616 937 680 imbecillitas,
972 618 1046 670 ita
1080 626 1139 669 ut
1164 616 1346 669 denuo
1377 617 1444 669 ad
1477 615 1779 669 naturalem
1815 625 2016 669 statum

444 712 621 766 redire
651 711 866 774 debeat,
900 710 1181 778 siquando
1211 710 1293 762 vis
1313 708 1403 762 illa
1434 718 1743 777 motusque,
1770 709 1862 778 qui
1888 724 2022 762 con-

441 813 520 854 tra
555 812 806 855 naturam
846 811 950 862 est.
987 801 1292 855 auferatur.
1319 800 1472 863 Quod
1506 814 1636 854 vero
1665 815 1828 869 supra
1861 809 2020 852 natu-

440 907 554 946 ram
587 903 689 956 est,
723 902 924 947 statum
945 892 1107 947 habet
1129 904 1182 945 et
1224 903 1433 945 natura:
1461 892 2017 956 trausl‘ormationem,

438 985 511 1037 ita
560 993 616 1038 ut
657 986 762 1038 Deo
805 985 1025 1054 quidem
1085 986 1300 1039 volente
1354 986 1468 1046 ﬁat,
1522 985 1787 1039 miraculo
1834 995 2016 1040 autem

437 1079 600 1130 etiam
630 1081 681 1130 iu
721 1079 1007 1131 identitate
1063 1078 1144 1130 sui
1197 1077 1411 1130 ordinis
1465 1088 1776 1146 perseveret
1808 1095 1821 1130 :
1854 1077 1924 1131 ita
1962 1087 2020 1132 ut

438 1169 716 1237 ignoretur
746 1170 961 1238 penitus
986 1169 1036 1221 id
1066 1170 1212 1238 quod
1251 1171 1403 1239 prius
1425 1168 1728 1223 secundum
1762 1179 2014 1222 naturam

439 1263 641 1316 habere
669 1263 976 1317 dicebatur.
1013 1263 1224 1332 Preprii
1279 1273 1458 1314 autem
1509 1269 1692 1315 motus
1742 1262 2017 1329 peregrini

437 1355 683 1422 quidem,
719 1364 775 1410 et
823 1371 984 1424 supra
1021 1369 1116 1408 eos
1164 1370 1303 1423 quos
1334 1369 1434 1408 nos
1482 1355 1746 1409 habemus
1785 1354 2016 1419 dicendi,

435 1446 528 1498 sed
563 1447 772 1516 proprii
805 1462 870 1500 ac
904 1448 1205 1502 secundum
1259 1458 1513 1500 naturam
1546 1448 1684 1517 ejus.
1720 1447 1834 1502 Etsi
1871 1448 2016 1501 enim

435 1536 651 1590 dicatur
693 1551 816 1591 esse
846 1552 1008 1604 supra
1047 1547 1322 1598 naturam,
1379 1544 1559 1589 tamen
1595 1536 2016 1606 (superintelligi

434 1629 619 1698 debet)
674 1639 914 1683 nostram
968 1631 1106 1683 hanc
1162 1645 1283 1698 quae
1326 1629 1564 1693 videtur,
1613 1637 1668 1682 et
1697 1644 1816 1682 eam
1855 1644 2018 1697 quam

435 1719 586 1787 prius
621 1720 828 1782 habuit,
859 1736 963 1772 non
999 1729 1179 1773 autem
1222 1730 1307 1773 est
1335 1736 1496 1788 supra
1537 1730 1788 1773 naturam
1841 1722 2020 1774 omni-

2123 521 2380 575 σύστασιν
2419 523 2656 592 ἔχεικαὶ
2709 523 3230 595 μετασχηματισμὸν
3283 523 3529 593 φύσεως,
3575 523 3704 576 ὥστε

2120 613 2374 682 γενέσθαι
2410 615 2507 686 μὲν
2537 614 2671 668 Θεοῦ
2707 615 2970 679 θέλοντος,
2994 615 3178 686 μένειν
3200 617 3258 670 δὲ
3282 617 3378 671 xui
3401 617 3705 687 θαυμαστὸν

2121 706 2215 758 καὶ¹
2243 707 2300 758 ὲν
2332 707 2397 775 τῇ
2421 705 2710 776 ταυτότητι
2751 705 2849 776 τῆς
2879 705 3086 772 τάξεως
3130 707 3320 773 αὐτοῦ,
3343 706 3422 770 ὡς
3454 707 3704 777 ἀγνοῆσαι

2122 797 2460 851 παντάπασιν
2481 797 2619 868 ὅπερ
2644 797 2864 865 ἐλέγετο
2887 797 3028 868 ἔχειν
3053 799 3196 852 κατά
3223 799 3391 869 φύσιν
3425 799 3700 868 πρότερον.

2121 889 2233 953 Τὰς
2255 888 2310 943 δὲ
2341 889 2545 953 οἰκείας
2588 890 2830 960 κινήσεις
2863 889 3018 956 ξένας
3045 890 3147 962 μὲν
3173 893 3268 944 xui
3300 890 3450 962 ὑπὲρ
3469 891 3498 943 ὃ
3521 890 3704 960 ἔχομεν

2120 981 2315 1049 λέγειν,
2349 980 2422 1044 ὡς
2453 980 2658 1044 οἰκείας
2677 980 2732 1033 δὲ
2761 980 2853 1032 xui
2877 981 3016 1034 κατά
3051 982 3213 1051 φύσιν
3242 983 3435 1037 αὑτοῦ.
3485 984 3582 1034 Ἀν
3606 986 3705 1050 γὰρ

2121 1073 2214 1125 xui
2237 1073 2375 1142 ὑπὲρ
2401 1073 2562 1140 φύσιν
2588 1071 2831 1143 λέγηται,
2859 1073 2972 1127 ἀλλ’
3009 1070 3106 1127 οὖν
3132 1074 3233 1144 τὴν
3265 1072 3391 1126 καθ’
3418 1073 3572 1143 ἡμᾶς
3591 1074 3684 1124 ταί

2120 1181 2216 1234 την
2256 1166 2348 1217 καὶ
2384 1165 2670 1236 ὁρωμένην
2701 1168 2793 1220 xui
2821 1167 2918 1238 τὴν
2965 1171 3031 1236 ἢν
3069 1162 3180 1237 εἶχε
3215 1166 3380 1236 τυχὸν
3423 1165 3701 1236 πρότερον.

2120 1256 2178 1307 οὐ
2224 1255 2330 1327 μὴν
2367 1255 2422 1308 δὲ
2461 1256 2561 1326 τὴν
2599 1257 2871 1327 πανσθενῆ
2913 1257 3005 1310 xui
3044 1256 3192 1309 θείαν
3236 1272 3249 1284 ³
3300 1257 3368 1326 τῇ
3429 1254 3544 1325 γὰρ
3594 1255 3703 1324 θείᾳ

2121 1345 2299 1414 φύσει,
2341 1346 2416 1410 ὡς
2446 1345 2580 1420 οὔσῃ
2619 1347 2780 1417 φύσει
2820 1349 2914 1402 xui
2947 1348 3203 1401 συστάσει
3245 1346 3358 1399 τῶν
3387 1347 3547 1411 ζωῶν
3569 1349 3702 1401 an-

2123 1437 2250 1501 σῶν,
2282 1438 2376 1491 xui
2409 1438 2642 1509 μάλιστα
2679 1439 2786 1492 τῶν
2821 1439 3107 1510 θειοτέρων
3137 1437 3317 1490 εἴτουν
3345 1437 3460 1489 τῶν
3495 1439 3702 1506 ἀγγελι-

2122 1527 2253 1592 κῶν,
2286 1529 2318 1600 ἢ
2351 1529 2456 1600 μὴν
2494 1529 2600 1582 τῶν
2632 1532 2690 1583 ἐν
2711 1533 2776 1601 τῇ
2811 1531 3101 1584 ἀναστάσει
3122 1528 3232 1582 τῶν
3258 1529 3536 1600 σωμάτων
3579 1532 3703 1599 μετὰ

2119 1621 2304 1693 ψυχῶν
2336 1621 2556 1687 ζωσῶν,
2589 1623 2813 1694 οὐδεμία
2859 1625 2975 1676 ἐστὶ
3021 1623 3132 1695 ζωὴ
3169 1623 3201 1694 ἣ
3259 1623 3416 1693 παρὰ
3473 1621 3702 1689 φύσινῆ

2122 1714 2260 1786 ὑπὲρ
2287 1714 2466 1782 φύσιν.
2505 1715 2640 1768 Ποία
2670 1716 2779 1788 γὰρ
2805 1714 2918 1788 ζωὴ
2947 1715 3023 1786 τῷ
3059 1716 3176 1787 Θεῷ
3221 1719 3378 1789 παρὰ
3424 1718 3590 1786 φύσιν
3621 1716 3706 1766 καὶ

435 1820 710 1878 potentem
739 1827 800 1864 ac
831 1811 1066 1864 divinam
1099 1829 1114 1877 ;
1154 1812 1351 1865 divime
1383 1811 1650 1879 siquidem
1690 1821 1921 1879 naturas,
1957 1824 2006 1868 ul

2155 1806 2289 1870 ίαιος
2317 1823 2330 1872 ;
2362 1807 2495 1859 Ποία
2519 1806 2573 1859 δὲ
2609 1807 2750 1878 ὑπὲρ
2781 1806 2940 1875 φύσιν
2979 1809 3076 1877 τὴν
3120 1807 3317 1860 ἑαυτοῦ
3347 1825 3361 1872 ;
3394 1809 3448 1861 τί
3477 1808 3587 1879 γὰρ
3620 1808 3706 1859 xui

433 1918 555 1970 qua:
575 1912 658 1956 est
686 1913 879 1956 natura
909 1911 1192 1972 statusque
1221 1904 1455 1956 vitarum
1482 1903 1750 1966 omnium,
1783 1919 2011 1973 praeser-

435 1997 532 2048 tim
557 1996 884 2050 diviniorum
910 1997 1026 2051 sive
1050 1996 1447 2065 angelicarnm,
1493 1997 1576 2052 vel
1607 1997 1770 2053 etiam
1817 2012 2014 2068 corpo-

433 2101 552 2139 rum
586 2088 638 2141 in
666 2087 1071 2142 resurrectione
1093 2087 1231 2140 vivis
1259 2087 1546 2142 animabus
1571 2087 2012 2157 conjunctontm,

433 2176 578 2228 nulla
607 2178 712 2230 vita
746 2187 834 2232 est
858 2188 1047 2232 contra
1097 2188 1372 2237 naturain,
1409 2177 1494 2231 vel
1533 2192 1695 2247 supra
1737 2187 2011 2230 naturam.

430 2269 621 2334 Qualis
654 2271 800 2324 enim
850 2271 958 2324 vita
993 2271 1102 2326 Deo
1136 2280 1330 2324 contra
1363 2279 1617 2323 naturam
1663 2284 1730 2323 ac
1774 2270 2010 2324 violenta

426 2360 546 2414 sit?
576 2377 694 2429 qua:
726 2378 854 2416 vero
902 2378 1067 2431 supra
1121 2373 1371 2415 naturam
1410 2360 1570 2430 ejus?
1593 2362 1720 2429 quid
1781 2361 1926 2414 enim
1959 2371 2014 2417 et

429 2454 590 2521 quale
615 2455 854 2508 divinam
892 2465 1141 2508 naturam
1170 2455 1434 2524 superet?
1462 2454 1638 2518 Unde,
1673 2453 1888 2522 quando
1931 2455 2012 2507 die

428 2543 606 2596 cimus
638 2545 703 2597 de
737 2544 866 2607 Deo,
905 2545 1046 2613 quod
1104 2547 1205 2599 hoc
1236 2547 1308 2599 sit
1346 2554 1403 2598 et
1438 2545 1542 2598 hoc
1585 2545 1800 2598 dicatur
1849 2558 2011 2610 supra

431 2642 706 2696 naturam,
731 2648 837 2687 non
865 2634 1217 2704 intelligimus
1247 2643 1500 2688 naturam
1525 2633 1663 2702 ejus,
1698 2635 1840 2688 absit
1868 2636 1881 2688 !
1915 2635 2011 2688 sed

429 2737 701 2790 nostram,
722 2734 777 2778 et
811 2736 1134 2781 exterarum
1163 2744 1348 2784 rerum
1377 2727 1624 2780 omnium
1659 2744 1674 2793 ;
1710 2738 1761 2781 et
1789 2729 2010 2797 quando

427 2834 644 2873 rursum
678 2835 709 2874 e
739 2829 926 2875 contra
963 2821 1196 2877 dicimus
1232 2823 1532 2876 secundum
1573 2831 1852 2887 naturain,
1903 2839 2008 2876 non

428 2919 667 2965 nostram
717 2911 1066 2981 intelligimus
1135 2928 1431 2982 rerumque
1493 2924 1857 2976 cmterarum,
1915 2915 2010 2968 sed

425 3002 618 3071 ipsius.
657 3005 1018 3072 Quamobrem
1056 3006 1499 3062 contradictoriae
1547 3005 1793 3060 Simonis
1845 3007 2011 3059 ratio-

427 3107 542 3155 nes,
574 3105 762 3148 contra
795 3097 1098 3149 doctrinam
1122 3109 1245 3163 qua:
1267 3095 1366 3159 ait,
1391 3108 1620 3162 corpora
1644 3104 1828 3146 nostra
1846 3091 2007 3162 457

2117 1899 2299 1951 ὁποῖον
2326 1898 2386 1951 τὸ
2413 1899 2510 1969 τῆς
2540 1899 2689 1963 θείας
2729 1898 2944 1968 φύσεως
2989 1901 3320 1972 ὑπερέκεινα
3359 1918 3374 1967 ;
3409 1903 3595 1964 Ὥστε,
3624 1901 3704 1952 ὅτε

2116 1987 2346 2058 λέγομεν
2387 1989 2478 2041 ἐπὶ
2523 1989 2680 2053 Θεοῦ,
2723 1991 2804 2043 ὃτι
2845 1989 3002 2042 τοῦτό
3041 1991 3156 2043 ἐστι
3189 1993 3284 2044 καὶ
3314 1993 3479 2046 τοῦτο
3501 1992 3706 2060 λέγεται

2119 2081 2256 2150 ὑπὲρ
2285 2079 2465 2148 φύσιν,
2492 2082 2550 2133 οὐ
2571 2080 2669 2152 τὴν
2691 2082 2884 2136 ἑαυτοῦ
2911 2083 3162 2154 λέγομεν,
3193 2084 3271 2155 μὴ
3291 2071 3544 2152 γένοιτοῑ
3581 2084 3705 2136 ἀλλὰ

2115 2173 2215 2244 τὴν
2245 2173 2522 2244 ἡμετέραν
2560 2190 2622 2226 τε
2667 2175 2759 2226 xui
2792 2174 2889 2246 τὴν
2911 2175 3017 2227 τῶν
3065 2174 3241 2229 ἄλλων
3290 2175 3587 2230 ἁπάντωνο
3621 2178 3706 2229 καὶ

2115 2267 2202 2319 ὅτε
2237 2265 2396 2318 πάλιν
2421 2265 2561 2318 κατά
2585 2264 2766 2335 φύσιν,
2801 2267 3191 2336 ἀντιστρόφως,
3225 2268 3284 2320 οὐ
3314 2268 3419 2339 τὴν
3443 2270 3706 2340 ἡμετέραν

2114 2374 2174 2410 τε
2205 2357 2296 2411 xui
2319 2357 2426 2412 τῶν
2456 2357 2652 2421 ἄλλων,
2683 2357 2818 2410 ἀλλά
2848 2358 2947 2429 τὴν
2971 2358 3186 2411 ἑαυτοῦ.
3214 2360 3277 2413 Οἱ
3293 2360 3432 2428 γοῦν
3460 2361 3701 2431 ἀντιρρη-

2114 2453 2256 2504 τικοὶ
2295 2450 2390 2503 τοῦ
2443 2451 2683 2522 Σίμωνος
2734 2449 2880 2519 λόγοι
2933 2451 3076 2528 κατὰ
3135 2449 3230 2504 τοῦ
3292 2451 3570 2522 δόγματος
3617 2452 3700 2502 τοῦ

2118 2541 2388 2610 λέγοντος,
2436 2543 2517 2596 ὃτι
2571 2543 2640 2596 τά
2691 2543 2921 2613 σώματα
2962 2541 3117 2613 ἡμῶν
3165 2541 3701 2614 ἀθανατισθήσονταε,

2116 2635 2306 2708 πόρρω
2343 2635 2824 2707 ἀπεληλάσθωσαν.
2871 2636 2942 2688 Τὸ
2969 2635 3024 2687 δὲ
3048 2634 3258 2689 οἴεσθαι
3285 2636 3481 2689 τοῦτον
3510 2640 3575 2690 ὲκ
3605 2637 3704 2688 τῶν

2115 2727 2362 2799 φανερῶν
2393 2727 2600 2782 τούτων
2623 2729 2743 2781 .καί
2773 2727 3047 2798 αἰσθητῶν
3073 2728 3174 2792 τὰς
3214 2730 3530 2795 ἀποδείξεις
3575 2730 3703 2782 κατὰ

2112 2819 2212 2889 τῆς
2253 2819 2639 2890 ἀκαταλήπτου
2671 2819 2763 2873 καὶ
2810 2821 2974 2872 πᾶσιν
3029 2820 3273 2888 ἀφανοῦς
3329 2822 3514 2886 αἰτίας
3563 2826 3701 2885 ταί;’

2112 2911 2330 2964 πάντων
2364 2911 2680 2983 πορίζεσθαι
2734 2912 2958 2983 μάταιόν
3008 2915 3158 2965 ἐστι·
3204 2914 3273 2966 τὰ
3324 2914 3438 2986 γάρ
3489 2913 3702 2979 δοξαπί

2111 3002 2282 3056 ταῦτα
2329 3003 2422 3056 xui
2473 3003 2706 3075 αἰσθητά
2738 3003 2854 3067 πῶς
2887 3004 3182 3074 ἀνατρέψει
3221 3007 3410 3058 ἐκεῖνα
3450 3005 3518 3059 τὰ
3571 3005 3698 3072 ὑπὲρ

2111 3095 2364 3166 αἴσθησιν
2401 3097 2495 3150 καὶ
2545 3097 2759 3150 ἃπασαν
2814 3095 3034 3166 νόησινε
3069 3097 3287 3160 οὐδενὸς
3339 3100 3439 3152 καὶ
3483 3098 3558 3168 τῷ
3595 3096 3701 3164 θεῷ

427 3184 836 3241 inunortalitate
905 3186 1176 3250 donanda,
1238 3183 1437 3254 procul.
1479 3184 1833 3253 repellantur.
1864 3184 2006 3238 Hunc

2155 3187 2361 3242 ναντίου
2401 3189 2574 3252 ὖντος,
2603 3189 2721 3253 πῶς
2744 3189 2896 3242 ἔσται
2922 3207 2974 3242 τι
3011 3189 3163 3262 παρὰ
3185 3190 3352 3258 φύσιν
3384 3194 3483 3245 xui
3513 3191 3698 3262 βίαιονς

425 3287 606 3331 autem
637 3280 918 3345 arbitrari,
961 3294 1027 3332 ex
1061 3279 1143 3332 bis
1174 3276 1486 3345 conspicuis
1511 3287 1566 3330 et
1598 3275 1682 3330 liis
1731 3279 2024 3332 sensilibus
2060 3290 2250 3334 contra
2308 3280 2920 3351 incomprehensibilem
2990 3289 3154 3350 atque
3216 3284 3487 3338 omnibus
3521 3283 3700 3336 obscu-

428 3386 542 3423 ram
579 3375 953 3427 universorum
978 3388 1199 3426 Causam
1231 3371 1736 3426 demonstrationes
1767 3373 2013 3440 praebere
2039 3389 2217 3442 posse,
2249 3391 2446 3429 vanum
2489 3383 2574 3429 est
2603 3392 2617 3440 ;
2653 3374 2926 3444 quomodo
2983 3374 3128 3428 enim
3183 3374 3235 3428 id
3297 3377 3447 3445 quod
3497 3388 3700 3429 omnem

425 3478 642 3516 sensum
693 3475 747 3518 et
797 3467 1190 3536 cogitationem
1230 3476 1456 3536 superat
1510 3474 1855 3519 evertentea
1881 3481 2006 3534 qnze
2035 3482 2198 3520 sensu
2227 3476 2283 3521 et
2316 3465 2648 3536 cogitatione
2673 3466 3102 3538 percipiuntur?
3171 3482 3297 3522 cum
3367 3478 3552 3522 autem
3599 3466 3701 3519 Deo

423 3555 558 3608 nihil
589 3557 662 3610 sit
695 3562 1056 3624 c0ntrarium,
1111 3559 1387 3628 quomodo
1424 3557 1629 3626 aliquid
1664 3559 1770 3611 erit
1805 3558 1854 3611 ei
1881 3568 2069 3611 contra
2098 3568 2355 3614 naturam
2382 3559 2465 3613 vel
2497 3560 2837 3614 violentum?

500 3649 527 3722 ᾗ
571 3650 652 3704 Ill.
682 3651 814 3705 Cum
847 3668 975 3705 vero
1007 3653 1075 3706 ab
1111 3653 1227 3720 ipso
1261 3651 1564 3705 viviﬁcetur
1599 3650 1650 3704 id
1681 3650 1823 3719 quod
1851 3650 2006 3716 vivit,

423 3740 536 3791 sive
567 3741 792 3809 angelus
818 3742 890 3795 sit
913 3743 1026 3795 sive
1053 3744 1239 3804 homo,
1268 3741 1388 3794 sive
1419 3741 1636 3794 brutum
1659 3741 1772 3794 sive
1801 3741 2006 3810 planta,

422 3842 478 3883 et
517 3848 579 3885 ex
622 3833 735 3901 ipso
774 3835 894 3888 vitae
927 3835 1109 3888 oumis
1145 3834 1386 3898 initium,
1434 3835 1666 3902 vitmque
1699 3834 2004 3899 substantia

421 3921 512 3980 sit.
562 3919 823 3974 credibile
881 3922 1045 3974 etiam
1096 3932 1215 3976 erat
1267 3931 1324 3977 et
1382 3923 1510 3976 illud
1563 3923 2003 3988 resurrectionis,

423 4011 682 4077 quoniam
717 4011 785 4066 ab
822 4012 940 4082 ipso
974 4014 1040 4066 ad
1079 4013 1260 4068 denuo
1309 4015 1599 4068 vivendum
1651 4013 2008 4068 resuscitabi-

424 4118 566 4154 inur.
606 4103 738 4156 Vita:
788 4120 948 4172 porro
997 4107 1322 4176 principium
1359 4109 1435 4161 ait
1468 4122 1590 4162 esse
1635 4109 1848 4162 animas
1888 4107 2008 4177 (per

423 4195 518 4248 bas
559 4197 703 4248 enim
740 4212 991 4265 corpora,
1042 4215 1162 4268 quae
1210 4201 1277 4252 ad
1317 4202 1478 4252 vitam
1537 4200 1783 4263 veniunt,
1820 4200 2007 4252 vivunt

419 4297 476 4339 et
526 4290 856 4358 moventur),
903 4292 1028 4344 vita:
1074 4303 1256 4346 autem
1298 4292 1589 4344 essentiam
1629 4292 1774 4360 ipsas
1818 4306 1913 4360 per
1945 4307 2005 4344 se

417 4393 540 4432 esse
572 4379 783 4434 animas
832 4382 1280 4452 intellectilesque
1313 4382 1545 4435 virtutes
1587 4381 1878 4454 (siquidem
1923 4384 2004 4436 lue

2189 3650 2325 3723 §lll.
2346 3652 2498 3705 Ἐπεὶ
2520 3652 2578 3705 δὲ
2604 3652 2733 3723 παρ’
2753 3651 2918 3704 αὐτοῦ
2937 3649 3169 3716 ζωοῦται
3183 3652 3247 3705 τὸ
3264 3651 3536 3724 ζῶον,κᾶν
3551 3651 3698 3718 ἀγγε-

2111 3743 2200 3806 λος
2224 3740 2280 3818 ᾗ,
2299 3744 2401 3798 κᾶν
2418 3745 2514 3799 ἀνθ
2525 3762 2722 3816 ρωπος,
2738 3745 2839 3797 κᾶν
2854 3745 3068 3814 ἄλογον,
3085 3744 3189 3797 κᾶν
3206 3743 3398 3813 φυτὸν,
3424 3745 3519 3797 xui
3543 3743 3595 3808 ἐξ
3611 3745 3697 3793 αὐ-

2107 3837 2371 3915 τοῦ,πᾶσα
2387 3837 2532 3908 ζωῆς
2548 3837 2690 3908 ἀρχὴ
2716 3837 2809 3890 xui
2836 3837 2980 3906 ζωῆς
2996 3836 3177 3899 οὐσία,
3201 3834 3398 3888 πιστὸν
3425 3835 3493 3888 ἂν
3514 3834 3595 3904 εἴη
3614 3834 3697 3885 καὶ

2106 3929 2169 3982 τὸ
2193 3930 2292 4000 τῆς
2308 3930 2676 3992 ἀναστάσεως,
2693 3929 2773 3981 ὅτι
2796 3929 2923 4000 παρ’
2939 3927 3102 3980 αὐτοῦ
3121 3928 3202 3992 εἰς
3226 3926 3562 3990 παλινζωῖαν
3583 3927 3694 3977 ἁνα-

2117 4021 2449 4092 στησόμεθα.
2478 4023 2631 4093 Ζωῆς
2649 4021 2704 4074 δὲ
2725 4021 2900 4093 ἀρχὴν
2922 4021 3022 4085 τὰς
3041 4021 3220 4090 ψυχάς
3237 4037 3400 4090 φησι,
3427 4020 3518 4090 (δι’
3534 4017 3692 4071 αὐτῶν

2118 4113 2228 4182 γάρ
2250 4111 2320 4164 τὰ
2349 4113 2426 4175 εἱς
2447 4111 2592 4182 ζωὴν
2614 4111 2884 4183 ἐρχόμενα
2903 4110 3130 4181 σώματα
3154 4111 3337 4175 ζῶντά
3378 4113 3488 4164 εἰσι
3513 4111 3599 4163 καὶ
3617 4128 3692 4161 κι-

2113 4206 2370 4275 νοῦνταιο)
2416 4205 2561 4274 ζωῆς
2588 4204 2642 4256 δὲ
2671 4204 2856 4256 οὐσίαν
2901 4203 3072 4266 αὑτὰς
3117 4203 3239 4256 καθ’
3277 4203 3454 4266 αὑτὰς
3491 4201 3583 4263 τὰς
3605 4201 3692 4268 (ἔν’

2113 4295 2214 4365 χάς
2253 4297 2347 4349 xui
2381 4295 2479 4358 τὰς
2519 4295 2715 4366 νοητὰς
2735 4295 3010 4365 δυνάμεις·
3051 4289 3232 4364 (αὗται
3274 4295 3387 4365 γάρ
3428 4296 3531 4346 εἰσι
3574 4291 3691 4356 ζωαὶ

2114 4386 2366 4447 ὲνούσιοι,
2422 4387 2515 4438 καὶ
2555 4385 2918 4454 αὑτοκίνητοι,
2961 4383 3055 4435 xui
3099 4381 3411 4452 ἀθάνατον)
3463 4377 3613 4434 αὗται
3643 4378 3689 4428 δὲ

419 4482 549 4524 sunt
577 4472 984 4541 substantiales,
1009 4489 1064 4530 et
1097 4493 1194 4546 per
1221 4491 1280 4530 se
1320 4475 1548 4530 mobiles
1578 4487 1741 4546 atque
1777 4477 2000 4529 immor-

2155 4481 2164 4545 ξ
2196 4479 2364 4548 αὐτῆς
2385 4479 2484 4548 τῆς
2517 4478 2656 4548 ὑπὲρ
2687 4478 2864 4529 πᾶσαν
2895 4473 3039 4544 ζωὴν
3065 4473 3214 4536 θείας
3244 4473 3395 4542 ζωῆς
3438 4474 3530 4525 xui
3554 4471 3686 4534 ζῶσι,

420 4563 603 4628 tales;
642 4565 725 4618 ha:
779 4576 959 4620 autem
999 4583 1062 4622 ex
1105 4570 1335 4638 ipsamet
1389 4568 1572 4622 divina
1616 4571 1724 4622 vita
1759 4585 1879 4639 qua:
1921 4575 2004 4622 est

417 4671 580 4723 supra
615 4673 832 4712 onmem
885 4663 1071 4725 vitam,
1110 4672 1166 4716 et
1215 4662 1403 4716 vivunt
1451 4677 1797 4734 corporaque
1828 4660 2004 4714 viviti-

414 4760 569 4816 cant,
619 4751 672 4804 iu
707 4767 812 4820 qua
860 4754 1043 4808 divina
1085 4757 1192 4809 vita
1244 4757 1372 4812 licet
1408 4757 1590 4812 multa:
1634 4758 1743 4812 sint
1777 4757 1918 4823 vitm,
1949 4764 2004 4809 et

413 4841 656 4910 ejusdem
691 4845 928 4901 nominis
961 4863 1086 4902 cum
1127 4862 1336 4913 nostra,
1385 4861 1565 4904 tamen
1603 4866 1713 4904 uno
1750 4849 1912 4903 modo
1946 4857 2003 4902 et

413 4937 713 4991 secundum
735 4955 896 4994 unam
917 4942 1135 4996 vitalem
1153 4957 1378 4997 causam
1403 4943 1804 5012 praeexsistuut.
1825 4940 2004 5006 Quare

415 5025 579 5091 Deus,
609 5036 866 5097 tanquam
892 5042 1085 5085 auctor
1107 5042 1161 5086 et
1191 5041 1606 5086 consummator
1627 5031 1751 5084 vita:
1781 5040 2000 5092 nostras,

415 5126 674 5187 tanquam
711 5131 1001 5177 contentor
1047 5135 1102 5179 et
1140 5126 1482 5192 distributor,
1523 5136 1776 5194 tanquam
1817 5125 2004 5192 dispo-

415 5231 552 5270 nens
581 5214 917 5270 diﬂ‘erentias
951 5218 1132 5273 omnis
1161 5217 1307 5284 νίιιιδ,
1336 5217 1546 5271 scilicet
1581 5215 2000 5280 intellectilium,

415 5307 788 5370 rationalium,
839 5308 1145 5373 sensilinm,
1199 5319 1255 5364 et
1303 5324 1492 5363 eorum
1545 5323 1666 5376 qua:
1711 5314 2000 5374 augentur,

412 5397 655 5449 omnium
687 5397 1012 5467 principium
1057 5389 1298 5452 exsistit.
1322 5395 1715 5451 Consideratur
1759 5395 1904 5447 enim
1947 5397 1999 5446 in

415 5488 564 5541 omni
613 5490 722 5543 vita
761 5496 1062 5546 secundum
1107 5491 1461 5560 multiplicem
1508 5489 1632 5542 vita:
1686 5489 1994 5554 generatio-

419 5593 540 5630 nem
585 5593 650 5633 ac
696 5580 1060 5641 varietatem:
1101 5581 1203 5634 alia
1253 5588 1340 5633 est
1387 5579 1530 5632 enim
1567 5579 1767 5648 angeli,
1805 5587 1860 5632 et
1894 5578 1997 5630 alia

419 5665 675 5732 hominis,
716 5678 772 5721 et
814 5669 918 5722 alia
966 5670 1133 5731 bruti,
1186 5678 1242 5722 et
1299 5668 1405 5722 alia
1450 5667 1683 5736 planta};
1737 5669 2001 5737 quocirca

419 5759 794 5816 ιυιιείιιθνιιιιιιη
847 5773 904 5816 ut
955 5763 1239 5832 omnigcna
1296 5762 1638 5830 diversaque,
1674 5777 1792 5831 qua:
1849 5762 1998 5816 unita

2108 4568 2201 4620 xui
2231 4567 2430 4630 ζωοῦσι
2475 4566 2544 4620 τὰ
2581 4566 2830 4638 σώματα,
2874 4569 2931 4618 ὲν
3044 4567 3112 4634 τῇ
3167 4564 3289 4634 θεία
3333 4564 3472 4634 ζωῇ,
3517 4565 3563 4616 εἰ
3611 4562 3688 4613 καὶ

2109 4660 2299 4712 πολλαί
2329 4662 2433 4712 εἰσι
2463 4659 2601 4723 ζωαὶ
2645 4661 2738 4713 xui
2770 4657 3050 4730 ὁμώνυμοι
3098 4659 3152 4709 αἰ
3205 4655 3327 4709 καθ’
3372 4657 3542 4727 ἡμᾶς,
3591 4652 3685 4706 ἀλλ’

2106 4747 2198 4805 οὖν
2233 4751 2478 4815 ἑνοειδῶς
2513 4753 2605 4806 xui
2634 4750 2774 4804 κατά
2812 4751 2937 4822 μίαν
2966 4748 3062 4820 τὴν
3087 4747 3328 4818 ζωτικὴν
3363 4748 3543 4800 αἰτίαν
3569 4762 3685 4812 προ·

2109 4845 2447 4914 ῡςρίστανται.
2494 4843 2550 4894 Ὀ
2589 4839 2865 4905 οὖννΘεὸς,
2912 4841 2987 4903 ὼς
3019 4838 3191 4902 αἴτιος
3226 4839 3325 4891 καὶ
3369 4836 3681 4908 συμπληρω-

2105 4939 2255 5001 τικὸς
2276 4937 2374 5008 τῆς
2411 4935 2556 5006 ζωῆς
2585 4935 2760 5006 ὴμῶν,
2802 4934 2877 4996 ὡς
2914 4933 3168 5002 συνοχεὺς
3216 4931 3312 4984 xui
3353 4930 3679 5002 διαιρετικὺς,

2104 5031 2180 5094 ὡς
2206 5029 2463 5094 διατάξας
2503 5028 2700 5099 δηλαδὴ
2721 5025 2821 5090 τὰς
2844 5024 3106 5095 διαφορὰς
3133 5024 3358 5093 ἀπάσης
3389 5021 3555 5092 ζωῆς,
3577 5039 3681 5090 νοη-

2104 5123 2232 5186 τῶν,
2256 5121 2511 5190 λογικῶν,
2547 5119 2900 5192 αἰσθητικῶν,
2935 5113 3270 5186 αὐξητικῶν,
3307 5116 3457 5188 ἀρχὴ
3487 5117 3678 5168 πάντων

2107 5214 2272 5267 ἐστίν.
2321 5212 2696 5282 Ἐνθεωρεῖται
2727 5212 2782 5264 δὲ
2815 5211 3001 5282 ἁπάσῃ
3027 5209 3137 5279 ζωῇ
3171 5209 3314 5261 κατά
3341 5209 3446 5279 τὴν
3478 5208 3678 5272 miva

2104 5306 2223 5358 νίαν
2251 5308 2344 5359 xui
2364 5304 2463 5374 τὴν
2502 5303 2776 5356 ποικιλίαν
2804 5303 2904 5373 τῆς
2940 5301 3086 5372 ζωῆς
3104 5319 3117 5330 ·
3139 5300 3276 5370 ἄλλη
3310 5299 3425 5371 γὰρ
3448 5297 3676 5368 ἀγγέλου,

2105 5395 2195 5448 xui
2213 5393 2347 5465 ἄλλη
2364 5393 2461 5446 ἀνθ
2470 5391 2673 5465 ρώπου,
2692 5394 2788 5445 xui
2815 5390 2947 5460 ἄλλη
2969 5390 3186 5459 ἀλόγου,
3210 5389 3308 5443 xui
3324 5390 3465 5461 ἄλλη
3497 5386 3673 5459 φυτοῦ·

2102 5485 2189 5540 διὰ
2206 5485 2361 5539 τοῦτο
2391 5484 2733 5555 ἑνθεωρεῖται
2763 5483 3076 5554 παντοδαπὴ
3107 5484 3201 5536 xui
3227 5483 3453 5553 ποικίλη
3472 5485 3506 5553 ἡ
3522 5478 3676 5534 ἑνιαὶα

2103 5595 2160 5630 τε
2184 5580 2278 5632 xui
2307 5577 2474 5645 ἁπλῆ,
2498 5579 2531 5647 ἡ
2569 5577 2845 5649 ἀνενδεὴς,
2877 5577 3072 5648 μᾶλλον
3100 5576 3157 5628 δὲ
3180 5578 3276 5628 xui
3306 5576 3672 5647 ὑπερπλήρης·

2102 5673 2161 5723 οὐ
2181 5671 2491 5741 γάρὶκανὸν
2529 5673 2620 5724 ἐπὶ
2646 5672 2848 5740 ταύτης
2890 5671 2948 5722 τὸ
2991 5668 3236 5728 ἀνενδεὲς
3284 5669 3465 5736 λέγειν
3491 5710 3504 5724 ,
3559 5664 3674 5718 ἀλλὰ

2106 5762 2424 5832 προσθετέον
2456 5763 2547 5814 καὶ
2587 5762 2646 5813 τὸ
2686 5761 3062 5833 ὑπερπλήρης,
3106 5759 3240 5812 καθὸ
3269 5761 3328 5813 τὸ
3362 5761 3559 5828 ἀγαθὸν
3591 5758 3672 5822 τῆς
