3768 6290
105 322 204 378 865
1168 318 1255 372 DE
1291 317 1543 373 DIVINIS
1582 316 1978 386 NOMIMBUS,
2013 320 2170 377 CAP.
2215 321 2327 377 VII.
3285 328 3396 387 866

102 440 242 508 ζωῆς
270 439 368 492 καὶ
398 438 496 493 ἐπὶ
527 436 742 499 πολλοῖς
783 435 987 506 ἑτέροις
1024 433 1154 506 παρ’
1202 435 1371 506 αὑτῆς
1405 435 1584 504 χέεται

1905 435 2138 506 plexque
2158 449 2265 492 eat.
2301 436 2501 493 nullius
2530 439 2731 510 indiga,
2749 440 2992 509 qninimo
3015 445 3346 516 snperplena
3370 465 3387 514 ;

99 529 392 595 αὑτόζωος,
441 531 538 582 καὶ
567 528 868 600 ὑπέρζωος,
901 527 936 596 ή
965 523 1244 590 ζωοποιὸς,
1276 526 1308 596 ἢ
1345 527 1492 591 ὅπως
1521 527 1587 581 ἄλ

1950 532 2095 586 enim
2143 534 2279 588 satis
2323 544 2403 589 est
2445 535 2512 590 de
2546 551 2608 590 ea
2651 537 2833 592 dicere
2869 540 3013 606 quod
3055 556 3162 594 non
3197 541 3269 595 sit
3309 542 3431 610 εει-1

97 619 466 693 ἀνθρωπικῶς
507 619 574 674 ἂν
607 620 838 690 ὑμνήσοι
877 634 960 681 τις
998 617 1096 689 τὴν
1136 617 1439 686 ἄφθεγκτον
1478 621 1585 674 ὲκεέ

1899 638 1946 685 a,
1981 626 2075 678 sed
2103 627 2432 693 addendum,
2462 643 2582 681 eam
2615 643 2738 683 esse
2774 646 3104 700 snpraqnam
3149 633 3387 702 plenam,

97 717 183 769 καὶ
213 714 370 768 Θείαν
409 714 582 786 ζωήν.

1900 727 2146 784 lnantum
2185 719 2308 772 vitae
2341 719 2539 774 bonum
2585 721 2654 774 ab
2691 721 2791 775 hac
2833 722 2886 774 in
2929 725 3098 778 multa
3139 725 3244 779 alia
3281 726 3388 780 dif-

97 808 362 874 funditur,
393 817 456 860 ut
487 822 612 877 quae
651 816 733 864 est
761 808 938 876 seipsa
975 807 1184 867 vivens.
1217 817 1271 862 et
1301 807 1680 874 supervivens,
1723 816 1777 862 et
1823 808 2129 874 vivilicans,
2168 810 2251 866 rei
2295 826 2620 882 quocunque
2645 813 2750 867 alio
2780 818 2939 870 modo
2983 817 3224 872 humano
3251 817 3389 874 inef-

98 902 312 958 taliilem
363 903 515 956 illam
565 903 915 973 divinamqne
951 903 1116 957 vitam
1159 901 1382 956 laudare
1420 903 1544 971 quis
1581 901 1772 970 possit.

2130 1230 2298 1304 458
2335 1226 2715 1318 CAPUT
2770 1232 2988 1320 VII.

1924 1363 2000 1416 De
2033 1365 2320 1429 sapientia,
2353 1375 2544 1427 mente,
2576 1367 2799 1428 ratione,
2831 1367 3073 1430 veritate,
3107 1367 3233 1434 ﬁde.

471 1220 1120 1306 ΚΕΦΑΛΑΙΟΝ
1195 1223 1299 1304 Z'.

152 1353 290 1420 Περὶ
321 1357 571 1424 σοφίας,
607 1358 738 1423 νοῦ,
768 1362 972 1430 λόγου.
1007 1361 1309 1428 ἀληθείας,
1341 1361 1618 1427 πίστεως.

1405 1509 1736 1567 SYNOPSIS
1769 1511 1991 1567 CAPITI
2006 1516 2066 1569 S.

94 1645 128 1698 l.
159 1643 340 1718 Docet,
374 1649 694 1715 sapientiam
735 1649 826 1701 Dei
859 1667 971 1703 esse
997 1666 1162 1702 omms
1193 1651 1464 1712 sapientia:
1493 1650 1799 1703 creatricem
1825 1690 1838 1710 ,
1869 1665 2135 1718 supraque
2167 1666 2370 1702 omnem
2406 1650 2720 1714 sapientiam
2759 1652 3011 1703 exsistere
3045 1649 3379 1718 inuestigabi-

163 1716 262 1790 lem
294 1728 342 1770 et
375 1720 989 1784 incomprehensibilem;
1026 1738 1187 1790 neque
1213 1722 1499 1774 secundum
1532 1729 1766 1772 nostram
1795 1716 2199 1786 intelligentiam
2223 1721 2545 1773 metiendam
2575 1737 2708 1772 esse.
2743 1721 2804 1775 ΙΙ.
2840 1720 2922 1774 Ex
2950 1737 3011 1771 ea
3042 1719 3139 1772 Dei
3161 1716 3374 1788 sapien-

161 1786 236 1860 tia
266 1790 397 1839 dicit
437 1789 656 1857 angelos
689 1791 900 1849 habere.
934 1793 1072 1860 quod
1096 1786 1208 1844 isint
1259 1790 1617 1852 intellectiles,
1651 1801 1698 1841 et
1743 1791 1981 1843 homines
2023 1792 2162 1856 quod
2196 1793 2298 1843 sint
2341 1789 2657 1853 rationales,
2695 1801 2743 1842 et
2791 1807 2871 1842 res
2913 1790 3036 1842 alim
3077 1786 3371 1844 scnsibites.

163 1855 366 1918 Quwrit
395 1855 631 1925 insuper,
661 1864 920 1927 quomodo
947 1855 1096 1914 'Deus
1135 1865 1311 1914 omnia
1348 1861 1492 1913 novit
1529 1862 1641 1912 sine
1682 1860 1791 1912 ulla
1833 1855 2077 1922 actione;
2107 1875 2153 1912 et
2188 1859 2450 1924 quantodo
2484 1876 2661 1912 omnia
2693 1861 3056 1928 cognoscent/0
3097 1862 3370 1925 anticipet,

163 1935 211 1999 et
244 1929 299 1980 in
332 1929 507 1992 seipso
539 1945 631 1995 per
659 1931 744 1983 sui
787 1933 1030 1983 notitiam
1058 1939 1379 1996 cognoscat;
1416 1940 1466 1982 et
1508 1929 1682 1999 angeli
1717 1947 1922 1999 quoque
1964 1932 2180 1982 sensilia
2218 1928 2593 1982 intellectiliter
2619 1931 2936 1997 percipiant.
2983 1931 3066 1982 Ill.
3101 1931 3370 1994 Ostendit,

162 1995 356 2061 Deum,
394 2008 451 2050 ut
493 2000 545 2051 iu
587 2016 640 2050 se
673 2011 770 2061 est,
805 2003 951 2053 nobis
983 1995 1219 2069 ignotum
1253 2019 1386 2060 esse,
1416 1995 1759 2068 eamdemque
1797 1995 1939 2053 nasci
1979 2001 2174 2066 partim
2197 2017 2295 2069 per
2335 1995 2639 2060 notionem,
2678 2001 2872 2065 partim
2906 2001 3020 2051 sine
3053 2003 3284 2061 natione,
3323 2013 3372 2053 et

159 2069 303 2139 Itane
336 2069 581 2121 notitiam
610 2086 720 2121 esse
744 2070 838 2123 illa
867 2068 1176 2124 ttivin'iorem
1203 2087 1265 2124 ac
1299 2073 1566 2125 veriorem.
1599 2069 1687 2124 IV.
1719 2071 1993 2136 Quomodo
2025 2069 2162 2123 Deus
2195 2068 2421 2122 Verbum
2451 2071 2542 2132 sit,
2566 2071 2704 2132 quod
2740 2077 2819 2122 est
2852 2070 3076 2139 simplex
3102 2075 3292 2123 veritas
3320 2081 3372 2122 et

158 2138 287 2203 ﬁdei
321 2139 754 2204 fundamentum.

1669 2275 1762 2352 ιι

154 2424 296 2495 Φέρε
328 2424 406 2486 δὲ,
440 2423 489 2474 εἰ
521 2421 817 2494 δοκεῖ’,τὴν
844 2423 1053 2494 ἀγαθὴν
1085 2440 1178 2476 και
1208 2423 1434 2477 αίωνιαν
1461 2426 1483 2452 ⁵
1515 2420 1642 2492 ζωὴε

1882 2423 1973 2490 lge
2004 2433 2194 2490 porro,
2231 2419 2426 2488 ipsam,
2471 2417 2514 2471 si
2555 2417 2754 2488 placet,
2793 2435 2971 2473 veram
3003 2430 3370 2492 arternaniqne

86 2517 180 2570 καὶ
222 2515 299 2579 ὼς
343 2514 533 2586 σοφὴν,
578 2515 670 2568 καὶ
703 2514 777 2579 ὼς
812 2515 1137 2586 αὑτοσοςρίαν
1178 2515 1454 2588 ὑμνῶμεν,
1488 2516 1684 2587 μᾶλλον

84 2609 139 2662 δὲ
191 2606 268 2670 ὡς
309 2607 493 2678 πάσης
535 2606 725 2676 σοφίας
774 2608 1160 2679 ὑποστατικὴν,
1200 2609 1294 2662 καὶ
1322 2608 1462 2680 ὑπὲρ
1502 2609 1682 2663 πᾶσαν

89 2701 283 2767 σοφίαν
315 2699 408 2752 καὶ
451 2698 664 2751 σύνεσιν
694 2699 1019 2769 ὑπεροῦσαν.
1051 2700 1124 2752 Οὑ
1161 2701 1270 2772 γὰρ
1310 2701 1468 2772 μόνον
1494 2701 1522 2752 ό
1551 2700 1684 2764 Θεὸς

87 2791 450 2862 ὑπερπλήρης
478 2791 595 2844 ἐστὶ
624 2790 834 2860 σοφίας,
861 2794 955 2846 καὶ
976 2793 1075 2864 τῆς
1105 2794 1370 2857 συνέσεως
1391 2792 1554 2848 αὑτοῦ
1581 2794 1681 2846 οὑκ

87 2883 232 2934 ἐστιν
272 2880 527 2953 ἀριθμὸς,
561 2878 694 2933 ἀλλὰ
749 2882 842 2933 καὶ
858 2880 1051 2945 παντὸς
1084 2881 1264 2949 λόγου,
1302 2881 1396 2933 καὶ
1436 2879 1549 2944 νοῦ,
1589 2880 1682 2933 καὶ

87 2974 278 3041 σοφίας
317 2973 693 3044 ὑπερίδρυται.
741 2975 849 3027 Καὶ
885 2975 1043 3027 τοῦτο
1089 2972 1379 3043 ὑπερφυῶς
1421 2973 1680 3042 ἐννοήσας

96 3069 124 3118 ὁ
151 3065 293 3128 θεῖος
321 3065 492 3127 ὅντως
525 3064 681 3135 ἀνὴρ,
715 3067 743 3118 ὁ
797 3065 974 3128 κοινὸς
1015 3065 1047 3135 ἡ
1058 3065 1174 3135 μῶν
1202 3065 1296 3118 καὶ
1326 3064 1419 3117 τοῦ
1445 3065 1680 3136 καθηγε-

96 3158 256 3227 μόνος
297 3156 471 3227 ἥλιος,
521 3155 590 3209 Τὸ
619 3156 820 3226 μωρὸν
850 3157 954 3210 τοῦ
979 3158 1124 3211 Θεοῦ
1173 3157 1516 3226 σοφώτερον
1559 3157 1679 3211 τῶν

84 3247 433 3314 ἀνθρώπων,
455 3246 640 3318 φησιν,
669 3247 728 3300 οὑ
759 3248 917 3320 μόνον
937 3250 1019 3302 ὅτι
1050 3249 1197 3302 πᾶσα
1222 3249 1536 3320 ἀνθρωπίνη
1565 3249 1678 3305 διά-

86 3357 199 3392 νοια
255 3338 438 3408 πλάνη
478 3339 563 3402 τίς
595 3341 745 3405 ἐστι,
794 3339 1086 3413 κρινομένη
1132 3341 1267 3412 πρὸς
1315 3341 1376 3395 τὸ
1420 3343 1676 3414 σταθερὸν

85 3431 178 3482 καὶ
208 3430 439 3500 μόνιμον
474 3430 496 3460 ⁸
544 3428 653 3482 τῶν
689 3429 848 3484 θείων
889 3431 982 3484 καὶ
1028 3430 1378 3486 τελειοτάτων
1404 3434 1672 3504 νοήσεωνο

85 3523 195 3575 ἀλλ’
224 3523 309 3574 ὅτι
340 3522 438 3574 καὶ
473 3520 701 3592 σύνηθές
730 3523 846 3575 ὲστι
875 3524 988 3586 τοῖς
1019 3523 1308 3592 θεολόγοις,
1350 3525 1676 3579 ἀντιπεπον-

85 3612 250 3674 θότως
309 3611 407 3664 ἐπὶ
465 3609 600 3664 Θεοῦ
659 3611 729 3664 τὰ
791 3611 889 3682 τῆς
951 3613 1256 3684 στερήσεως
1311 3614 1671 3682 ἀποφάσκειν.

85 3701 237 3753 οὕτω
262 3703 358 3754 καὶ
393 3700 625 3770 ἀόρατόν
664 3718 796 3771 φησι
825 3703 892 3756 τὰ
922 3703 1090 3772 Λόγια
1118 3703 1179 3756 τὸ
1226 3705 1483 3774 παμῳαὲς
1522 3705 1636 3775 φῶς
1656 3721 1670 3734 ·

1789 2511 1979 2572 vitam,
2006 2509 2195 2572 etiam,
2227 2517 2282 2560 ιιι
2315 2509 2636 2577 sapientem,
2691 2511 2976 2579 ipsamque
3043 2514 3368 2581 sapientiam

1785 2602 2142 2665 celebremus,
2206 2602 2315 2655 imo
2373 2617 2500 2655 vero
2553 2612 2806 2671 tanquam
2853 2605 3030 2657 omnis
3087 2608 3373 2674 sapientia:

1783 2695 2232 2764 procreatricem,
2266 2707 2544 2763 supraque
2579 2709 2796 2748 omnem
2832 2696 3157 2766 sapientiam
3193 2708 3248 2752 et
3284 2699 3370 2752 in-

1787 2786 2136 2856 telligentiam
2188 2786 2544 2838 eminentem.
2602 2785 2717 2838 Non
2773 2786 2917 2840 enim
2971 2789 3109 2842 Deus
3159 2797 3368 2842 tantum

1783 2891 2111 2946 supraquatn
2144 2875 2334 2945 plenus
2365 2875 2629 2945 sapientia
2655 2877 2886 2941 exsistit,
2913 2888 2964 2932 et
3000 2878 3371 2950 intelligentiae

1782 2967 1896 3035 ejus
1933 2983 2036 3022 non
2075 2977 2160 3022 est
2196 2981 2478 3031 numerus,
2512 2968 2606 3022 sed
2641 2983 2808 3038 supra
2850 2984 3068 3024 omnem
3102 2973 3369 3025 rationein

1780 3069 1835 3112 et
1875 3069 2111 3113 mentem
2147 3069 2196 3113 et
2231 3059 2554 3126 sapientiam
2606 3059 2926 3116 collocatur.
2981 3063 3144 3131 quue
3177 3077 3368 3131 super-

1782 3151 2109 3205 naturaliter
2142 3151 2454 3219 intelligens
2482 3151 2569 3205 vir
2600 3151 2758 3222 plane
2788 3153 3024 3218 divinus,
3060 3153 3370 3208 conunuuis

1781 3242 1868 3297 ille
1907 3251 2093 3297 noster
2123 3242 2404 3311 nostrique
2431 3243 2784 3311 przeceptoris
2819 3242 2921 3309 sol,
2949 3241 3128 3307 Quod,
3167 3243 3366 3311 inquit,

1779 3335 1998 3388 stultum
2031 3345 2105 3388 est
2147 3333 2263 3399 Dei,
2301 3336 2592 3402 sapientius
2629 3343 2705 3389 est
2732 3335 3030 3388 hominibus
3057 3333 3104 3397 ι,
3141 3350 3244 3388 non
3275 3348 3367 3388 so-

1779 3427 1888 3479 lum
1932 3427 2076 3495 quod
2119 3426 2295 3481 omnis
2348 3427 2584 3480 humana
2637 3426 2894 3497 cogitatio
2944 3440 3102 3480 error
3142 3425 3367 3487 quidam

1777 3519 1868 3582 sit,
1902 3518 1947 3572 si
1981 3534 2106 3573 cum
2142 3518 2452 3573 divinarum
2488 3517 3136 3588 absolutissintarumque
3165 3515 3371 3572 intelli-

1777 3611 2086 3679 gentiarnnt
2117 3610 2377 3665 ﬁrmitate
2408 3610 2810 3680 stabilitateqne
2851 3621 3229 3680 comparetur;
3278 3627 3369 3666 ve-

1779 3719 1896 3758 rum
1927 3704 2090 3758 etiam
2117 3704 2244 3772 quia
2284 3704 2526 3758 solemne
2557 3715 2642 3758 est
2666 3705 2954 3774 theologis,
2990 3717 3047 3758 ut
3074 3705 3126 3758 in
3160 3706 3269 3761 Deo
3300 3721 3366 3760 ea

86 3795 177 3848 καὶ
200 3795 293 3847 τὸν
327 3793 707 3865 πολυύμνητον
748 3797 842 3849 καὶ
901 3795 1270 3867 πολυώνυμον,
1309 3797 1545 3868 ἄρρητον

1876 3809 1896 3847 c
1931 3803 2064 3848 sunt
2107 3794 2425 3863 privationis
2483 3795 2764 3848 contrario
2810 3811 2973 3849 sensu
3019 3795 3224 3849 dicant.
3273 3796 3364 3850 Stc

82 3883 370 3955 ἀνώνυμον
391 3902 404 3914 ·
441 3886 536 3937 καὶ
581 3886 672 3938 τὸν
716 3889 847 3941 πᾶσι
896 3889 1138 3959 παρόντα
1192 3892 1286 3943 καὶ
1353 3892 1418 3943 ἐκ
1457 3891 1672 3945 πάντων

82 3977 493 4047 εὑρισκόμενον,
526 3977 909 4048 ἀκατάληπτον
937 3981 1030 4033 καὶ
1049 3980 1468 4052 ἀνεξιχνίαστον.
1488 3983 1674 4054 Τούτῳ

81 4068 145 4139 δὴ
184 4069 262 4139 τῷ
299 4070 490 4140 τρόπῳ
527 4071 620 4123 καὶ
670 4071 766 4124 νῦν
803 4073 830 4124 ὀ
879 4072 1021 4136 θεῖος
1083 4073 1400 4137 Ἀπόστολος
1436 4073 1674 4144 ὑμνῆσαι

83 4155 300 4226 λέγεται
335 4158 548 4229 μωρίαν
579 4159 736 4225 Θεοῦ,
760 4162 821 4214 τὸ
847 4163 1166 4234 φαινόμενον
1215 4167 1273 4217 ἐν
1311 4165 1444 4236 αὑτῇ
1492 4167 1672 4236 παρά-

81 4249 236 4318 λογον
274 4251 372 4304 καὶ
412 4250 632 4316 ἄτοπον,
677 4256 756 4317 εἰς
801 4255 900 4325 τὴν
942 4256 1178 4326 ἄρρητον
1225 4259 1318 4310 καὶ
1368 4260 1473 4330 πρὸ
1517 4259 1673 4329 λόγου

83 4343 283 4406 παντὸς
338 4343 633 4410 ἀναγαγὼν
676 4344 952 4416 ἀλήθειαν.
1001 4347 1178 4411 Ἀλλὰ,
1222 4350 1358 4422 ὅπερ
1399 4354 1455 4404 ὲν
1496 4353 1675 4418 ἄλλοις

81 4434 236 4503 ἔφην,
267 4435 490 4498 οἰκείως
513 4437 644 4506 ἡμῖν
672 4436 741 4490 τά
779 4439 920 4510 ὑπὲρ
955 4441 1103 4510 ἡμᾶς
1137 4443 1671 4514 παραλαμϐάνοντες,

83 4526 278 4598 καὶτῷ
310 4527 596 4598 συντρόφῳ
620 4527 726 4581 τῶν
768 4531 1072 4602 αίσθήσεων
1115 4533 1476 4606 ὲνειλοὺμενοι
1509 4539 1548 4602 ⁸,
1582 4540 1675 4592 καὶ

79 4621 191 4682 τοῖς
225 4611 350 4671 καθ’
383 4619 530 4688 ἡμᾶς
570 4619 635 4671 τὰ
679 4619 797 4672 θεῖα
827 4622 1282 4691 παραϐάλλοντες,
1317 4628 1671 4699 ἁπατώμεθα,

81 4710 221 4764 κατὰ
259 4711 325 4764 τὸ
359 4711 680 4781 φαινόμενον
723 4713 815 4765 τὸν
846 4713 988 4767 θεῖον
1035 4716 1128 4768 καὶ
1165 4718 1474 4790 ἀπόρῤητον
1519 4722 1674 4790 λόγον

83 4801 548 4872 μεταδιώκοντεςο
602 4802 719 4856 δέον
775 4805 971 4859 εἰδέναι
1017 4807 1110 4859 τὸν
1158 4809 1280 4861 καθ’
1334 4813 1478 4882 ἡμᾶς
1529 4814 1671 4878 νοῦν,

79 4895 223 4965 ἒχειν
252 4893 358 4965 τὴν
389 4893 486 4964 μὲν
517 4893 744 4965 δύναμιν
770 4898 850 4960 εἰς
882 4897 943 4950 τὺ
981 4901 1141 4962 νοεῖν,
1173 4899 1240 4953 δι’
1285 4896 1353 4972 ἧς
1393 4903 1461 4956 τά
1509 4904 1685 4976 νοητᾶϊ

80 4987 292 5057 βλέπει,
325 4984 430 5060 τὴν
456 4984 513 5037 δὲ
538 4985 730 5038 ἕνωσιν
757 4988 1157 5060 ὑπεραίρουσαν
1185 4992 1283 5062 τὴν
1314 4993 1406 5045 τοῦ
1445 4995 1536 5048 νοῦ
1571 4997 1672 5064 φὺ-

81 5097 162 5133 σιν
197 5081 241 5143 7,
280 5078 349 5131 δι’
391 5071 460 5148 ἦς
497 5078 822 5132 συνάπτεται
869 5082 1006 5152 πρὸς
1054 5082 1122 5134 τὰ
1159 5084 1414 5138 ἐπέκεινα
1460 5087 1670 5141 ἑαυτοῦ.

1779 3885 1952 3939 lucem
1981 3884 2479 3954 splendidissimam
2505 3885 2804 3954 Scriptura:
2841 3895 3039 3939 vocant
3063 3887 3364 3954 inaspecta-

1777 3982 1981 4037 bilem:
2021 3991 2075 4036 et
2112 3982 2201 4051 qui
2260 3981 2427 4034 multa
2486 3981 2705 4034 laudum
2749 3980 2982 4051 insignia
3039 3981 3364 4049 nominaque

1778 4075 1961 4138 habet,
1994 4075 2182 4127 dicunt
2220 4071 2542 4126 incﬂ‘abilem
2581 4082 2636 4127 et
2674 4071 3163 4136 innoniinabilem;
3199 4081 3365 4141 atque

1777 4183 1902 4220 enm
1933 4166 2022 4234 qui
2047 4165 2302 4218 omnibus
2335 4179 2576 4232 praesens
2616 4173 2700 4217 est
2735 4172 2789 4218 et
2821 4179 2885 4218 ex
2918 4165 3174 4218 omnibus
3213 4164 3364 4217 inve-

1778 4258 1948 4319 nitur,
1995 4265 2192 4309 vocant
2239 4256 2755 4326 inconiprehensnm
2801 4264 2856 4308 et
2903 4255 3357 4324 investigabilem.

1777 4347 1888 4401 lloc
1919 4346 2083 4416 igitur
2115 4346 2274 4400 modo
2305 4348 2604 4400 etiamnum
2649 4346 2869 4400 divinus
2908 4347 3196 4417 Apostolus
3227 4349 3362 4401 stnl-

1779 4439 1953 4492 tiliam
2009 4437 2102 4492 Dei
2152 4437 2380 4492 laudare
2429 4437 2652 4502 dicitur,
2701 4439 2826 4492 dun:
2878 4438 2932 4492 id
2989 4439 3131 4507 quod
3186 4440 3239 4492 in
3296 4453 3362 4492 ea

1779 4527 1977 4583 rationi
2009 4528 2347 4582 contrarium
2381 4536 2436 4581 et
2475 4528 2771 4582 absurdum
2811 4527 3046 4593 videtur,
3081 4532 3148 4581 ad
3175 4529 3364 4581 inetia-

1777 4622 1938 4676 bilem
1970 4620 2229 4690 omnique
2279 4621 2494 4674 ratione
2540 4621 2804 4690 potiorem
2849 4620 3133 4673 veritatem
3170 4617 3358 4671 refert.

1782 4713 1980 4769 Verum
2010 4713 2092 4782 (ut
2130 4711 2261 4765 alibi
2289 4711 2424 4780 disi)
2457 4712 2502 4765 si
2547 4725 2698 4766 more
2740 4718 2930 4763 nostro
2959 4725 3021 4764 ea
3052 4725 3169 4778 quas
3191 4724 3356 4778 supra

1777 4823 1878 4862 nos
1916 4816 2044 4860 sunt
2087 4803 2442 4870 accipiamus.
2483 4801 2953 4868 fatniliaribusqne
2993 4801 3147 4855 nobis
3183 4803 3359 4856 sensi-

1776 4900 1878 4954 bus
1909 4898 2298 4958 inlnereatnns,
2333 4904 2496 4962 atque
2541 4893 2721 4946 divina
2772 4907 2896 4945 Clltll
2951 4895 3113 4946 rebus
3155 4895 3358 4950 nostris

1775 4991 2146 5053 conferamus,
2180 4986 2441 5052 fallimur,
2477 4986 2520 5040 si
2552 4987 2848 5040 secundum
2887 4988 2935 5040 id
2980 4989 3122 5057 quod
3154 4989 3358 5052 deforis

1779 5093 2004 5154 apparet
2033 5081 2273 5137 divinum
2306 5077 2512 5132 Numen
2542 5087 2593 5132 et
2621 5094 2877 5134 arcanam
2915 5079 3058 5132 illaut
3091 5083 3356 5138 rationem

78 5171 238 5224 Κατὰ
269 5167 478 5238 ταύτην
501 5163 592 5221 οὑν
621 5167 689 5221 τὰ
714 5169 830 5222 θεία
862 5172 1096 5242 νοητέον,
1119 5173 1178 5225 οὑ
1221 5174 1342 5228 καθ’
1363 5178 1530 5246 ἡμᾶς,
1555 5195 1566 5230 ε

1867 5175 1942 5245 ίθ
1997 5173 2320 5234 metiantur;
2374 5185 2498 5224 cum
2551 5170 2696 5225 scire
2753 5171 3074 5227 debeamus.
3123 5187 3355 5230 'uentem

78 5268 232 5331 ὅλους
282 5265 511 5328 ἑαυτοὺς
558 5263 693 5317 ὅλων
757 5267 966 5320 ἑαυτῶν
1030 5265 1411 5338 ἐξισταμένους
1472 5269 1514 5333 ⁸,
1573 5271 1669 5324 καὶ

174 5408 197 5446 ll
237 5405 254 5458 I
279 5404 409 5458 Cor.
438 5417 477 5467 1,
500 5402 592 5456 ‘25.

1775 5267 1995 5339 quidem
2032 5274 2271 5320 nostram
2307 5262 2511 5331 pollere
2543 5262 2592 5316 vi
2618 5263 2975 5335 intelligendi,
3001 5282 3108 5336 qua
3149 5283 3231 5322 res
3271 5269 3356 5322 iu-

1363 5515 1596 5570 VARI/E
1631 5514 2037 5572 LECTIONES.

147 5685 170 5706 ⁸
203 5674 386 5746 ἁληθῆ
421 5674 516 5746 καὶ
548 5672 743 5746 αἰών,
764 5674 819 5726 S.
842 5673 899 5726 P.

82 5752 152 5802 Μ.
186 5744 384 5819 τήντε
409 5785 425 5813 ,
463 5744 554 5801 Sc.

977 5673 998 5704 ⁸
1033 5673 1167 5743 πρὸς
1195 5672 1255 5725 τὸ
1287 5672 1500 5742 βέϐαιον
1535 5673 1628 5726 καλ⁸
1665 5673 1909 5743 μόνιμον,
1947 5674 2006 5731 S.
2044 5676 2106 5732 Ρ.

648 5745 670 5776 ⁸
702 5743 837 5799 ὅλων
864 5743 1062 5808 αὑτῶν,
1087 5743 1142 5796 S.
1166 5745 1223 5797 Ρ.
1261 5743 1648 5816 ἐξισταμένων,
1687 5743 1743 5798 S.

2185 5679 2206 5710 ⁸
2239 5676 2623 5748 ἐνιλλούμενοι,
2660 5676 2718 5730 Ρ.
2743 5679 2802 5732 Ι).
2884 5679 2902 5709 τ
2935 5677 3035 5749 τὴν
3077 5679 3132 5732 δὲ
3168 5698 3350 5749 φυσιν.

1823 5762 1901 5798 ill'.
