3768 6350
369 354 472 421 86⁸1
1544 354 1605 411 S.
1640 349 1946 409 DIONYSII
1979 347 2451 407 AREOPAGlT/E
3579 346 3684 401 868

372 474 652 532 tellectiles
691 479 1034 533 contueatur,
1083 477 1264 524 tamen
1314 467 1476 522 istam
1526 468 1809 529 unionem,
1858 492 1860 507 ι

2198 478 2226 525 ς
2256 460 2393 514 Θεοῦ
2438 459 2819 531 γιγνομένους·
2873 460 3123 530 κρεῖττον
3167 456 3279 529 γὰρ
3319 452 3469 511 εἶναι
3512 460 3686 515 Θεοῦ.

373 569 537 623 rebus
567 582 627 621 se
666 564 1045 634 superioribus
1082 560 1459 631 coniungitur,
1500 570 1754 613 naturam
1792 558 1861 626 ips

2200 552 2267 625 μὴ
2297 552 2508 605 ἑαυτῶν
2535 554 2589 584 ⁸ο
2620 551 2764 605 οὕτω
2794 551 2903 623 γὰρ
2932 552 3091 604 ἔσται
3119 550 3189 603 τὰ
3226 551 3351 604 θεῖα
3397 550 3536 604 δοντὰ
3578 556 3688 615 toi;

372 658 531 727 longe
560 671 846 726 superare.
874 654 1186 711 Secundum
1224 655 1370 708 hanc
1402 653 1591 721 itaque
1627 649 1810 703 divina
1839 662 1860 701 ε

2201 664 2205 697 ι
2235 644 2371 697 Θεοῦ
2397 643 2702 714 γινομένοις
2728 645 2791 696 ὀ.
2826 643 3047 715 Ταύτην
3086 639 3181 697 οὖν
3220 642 3324 714 τὴν
3355 642 3562 711 ἄλογον
3600 647 3689 696 καὶ

373 748 743 819 intelligenda,
787 761 896 800 non
945 759 1095 800 more
1151 754 1361 806 nostro,
1418 742 1513 797 sed
1554 749 1825 809 quatenus

2200 751 2226 787 ν
2256 735 2349 787 καὶ
2376 733 2568 805 μωρὰν
2608 730 2802 803 σοφίαν
2848 733 3196 805 ὑπεροχικῶς
3241 734 3579 805 ὑμνοῦντες,
3619 738 3688 788 εῖ-

370 842 471 908 ipsi
511 849 653 894 totos
690 854 719 892 a
757 840 919 893 nobis
973 840 1101 892 totis
1161 836 1501 897 abilicamus,
1540 842 1594 887 et
1646 834 1743 885 toti
1780 840 1858 883 tra

2200 840 2279 889 εν,
2314 825 2398 878 ὅτι
2433 823 2629 888 παντὸς
2669 826 2785 877 ἐστι
2829 824 2942 887 νοῦ,
2990 823 3089 878 καὶ
3130 824 3317 894 λόγου,
3366 828 3467 879 καὶ
3506 829 3686 895 πάσης

370 933 513 987 imus
557 932 610 985 in
661 931 872 994 Deum;
924 927 1191 998 siquidem
1243 926 1404 996 longe
1454 932 1678 994 praastat
1725 937 1825 977 nos

2201 933 2275 980 ις,
2321 916 2418 969 καὶ
2470 912 2739 977 συνέσεως
2782 914 2962 967 αἰτία’
3009 915 3108 968 καὶ
3149 915 3325 985 αὐτῆς
3368 916 3495 967 ἐστι
3542 917 3689 967 πᾶσα

354 1019 492 1081 ὀεεο
530 1040 693 1095 quam
729 1035 979 1087 nostros;
1013 1022 1090 1075 sic
1122 1020 1269 1074 enim
1305 1020 1484 1075 divina
1516 1015 1676 1071 nobis
1707 1014 1823 1068 dari

2199 1011 2250 1079 ὴ,
2280 1009 2376 1063 καὶ
2401 1008 2533 1079 παρ’
2565 1007 2735 1079 αὐτῆς
2761 1009 2909 1060 πᾶσα
2940 1008 3147 1077 γνῶσις
3171 1008 3269 1061 καὶ
3302 1006 3554 1070 σύνεσις,
3600 1012 3687 1062 καὶ

370 1123 577 1179 terunt,
612 1116 657 1169 si
688 1129 809 1167 cum
844 1115 952 1168 Deo
993 1112 1257 1166 fuerimus
1290 1109 1585 1176 conjuncti.
1616 1105 1764 1161 Hane
1800 1105 1858 1175 igi

2199 1103 2300 1173 ὐτῇ
2332 1103 2534 1165 πάντες
2559 1102 2607 1154 οἱ
2642 1098 2904 1171 θησαυροὶ
2930 1098 3032 1170 τῆς
3066 1098 3262 1170 σοφίας
3288 1098 3390 1153 καὶ
3418 1099 3526 1170 τῆς
3557 1098 3687 1167 γνὼσ

372 1208 603 1261 rationis
631 1216 914 1276 expertem
947 1215 1000 1259 et
1029 1214 1306 1258 amentem
1330 1214 1491 1272 atque
1520 1200 1722 1254 fatuam
1747 1199 1860 1267 sapi

2198 1198 2368 1248 ἐἰσιν
2392 1194 2719 1264 ἀπόκρυφοι.
2769 1195 2879 1246 Καὶ
2924 1192 3035 1263 γὰρ
3090 1193 3385 1263 ἑπομένως
3424 1195 3546 1255 τοῖς
3582 1190 3686 1261 ἤδη

372 1300 502 1353 tiam
557 1299 834 1367 superlate
883 1297 1193 1356 laudantes.
1244 1297 1514 1358 dicamus,
1548 1291 1728 1346 omnis
1767 1290 1968 1345 mentis

371 1399 429 1443 et
477 1390 742 1450 rationis,
796 1389 1088 1456 omnisque
1141 1385 1423 1455 sapientia:
1479 1393 1536 1438 et
1599 1380 1969 1451 intelligentia:

373 1500 595 1539 causam
652 1498 815 1548 esse;
875 1491 929 1536 et
991 1481 1165 1551 ipsius
1202 1494 1322 1534 esse
1363 1492 1527 1531 onme
1572 1475 1886 1537 consilium,
1916 1482 1972 1527 ct

2064 1289 2481 1361 προειρημένοις
2525 1288 2907 1360 ή⁹ὑπέρσοφος
2947 1288 3042 1342 καὶ
3081 1289 3364 1356 πάνσοφος
3402 1286 3555 1339 αἰτία
3595 1288 3683 1337 καὶ

2063 1382 2163 1452 τῆς
2198 1380 2525 1448 αὑτοσοφίας
2565 1382 2659 1434 καὶ
2698 1380 2799 1450 τῆς
2842 1380 2973 1450 ὅλης
3019 1381 3115 1433 καὶ
3152 1381 3253 1452 τῆς
3285 1380 3415 1433 καθ’
3454 1380 3681 1433 ἕκαστὸν

2070 1476 2218 1527 ἐστιν
2248 1473 2564 1537 ὑποστάτις.

373 1577 442 1630 ab
489 1592 553 1631 ea
606 1591 824 1631 omnem
880 1573 1170 1629 scientiam
1218 1580 1273 1625 et
1325 1568 1749 1639 intelligentiam
1806 1566 2104 1636 proﬁcisci,
2143 1567 2280 1621 etin
2338 1580 2400 1619 ea
2455 1581 2649 1621 omnes
2710 1566 2995 1620 thesauros
3034 1562 3327 1633 sapientia:
3392 1571 3452 1617 et
3512 1562 3679 1615 scien-

375 1665 463 1718 tia:
516 1666 873 1721 absconditos
931 1678 1052 1718 esse
1105 1661 1149 1716 ι.
1201 1662 1415 1715 Etenim
1466 1658 1856 1714 convenienter
1903 1656 1970 1709 iis
1999 1672 2121 1725 qua:
2156 1667 2315 1711 antea
2354 1655 2500 1712 dicta
2531 1665 2684 1722 sunt,
2723 1670 2887 1711 causa
2949 1670 3281 1726 supraquam
3335 1655 3566 1723 sapiens
3626 1667 3678 1709 et

375 1758 556 1812 omnia
591 1759 794 1823 sciens,
821 1772 917 1825 per
968 1771 1027 1811 se
1074 1753 1355 1824 sapientia:
1390 1760 1445 1807 et
1480 1752 1649 1807 totius
1680 1749 1965 1820 sapientiae
1992 1748 2321 1803 universalis
2355 1757 2410 1803 et
2437 1749 2735 1821 singularis
2756 1747 3003 1805 eil'ectrix

1943 1909 1971 1982 §
2016 1906 2097 1967 ΙΙ.

453 2060 481 2131 §
511 2058 572 2114 11.
608 2058 686 2113 Ex
722 2074 785 2114 ea
821 2060 1170 2115 intellectiles
1203 2076 1263 2114 ac
1292 2057 1658 2129 intelligentes
1688 2053 1935 2125 angelica

2188 2054 2246 2121 Εξ
2290 2052 2460 2126 αὐτῆς
2512 2054 2566 2106 ai
2615 2052 2806 2124 νοηταὶ
2847 2052 2941 2105 καὶ
2986 2048 3172 2121 νοεραὶ
3211 2047 3326 2101 τῶν
3370 2046 3676 2116 ἁγγελικῶν

381 2169 500 2206 rum
533 2154 795 2206 mentium
839 2152 1072 2207 virtutes
1121 2152 1401 2221 simplices
1437 2167 1500 2205 ac
1536 2152 1727 2205 beatas
1770 2147 1975 2201 habent

381 2243 802 2314 iutelligentias,
856 2243 984 2296 dum
1049 2259 1155 2297 non
1207 2242 1452 2297 dividuis
1500 2249 1596 2294 aut
1639 2256 1671 2293 e
1714 2239 1974 2303 dividuis,

380 2333 465 2385 vel
514 2333 771 2387 sensibus
817 2332 905 2386 vel
954 2331 1167 2386 diffusis
1222 2332 1548 2395 rationibus,
1599 2327 1975 2384 ratiocinando

382 2426 620 2480 divinam
647 2426 907 2495 colligunt
928 2425 1236 2489 scientiam,
1273 2439 1371 2479 nec
1403 2424 1592 2478 iisdem
1613 2420 1977 2477 communiter

384 2520 688 2583 adhaarent,
722 2520 817 2574 sed
842 2521 912 2573 ab
934 2519 1081 2573 omni
1110 2519 1336 2573 materia
1365 2516 1783 2587 pluralitateque
1804 2530 1975 2585 pune,

384 2612 641 2679 spiritali,
695 2626 723 2663 a
779 2611 1008 2663 materia
1055 2620 1270 2665 secreto
1311 2619 1475 2676 atque
1521 2606 1777 2662 uniformi
1816 2608 1977 2662 modo

384 2716 451 2755 ea
488 2698 729 2767 capiunt.
769 2713 888 2764 qua:
918 2697 971 2751 in
999 2698 1199 2753 divinis
1230 2698 1453 2768 intelligi
1495 2706 1757 2767 possunt;
1787 2708 1978 2767 estque

316 2836 323 2843 .
389 2793 496 2847 illis
542 2792 623 2846 vis
667 2790 930 2861 spiritalis
986 2804 1151 2862 atque
1199 2794 1447 2862 Operatio
1499 2791 1872 2861 impermista,
1924 2800 1979 2846 et

391 2883 740 2939 immaculata
777 2884 1011 2952 puritate
1046 2884 1422 2955 resplendens,
1463 2891 1519 2938 et
1562 2882 1863 2952 conspicax
1893 2882 1977 2937 di-

388 2977 633 3030 vinarum
668 2974 1175 3046 intelligentiarum,
1215 2991 1336 3045 qua:
1379 2976 1666 3031 divisionis
1704 2990 1770 3030 ac
1800 2985 1978 3030 mate-

388 3067 483 3121 rize
516 3070 786 3139 carentia,
823 3083 922 3123 nec
954 3085 1061 3123 non
1099 3068 1354 3123 deiformi
1385 3068 1595 3122 unitate
1639 3068 1705 3121 ad
1741 3067 1979 3121 divinam

386 3168 442 3213 et
467 3160 751 3231 plusquam
795 3164 1095 3231 sapientem
1129 3168 1367 3213 mentem
1401 3174 1466 3215 ac
1496 3159 1788 3224 rationem,
1810 3174 1980 3227 quan-

392 3263 502 3306 tum
531 3253 647 3307 ﬁcri
684 3264 883 3324 potest,
918 3270 1013 3323 per
1061 3252 1300 3305 divinam
1354 3251 1679 3316 Sapientiam
1727 3251 1982 3306 el'forma-

391 3355 499 3398 tur.
537 3345 674 3400 llinc
713 3346 883 3399 etiam
931 3345 1129 3399 animae
1178 3346 1540 3400 ratiocinandi
1572 3345 1678 3400 vim
1711 3346 1977 3414 obtinent,

390 3452 511 3504 qua:
540 3437 666 3490 dum
707 3452 804 3505 per
836 3438 1117 3507 digressus
1167 3438 1433 3506 quosdam
1475 3446 1528 3491 et
1567 3452 1663 3505 per
1721 3438 1983 3509 ambages

393 3544 575 3582 rerum
634 3529 967 3597 investigarit
1020 3530 1332 3595 veritatem,
1377 3540 1604 3600 propter
1652 3531 1882 3586 divisam
1929 3540 1985 3587 et

391 3620 708 3673 omniﬁdam
760 3619 1080 3673 varietatem
1139 3635 1244 3675 non
1298 3637 1489 3690 parum
1544 3625 1613 3677 ab
1660 3623 1828 3679 unitis
1877 3624 1987 3679 illis

395 3709 669 3765 mentibus
717 3711 1015 3776 deﬁciunt;
1078 3711 1173 3766 sed
1229 3712 1316 3765 ubi
1357 3714 1574 3767 demum
1627 3731 1659 3771 e
1705 3716 1890 3773 multis
1930 3717 1984 3771 in

395 3821 560 3859 unum
610 3820 733 3861 sese
792 3807 1095 3877 colligunt,
1148 3809 1424 3877 angelicas
1473 3808 1674 3875 etiam,
1722 3817 1984 3877 quantum

394 3897 613 3965 quidem
652 3897 943 3953 animabus
985 3899 1261 3968 congruit,
1302 3898 1688 3969 intelligentias
1717 3900 1985 3955 aemulan-

396 3997 504 4043 tur.
524 3989 664 4056 Quin
695 4000 750 4043 et
784 4004 979 4044 sensus
1012 3991 1160 4058 ipsos
1184 3992 1226 4045 si
1249 3991 1372 4060 quis
1390 3992 1671 4061 sapientiae
1694 3993 1985 4060 quemdam

398 4082 614 4136 sibilum
655 4097 774 4137 esse
802 4083 1028 4150 dixerit,
1063 4099 1405 4154 nequaquam
1443 4100 1473 4138 a
1505 4100 1632 4140 vero
1665 4085 1984 4142 aberrabit:

399 4190 520 4227 nam
550 4183 607 4229 et
638 4175 947 4230 daamonum
983 4191 1201 4246 quoque
1237 4192 1410 4241 mens,
1438 4178 1490 4232 in
1534 4188 1796 4246 quantum
1835 4194 1988 4235 tuens

397 4275 503 4330 est,
534 4282 598 4320 ex
634 4266 749 4336 ipsa
778 4278 890 4334 est;
915 4268 968 4323 in
1002 4279 1268 4338 quantum
1312 4285 1441 4324 vero
1486 4287 1674 4327 amens
1698 4281 1804 4340 est,
1844 4283 1901 4328 et
1935 4274 1989 4329 id

401 4357 545 4424 quod
583 4360 794 4427 appetit
824 4375 925 4414 nec
946 4361 1070 4422 scit,
1096 4361 1333 4416 nec'vult
1358 4364 1598 4432 assequi,
1624 4365 1808 4421 verius
1837 4381 1865 4420 a
1898 4382 1990 4421 sa-

402 4448 601 4515 pientia
621 4449 853 4505 defectio
875 4452 980 4506 diei
998 4452 1176 4507 debet.
1204 4453 1311 4509 Sed
1334 4455 1500 4527 460
1522 4457 1781 4524 quoniam
1806 4458 1987 4511 divina

402 4540 671 4607 sapientia
724 4541 1007 4610 ipsiusmet
1050 4544 1366 4614 sapientiae,
1413 4558 1577 4616 atque
1608 4549 1786 4603 omnis
1821 4549 1987 4603 etiam

403 4632 624 4697 mentis,
652 4632 878 4687 rationis
920 4649 985 4689 ac
1017 4651 1212 4691 sensus
1248 4639 1595 4707 principium,
1626 4650 1681 4695 et
1720 4655 1908 4710 causa,
1936 4649 1993 4695 ct

2075 2150 2213 2205 νοῶν
2238 2149 2496 2222 δυνάμεις
2539 2150 2639 2215 τὰς
2683 2149 2857 2213 ἁπλᾶς
2896 2146 2989 2201 κοιλ¹
3018 2143 3301 2217 μακαρίας
3344 2145 3533 2215 ἔχουσι
3561 2143 3675 2213 νοή-

2080 2264 2212 2311 σεις,
2264 2246 2363 2299 οὐκ
2408 2248 2468 2298 ὲν
2516 2240 2878 2315 μεριστοϊς,ἣ
2925 2240 3033 2293 ἀπὸ
3082 2237 3445 2311 μεριστῶν,ἢ
3490 2236 3674 2305 αἰσθή-

2080 2354 2236 2402 σεων,
2292 2336 2325 2408 ἢ
2385 2336 2557 2405 λόγων
2600 2333 2906 2401 διεξοδικῶν
2935 2335 2975 2365 ¹¹
3008 2334 3341 2402 συνάγουσαι
3389 2332 3492 2401 τὴν
3531 2330 3674 2383 θείαν

2077 2427 2276 2497 γνῶσιν
2294 2462 2311 2491 ,
2338 2427 2458 2479 οὐδὲ
2487 2427 2591 2479 ὑπό
2618 2444 2763 2490 τινος
2788 2423 2967 2478 κοινοῦ
2998 2424 3136 2495 πρὸς
3164 2421 3340 2475 ταῦτα
3374 2437 3670 2491 συμπεριε-

2079 2522 2325 2593 χόμεναι,
2384 2520 2585 2584 παντὸς
2642 2519 2699 2572 δὲ
2759 2516 2943 2572 ὑλικοῦ
2998 2517 3093 2570 καὶ
3140 2514 3385 2587 πλήθους
3431 2516 3473 2546 ¹²
3515 2516 3673 2566 καθα-

2082 2613 2357 2687 ρεύουσαι,
2386 2612 2607 2684 νοερῶς,
2645 2611 2845 2674 ἁῦλως,
2886 2609 3130 2673 ὲνοειδῶς
3157 2609 3225 2673 ³³,
3254 2607 3326 2661 τὰ
3365 2607 3534 2679 νοητὰ
3573 2608 3673 2658 τῶν

2082 2704 2239 2758 θείων
2264 2703 2471 2757 νοοῦσν
2505 2703 2600 2756 καὶ
2638 2702 2783 2755 ἐστιν
2812 2701 3000 2764 αὑταῖς
3041 2700 3074 2770 ἡ
3111 2698 3539 2769 νοερὰδῦναμις
3580 2697 3668 2747 καὶ

2080 2797 2351 2865 ἐνέργεια,
2381 2797 2447 2867 τῇ
2480 2795 2670 2866 ἀμιγεῖ
2710 2795 2803 2847 καὶ
2845 2792 3099 2863 ἁχράντῳ
3137 2790 3478 2860 καθαρότητι
3516 2805 3670 2856 κατη-

2079 2888 2403 2960 γλαῖσμένη,
2444 2888 2538 2941 καὶ
2580 2885 2875 2957 συνοπτικὴ
2914 2884 3022 2937 τῶν
3059 2883 3219 2949 θείων
3254 2882 3497 2954 νοήσεων
3542 2882 3667 2949 ἀμε-

2085 2981 2223 3052 ρείᾳ,
2282 2981 2376 3034 καὶ
2418 2978 2597 3051 άῡλίᾳ,
2643 2979 2739 3032 καὶ
2784 2976 2862 3048 τῷ
2908 2974 3158 3038 θεοειδῶς
3206 2975 3291 3027 ἑνὶ
3332 2975 3377 3005 ³⁸
3406 2973 3542 3044 πρὸς
3586 2971 3668 3037 τὸν

2083 3074 2224 3128 θεῖον
2260 3075 2301 3104 ¹⁸
2332 3072 2638 3144 ὑπέρσοφον
2678 3071 2773 3125 καὶ
2806 3068 2951 3134 νοῦν,
2981 3068 3076 3122 καὶ
3104 3067 3285 3136 λόγον,
3320 3066 3398 3130 ὡς
3438 3063 3665 3134 ἐφικτὸν,

2082 3164 2504 3235 ἁποτυπουμένη
2548 3163 2635 3217 διὰ
2682 3162 2780 3234 τὴν
2817 3162 2965 3215 θείαν
3004 3161 3218 3231 σοφίαν.
3257 3159 3372 3213 Καὶ
3415 3158 3581 3228 ψυχαὶ
3614 3155 3664 3206 τὸ

2081 3260 2297 3329 λογικὸν
2327 3258 2509 3329 ἔχουσι
2554 3255 2861 3323 διεξοδικῶς
2907 3255 3003 3325 μὲν
3044 3255 3139 3307 καὶ
3185 3251 3375 3323 κύκλῳ
3412 3251 3539 3322 περὶ
3579 3251 3665 3319 τὴν

2083 3352 2191 3405 τῶν
2225 3350 2391 3403 ὅντων
2424 3348 2682 3419 ἀλήθειαν
2716 3344 3231 3418 περιπορευόμεναι,
3271 3343 3370 3397 καὶ
3401 3342 3480 3413 τῷ
3526 3360 3664 3413 μερι-

2088 3442 2196 3514 στῷ
2219 3443 2312 3496 καὶ
2354 3440 2432 3511 τῷ
2462 3438 2785 3509 παντοδαπῷ
2814 3440 2855 3470 ¹⁶
2885 3440 2982 3509 τῆς
3011 3437 3285 3501 ποικιλίας
3316 3434 3665 3504 ἀπολειπόμε-

2086 3552 2173 3587 ναι
2205 3532 2315 3586 τῶν
2343 3531 2558 3585 ὲνιαίων
2589 3531 2724 3584 νοῶν
2752 3530 2792 3560 ¹⁷
2813 3544 2827 3559 ⁸
2858 3530 3003 3601 τῇδὲ
3023 3528 3131 3581 τῶν
3164 3527 3380 3581 πολλῶν
3412 3527 3492 3589 είς
3526 3524 3582 3577 τὸ
3615 3524 3665 3575 ἒν

2089 3625 2369 3691 συνελίξει,
2401 3626 2495 3677 καὶ
2539 3623 2647 3676 τῶν
2679 3621 2979 3691 ίσαγγέλων
3009 3622 3270 3691 νοήσεων,
3299 3620 3387 3688 ἐφ’
3418 3618 3537 3670 ὅσον
3577 3616 3665 3684 ψυ-

2087 3720 2208 3790 χαῖς
2235 3720 2435 3770 οἰκεῖον
2467 3716 2559 3769 καὶ
2600 3715 2844 3785 ἐφικτὸν,
2888 3714 3228 3785 ἀξιούμεναι.
3268 3711 3433 3764 Ἀλλὰ
3468 3711 3558 3764 καὶ
3577 3709 3661 3771 τὰς

2088 3814 2368 3885 αἰσθήσεις
2415 3810 2607 3875 αὐτὰς,
2658 3810 2759 3863 οὐκ
2792 3808 2857 3861 ἄν
2900 3826 2984 3872 τις
3019 3807 3256 3879 ἁμάρτοι
3308 3806 3535 3869 σκοποῦ,
3576 3804 3662 3872 τῆς

2091 3906 2281 3975 σοφίας
2320 3904 2591 3975 ἀπήχημα
2617 3903 2792 3973 φήσας
2811 3918 2823 3929 ·
2860 3900 3036 3953 καίτοι
3068 3900 3163 3952 καὶ
3189 3900 3217 3952 ὁ
3238 3899 3514 3968 δαιμόνιος
3534 3896 3658 3957 νοῦς,

2090 3992 2124 4071 ᾖ
2151 3997 2275 4061 νοῦς
2301 3997 2365 4062 ¹⁸,
2391 3996 2449 4060 ἐξ
2478 3994 2649 4064 αὐτῆς
2674 3996 2790 4045 ἐστι
2809 4008 2821 4021 ·
2849 3992 2969 4044 καθ’
2993 3993 3116 4044 ὅσον
3144 3990 3202 4043 δὲ
3230 3990 3359 4054 νοῦς
3382 3993 3526 4044 ἐστιν
3550 3987 3657 4057 ἡλοο

2089 4089 2570 4160 γημένος,τυχεῖν,
2596 4079 2656 4139 οὗ
2671 4084 2902 4155 ἐφίεται,
2939 4083 3011 4155 μὴ
3038 4079 3212 4144 είδὼς,
3256 4082 3399 4151 μήτε
3430 4079 3659 4149 βουλόμεο

2089 4200 2197 4246 νος,
2230 4180 2502 4234 ἔκπτωσιν
2533 4178 2721 4247 σοφίας
2750 4174 3082 4247 κυριώτερον
3125 4173 3289 4225 αὑτὸν
3322 4174 3654 4245 προσρητέον.

2103 4274 2242 4329 Ἀλλ’
2270 4275 2352 4327 ὅτι
2381 4273 2477 4343 μὲν
2508 4270 2698 4340 σοφίας
2728 4270 2895 4339 αὐτῆς
2938 4268 3031 4320 καὶ
3062 4265 3264 4337 πάσης,
3296 4266 3395 4319 καὶ
3425 4264 3514 4318 νοῦ
3549 4282 3657 4316 παν·

2090 4368 2201 4429 τὸς,
2234 4368 2329 4420 καὶ
2355 4363 2540 4433 λόγου,
2570 4365 2663 4417 καὶ
2713 4361 3019 4431 αἰσθήσεως
3070 4360 3251 4432 πάσης
3279 4360 3315 4428 ἡ
3346 4357 3466 4411 θεία
3493 4357 3650 4426 σοφία,

2092 4459 2188 4513 καὶ
2204 4457 2367 4530 ἁρχὴ,
2394 4456 2488 4509 καὶ
2513 4455 2682 4517 αἰτία,
2716 4455 2810 4508 καὶ
2833 4452 3127 4515 ὑποστάτις
3154 4453 3217 4515 ⁸³,
3246 4453 3344 4505 καὶ
3381 4450 3653 4511 τελείωσις,

2092 4555 2186 4607 καὶ
2228 4550 2459 4623 φρουρὰ,
2502 4549 2597 4603 καὶ
2647 4548 2841 4619 πέρας,
2895 4546 3137 4617 εἴρηται⁸
3196 4544 3314 4607 πῶς
3355 4544 3415 4597 δὲ
3457 4544 3655 4606 αὑτὸςό

2091 4642 2221 4707 Θεὸς
2271 4643 2300 4693 ὁ
2338 4640 2643 4711 ὑπέρσοφος
2685 4637 2864 4706 σοφία,
2910 4636 3002 4689 καὶ
3043 4635 3188 4699 νοῦς,
3234 4637 3330 4689 καὶ
3374 4635 3543 4705 λόγος,
3578 4634 3653 4686 καὶ

403 4724 766 4791 procreatrix,
802 4734 856 4779 et
888 4726 1174 4795 perfectio,
1202 4740 1259 4785 et
1283 4732 1556 4798 custodia,
1582 4741 1637 4788 et
1674 4734 1891 4787 termina

2161 4734 2291 4796 ῶσις
2322 4733 2370 4763 ὀ
2402 4730 2682 4803 ὑμνεῖται;
2712 4730 2828 4793 πῶς
2872 4727 2980 4800 γὰρ
3006 4729 3191 4799 νοήσει
3218 4743 3271 4779 τι
3302 4726 3417 4781 τῶν
3456 4726 3649 4797 νοητῶν,

404 4813 545 4867 dicta
592 4825 711 4879 est;
772 4817 1047 4884 quomodo
1103 4834 1235 4891 ergo
1293 4822 1434 4877 Deus
1485 4823 1600 4892 ipse
1650 4838 1986 4894 supraquam

404 4911 619 4980 sapiens
649 4910 941 4979 sapientia.
975 4921 1031 4965 et
1074 4926 1248 4978 iniens,
1285 4924 1339 4969 et
1387 4916 1636 4983 verbum,
1659 4927 1713 4971 et
1747 4920 1988 4988 cognitio

405 5002 770 5078 przmlicatur?
801 5004 1073 5072 quomodo
1097 5004 1241 5059 enim
1283 5005 1547 5077 intelligat
1573 5008 1867 5078 quidquam
1901 5011 1986 5064 in-

402 5077 775 5161 ii-Iluctilimn,
818 5096 862 5150 si
907 5113 1011 5151 non
1054 5098 1252 5152 habeat
1290 5077 1604 5168 spiritalem
1634 5077 1856 5157 actum?
1904 5106 1986 5160 vel

553 5252 569 5291 ¹
603 5256 812 5311 Ctiloss.
842 5270 899 5322 Il,
931 5256 984 5311 5.

2091 4827 2191 4880 οὐκ
2218 4826 2355 4896 ἔχων
2393 4823 2584 4894 νοερὰς
2629 4822 2941 4892 ὲνεργείας;
2968 4820 3002 4890 ἢ
3033 4819 3149 4883 πῶς
3184 4818 3456 4888 γνώσεται
3489 4820 3551 4872 τὰ
3588 4819 3652 4871 αἰ-

2096 4918 2303 4991 σθητὰ,
2358 4918 2537 4988 πάσης
2590 4913 2896 4985 αἰσθήσεως
2963 4912 3435 4983 ὑπεριδρυμένοςς
3490 4913 3648 4967 Καίτοι

2094 5012 2273 5066 πάντα
2298 5010 2458 5065 αὑτὸν
2489 5008 2683 5061 εἰδέναι
2731 5007 2864 5078 φησὶ
2907 5003 2975 5058 τὰ
3017 5005 3205 5073 Λόγια,
3244 5008 3341 5059 καὶ
3389 5007 3532 5059 οὐδὲν
3559 5006 3646 5057 δια-

2097 5106 2317 5174 φεύγειν
2336 5102 2433 5174 τὴν
2456 5099 2605 5155 θείαν
2626 5100 2825 5170 γνῶσιν
2843 5116 2855 5129 ’
2887 5096 3043 5161 ἀλλὰ,
3078 5097 3215 5166 ὅπερ
3242 5096 3383 5170 ἔφην
3406 5098 3642 5158 πολλάκις,

1698 5411 1933 5469 VARMS
1968 5411 2371 5472 LECTIONES.

482 5550 503 5580 ’
845 5551 1044 5613 αὐτῶν,
1085 5552 1153 5605 Μ.
1195 5551 1285 5623 Sf.
1366 5553 1409 5623 Ψ
1443 5552 1779 5623 γενομένοις,
1815 5549 1879 5607 Ρ.
1900 5551 1957 5606 8.

417 5692 460 5762 ff
490 5689 589 5762 κα).
630 5690 737 5762 τῶν
793 5693 1063 5762 μεριστῶν
1123 5695 1216 5745 καὶ
1262 5694 1644 5760 παντοδαπῶν,
1671 5689 1754 5749 ’5.
1781 5694 1841 5748 Ρ.

418 5759 461 5790 ⁸⁸
496 5760 588 5810 καὶ
619 5759 885 5826 γνώσὰγς,
924 5760 1175 5840 Β.Ρ..8(;.
1196 5763 1312 5817 Sar.

2038 5554 2077 5584 “
2105 5551 2439 5617 διεξοδικῶς,
2476 5548 2536 5603 Ρ.

415 5620 505 5693 Sc.
546 5620 639 5693 καὶ
670 5620 847 5693 ςιῦλως
868 5663 882 5685 ,
918 5624 1012 5675 καὶ
1046 5620 1325 5686 ἑνοειδῶς,
1361 5622 1423 5676 Ρ.
1458 5620 1553 5676 καὶ
1578 5620 1825 5693 νοητῶς,
1861 5624 2072 5689 eam,
2111 5624 2169 5677 S.

1924 5698 1962 5726 ³⁷
1999 5694 2235 5758 ἐννοιῶν,
2293 5693 2351 5748 S.

2618 5550 2659 5580 ¹¹
2694 5550 2919 5614 πάθους.
2956 5551 2999 5583 ¹³
3034 5551 3174 5604 καθα
3217 5551 3314 5616 ῶς,
3360 5554 3557 5618 ἀῦλως,
3588 5550 3639 5605 Μ.

2618 5619 2669 5672 Ρ.
2709 5620 2835 5673 Sar.
2885 5623 2925 5652 ¹⁵
2962 5622 3096 5673 πρὸς
3144 5569 3214 5673 τί
3239 5625 3427 5673 νοερόν
3450 5667 3463 5673 -
3498 5623 3637 5673 M.Sc.

2273 5624 2325 5699 ίξ
2366 5620 2573 5699 ἑνιαίρξ,
2612 5619 2675 5699 Ρζ
2709 5620 2835 5699 Sa_r_.
2885 5623 2935 5699 ‘1
2962 5622 3119 5699 πρὸςΔ
3144 5619 3205 5699 τὸ
3239 5625 3427 5699 νοερόν
3450 5667 3464 5687 ,

2436 5692 2479 5722 ¹⁸
2513 5693 2560 5743 εἰ
2591 5691 2734 5757 νοῦς,
2774 5692 2845 5746 Μ.
2903 5691 3014 5749 δι’(
3079 5694 3121 5724 ¹⁹
3157 5691 3474 5760 ὑπόστασις,
3508 5697 3551 5749 S.
3570 5694 3637 5746 Sc.
