3768 6294
880 222 909 239 η

59 321 156 378 869

1133 315 1221 370 DE
1253 312 1507 371 DlVINlS
1538 311 1941 380 NOMINIBUS,
1973 309 2126 368 CAP.
2162 309 2276 366 Vll.

3254 301 3362 363 870

59 438 122 490 τὶ
149 434 274 489 θεῖα
300 434 629 506 θεοπρεπῶς
665 435 904 506 νοητέον.
935 434 1009 488 Τὸ
1049 432 1158 506 γὰρ
1200 434 1360 489 ἄνουν
1388 435 1482 487 καὶ
1514 430 1666 484 ἀναί-

1822 432 2042 486 ιοηιοιίο
2085 430 2347 501 percipiat
2395 425 2640 489 sensilia,
2670 424 2718 479 si
2766 438 2930 495 supra
2974 438 3200 480 sensum
3240 440 3362 480 om-

60 529 257 599 σθητον
291 529 421 581 καθ’
466 529 760 600 ὑπεροχὴν,
794 528 853 580 οὐ
889 529 1006 580 κατ’
1048 526 1284 596 ἔλλειψιν
1323 527 1417 580 ἐπὶ
1454 523 1591 577 Θεοῦ
1620 525 1665 555 ⁸⁸

62 620 290 675 τακτέον
310 638 327 650 ο
361 620 557 693 ὥσπερ
592 623 686 675 καὶ⁵
726 622 788 674 τὸ
827 621 1022 690 ἀλογον
1055 620 1380 691 ἁνατίθεμεν
1407 618 1484 691 τῷ
1530 618 1672 687 ὑπὲρ

58 716 234 783 λόγον,
268 714 372 767 καὶ
400 714 500 785 τὴν
542 712 791 768 ἀτέλειαν
835 713 915 784 τῷ
964 712 1254 785 ὑπερτελεῐ
1278 715 1322 745 ²²
1350 712 1446 765 καὶ
1477 727 1674 784 προτε-

62 806 217 876 λείῳ·
254 802 360 859 καὶ
406 805 501 860 τὸν
545 806 727 877 ἀναφῆ
766 806 860 860 καὶ
904 804 1134 878 ἀόρατον
1167 804 1367 874 γνόφον
1409 803 1488 875 τῷ
1534 801 1674 873 φωτί

62 896 133 965 τῷ
172 894 489 967 ἀπροσίτῳ,
540 894 665 949 καθ’
714 895 987 967 ὑπεροχὴν
1027 894 1121 949 τοῦ
1164 895 1362 966 ὁρατοῦ
1394 895 1443 927 ¹³
1473 895 1669 966 φωτός.

45 989 222 1040 ’Ὥστε
254 990 285 1040 ὁ
317 987 467 1051 θεῖος
495 987 620 1051 νοῦς
648 988 827 1042 πάντα
870 987 1084 1059 συνέχει
1123 990 1189 1059 τῇ
1218 988 1437 1041 πάντων
1470 988 1671 1060 ἐξῃρη-

67 1078 198 1149 μένῃ
230 1077 464 1146 γνώσει,
507 1079 647 1132 κατά
694 1079 794 1151 τὴν
824 1080 1042 1134 πάντων
1074 1079 1251 1132 αἰτίαν
1280 1082 1336 1133 ὲν
1373 1078 1549 1150 ἑαυτῷ
1568 1079 1674 1150 τὴν

66 1170 279 1223 πάντων
302 1169 517 1241 εἴδησιν
560 1169 934 1243 προειληφὼς,
975 1172 1106 1243 πρὶν
1135 1170 1396 1240 ἀγγέλους
1424 1170 1675 1239 γενέσθαι

70 1258 224 1323 εἰδὼς
276 1261 378 1313 καὶ
424 1263 693 1333 παράγων
731 1261 1015 1330 ἀγγέλους,
1066 1263 1162 1314 καὶ
1212 1261 1388 1314 πάντα
1423 1259 1492 1313 τὰ
1540 1259 1676 1314 ἄλλα

68 1351 273 1405 ἔνδοθεν
326 1354 427 1405 καὶ
482 1353 577 1406 ἀπ’
618 1354 809 1422 αὐτῆς,
853 1352 920 1405 ἵν’
957 1351 1131 1416 οὕτως
1176 1351 1337 1415 εἴπω,
1361 1352 1463 1421 τῆς
1498 1350 1674 1422 ἀρχῆς

70 1439 238 1504 εἰδὼς,
268 1443 370 1495 καὶ
392 1443 474 1505 εἰς
517 1442 706 1495 οὐσίαν
732 1443 879 1511 ἄγων
899 1458 913 1471 ⁸
948 1442 1041 1495 καὶ
1078 1441 1236 1495 τοῦτο
1261 1436 1411 1512 οἶμαι
1443 1442 1675 1511 παραδι-

68 1533 207 1585 δόναι
241 1534 305 1586 τὸ
336 1534 560 1603 Λόγιον,
590 1534 791 1588 ὁπόταν
844 1534 1032 1604 φησὶν,
1074 1534 1133 1586 '0
1179 1533 1334 1597 εἰδὼς
1385 1532 1452 1586 τὰ
1497 1533 1676 1603 πάντα

72 1625 192 1694 πρὶν
219 1624 504 1692 γενέσεως
532 1624 737 1677 αὐτῶν.
768 1624 841 1677 Οὐ
870 1624 980 1695 γὰρ
1010 1626 1073 1677 ἐκ
1103 1622 1210 1676 τῶν
1243 1622 1411 1676 ὄντων
1437 1620 1505 1675 τὰ
1545 1621 1673 1674 ὂντα

75 1712 385 1782 μανθάνων,
414 1709 555 1766 οἶδεν
593 1714 622 1766 ὁ
652 1713 794 1777 θεῖος
819 1712 966 1777 νοῦς,
992 1712 1106 1766 ἀλλ’
1149 1711 1209 1777 ἐξ
1252 1710 1437 1775 αὑτοῦ,
1468 1711 1563 1764 καὶ
1613 1713 1672 1763 ἐν

1779 538 1901 578 nem
1941 523 2012 577 sit
2044 518 2377 576 collocatus?
2430 517 2581 586 atqui
2633 515 2859 585 Eloquia
2916 514 3140 569 tradunt
3186 513 3359 569 Deum

1773 616 1954 671 omnia
2000 629 2187 679 nosse,
2237 613 2481 680 nihilque
2524 610 2761 664 divinam
2808 606 3049 677 ell'ugere
3091 605 3332 676 cognitio

1774 722 1929 774 nem;
1974 720 2200 772 verum,
2245 714 2304 760 ut
2347 716 2721 771 saepenumero
2770 699 2921 763 dixi,
2967 699 3148 754 divina
3203 705 3362 768 prout

1775 798 1885 855 Deo
1923 806 2241 868 competunt
2289 792 2604 864 accipienda
2652 801 2800 846 sunt.
2843 791 2978 845 Nam
3023 790 3259 845 amentia
3309 800 3364 842 et

1774 890 2134 956 insensilitas,
2170 903 2270 959 per
2306 903 2620 951 excessum,
2658 901 2762 940 non
2807 900 2901 954 per
2947 883 3216 939 delectum
3255 881 3366 936 Deo

1778 984 2126 1047 tribuuntur;
2162 980 2305 1036 sicut
2345 979 2509 1035 etiam
2556 976 2786 1031 rationis
2827 976 3127 1029 carentiam
3173 973 3221 1027 ei
3270 972 3363 1040 qui

1774 1091 1937 1147 supra
1972 1076 2237 1130 rationem
2274 1082 2360 1127 est
2388 1069 2762 1131 attribuimus,
2805 1078 2860 1121 et
2899 1064 3364 1136 imperfectiouem

1774 1185 2104 1241 supraquam
2136 1166 2382 1238 perfecto
2419 1180 2483 1219 ac
2524 1163 2922 1234 praeperfecto;
2964 1170 3019 1215 et
3046 1158 3364 1228 caliginem,

1774 1275 1893 1330 quas
1926 1267 2123 1315 tactum
2162 1257 2447 1325 visumque
2469 1253 2662 1325 fugiat,
2689 1253 2796 1307 luci
2835 1253 3128 1306 inaccessae
3153 1263 3368 1303 accom-

1783 1353 2088 1414 modamus,
2124 1348 2423 1405 secundum
2458 1348 2600 1417 quod
2630 1345 2853 1402 excellit
2884 1345 3057 1398 lucem
3090 1340 3365 1411 spectabi-

1775 1446 1901 1503 lem.
1927 1443 2117 1514 ltaque
2141 1456 2296 1496 mens
2320 1440 2502 1495 divina
2530 1437 2944 1507 comprehendit
2973 1434 3156 1489 omnia
3180 1430 3369 1502 cogni-

1777 1540 1921 1594 tione
1959 1538 2195 1607 quadam
2223 1532 2520 1596 eminenti,
2558 1546 2664 1599 qua
2721 1529 3020 1583 secundum
3077 1525 3367 1593 ipsammet

1773 1630 2015 1685 omnium
2058 1641 2279 1682 causam
2309 1624 2364 1679 iu
2392 1640 2452 1679 se
2474 1623 2716 1679 omnium
2758 1619 3125 1691 cognitionem
3169 1615 3366 1669 antici-

1774 1732 1885 1794 pat,
1917 1722 2239 1792 priusquam
2281 1717 2457 1788 angeli
2506 1716 2701 1770 ﬁerent
2740 1725 3077 1782 cognoscens
3120 1708 3368 1781 angelos,

75 1806 238 1875 αὐτῷ,
275 1805 407 1858 κατ’
445 1805 629 1858 αἰτίαν
653 1804 754 1877 τὴν
797 1806 1014 1858 πάντων
1043 1804 1269 1874 εἴδησιν,
1317 1805 1411 1857 καὶ
1447 1803 1669 1880 γνῶσιν,

1822 1831 1981 1886 )sque
2031 1828 2254 1881 creaus,
2287 1822 2595 1879 eteteraque
2640 1808 2822 1861 oumia
2853 1804 3003 1858 intus
3040 1812 3095 1857 et
3131 1800 3199 1854 ab
3230 1800 3368 1869 ipso.

74 1897 159 1948 καὶ
190 1895 393 1948 οὐσίαν
434 1894 657 1966 προέχει
710 1895 805 1950 καί
839 1895 1292 1967 προσυνείληφεν,
1330 1896 1390 1948 οὐ
1436 1896 1556 1949 κατ’
1595 1935 1602 1944 .
1633 1897 1677 1949 ἰ-

74 1985 188 2039 δέαν
217 1986 482 2049 ἑκάστοις
522 1986 847 2050 ἐπιϐάλλων,
890 1986 1025 2040 ἀλλά
1055 1986 1199 2040 κατά
1231 1986 1360 2056 μίαν
1377 1986 1476 2055 τῆς
1499 1985 1677 2050 αἰτίας

79 2079 339 2150 περιοχὴν
388 2078 461 2131 τά
499 2079 679 2133 πάντα
721 2078 874 2142 εἰδὼς
909 2080 1003 2133 καὶ
1053 2078 1321 2149 συνέχων·
1365 2078 1553 2149 ὥσπερ
1584 2080 1680 2133 καὶ

74 2171 130 2225 τὸ
158 2170 274 2239 φῶς
312 2172 443 2224 κατ’
464 2171 645 2224 αἰτίαν
672 2172 729 2225 ἐν
753 2171 931 2242 ἐαυτῷ
953 2171 1051 2241 τὴν
1081 2170 1285 2242 εἴδησιν
1315 2168 1411 2224 τοῦ
1454 2171 1678 2234 σκότους

82 2260 408 2332 προείληφεν
431 2261 501 2328 ’⁵,
524 2262 627 2314 οὐκ
657 2261 877 2317 ἄλλοθεν
905 2261 1059 2326 εἰδὼς
1080 2262 1141 2315 τὸ
1175 2262 1364 2325 σκότος
1395 2262 1428 2334 ἢ
1454 2263 1561 2316 ἀπὸ
1583 2259 1677 2315 τοῦ

82 2348 269 2413 φωτός.
309 2349 546 2421 Ἐαυτὴν
569 2343 661 2403 οὖν
688 2350 722 2421 ἡ
754 2350 875 2405 θεία
925 2351 1085 2420 σοφία
1123 2350 1484 2421 γινώσκουσα,
1537 2350 1679 2421 γνώ·

82 2455 225 2492 σεται
260 2442 307 2472 ³³
339 2442 542 2506 πάντα,
584 2441 773 2507 ἀΰλως,
799 2443 869 2496 τά
910 2442 1092 2509 ὑλικὰ,
1126 2444 1221 2497 καί¹
1264 2443 1574 2515 ἀμερίστως
1612 2442 1680 2497 τὰ

85 2537 335 2608 μεριστὰ,
366 2539 464 2591 καὶ
490 2537 560 2591 τὰ
586 2537 757 2591 πολλὰ
780 2540 1017 2605 ένιαίως,
1037 2539 1185 2611 αὐτῷ
1206 2538 1285 2609 τῷ
1306 2539 1386 2591 ένί
1406 2538 1475 2592 τὰ
1504 2539 1680 2592 πάντα

84 2628 169 2680 καὶ
207 2628 565 2697 γινώσκουσα
606 2630 701 2683 καὶ
744 2631 1067 2703 παράγουσα
1087 2648 1099 2661 ·
1154 2631 1249 2685 καὶ
1298 2630 1408 2701 γὰρ
1447 2633 1495 2684 εἰ
1540 2632 1680 2684 κατά

88 2718 208 2788 μίαν
239 2721 426 2773 αἰτίαν
462 2721 492 2772 ὁ
531 2720 664 2785 Θεὸς
693 2723 828 2775 πᾶσι
861 2724 974 2786 τοῖς
1014 2717 1133 2775 οὖσι
1162 2721 1256 2775 τοῦ
1294 2716 1433 2775 εἶναι
1467 2722 1683 2792 μεταδί-

84 2810 229 2876 δωσι,
261 2812 411 2866 κατὰ
452 2812 555 2884 τὴν
604 2812 777 2885 αὐτὴν
828 2814 1016 2885 ἑνικὴν
1053 2814 1231 2868 αἰτίαν
1256 2815 1459 2867 οἴσεται
1505 2814 1684 2868 πάντα

84 2903 152 2966 ὡς
176 2903 233 2970 ἐξ
262 2904 465 2958 ἑαυτοῦ
492 2905 640 2969 ὄντα,
674 2907 769 2959 καὶ
797 2908 854 2959 ἐν
893 2905 1071 2977 ἐαυτῷ
1104 2907 1148 2938 ’⁸
1203 2906 1674 2979 προῦφεστηκότα,

88 2996 175 3048 καὶ
207 2996 310 3049 οὐκ
360 2998 431 3050 ἐκ
480 2996 589 3069 τῶν
628 2996 798 3051 ὄντων
830 2996 1056 3068 λήψεται
1098 2998 1200 3069 τὴν
1244 2996 1422 3051 αὐτῶν
1459 2995 1681 3065 γνῶσιν,

90 3086 218 3140 ἀλλὰ
245 3089 346 3142 καὶ
373 3088 560 3151 αὐτοῖς
588 3088 839 3154 ἑκάστοις
872 3090 981 3142 τῶν
1006 3089 1204 3153 αὐτῶν,
1241 3090 1335 3142 καὶ
1373 3088 1552 3153 ἄλλοις
1583 3089 1683 3159 τῆς

1780 1921 1836 1962 ιιι
1874 1910 1945 1963 ita
1980 1908 2178 1971 dicam,
2229 1903 2452 1958 exordio
2505 1915 2762 1963 noscens,
2790 1907 2846 1952 et
2885 1897 2937 1950 in
2988 1909 3169 1949 rerum
3212 1902 3371 1946 natu-

1782 2016 1896 2056 ram
1930 1998 2246 2068 proferens;
2287 1996 2450 2063 idque
2501 1992 2742 2046 arbitror
2790 1987 3131 2057 Scripturam
3161 1981 3371 2053 signiti-

1778 2109 1926 2159 care,
1957 2107 2078 2147 cum
2115 2089 2225 2143 ait:
2260 2088 2361 2154 Qui
2394 2084 2545 2140 novit
2579 2081 2760 2137 omnia
2790 2080 3106 2148 priusquam
3150 2074 3368 2127 ﬁantm.

1780 2183 1897 2239 Non
1924 2182 2067 2236 enim
2101 2194 2167 2233 ex
2204 2178 2368 2234 rebus
2397 2177 2531 2246 ipsis
2561 2190 2651 2252 res
2692 2172 2933 2233 discens,
2967 2166 3120 2222 novit
3147 2180 3244 2218 eas
3284 2162 3368 2219 die

1780 2278 1907 2329 vina
1933 2287 2105 2336 meus,
2148 2271 2241 2325 sed
2293 2285 2357 2324 ex
2396 2268 2573 2337 seipsa
2624 2274 2678 2320 et
2727 2264 2780 2318 iu
2827 2262 3029 2330 seipsa,
3072 2256 3368 2313 secundum

1783 2380 2001 2421 causam
2040 2364 2283 2419 omnium
2324 2360 2630 2423 scientiam,
2665 2367 2721 2410 et
2764 2354 3066 2415 notionem,
3102 2358 3156 2403 et
3182 2362 3372 2403 essen-

1782 2461 1916 2514 tiam
1944 2457 2240 2529 przehabet,
2283 2464 2338 2509 et
2377 2462 2505 2507 ante
2531 2447 2968 2519 comprehendit,
2994 2458 3100 2497 non
3140 2438 3374 2510 singulis

1782 2550 2080 2606 secundum
2108 2547 2369 2617 cujusque
2414 2543 2650 2613 speciem
2703 2537 3012 2603 intendens,
3048 2534 3142 2589 sed
3172 2547 3371 2587 secun-

1784 2642 1909 2695 dum
1943 2641 2158 2695 unicam
2192 2652 2369 2693 causa:
2411 2632 2841 2703 complexionem
2867 2637 3063 2683 cuncta
3108 2624 3287 2680 sciens
3320 2628 3376 2674 et

1784 2733 2104 2796 continens;
2134 2731 2276 2785 sicut
2305 2738 2360 2782 et
2388 2727 2478 2781 lux
2527 2725 2829 2779 secundum
2857 2734 3079 2774 causam
3126 2719 3376 2771 tenebra-

1785 2842 1903 2881 rum
1932 2825 2203 2880 notionem
2232 2820 2516 2888 anticipat,
2550 2832 2657 2870 non
2692 2814 2913 2869 aliunde
2947 2825 3112 2880 quam
3153 2822 3220 2862 ex
3249 2807 3373 2860 luce

1788 2918 2042 2974 tenebras
2073 2927 2325 2970 noscens.
2366 2910 2615 2979 Seipsam
2661 2907 2829 2976 igitur
2875 2904 3055 2958 divina
3106 2899 3375 2968 sapientia

1788 3022 2043 3072 noscens,
2094 3006 2231 3060 sciet
2270 3002 2487 3066 omnia;
2524 2998 2830 3055 materialia
2875 2997 2993 3050 sine
3031 2992 3282 3055 materia,
3324 2998 3377 3044 et

1791 3096 2018 3152 indivise
2051 3092 2369 3157 divisibilia,
2394 3101 2448 3145 et
2478 3091 2637 3143 unice
2676 3087 2865 3146 multa,
2910 3084 3025 3153 ipso
3060 3096 3167 3135 uno
3192 3078 3376 3132 oruuia

90 3178 255 3235 ἄλλων
278 3180 542 3250 γνώσεως
571 3181 724 3237 ἔσται
747 3183 1001 3255 χορηγός.
1030 3184 1144 3237 Οὐκ
1175 3182 1282 3254 ἄρα
1334 3185 1363 3236 ό
1394 3182 1526 3246 Θεὸς
1557 3182 1691 3236 ἰδίαν

1822 3200 1849 3242 ει
1893 3202 2231 3259 cognoscens
2291 3195 2346 3241 et
2394 3184 2736 3255 producens;
2797 3193 2921 3231 nam
2975 3176 3019 3229 si
3076 3172 3377 3228 secundum

91 3271 194 3341 ἔχει
221 3273 327 3345 τὴν
380 3272 580 3326 ἑαυτοῦ
627 3275 849 3343 γνῶσιν,
900 3275 1094 3347 ἑτέραν
1137 3276 1195 3328 δὲ
1233 3274 1332 3345 τὴν
1378 3278 1531 3347 κοινῇ
1551 3277 1596 3309 ⁸⁷
1618 3276 1687 3330 τὰ

92 3363 209 3417 ima
234 3366 427 3419 πάντα
456 3365 932 3438 συλλαμϐάνουσαν
950 3384 965 3398 ο
994 3366 1129 3439 αὐτὴ
1151 3367 1260 3440 γὰρ
1282 3368 1477 3440 ἑαυτὴν
1499 3370 1533 3440 ἡ
1554 3369 1688 3423 πάν⁶

92 3471 192 3509 των
232 3457 392 3510 αἰτία
426 3456 792 3527 γινώσκουσα,
826 3460 987 3531 σχολῇ
1013 3477 1117 3512 που
1151 3461 1220 3514 τὰ
1249 3461 1343 3515 ἀπ’
1373 3461 1564 3533 αὐτῆς,
1595 3462 1691 3515 καὶ

95 3540 163 3599 ὧν
198 3551 354 3602 ἐστιν
392 3550 564 3614 αἰτία,
602 3551 877 3623 ἀγνοήσει.
914 3552 1098 3624 Ταύτῃ
1139 3552 1268 3621 γοῦν
1298 3554 1344 3587 ’⁸
1375 3554 1404 3606 ὁ
1450 3553 1582 3618 Θεὸς
1618 3552 1688 3607 τὰ

96 3640 213 3696 ὂντα
238 3642 530 3712 γινώσκει,
570 3645 632 3697 οὑ
661 3648 727 3717 τῇ
764 3647 1044 3720 ἐπιστήμῃ
1072 3645 1181 3699 τῶν
1215 3646 1402 3711 ὄντων,
1437 3646 1572 3701 ἀλλά
1620 3650 1688 3719 τῇ

99 3734 282 3789 ἑαυτοῦ
304 3751 319 3766 ’
367 3736 463 3788 καὶ
503 3734 613 3806 γὰρ
647 3737 742 3790 καί
775 3736 901 3801 τοὺς
933 3737 1195 3806 ἀγγέλους
1223 3737 1419 3791 εἰδέναι
1457 3738 1591 3809 φησί
1624 3738 1693 3791 τὰ

98 3826 257 3895 Λόγια
299 3826 374 3880 τὰ
412 3828 507 3880 ἐπὶ
531 3830 628 3899 τῆς
672 3828 797 3899 γῆς,
842 3829 900 3882 οὐ
948 3832 1071 3882 κατ’
1104 3828 1382 3900 αἰσθήσεις
1435 3829 1573 3883 αὑτά
1611 3846 1695 3898 γι-

99 3914 424 3982 νώσκοντας,
461 3916 698 3987 αἰσθητά
732 3935 796 3986 γε
828 3918 974 3984 ὄντα,
1007 3917 1126 3973 κατ’
1159 3919 1363 3972 οἰκείαν
1390 3918 1447 3972 δὲ
1468 3917 1562 3972 τοῦ
1584 3918 1696 3972 θεο-

100 4006 263 4073 ειδοῦς
284 4008 382 4063 νοῦ
405 4008 637 4080 δύναμιν
660 4009 754 4063 καί
779 4009 957 4080 φύσιν.

1795 3299 1958 3340 unam
1981 3294 2204 3337 causam
2244 3278 2383 3332 Deus
2438 3275 2692 3330 omnibus
2734 3285 2853 3326 esse
2888 3266 3151 3337 impertit,
3178 3279 3375 3319 secun-

1795 3378 1921 3432 dum
1947 3372 2196 3430 eamdem
2225 3370 2441 3425 unicam
2472 3383 2690 3422 causam
2728 3366 2864 3419 sciet
2893 3361 3075 3416 omnia
3120 3368 3379 3429 tanquam

1794 3485 1861 3525 ex
1890 3483 1950 3523 se
1972 3464 2313 3529 exsistentia,
2336 3472 2389 3517 et
2413 3461 2464 3515 in
2487 3460 2666 3527 seipsn
2695 3465 2821 3510 ante
2848 3450 3300 3525 prazexsistentia,
3326 3455 3382 3499 et

1797 3575 1905 3614 non
1935 3572 2000 3611 ex
2029 3556 2193 3610 rebus
2225 3567 2407 3607 rerum
2439 3549 2673 3619 accipiet
2716 3546 3014 3608 notionem,
3043 3542 3136 3596 sed
3166 3549 3221 3594 et
3249 3538 3381 3609 ipsis

1798 3647 2032 3717 singulis
2073 3645 2313 3714 ipsarqu
2352 3641 2579 3709 aliisque
2619 3638 2847 3690 aliarum
2894 3632 3143 3688 notitiam
3182 3628 3381 3696 largie-

1803 3749 1912 3794 tur.
1959 3736 2074 3791 Nou
2119 3735 2284 3790 habet
2321 3734 2505 3801 itaque
2542 3731 2681 3785 Deus
2722 3725 3052 3796 peculiarem
3096 3720 3382 3775 scientiam

1804 3831 1911 3894 sui,
1938 3830 2098 3883 aliam
2123 3842 2253 3882 vero
2275 3837 2618 3881 couuuunem
2668 3836 2756 3874 res
2796 3831 2986 3872 omnes
3019 3812 3384 3882 complecten-

1806 3933 1934 3987 tem;
1971 3922 2084 3990 ipsa
2116 3919 2260 3973 enim
2285 3917 2527 3971 omnium
2563 3929 2726 3967 causa
2761 3911 2995 3979 seipsam
3027 3917 3379 3976 cognoscens,

1800 4010 1949 4064 nullo
1973 4006 2134 4079 5.61
2163 4006 2322 4060 modo
2350 4019 2412 4058 ea
2448 4019 2567 4072 quae
2602 4004 2670 4056 ab
2701 4003 2839 4070 ipsa,
2877 4008 2932 4053 et
2961 4010 3191 4067 quorum
3222 4007 3384 4047 causa

100 4132 195 4189 est,
228 4125 528 4197 ignorabit.
562 4125 674 4182 Hae
703 4128 864 4198 igitur
901 4130 1043 4184 Deus
1090 4146 1177 4186 res
1232 4146 1594 4202 cognoscens,
1623 4147 1729 4186 non
1768 4128 1998 4185 scientia
2051 4141 2255 4193 rerum,
2315 4124 2408 4178 sed
2456 4122 2683 4177 scientia
2719 4119 2978 4189 suiipsius
3016 4118 3158 4186 ipsas
3200 4114 3382 4178 novit;

100 4219 294 4272 etenim
328 4218 557 4288 angelos
597 4234 811 4290 quoque
855 4222 1135 4293 Scriptura
1168 4234 1400 4280 testatur
1432 4239 1495 4280 ea
1542 4226 1684 4280 scire
1718 4239 1839 4294 quae
1885 4221 1937 4274 iu
1984 4230 2128 4274 terra
2182 4226 2332 4284 suut,
2360 4231 2467 4271 nou
2509 4213 2807 4270 secundum
2833 4226 3026 4268 sensus
3064 4210 3153 4264 illa
3180 4225 3388 4281 cogito-

102 4320 314 4368 scentes
350 4326 477 4382 quae
529 4313 806 4369 sensibilia
864 4324 1016 4380 sunt,
1042 4313 1136 4371 sed
1173 4316 1471 4373 secundum
1518 4315 1778 4369 virtutem
1811 4326 1877 4367 ac
1899 4318 2149 4364 naturam
2174 4306 2372 4365 mentis
2397 4303 2700 4363 deiformis.

1658 4474 1685 4547 ς
1725 4471 1840 4532 III.

179 4616 385 4670 Ἐπίδὲ
408 4632 621 4679 τουτοις
647 4615 881 4687 ζητῆσαι
906 4615 1032 4688 χρὴ,
1053 4617 1170 4681 πῶς
1191 4618 1351 4689 ἡμεῖς
1373 4618 1504 4671 Θεὸν
1525 4615 1691 4687 γινώ-

106 4723 322 4779 σκομεν,
342 4705 468 4759 οὐδὲ
480 4706 692 4777 νοητὸν,
712 4708 834 4760 οὐδὲ
850 4707 1127 4779 αἰσθητὸν,
1146 4708 1267 4762 οὐδέ
1279 4726 1333 4762 τι
1346 4708 1571 4762 καθόλου
1585 4708 1693 4762 τῶν

102 4798 263 4855 ὄντων
277 4802 322 4832 ’θ
336 4798 491 4852 ὄντα.
506 4800 733 4871 Μήποτε
745 4797 839 4854 οὖν
855 4801 1052 4873 ἀληθὲς
1064 4803 1258 4868 εἰπεῖν,
1274 4803 1355 4856 ὅτι
1380 4804 1512 4857 Θεὸν
1532 4802 1696 4873 γινώ-

106 4909 301 4964 σκομεν
322 4893 428 4947 οὐκ
448 4893 513 4945 ὲκ
523 4893 624 4962 τῆς
640 4893 803 4947 αὐτοῦ
819 4894 862 4926 ³ο
876 4895 1109 4964 φύσεως,
1128 4892 1424 4967 (ἄγνωστον
1445 4896 1554 4968 γὰρ
1576 4895 1701 4950 τοῦ-

104 5000 179 5046 το,
204 4985 297 5039 καὶ
320 4986 503 5039 πάντα
526 4983 682 5054 λόγον
702 4986 795 5039 καὶ
819 4987 943 5040 νοῦν
966 4989 1263 5060 ὑπεραῖρον
1285 4979 1338 5061 ³)
1365 4987 1479 5041 ἀλλ’
1506 4990 1571 5042 ὲκ
1592 4990 1692 5060 τῆς

106 5076 318 5129 πάντων
350 5075 465 5129 τῶν
490 5074 658 5129 ὄντων
683 5075 1000 5144 διατάξεως,
1024 5079 1099 5142 ὡς
1120 5078 1179 5144 ea
1198 5078 1362 5133 αὐτοῦ
1390 5078 1710 5151 προϐεϐληα,

109 5160 292 5231 μένης,
325 5158 425 5213 καὶ
451 5158 667 5223 εἰκόνας
699 5160 850 5224 τινὰς
882 5163 973 5215 καί
1011 5164 1332 5235 ὁμοιώματα
1376 5163 1486 5216 τῶν
1530 5162 1691 5218 θείων

107 5251 264 5306 αὑτοῦ
301 5251 767 5324 παραδειγμάτων
792 5254 1043 5326 ἐχούσης,
1079 5260 1159 5321 εἰς
1182 5257 1244 5312 τὸ
1265 5257 1523 5313 ἐπέκεινα
1554 5259 1693 5312 πάν-

76 5368 80 5387 ²
174 5379 210 5407 ἰι
248 5369 390 5427 Dan.
434 5381 558 5432 xm,
591 5362 683 5423 42.

1724 4943 1778 5003 D

1872 4615 2139 4670 Praeterea
2193 4612 2545 4683 quzerendum
2597 4619 2705 4677 est,
2761 4610 3037 4679 quomodo
3077 4623 3174 4663 nos
3205 4608 3376 4661 Deum

1802 4723 2218 4779 cognoscamus,
2251 4707 2344 4777 qui
2369 4721 2551 4774 neque
2578 4721 2742 4761 sensu
2774 4704 3069 4772 percipitur
3100 4717 3200 4757 nec
3224 4702 3386 4755 intel-

1805 4801 2049 4875 ligentia,
2079 4811 2136 4855 et
2164 4799 2299 4854 nihil
2322 4800 2550 4853 omnino
2570 4806 2744 4851 estex
2774 4798 2839 4849 iis
2864 4810 2984 4864 quae
3007 4803 3152 4848 sunt.
3175 4793 3256 4846 Au
3277 4808 3384 4847 non

1806 4895 1986 4965 putius
2024 4906 2153 4948 vere
2191 4890 2427 4951 dicatur,
2474 4886 2624 4955 quod
2659 4887 2826 4939 Deum
2872 4899 2975 4937 non
3006 4883 3387 4951 cognoscimus

1803 5001 1868 5041 ex
1898 4992 2094 5041 natura
2128 4982 2246 5052 ejus
2274 4979 2350 5052 (id
2379 4978 2523 5033 enim
2551 4977 2693 5046 quod
2734 4983 2927 5030 natura
2962 4975 3079 5044 ejus
3109 4985 3191 5029 est
3235 4973 3386 5027 inco-

1801 5077 2010 5146 gnitum
2037 5083 2148 5139 est,
2167 5083 2221 5128 et
2242 5086 2457 5129 omnem
2478 5069 2745 5123 rationem
2765 5082 2829 5122 ac
2854 5078 3093 5121 mentem
3114 5079 3330 5135 supcrat
3342 5072 3384 5134 ),

1801 5170 1894 5225 sed
1923 5185 1990 5225 ex
2020 5169 2216 5225 ordine
2239 5163 2486 5221 omnium
2514 5177 2722 5229 rerum,
2746 5172 3003 5230 tauquam
3031 5161 3100 5215 ab
3128 5160 3248 5228 ipso
3270 5174 3388 5227 pro-

1802 5262 2003 5332 posito,
2036 5273 2095 5317 et
2118 5259 2384 5331 imagines
2413 5256 2675 5329 quaedam
2700 5269 2765 5310 ac
2787 5254 3174 5311 similitudines
3202 5268 3388 5306 exem-

1404 5520 1639 5576 VARUE
1680 5521 2091 5584 LECTIONES.

179 5705 220 5734 ²¹
257 5704 350 5757 ἐπὶ
383 5700 479 5754 τοῦ
503 5697 659 5753 Θεοῦ.

117 5789 215 5839 ται,
253 5774 323 5829 M.
364 5773 456 5828 Sc.
538 5772 583 5803 "‘
617 5774 675 5823 ὲν
712 5771 879 5842 αὐτῷ,
917 5768 973 5829 S.
1024 5773 1085 5823 P.
1135 5768 1144 5772 ’
1183 5773 1227 5804 ³⁷
1255 5772 1478 5841 κοινήν,
1516 5770 1573 5828 S.
1598 5768 1659 5824 P.

751 5702 795 5787 ξ’
826 5700 1183 5789 ῥπερτελείῳ,
1223 5699 1282 5756 S.
1360 5700 1405 5731 ’³
1438 5699 1532 5754 τοῦ
1562 5714 1672 5755 non
1699 5700 1865 5757 habet
1894 5701 1952 5757 S.
1990 5702 2246 5770 ἀοράτου,
2283 5703 2353 5758 Μ.
2392 5703 2483 5759 Sc.
2556 5704 2602 5736 ”
2625 5701 2822 5785 παρείλ

751 5789 879 5842 υτῳ,
917 5775 973 5829 δ.
1024 5773 1085 5823 Ρ.
1183 5773 1227 5804 ³⁷
1255 5772 1439 5841 κοινήν
1462 5811 1478 5837 ,
1516 5770 1573 5828 S.
1598 5768 1659 5824 P.
1739 5773 1784 5811 ’³
1805 5773 1981 5845 ταύτῃ
2015 5773 2134 5841 οὖν,
2173 5773 2231 5827 Ρ.
2341 5777 2385 5809 ²⁹
2418 5774 2526 5829 τῶν
2557 5790 2787 5842 νοητων,

1816 5803 1981 5846 suum“
2015 5803 2134 5841 υυν,
2173 5803 2204 5827 1⁷
2220 5814 2231 5827 ι

2823 5718 2978 5828 ἓφεν.
3057 5703 3103 5733 ’⁸
3124 5717 3391 5771 γινώσκε-

2872 5813 2885 5827 .
2988 5774 3032 5808 ³ο
3068 5772 3283 5828 ἑαυτοῦ.
3320 5772 3380 5826 Ρ.

2341 5777 2385 5809 ²⁹
2418 5774 2526 5829 τῶν
2557 5772 2787 5842 νοητῶν,
2826 5772 2885 5828 S.
2988 5774 3032 5808 ³ο
3068 5772 3283 5841 ἑαυτοῦ,
3320 5772 3380 5826 Ρ.
