3768 6292
429 308 530 365 ΞΠ

1619 305 1676 362 S.
1714 305 1918 363 DIONY
1930 305 2014 362 Sll
2031 304 2512 363 .AREOPAGITA‘I

3597 307 3691 362 872

427 425 664 490 plarium
678 421 1110 490 eiusdivinorum
1128 420 1180 473 in
1206 434 1266 474 se
1288 421 1543 483 habente,
1580 421 1647 475 ad
1675 434 1915 489 cognosc

2200 437 2219 470 ν
2394 419 2488 471 καὶ
2514 416 2668 481 ταξει
2690 435 2831 470 κατα
2860 417 3090 489 δύναμιν
3125 417 3358 488 ἀνειμεν
3389 417 3451 469 ὲν
3486 419 3553 487 τῇ
3581 421 3688 473 πάν-

429 517 558 570 dum
607 516 733 570 illud
780 529 1049 568 summum
1099 512 1301 566 bonum
1334 522 1390 566 et
1435 512 1680 567 omnium
1736 513 2004 566 bonorum

429 608 617 669 ﬁnem,
645 607 730 660 via
767 616 823 658 et
850 605 1042 658 ordine
1083 619 1182 672 pro
1218 604 1424 658 viribus
1451 605 1797 658 ascendimus
1825 603 1877 656 in
1906 601 2006 656 ab-

429 699 630 752 latione
671 707 727 751 et
767 698 820 750 in
863 695 1235 765 superlatione
1263 696 1535 760 omnium,
1585 705 1642 749 et
1679 696 1732 748 in
1757 695 2001 748 omnium

425 806 610 844 causa.
638 789 906 855 Quocirca
954 789 1095 842 Deus
1144 789 1197 840 in
1226 787 1482 842 omnibus
1522 786 1894 856 cognoscitur,
1948 796 2004 840 et

421 882 716 951 separatim
764 881 832 933 ab
870 881 1156 943 omnibus;
1197 889 1253 932 et
1296 895 1395 949 per
1443 880 1811 948 cognitionem
1861 879 2004 932 Deus

421 974 769 1043 cognoscitur
815 988 878 1026 ac
916 987 1014 1040 per
1046 972 1484 1040 ignorationem;
1520 981 1680 1026 etest
1706 972 1774 1024 de
1803 985 1869 1024 eo
1905 985 2002 1024 co-

418 1069 613 1136 gnitio,
647 1067 811 1129 ratio,
853 1076 906 1118 et
957 1065 1210 1125 scientia,
1267 1074 1322 1117 et
1356 1073 1560 1127 tactus,
1615 1074 1668 1117 et
1700 1079 1917 1130 sensus,
1947 1073 2002 1117 et

416 1161 624 1229 opinio,
656 1168 712 1212 el.
741 1157 1093 1227 cogitatio,et
1117 1171 1337 1218 nomen,
1365 1167 1420 1209 et
1446 1158 1551 1209 alia
1582 1157 1797 1220 omnia;
1821 1167 1876 1209 et
1908 1170 2002 1209 ne-

417 1264 523 1317 que
559 1248 906 1316 intelligitur,
957 1261 1138 1316 neque
1175 1247 1397 1311 dicitur,
1449 1261 1624 1315 neque
1655 1248 1996 1311 nominatur;

418 1356 516 1394 nec
545 1350 628 1393 est
664 1339 868 1408 aliquid
903 1355 1089 1392 eorum
1129 1353 1249 1407 qua:
1287 1347 1433 1400 sunt,
1470 1354 1570 1392 nec
1602 1339 1654 1392 in
1682 1339 1863 1408 aliquo
1901 1356 1998 1393 eo-

417 1447 535 1483 rum
580 1446 700 1496 quae
746 1440 876 1483 sunt
933 1431 1314 1499 cognoscitur;
1374 1440 1428 1483 et
1462 1432 1512 1483 in
1537 1431 1791 1484 omnibus
1813 1432 1997 1484 omnia

413 1535 532 1589 est,
559 1535 615 1578 et
639 1525 772 1578 nihil
807 1525 859 1576 in
886 1523 1026 1587 ullo;
1071 1533 1126 1576 et
1149 1540 1212 1576 ex
1244 1523 1497 1577 omnibus
1530 1525 1598 1576 ab
1625 1523 1880 1576 omnibus
1907 1537 1998 1576 co-

413 1617 722 1684 gnoscitur,
755 1625 810 1669 et
831 1631 862 1667 λ
891 1616 1037 1670 nullo
1071 1631 1136 1670 ex
1175 1615 1282 1669 ulla
1315 1631 1373 1669 re
1407 1633 1422 1668 :
1450 1617 1634 1683 utique
1665 1615 1731 1669 de
1761 1615 1868 1668 Deo
1895 1616 1997 1669 ista

415 1720 563 1764 recte
589 1710 846 1772 dicimus,
899 1720 953 1764 et
997 1725 1065 1764 ex
1114 1711 1369 1764 omnibus
1399 1724 1615 1778 quoque
1660 1711 1823 1762 rebus
1850 1709 1996 1762 cele-

415 1803 627 1864 bratur,
657 1802 955 1855 secundum
988 1802 1231 1855 omnium
1268 1815 1501 1870 quorum
1547 1802 1663 1868 ipse
1722 1816 1884 1855 causa
1913 1809 1997 1855 est

413 1897 842 1965 proportionem.
870 1893 966 1947 Est
988 1896 1116 1946 item
1138 1893 1482 1948 divinissima
1507 1893 1599 1945 Dei
1632 1893 1848 1955 notitia,
1873 1909 1995 1962 quae

413 2003 510 2054 per
537 1988 892 2042 nescientiam
919 1988 1206 2056 accipitur,
1229 1987 1526 2039 secundum
1558 1984 1727 2046 illam,
1753 2000 1875 2053 qua:
1903 2001 1994 2038 su-

413 2094 507 2146 pra
543 2080 878 2135 intellectum
903 2086 1005 2143 est,
1026 2077 1547 2142 nuionem,quando
1565 2091 1741 2139 mens,
1770 2093 1800 2130 a
1830 2076 1993 2130 rebus

408 2169 665 2224 omnibus
689 2172 972 2232 recedens,
1001 2185 1068 2223 ac
1090 2171 1307 2223 demum
1327 2168 1677 2236 semetipsam
1705 2168 1991 2229 deserens,

407 2261 641 2331 desuper
666 2261 996 2333 fulgentibus
1044 2261 1213 2316 radiis
1240 2262 1448 2324 unitur,
1494 2259 1691 2329 quibus
1714 2259 1766 2312 in
1790 2258 1882 2313 illo
1905 2259 1988 2311 in—

405 2354 691 2408 scrulabili
728 2355 1008 2422 sapientia:
1032 2354 1303 2422 profundo
1331 2353 1701 2406 collustratur.
1732 2352 1984 2404 Attamen

405 2443 489 2505 (ut
508 2443 719 2507 dixi)ex
747 2445 812 2498 iis
832 2458 1044 2513 quoque
1069 2444 1323 2498 omnibus
1351 2455 1438 2497 est
1459 2443 1824 2511 agnoscenda,
1851 2456 1989 2511 quo-

405 2539 550 2589 niam
576 2536 712 2605 ipsa,
742 2539 1040 2591 secundum
1071 2537 1434 2606 Scripturam,
1472 2544 1560 2588 est
1587 2533 1830 2587 omnium
1855 2532 1988 2588 elle-

404 2626 546 2680 ctrix
571 2637 624 2689 ιι,
647 2643 878 2697 quaeque
904 2643 1120 2699 semper
1142 2637 1263 2682 erat
1284 2636 1479 2680 cuncta
1497 2639 1833 2694 componens
1854 2639 1901 2690 ο,
1933 2635 1989 2680 et

2106 525 2214 561 των
2263 507 2551 578 ἀσαιρέσει
2585 509 2679 560 καὶ
2723 509 2986 579 ὑπεροχῇ,
3019 510 3113 562 καὶ
3150 512 3206 562 ἒν
3250 511 3321 578 τῇ
3363 509 3580 560 πάντων
3618 513 3689 562 αι-

2105 600 2214 671 τίᾳ.
2256 600 2348 652 Διὸ
2379 601 2474 653 καὶ
2496 601 2557 652 έν
2590 601 2755 652 πᾶσιν
2789 602 2819 652 6
2852 600 2985 663 856.;
3024 599 3384 668 γινώσκεται,
3411 600 3509 651 καὶ
3536 603 3688 670 χωρὶς

2105 692 2349 744 πάντων·
2375 693 2467 744 καὶ
2500 691 2588 743 δια
2615 690 2870 757 γνώσεως
2896 693 2925 745 6
2953 691 3086 754 Θεὸς
3106 691 3467 760 γινώσκεται,
3493 693 3584 744 καὶ
3608 693 3686 745 διὰ

2104 785 2397 850 ἀγνωσίας,
2433 787 2528 837 καὶ
2564 786 2711 837 ἔστιν
2733 783 2897 836 αὐτοῦ
2926 785 3019 837 καὶ
3044 784 3249 854 νόησις,
3279 783 3379 836 καὶ
3402 783 3578 850 λὰγος,
3604 784 3686 836 καὶ

2104 880 2400 948 ἐπιστήμη,
2453 880 2547 932 καὶ
2583 880 2790 950 ἐπαφὴ,
2835 879 2929 930 καὶ
2968 878 3242 948 αἴσθησις,
3286 878 3386 930 καὶ
3429 876 3577 942 δόξα,
3605 878 3685 928 καὶ

2103 971 2389 1040 φαντασία.
2420 973 2514 1025 καὶ
2558 973 2748 1043 ὄνομα,
2798 973 2989 1026 καὶτὰ
3028 973 3164 1026 ἀλλα
3211 972 3418 1031 πάντα,
3456 973 3550 1023 καὶ
3575 973 3682 1022 οὗτε

2102 1067 2324 1124 νοεῖται,
2354 1062 2478 1116 οὔτε
2509 1064 2748 1132 λέγεται,
2764 1064 2889 1118 οὔτε
2917 1064 3245 1133 ὀνομάζεται
3271 1081 3285 1092 ·
3321 1064 3422 1116 καὶ
3452 1063 3554 1114 οὐκ
3583 1063 3683 1114 ἔπι

2099 1176 2152 1210 τι
2183 1158 2290 1210 τῶν
2309 1160 2498 1221 ὄντων,
2522 1159 2642 1212 οὐδὲ
2662 1161 2719 1212 ἐν
2740 1179 2843 1213 τινι
2865 1159 2972 1214 τῶν
2992 1160 3165 1212 όντων
3192 1158 3536 1227 γινώσκεται
3555 1176 3570 1188 ο
3601 1161 3682 1210 καὶ

2101 1251 2158 1302 ὲν
2182 1252 2313 1302 πᾶσι
2336 1252 2510 1304 πάντα
2530 1253 2666 1316 ἐστὶ,
2691 1254 2785 1305 καὶ
2805 1254 2863 1305 ὲν
2878 1253 3052 1305 οὐδενὶ
3070 1253 3246 1316 οὐδὲν,
3269 1253 3370 1304 καὶ
3393 1255 3462 1304 ἐκ
3484 1252 3680 1303 πάντων

2101 1343 2233 1394 πᾶσι
2259 1339 2603 1410 γινώσκεται,
2636 1344 2730 1396 καὶ
2751 1343 2808 1410 ἐξ
2828 1345 3040 1407 οὐδενὸς
3068 1343 3246 1396 οὐδενέ
3270 1360 3283 1372 ·
3313 1345 3414 1395 καὶ
3434 1343 3545 1412 γὰρ
3565 1341 3681 1393 ταῦ-

2097 1452 2165 1486 τα
2194 1434 2368 1504 ὀρθῶς
2395 1437 2523 1504 περὶ
2544 1435 2683 1487 Θεοῦ
2703 1435 2954 1505 λέγομεν,
2985 1436 3078 1487 καὶ
3105 1438 3169 1486 ὲκ
3190 1434 3303 1486 τῶν
3326 1435 3504 1486 ὄντων
3527 1429 3682 1485 ἀπαν-

2098 1541 2205 1577 των
2239 1526 2491 1594 ὑμνεῖται
2536 1526 2678 1578 κατά
2719 1527 2818 1596 τὴν
2859 1528 3073 1580 πάντων
3104 1525 3405 1592 ἀναλογίαν
3444 1518 3522 1577 ὧν
3551 1525 3680 1575 ἐστιν

2098 1617 2288 1678 αἴτιος.
2323 1618 2430 1669 Καὶ
2463 1616 2608 1669 ἔστιν
2645 1613 2801 1680 αὖθις
2837 1619 2868 1687 ή
2903 1618 3150 1687 θειοτάτη
3176 1617 3272 1668 τοῦ
3297 1615 3441 1668 Θεοῦ
3473 1615 3677 1682 γνῶσις,

2097 1709 2130 1777 ἡ
2170 1709 2235 1760 δι’
2269 1711 2544 1777 ἀγνωσίας
2592 1707 2993 1778 γινωσκομένη,
3043 1708 3182 1760 κατά
3239 1708 3343 1777 τὴν
3399 1707 3542 1775 ὑπὲρ
3567 1703 3677 1754 νοῦν

2104 1801 2318 1864 ἕνωσιν,
2363 1802 2490 1853 ὅταν
2528 1803 2556 1852 ὀ
2582 1801 2703 1864 νοῦς
2728 1841 2742 1861 ,
2778 1800 2888 1851 τῶν
2928 1800 3096 1850 όντων
3156 1799 3384 1850 πάντων
3425 1796 3675 1855 ἀποστὰς.

2098 1893 2286 1947 ἔπειτα
2337 1896 2432 1947 καὶ
2466 1892 2654 1946 ἑαυτὸν
2705 1893 2883 1960 ἀφεὶς,
2935 1892 3107 1961 ἑνωθῇ
3169 1894 3294 1953 ταῖς
3345 1887 3678 1960 ὑπερφαέσιν

2097 1985 2338 2049 ἀκτῖσιν,
2365 1984 2578 2037 ἐκεῖθεν
2607 1985 2701 2036 καὶ
2723 1986 2840 2036 ἐκεῖ
2865 1982 2942 2052 τῷ
2967 1983 3381 2052 ἀνεξερευνήτῳ
3414 1981 3566 2050 βάθει
3591 1978 3676 2047 τῆς

2097 2078 2287 2145 σοφίας
2310 2077 2819 2147 καταλαμπόμενος.
2844 2076 3033 2128 Καίτοι
3058 2074 3152 2126 καὶ
3183 2077 3248 2126 ὲκ
3285 2073 3532 2134 πάντων,
3553 2072 3676 2137 ὅπερ

2097 2171 2253 2240 ἔφην,
2289 2168 2456 2239 αὐτὴν
2498 2169 2797 2236 γνωστέον·
2834 2167 2969 2238 αὕτη
3011 2168 3119 2238 γάρ
3151 2169 3271 2218 ἐστι
3308 2164 3459 2216 κατά
3499 2161 3559 2214 τὸ
3587 2160 3676 2213 Δό-

2094 2277 2211 2328 γιον
2247 2261 2280 2330 ὴ
2310 2259 2527 2313 πάντων
2564 2257 2838 2329 ποιητικὴ,
2872 2257 2966 2310 καὶ
2996 2257 3083 2309 ἀεὶ
3131 2255 3315 2308 πάντα
3344 2252 3670 2323 ἁρμόζουσα,

2094 2353 2314 2422 καὶτῆς
2340 2351 2536 2404 ἀλύτου
2575 2351 2684 2404 τῶν
2722 2351 2941 2403 πάντων
2986 2349 3314 2421 ὲφαριωγῆς
3351 2348 3451 2399 καὶ
3480 2342 3670 2407 τάξεως

2094 2445 2264 2508 αἰτία,
2313 2447 2408 2498 καὶ
2459 2445 2545 2498 ἀεὶ
2596 2443 2664 2496 τα
2703 2443 2833 2512 τέλη
2871 2442 2980 2494 τῶν
3015 2442 3303 2512 προτέρων
3341 2441 3669 2492 συνάπτουσα

2092 2541 2212 2600 ταῖς
2250 2538 2443 2609 ἀρχαῖς
2476 2535 2582 2588 τῶν
2610 2536 2874 2606 δευτέρων
2918 2534 3010 2587 καὶ
3036 2533 3134 2604 τὴν
3173 2532 3303 2604 μίαν
3341 2531 3442 2584 τοῦ
3484 2528 3670 2590 παντὸς

2096 2626 2396 2696 σύμπνοιαν
2422 2625 2515 2678 καὶ
2539 2624 2803 2695 ἁρμονίαν
2828 2619 3250 2691 καλλιεργοῖωα.

407 2717 795 2772 indissolubilis
858 2734 1040 2773 rerum
1101 2719 1347 2773 omnium
1422 2717 1782 2771 connexiouis
1835 2717 2164 2787 ordinisque
2219 2733 2382 2772 causa
2414 2755 2431 2780 ,
2507 2729 2829 2784 semperque
2884 2713 3022 2766 ﬁnes
3072 2709 3505 2781 praecedentium
3555 2721 3669 2762 cum

404 2811 687 2880 principiis
715 2814 1060 2882 sequentium
1099 2810 1400 2876 connectit,
1444 2810 1777 2878 unicamque
1815 2809 1986 2865 totius
2009 2809 2255 2864 universi
2281 2808 2630 2862 concordiam
2676 2815 2732 2862 et
2760 2799 3173 2860 censonautiam
3208 2801 3539 2857 concinnat.

1963 2927 1993 3001 δ
2037 2924 2146 2984 IV.

475 3047 622 3102 Deus
657 3047 822 3102 etiam
856 3048 996 3102 ratio
1020 3048 1345 3118 prmdicatur
1367 3063 1396 3101 a
1427 3046 1748 3118 Scripturis,
1771 3063 1877 3101 non
1902 3060 1963 3102 so

2177 3045 2336 3115 Λόγος
2362 3044 2419 3098 δὲ
2442 3047 2471 3097 6
2497 3044 2629 3108 Θεὸς
2661 3043 2908 3113 ὑμνεῖται
2949 3041 3085 3112 πρὸς
3107 3040 3217 3094 τῶν
3252 3040 3420 3112 ἱερῶν
3447 3040 3665 3108 Δογίων,

402 3139 513 3192 lmu
537 3139 664 3208 quia
695 3141 928 3194 rationis
955 3138 1119 3210 462
1152 3148 1207 3194 et
1247 3140 1444 3193 mentis
1478 3148 1534 3192 et
1563 3140 1844 3207 sapientire
1877 3140 1988 3192 lar-

409 3231 554 3300 gitor
572 3243 676 3296 est,
703 3232 797 3286 sed
828 3232 958 3300 quia
983 3246 1177 3285 causas
1207 3233 1448 3286 omnium
1473 3231 1526 3284 in
1555 3246 1614 3286 se
1639 3232 1754 3300 ipso
1773 3231 1839 3262 ³⁸⁸
1873 3232 1989 3285 uni-

404 3323 658 3380 formiter
689 3326 1035 3394 anticipavit,
1081 3334 1137 3380 et
1165 3325 1293 3394 quia
1326 3339 1421 3394 per
1443 3326 1632 3379 omnia
1667 3336 1834 3389 meat,
1863 3339 1987 3394 per-

406 3419 635 3483 vadens,
661 3427 719 3471 ut
747 3418 822 3471 ait
845 3418 1129 3486 Scriptura
1161 3427 1208 3478 P,
1235 3430 1406 3485 usque
1425 3416 1496 3469 ad
1525 3415 1684 3470 ﬁnem
1706 3416 1982 3470 omnium:

399 3521 456 3565 et
489 3511 859 3579 potissimum,
903 3509 1029 3578 quia
1061 3511 1201 3562 ratio
1239 3508 1330 3562 Dei
1377 3523 1542 3576 supra
1588 3523 1806 3562 omnem
1846 3507 1984 3561 sim-

401 3601 694 3668 plicitatem
732 3599 961 3668 simplex
993 3610 1097 3663 est,
1125 3610 1179 3653 et
1201 3599 1270 3654 ab
1294 3585 1553 3653 omnibus
1580 3615 1741 3669 supra
1777 3599 1982 3664 onmia,

398 3704 564 3757 supra
596 3691 961 3745 substantiam
986 3690 1254 3744 absoluta.
1296 3689 1454 3744 Ratio
1491 3692 1608 3744 haec
1639 3691 1870 3757 simplex
1898 3700 1984 3746 est

398 3794 463 3832 ac
495 3794 623 3834 vere
655 3781 933 3835 exsistens
971 3783 1194 3845 veritas,
1229 3782 1378 3836 circa
1403 3797 1586 3851 quam,
1624 3789 1680 3833 nt
1708 3797 1898 3851 puram
1927 3792 1982 3837 et

401 3869 744 3925 infallibilem
809 3871 1190 3926 universorum
1243 3873 1544 3939 notionem,
1606 3874 1740 3928 ﬁdes
1798 3873 1979 3928 divina

397 3972 666 4027 versatur,
708 3978 828 4031 quae
855 3973 937 4017 est
978 3974 1240 4020 constans
1275 3966 1516 4020 ﬁdelium
1572 3965 1978 4019 ﬁrmamentum

395 4051 629 4107 fundatis
664 4053 782 4108 illos
825 4055 878 4107 in
904 4057 1157 4120 veritate,
1200 4066 1362 4124 atque
1408 4057 1461 4110 in
1496 4059 1629 4126 ipsis
1663 4059 1975 4123 veritatem,

397 4146 524 4198 dum
587 4147 975 4200 indissuasihili
1025 4147 1314 4203 identitate
1370 4149 1671 4216 simplicem
1732 4151 1976 4204 veritatis

398 4237 776 4304 cognitionem
832 4238 1033 4291 habent
1072 4253 1252 4292 rerum
1313 4241 1733 4294 credendarum.
1769 4239 1902 4294 Nam
1927 4244 1972 4296 si

395 4328 641 4396 cognitio
661 4344 748 4382 res
773 4332 1022 4396 cognitas
1047 4347 1168 4385 cum
1187 4334 1646 4402 cognoscentibus
1670 4337 1808 4398 unit,
1830 4336 1974 4406 igno-

397 4422 539 4474 ratio
570 4436 697 4477 vero
718 4423 992 4492 ignoranti
1025 4439 1193 4478 causa
1226 4435 1309 4480 est
1333 4437 1391 4478 ut
1413 4442 1628 4496 semper
1657 4437 1847 4489 mutet,
1882 4439 1970 4480 at-
2004 4399 2048 4454 D

390 4527 499 4581 que
530 4529 559 4567 a
597 4513 781 4584 seipso
821 4515 1116 4583 discrepet,
1148 4532 1271 4570 eum
1295 4519 1385 4587 qui
1416 4520 1593 4572 credit
1634 4519 1688 4574 in
1717 4521 1969 4585 veritate,

386 4606 539 4673 juxta
573 4607 940 4677 Scripturam,
967 4608 1099 4660 nihil
1144 4624 1173 4661 a
1203 4624 1328 4664 vero
1358 4611 1482 4665 ﬁdei
1514 4611 1865 4667 fundamento
1889 4616 1969 4666 di-

392 4699 658 4762 movebit,
712 4700 764 4753 in
815 4714 927 4769 quo
984 4702 1353 4754 constantiam
1416 4702 1640 4756 habebit
1682 4704 1973 4759 immobilis

390 4796 446 4839 et
497 4789 850 4845 immutabilis
901 4789 1229 4846 identitatis.
1294 4793 1474 4847 Probe
1520 4809 1757 4864 namque
1818 4798 1970 4850 novit

389 4881 638 4951 quisquis
663 4884 850 4939 unitus
897 4893 986 4937 est
1036 4885 1283 4949 veritati,
1337 4903 1500 4956 quam
1568 4887 1706 4944 bene
1764 4905 1823 4943 se
1875 4891 1969 4943 ha-

391 4976 537 5042 heat,
577 4977 830 5046 quamvis
883 4993 1008 5030 cutn
1069 4978 1226 5034 multi
1279 4994 1336 5032 ut
1368 4991 1638 5035 amentem
1699 4993 1963 5051 arguant;

393 5067 526 5120 latet
571 5068 716 5121 enim
763 5067 904 5133 illos,
940 5065 1018 5119 uti
1064 5081 1164 5134 par
1195 5076 1311 5135 est,
1362 5083 1486 5123 eum
1533 5085 1629 5138 per
1658 5084 1797 5124 verte
1842 5069 1965 5124 ﬁdei

393 5159 677 5214 veritatem
727 5177 792 5215 ex
836 5175 1027 5217 errore
1072 5162 1412 5228 excessisse;
1460 5163 1576 5229 ipse
1619 5173 1798 5218 autem
1838 5178 1970 5218 vere

395 5249 639 5317 tttH-‘itse,
665 5267 767 5306 non
801 5255 883 5324 (ut
910 5252 984 5306 illi
1011 5251 1345 5319 fabulantur)
1366 5253 1626 5317 insanire,
1652 5255 1747 5308 sed
1775 5255 1844 5310 ab
1874 5255 1957 5307 in-

462 5383 676 5441 uProv.
709 5402 828 5443 vm.
911 5397 934 5423 ο
958 5389 1088 5458 Sap.
1121 5405 1216 5444 vn.
1295 5400 1324 5439 Ρ
1351 5389 1484 5458 Sap.
1515 5403 1636 5442 vm.

2089 3139 2148 3190 οὐ
2185 3142 2346 3209 μόνον
2377 3139 2459 3191 ὅτι
2481 3136 2575 3190 καὶ
2610 3137 2768 3205 λόγου
2795 3136 2889 3188 καὶ
2911 3134 3002 3187 νοῦ
3025 3135 3119 3186 καὶ
3144 3134 3337 3202 σοφίας
3372 3134 3495 3185 ἐστὶ
3515 3150 3664 3203 χορη-

2087 3230 2204 3296 γὸς,
2240 3229 2354 3282 ἀλλ’
2383 3231 2465 3283 ὅτι
2501 3227 2714 3291 καὶτὰς
2741 3227 2960 3280 πάντων
2988 3225 3168 3288 αἰτίας
3207 3226 3268 3277 ὲν
3303 3224 3489 3294 ἐαυτῷ
3520 3242 3664 3294 μονο-

2086 3320 2244 3386 ειδῶς
2286 3322 2605 3393 προείληφε,
2647 3319 2741 3373 καὶ
2780 3319 2862 3370 ὅτι
2890 3317 2977 3370 διὰ
3004 3317 3222 3370 πάντων
3246 3319 3420 3388 χωρεῖ
3449 3316 3666 3368 διικνοὺ-

2090 3432 2267 3486 μενος,
2293 3414 2369 3477 ὼς
2409 3414 2476 3466 τὰ
2509 3413 2681 3481 Λόγιά
2702 3428 2888 3482 φησιν,
2913 3410 3041 3481 ἀχρι
3067 3408 3161 3460 τοῦ
3194 3410 3418 3463 πάντων
3457 3409 3661 3471 τέλους-

2085 3514 2179 3565 καὶ
2230 3511 2338 3582 πρό
2373 3527 2435 3578 γε
2483 3508 2711 3571 τούτων,
2764 3508 2848 3558 ὅτι
2881 3503 3404 3575 πάσηςάπλὰτητος
3455 3507 3484 3557 6
3537 3503 3664 3562 Baio;

2085 3603 2475 3675 ὑπερήπλωται
2515 3601 2691 3668 λογος,
2743 3598 2834 3651 καὶ
2879 3598 3094 3650 πάντων
3133 3597 3284 3648 ἐστὶν
3319 3596 3466 3666 ὑπὲρ
3500 3597 3662 3648 πάντα

2087 3697 2228 3750 κατά
2278 3696 2341 3748 τὸ
2385 3692 2706 3764 ὑπερούσιον
2746 3689 3164 3760 ἀπολελυμένος.
3217 3686 3392 3753 Οὗτος
3444 3693 3473 3742 6
3520 3688 3662 3755 λόγος

2083 3789 2248 3851 ἐστὶν,
2274 3789 2307 3856 ὴ
2331 3786 2476 3854 ἀττλῆ
2500 3786 2593 3837 καὶ
2615 3784 2783 3845 ὅντως
2803 3777 2937 3834 οὖσα
2960 3779 3206 3849 ἀλήθεια,
3222 3781 3354 3850 περὶ
3376 3779 3552 3850 ἦν,ὡς
3575 3795 3663 3830 κα-

2081 3881 2253 3953 Οαράν
2285 3881 2378 3932 και)⁸
2426 3878 2639 3947 ἀπλανῆ
2683 3875 2790 3929 τῶν
2822 3875 2958 3927 ὅλων
3001 3873 3224 3941 γνῶσιν,
3259 3876 3293 3941 ἡ
3336 3873 3458 3925 θεία
3493 3872 3659 3933 πίστις

2079 3975 2244 4036 ἐστὶν,
2296 3975 2330 4042 ἡ
2375 3971 2599 4042 μόνιμος
2646 3969 2754 4021 τῶν
2795 3967 3248 4037 πεπιστευμένων
3283 3966 3324 3996 ³¹
3359 3967 3585 4036 ἵδρυσις,
3628 3963 3659 4033 ἡ

2078 4068 2296 4129 τούτους
2333 4065 2648 4135 ὲνιὸρύουσα
2672 4066 2738 4134 τῇ
2768 4063 2994 4134 ἀληθεία
3015 4104 3028 4126 ,
3059 4063 3152 4116 καὶ
3187 4063 3374 4124 αὐτοῖς
3405 4062 3504 4132 τὴν
3543 4060 3658 4129 ἀλή-

2079 4158 2247 4223 Οειαν,
2274 4155 2659 4226 ἀμεταπείστῳ
2693 4155 3001 4226 ταυτότητι,
3045 4154 3142 4224 τὴν
3176 4152 3359 4222 ἀπλῆν
3406 4152 3508 4222 τῆς
3540 4151 3657 4220 ἀλη-

2078 4250 2226 4310 Οείας
2270 4248 2472 4317 γνῶσιν
2514 4249 2747 4318 ἐχόντων
2792 4246 2902 4299 τῶν
2936 4245 3344 4316 πεπεισμένων.
3397 4245 3461 4296 Εἰ
3494 4244 3652 4314 γὰρὴ

2076 4340 2276 4409 γνῶσις
2303 4339 2534 4409 ἑνωτικὴ
2555 4339 2665 4391 τῶν
2690 4337 3005 4406 ἐγνωκότων
3028 4337 3122 4389 καὶ
3150 4335 3533 4405 ἐγνωσμένων,
3558 4332 3653 4402 ἠδὲ

2081 4433 2269 4499 ἄγνοια
2311 4430 2608 4500 μεταϐολῆς
2624 4431 2709 4483 ἀεὶ
2729 4431 2824 4483 καὶ
2843 4430 2942 4498 τῆς
2976 4429 3034 4494 ἐξ
3055 4428 3247 4480 ἑαυτοῦ
3285 4426 3364 4496 τῷ
3389 4425 3653 4494 ἀγνοοῦντι

2077 4522 2392 4593 διαιρέσεως
2429 4522 2594 4578 αἰτία.
2619 4522 2708 4573 τὸν
2747 4523 2805 4573 ὲν
2842 4520 3067 4591 ἀληθεία
3097 4519 3488 4580 πιστεύσαντα,
3527 4514 3652 4569 κατὰ

2077 4615 2168 4667 τὸν
2192 4615 2334 4684 ἱερὸν
2362 4613 2554 4681 Λόγον,
2581 4614 2732 4666 οὐδὲν
2759 4613 3077 4681 ἁποκινήσει
3114 4611 3215 4680 τῆς
3238 4611 3385 4663 κατά
3413 4611 3511 4680 τὴν
3537 4608 3652 4677 ἀληο

2079 4703 2147 4774 θῆ
2169 4720 2349 4756 πιστιν
2377 4717 2581 4764 εστιας,
2620 4703 2706 4770 ἐφ’
2800 4701 2861 4752 τὸ
2893 4699 3118 4770 μόνιμον
3139 4696 3253 4761 ’ἐξει
3282 4699 3387 4766 τῆς
3412 4697 3649 4766 ἀκινήτου

2077 4796 2170 4847 καὶ
2191 4794 2530 4865 ἀμεταϐόλου
2552 4792 2898 4862 ταυτότητος.
2932 4785 3005 4842 Εὖ
3035 4788 3146 4858 γὰρ
3177 4785 3322 4841 οἶδεν
3351 4791 3381 4840 ό
3416 4785 3649 4858 πρὺςτὴν

2072 4888 2330 4959 ἀλήθειαν
2363 4885 2604 4948 ἐνωῦεὶς,
2637 4884 2720 4936 ὃτι
2756 4880 2815 4937 εὖ
2859 4883 2990 4951 ἔχει,
3032 4879 3136 4933 κᾶν
3163 4881 3213 4932 οἱ
3250 4877 3441 4929 πολλοὶ
3485 4873 3647 4927 νουθε-

2072 4982 2216 5033 τοῖεν
2243 4980 2426 5040 αὐτὸν,
2451 4977 2527 5040 ὼς
2558 4976 2889 5047 ἐξεστηκότα
2911 4991 2923 5002 ·
2955 4970 3209 5024 λανθάνει
3238 4969 3360 5038 μὲν,
3393 4967 3469 5030 ὡς
3496 4965 3641 5025 5516;,

2073 5072 2271 5136 αὐτοὺς
2293 5074 2358 5124 ὲκ
2382 5070 2588 5139 πλάνης
2609 5071 2674 5138 τῇ
2704 5065 2931 5137 ἀληθεία
2967 5063 3054 5116 διὰ
3089 5063 3189 5132 τῆς
3222 5060 3397 5121 ὄντως
3429 5061 3643 5116 πίστεως

2075 5163 2400 5234 ἐξεστηκὼς·
2441 5161 2600 5222 αὐτὸς
2620 5159 2676 5211 δὲ
2708 5155 2920 5227 ἀληθῶς
2941 5151 3079 5206 οῐδεν
3113 5150 3327 5214 ἑαυτὸν,
3354 5151 3457 5219 οὑχ
3488 5150 3533 5213 (ὅ
3555 5162 3642 5214 φαο

2074 5271 2159 5306 σιν
2201 5229 2498 5308 ³’.ἐκεῖνοιὶ
2537 5248 2856 5320 μαινόμενον
2889 5244 2954 5306 ³³,
2989 5243 3124 5296 ἀλλά
3161 5242 3262 5311 τῆς
3293 5241 3530 5295 ἀστάτου
3561 5229 3641 5286 καὶ

1678 5539 1914 5594 unus
1957 5513 2360 5597 LECTIONES.

470 5737 534 5767 ’°'
573 5737 622 5792 id
649 5749 754 5805 cst,
788 5739 898 5812 sin;
931 5741 1038 5795 ulla
1065 5743 1456 5810 campositione.
1529 5745 1567 5774 ³¹
1605 5741 2006 5815 πεπεισμένων,
2029 5743 2084 5799 S.
2113 5744 2174 5797 Ι).

2259 5747 2301 5784 δι
2321 5745 2395 5807 ὣς
2429 5757 2614 5810 φασιν,
2648 5739 2708 5795 Ρ,
2783 5737 2827 5769 ³³
2862 5734 3200 5804 μαινόμενοι,
3240 5739 3302 5792 S.
