3768 6326
104 347 207 400 ετπ

721 429 724 433 Α
807 349 897 404 DE
937 350 1189 407 DlVlNlS
1227 349 1623 418 NOMINIBUS,
1663 353 1816 408 CAP.
1860 351 1970 408 Vll.
2009 384 2080 395 —
2107 350 2433 408 CORDERI]
2466 351 2700 407 NOTAE.

3271 355 3376 410 δ’ἴὸ

100 465 404 537 ἀλλοιωτῆς
427 458 560 538 περὶ
583 465 681 539 τὴν
711 470 1025 541 παντοδαπῇ
1054 469 1156 540 τῆς
1183 469 1390 542 πλάνης
1419 469 1588 525 ποικι)

1889 471 1978 525 bili
2036 470 2393 539 mutabilique
2441 470 2753 524 omnimode
2802 470 3037 525 errantis
3093 473 3377 529 varietatis

98 560 267 629 copi;
289 558 382 613 διὰ
401 559 503 630 τῆς
529 559 708 630 ἁπλῆς
738 561 832 616 καὶ
856 563 944 616 ἀεὶ
981 563 1123 617 κατὰ
1145 563 1214 617 τὰ
1244 563 1381 617 αὐτὰ
1405 565 1499 618 καὶ
1517 561 1699 616 ὡσαύ-

95 668 200 714 τως
264 652 506 724 ἐχούσης
542 655 801 728 ἀληθείας
840 653 1307 728 ὴλευθερωμένον.
1355 656 1512 710 Οὕτω
1563 654 1696 724 γοῦν

95 744 140 793 οἱ
184 742 289 813 τῆς
325 743 454 797 καθ’
490 746 639 815 ἡμᾶς
674 744 961 814 θεοσοφίας
989 744 1282 817 ἀρχηγικοὶ
1322 745 1696 816 καθηγεμόνες

100 835 240 907 ὑπὲρ
265 835 537 910 ἀληθείας
567 838 976 910 ἀποθνήσκουσι
1007 841 1185 892 πᾶσαν
1215 837 1449 910 ἡμέραν,
1483 857 1695 911 μαρτυ-

103 927 343 999 ροῦντες,
368 929 447 993 ὡς
468 930 636 994 εἰκὸς,
659 932 753 984 καὶ
783 931 926 1002 λόγῳ
952 932 1114 985 παντὶ
1142 931 1236 985 καὶ
1253 930 1399 1002 ἔργῳ
1420 935 1485 1002 τῇ
1518 933 1696 1004 ὲνιαίᾳ.

98 1018 204 1072 τῶν
236 1021 590 1092 Χριστιανῶν
616 1022 1012 1094 ἀληθογνωσίᾳ,
1070 1021 1130 1076 τὸ
1180 1023 1369 1075 πασῶν
1411 1022 1578 1093 αὐτὴν
1620 1019 1698 1076 εἷ-

99 1129 184 1165 ναι
219 1114 316 1166 καὶ
353 1113 732 1185 ἁπλουστέραν
753 1115 846 1167 καὶ
865 1113 1164 1186 Θειοτέραν,
1209 1113 1408 1185 μᾶλλον
1429 1115 1486 1167 δὲ
1508 1115 1568 1168 τὸ
1594 1115 1694 1167 αὐ-

98 1203 192 1274 τὴν
225 1201 370 1259 εἶναι
398 1204 500 1278 τὴν
532 1205 701 1278 μόνην
734 1205 911 1280 ἀληθῆ
949 1206 1043 1261 καὶ
1079 1207 1208 1276 μίαν
1241 1207 1336 1261 κα)⁸
1362 1206 1539 1279 ἁπλῆν
1579 1206 1698 1259 Θεο-

98 1314 334 1364 γνωσιαν
347 1345 357 1352 .

1798 563 2038 617 motione
2076 577 2171 632 per
2194 561 2526 630 simplicem,
2554 563 2701 616 circa
2734 561 2922 616 eadem
2961 578 3178 631 semper
3205 575 3258 620 et
3285 581 3374 620 eo:

1796 655 1920 710 dem
1954 656 2114 710 modo
2149 670 2208 710 se
2241 656 2555 721 habentem,
2581 657 2872 710 veritatem
2901 671 3023 712 esse
3057 657 3355 713 liberatum

1799 747 1913 803 Hoc
1939 749 2099 802 modo
2126 748 2291 818 primi
2322 749 2520 804 divina:
2563 751 2842 819 sapientia:
2874 752 3046 806 nostri
3077 763 3382 823 praecepto-

1799 855 1892 894 res
1937 857 2038 911 pro
2077 841 2312 912 veritate
2342 841 2585 910 quotidie
2619 841 2948 910 moriuntur,
2995 844 3378 909 testiﬁcantes,

1801 931 1875 984 uti
1929 947 2028 1000 par
2071 940 2176 995 est,
2211 940 2266 985 et
2297 932 2443 984 omni
2475 947 2730 986 sermone
2771 943 2826 986 et
2850 949 3013 1003 opere
3041 934 3380 1004 singularem

1800 1025 1950 1079 illam
1970 1024 2298 1078 Christiane
2322 1025 2569 1079 veritatis
2592 1027 2948 1093 agnitionem,
2978 1027 3220 1081 omnium
3256 1042 3381 1083 esse

1799 1132 1920 1170 cum
1954 1116 2416 1186 simplicissimam
2459 1125 2570 1170 tum
2601 1117 3014 1184 divinissimam,
3061 1119 3169 1173 imo
3196 1119 3380 1190 potius

1802 1207 1942 1262 hanc
1973 1209 2142 1263 solam
2167 1223 2287 1264 esse
2311 1223 2497 1264 veram
2529 1219 2692 1279 atque
2714 1211 2930 1265 unicam
2954 1211 3255 1282 simplicem
3284 1209 3380 1266 Dei

1801 1300 2070 1355 notitiam.

1294 1616 1824 1671 ADNOT.\TiUNl§S
1864 1613 2216 1667 αοιιυΕιιιι.

173 1754 200 1824 §
229 1755 270 1808 l.
419 1754 605 1831 locum
639 1753 838 1831 Pauli!
863 1755 991 1831 cor.
1025 1771 1065 1831 ι,
1096 1757 1190 1818 23.
1220 1759 1358 1831 Vidi:
1388 1775 1510 1831 qua:
1550 1775 1713 1824 supra
1751 1759 1993 1831 diximus
2025 1759 2077 1814 in
2115 1757 2261 1831 notis
2296 1758 2362 1813 ad
2411 1761 2650 1829 primum
2687 1769 2852 1829 caput
2887 1760 3051 1830 hujus
3075 1759 3199 1814 libri
3227 1799 3241 1821 .
3282 1758 3308 1831 ᾗ
3337 1757 3380 1814 1.

103 1823 310 1899 Sensus
338 1826 594 1899 litterulis
617 1836 733 1880 est:
766 1827 921 1899 Quod
950 1829 1179 1899 stultum
1215 1839 1289 1881 est
1323 1823 1436 1887 Dei.
1469 1829 1517 1882 id
1555 1823 1804 1896 estquod
1834 1831 1884 1883 in
1936 1832 2042 1884 Deo
2073 1840 2126 1884 et
2168 1829 2389 1883 Christo
2414 1823 2551 1884 'nato
2574 1847 2636 1884 ac
2661 1823 2822 1899 passo
2849 1823 3039 1898 putant
3071 1823 3387 1899 gentiles'rt

101 1897 410 2020 philosnplii
451 1896 682 1950 stultum
724 1912 866 1959 esse,
902 1898 958 1950 id
989 1899 1297 1967 sapientius.
1321 1909 1399 1952 est
1433 1899 1756 1965 hominibus,
1794 1900 1844 1954 id
1873 1910 1957 1956 est
1987 1913 2204 1954 omnem
2238 1901 2537 1954 humanam
2582 1896 2911 1968 sapiei'itiaim
2946 1896 3178 1957 excedit.
3217 1901 3292 1955 lta
3318 1898 3379 1953 P.

131 1982 280 2019 .orne
309 1983 414 2020 ius.
1877 2001 1882 2006 -

131 1982 414 2020 .OI'HEIIIIS.
1877 2001 1882 2006 -

177 2047 421 2100 Ibidem:
453 2043 623 2098 Istum
651 2047 920 2106 unionem,
951 2062 1056 2113 qua
1085 2047 1237 2099 rebus
1265 2061 1319 2098 se
1352 2045 1711 2112 superioribus
1744 2045 2109 2115 conjungitur,
2144 2054 2389 2097 naturam
2413 2045 2580 2112 ipsius
2608 2042 2762 2112 longe
2785 2062 3053 2113 superare.
3091 2045 3189 2103 Ubi
3230 2058 3380 2108 uota.

107 2117 334 2183 intelligi
369 2125 554 2168 actum
589 2117 735 2178 tidei,
766 2132 871 2185 qua
900 2118 986 2169 hic
1027 2116 1080 2168 in
1117 2118 1202 2168 via
1232 2115 1522 2184 ilirigiinur
1557 2118 1621 2170 ad
1656 2132 1742 2170 res
1774 2117 1988 2185 divinas
2017 2131 2116 2183 pro
2149 2127 2309 2182 captu
2352 2127 2541 2168 nostro
2582 2117 3089 2182 appreheudeudas,
3141 2134 3260 2184 qua:
3297 2133 3383 2174 est

108 2189 310 2240 donum
361 2185 456 2240 Dei
499 2197 554 2238 et
592 2184 804 2239 ordinis
845 2186 1307 2253 supernaturalis.
1350 2186 1460 2240 Cur
1491 2195 1672 2240 autem
1718 2187 1859 2240 Dens
1893 2184 2201 2253 huiusmodi
2248 2185 2500 2238 sublimia
2551 2193 2604 2236 et
2660 2194 2876 2251 captum
2920 2198 3165 2239 nostrum
3225 2204 3388 2242 exce-

108 2258 294 2310 dentia
337 2273 366 2310 a
412 2257 574 2310 nobis
615 2257 762 2310 credi
804 2249 1064 2318 voluerit.
1123 2265 1234 2312 tres
1291 2257 1556 2326 pulchras
1600 2257 1847 2312 rationes
1895 2249 2053 2309 aﬂ'ert
2097 2255 2317 2309 Lessius
2371 2256 2466 2312 lih.
2500 2270 2548 2308 ri
2592 2253 2667 2306 De
2708 2249 3120 2324 perfectionibus
3159 2257 3377 2322 divinis,

108 2343 229 2380 can.
257 2328 311 2379 5.

178 2343 423 2451 ς’ῐῗιῖἰηιο
458 2405 568 2457 est,
600 2396 798 2465 inquit,
830 2406 888 2450 ut
917 2396 1250 2466 captivantes
1277 2397 1608 2452 intellectum
1635 2406 1876 2452 nostrum
1909 2397 1959 2450 in
1993 2395 2313 2466 obsequium
2344 2395 2488 2457 fidei,
2509 2393 2862 2466 Ailliimiﬁ63
2889 2405 3058 2448 totum
3087 2396 3194 2451 Deo
3218 2398 3386 2465 subji-

109 2468 355 2532 ciamus;
396 2477 452 2522 et
478 2464 837 2538 agnoscentes
880 2464 1307 2522 imbecillitatem
1343 2469 1541 2522 mentis
1575 2476 1792 2528 nosti-az.
1828 2484 1892 2523 ac
1920 2468 2118 2522 divina:
2155 2465 2438 2534 sapientia:
2473 2464 2844 2532 altitudinem,
2893 2467 3060 2522 Deum
3098 2468 3176 2524 sic
3207 2464 3381 2522 hono-

109 2554 321 2593 remus.

187 2627 204 2656 σ
257 2607 512 2662 Secunda
545 2615 652 2670 est,
679 2619 738 2660 ut
769 2621 922 2660 mens
955 2617 1142 2661 nostra
1173 2623 1388 2660 sursum
1419 2608 1684 2676 erigatur,
1715 2618 1772 2661 et
1803 2609 1870 2660 ad
1900 2607 2084 2662 divina
2110 2607 2387 2671 elevetur;
2416 2605 2461 2658 si
2495 2605 2637 2658 enim
2663 2604 2806 2659 Dens
2833 2621 2937 2659 non
2962 2618 3291 2676 proponeret
3320 2626 3385 2664 ea

105 2695 230 2749 qua:
260 2687 480 2749 captum
517 2678 812 2749 humanum
839 2679 1132 2738 excedunt,
1164 2695 1315 2730 mens
1343 2695 1447 2730 nun
1479 2673 1824 2731 aiiolleretur
1847 2693 2085 2749 sursum,
2113 2677 2206 2731 sed
2239 2676 2418 2749 iu_sno
2450 2677 2618 2749 gradu
2645 2687 2698 2729 et
2732 2678 2913 2749 iiiliiua
2938 2673 3085 2731 sorte
3109 2695 3380 2743 attineret.

119 2746 302 2816 neque
333 2746 414 2801 ad
447 2747 540 2800 Dei
573 2748 839 2801 visionem
861 2751 1266 2816 disponeretur,
1297 2748 1429 2802 tides
1451 2750 1595 2801 enim
1626 2748 2125 2817 supernaturalium
2165 2746 2343 2800 media
2378 2757 2464 2799 est
2512 2748 2651 2800 inter
2681 2748 3047 2816 cognitionem
3077 2749 3384 2804 naturalem

108 2830 166 2874 et
191 2820 464 2872 visionem
493 2819 732 2871 beatam.

186 2909 203 2941 ι
255 2889 465 2950 Tertia,
525 2889 654 2955 quia
691 2904 813 2941 cum
843 2888 951 2941 vita
995 2898 1195 2941 interna
1246 2889 1316 2942 sit
1366 2905 1526 2957 supra
1568 2899 1844 2952 naturam,
1880 2903 1942 2942 ea
1978 2903 2194 2957 quoque
2237 2901 2360 2954 qum.
2401 2887 2468 2939 ad
2504 2885 2647 2940 illam
2684 2889 2888 2940 ilueuiit
2933 2887 3132 2943 debent
3175 2900 3385 2946 natura:

110 2972 334 3027 captum
365 2973 664 3027 superare;
705 2959 831 3012 hinc
861 2969 1149 3028 taniOpere
1179 2961 1230 3011 in
1261 2959 1564 3029 Scripiuris
1595 2961 1796 3014 donum
1829 2959 1954 3013 lidei
1989 2959 2428 3020 commendatur,
2467 2968 2519 3012 et
2565 2973 2631 3010 ex
2669 2959 2852 3011 divina
2885 2957 3252 3015 illusuatione
3284 2963 3384 3016 lia-

109 3033 221 3084 licri
244 3032 468 3083 dicitur.

181 3099 210 3171 ς
235 3100 299 3153 ΙΙ.
343 3099 429 3171 Ex
449 3115 510 3151 ea
541 3099 868 3153 intellectiles
895 3117 954 3152 ac
989 3099 1363 3168 intelligenles,
1395 3110 1503 3156 etc.
1528 3099 1669 3156 lliuc
1701 3100 1858 3155 divus
1880 3099 2120 3154 Thomas
2149 3108 2304 3171 parte
2341 3112 2536 3171 prima,
2563 3107 2756 3166 quiest.
2782 3098 2872 3162 55,
2902 3099 3063 3154 artic.
3095 3100 3129 3154 2
3156 3102 3385 3156 conclu-

110 3169 206 3233 dit,
237 3169 490 3241 angelos,
523 3184 644 3223 eum
682 3185 710 3224 a
740 3171 1059 3237 corporibus
1089 3171 1197 3222 sint
1224 3172 1510 3234 abstracti,
1543 3188 1648 3225 non
1675 3172 1982 3241 intelligere
2000 3186 2097 3239 per
2135 3169 2348 3241 species
2380 3184 2406 3219 a
2444 3169 2604 3221 rebus
2626 3177 2898 3241 acceptas,
2928 3173 3022 3224 sed
3050 3188 3147 3240 per
3176 3174 3386 3237 species

110 3241 212 3294 sibi
249 3238 579 3312 naturaliter
609 3241 946 3312 congenitas.
974 3241 1065 3312 Sic
1097 3241 1263 3305 enim,
1298 3241 1492 3312 inquit,
1528 3251 1742 3312 oportet
1767 3238 2078 3310 intelligere
2115 3239 2521 3294 distinctionem
2561 3238 2926 3312 spiritualium
2950 3238 3384 3296 sulistantiarunn

109 3320 163 3364 et
193 3312 493 3382 ordinem,
524 3309 666 3363 sicut
697 3321 780 3382 est
809 3310 1088 3365 distinctio
1131 3320 1186 3364 et
1230 3309 1379 3365 ordo
1407 3309 1800 3382 corporalium.
1856 3309 2129 3382 Suprema
2151 3321 2333 3382 autem
2366 3323 2598 3374 corpora
2633 3309 2847 3382 habent
2876 3313 3179 3378 potentiam
3213 3315 3265 3367 in
3300 3313 3387 3367 sui

113 3393 305 3434 natura
332 3380 591 3450 totaliter
625 3381 925 3448 perfectam
975 3397 1072 3450 per
1102 3382 1364 3447 formam;
1400 3383 1450 3436 in
1485 3379 1807 3450 corporibus
1840 3379 2022 3436 autem
2053 3380 2403 3436 inferioribus
2437 3379 2679 3448 potentia
2721 3386 2963 3434 materiae
3008 3400 3111 3436 non
3144 3384 3390 3438 totaliter

110 3452 398 3519 perﬁcitur
426 3465 525 3516 per
559 3449 812 3515 formam,
845 3452 939 3504 sed
970 3449 1164 3520 accipit
1193 3467 1334 3504 nunc
1367 3469 1528 3506 uuam
1563 3449 1706 3507 nunc
1730 3453 1891 3506 aliam
1918 3452 2146 3508 formam
2176 3453 2244 3504 ab
2267 3450 2450 3517 aliquo
2476 3461 2702 3519 agente;
2730 3451 2981 3504 similiter
3009 3462 3064 3507 et
3095 3453 3387 3508 inferiores

111 3521 434 3592 substantiae
467 3520 837 3592 intellectivar,
869 3522 1079 3574 scilicet
1105 3522 1304 3574 anima:
1338 3522 1613 3584 humanae,
1647 3525 1848 3577 habent
1879 3523 2179 3591 potentiam
2209 3521 2600 3592 intellectiram
2633 3535 2738 3574 non
2771 3523 3095 3592 completam
3127 3525 3391 3578 naturali-

112 3601 213 3662 ter,
245 3591 342 3644 sed
371 3589 682 3662 completur
714 3591 765 3643 iu
789 3591 868 3662 eis
895 3592 1227 3662 successive,
1265 3607 1360 3661 per
1389 3593 1490 3648 hoc
1521 3596 1664 3662 quod
1700 3589 1978 3662 accipiunt
2015 3594 2228 3661 species
2263 3591 2633 3660 intelligibiles
2663 3608 2691 3642 a
2726 3589 2921 3658 rebus;
2967 3597 3208 3661 potentia
3256 3609 3388 3649 vero

111 3661 457 3733 iiitellectiva
493 3661 545 3712 in
571 3661 896 3733 substantiis
917 3661 1296 3730 spiritualibus
1314 3661 1714 3731 superioribus,
1741 3665 1793 3718 id
1820 3661 1904 3717 est
1937 3664 1988 3716 iu
2015 3663 2244 3731 angelis,
2282 3664 2607 3714 naturaliter
2636 3663 2909 3733 completa
2935 3673 3017 3717 est
3046 3681 3141 3732 per
3177 3668 3389 3733 species

112 3730 926 3802 iuiclligibilesconnaturales.
945 3733 1010 3785 ad
1042 3734 1224 3785 omnia
1253 3730 1615 3802 intelligenda
1649 3748 1769 3802 qum
1794 3730 2124 3787 naturaliter
2147 3746 2479 3800 cognoscere
2500 3742 2746 3802 possunt.
2772 3731 2958 3787 Ethoc
2988 3730 3152 3788 etiam
3176 3730 3242 3788 ex
3275 3737 3388 3802 ipso

111 3804 270 3854 modo
295 3800 556 3870 essendi
581 3801 883 3867 hujnsmodi
916 3803 1343 3856 substantiarum
1373 3800 1617 3870 apparet,
1661 3800 1978 3857 {substantiae
2016 3804 2161 3859 enim
2205 3802 2519 3870 spirituales
2549 3801 2860 3864 inferiores,
2915 3804 3133 3857 scilicet
3167 3800 3385 3863 animae.

115 3871 315 3925 habent
339 3886 466 3925 esse
497 3868 656 3922 aﬂiiie
681 3873 892 3938 corpori
922 3875 972 3926 iu
1001 3881 1259 3941 quantum
1289 3868 1420 3926 sunt
1445 3868 1734 3942 corporum
1769 3877 1984 3936 formae,
2021 3883 2074 3927 et
2104 3868 2314 3926 ideo—ex
2346 3873 2465 3941 ipso
2500 3872 2659 3943 modo
2682 3873 2898 3943 esseiidi
2930 3874 3192 3943 competit
3217 3873 3298 3928 eis
3328 3883 3389 3927 ut

112 3955 140 3992 a
175 3943 509 4010 corporibus
547 3949 602 4012 et
640 3955 994 4012 percorpora
1029 3958 1182 3995 suam
1215 3945 1605 4012 perfectionem
1639 3944 2036 4011 intelligibilem
2067 3953 2499 4012 consequantur,
2540 3942 2779 4012 alioquin
2813 3943 3016 3996 l‘rustra
3057 3942 3387 4010 corporibus

113 4013 449 4077 unireutur;
480 4010 804 4082 substantiae
828 4027 959 4065 vero
988 4010 1318 4081 superiores,
1352 4015 1401 4066 id
1434 4023 1516 4068 est
1544 4014 1744 4082 angeli,
1777 4010 1903 4067 sunt
1938 4031 1966 4066 a
1999 4013 2317 4082 corporibus
2357 4010 2597 4064 letaliter
2628 4011 2914 4077 absolutae,
2955 4014 3387 4067 iminatcrialiter

113 4091 240 4154 etAm
273 4096 404 4135 esse
435 4081 767 4154 iutelligibili
802 4083 1190 4154 subsistentes,
1224 4093 1276 4138 et
1304 4084 1426 4138 ideo
1450 4101 1608 4138 suam
1623 4081 2030 4154 perfectionem
2065 4081 2894 4154 intelligibileuicousequuutur
2921 4100 3015 4154 per
3047 4083 3385 4154 intelligilem

112 4150 390 4224 uilliixum,
420 4165 532 4224 quo
569 4165 619 4224 a_
640 4153 747 4205 Deo
775 4152 984 4224 species
1018 4169 1198 4206 rerum
1229 4159 1572 4223 cogniturum
1614 4150 1946 4224 acceperunt
1973 4155 2138 4209 simul
2168 4168 2293 4224 cuiu
2326 4150 2681 4205 intellectuali
2713 4150 2931 4207 natura.
2957 4151 3113 4208 Unde
3139 4150 3279 4207 idem
3318 4155 3381 4207 Ι).

113 4219 354 4275 Thomas
380 4236 445 4273 ex
478 4222 581 4294 hoc
606 4221 736 4276 item
770 4219 888 4277 loco
925 4223 1168 4294 Dionysii
1195 4219 1388 4293 quiest.
1430 4225 1524 4289 58,
1572 4234 1678 4279 art.
1705 4219 1765 4286 δξ
1799 4225 2096 4290 concludit,
2137 4222 2363 4290 angelos
2393 4235 2732 4289 quaecunque
2757 4237 3092 4291 cognoscunt
3122 4226 3242 4280 sine
3269 4226 3384 4279 dis-

112 4307 274 4366 cursu
305 4293 758 4361 apprehendere,
791 4305 846 4345 et
871 4293 1164 4366 continuat
1205 4314 1232 4346 a
1263 4296 1399 4362 pari.
1435 4297 1625 4366 Augeli
1660 4296 1824 4356 enim,
1861 4297 2060 4364 inquit,
2114 4295 2263 4348 illum
2298 4297 2524 4366 gradum
2565 4301 2750 4344 tenent
2783 4294 2834 4346 in
2865 4298 3189 4366 substantiis
3220 4298 3388 4365 spiri-

114 4362 586 4438 ιιιειιὼιιεηιμιςιιι
637 4377 865 4438 corpora
913 4364 1158 4438 cuilestia
1209 4366 1276 4438 Ain
1336 4362 1657 4422 substantiis
1692 4362 1974 4436 corporeis
2021 4367 2185 4435 (unde
2249 4362 2320 4416 et?
2351 4363 2602 4438 cmlestes
2650 4375 2862 4418 mentes
2902 4381 2932 4418 a
2981 4362 3387 4438 Dionysio'ap-

112 4431 435 4499 pellantur).
466 4432 565 4484 Est
598 4431 781 4504 autem
809 4433 924 4486 haec
952 4435 1255 4487 ilitl'ereiitia
1283 4438 1424 4491 inter
1452 4439 1695 4492 caelestia
1719 4448 1773 4490 et
1794 4431 2012 4490 terrena
2033 4431 2299 4504 corpora,
2329 4435 2473 4502 quod
2504 4447 2732 4504 corpora
2757 4445 2972 4489 terrena
3005 4451 3102 4504 per
3123 4431 3384 4490 mutatio-

115 4511 314 4554 ueniet
344 4511 562 4576 iuotum
593 4503 973 4576 adipiscuntur
999 4520 1151 4557 suam
1189 4506 1435 4559 ultimam
1465 4510 1879 4575 perfectionem,
1909 4522 2134 4575 corpora
2168 4519 2298 4558 vero
2321 4503 2562 4576 cuilestia
2595 4505 2782 4576 statim
2814 4520 2881 4558 ex
2917 4503 3032 4576 ipsa
3068 4522 3166 4559 sua
3191 4516 3386 4559 natura

113 4586 269 4624 suam
303 4573 556 4646 ultimam
591 4573 983 4646 perfectionem
1005 4577 1238 4646 habent.
1283 4579 1374 4630 Sic
1400 4573 1567 4646 igi.ur
1597 4577 1884 4632 inferiores
1909 4573 2241 4638 intellecnis,
2267 4573 2480 4646 scilicet
2502 4574 2805 4646 hominum,
2833 4573 3242 4644 per—quemdam
3263 4593 3386 4646 iuo—

116 4651 225 4693 tuni
257 4653 314 4696 et
339 4644 651 4718 discursum
684 4643 1069 4718 iuteliectualis
1098 4641 1447 4715 Operationis"
1462 4648 1852 4718 perfectionem
1883 4648 1939 4718 in
1968 4646 2278 4715 cognitione
2302 4641 2548 4718 veritatis
2578 4641 2988 4718 adipiscuntuu;
3016 4645 3387 4718 dumscilicet

109 4727 177 4764 ex
202 4728 308 4766 uno
333 4712 564 4780 cognito
601 4714 652 4765 in
687 4714 832 4767 aliud
850 4712 1483 4784 cognitum—procedunt:
1517 4721 1574 4774 Si
1608 4730 1789 4774 autem
1817 4717 2002 4772 statim
2033 4712 2086 4768 in
2121 4718 2233 4783 ipsa
2258 4713 2569 4784 cognitione
2592 4714 2847 4783 principii
2880 4719 2991 4768 noti
3029 4717 3382 4782 inspicerem,

110 4784 269 4856 quasi
292 4793 473 4856 notas,
494 4797 700 4856 omnes
733 4782 1116 4840 conclusiones
1143 4782 1566 4856 consequentes,
1594 4791 1644 4842 in
1677 4791 1758 4844 eis
1789 4788 2071 4841 diseursus
2103 4782 2413 4856 locuiniuon
2450 4782 2696 4842 haberet,
2734 4782 2788 4856 ei
2815 4786 2917 4839 hoc
2942 4797 3027 4840 esi
3065 4787 3115 4838 iu
3147 4785 3382 4855 angelis,

109 4855 238 4920 quia
270 4854 458 4928 statim
491 4854 683 4928 iu_il|is
709 4857 1045 4928 qiuepriuiu
1070 4853 1392 4911 naturaliter
1421 4853 1780 4928 cognoscunt,
1817 4858 2111 4926 iuSpiciimt
2158 4855 2343 4928 omnia
2380 4866 2719 4928 quaecunque
2751 4853 2804 4906 lu
2843 4858 2923 4910 eis
2947 4856 3210 4928 cognosci
3231 4853 3386 4924 ipos-

110 4932 281 4999 ιηιιιιῃΔ
302 4933 370 4999 et
397 4925 519 4977 ideo
541 4924 797 4999 dicuntur
837 4924 1248 4999 intellectuales,
1283 4930 1410 4998 quia
1449 4924 1613 4982 etiam
1651 4931 1792 4999 apud
1825 4924 1922 4982 nos
1944 4941 2160 4999 eaquae
2183 4927 2368 4980 statim
2413 4924 2745 4999 naturaliter
2767 4925 3276 4995 apprehenduntur.
3305 4929 3385 4979 iii-

111 4994 282 5068 ieliigi
317 4995 601 5068 dicuntur,
637 4997 778 5049 unde
805 4997 1113 5068 intellectus
1143 4993 1341 5051 dicitur
1370 5000 1592 5054 habitus
1627 4993 1925 5068 primorum
1950 4993 2364 5068 principiorum.
2402 4993 2604 5068 animus
2627 5007 2755 5068 vero
2790 4993 3063 5068 humanae,
3092 5011 3211 5068 qua:
3236 4999 3386 5068 νυνι-

113 5062 255 5138 tatis
313 5064 566 5138 notitiam
636 5078 731 5138 per
798 5066 1085 5132 quemdam
1148 5069 1453 5123 discursum
1516 5062 1825 5138 acquirunt,
1868 5062 2162 5122 rationales
2221 5075 2505 5120 vocantur.
2565 5062 2720 5138 Quod
2753 5066 2974 5138 quidem
3005 5062 3273 5134 contingit
3326 5069 3383 5138 in

106 5133 192 5212 eis
247 5151 313 5189 ex
358 5134 898 5212 dcuilitateduuiiuis
934 5138 1361 5212 intellectualis;
1398 5141 1443 5194 si
1484 5133 1629 5193 enim
1671 5141 1786 5208 ejus
1827 5140 2219 5209 plenitudinem
2271 5139 2557 5212 habereut,
2597 5133 2739 5212 sicut
2779 5137 3007 5212 iungeli,
3075 5133 3257 5212 statiiu
3323 5136 3379 5212 in

106 5205 292 5270 primo
320 5219 546 5273 aspectu
577 5206 968 5275 principiorum
1009 5218 1171 5263 totam
1200 5204 1456 5266 virtutem
1484 5227 1672 5266 eorum
1697 5204 2256 5280 'coui'prehcnderent,
2281 5204 2538 5260 intuendo
2566 5204 2832 5275 quidquid
2870 5204 2937 5261 ex
2959 5210 3040 5261 eis
3060 5207 3377 5278 syltogizari

135 5285 314 5330 ιοεερι.

135 5290 314 5330 ιοεειξι.

105 5290 124 5343 Ι
184 5348 452 5422 tia-terum
494 5345 676 5422 docet,
720 5346 958 5422 angelos,
995 5349 1261 5415 homines,
1315 5351 1558 5416 sensilia,
1599 5362 1653 5407 et
1688 5352 1923 5422 denique
1959 5351 2142 5406 omnia
2187 5363 2284 5419 per
2317 5347 2413 5422 Dei
2442 5346 2767 5418 sapientiam
2798 5359 2982 5422 creata
3014 5362 3160 5422 esse.
3195 5357 3250 5400 et
3283 5363 3384 5401 suo

105 5417 272 5491 modo
293 5418 620 5491 sapientiam
651 5419 741 5491 Dei
769 5421 1084 5488 priedieare,
1110 5433 1166 5472 ut
1192 5423 1412 5490 pulchre
1442 5441 1669 5491 magnus
1697 5417 1928 5477 Basilius
1956 5426 2007 5477 in
2042 5423 2171 5474 illud
2188 5417 2616 5474 Proverhiuruin
2654 5432 2773 5483 vtli,
2809 5418 2907 5477 9.2,
2943 5418 3198 5470 Dominus
3229 5436 3382 5470 creu-

106 5490 182 5537 vit
207 5502 284 5539 me
303 5487 629 5556 principium
658 5490 860 5562 viarum
888 5505 1129 5562 siturum.
1156 5487 1439 5562 Loquitur,
1475 5487 1669 5561 inquit,
1697 5507 1763 5546 de
1794 5496 2053 5562 sapientia
2081 5491 2285 5554 mundi,
2310 5506 2428 5558 quae
2458 5497 2706 5562 apparet,
2744 5499 2799 5541 et
2836 5504 3021 5542 vocem
3053 5491 3168 5562 [ere
3201 5504 3298 5555 per
3317 5505 3384 5541 ea

107 5572 231 5621 qua;
257 5568 558 5628 cernuntur
587 5560 809 5628 emittit,
838 5561 980 5627 quod
1008 5562 1217 5615 scilicet
1246 5557 1275 5616 .1
1307 5557 1617 5617 Deo'faei'us
1641 5576 1734 5628 sit,
1778 5575 1832 5618 et
1859 5557 1978 5618 'nou
2006 5563 2228 5619 fortuito
2264 5557 2410 5613 tanta
2453 5557 2714 5628 sapientia
2757 5575 2821 5611 ea
2864 5573 2987 5626 qua:
3025 5559 3218 5614 ell'ccta
3253 5569 3389 5612 sunt

106 5628 356 5680 decorat.
389 5625 457 5680 Ut
481 5628 626 5680 enim
656 5627 782 5703 (ξωίὶ
809 5625 1059 5682 enarrant
1091 5631 1313 5699 gloriam
1339 5635 1453 5700 Dei,
1485 5646 1532 5686 et
1551 5651 1679 5700 opus
1709 5625 1962 5688 numnum
1992 5635 2104 5703 ejus
2125 5633 2405 5685 annuntiat
2435 5625 2829 5701 [imitamentum
2853 5625 2905 5695 it,
2933 5639 3244 5703 enarraut,
3304 5631 3387 5681 iii-

105 5711 301 5765 quam,
332 5713 420 5751 me
448 5713 578 5750 voce
607 5699 733 5766 quia
764 5714 866 5751 non
894 5710 1013 5754 sunt
1040 5719 1205 5768 voces,
1237 5720 1400 5774 neque
1427 5699 1715 5775 sermoiies,
1741 5721 1964 5774 quorum
1996 5699 2098 5758 non
2123 5699 2590 5758 audianturroces
2620 5713 2844 5754 eorum:
2878 5701 2944 5754 ad
2986 5700 3236 5755 eumdem
3269 5712 3390 5753 nio-

254 5849 283 5889 q
318 5839 464 5893 l’sal.
497 5853 650 5902 xvtu,
683 5839 735 5890 2.

441 5933 712 5992 PAI'ROL.
756 5933 869 5992 (in.
914 5930 1020 5992 Ill.

2995 5931 3072 5992 28
