  <div class='ocr_page' id='page_1' title='image "/cluster/home/n/w/nwhite01/storage/ocr_20150623/3/hvd.32044014713192/446.png"; bbox 0 0 3768 6326; ppageno 0'>
   <div class='ocr_carea' id='block_1_1' title="bbox 41 397 149 453">
    <p class='ocr_par' dir='ltr' id='par_1_1' title="bbox 41 397 149 453">
     <span class='ocr_line' id='line_1_1' title="bbox 41 397 149 453; baseline 0 0"><span class='ocrx_word' id='word_1_1' title='bbox 41 397 149 453; x_wconf 79' lang='grc'><strong>8⁸17</strong></span> 
     </span>
    </p>
   </div>
   <div class='ocr_carea' id='block_1_2' title="bbox 600 391 2764 461">
    <p class='ocr_par' dir='ltr' id='par_1_2' title="bbox 600 391 2764 461">
     <span class='ocr_line' id='line_1_2' title="bbox 600 391 2764 461; baseline -0.001 -10"><span class='ocrx_word' id='word_1_2' title='bbox 600 396 689 451; x_wconf 82' lang='lat' dir='ltr'><strong>DF.</strong></span> <span class='ocrx_word' id='word_1_3' title='bbox 726 396 977 452; x_wconf 77' lang='lat' dir='ltr'><strong>DIVINIS</strong></span> <span class='ocrx_word' id='word_1_4' title='bbox 1017 395 1416 461; x_wconf 78' lang='lat' dir='ltr'><strong>NOMINIBUS,</strong></span> <span class='ocrx_word' id='word_1_5' title='bbox 1454 395 1607 450; x_wconf 61' lang='lat' dir='ltr'><strong>CAP.</strong></span> <span class='ocrx_word' id='word_1_6' title='bbox 1651 394 1762 449; x_wconf 80' lang='lat' dir='ltr'><strong>Vll.</strong></span> <span class='ocrx_word' id='word_1_7' title='bbox 1809 427 1874 434; x_wconf 90' lang='lat'><strong>—-</strong></span> <span class='ocrx_word' id='word_1_8' title='bbox 1911 392 2258 448; x_wconf 72' lang='lat' dir='ltr'><strong>PARAPHR.</strong></span> <span class='ocrx_word' id='word_1_9' title='bbox 2292 391 2764 448; x_wconf 61' lang='lat' dir='ltr'><strong>PACHYMERE.</strong></span> 
     </span>
    </p>
   </div>
   <div class='ocr_carea' id='block_1_3' title="bbox 3229 397 3333 452">
    <p class='ocr_par' dir='ltr' id='par_1_3' title="bbox 3229 397 3333 452">
     <span class='ocr_line' id='line_1_3' title="bbox 3229 397 3333 452; baseline 0.01 -1"><span class='ocrx_word' id='word_1_10' title='bbox 3229 397 3333 452; x_wconf 78' lang='lat'><strong>878</strong></span> 
     </span>
    </p>
   </div>
   <div class='ocr_carea' id='block_1_4' title="bbox 1112 527 2279 598">
    <p class='ocr_par' dir='ltr' id='par_1_4' title="bbox 1112 527 2279 598">
     <span class='ocr_line' id='line_1_4' title="bbox 1112 527 2279 598; baseline -0.002 -14"><span class='ocrx_word' id='word_1_11' title='bbox 1112 529 1604 586; x_wconf 72' lang='lat' dir='ltr'><strong>PARAPIIRASIS</strong></span> <span class='ocrx_word' id='word_1_12' title='bbox 1640 527 2095 584; x_wconf 39' lang='lat' dir='ltr'><strong>rxcnquRJE</strong></span> <span class='ocrx_word' id='word_1_13' title='bbox 2141 528 2279 598; x_wconf 70' lang='grc' dir='ltr'><strong>(ιδ).</strong></span> 
     </span>
    </p>
   </div>
   <div class='ocr_carea' id='block_1_5' title="bbox 117 665 1605 744">
    <p class='ocr_par' dir='ltr' id='par_1_5' title="bbox 117 668 1605 744">
     <span class='ocr_line' id='line_1_5' title="bbox 117 668 1605 744; baseline -0.003 -19"><span class='ocrx_word' id='word_1_14' title='bbox 117 672 147 744; x_wconf 85' lang='lat'>§</span> <span class='ocrx_word' id='word_1_15' title='bbox 177 673 221 725; x_wconf 94' lang='grc' dir='ltr'><strong>ῐ.</strong></span> <span class='ocrx_word' id='word_1_16' title='bbox 253 671 524 735; x_wconf 82' lang='grc' dir='ltr'>Εἰπόντες</span> <span class='ocrx_word' id='word_1_17' title='bbox 544 671 672 743; x_wconf 72' lang='grc' dir='ltr'>περὶ</span> <span class='ocrx_word' id='word_1_18' title='bbox 698 671 928 741; x_wconf 83' lang='grc' dir='ltr'>ἀγαθοῦ,</span> <span class='ocrx_word' id='word_1_19' title='bbox 955 673 1082 743; x_wconf 81' lang='grc' dir='ltr'><strong>περὶ</strong></span> <span class='ocrx_word' id='word_1_20' title='bbox 1105 670 1280 734; x_wconf 76' lang='grc' dir='ltr'>ὄντος,</span> <span class='ocrx_word' id='word_1_21' title='bbox 1313 671 1442 740; x_wconf 70' lang='grc' dir='ltr'>περὶ</span> <span class='ocrx_word' id='word_1_22' title='bbox 1467 668 1605 738; x_wconf 79' lang='grc' dir='ltr'>ζωῆς</span> 
     </span>
    </p>
   </div>
   <div class='ocr_carea' id='block_1_6' title="bbox 1849 665 3337 744">
    <p class='ocr_par' dir='ltr' id='par_1_6' title="bbox 1870 665 3337 737">
     <span class='ocr_line' id='line_1_6' title="bbox 1870 665 3337 737; baseline -0.001 -14"><span class='ocrx_word' id='word_1_23' title='bbox 1870 669 1907 723; x_wconf 94' lang='lat' dir='ltr'><strong>l.</strong></span> <span class='ocrx_word' id='word_1_24' title='bbox 1931 667 2196 735; x_wconf 79' lang='lat' dir='ltr'><strong>Quoniam</strong></span> <span class='ocrx_word' id='word_1_25' title='bbox 2227 665 2464 720; x_wconf 80' lang='lat' dir='ltr'><strong>diximus</strong></span> <span class='ocrx_word' id='word_1_26' title='bbox 2487 666 2552 720; x_wconf 93' lang='lat' dir='ltr'><strong>de</strong></span> <span class='ocrx_word' id='word_1_27' title='bbox 2576 665 2811 732; x_wconf 89' lang='lat' dir='ltr'><strong>bono,de</strong></span> <span class='ocrx_word' id='word_1_28' title='bbox 2836 667 3055 734; x_wconf 87' lang='lat' dir='ltr'><strong>ente,de</strong></span> <span class='ocrx_word' id='word_1_29' title='bbox 3080 669 3337 737; x_wconf 79' lang='lat' dir='ltr'><strong>vita,age.</strong></span> 
     </span>
    </p>
   </div>
   <div class='ocr_carea' id='block_1_7' title="bbox 43 760 1634 836">
    <p class='ocr_par' dir='ltr' id='par_1_7' title="bbox 43 760 1634 836">
     <span class='ocr_line' id='line_1_7' title="bbox 43 760 1634 836; baseline -0.003 -19"><span class='ocrx_word' id='word_1_30' title='bbox 43 765 202 835; x_wconf 79' lang='grc' dir='ltr'>φέρε,</span> <span class='ocrx_word' id='word_1_31' title='bbox 236 763 412 835; x_wconf 78' lang='grc' dir='ltr'>αὐτὴν</span> <span class='ocrx_word' id='word_1_32' title='bbox 452 764 549 836; x_wconf 81' lang='grc' dir='ltr'><strong>τὴν</strong></span> <span class='ocrx_word' id='word_1_33' title='bbox 585 763 792 835; x_wconf 83' lang='grc' dir='ltr'>ἀγαθὴν</span> <span class='ocrx_word' id='word_1_34' title='bbox 839 764 934 818; x_wconf 75' lang='grc' dir='ltr'><strong>καὶ</strong></span> <span class='ocrx_word' id='word_1_35' title='bbox 967 763 1192 817; x_wconf 82' lang='grc' dir='ltr'>αἰωνίαν</span> <span class='ocrx_word' id='word_1_36' title='bbox 1222 761 1367 833; x_wconf 75' lang='grc' dir='ltr'>ζωὴν</span> <span class='ocrx_word' id='word_1_37' title='bbox 1390 761 1480 814; x_wconf 86' lang='grc' dir='ltr'><strong>τὸν</strong></span> <span class='ocrx_word' id='word_1_38' title='bbox 1503 760 1634 812; x_wconf 83' lang='grc' dir='ltr'>Θεὸν</span> 
     </span>
    </p>
   </div>
   <div class='ocr_carea' id='block_1_8' title="bbox 44 855 1640 928">
    <p class='ocr_par' dir='ltr' id='par_1_8' title="bbox 44 855 1640 928">
     <span class='ocr_line' id='line_1_8' title="bbox 44 855 1640 928; baseline -0.001 -20"><span class='ocrx_word' id='word_1_39' title='bbox 44 856 310 927; x_wconf 81' lang='grc' dir='ltr'>ὑμνῶμεν</span> <span class='ocrx_word' id='word_1_40' title='bbox 339 857 436 910; x_wconf 75' lang='grc' dir='ltr'>καί.</span> <span class='ocrx_word' id='word_1_41' title='bbox 472 857 549 920; x_wconf 85' lang='grc' dir='ltr'><strong>ῶς</strong></span> <span class='ocrx_word' id='word_1_42' title='bbox 606 857 797 928; x_wconf 84' lang='grc' dir='ltr'>σοφήν.</span> <span class='ocrx_word' id='word_1_43' title='bbox 837 856 1078 925; x_wconf 82' lang='grc' dir='ltr'>Ἔφθασε</span> <span class='ocrx_word' id='word_1_44' title='bbox 1133 855 1244 928; x_wconf 74' lang='grc' dir='ltr'>γὰρ</span> <span class='ocrx_word' id='word_1_45' title='bbox 1301 857 1495 917; x_wconf 78' lang='grc' dir='ltr'>εἰπεῖν,</span> <span class='ocrx_word' id='word_1_46' title='bbox 1556 855 1640 906; x_wconf 82' lang='grc' dir='ltr'><strong>ὅτι</strong></span> 
     </span>
    </p>
   </div>
   <div class='ocr_carea' id='block_1_9' title="bbox 42 945 1642 1021">
    <p class='ocr_par' dir='ltr' id='par_1_9' title="bbox 42 945 1642 1021">
     <span class='ocr_line' id='line_1_9' title="bbox 42 945 1642 1021; baseline -0.005 -15"><span class='ocrx_word' id='word_1_47' title='bbox 42 951 155 1006; x_wconf 76' lang='grc' dir='ltr'><strong>ἀπὸ</strong></span> <span class='ocrx_word' id='word_1_48' title='bbox 191 950 302 1003; x_wconf 85' lang='grc' dir='ltr'><strong>τῶν</strong></span> <span class='ocrx_word' id='word_1_49' title='bbox 357 949 484 1004; x_wconf 77' lang='grc' dir='ltr'>καθ’</span> <span class='ocrx_word' id='word_1_50' title='bbox 515 951 661 1021; x_wconf 78' lang='grc' dir='ltr'>ἡμᾶς</span> <span class='ocrx_word' id='word_1_51' title='bbox 696 949 1003 1020; x_wconf 77' lang='grc' dir='ltr'>συνάγομεν</span> <span class='ocrx_word' id='word_1_52' title='bbox 1024 947 1093 1001; x_wconf 79' lang='grc' dir='ltr'>τὰ</span> <span class='ocrx_word' id='word_1_53' title='bbox 1132 948 1272 1019; x_wconf 82' lang='grc' dir='ltr'>ὑπὲρ</span> <span class='ocrx_word' id='word_1_54' title='bbox 1312 948 1493 1019; x_wconf 76' lang='grc' dir='ltr'>ἡμᾶς’</span> <span class='ocrx_word' id='word_1_55' title='bbox 1553 945 1642 999; x_wconf 74' lang='grc' dir='ltr'>διὰ</span> 
     </span>
    </p>
   </div>
   <div class='ocr_carea' id='block_1_10' title="bbox 43 1037 1644 1113">
    <p class='ocr_par' dir='ltr' id='par_1_10' title="bbox 43 1037 1644 1113">
     <span class='ocr_line' id='line_1_10' title="bbox 43 1037 1644 1113; baseline -0.004 -17"><span class='ocrx_word' id='word_1_56' title='bbox 43 1042 209 1096; x_wconf 80' lang='grc' dir='ltr'>τοῦτο</span> <span class='ocrx_word' id='word_1_57' title='bbox 249 1042 306 1094; x_wconf 80' lang='grc' dir='ltr'><strong>δὲ</strong></span> <span class='ocrx_word' id='word_1_58' title='bbox 365 1041 846 1113; x_wconf 83' lang='grc' dir='ltr'>ἐπιδιορθούμενος</span> <span class='ocrx_word' id='word_1_59' title='bbox 901 1041 1100 1095; x_wconf 83' lang='grc' dir='ltr'>ὡσανεί</span> <span class='ocrx_word' id='word_1_60' title='bbox 1151 1057 1302 1111; x_wconf 83' lang='grc' dir='ltr'>φησι·</span> <span class='ocrx_word' id='word_1_61' title='bbox 1341 1037 1557 1092; x_wconf 82' lang='grc' dir='ltr'>Μᾶλλον</span> <span class='ocrx_word' id='word_1_62' title='bbox 1586 1039 1644 1090; x_wconf 79' lang='grc' dir='ltr'><strong>δὲ</strong></span> 
     </span>
    </p>
   </div>
   <div class='ocr_carea' id='block_1_11' title="bbox 42 1131 1644 1203">
    <p class='ocr_par' dir='ltr' id='par_1_11' title="bbox 42 1131 1644 1203">
     <span class='ocr_line' id='line_1_11' title="bbox 42 1131 1644 1203; baseline -0.001 -19"><span class='ocrx_word' id='word_1_63' title='bbox 42 1134 122 1197; x_wconf 82' lang='grc' dir='ltr'>ὡς</span> <span class='ocrx_word' id='word_1_64' title='bbox 151 1134 336 1202; x_wconf 76' lang='grc' dir='ltr'>πάσης</span> <span class='ocrx_word' id='word_1_65' title='bbox 388 1134 602 1202; x_wconf 79' lang='grc' dir='ltr'><strong>σοφίας,</strong></span> <span class='ocrx_word' id='word_1_66' title='bbox 648 1133 748 1203; x_wconf 84' lang='grc' dir='ltr'>τῆς</span> <span class='ocrx_word' id='word_1_67' title='bbox 791 1136 849 1186; x_wconf 84' lang='grc' dir='ltr'><strong>ἐν</strong></span> <span class='ocrx_word' id='word_1_68' title='bbox 881 1133 1133 1202; x_wconf 78' lang='grc' dir='ltr'><strong>ἀγγέλοις</strong></span> <span class='ocrx_word' id='word_1_69' title='bbox 1182 1131 1402 1202; x_wconf 80' lang='grc' dir='ltr'>δηλαδὴ,</span> <span class='ocrx_word' id='word_1_70' title='bbox 1449 1132 1548 1202; x_wconf 77' lang='grc' dir='ltr'>τῆς</span> <span class='ocrx_word' id='word_1_71' title='bbox 1588 1132 1644 1183; x_wconf 87' lang='grc' dir='ltr'><strong>ἐν</strong></span> 
     </span>
    </p>
   </div>
   <div class='ocr_carea' id='block_1_12' title="bbox 43 1222 1644 1296">
    <p class='ocr_par' dir='ltr' id='par_1_12' title="bbox 43 1222 1644 1296">
     <span class='ocr_line' id='line_1_12' title="bbox 43 1222 1644 1296; baseline -0.002 -19"><span class='ocrx_word' id='word_1_72' title='bbox 43 1223 384 1296; x_wconf 57' lang='grc' dir='ltr'>ἀνθρώποις,</span> <span class='ocrx_word' id='word_1_73' title='bbox 421 1226 600 1278; x_wconf 89' lang='grc' dir='ltr'>αἰτίαν</span> <span class='ocrx_word' id='word_1_74' title='bbox 633 1226 728 1278; x_wconf 79' lang='grc' dir='ltr'><strong>καὶ</strong></span> <span class='ocrx_word' id='word_1_75' title='bbox 761 1226 901 1296; x_wconf 82' lang='grc' dir='ltr'><strong>ὺπέρ</strong></span> <span class='ocrx_word' id='word_1_76' title='bbox 941 1228 1119 1279; x_wconf 83' lang='grc' dir='ltr'>πᾶσαν</span> <span class='ocrx_word' id='word_1_77' title='bbox 1151 1224 1346 1292; x_wconf 80' lang='grc' dir='ltr'>σοφίαν</span> <span class='ocrx_word' id='word_1_78' title='bbox 1390 1225 1484 1279; x_wconf 71' lang='grc' dir='ltr'><strong>καὶ</strong></span> <span class='ocrx_word' id='word_1_79' title='bbox 1519 1222 1644 1275; x_wconf 77' lang='grc' dir='ltr'>σῦν-</span> 
     </span>
    </p>
   </div>
   <div class='ocr_carea' id='block_1_13' title="bbox 46 1311 1648 1387">
    <p class='ocr_par' dir='ltr' id='par_1_13' title="bbox 46 1311 1648 1387">
     <span class='ocr_line' id='line_1_13' title="bbox 46 1311 1648 1387; baseline -0.002 -19"><span class='ocrx_word' id='word_1_80' title='bbox 46 1316 199 1370; x_wconf 86' lang='grc' dir='ltr'>θεσιν</span> <span class='ocrx_word' id='word_1_81' title='bbox 232 1317 546 1387; x_wconf 63' lang='grc' dir='ltr'>ὑστεροῦσαν</span> <span class='ocrx_word' id='word_1_82' title='bbox 567 1334 579 1346; x_wconf 88' lang='grc'><strong>·</strong></span> <span class='ocrx_word' id='word_1_83' title='bbox 612 1316 999 1386; x_wconf 80' lang='grc' dir='ltr'>ἀσυλλόγιστον</span> <span class='ocrx_word' id='word_1_84' title='bbox 1035 1317 1144 1387; x_wconf 79' lang='grc' dir='ltr'>γὰρ</span> <span class='ocrx_word' id='word_1_85' title='bbox 1196 1318 1290 1370; x_wconf 73' lang='grc' dir='ltr'>καὶ</span> <span class='ocrx_word' id='word_1_86' title='bbox 1321 1315 1566 1387; x_wconf 79' lang='grc' dir='ltr'>ἀπρεπὲς</span> <span class='ocrx_word' id='word_1_87' title='bbox 1587 1311 1648 1365; x_wconf 83' lang='grc' dir='ltr'>τὸ</span> 
     </span>
    </p>
   </div>
   <div class='ocr_carea' id='block_1_14' title="bbox 47 1403 1649 1479">
    <p class='ocr_par' dir='ltr' id='par_1_14' title="bbox 47 1403 1649 1479">
     <span class='ocr_line' id='line_1_14' title="bbox 47 1403 1649 1479; baseline -0.001 -19"><span class='ocrx_word' id='word_1_88' title='bbox 47 1409 338 1478; x_wconf 88' lang='grc' dir='ltr'>ποιητικόν</span> <span class='ocrx_word' id='word_1_89' title='bbox 372 1425 520 1472; x_wconf 90' lang='grc' dir='ltr'>τινος</span> <span class='ocrx_word' id='word_1_90' title='bbox 558 1403 982 1472; x_wconf 81' lang='grc' dir='ltr'>εἶναιτοιοῦτον,</span> <span class='ocrx_word' id='word_1_91' title='bbox 1006 1403 1116 1461; x_wconf 74' lang='grc' dir='ltr'>οἷον</span> <span class='ocrx_word' id='word_1_92' title='bbox 1147 1408 1208 1460; x_wconf 89' lang='grc' dir='ltr'><strong>τὸ</strong></span> <span class='ocrx_word' id='word_1_93' title='bbox 1261 1409 1490 1479; x_wconf 80' lang='grc' dir='ltr'>ποίημα.</span> <span class='ocrx_word' id='word_1_94' title='bbox 1555 1407 1649 1459; x_wconf 86' lang='grc' dir='ltr'>Ἐκ</span> 
     </span>
    </p>
   </div>
   <div class='ocr_carea' id='block_1_15' title="bbox 47 1499 1649 1573">
    <p class='ocr_par' dir='ltr' id='par_1_15' title="bbox 47 1499 1649 1573">
     <span class='ocr_line' id='line_1_15' title="bbox 47 1499 1649 1573; baseline -0.004 -17"><span class='ocrx_word' id='word_1_95' title='bbox 47 1503 178 1572; x_wconf 85' lang='grc' dir='ltr'>γοῦν</span> <span class='ocrx_word' id='word_1_96' title='bbox 207 1503 311 1572; x_wconf 82' lang='grc' dir='ltr'>τῆς</span> <span class='ocrx_word' id='word_1_97' title='bbox 350 1502 476 1555; x_wconf 81' lang='grc' dir='ltr'>καθ’</span> <span class='ocrx_word' id='word_1_98' title='bbox 508 1503 655 1573; x_wconf 78' lang='grc' dir='ltr'>ἡμᾶς</span> <span class='ocrx_word' id='word_1_99' title='bbox 685 1502 895 1570; x_wconf 90' lang='grc' dir='ltr'>σοφίας,</span> <span class='ocrx_word' id='word_1_100' title='bbox 952 1501 1295 1573; x_wconf 81' lang='grc' dir='ltr'>ὑπεροχικῶς</span> <span class='ocrx_word' id='word_1_101' title='bbox 1347 1501 1444 1572; x_wconf 83' lang='grc' dir='ltr'><strong>τὴν</strong></span> <span class='ocrx_word' id='word_1_102' title='bbox 1499 1499 1649 1552; x_wconf 83' lang='grc' dir='ltr'>θείαν</span> 
     </span>
    </p>
   </div>
   <div class='ocr_carea' id='block_1_16' title="bbox 50 1587 1647 1663">
    <p class='ocr_par' dir='ltr' id='par_1_16' title="bbox 50 1587 1647 1663">
     <span class='ocr_line' id='line_1_16' title="bbox 50 1587 1647 1663; baseline -0.004 -18"><span class='ocrx_word' id='word_1_103' title='bbox 50 1593 245 1662; x_wconf 81' lang='grc' dir='ltr'>σοφίαν</span> <span class='ocrx_word' id='word_1_104' title='bbox 265 1592 664 1663; x_wconf 76' lang='grc' dir='ltr'>κατανοοῦμεν,</span> <span class='ocrx_word' id='word_1_105' title='bbox 693 1592 768 1655; x_wconf 83' lang='grc' dir='ltr'>ὡς</span> <span class='ocrx_word' id='word_1_106' title='bbox 805 1595 869 1645; x_wconf 82' lang='grc' dir='ltr'><strong>ἐκ</strong></span> <span class='ocrx_word' id='word_1_107' title='bbox 899 1593 1006 1644; x_wconf 86' lang='grc' dir='ltr'><strong>τῶν</strong></span> <span class='ocrx_word' id='word_1_108' title='bbox 1028 1591 1286 1646; x_wconf 79' lang='grc' dir='ltr'>αἰτιατῶν</span> <span class='ocrx_word' id='word_1_109' title='bbox 1321 1591 1420 1662; x_wconf 76' lang='grc' dir='ltr'><strong>τὴν</strong></span> <span class='ocrx_word' id='word_1_110' title='bbox 1447 1587 1647 1650; x_wconf 81' lang='grc' dir='ltr'>αἰτίαν,</span> 
     </span>
    </p>
   </div>
   <div class='ocr_carea' id='block_1_17' title="bbox 48 1683 1649 1756">
    <p class='ocr_par' dir='ltr' id='par_1_17' title="bbox 48 1683 1649 1756">
     <span class='ocr_line' id='line_1_17' title="bbox 48 1683 1649 1756; baseline -0.002 -19"><span class='ocrx_word' id='word_1_111' title='bbox 48 1685 142 1738; x_wconf 74' lang='grc' dir='ltr'><strong>καὶ</strong></span> <span class='ocrx_word' id='word_1_112' title='bbox 163 1685 267 1755; x_wconf 75' lang='grc' dir='ltr'>οὐχ</span> <span class='ocrx_word' id='word_1_113' title='bbox 303 1683 494 1748; x_wconf 82' lang='grc' dir='ltr'>ἁπλῶς</span> <span class='ocrx_word' id='word_1_114' title='bbox 542 1685 739 1749; x_wconf 88' lang='grc' dir='ltr'>αἰτίαν,</span> <span class='ocrx_word' id='word_1_115' title='bbox 784 1685 918 1738; x_wconf 84' lang='grc' dir='ltr'>ἀλλὰ</span> <span class='ocrx_word' id='word_1_116' title='bbox 967 1686 1061 1738; x_wconf 75' lang='grc' dir='ltr'><strong>καὶ</strong></span> <span class='ocrx_word' id='word_1_117' title='bbox 1107 1683 1394 1756; x_wconf 83' lang='grc' dir='ltr'>ποιητικὴν</span> <span class='ocrx_word' id='word_1_118' title='bbox 1447 1683 1649 1736; x_wconf 79' lang='grc' dir='ltr'>αἰτίαν.</span> 
     </span>
    </p>
   </div>
   <div class='ocr_carea' id='block_1_18' title="bbox 49 1773 1650 1855">
    <p class='ocr_par' dir='ltr' id='par_1_18' title="bbox 49 1773 1650 1855">
     <span class='ocr_line' id='line_1_18' title="bbox 49 1773 1650 1855; baseline -0.001 -27"><span class='ocrx_word' id='word_1_119' title='bbox 49 1778 122 1829; x_wconf 79' lang='grc' dir='ltr'><strong>Οὐ</strong></span> <span class='ocrx_word' id='word_1_120' title='bbox 151 1777 265 1848; x_wconf 70' lang='grc' dir='ltr'><strong>γὰρ</strong></span> <span class='ocrx_word' id='word_1_121' title='bbox 297 1777 661 1848; x_wconf 79' lang='grc' dir='ltr'>ὑπερπλήρης</span> <span class='ocrx_word' id='word_1_122' title='bbox 693 1777 852 1847; x_wconf 85' lang='grc' dir='ltr'>μόνον</span> <span class='ocrx_word' id='word_1_123' title='bbox 895 1777 1013 1829; x_wconf 84' lang='grc' dir='ltr'><strong>ἐστί</strong></span> <span class='ocrx_word' id='word_1_124' title='bbox 1040 1777 1138 1847; x_wconf 83' lang='grc' dir='ltr'>τῆς</span> <span class='ocrx_word' id='word_1_125' title='bbox 1163 1775 1353 1844; x_wconf 86' lang='grc' dir='ltr'>σοφίας</span> <span class='ocrx_word' id='word_1_126' title='bbox 1378 1773 1517 1827; x_wconf 80' lang='grc' dir='ltr'><strong>κατὰ</strong></span> <span class='ocrx_word' id='word_1_127' title='bbox 1551 1775 1650 1855; x_wconf 76' lang='grc' dir='ltr'>τὴν</span> 
     </span>
    </p>
   </div>
   <div class='ocr_carea' id='block_1_19' title="bbox 50 1865 1651 1938">
    <p class='ocr_par' dir='ltr' id='par_1_19' title="bbox 50 1865 1651 1938">
     <span class='ocr_line' id='line_1_19' title="bbox 50 1865 1651 1938; baseline 0.001 -22"><span class='ocrx_word' id='word_1_128' title='bbox 50 1866 89 1916; x_wconf 89' lang='grc' dir='ltr'><strong><em>Γ</em></strong></span> <span class='ocrx_word' id='word_1_129' title='bbox 95 1867 296 1938; x_wconf 77' lang='grc' dir='ltr'>ραφὴν,</span> <span class='ocrx_word' id='word_1_130' title='bbox 318 1867 417 1920; x_wconf 78' lang='grc' dir='ltr'>καὶ</span> <span class='ocrx_word' id='word_1_131' title='bbox 434 1867 542 1934; x_wconf 80' lang='grc' dir='ltr'>τῆς</span> <span class='ocrx_word' id='word_1_132' title='bbox 556 1867 862 1932; x_wconf 76' lang='grc' dir='ltr'>συνέσεως</span> <span class='ocrx_word' id='word_1_133' title='bbox 877 1867 1062 1920; x_wconf 76' lang='grc' dir='ltr'>αὐτοῦ</span> <span class='ocrx_word' id='word_1_134' title='bbox 1081 1869 1189 1920; x_wconf 71' lang='grc' dir='ltr'><strong>οὐκ</strong></span> <span class='ocrx_word' id='word_1_135' title='bbox 1205 1867 1375 1919; x_wconf 80' lang='grc' dir='ltr'>ἔστιν</span> <span class='ocrx_word' id='word_1_136' title='bbox 1389 1865 1651 1934; x_wconf 66' lang='grc' dir='ltr'>ἀριθμός,</span> 
     </span>
    </p>
   </div>
   <div class='ocr_carea' id='block_1_20' title="bbox 51 1959 1651 2030">
    <p class='ocr_par' dir='ltr' id='par_1_20' title="bbox 51 1959 1651 2030">
     <span class='ocr_line' id='line_1_20' title="bbox 51 1959 1651 2030; baseline 0.001 -19"><span class='ocrx_word' id='word_1_137' title='bbox 51 1959 186 2012; x_wconf 75' lang='grc' dir='ltr'>ἀλλὰ</span> <span class='ocrx_word' id='word_1_138' title='bbox 217 1961 315 2014; x_wconf 75' lang='grc' dir='ltr'><strong>καὶ</strong></span> <span class='ocrx_word' id='word_1_139' title='bbox 343 1961 601 2012; x_wconf 78' lang='grc' dir='ltr'>ἐπέκεινα</span> <span class='ocrx_word' id='word_1_140' title='bbox 641 1961 820 2030; x_wconf 74' lang='grc' dir='ltr'>πάσης</span> <span class='ocrx_word' id='word_1_141' title='bbox 850 1961 1041 2029; x_wconf 82' lang='grc' dir='ltr'>σοφίας</span> <span class='ocrx_word' id='word_1_142' title='bbox 1072 1960 1210 2014; x_wconf 83' lang='grc' dir='ltr'>ἐστί.</span> <span class='ocrx_word' id='word_1_143' title='bbox 1243 1959 1415 2012; x_wconf 88' lang='grc' dir='ltr'>Τοῦτο</span> <span class='ocrx_word' id='word_1_144' title='bbox 1453 1961 1651 2029; x_wconf 85' lang='grc' dir='ltr'>νοήσας</span> 
     </span>
    </p>
   </div>
   <div class='ocr_carea' id='block_1_21' title="bbox 1743 758 3344 830">
    <p class='ocr_par' dir='ltr' id='par_1_21' title="bbox 1743 758 3344 830">
     <span class='ocr_line' id='line_1_21' title="bbox 1743 758 3344 830; baseline -0.003 -10"><span class='ocrx_word' id='word_1_145' title='bbox 1743 767 2027 830; x_wconf 91' lang='lat' dir='ltr'><strong>ipsammet</strong></span> <span class='ocrx_word' id='word_1_146' title='bbox 2046 763 2238 815; x_wconf 83' lang='lat' dir='ltr'><strong>bonam</strong></span> <span class='ocrx_word' id='word_1_147' title='bbox 2263 766 2316 812; x_wconf 92' lang='lat' dir='ltr'><strong>et</strong></span> <span class='ocrx_word' id='word_1_148' title='bbox 2341 768 2596 813; x_wconf 71' lang='lat' dir='ltr'><strong>mternam</strong></span> <span class='ocrx_word' id='word_1_149' title='bbox 2618 759 2782 812; x_wconf 81' lang='lat' dir='ltr'><strong>vitam</strong></span> <span class='ocrx_word' id='word_1_150' title='bbox 2809 758 2974 812; x_wconf 86' lang='lat' dir='ltr'><strong>Deum</strong></span> <span class='ocrx_word' id='word_1_151' title='bbox 3003 761 3344 816; x_wconf 68' lang='lat' dir='ltr'><strong>celebremus</strong></span> 
     </span>
    </p>
   </div>
   <div class='ocr_carea' id='block_1_22' title="bbox 1744 850 3337 918">
    <p class='ocr_par' dir='ltr' id='par_1_22' title="bbox 1744 850 3337 918">
     <span class='ocr_line' id='line_1_22' title="bbox 1744 850 3337 918; baseline -0.001 -12"><span class='ocrx_word' id='word_1_152' title='bbox 1744 853 1909 906; x_wconf 90' lang='lat' dir='ltr'><strong>etiam</strong></span> <span class='ocrx_word' id='word_1_153' title='bbox 1955 863 2012 905; x_wconf 90' lang='lat' dir='ltr'><strong>ut</strong></span> <span class='ocrx_word' id='word_1_154' title='bbox 2077 851 2398 918; x_wconf 84' lang='lat' dir='ltr'><strong>sapientem.</strong></span> <span class='ocrx_word' id='word_1_155' title='bbox 2456 850 2628 904; x_wconf 83' lang='lat' dir='ltr'><strong>Antea</strong></span> <span class='ocrx_word' id='word_1_156' title='bbox 2673 850 2819 902; x_wconf 90' lang='lat' dir='ltr'><strong>enim</strong></span> <span class='ocrx_word' id='word_1_157' title='bbox 2877 851 3115 915; x_wconf 82' lang='lat' dir='ltr'><strong>dixerat,</strong></span> <span class='ocrx_word' id='word_1_158' title='bbox 3179 865 3337 906; x_wconf 86' lang='lat' dir='ltr'><strong>nosa</strong></span> 
     </span>
    </p>
   </div>
   <div class='ocr_carea' id='block_1_23' title="bbox 1747 944 3337 1014">
    <p class='ocr_par' dir='ltr' id='par_1_23' title="bbox 1747 944 3337 1014">
     <span class='ocr_line' id='line_1_23' title="bbox 1747 944 3337 1014; baseline 0 -16"><span class='ocrx_word' id='word_1_159' title='bbox 1747 947 1909 999; x_wconf 87' lang='lat' dir='ltr'><strong>rebus</strong></span> <span class='ocrx_word' id='word_1_160' title='bbox 1966 945 2168 998; x_wconf 75' lang='lat' dir='ltr'><strong>nostris</strong></span> <span class='ocrx_word' id='word_1_161' title='bbox 2193 959 2256 998; x_wconf 85' lang='lat' dir='ltr'><strong>ea</strong></span> <span class='ocrx_word' id='word_1_162' title='bbox 2283 958 2402 1012; x_wconf 69' lang='lat' dir='ltr'><strong>qua:</strong></span> <span class='ocrx_word' id='word_1_163' title='bbox 2427 959 2588 1010; x_wconf 87' lang='lat' dir='ltr'><strong>supra</strong></span> <span class='ocrx_word' id='word_1_164' title='bbox 2616 959 2715 998; x_wconf 88' lang='lat' dir='ltr'><strong>nos</strong></span> <span class='ocrx_word' id='word_1_165' title='bbox 2739 954 2864 998; x_wconf 88' lang='lat' dir='ltr'><strong>sunt</strong></span> <span class='ocrx_word' id='word_1_166' title='bbox 2916 944 3174 1014; x_wconf 76' lang='lat' dir='ltr'><strong>colligere</strong></span> <span class='ocrx_word' id='word_1_167' title='bbox 3199 961 3215 1009; x_wconf 89' lang='lat'><strong>;</strong></span> <span class='ocrx_word' id='word_1_168' title='bbox 3251 947 3337 998; x_wconf 88' lang='lat' dir='ltr'><strong>id-</strong></span> 
     </span>
    </p>
   </div>
   <div class='ocr_carea' id='block_1_24' title="bbox 1749 1036 3334 1108">
    <p class='ocr_par' dir='ltr' id='par_1_24' title="bbox 1749 1036 3334 1108">
     <span class='ocr_line' id='line_1_24' title="bbox 1749 1036 3334 1108; baseline 0.001 -17"><span class='ocrx_word' id='word_1_169' title='bbox 1749 1039 1917 1101; x_wconf 84' lang='lat' dir='ltr'><strong>circo,</strong></span> <span class='ocrx_word' id='word_1_170' title='bbox 1937 1039 2092 1108; x_wconf 86' lang='lat' dir='ltr'><strong>quasi</strong></span> <span class='ocrx_word' id='word_1_171' title='bbox 2123 1053 2180 1092; x_wconf 92' lang='lat' dir='ltr'><strong>se</strong></span> <span class='ocrx_word' id='word_1_172' title='bbox 2204 1038 2510 1108; x_wconf 70' lang='lat' dir='ltr'><strong>corrigens,</strong></span> <span class='ocrx_word' id='word_1_173' title='bbox 2530 1038 2646 1090; x_wconf 86' lang='lat' dir='ltr'><strong>ait:</strong></span> <span class='ocrx_word' id='word_1_174' title='bbox 2678 1036 2816 1104; x_wconf 86' lang='lat' dir='ltr'><strong>Quin</strong></span> <span class='ocrx_word' id='word_1_175' title='bbox 2850 1039 3050 1106; x_wconf 81' lang='lat' dir='ltr'><strong>potius,</strong></span> <span class='ocrx_word' id='word_1_176' title='bbox 3071 1049 3334 1108; x_wconf 85' lang='lat' dir='ltr'><strong>tanquam</strong></span> 
     </span>
    </p>
   </div>
   <div class='ocr_carea' id='block_1_25' title="bbox 1749 1130 3340 1200">
    <p class='ocr_par' dir='ltr' id='par_1_25' title="bbox 1749 1130 3340 1200">
     <span class='ocr_line' id='line_1_25' title="bbox 1749 1130 3340 1200; baseline 0.001 -17"><span class='ocrx_word' id='word_1_177' title='bbox 1749 1131 1925 1184; x_wconf 73' lang='lat' dir='ltr'><strong>ominis</strong></span> <span class='ocrx_word' id='word_1_178' title='bbox 1971 1131 2249 1200; x_wconf 74' lang='lat' dir='ltr'><strong>sapientiae</strong></span> <span class='ocrx_word' id='word_1_179' title='bbox 2283 1145 2403 1199; x_wconf 79' lang='lat' dir='ltr'><strong>quae</strong></span> <span class='ocrx_word' id='word_1_180' title='bbox 2440 1130 2654 1184; x_wconf 90' lang='lat' dir='ltr'><strong>scilicet</strong></span> <span class='ocrx_word' id='word_1_181' title='bbox 2685 1130 2737 1182; x_wconf 92' lang='lat' dir='ltr'><strong>in</strong></span> <span class='ocrx_word' id='word_1_182' title='bbox 2771 1130 2980 1197; x_wconf 79' lang='lat' dir='ltr'><strong>angelis</strong></span> <span class='ocrx_word' id='word_1_183' title='bbox 3019 1140 3073 1185; x_wconf 90' lang='lat' dir='ltr'><strong>et</strong></span> <span class='ocrx_word' id='word_1_184' title='bbox 3103 1131 3340 1185; x_wconf 86' lang='lat' dir='ltr'><strong>homini--</strong></span> 
     </span>
    </p>
   </div>
   <div class='ocr_carea' id='block_1_26' title="bbox 1752 1223 3341 1291">
    <p class='ocr_par' dir='ltr' id='par_1_26' title="bbox 1752 1223 3341 1291">
     <span class='ocr_line' id='line_1_26' title="bbox 1752 1223 3341 1291; baseline 0 -14"><span class='ocrx_word' id='word_1_185' title='bbox 1752 1225 1856 1277; x_wconf 88' lang='lat' dir='ltr'><strong>bus</strong></span> <span class='ocrx_word' id='word_1_186' title='bbox 1880 1232 1963 1277; x_wconf 84' lang='lat' dir='ltr'><strong>est</strong></span> <span class='ocrx_word' id='word_1_187' title='bbox 1992 1239 2213 1277; x_wconf 87' lang='lat' dir='ltr'><strong>causam</strong></span> <span class='ocrx_word' id='word_1_188' title='bbox 2239 1233 2293 1276; x_wconf 87' lang='lat' dir='ltr'><strong>et</strong></span> <span class='ocrx_word' id='word_1_189' title='bbox 2322 1237 2487 1291; x_wconf 84' lang='lat' dir='ltr'><strong>supra</strong></span> <span class='ocrx_word' id='word_1_190' title='bbox 2517 1237 2730 1277; x_wconf 86' lang='lat' dir='ltr'><strong>onmem</strong></span> <span class='ocrx_word' id='word_1_191' title='bbox 2756 1223 3077 1288; x_wconf 84' lang='lat' dir='ltr'><strong>sapientiam</strong></span> <span class='ocrx_word' id='word_1_192' title='bbox 3102 1235 3156 1278; x_wconf 89' lang='lat' dir='ltr'><strong>et</strong></span> <span class='ocrx_word' id='word_1_193' title='bbox 3185 1239 3341 1280; x_wconf 87' lang='lat' dir='ltr'><strong>eom-</strong></span> 
     </span>
    </p>
   </div>
   <div class='ocr_carea' id='block_1_27' title="bbox 1752 1314 3336 1384">
    <p class='ocr_par' dir='ltr' id='par_1_27' title="bbox 1752 1314 3336 1384">
     <span class='ocr_line' id='line_1_27' title="bbox 1752 1314 3336 1384; baseline 0.001 -15"><span class='ocrx_word' id='word_1_194' title='bbox 1752 1316 2077 1384; x_wconf 84' lang='lat' dir='ltr'><strong>positionem</strong></span> <span class='ocrx_word' id='word_1_195' title='bbox 2099 1315 2481 1379; x_wconf 85' lang='lat' dir='ltr'><strong>eminentem;</strong></span> <span class='ocrx_word' id='word_1_196' title='bbox 2544 1314 2686 1367; x_wconf 90' lang='lat' dir='ltr'><strong>nnlla</strong></span> <span class='ocrx_word' id='word_1_197' title='bbox 2722 1317 2868 1368; x_wconf 82' lang='lat' dir='ltr'><strong>enim</strong></span> <span class='ocrx_word' id='word_1_198' title='bbox 2931 1317 3144 1370; x_wconf 85' lang='lat' dir='ltr'><strong>ratione</strong></span> <span class='ocrx_word' id='word_1_199' title='bbox 3198 1331 3336 1371; x_wconf 89' lang='lat' dir='ltr'><strong>con-</strong></span> 
     </span>
    </p>
   </div>
   <div class='ocr_carea' id='block_1_28' title="bbox 1753 1405 3338 1478">
    <p class='ocr_par' dir='ltr' id='par_1_28' title="bbox 1753 1405 3338 1478">
     <span class='ocr_line' id='line_1_28' title="bbox 1753 1405 3338 1478; baseline 0.003 -18"><span class='ocrx_word' id='word_1_200' title='bbox 1753 1408 2069 1477; x_wconf 87' lang='lat' dir='ltr'><strong>gruentiave</strong></span> <span class='ocrx_word' id='word_1_201' title='bbox 2101 1405 2465 1470; x_wconf 77' lang='lat' dir='ltr'><strong>concluditur,</strong></span> <span class='ocrx_word' id='word_1_202' title='bbox 2500 1422 2722 1460; x_wconf 88' lang='lat' dir='ltr'><strong>causam</strong></span> <span class='ocrx_word' id='word_1_203' title='bbox 2751 1406 3058 1462; x_wconf 78' lang='lat' dir='ltr'><strong>ell‘eetivam</strong></span> <span class='ocrx_word' id='word_1_204' title='bbox 3104 1409 3338 1478; x_wconf 83' lang='lat' dir='ltr'><strong>alicujus</strong></span> 
     </span>
    </p>
   </div>
   <div class='ocr_carea' id='block_1_29' title="bbox 1754 1493 3339 1570">
    <p class='ocr_par' dir='ltr' id='par_1_29' title="bbox 1754 1493 3339 1570">
     <span class='ocr_line' id='line_1_29' title="bbox 1754 1493 3339 1570; baseline 0.003 -20"><span class='ocrx_word' id='word_1_205' title='bbox 1754 1495 1985 1550; x_wconf 90' lang='lat' dir='ltr'><strong>similem</strong></span> <span class='ocrx_word' id='word_1_206' title='bbox 2017 1510 2136 1549; x_wconf 80' lang='lat' dir='ltr'><strong>esse</strong></span> <span class='ocrx_word' id='word_1_207' title='bbox 2188 1493 2426 1549; x_wconf 80' lang='lat' dir='ltr'><strong>eil‘cctui.</strong></span> <span class='ocrx_word' id='word_1_208' title='bbox 2482 1495 2560 1548; x_wconf 91' lang='lat' dir='ltr'><strong>Ex</strong></span> <span class='ocrx_word' id='word_1_209' title='bbox 2595 1508 2782 1550; x_wconf 87' lang='lat' dir='ltr'><strong>nostra</strong></span> <span class='ocrx_word' id='word_1_210' title='bbox 2832 1498 3016 1566; x_wconf 81' lang='lat' dir='ltr'><strong>itaque</strong></span> <span class='ocrx_word' id='word_1_211' title='bbox 3072 1500 3339 1570; x_wconf 82' lang='lat' dir='ltr'><strong>sapientia</strong></span> 
     </span>
    </p>
   </div>
   <div class='ocr_carea' id='block_1_30' title="bbox 1755 1589 3344 1662">
    <p class='ocr_par' dir='ltr' id='par_1_30' title="bbox 1755 1589 3344 1662">
     <span class='ocr_line' id='line_1_30' title="bbox 1755 1589 3344 1662; baseline 0.001 -18"><span class='ocrx_word' id='word_1_212' title='bbox 1755 1591 1992 1644; x_wconf 71' lang='lat' dir='ltr'><strong>divinam</strong></span> <span class='ocrx_word' id='word_1_213' title='bbox 2027 1589 2353 1654; x_wconf 86' lang='lat' dir='ltr'><strong>sapientiam</strong></span> <span class='ocrx_word' id='word_1_214' title='bbox 2387 1606 2484 1658; x_wconf 90' lang='lat' dir='ltr'><strong>per</strong></span> <span class='ocrx_word' id='word_1_215' title='bbox 2506 1605 2790 1645; x_wconf 85' lang='lat' dir='ltr'><strong>excessum</strong></span> <span class='ocrx_word' id='word_1_216' title='bbox 2823 1591 3197 1662; x_wconf 90' lang='lat' dir='ltr'><strong>intelligimus,</strong></span> <span class='ocrx_word' id='word_1_217' title='bbox 3231 1595 3344 1648; x_wconf 74' lang='lat' dir='ltr'><strong>r-ic-</strong></span> 
     </span>
    </p>
   </div>
   <div class='ocr_carea' id='block_1_31' title="bbox 1757 1682 3334 1753">
    <p class='ocr_par' dir='ltr' id='par_1_31' title="bbox 1757 1682 3334 1753">
     <span class='ocr_line' id='line_1_31' title="bbox 1757 1682 3334 1753; baseline 0.001 -17"><span class='ocrx_word' id='word_1_218' title='bbox 1757 1691 1816 1736; x_wconf 85' lang='lat' dir='ltr'><strong>ut</strong></span> <span class='ocrx_word' id='word_1_219' title='bbox 1843 1697 1909 1736; x_wconf 86' lang='lat' dir='ltr'><strong>ex</strong></span> <span class='ocrx_word' id='word_1_220' title='bbox 1941 1682 2148 1738; x_wconf 74' lang='lat' dir='ltr'><strong>eﬂ‘ectis</strong></span> <span class='ocrx_word' id='word_1_221' title='bbox 2199 1699 2445 1746; x_wconf 85' lang='lat' dir='ltr'><strong>causam,</strong></span> <span class='ocrx_word' id='word_1_222' title='bbox 2481 1694 2534 1735; x_wconf 91' lang='lat' dir='ltr'><strong>ct</strong></span> <span class='ocrx_word' id='word_1_223' title='bbox 2588 1700 2692 1737; x_wconf 93' lang='lat' dir='ltr'><strong>non</strong></span> <span class='ocrx_word' id='word_1_224' title='bbox 2741 1685 3063 1753; x_wconf 83' lang='lat' dir='ltr'><strong>simpliciter</strong></span> <span class='ocrx_word' id='word_1_225' title='bbox 3089 1701 3334 1745; x_wconf 88' lang='lat' dir='ltr'><strong>causam,</strong></span> 
     </span>
    </p>
   </div>
   <div class='ocr_carea' id='block_1_32' title="bbox 1757 1773 3358 1846">
    <p class='ocr_par' dir='ltr' id='par_1_32' title="bbox 1757 1773 3358 1846">
     <span class='ocr_line' id='line_1_32' title="bbox 1757 1773 3358 1846; baseline 0.001 -17"><span class='ocrx_word' id='word_1_226' title='bbox 1757 1776 1852 1829; x_wconf 88' lang='lat' dir='ltr'><strong>sed</strong></span> <span class='ocrx_word' id='word_1_227' title='bbox 1885 1790 2102 1830; x_wconf 89' lang='lat' dir='ltr'><strong>causam</strong></span> <span class='ocrx_word' id='word_1_228' title='bbox 2135 1773 2478 1830; x_wconf 78' lang='lat' dir='ltr'><strong>eﬂieientem.</strong></span> <span class='ocrx_word' id='word_1_229' title='bbox 2539 1774 2655 1829; x_wconf 85' lang='lat' dir='ltr'><strong>Non</strong></span> <span class='ocrx_word' id='word_1_230' title='bbox 2704 1776 2850 1830; x_wconf 89' lang='lat' dir='ltr'><strong>enim</strong></span> <span class='ocrx_word' id='word_1_231' title='bbox 2881 1777 3148 1832; x_wconf 81' lang='lat' dir='ltr'><strong>duntaxat</strong></span> <span class='ocrx_word' id='word_1_232' title='bbox 3177 1795 3358 1846; x_wconf 83' lang='lat' dir='ltr'><strong>supra-</strong></span> 
     </span>
    </p>
   </div>
   <div class='ocr_carea' id='block_1_33' title="bbox 1759 1865 3340 1937">
    <p class='ocr_par' dir='ltr' id='par_1_33' title="bbox 1759 1865 3340 1937">
     <span class='ocr_line' id='line_1_33' title="bbox 1759 1865 3340 1937; baseline 0.004 -20"><span class='ocrx_word' id='word_1_233' title='bbox 1759 1883 1921 1935; x_wconf 87' lang='lat' dir='ltr'><strong>qnam</strong></span> <span class='ocrx_word' id='word_1_234' title='bbox 1947 1865 2136 1935; x_wconf 88' lang='lat' dir='ltr'><strong>plenus</strong></span> <span class='ocrx_word' id='word_1_235' title='bbox 2157 1876 2240 1921; x_wconf 91' lang='lat' dir='ltr'><strong>est</strong></span> <span class='ocrx_word' id='word_1_236' title='bbox 2265 1867 2553 1936; x_wconf 85' lang='lat' dir='ltr'><strong>sapientia,</strong></span> <span class='ocrx_word' id='word_1_237' title='bbox 2586 1866 2740 1934; x_wconf 89' lang='lat' dir='ltr'><strong>juxta</strong></span> <span class='ocrx_word' id='word_1_238' title='bbox 2769 1868 3128 1937; x_wconf 88' lang='lat' dir='ltr'><strong>Scripturam,</strong></span> <span class='ocrx_word' id='word_1_239' title='bbox 3159 1881 3211 1926; x_wconf 72' lang='lat' dir='ltr'><strong>et</strong></span> <span class='ocrx_word' id='word_1_240' title='bbox 3254 1872 3340 1924; x_wconf 83' lang='lat' dir='ltr'><strong>in-</strong></span> 
     </span>
    </p>
   </div>
   <div class='ocr_carea' id='block_1_34' title="bbox 1763 1958 3342 2034">
    <p class='ocr_par' dir='ltr' id='par_1_34' title="bbox 1763 1958 3342 2034">
     <span class='ocr_line' id='line_1_34' title="bbox 1763 1958 3342 2034; baseline 0.006 -24"><span class='ocrx_word' id='word_1_241' title='bbox 1763 1958 2059 2028; x_wconf 75' lang='lat' dir='ltr'><strong>telligentia:</strong></span> <span class='ocrx_word' id='word_1_242' title='bbox 2084 1959 2198 2027; x_wconf 82' lang='lat' dir='ltr'><strong>ejus</strong></span> <span class='ocrx_word' id='word_1_243' title='bbox 2223 1974 2326 2011; x_wconf 82' lang='lat' dir='ltr'><strong>non</strong></span> <span class='ocrx_word' id='word_1_244' title='bbox 2345 1969 2421 2012; x_wconf 82' lang='lat' dir='ltr'><strong>est</strong></span> <span class='ocrx_word' id='word_1_245' title='bbox 2443 1975 2688 2012; x_wconf 76' lang='lat' dir='ltr'><strong>numerus</strong></span> <span class='ocrx_word' id='word_1_246' title='bbox 2703 1970 2749 2026; x_wconf 86' lang='grc' dir='ltr'>ι’,</span> <span class='ocrx_word' id='word_1_247' title='bbox 2776 1975 2962 2015; x_wconf 82' lang='lat' dir='ltr'><strong>verum</strong></span> <span class='ocrx_word' id='word_1_248' title='bbox 2989 1965 3150 2017; x_wconf 88' lang='lat' dir='ltr'><strong>etiam</strong></span> <span class='ocrx_word' id='word_1_249' title='bbox 3175 1981 3342 2034; x_wconf 87' lang='lat' dir='ltr'><strong>supra</strong></span> 
     </span>
    </p>
   </div>
   <div class='ocr_carea' id='block_1_35' title="bbox 51 2035 1539 2124">
    <p class='ocr_par' dir='ltr' id='par_1_35' title="bbox 51 2051 1539 2124">
     <span class='ocr_line' id='line_1_35' title="bbox 51 2051 1539 2124; baseline -0.001 -18"><span class='ocrx_word' id='word_1_250' title='bbox 51 2054 147 2107; x_wconf 67' lang='grc' dir='ltr'><strong>καὶ</strong></span> <span class='ocrx_word' id='word_1_251' title='bbox 178 2053 208 2104; x_wconf 82' lang='lat'><strong>6</strong></span> <span class='ocrx_word' id='word_1_252' title='bbox 255 2053 433 2122; x_wconf 88' lang='grc' dir='ltr'>μέγας</span> <span class='ocrx_word' id='word_1_253' title='bbox 466 2052 700 2117; x_wconf 89' lang='grc' dir='ltr'>Παῦλος,</span> <span class='ocrx_word' id='word_1_254' title='bbox 727 2054 754 2104; x_wconf 98' lang='lat'><strong>6</strong></span> <span class='ocrx_word' id='word_1_255' title='bbox 778 2053 954 2117; x_wconf 78' lang='grc' dir='ltr'>κοινὸς</span> <span class='ocrx_word' id='word_1_256' title='bbox 984 2053 1116 2124; x_wconf 81' lang='grc' dir='ltr'>ἐμοῦ</span> <span class='ocrx_word' id='word_1_257' title='bbox 1149 2071 1207 2106; x_wconf 77' lang='grc' dir='ltr'><strong>τε</strong></span> <span class='ocrx_word' id='word_1_258' title='bbox 1238 2051 1440 2106; x_wconf 73' lang='grc' dir='ltr'>καὶτοῦ</span> <span class='ocrx_word' id='word_1_259' title='bbox 1473 2070 1539 2105; x_wconf 89' lang='grc' dir='ltr'><strong>κα</strong></span> 
     </span>
    </p>
   </div>
   <div class='ocr_carea' id='block_1_36' title="bbox 1850 2035 3338 2124">
    <p class='ocr_par' dir='ltr' id='par_1_36' title="bbox 1850 2047 3338 2124">
     <span class='ocr_line' id='line_1_36' title="bbox 1850 2047 3338 2124; baseline 0.005 -22"><span class='ocrx_word' id='word_1_260' title='bbox 1850 2065 1962 2102; x_wconf 73' lang='lat' dir='ltr'><strong>item</strong></span> <span class='ocrx_word' id='word_1_261' title='bbox 2003 2048 2322 2110; x_wconf 85' lang='lat' dir='ltr'><strong>sapientiam</strong></span> <span class='ocrx_word' id='word_1_262' title='bbox 2386 2047 2598 2102; x_wconf 77' lang='lat' dir='ltr'><strong>existit.</strong></span> <span class='ocrx_word' id='word_1_263' title='bbox 2646 2049 2761 2104; x_wconf 78' lang='lat' dir='ltr'><strong>Hoc</strong></span> <span class='ocrx_word' id='word_1_264' title='bbox 2815 2052 3126 2124; x_wconf 79' lang='lat' dir='ltr'><strong>intelligens</strong></span> <span class='ocrx_word' id='word_1_265' title='bbox 3173 2057 3338 2111; x_wconf 90' lang='lat' dir='ltr'><strong>etiam</strong></span> 
     </span>
    </p>
   </div>
   <div class='ocr_carea' id='block_1_37' title="bbox 53 2143 1650 2215">
    <p class='ocr_par' dir='ltr' id='par_1_37' title="bbox 53 2143 1650 2215">
     <span class='ocr_line' id='line_1_37' title="bbox 53 2143 1650 2215; baseline 0 -20"><span class='ocrx_word' id='word_1_266' title='bbox 53 2143 287 2214; x_wconf 88' lang='grc' dir='ltr'>γεμόνος</span> <span class='ocrx_word' id='word_1_267' title='bbox 329 2144 596 2214; x_wconf 85' lang='grc' dir='ltr'>Ἱεροθέου</span> <span class='ocrx_word' id='word_1_268' title='bbox 628 2143 798 2215; x_wconf 79' lang='grc' dir='ltr'>ἥλιος,</span> <span class='ocrx_word' id='word_1_269' title='bbox 839 2145 910 2197; x_wconf 80' lang='grc' dir='ltr'><strong>Τὸ</strong></span> <span class='ocrx_word' id='word_1_270' title='bbox 955 2143 1158 2214; x_wconf 71' lang='grc' dir='ltr'>μωρόν</span> <span class='ocrx_word' id='word_1_271' title='bbox 1195 2143 1300 2197; x_wconf 85' lang='grc' dir='ltr'><strong>τοῦ</strong></span> <span class='ocrx_word' id='word_1_272' title='bbox 1339 2143 1506 2205; x_wconf 84' lang='grc' dir='ltr'>Θεοῦ,</span> <span class='ocrx_word' id='word_1_273' title='bbox 1546 2159 1650 2196; x_wconf 82' lang='grc' dir='ltr'>σο-</span> 
     </span>
    </p>
   </div>
   <div class='ocr_carea' id='block_1_38' title="bbox 52 2233 1648 2307">
    <p class='ocr_par' dir='ltr' id='par_1_38' title="bbox 52 2233 1648 2307">
     <span class='ocr_line' id='line_1_38' title="bbox 52 2233 1648 2307; baseline -0.001 -18"><span class='ocrx_word' id='word_1_274' title='bbox 52 2235 324 2305; x_wconf 62' lang='grc' dir='ltr'>φώτερον</span> <span class='ocrx_word' id='word_1_275' title='bbox 354 2236 476 2290; x_wconf 83' lang='grc' dir='ltr'>τῶν</span> <span class='ocrx_word' id='word_1_276' title='bbox 504 2235 830 2305; x_wconf 77' lang='grc' dir='ltr'>ἀνθρώπων</span> <span class='ocrx_word' id='word_1_277' title='bbox 867 2237 1066 2307; x_wconf 77' lang='grc' dir='ltr'>ἔφησεν</span> <span class='ocrx_word' id='word_1_278' title='bbox 1096 2233 1256 2300; x_wconf 80' lang='grc' dir='ltr'>εἶναι,</span> <span class='ocrx_word' id='word_1_279' title='bbox 1289 2237 1348 2288; x_wconf 84' lang='grc' dir='ltr'><strong>οὐ</strong></span> <span class='ocrx_word' id='word_1_280' title='bbox 1381 2235 1539 2306; x_wconf 86' lang='grc' dir='ltr'>μόνον</span> <span class='ocrx_word' id='word_1_281' title='bbox 1568 2237 1648 2288; x_wconf 81' lang='grc' dir='ltr'><strong>ὅτι</strong></span> 
     </span>
    </p>
   </div>
   <div class='ocr_carea' id='block_1_39' title="bbox 56 2319 1650 2395">
    <p class='ocr_par' dir='ltr' id='par_1_39' title="bbox 56 2319 1650 2395">
     <span class='ocr_line' id='line_1_39' title="bbox 56 2319 1650 2395; baseline 0 -21"><span class='ocrx_word' id='word_1_282' title='bbox 56 2323 462 2395; x_wconf 77' lang='grc' dir='ltr'>συγκρινομένη</span> <span class='ocrx_word' id='word_1_283' title='bbox 492 2324 526 2392; x_wconf 87' lang='grc' dir='ltr'>ἡ</span> <span class='ocrx_word' id='word_1_284' title='bbox 565 2321 808 2392; x_wconf 81' lang='grc' dir='ltr'>ἡμετέρα</span> <span class='ocrx_word' id='word_1_285' title='bbox 833 2321 1034 2390; x_wconf 85' lang='grc' dir='ltr'>γνῶσις</span> <span class='ocrx_word' id='word_1_286' title='bbox 1065 2321 1200 2392; x_wconf 77' lang='grc' dir='ltr'>πρὸς</span> <span class='ocrx_word' id='word_1_287' title='bbox 1221 2319 1319 2392; x_wconf 78' lang='grc' dir='ltr'><strong>τὴν</strong></span> <span class='ocrx_word' id='word_1_288' title='bbox 1361 2321 1510 2375; x_wconf 82' lang='grc' dir='ltr'>Θείαν</span> <span class='ocrx_word' id='word_1_289' title='bbox 1557 2322 1650 2374; x_wconf 70' lang='grc' dir='ltr'><strong>καὶ</strong></span> 
     </span>
    </p>
   </div>
   <div class='ocr_carea' id='block_1_40' title="bbox 55 2411 1651 2485">
    <p class='ocr_par' dir='ltr' id='par_1_40' title="bbox 55 2411 1651 2485">
     <span class='ocr_line' id='line_1_40' title="bbox 55 2411 1651 2485; baseline -0.003 -17"><span class='ocrx_word' id='word_1_290' title='bbox 55 2413 296 2484; x_wconf 77' lang='grc' dir='ltr'>ἀπλανῆ,</span> <span class='ocrx_word' id='word_1_291' title='bbox 323 2413 501 2485; x_wconf 83' lang='grc' dir='ltr'>πλάνη</span> <span class='ocrx_word' id='word_1_292' title='bbox 533 2412 822 2482; x_wconf 80' lang='grc' dir='ltr'>λογίζεται,</span> <span class='ocrx_word' id='word_1_293' title='bbox 855 2411 969 2465; x_wconf 82' lang='grc' dir='ltr'>ἀλλ’</span> <span class='ocrx_word' id='word_1_294' title='bbox 993 2413 1076 2465; x_wconf 82' lang='grc' dir='ltr'><strong>ὅτι</strong></span> <span class='ocrx_word' id='word_1_295' title='bbox 1108 2413 1201 2466; x_wconf 78' lang='grc' dir='ltr'><strong>καί</strong></span> <span class='ocrx_word' id='word_1_296' title='bbox 1243 2413 1364 2477; x_wconf 76' lang='grc' dir='ltr'>ἔθος</span> <span class='ocrx_word' id='word_1_297' title='bbox 1391 2415 1502 2476; x_wconf 85' lang='grc' dir='ltr'>τοῖς</span> <span class='ocrx_word' id='word_1_298' title='bbox 1532 2413 1651 2465; x_wconf 86' lang='grc' dir='ltr'>θεο-</span> 
     </span>
    </p>
   </div>
   <div class='ocr_carea' id='block_1_41' title="bbox 55 2504 1651 2578">
    <p class='ocr_par' dir='ltr' id='par_1_41' title="bbox 55 2504 1651 2578">
     <span class='ocr_line' id='line_1_41' title="bbox 55 2504 1651 2578; baseline 0 -20"><span class='ocrx_word' id='word_1_299' title='bbox 55 2507 256 2576; x_wconf 80' lang='grc' dir='ltr'>λόγοις,</span> <span class='ocrx_word' id='word_1_300' title='bbox 285 2507 428 2560; x_wconf 77' lang='grc' dir='ltr'>κατά</span> <span class='ocrx_word' id='word_1_301' title='bbox 448 2522 572 2558; x_wconf 89' lang='grc' dir='ltr'>τινα</span> <span class='ocrx_word' id='word_1_302' title='bbox 603 2505 953 2559; x_wconf 79' lang='grc' dir='ltr'>ἀντιπάθειαν</span> <span class='ocrx_word' id='word_1_303' title='bbox 983 2504 1090 2558; x_wconf 86' lang='grc' dir='ltr'><strong>τῶν</strong></span> <span class='ocrx_word' id='word_1_304' title='bbox 1116 2506 1422 2578; x_wconf 81' lang='grc' dir='ltr'>ἡμετέρων,</span> <span class='ocrx_word' id='word_1_305' title='bbox 1459 2507 1524 2558; x_wconf 83' lang='grc' dir='ltr'><strong>ἐκ</strong></span> <span class='ocrx_word' id='word_1_306' title='bbox 1550 2506 1651 2574; x_wconf 80' lang='grc' dir='ltr'>τῆς</span> 
     </span>
    </p>
   </div>
   <div class='ocr_carea' id='block_1_42' title="bbox 58 2596 1650 2671">
    <p class='ocr_par' dir='ltr' id='par_1_42' title="bbox 58 2596 1650 2671">
     <span class='ocr_line' id='line_1_42' title="bbox 58 2596 1650 2671; baseline -0.002 -17"><span class='ocrx_word' id='word_1_307' title='bbox 58 2602 366 2671; x_wconf 83' lang='grc' dir='ltr'>στερήσεως</span> <span class='ocrx_word' id='word_1_308' title='bbox 395 2599 737 2668; x_wconf 83' lang='grc' dir='ltr'>ἀποφάσκειν</span> <span class='ocrx_word' id='word_1_309' title='bbox 758 2596 826 2650; x_wconf 76' lang='grc' dir='ltr'>τὰ</span> <span class='ocrx_word' id='word_1_310' title='bbox 848 2596 1100 2660; x_wconf 87' lang='grc' dir='ltr'>θεῖα,τῶν</span> <span class='ocrx_word' id='word_1_311' title='bbox 1130 2597 1415 2668; x_wconf 80' lang='grc' dir='ltr'>ἡμετέρων</span> <span class='ocrx_word' id='word_1_312' title='bbox 1450 2598 1650 2669; x_wconf 84' lang='grc' dir='ltr'>μᾶλλον</span> 
     </span>
    </p>
   </div>
   <div class='ocr_carea' id='block_1_43' title="bbox 58 2687 1650 2761">
    <p class='ocr_par' dir='ltr' id='par_1_43' title="bbox 58 2687 1650 2761">
     <span class='ocr_line' id='line_1_43' title="bbox 58 2687 1650 2761; baseline -0.001 -18"><span class='ocrx_word' id='word_1_313' title='bbox 58 2693 119 2743; x_wconf 88' lang='grc' dir='ltr'><strong>ἐκ</strong></span> <span class='ocrx_word' id='word_1_314' title='bbox 143 2690 254 2744; x_wconf 85' lang='grc' dir='ltr'><strong>τῶν</strong></span> <span class='ocrx_word' id='word_1_315' title='bbox 287 2690 459 2757; x_wconf 77' lang='grc' dir='ltr'>’ἕξεων</span> <span class='ocrx_word' id='word_1_316' title='bbox 499 2690 956 2761; x_wconf 58' lang='grc' dir='ltr'>ὀνομαζομένων</span> <span class='ocrx_word' id='word_1_317' title='bbox 1005 2687 1146 2741; x_wconf 79' lang='grc' dir='ltr'>οὕτω</span> <span class='ocrx_word' id='word_1_318' title='bbox 1187 2688 1296 2761; x_wconf 81' lang='grc' dir='ltr'>γὰρ</span> <span class='ocrx_word' id='word_1_319' title='bbox 1324 2688 1576 2760; x_wconf 85' lang='grc' dir='ltr'>δηλοῦται</span> <span class='ocrx_word' id='word_1_320' title='bbox 1617 2691 1650 2761; x_wconf 80' lang='grc' dir='ltr'><strong>ἡ</strong></span> 
     </span>
    </p>
   </div>
   <div class='ocr_carea' id='block_1_44' title="bbox 59 2782 1652 2856">
    <p class='ocr_par' dir='ltr' id='par_1_44' title="bbox 59 2782 1652 2856">
     <span class='ocr_line' id='line_1_44' title="bbox 59 2782 1652 2856; baseline 0.001 -21"><span class='ocrx_word' id='word_1_321' title='bbox 59 2782 178 2836; x_wconf 85' lang='grc' dir='ltr'>θεία</span> <span class='ocrx_word' id='word_1_322' title='bbox 210 2783 486 2856; x_wconf 79' lang='grc' dir='ltr'>ὑπεροχή.</span> <span class='ocrx_word' id='word_1_323' title='bbox 516 2783 688 2836; x_wconf 85' lang='grc' dir='ltr'>Τοῦτο</span> <span class='ocrx_word' id='word_1_324' title='bbox 707 2784 802 2836; x_wconf 75' lang='grc' dir='ltr'><strong>καί</strong></span> <span class='ocrx_word' id='word_1_325' title='bbox 828 2783 1054 2854; x_wconf 81' lang='grc' dir='ltr'>δύναμιν</span> <span class='ocrx_word' id='word_1_326' title='bbox 1077 2783 1410 2854; x_wconf 76' lang='grc' dir='ltr'>ὑπεροχικῆς</span> <span class='ocrx_word' id='word_1_327' title='bbox 1439 2784 1652 2852; x_wconf 80' lang='grc' dir='ltr'>ἀποφά-</span> 
     </span>
    </p>
   </div>
   <div class='ocr_carea' id='block_1_45' title="bbox 62 2875 1651 2948">
    <p class='ocr_par' dir='ltr' id='par_1_45' title="bbox 62 2875 1651 2948">
     <span class='ocr_line' id='line_1_45' title="bbox 62 2875 1651 2948; baseline 0 -20"><span class='ocrx_word' id='word_1_328' title='bbox 62 2893 196 2940; x_wconf 88' lang='grc' dir='ltr'>σεως</span> <span class='ocrx_word' id='word_1_329' title='bbox 221 2880 282 2930; x_wconf 84' lang='grc' dir='ltr'><strong>ἐν</strong></span> <span class='ocrx_word' id='word_1_330' title='bbox 305 2876 484 2947; x_wconf 82' lang='grc' dir='ltr'>ἑτέρῳ</span> <span class='ocrx_word' id='word_1_331' title='bbox 512 2876 732 2948; x_wconf 83' lang='grc' dir='ltr'>εἴρηκεν</span> <span class='ocrx_word' id='word_1_332' title='bbox 755 2893 770 2906; x_wconf 82' lang='grc'><em>’</em></span> <span class='ocrx_word' id='word_1_333' title='bbox 803 2877 990 2948; x_wconf 85' lang='grc' dir='ltr'>ἐπειδὴ</span> <span class='ocrx_word' id='word_1_334' title='bbox 1019 2875 1130 2947; x_wconf 82' lang='grc' dir='ltr'>γὰρ</span> <span class='ocrx_word' id='word_1_335' title='bbox 1159 2877 1309 2929; x_wconf 83' lang='grc' dir='ltr'>πᾶσα</span> <span class='ocrx_word' id='word_1_336' title='bbox 1338 2875 1452 2939; x_wconf 71' lang='grc' dir='ltr'>ἕξις</span> <span class='ocrx_word' id='word_1_337' title='bbox 1483 2877 1651 2948; x_wconf 82' lang='grc' dir='ltr'>ὑπερ-</span> 
     </span>
    </p>
   </div>
   <div class='ocr_carea' id='block_1_46' title="bbox 59 2967 1654 3041">
    <p class='ocr_par' dir='ltr' id='par_1_46' title="bbox 59 2967 1654 3041">
     <span class='ocr_line' id='line_1_46' title="bbox 59 2967 1654 3041; baseline -0.001 -17"><span class='ocrx_word' id='word_1_338' title='bbox 59 2970 259 3041; x_wconf 83' lang='grc' dir='ltr'>οχικῶς</span> <span class='ocrx_word' id='word_1_339' title='bbox 285 2969 612 3023; x_wconf 83' lang='grc' dir='ltr'>ἐλαττοῦται</span> <span class='ocrx_word' id='word_1_340' title='bbox 663 2970 802 3041; x_wconf 80' lang='grc' dir='ltr'>πρὸς</span> <span class='ocrx_word' id='word_1_341' title='bbox 841 2968 910 3022; x_wconf 76' lang='grc' dir='ltr'>τὰ</span> <span class='ocrx_word' id='word_1_342' title='bbox 959 2971 1136 3022; x_wconf 78' lang='grc' dir='ltr'>ἐκεῖσε</span> <span class='ocrx_word' id='word_1_343' title='bbox 1157 3007 1172 3031; x_wconf 92' lang='grc'><strong>,</strong></span> <span class='ocrx_word' id='word_1_344' title='bbox 1201 2967 1287 3022; x_wconf 85' lang='grc' dir='ltr'><strong>διὰ</strong></span> <span class='ocrx_word' id='word_1_345' title='bbox 1316 2968 1473 3022; x_wconf 88' lang='grc' dir='ltr'>τοῦτο</span> <span class='ocrx_word' id='word_1_346' title='bbox 1507 2971 1654 3023; x_wconf 85' lang='grc' dir='ltr'>ἀντι-</span> 
     </span>
    </p>
   </div>
   <div class='ocr_carea' id='block_1_47' title="bbox 65 3059 1647 3134">
    <p class='ocr_par' dir='ltr' id='par_1_47' title="bbox 65 3059 1647 3134">
     <span class='ocr_line' id='line_1_47' title="bbox 65 3059 1647 3134; baseline 0 -19"><span class='ocrx_word' id='word_1_347' title='bbox 65 3063 311 3134; x_wconf 84' lang='grc' dir='ltr'>στρόφως</span> <span class='ocrx_word' id='word_1_348' title='bbox 369 3060 511 3132; x_wconf 76' lang='grc' dir='ltr'>πρὸς</span> <span class='ocrx_word' id='word_1_349' title='bbox 551 3059 620 3114; x_wconf 82' lang='grc' dir='ltr'>τὰ</span> <span class='ocrx_word' id='word_1_350' title='bbox 671 3060 918 3132; x_wconf 80' lang='grc' dir='ltr'>ἡμέτερα</span> <span class='ocrx_word' id='word_1_351' title='bbox 962 3060 1022 3126; x_wconf 81' lang='grc' dir='ltr'><strong>ἐξ</strong></span> <span class='ocrx_word' id='word_1_352' title='bbox 1077 3061 1405 3130; x_wconf 77' lang='grc' dir='ltr'>ἀποφάσεως</span> <span class='ocrx_word' id='word_1_353' title='bbox 1461 3063 1647 3115; x_wconf 88' lang='grc' dir='ltr'>ἐκεῖνα</span> 
     </span>
    </p>
   </div>
   <div class='ocr_carea' id='block_1_48' title="bbox 64 3151 1651 3224">
    <p class='ocr_par' dir='ltr' id='par_1_48' title="bbox 64 3151 1651 3224">
     <span class='ocr_line' id='line_1_48' title="bbox 64 3151 1651 3224; baseline 0.003 -20"><span class='ocrx_word' id='word_1_354' title='bbox 64 3153 326 3222; x_wconf 86' lang='grc' dir='ltr'>λέγονται.</span> <span class='ocrx_word' id='word_1_355' title='bbox 383 3153 544 3205; x_wconf 81' lang='grc' dir='ltr'>Οὕτω</span> <span class='ocrx_word' id='word_1_356' title='bbox 588 3152 682 3205; x_wconf 74' lang='grc' dir='ltr'><strong>καὶ</strong></span> <span class='ocrx_word' id='word_1_357' title='bbox 735 3151 966 3206; x_wconf 82' lang='grc' dir='ltr'>κένωσιν</span> <span class='ocrx_word' id='word_1_358' title='bbox 999 3152 1218 3222; x_wconf 89' lang='grc' dir='ltr'>λέγουσι</span> <span class='ocrx_word' id='word_1_359' title='bbox 1245 3152 1342 3224; x_wconf 78' lang='grc' dir='ltr'>τὴν</span> <span class='ocrx_word' id='word_1_360' title='bbox 1370 3153 1464 3207; x_wconf 89' lang='grc' dir='ltr'><strong>τοῦ</strong></span> <span class='ocrx_word' id='word_1_361' title='bbox 1515 3154 1651 3208; x_wconf 83' lang='grc' dir='ltr'>Θεοῦ</span> 
     </span>
    </p>
   </div>
   <div class='ocr_carea' id='block_1_49' title="bbox 68 3244 1652 3318">
    <p class='ocr_par' dir='ltr' id='par_1_49' title="bbox 68 3244 1652 3318">
     <span class='ocr_line' id='line_1_49' title="bbox 68 3244 1652 3318; baseline 0.001 -19"><span class='ocrx_word' id='word_1_362' title='bbox 68 3245 502 3318; x_wconf 84' lang='grc' dir='ltr'>ἐνανθρώπησιν,</span> <span class='ocrx_word' id='word_1_363' title='bbox 535 3245 709 3298; x_wconf 84' lang='grc' dir='ltr'>καίτοι</span> <span class='ocrx_word' id='word_1_364' title='bbox 738 3244 919 3316; x_wconf 78' lang='grc' dir='ltr'>πλήρη</span> <span class='ocrx_word' id='word_1_365' title='bbox 938 3245 1343 3315; x_wconf 85' lang='grc' dir='ltr'>τυγχάνουσαν,</span> <span class='ocrx_word' id='word_1_366' title='bbox 1372 3245 1572 3316; x_wconf 82' lang='grc' dir='ltr'>μᾶλλον</span> <span class='ocrx_word' id='word_1_367' title='bbox 1595 3247 1652 3300; x_wconf 81' lang='grc' dir='ltr'>δὲ</span> 
     </span>
    </p>
   </div>
   <div class='ocr_carea' id='block_1_50' title="bbox 70 3337 1649 3410">
    <p class='ocr_par' dir='ltr' id='par_1_50' title="bbox 70 3337 1649 3410">
     <span class='ocr_line' id='line_1_50' title="bbox 70 3337 1649 3410; baseline 0.001 -21"><span class='ocrx_word' id='word_1_368' title='bbox 70 3337 392 3410; x_wconf 82' lang='grc' dir='ltr'>ὑπερπλήρη</span> <span class='ocrx_word' id='word_1_369' title='bbox 425 3337 524 3389; x_wconf 79' lang='grc' dir='ltr'><strong>καὶ</strong></span> <span class='ocrx_word' id='word_1_370' title='bbox 551 3337 759 3406; x_wconf 79' lang='grc' dir='ltr'>σοφίας,</span> <span class='ocrx_word' id='word_1_371' title='bbox 785 3337 1193 3408; x_wconf 67' lang='grc' dir='ltr'>καὶδυνάμεως,</span> <span class='ocrx_word' id='word_1_372' title='bbox 1221 3339 1313 3391; x_wconf 73' lang='grc' dir='ltr'><strong>καὶ</strong></span> <span class='ocrx_word' id='word_1_373' title='bbox 1346 3339 1618 3410; x_wconf 86' lang='grc' dir='ltr'>σωτηρίας</span> <span class='ocrx_word' id='word_1_374' title='bbox 1636 3356 1649 3369; x_wconf 89' lang='grc'><strong>·</strong></span> 
     </span>
    </p>
   </div>
   <div class='ocr_carea' id='block_1_51' title="bbox 70 3429 1654 3502">
    <p class='ocr_par' dir='ltr' id='par_1_51' title="bbox 70 3429 1654 3502">
     <span class='ocr_line' id='line_1_51' title="bbox 70 3429 1654 3502; baseline 0.001 -20"><span class='ocrx_word' id='word_1_375' title='bbox 70 3431 192 3484; x_wconf 76' lang='grc' dir='ltr'>ἀλλὰ</span> <span class='ocrx_word' id='word_1_376' title='bbox 223 3431 321 3484; x_wconf 73' lang='grc' dir='ltr'><strong>καὶ</strong></span> <span class='ocrx_word' id='word_1_377' title='bbox 372 3430 662 3483; x_wconf 80' lang='grc' dir='ltr'>ἀσθένειαν</span> <span class='ocrx_word' id='word_1_378' title='bbox 708 3429 842 3482; x_wconf 88' lang='grc' dir='ltr'>Θεοῦ</span> <span class='ocrx_word' id='word_1_379' title='bbox 869 3430 930 3482; x_wconf 84' lang='grc' dir='ltr'>τὺ</span> <span class='ocrx_word' id='word_1_380' title='bbox 959 3429 1047 3483; x_wconf 76' lang='grc' dir='ltr'>διὰ</span> <span class='ocrx_word' id='word_1_381' title='bbox 1093 3431 1328 3502; x_wconf 89' lang='grc' dir='ltr'>σταυροῦ</span> <span class='ocrx_word' id='word_1_382' title='bbox 1373 3431 1654 3502; x_wconf 83' lang='grc' dir='ltr'>τρόπαιον.</span> 
     </span>
    </p>
   </div>
   <div class='ocr_carea' id='block_1_52' title="bbox 70 3519 1658 3595">
    <p class='ocr_par' dir='ltr' id='par_1_52' title="bbox 70 3519 1658 3595">
     <span class='ocr_line' id='line_1_52' title="bbox 70 3519 1658 3595; baseline 0.003 -23"><span class='ocrx_word' id='word_1_383' title='bbox 70 3522 258 3578; x_wconf 83' lang='grc' dir='ltr'>Τοῦτον</span> <span class='ocrx_word' id='word_1_384' title='bbox 302 3519 404 3577; x_wconf 77' lang='grc' dir='ltr'><strong>οὖν</strong></span> <span class='ocrx_word' id='word_1_385' title='bbox 450 3521 544 3576; x_wconf 81' lang='grc' dir='ltr'>τὸν</span> <span class='ocrx_word' id='word_1_386' title='bbox 571 3522 770 3594; x_wconf 82' lang='grc' dir='ltr'>τρόπον</span> <span class='ocrx_word' id='word_1_387' title='bbox 798 3523 894 3576; x_wconf 77' lang='grc' dir='ltr'>καὶ</span> <span class='ocrx_word' id='word_1_388' title='bbox 939 3524 1148 3595; x_wconf 87' lang='grc' dir='ltr'>μωρίαν</span> <span class='ocrx_word' id='word_1_389' title='bbox 1165 3522 1300 3576; x_wconf 86' lang='grc' dir='ltr'>Θεοῦ</span> <span class='ocrx_word' id='word_1_390' title='bbox 1337 3522 1434 3594; x_wconf 80' lang='grc' dir='ltr'>τὴν</span> <span class='ocrx_word' id='word_1_391' title='bbox 1479 3524 1658 3576; x_wconf 79' lang='grc' dir='ltr'>πᾶσαν</span> 
     </span>
    </p>
   </div>
   <div class='ocr_carea' id='block_1_53' title="bbox 74 3615 1655 3688">
    <p class='ocr_par' dir='ltr' id='par_1_53' title="bbox 74 3615 1655 3688">
     <span class='ocr_line' id='line_1_53' title="bbox 74 3615 1655 3688; baseline 0.001 -19"><span class='ocrx_word' id='word_1_392' title='bbox 74 3617 249 3686; x_wconf 86' lang='grc' dir='ltr'>σοφίαν</span> <span class='ocrx_word' id='word_1_393' title='bbox 273 3617 375 3670; x_wconf 77' lang='grc' dir='ltr'><strong>καὶ</strong></span> <span class='ocrx_word' id='word_1_394' title='bbox 393 3616 708 3686; x_wconf 86' lang='grc' dir='ltr'>ἐπιστήμην</span> <span class='ocrx_word' id='word_1_395' title='bbox 729 3615 1130 3688; x_wconf 83' lang='grc' dir='ltr'>ὑπεραίρουσαν</span> <span class='ocrx_word' id='word_1_396' title='bbox 1150 3615 1406 3668; x_wconf 79' lang='grc' dir='ltr'>ἐκάλεσεν</span> <span class='ocrx_word' id='word_1_397' title='bbox 1431 3617 1459 3668; x_wconf 91' lang='lat'><strong>6</strong></span> <span class='ocrx_word' id='word_1_398' title='bbox 1502 3617 1655 3670; x_wconf 78' lang='grc' dir='ltr'>’Λπό-</span> 
     </span>
    </p>
   </div>
   <div class='ocr_carea' id='block_1_54' title="bbox 76 3706 1654 3780">
    <p class='ocr_par' dir='ltr' id='par_1_54' title="bbox 76 3706 1654 3780">
     <span class='ocr_line' id='line_1_54' title="bbox 76 3706 1654 3780; baseline 0.003 -20"><span class='ocrx_word' id='word_1_399' title='bbox 76 3707 266 3772; x_wconf 84' lang='grc' dir='ltr'>στολσς,</span> <span class='ocrx_word' id='word_1_400' title='bbox 324 3706 392 3759; x_wconf 85' lang='grc' dir='ltr'><strong>τὸ</strong></span> <span class='ocrx_word' id='word_1_401' title='bbox 445 3706 772 3777; x_wconf 89' lang='grc' dir='ltr'>φαινόμενον</span> <span class='ocrx_word' id='word_1_402' title='bbox 803 3709 1111 3780; x_wconf 78' lang='grc' dir='ltr'>παράλογον</span> <span class='ocrx_word' id='word_1_403' title='bbox 1142 3709 1236 3762; x_wconf 73' lang='grc' dir='ltr'><strong>καὶ</strong></span> <span class='ocrx_word' id='word_1_404' title='bbox 1265 3707 1465 3761; x_wconf 84' lang='grc' dir='ltr'>ἄτοπον</span> <span class='ocrx_word' id='word_1_405' title='bbox 1505 3710 1654 3780; x_wconf 78' lang='grc' dir='ltr'>ἡμῖν,</span> 
     </span>
    </p>
   </div>
   <div class='ocr_carea' id='block_1_55' title="bbox 73 3797 1658 3872">
    <p class='ocr_par' dir='ltr' id='par_1_55' title="bbox 73 3797 1658 3872">
     <span class='ocr_line' id='line_1_55' title="bbox 73 3797 1658 3872; baseline 0.003 -22"><span class='ocrx_word' id='word_1_406' title='bbox 73 3797 300 3868; x_wconf 77' lang='grc' dir='ltr'>δηλονότι</span> <span class='ocrx_word' id='word_1_407' title='bbox 337 3797 466 3860; x_wconf 85' lang='grc' dir='ltr'><strong>πῶς</strong></span> <span class='ocrx_word' id='word_1_408' title='bbox 494 3797 628 3860; x_wconf 86' lang='grc' dir='ltr'>Θεὸς</span> <span class='ocrx_word' id='word_1_409' title='bbox 660 3800 717 3850; x_wconf 88' lang='grc' dir='ltr'><strong>ἐν</strong></span> <span class='ocrx_word' id='word_1_410' title='bbox 747 3800 911 3870; x_wconf 70' lang='grc' dir='ltr'>σαρκὶ</span> <span class='ocrx_word' id='word_1_411' title='bbox 933 3799 1004 3870; x_wconf 86' lang='grc' dir='ltr'>,ἢ</span> <span class='ocrx_word' id='word_1_412' title='bbox 1055 3799 1174 3863; x_wconf 88' lang='grc' dir='ltr'><strong>πῶς</strong></span> <span class='ocrx_word' id='word_1_413' title='bbox 1233 3801 1560 3872; x_wconf 80' lang='grc' dir='ltr'>σωματικῶς</span> <span class='ocrx_word' id='word_1_414' title='bbox 1600 3804 1658 3854; x_wconf 83' lang='grc' dir='ltr'><strong>ἐν</strong></span> 
     </span>
    </p>
   </div>
   <div class='ocr_carea' id='block_1_56' title="bbox 74 3889 1658 3967">
    <p class='ocr_par' dir='ltr' id='par_1_56' title="bbox 74 3889 1658 3967">
     <span class='ocr_line' id='line_1_56' title="bbox 74 3889 1658 3967; baseline 0.004 -26"><span class='ocrx_word' id='word_1_415' title='bbox 74 3891 140 3960; x_wconf 77' lang='grc' dir='ltr'><strong>τῷ</strong></span> <span class='ocrx_word' id='word_1_416' title='bbox 163 3891 384 3964; x_wconf 79' lang='grc' dir='ltr'>σταυρῷ</span> <span class='ocrx_word' id='word_1_417' title='bbox 414 3889 704 3955; x_wconf 86' lang='grc' dir='ltr'>πέπονθεν,</span> <span class='ocrx_word' id='word_1_418' title='bbox 752 3891 1045 3960; x_wconf 82' lang='grc' dir='ltr'>ἀναγαγὼν</span> <span class='ocrx_word' id='word_1_419' title='bbox 1073 3895 1151 3956; x_wconf 90' lang='grc' dir='ltr'><strong>εἰς</strong></span> <span class='ocrx_word' id='word_1_420' title='bbox 1176 3893 1273 3964; x_wconf 80' lang='grc' dir='ltr'><strong>τὴν</strong></span> <span class='ocrx_word' id='word_1_421' title='bbox 1304 3895 1444 3967; x_wconf 82' lang='grc' dir='ltr'>ὑπὲρ</span> <span class='ocrx_word' id='word_1_422' title='bbox 1480 3894 1658 3948; x_wconf 84' lang='grc' dir='ltr'>πάντα</span> 
     </span>
    </p>
   </div>
   <div class='ocr_carea' id='block_1_57' title="bbox 76 3980 1657 4057">
    <p class='ocr_par' dir='ltr' id='par_1_57' title="bbox 76 3980 1657 4057">
     <span class='ocr_line' id='line_1_57' title="bbox 76 3980 1657 4057; baseline 0.003 -24"><span class='ocrx_word' id='word_1_423' title='bbox 76 3981 215 4051; x_wconf 85' lang='grc' dir='ltr'>λόγον</span> <span class='ocrx_word' id='word_1_424' title='bbox 262 3984 530 4055; x_wconf 84' lang='grc' dir='ltr'>ἀλήθειαν</span> <span class='ocrx_word' id='word_1_425' title='bbox 553 3999 568 4012; x_wconf 77' lang='grc' dir='ltr'><strong>ο</strong></span> <span class='ocrx_word' id='word_1_426' title='bbox 605 3980 781 4051; x_wconf 79' lang='grc' dir='ltr'>λόγοις</span> <span class='ocrx_word' id='word_1_427' title='bbox 814 3987 924 4056; x_wconf 84' lang='grc' dir='ltr'>γὰρ</span> <span class='ocrx_word' id='word_1_428' title='bbox 951 3984 1050 4038; x_wconf 72' lang='grc' dir='ltr'><strong>οὐκ</strong></span> <span class='ocrx_word' id='word_1_429' title='bbox 1080 3984 1146 4038; x_wconf 84' lang='grc' dir='ltr'><strong>ἂν</strong></span> <span class='ocrx_word' id='word_1_430' title='bbox 1181 3985 1564 4057; x_wconf 79' lang='grc' dir='ltr'>ἐξομαλισθείη</span> <span class='ocrx_word' id='word_1_431' title='bbox 1590 3987 1657 4039; x_wconf 86' lang='grc' dir='ltr'><strong>δι’</strong></span> 
     </span>
    </p>
   </div>
   <div class='ocr_carea' id='block_1_58' title="bbox 77 4073 1657 4151">
    <p class='ocr_par' dir='ltr' id='par_1_58' title="bbox 77 4073 1657 4151">
     <span class='ocr_line' id='line_1_58' title="bbox 77 4073 1657 4151; baseline 0.001 -23"><span class='ocrx_word' id='word_1_432' title='bbox 77 4077 334 4149; x_wconf 78' lang='grc' dir='ltr'>αἰσθητῶν</span> <span class='ocrx_word' id='word_1_433' title='bbox 361 4073 690 4139; x_wconf 84' lang='grc' dir='ltr'>ἀποδείξεων</span> <span class='ocrx_word' id='word_1_434' title='bbox 715 4075 776 4128; x_wconf 83' lang='grc' dir='ltr'><strong>τὸ</strong></span> <span class='ocrx_word' id='word_1_435' title='bbox 807 4078 1121 4149; x_wconf 86' lang='grc' dir='ltr'>μυστήριον,</span> <span class='ocrx_word' id='word_1_436' title='bbox 1156 4079 1214 4132; x_wconf 80' lang='grc' dir='ltr'>οὑ</span> <span class='ocrx_word' id='word_1_437' title='bbox 1240 4079 1657 4151; x_wconf 84' lang='grc' dir='ltr'>προηγουμένης</span> 
     </span>
    </p>
   </div>
   <div class='ocr_carea' id='block_1_59' title="bbox 77 4165 1657 4241">
    <p class='ocr_par' dir='ltr' id='par_1_59' title="bbox 77 4165 1657 4241">
     <span class='ocr_line' id='line_1_59' title="bbox 77 4165 1657 4241; baseline 0.001 -21"><span class='ocrx_word' id='word_1_438' title='bbox 77 4167 163 4237; x_wconf 78' lang='grc' dir='ltr'><strong>τῆς</strong></span> <span class='ocrx_word' id='word_1_439' title='bbox 210 4169 474 4231; x_wconf 78' lang='grc' dir='ltr'>πίστεως.</span> <span class='ocrx_word' id='word_1_440' title='bbox 518 4165 700 4228; x_wconf 80' lang='grc' dir='ltr'>Ἀλλά,</span> <span class='ocrx_word' id='word_1_441' title='bbox 743 4167 883 4239; x_wconf 83' lang='grc' dir='ltr'>ὅπερ</span> <span class='ocrx_word' id='word_1_442' title='bbox 931 4170 1026 4222; x_wconf 74' lang='grc' dir='ltr'>καί.</span> <span class='ocrx_word' id='word_1_443' title='bbox 1051 4172 1108 4223; x_wconf 88' lang='grc' dir='ltr'><strong>ἐν</strong></span> <span class='ocrx_word' id='word_1_444' title='bbox 1143 4169 1322 4234; x_wconf 81' lang='grc' dir='ltr'>ἄλλοις</span> <span class='ocrx_word' id='word_1_445' title='bbox 1353 4170 1509 4241; x_wconf 79' lang='grc' dir='ltr'>ἔφην,</span> <span class='ocrx_word' id='word_1_446' title='bbox 1565 4169 1657 4222; x_wconf 89' lang='grc' dir='ltr'>θέ-</span> 
     </span>
    </p>
   </div>
   <div class='ocr_carea' id='block_1_60' title="bbox 79 4260 1660 4338">
    <p class='ocr_par' dir='ltr' id='par_1_60' title="bbox 79 4260 1660 4338">
     <span class='ocr_line' id='line_1_60' title="bbox 79 4260 1660 4338; baseline 0.005 -27"><span class='ocrx_word' id='word_1_447' title='bbox 79 4260 246 4326; x_wconf 86' lang='grc' dir='ltr'>λοντες</span> <span class='ocrx_word' id='word_1_448' title='bbox 273 4263 503 4326; x_wconf 90' lang='grc' dir='ltr'>οἰκείως</span> <span class='ocrx_word' id='word_1_449' title='bbox 531 4265 663 4332; x_wconf 77' lang='grc' dir='ltr'>ἡμῖν</span> <span class='ocrx_word' id='word_1_450' title='bbox 687 4262 754 4316; x_wconf 83' lang='grc' dir='ltr'>τὰ</span> <span class='ocrx_word' id='word_1_451' title='bbox 789 4263 929 4334; x_wconf 79' lang='grc' dir='ltr'>ὑπὲρ</span> <span class='ocrx_word' id='word_1_452' title='bbox 967 4265 1117 4335; x_wconf 77' lang='grc' dir='ltr'>ἡμᾶς</span> <span class='ocrx_word' id='word_1_453' title='bbox 1155 4265 1521 4338; x_wconf 72' lang='grc' dir='ltr'>ἐκλαμϐάνειν</span> <span class='ocrx_word' id='word_1_454' title='bbox 1569 4268 1660 4335; x_wconf 83' lang='grc' dir='ltr'>ἐγ-</span> 
     </span>
    </p>
   </div>
   <div class='ocr_carea' id='block_1_61' title="bbox 81 4352 1660 4430">
    <p class='ocr_par' dir='ltr' id='par_1_61' title="bbox 81 4352 1660 4430">
     <span class='ocr_line' id='line_1_61' title="bbox 81 4352 1660 4430; baseline 0.004 -25"><span class='ocrx_word' id='word_1_455' title='bbox 81 4352 476 4425; x_wconf 78' lang='grc' dir='ltr'>καλινδούμενοι</span> <span class='ocrx_word' id='word_1_456' title='bbox 507 4356 627 4417; x_wconf 89' lang='grc' dir='ltr'>ταῖς</span> <span class='ocrx_word' id='word_1_457' title='bbox 661 4354 978 4426; x_wconf 77' lang='grc' dir='ltr'>συντρόφοις</span> <span class='ocrx_word' id='word_1_458' title='bbox 1005 4356 1340 4428; x_wconf 85' lang='grc' dir='ltr'>αἰσθήσεσιν,</span> <span class='ocrx_word' id='word_1_459' title='bbox 1361 4358 1660 4430; x_wconf 82' lang='grc' dir='ltr'>ἀπατώμε-</span> 
     </span>
    </p>
   </div>
   <div class='ocr_carea' id='block_1_62' title="bbox 83 4443 1662 4520">
    <p class='ocr_par' dir='ltr' id='par_1_62' title="bbox 83 4443 1662 4520">
     <span class='ocr_line' id='line_1_62' title="bbox 83 4443 1662 4520; baseline 0.006 -24"><span class='ocrx_word' id='word_1_460' title='bbox 83 4443 168 4496; x_wconf 80' lang='grc' dir='ltr'>θα·</span> <span class='ocrx_word' id='word_1_461' title='bbox 220 4447 340 4500; x_wconf 87' lang='grc' dir='ltr'>δέον</span> <span class='ocrx_word' id='word_1_462' title='bbox 369 4445 594 4508; x_wconf 87' lang='grc' dir='ltr'>εἰδέναι,</span> <span class='ocrx_word' id='word_1_463' title='bbox 625 4447 706 4499; x_wconf 82' lang='grc' dir='ltr'><strong>ὅτι</strong></span> <span class='ocrx_word' id='word_1_464' title='bbox 731 4447 760 4497; x_wconf 89' lang='lat'><strong>6</strong></span> <span class='ocrx_word' id='word_1_465' title='bbox 798 4447 920 4500; x_wconf 67' lang='grc' dir='ltr'>καθ’</span> <span class='ocrx_word' id='word_1_466' title='bbox 947 4449 1094 4518; x_wconf 82' lang='grc' dir='ltr'>ἡμᾶς</span> <span class='ocrx_word' id='word_1_467' title='bbox 1122 4447 1248 4512; x_wconf 87' lang='grc' dir='ltr'>νοῦς</span> <span class='ocrx_word' id='word_1_468' title='bbox 1278 4448 1390 4520; x_wconf 76' lang='grc' dir='ltr'>ἔχει</span> <span class='ocrx_word' id='word_1_469' title='bbox 1438 4452 1536 4520; x_wconf 86' lang='grc' dir='ltr'><strong>μὲν</strong></span> <span class='ocrx_word' id='word_1_470' title='bbox 1565 4453 1662 4506; x_wconf 71' lang='grc' dir='ltr'><strong>καὶ</strong></span> 
     </span>
    </p>
   </div>
   <div class='ocr_carea' id='block_1_63' title="bbox 81 4537 1661 4612">
    <p class='ocr_par' dir='ltr' id='par_1_63' title="bbox 81 4537 1661 4612">
     <span class='ocr_line' id='line_1_63' title="bbox 81 4537 1661 4612; baseline 0.005 -23"><span class='ocrx_word' id='word_1_471' title='bbox 81 4537 291 4609; x_wconf 77' lang='grc' dir='ltr'>δύναμιν</span> <span class='ocrx_word' id='word_1_472' title='bbox 315 4541 399 4602; x_wconf 80' lang='grc' dir='ltr'><strong>εἰς</strong></span> <span class='ocrx_word' id='word_1_473' title='bbox 445 4537 509 4590; x_wconf 84' lang='grc' dir='ltr'><strong>τὸ</strong></span> <span class='ocrx_word' id='word_1_474' title='bbox 561 4542 698 4592; x_wconf 82' lang='grc' dir='ltr'>νοεῖν</span> <span class='ocrx_word' id='word_1_475' title='bbox 748 4538 816 4591; x_wconf 82' lang='grc' dir='ltr'>τὰ</span> <span class='ocrx_word' id='word_1_476' title='bbox 869 4539 1056 4610; x_wconf 79' lang='grc' dir='ltr'>νοητὰ,</span> <span class='ocrx_word' id='word_1_477' title='bbox 1105 4540 1306 4610; x_wconf 78' lang='grc' dir='ltr'>(νοερὸς</span> <span class='ocrx_word' id='word_1_478' title='bbox 1347 4541 1456 4612; x_wconf 84' lang='grc' dir='ltr'>γάρ</span> <span class='ocrx_word' id='word_1_479' title='bbox 1513 4544 1661 4597; x_wconf 89' lang='grc' dir='ltr'>ἐστιν</span> 
     </span>
    </p>
   </div>
   <div class='ocr_carea' id='block_1_64' title="bbox 83 4628 1657 4702">
    <p class='ocr_par' dir='ltr' id='par_1_64' title="bbox 83 4628 1657 4702">
     <span class='ocr_line' id='line_1_64' title="bbox 83 4628 1657 4702; baseline 0.003 -21"><span class='ocrx_word' id='word_1_480' title='bbox 83 4628 266 4696; x_wconf 75' lang='grc' dir='ltr'>ἁπλαῖς</span> <span class='ocrx_word' id='word_1_481' title='bbox 315 4648 464 4684; x_wconf 83' lang='grc' dir='ltr'>τισιν</span> <span class='ocrx_word' id='word_1_482' title='bbox 535 4629 813 4694; x_wconf 77' lang='grc' dir='ltr'>ἐπιϐολαῖς</span> <span class='ocrx_word' id='word_1_483' title='bbox 885 4629 979 4684; x_wconf 72' lang='grc' dir='ltr'><strong>καὶ</strong></span> <span class='ocrx_word' id='word_1_484' title='bbox 1027 4631 1434 4696; x_wconf 84' lang='grc' dir='ltr'>ἀναποδείκτοις</span> <span class='ocrx_word' id='word_1_485' title='bbox 1457 4633 1495 4702; x_wconf 88' lang='grc'><strong>·)</strong></span> <span class='ocrx_word' id='word_1_486' title='bbox 1542 4634 1657 4686; x_wconf 80' lang='grc' dir='ltr'>ἀλλ’</span> 
     </span>
    </p>
   </div>
   <div class='ocr_carea' id='block_1_65' title="bbox 1753 2139 3342 2212">
    <p class='ocr_par' dir='ltr' id='par_1_65' title="bbox 1753 2139 3342 2212">
     <span class='ocr_line' id='line_1_65' title="bbox 1753 2139 3342 2212; baseline 0.003 -20"><span class='ocrx_word' id='word_1_487' title='bbox 1753 2155 1980 2208; x_wconf 80' lang='lat' dir='ltr'><strong>magnus</strong></span> <span class='ocrx_word' id='word_1_488' title='bbox 2010 2139 2232 2202; x_wconf 85' lang='lat' dir='ltr'><strong>Paulus,</strong></span> <span class='ocrx_word' id='word_1_489' title='bbox 2262 2139 2570 2193; x_wconf 88' lang='lat' dir='ltr'><strong>communis</strong></span> <span class='ocrx_word' id='word_1_490' title='bbox 2603 2139 2692 2194; x_wconf 88' lang='lat' dir='ltr'><strong>ille</strong></span> <span class='ocrx_word' id='word_1_491' title='bbox 2750 2155 2904 2195; x_wconf 91' lang='lat' dir='ltr'><strong>meus</strong></span> <span class='ocrx_word' id='word_1_492' title='bbox 2933 2143 3148 2210; x_wconf 79' lang='lat' dir='ltr'><strong>meique</strong></span> <span class='ocrx_word' id='word_1_493' title='bbox 3203 2160 3342 2212; x_wconf 71' lang='lat' dir='ltr'><strong>prm-</strong></span> 
     </span>
    </p>
   </div>
   <div class='ocr_carea' id='block_1_66' title="bbox 1749 2231 3343 2306">
    <p class='ocr_par' dir='ltr' id='par_1_66' title="bbox 1749 2231 3343 2306">
     <span class='ocr_line' id='line_1_66' title="bbox 1749 2231 3343 2306; baseline 0.001 -20"><span class='ocrx_word' id='word_1_494' title='bbox 1749 2231 1989 2301; x_wconf 86' lang='lat' dir='ltr'><strong>ceptoris</strong></span> <span class='ocrx_word' id='word_1_495' title='bbox 2014 2231 2291 2286; x_wconf 84' lang='lat' dir='ltr'><strong>Hierothei</strong></span> <span class='ocrx_word' id='word_1_496' title='bbox 2327 2232 2429 2294; x_wconf 89' lang='lat' dir='ltr'><strong>sol,</strong></span> <span class='ocrx_word' id='word_1_497' title='bbox 2461 2233 2601 2300; x_wconf 86' lang='lat' dir='ltr'><strong>quod</strong></span> <span class='ocrx_word' id='word_1_498' title='bbox 2630 2233 2848 2287; x_wconf 76' lang='lat' dir='ltr'><strong>stultum</strong></span> <span class='ocrx_word' id='word_1_499' title='bbox 2874 2245 2949 2288; x_wconf 75' lang='lat' dir='ltr'><strong>est</strong></span> <span class='ocrx_word' id='word_1_500' title='bbox 2987 2234 3083 2288; x_wconf 91' lang='lat' dir='ltr'><strong>Dei</strong></span> <span class='ocrx_word' id='word_1_501' title='bbox 3123 2237 3343 2306; x_wconf 74' lang='lat' dir='ltr'><strong>sapien-</strong></span> 
     </span>
    </p>
   </div>
   <div class='ocr_carea' id='block_1_67' title="bbox 1750 2324 3340 2395">
    <p class='ocr_par' dir='ltr' id='par_1_67' title="bbox 1750 2324 3340 2395">
     <span class='ocr_line' id='line_1_67' title="bbox 1750 2324 3340 2395; baseline 0.004 -19"><span class='ocrx_word' id='word_1_502' title='bbox 1750 2324 1853 2378; x_wconf 79' lang='lat' dir='ltr'><strong>tius</strong></span> <span class='ocrx_word' id='word_1_503' title='bbox 1887 2337 2006 2378; x_wconf 86' lang='lat' dir='ltr'><strong>esse</strong></span> <span class='ocrx_word' id='word_1_504' title='bbox 2049 2324 2188 2377; x_wconf 82' lang='lat' dir='ltr'><strong>dixit</strong></span> <span class='ocrx_word' id='word_1_505' title='bbox 2229 2324 2528 2378; x_wconf 81' lang='lat' dir='ltr'><strong>hominibus</strong></span> <span class='ocrx_word' id='word_1_506' title='bbox 2566 2336 2588 2362; x_wconf 75' lang='grc'><strong>³</strong></span> <span class='ocrx_word' id='word_1_507' title='bbox 2642 2341 2746 2380; x_wconf 89' lang='lat' dir='ltr'><strong>non</strong></span> <span class='ocrx_word' id='word_1_508' title='bbox 2784 2326 2956 2380; x_wconf 88' lang='lat' dir='ltr'><strong>solum</strong></span> <span class='ocrx_word' id='word_1_509' title='bbox 2983 2328 3126 2395; x_wconf 88' lang='lat' dir='ltr'><strong>quod</strong></span> <span class='ocrx_word' id='word_1_510' title='bbox 3157 2340 3340 2382; x_wconf 86' lang='lat' dir='ltr'><strong>nostra</strong></span> 
     </span>
    </p>
   </div>
   <div class='ocr_carea' id='block_1_68' title="bbox 1750 2415 3341 2488">
    <p class='ocr_par' dir='ltr' id='par_1_68' title="bbox 1750 2415 3341 2488">
     <span class='ocr_line' id='line_1_68' title="bbox 1750 2415 3341 2488; baseline 0.003 -18"><span class='ocrx_word' id='word_1_511' title='bbox 1750 2415 1998 2480; x_wconf 89' lang='lat' dir='ltr'><strong>scientia,</strong></span> <span class='ocrx_word' id='word_1_512' title='bbox 2028 2431 2149 2470; x_wconf 91' lang='lat' dir='ltr'><strong>cum</strong></span> <span class='ocrx_word' id='word_1_513' title='bbox 2193 2416 2376 2470; x_wconf 87' lang='lat' dir='ltr'><strong>divina</strong></span> <span class='ocrx_word' id='word_1_514' title='bbox 2425 2416 2517 2470; x_wconf 90' lang='lat' dir='ltr'><strong>illa</strong></span> <span class='ocrx_word' id='word_1_515' title='bbox 2583 2432 2702 2485; x_wconf 77' lang='lat' dir='ltr'><strong>qua:</strong></span> <span class='ocrx_word' id='word_1_516' title='bbox 2753 2433 2943 2472; x_wconf 91' lang='lat' dir='ltr'><strong>errare</strong></span> <span class='ocrx_word' id='word_1_517' title='bbox 2991 2435 3097 2473; x_wconf 92' lang='lat' dir='ltr'><strong>non</strong></span> <span class='ocrx_word' id='word_1_518' title='bbox 3159 2430 3341 2488; x_wconf 90' lang='lat' dir='ltr'><strong>potest</strong></span> 
     </span>
    </p>
   </div>
   <div class='ocr_carea' id='block_1_69' title="bbox 1749 2512 3343 2581">
    <p class='ocr_par' dir='ltr' id='par_1_69' title="bbox 1749 2512 3343 2581">
     <span class='ocr_line' id='line_1_69' title="bbox 1749 2512 3343 2581; baseline 0.003 -20"><span class='ocrx_word' id='word_1_519' title='bbox 1749 2519 2087 2576; x_wconf 89' lang='lat' dir='ltr'><strong>comparata,</strong></span> <span class='ocrx_word' id='word_1_520' title='bbox 2131 2523 2290 2561; x_wconf 89' lang='lat' dir='ltr'><strong>error</strong></span> <span class='ocrx_word' id='word_1_521' title='bbox 2319 2519 2621 2578; x_wconf 90' lang='lat' dir='ltr'><strong>reputetur,</strong></span> <span class='ocrx_word' id='word_1_522' title='bbox 2654 2525 2846 2564; x_wconf 85' lang='lat' dir='ltr'><strong>verum</strong></span> <span class='ocrx_word' id='word_1_523' title='bbox 2895 2512 3060 2565; x_wconf 88' lang='lat' dir='ltr'><strong>etiam</strong></span> <span class='ocrx_word' id='word_1_524' title='bbox 3096 2515 3220 2581; x_wconf 86' lang='lat' dir='ltr'><strong>quia</strong></span> <span class='ocrx_word' id='word_1_525' title='bbox 3253 2528 3343 2568; x_wconf 88' lang='lat' dir='ltr'><strong>so-</strong></span> 
     </span>
    </p>
   </div>
   <div class='ocr_carea' id='block_1_70' title="bbox 1749 2602 3336 2671">
    <p class='ocr_par' dir='ltr' id='par_1_70' title="bbox 1749 2602 3336 2671">
     <span class='ocr_line' id='line_1_70' title="bbox 1749 2602 3336 2671; baseline 0.004 -17"><span class='ocrx_word' id='word_1_526' title='bbox 1749 2604 1927 2655; x_wconf 89' lang='lat' dir='ltr'><strong>lemne</strong></span> <span class='ocrx_word' id='word_1_527' title='bbox 1943 2611 2026 2654; x_wconf 82' lang='lat' dir='ltr'><strong>est</strong></span> <span class='ocrx_word' id='word_1_528' title='bbox 2047 2602 2332 2671; x_wconf 82' lang='lat' dir='ltr'><strong>theologis,</strong></span> <span class='ocrx_word' id='word_1_529' title='bbox 2361 2617 2456 2670; x_wconf 88' lang='lat' dir='ltr'><strong>per</strong></span> <span class='ocrx_word' id='word_1_530' title='bbox 2481 2604 2773 2671; x_wconf 87' lang='lat' dir='ltr'><strong>quamdam</strong></span> <span class='ocrx_word' id='word_1_531' title='bbox 2811 2619 2993 2658; x_wconf 90' lang='lat' dir='ltr'><strong>rerum</strong></span> <span class='ocrx_word' id='word_1_532' title='bbox 3022 2617 3336 2660; x_wconf 80' lang='lat' dir='ltr'><strong>nostrarum</strong></span> 
     </span>
    </p>
   </div>
   <div class='ocr_carea' id='block_1_71' title="bbox 1751 2691 3342 2766">
    <p class='ocr_par' dir='ltr' id='par_1_71' title="bbox 1751 2691 3342 2766">
     <span class='ocr_line' id='line_1_71' title="bbox 1751 2691 3342 2766; baseline 0.002 -20"><span class='ocrx_word' id='word_1_533' title='bbox 1751 2691 2092 2746; x_wconf 88' lang='lat' dir='ltr'><strong>aversionem</strong></span> <span class='ocrx_word' id='word_1_534' title='bbox 2118 2708 2185 2746; x_wconf 79' lang='lat' dir='ltr'><strong>ex</strong></span> <span class='ocrx_word' id='word_1_535' title='bbox 2223 2693 2531 2761; x_wconf 83' lang='lat' dir='ltr'><strong>privatione</strong></span> <span class='ocrx_word' id='word_1_536' title='bbox 2567 2708 2654 2748; x_wconf 90' lang='lat' dir='ltr'><strong>res</strong></span> <span class='ocrx_word' id='word_1_537' title='bbox 2705 2695 2922 2750; x_wconf 86' lang='lat' dir='ltr'><strong>divinas</strong></span> <span class='ocrx_word' id='word_1_538' title='bbox 2968 2711 3064 2764; x_wconf 90' lang='lat' dir='ltr'><strong>per</strong></span> <span class='ocrx_word' id='word_1_539' title='bbox 3098 2697 3342 2766; x_wconf 80' lang='lat' dir='ltr'><strong>negatio-</strong></span> 
     </span>
    </p>
   </div>
   <div class='ocr_carea' id='block_1_72' title="bbox 1752 2781 3344 2853">
    <p class='ocr_par' dir='ltr' id='par_1_72' title="bbox 1752 2781 3344 2853">
     <span class='ocr_line' id='line_1_72' title="bbox 1752 2781 3344 2853; baseline 0.001 -15"><span class='ocrx_word' id='word_1_540' title='bbox 1752 2799 1851 2838; x_wconf 87' lang='lat' dir='ltr'><strong>nes</strong></span> <span class='ocrx_word' id='word_1_541' title='bbox 1883 2781 2229 2846; x_wconf 66' lang='lat' dir='ltr'><strong>eﬂcrre,cum</strong></span> <span class='ocrx_word' id='word_1_542' title='bbox 2275 2797 2364 2837; x_wconf 86' lang='lat' dir='ltr'><strong>res</strong></span> <span class='ocrx_word' id='word_1_543' title='bbox 2391 2793 2591 2837; x_wconf 85' lang='lat' dir='ltr'><strong>nostrae</strong></span> <span class='ocrx_word' id='word_1_544' title='bbox 2618 2783 2804 2853; x_wconf 83' lang='lat' dir='ltr'><strong>potius</strong></span> <span class='ocrx_word' id='word_1_545' title='bbox 2837 2801 2904 2838; x_wconf 86' lang='lat' dir='ltr'><strong>ex</strong></span> <span class='ocrx_word' id='word_1_546' title='bbox 2936 2785 3216 2840; x_wconf 81' lang='lat' dir='ltr'><strong>liabitibns</strong></span> <span class='ocrx_word' id='word_1_547' title='bbox 3244 2801 3344 2839; x_wconf 83' lang='lat' dir='ltr'><strong>no-</strong></span> 
     </span>
    </p>
   </div>
   <div class='ocr_carea' id='block_1_73' title="bbox 1751 2874 3344 2932">
    <p class='ocr_par' dir='ltr' id='par_1_73' title="bbox 1751 2874 3344 2932">
     <span class='ocr_line' id='line_1_73' title="bbox 1751 2874 3344 2932; baseline 0.001 -3"><span class='ocrx_word' id='word_1_548' title='bbox 1751 2876 2069 2929; x_wconf 88' lang='lat' dir='ltr'><strong>minentur:</strong></span> <span class='ocrx_word' id='word_1_549' title='bbox 2110 2875 2190 2930; x_wconf 90' lang='lat' dir='ltr'><strong>sic</strong></span> <span class='ocrx_word' id='word_1_550' title='bbox 2213 2874 2357 2929; x_wconf 92' lang='lat' dir='ltr'><strong>enim</strong></span> <span class='ocrx_word' id='word_1_551' title='bbox 2381 2875 2563 2929; x_wconf 83' lang='lat' dir='ltr'><strong>divina</strong></span> <span class='ocrx_word' id='word_1_552' title='bbox 2613 2876 2939 2932; x_wconf 74' lang='lat' dir='ltr'><strong>excellentia</strong></span> <span class='ocrx_word' id='word_1_553' title='bbox 3014 2877 3344 2932; x_wconf 70' lang='lat' dir='ltr'><strong>manifesta-</strong></span> 
     </span>
    </p>
   </div>
   <div class='ocr_carea' id='block_1_74' title="bbox 1751 2967 3367 3038">
    <p class='ocr_par' dir='ltr' id='par_1_74' title="bbox 1751 2967 3367 3038">
     <span class='ocr_line' id='line_1_74' title="bbox 1751 2967 3367 3038; baseline 0.002 -19"><span class='ocrx_word' id='word_1_554' title='bbox 1751 2975 1861 3019; x_wconf 90' lang='lat' dir='ltr'><strong>tur.</strong></span> <span class='ocrx_word' id='word_1_555' title='bbox 1894 2967 2006 3021; x_wconf 83' lang='lat' dir='ltr'><strong>Hoc</strong></span> <span class='ocrx_word' id='word_1_556' title='bbox 2044 2967 2210 3021; x_wconf 89' lang='lat' dir='ltr'><strong>etiam</strong></span> <span class='ocrx_word' id='word_1_557' title='bbox 2243 2968 2352 3022; x_wconf 87' lang='lat' dir='ltr'><strong>alio</strong></span> <span class='ocrx_word' id='word_1_558' title='bbox 2382 2967 2500 3022; x_wconf 90' lang='lat' dir='ltr'><strong>loco</strong></span> <span class='ocrx_word' id='word_1_559' title='bbox 2531 2969 2746 3022; x_wconf 83' lang='lat' dir='ltr'><strong>vocavit</strong></span> <span class='ocrx_word' id='word_1_560' title='bbox 2777 2968 2884 3022; x_wconf 79' lang='lat' dir='ltr'><strong>vim</strong></span> <span class='ocrx_word' id='word_1_561' title='bbox 2913 2971 3209 3038; x_wconf 89' lang='lat' dir='ltr'><strong>quamdam</strong></span> <span class='ocrx_word' id='word_1_562' title='bbox 3243 2985 3340 3023; x_wconf 88' lang='lat' dir='ltr'><strong>su-</strong></span> <span class='ocrx_word' id='word_1_563' title='bbox 3366 3001 3367 3006; x_wconf 60' lang='grc' dir='ltr'><strong>η</strong></span> 
     </span>
    </p>
   </div>
   <div class='ocr_carea' id='block_1_75' title="bbox 1751 3058 3345 3128">
    <p class='ocr_par' dir='ltr' id='par_1_75' title="bbox 1751 3058 3345 3128">
     <span class='ocr_line' id='line_1_75' title="bbox 1751 3058 3345 3128; baseline 0.001 -15"><span class='ocrx_word' id='word_1_564' title='bbox 1751 3058 2170 3128; x_wconf 85' lang='lat' dir='ltr'><strong>perexeellentis</strong></span> <span class='ocrx_word' id='word_1_565' title='bbox 2201 3059 2508 3128; x_wconf 84' lang='lat' dir='ltr'><strong>negationis</strong></span> <span class='ocrx_word' id='word_1_566' title='bbox 2544 3076 2558 3124; x_wconf 92' lang='lat'>;</span> <span class='ocrx_word' id='word_1_567' title='bbox 2593 3074 2718 3112; x_wconf 91' lang='lat' dir='ltr'><strong>nam</strong></span> <span class='ocrx_word' id='word_1_568' title='bbox 2760 3074 2882 3114; x_wconf 89' lang='lat' dir='ltr'><strong>cum</strong></span> <span class='ocrx_word' id='word_1_569' title='bbox 2921 3061 3097 3115; x_wconf 91' lang='lat' dir='ltr'><strong>omnis</strong></span> <span class='ocrx_word' id='word_1_570' title='bbox 3121 3061 3345 3116; x_wconf 80' lang='lat' dir='ltr'><strong>habitus</strong></span> 
     </span>
    </p>
   </div>
   <div class='ocr_carea' id='block_1_76' title="bbox 1752 3150 3342 3221">
    <p class='ocr_par' dir='ltr' id='par_1_76' title="bbox 1752 3150 3342 3221">
     <span class='ocr_line' id='line_1_76' title="bbox 1752 3150 3342 3221; baseline 0.003 -16"><span class='ocrx_word' id='word_1_571' title='bbox 1752 3166 1850 3221; x_wconf 88' lang='lat' dir='ltr'><strong>per</strong></span> <span class='ocrx_word' id='word_1_572' title='bbox 1872 3165 2154 3211; x_wconf 79' lang='lat' dir='ltr'><strong>excessum</strong></span> <span class='ocrx_word' id='word_1_573' title='bbox 2194 3150 2555 3204; x_wconf 88' lang='lat' dir='ltr'><strong>imminuatur</strong></span> <span class='ocrx_word' id='word_1_574' title='bbox 2583 3159 2834 3218; x_wconf 90' lang='lat' dir='ltr'><strong>respectu</strong></span> <span class='ocrx_word' id='word_1_575' title='bbox 2871 3166 3063 3206; x_wconf 89' lang='lat' dir='ltr'><strong>eorum</strong></span> <span class='ocrx_word' id='word_1_576' title='bbox 3096 3168 3218 3221; x_wconf 80' lang='lat' dir='ltr'><strong>qua:</strong></span> <span class='ocrx_word' id='word_1_577' title='bbox 3266 3154 3342 3209; x_wconf 88' lang='lat' dir='ltr'><strong>ibi</strong></span> 
     </span>
    </p>
   </div>
   <div class='ocr_carea' id='block_1_77' title="bbox 1755 3243 3346 3312">
    <p class='ocr_par' dir='ltr' id='par_1_77' title="bbox 1755 3243 3346 3312">
     <span class='ocr_line' id='line_1_77' title="bbox 1755 3243 3346 3312; baseline 0.003 -14"><span class='ocrx_word' id='word_1_578' title='bbox 1755 3251 1901 3307; x_wconf 91' lang='lat' dir='ltr'><strong>sunt,</strong></span> <span class='ocrx_word' id='word_1_579' title='bbox 1939 3243 2141 3297; x_wconf 91' lang='lat' dir='ltr'><strong>idcirco</strong></span> <span class='ocrx_word' id='word_1_580' title='bbox 2165 3245 2232 3297; x_wconf 89' lang='lat' dir='ltr'><strong>ad</strong></span> <span class='ocrx_word' id='word_1_581' title='bbox 2261 3243 2656 3312; x_wconf 83' lang='lat' dir='ltr'><strong>oppositionem</strong></span> <span class='ocrx_word' id='word_1_582' title='bbox 2685 3245 3010 3299; x_wconf 90' lang='lat' dir='ltr'><strong>nostratium</strong></span> <span class='ocrx_word' id='word_1_583' title='bbox 3041 3244 3128 3300; x_wconf 90' lang='lat' dir='ltr'><strong>illa</strong></span> <span class='ocrx_word' id='word_1_584' title='bbox 3161 3261 3229 3301; x_wconf 83' lang='lat' dir='ltr'><strong>ex</strong></span> <span class='ocrx_word' id='word_1_585' title='bbox 3248 3263 3346 3303; x_wconf 82' lang='lat' dir='ltr'><strong>ne-</strong></span> 
     </span>
    </p>
   </div>
   <div class='ocr_carea' id='block_1_78' title="bbox 1759 3335 3347 3404">
    <p class='ocr_par' dir='ltr' id='par_1_78' title="bbox 1759 3335 3347 3404">
     <span class='ocr_line' id='line_1_78' title="bbox 1759 3335 3347 3404; baseline 0.006 -18"><span class='ocrx_word' id='word_1_586' title='bbox 1759 3335 1979 3404; x_wconf 86' lang='lat' dir='ltr'><strong>gatione</strong></span> <span class='ocrx_word' id='word_1_587' title='bbox 2008 3335 2286 3390; x_wconf 88' lang='lat' dir='ltr'><strong>dicuntur.</strong></span> <span class='ocrx_word' id='word_1_588' title='bbox 2344 3335 2438 3390; x_wconf 89' lang='lat' dir='ltr'><strong>Sic</strong></span> <span class='ocrx_word' id='word_1_589' title='bbox 2477 3336 2640 3390; x_wconf 90' lang='lat' dir='ltr'><strong>etiam</strong></span> <span class='ocrx_word' id='word_1_590' title='bbox 2664 3338 3101 3394; x_wconf 82' lang='lat' dir='ltr'><strong>exinanitionem</strong></span> <span class='ocrx_word' id='word_1_591' title='bbox 3143 3350 3347 3395; x_wconf 82' lang='lat' dir='ltr'><strong>vocant</strong></span> 
     </span>
    </p>
   </div>
   <div class='ocr_carea' id='block_1_79' title="bbox 1761 3427 3348 3506">
    <p class='ocr_par' dir='ltr' id='par_1_79' title="bbox 1761 3427 3348 3506">
     <span class='ocr_line' id='line_1_79' title="bbox 1761 3427 3348 3506; baseline 0.006 -26"><span class='ocrx_word' id='word_1_592' title='bbox 1761 3427 1854 3481; x_wconf 88' lang='lat' dir='ltr'><strong>Dei</strong></span> <span class='ocrx_word' id='word_1_593' title='bbox 1891 3427 2345 3493; x_wconf 90' lang='lat' dir='ltr'><strong>incarnationem,</strong></span> <span class='ocrx_word' id='word_1_594' title='bbox 2372 3430 2588 3484; x_wconf 89' lang='lat' dir='ltr'><strong>tametsi</strong></span> <span class='ocrx_word' id='word_1_595' title='bbox 2641 3431 2795 3499; x_wconf 88' lang='lat' dir='ltr'><strong>plena</strong></span> <span class='ocrx_word' id='word_1_596' title='bbox 2823 3431 3010 3498; x_wconf 84' lang='lat' dir='ltr'><strong>fuerit,</strong></span> <span class='ocrx_word' id='word_1_597' title='bbox 3044 3435 3152 3488; x_wconf 91' lang='lat' dir='ltr'><strong>imo</strong></span> <span class='ocrx_word' id='word_1_598' title='bbox 3179 3433 3348 3506; x_wconf 67' lang='grc'><strong>466</strong></span> 
     </span>
    </p>
   </div>
   <div class='ocr_carea' id='block_1_80' title="bbox 1759 3517 3348 3591">
    <p class='ocr_par' dir='ltr' id='par_1_80' title="bbox 1759 3517 3348 3591">
     <span class='ocr_line' id='line_1_80' title="bbox 1759 3517 3348 3591; baseline 0.006 -19"><span class='ocrx_word' id='word_1_599' title='bbox 1759 3531 2089 3587; x_wconf 86' lang='lat' dir='ltr'><strong>supraquam</strong></span> <span class='ocrx_word' id='word_1_600' title='bbox 2161 3517 2343 3586; x_wconf 90' lang='lat' dir='ltr'><strong>plena,</strong></span> <span class='ocrx_word' id='word_1_601' title='bbox 2385 3528 2490 3572; x_wconf 92' lang='lat' dir='ltr'><strong>tam</strong></span> <span class='ocrx_word' id='word_1_602' title='bbox 2524 3521 2815 3587; x_wconf 90' lang='lat' dir='ltr'><strong>sapientia,</strong></span> <span class='ocrx_word' id='word_1_603' title='bbox 2848 3537 3010 3591; x_wconf 88' lang='lat' dir='ltr'><strong>quam</strong></span> <span class='ocrx_word' id='word_1_604' title='bbox 3055 3525 3250 3581; x_wconf 75' lang='lat' dir='ltr'><strong>virtute</strong></span> <span class='ocrx_word' id='word_1_605' title='bbox 3281 3545 3348 3582; x_wconf 86' lang='lat' dir='ltr'><strong>ac</strong></span> 
     </span>
    </p>
   </div>
   <div class='ocr_carea' id='block_1_81' title="bbox 1759 3609 3347 3680">
    <p class='ocr_par' dir='ltr' id='par_1_81' title="bbox 1759 3609 3347 3680">
     <span class='ocr_line' id='line_1_81' title="bbox 1759 3609 3347 3680; baseline 0.006 -16"><span class='ocrx_word' id='word_1_606' title='bbox 1759 3609 1973 3675; x_wconf 89' lang='lat' dir='ltr'><strong>salute;</strong></span> <span class='ocrx_word' id='word_1_607' title='bbox 2009 3609 2314 3680; x_wconf 86' lang='lat' dir='ltr'><strong>quinetiam</strong></span> <span class='ocrx_word' id='word_1_608' title='bbox 2377 3611 2470 3665; x_wconf 89' lang='lat' dir='ltr'><strong>Dei</strong></span> <span class='ocrx_word' id='word_1_609' title='bbox 2527 3613 2929 3680; x_wconf 81' lang='lat' dir='ltr'><strong>inﬁrmitatem,</strong></span> <span class='ocrx_word' id='word_1_610' title='bbox 2987 3618 3176 3672; x_wconf 89' lang='lat' dir='ltr'><strong>erucis</strong></span> <span class='ocrx_word' id='word_1_611' title='bbox 3228 3628 3347 3675; x_wconf 73' lang='lat' dir='ltr'><strong>tro-</strong></span> 
     </span>
    </p>
   </div>
   <div class='ocr_carea' id='block_1_82' title="bbox 1759 3702 3342 3772">
    <p class='ocr_par' dir='ltr' id='par_1_82' title="bbox 1759 3702 3342 3772">
     <span class='ocr_line' id='line_1_82' title="bbox 1759 3702 3342 3772; baseline 0.007 -18"><span class='ocrx_word' id='word_1_612' title='bbox 1759 3715 1932 3768; x_wconf 67' lang='lat' dir='ltr'><strong>pteum</strong></span> <span class='ocrx_word' id='word_1_613' title='bbox 2010 3710 2230 3755; x_wconf 83' lang='lat' dir='ltr'><strong>vocant.</strong></span> <span class='ocrx_word' id='word_1_614' title='bbox 2285 3702 2396 3756; x_wconf 83' lang='lat' dir='ltr'><strong>lloc</strong></span> <span class='ocrx_word' id='word_1_615' title='bbox 2422 3702 2589 3772; x_wconf 79' lang='lat' dir='ltr'><strong>igitur</strong></span> <span class='ocrx_word' id='word_1_616' title='bbox 2622 3707 2782 3761; x_wconf 88' lang='lat' dir='ltr'><strong>modo</strong></span> <span class='ocrx_word' id='word_1_617' title='bbox 2839 3709 3005 3764; x_wconf 88' lang='lat' dir='ltr'><strong>etiam</strong></span> <span class='ocrx_word' id='word_1_618' title='bbox 3053 3711 3342 3766; x_wconf 88' lang='lat' dir='ltr'><strong>stultitiam</strong></span> 
     </span>
    </p>
   </div>
   <div class='ocr_carea' id='block_1_83' title="bbox 1757 3791 3344 3862">
    <p class='ocr_par' dir='ltr' id='par_1_83' title="bbox 1757 3791 3344 3862">
     <span class='ocr_line' id='line_1_83' title="bbox 1757 3791 3344 3862; baseline 0.008 -18"><span class='ocrx_word' id='word_1_619' title='bbox 1757 3791 1876 3856; x_wconf 88' lang='lat' dir='ltr'><strong>Dei,</strong></span> <span class='ocrx_word' id='word_1_620' title='bbox 1907 3805 2124 3845; x_wconf 91' lang='lat' dir='ltr'><strong>omnem</strong></span> <span class='ocrx_word' id='word_1_621' title='bbox 2170 3793 2496 3862; x_wconf 86' lang='lat' dir='ltr'><strong>sapientiam</strong></span> <span class='ocrx_word' id='word_1_622' title='bbox 2538 3804 2594 3848; x_wconf 91' lang='lat' dir='ltr'><strong>et</strong></span> <span class='ocrx_word' id='word_1_623' title='bbox 2639 3797 2927 3853; x_wconf 87' lang='lat' dir='ltr'><strong>scientiam</strong></span> <span class='ocrx_word' id='word_1_624' title='bbox 2983 3804 3344 3856; x_wconf 81' lang='lat' dir='ltr'><strong>excedentem</strong></span> 
     </span>
    </p>
   </div>
   <div class='ocr_carea' id='block_1_84' title="bbox 1757 3882 3345 3955">
    <p class='ocr_par' dir='ltr' id='par_1_84' title="bbox 1757 3882 3345 3955">
     <span class='ocr_line' id='line_1_84' title="bbox 1757 3882 3345 3955; baseline 0.006 -19"><span class='ocrx_word' id='word_1_625' title='bbox 1757 3882 2442 3954; x_wconf 79' lang='lat' dir='ltr'><strong>Apostoiusappellavit,id</strong></span> <span class='ocrx_word' id='word_1_626' title='bbox 2499 3887 2644 3955; x_wconf 91' lang='lat' dir='ltr'><strong>quod</strong></span> <span class='ocrx_word' id='word_1_627' title='bbox 2684 3889 2842 3945; x_wconf 88' lang='lat' dir='ltr'><strong>nobis</strong></span> <span class='ocrx_word' id='word_1_628' title='bbox 2891 3893 3092 3945; x_wconf 88' lang='lat' dir='ltr'><strong>rationi</strong></span> <span class='ocrx_word' id='word_1_629' title='bbox 3122 3903 3345 3948; x_wconf 51' lang='lat' dir='ltr'><strong>contra»</strong></span> 
     </span>
    </p>
   </div>
   <div class='ocr_carea' id='block_1_85' title="bbox 1761 3974 3344 4052">
    <p class='ocr_par' dir='ltr' id='par_1_85' title="bbox 1761 3974 3344 4052">
     <span class='ocr_line' id='line_1_85' title="bbox 1761 3974 3344 4052; baseline 0.007 -24"><span class='ocrx_word' id='word_1_630' title='bbox 1761 3975 1899 4028; x_wconf 91' lang='lat' dir='ltr'><strong>rium</strong></span> <span class='ocrx_word' id='word_1_631' title='bbox 1924 3984 1978 4028; x_wconf 91' lang='lat' dir='ltr'><strong>et</strong></span> <span class='ocrx_word' id='word_1_632' title='bbox 2010 3974 2272 4029; x_wconf 85' lang='lat' dir='ltr'><strong>absonum</strong></span> <span class='ocrx_word' id='word_1_633' title='bbox 2307 3976 2626 4044; x_wconf 85' lang='lat' dir='ltr'><strong>videbatur;</strong></span> <span class='ocrx_word' id='word_1_634' title='bbox 2659 3982 2870 4035; x_wconf 86' lang='lat' dir='ltr'><strong>scilicet</strong></span> <span class='ocrx_word' id='word_1_635' title='bbox 2897 3984 3174 4052; x_wconf 90' lang='lat' dir='ltr'><strong>quomodo</strong></span> <span class='ocrx_word' id='word_1_636' title='bbox 3200 3984 3344 4040; x_wconf 89' lang='lat' dir='ltr'><strong>Deus</strong></span> 
     </span>
    </p>
   </div>
   <div class='ocr_carea' id='block_1_86' title="bbox 1759 4066 3344 4147">
    <p class='ocr_par' dir='ltr' id='par_1_86' title="bbox 1759 4066 3344 4147">
     <span class='ocr_line' id='line_1_86' title="bbox 1759 4066 3344 4147; baseline 0.005 -24"><span class='ocrx_word' id='word_1_637' title='bbox 1759 4069 1814 4123; x_wconf 89' lang='lat' dir='ltr'><strong>in</strong></span> <span class='ocrx_word' id='word_1_638' title='bbox 1841 4081 2029 4130; x_wconf 85' lang='lat' dir='ltr'><strong>carne,</strong></span> <span class='ocrx_word' id='word_1_639' title='bbox 2072 4066 2154 4122; x_wconf 76' lang='lat' dir='ltr'><strong>vel</strong></span> <span class='ocrx_word' id='word_1_640' title='bbox 2183 4070 2454 4136; x_wconf 88' lang='lat' dir='ltr'><strong>quomodo</strong></span> <span class='ocrx_word' id='word_1_641' title='bbox 2490 4074 2852 4140; x_wconf 81' lang='lat' dir='ltr'><strong>corporaliter</strong></span> <span class='ocrx_word' id='word_1_642' title='bbox 2884 4077 2938 4130; x_wconf 91' lang='lat' dir='ltr'><strong>in</strong></span> <span class='ocrx_word' id='word_1_643' title='bbox 2963 4093 3125 4133; x_wconf 88' lang='lat' dir='ltr'><strong>cruce</strong></span> <span class='ocrx_word' id='word_1_644' title='bbox 3147 4093 3344 4147; x_wconf 86' lang='lat' dir='ltr'><strong>passus</strong></span> 
     </span>
    </p>
   </div>
   <div class='ocr_carea' id='block_1_87' title="bbox 1759 4158 3346 4242">
    <p class='ocr_par' dir='ltr' id='par_1_87' title="bbox 1759 4158 3346 4242">
     <span class='ocr_line' id='line_1_87' title="bbox 1759 4158 3346 4242; baseline 0.008 -28"><span class='ocrx_word' id='word_1_645' title='bbox 1759 4160 1850 4226; x_wconf 88' lang='lat' dir='ltr'><strong>sit,</strong></span> <span class='ocrx_word' id='word_1_646' title='bbox 1903 4158 2179 4242; x_wconf 85' lang='lat' dir='ltr'><strong>adducens</strong></span> <span class='ocrx_word' id='word_1_647' title='bbox 2205 4159 2272 4214; x_wconf 89' lang='lat' dir='ltr'><strong>ad</strong></span> <span class='ocrx_word' id='word_1_648' title='bbox 2315 4163 2628 4229; x_wconf 83' lang='lat' dir='ltr'><strong>veritatem,</strong></span> <span class='ocrx_word' id='word_1_649' title='bbox 2678 4182 2800 4236; x_wconf 67' lang='lat' dir='ltr'><strong>qua:</strong></span> <span class='ocrx_word' id='word_1_650' title='bbox 2853 4182 3072 4224; x_wconf 91' lang='lat' dir='ltr'><strong>omnem</strong></span> <span class='ocrx_word' id='word_1_651' title='bbox 3117 4168 3346 4242; x_wconf 78' lang='lat' dir='ltr'><strong>superat</strong></span> 
     </span>
    </p>
   </div>
   <div class='ocr_carea' id='block_1_88' title="bbox 1762 4253 3344 4321">
    <p class='ocr_par' dir='ltr' id='par_1_88' title="bbox 1762 4253 3344 4321">
     <span class='ocr_line' id='line_1_88' title="bbox 1762 4253 3344 4321; baseline 0.007 -15"><span class='ocrx_word' id='word_1_652' title='bbox 1762 4253 2065 4314; x_wconf 89' lang='lat' dir='ltr'><strong>rationem;</strong></span> <span class='ocrx_word' id='word_1_653' title='bbox 2099 4254 2424 4321; x_wconf 84' lang='lat' dir='ltr'><strong>mysterium</strong></span> <span class='ocrx_word' id='word_1_654' title='bbox 2455 4255 2601 4309; x_wconf 89' lang='lat' dir='ltr'><strong>enim</strong></span> <span class='ocrx_word' id='word_1_655' title='bbox 2651 4256 2754 4311; x_wconf 90' lang='lat' dir='ltr'><strong>hoc</strong></span> <span class='ocrx_word' id='word_1_656' title='bbox 2795 4260 3083 4314; x_wconf 91' lang='lat' dir='ltr'><strong>sensilium</strong></span> <span class='ocrx_word' id='word_1_657' title='bbox 3113 4265 3344 4316; x_wconf 88' lang='lat' dir='ltr'><strong>demon-</strong></span> 
     </span>
    </p>
   </div>
   <div class='ocr_carea' id='block_1_89' title="bbox 1761 4345 3344 4417">
    <p class='ocr_par' dir='ltr' id='par_1_89' title="bbox 1761 4345 3344 4417">
     <span class='ocr_line' id='line_1_89' title="bbox 1761 4345 3344 4417; baseline 0.007 -19"><span class='ocrx_word' id='word_1_658' title='bbox 1761 4345 2090 4398; x_wconf 82' lang='lat' dir='ltr'><strong>strationum</strong></span> <span class='ocrx_word' id='word_1_659' title='bbox 2122 4345 2424 4400; x_wconf 83' lang='lat' dir='ltr'><strong>rationibus</strong></span> <span class='ocrx_word' id='word_1_660' title='bbox 2461 4363 2569 4401; x_wconf 94' lang='lat' dir='ltr'><strong>non</strong></span> <span class='ocrx_word' id='word_1_661' title='bbox 2600 4350 3008 4417; x_wconf 84' lang='lat' dir='ltr'><strong>explanabitur,</strong></span> <span class='ocrx_word' id='word_1_662' title='bbox 3053 4353 3158 4408; x_wconf 92' lang='lat' dir='ltr'><strong>nisi</strong></span> <span class='ocrx_word' id='word_1_663' title='bbox 3207 4353 3344 4409; x_wconf 81' lang='lat' dir='ltr'><strong>ﬁdes</strong></span> 
     </span>
    </p>
   </div>
   <div class='ocr_carea' id='block_1_90' title="bbox 1762 4437 3347 4517">
    <p class='ocr_par' dir='ltr' id='par_1_90' title="bbox 1762 4437 3347 4517">
     <span class='ocr_line' id='line_1_90' title="bbox 1762 4437 3347 4517; baseline 0.01 -31"><span class='ocrx_word' id='word_1_664' title='bbox 1762 4439 2052 4505; x_wconf 66' lang='lat' dir='ltr'><strong>praecedat.</strong></span> <span class='ocrx_word' id='word_1_665' title='bbox 2072 4437 2178 4492; x_wconf 93' lang='lat' dir='ltr'><strong>Sed</strong></span> <span class='ocrx_word' id='word_1_666' title='bbox 2204 4441 2346 4508; x_wconf 91' lang='lat' dir='ltr'><strong>quod</strong></span> <span class='ocrx_word' id='word_1_667' title='bbox 2363 4439 2679 4517; x_wconf 77' lang='lat' dir='ltr'><strong>etiamalibi</strong></span> <span class='ocrx_word' id='word_1_668' title='bbox 2695 4441 2854 4507; x_wconf 89' lang='lat' dir='ltr'><strong>dixit,</strong></span> <span class='ocrx_word' id='word_1_669' title='bbox 2878 4444 2921 4498; x_wconf 93' lang='lat' dir='ltr'><strong>si</strong></span> <span class='ocrx_word' id='word_1_670' title='bbox 2938 4445 3170 4500; x_wconf 89' lang='lat' dir='ltr'><strong>velimus</strong></span> <span class='ocrx_word' id='word_1_671' title='bbox 3192 4462 3347 4502; x_wconf 84' lang='lat' dir='ltr'><strong>more</strong></span> 
     </span>
    </p>
   </div>
   <div class='ocr_carea' id='block_1_91' title="bbox 1763 4537 3344 4605">
    <p class='ocr_par' dir='ltr' id='par_1_91' title="bbox 1763 4537 3344 4605">
     <span class='ocr_line' id='line_1_91' title="bbox 1763 4537 3344 4605; baseline 0.006 -22"><span class='ocrx_word' id='word_1_672' title='bbox 1763 4539 1948 4585; x_wconf 89' lang='lat' dir='ltr'><strong>nostro</strong></span> <span class='ocrx_word' id='word_1_673' title='bbox 1977 4546 2038 4585; x_wconf 92' lang='lat' dir='ltr'><strong>ea</strong></span> <span class='ocrx_word' id='word_1_674' title='bbox 2064 4547 2186 4600; x_wconf 83' lang='lat' dir='ltr'><strong>quae</strong></span> <span class='ocrx_word' id='word_1_675' title='bbox 2216 4547 2380 4599; x_wconf 90' lang='lat' dir='ltr'><strong>supra</strong></span> <span class='ocrx_word' id='word_1_676' title='bbox 2399 4549 2500 4588; x_wconf 93' lang='lat' dir='ltr'><strong>nos</strong></span> <span class='ocrx_word' id='word_1_677' title='bbox 2533 4545 2660 4589; x_wconf 89' lang='lat' dir='ltr'><strong>sunt</strong></span> <span class='ocrx_word' id='word_1_678' title='bbox 2690 4537 3344 4605; x_wconf 80' lang='lat' dir='ltr'><strong>aceipere,l’arniliaribus</strong></span> 
     </span>
    </p>
   </div>
   <div class='ocr_carea' id='block_1_92' title="bbox 1764 4622 3345 4700">
    <p class='ocr_par' dir='ltr' id='par_1_92' title="bbox 1764 4622 3345 4700">
     <span class='ocr_line' id='line_1_92' title="bbox 1764 4622 3345 4700; baseline 0.004 -23"><span class='ocrx_word' id='word_1_679' title='bbox 1764 4623 2014 4678; x_wconf 83' lang='lat' dir='ltr'><strong>sensibus</strong></span> <span class='ocrx_word' id='word_1_680' title='bbox 2039 4622 2618 4694; x_wconf 80' lang='lat' dir='ltr'><strong>involuti,decipitnur;</strong></span> <span class='ocrx_word' id='word_1_681' title='bbox 2639 4642 2760 4682; x_wconf 91' lang='lat' dir='ltr'><strong>cum</strong></span> <span class='ocrx_word' id='word_1_682' title='bbox 2781 4630 2926 4684; x_wconf 89' lang='lat' dir='ltr'><strong>scire</strong></span> <span class='ocrx_word' id='word_1_683' title='bbox 2947 4639 3218 4700; x_wconf 85' lang='lat' dir='ltr'><strong>Oporteat,</strong></span> <span class='ocrx_word' id='word_1_684' title='bbox 3245 4647 3345 4684; x_wconf 89' lang='lat' dir='ltr'><strong>no-</strong></span> 
     </span>
    </p>
   </div>
   <div class='ocr_carea' id='block_1_93' title="bbox 85 4714 1573 4794">
    <p class='ocr_par' dir='ltr' id='par_1_93' title="bbox 85 4721 1573 4794">
     <span class='ocr_line' id='line_1_93' title="bbox 85 4721 1573 4794; baseline 0.003 -22"><span class='ocrx_word' id='word_1_685' title='bbox 85 4721 251 4777; x_wconf 79' lang='grc' dir='ltr'>ἐκεῖνα</span> <span class='ocrx_word' id='word_1_686' title='bbox 276 4724 346 4776; x_wconf 76' lang='grc' dir='ltr'>τὰ</span> <span class='ocrx_word' id='word_1_687' title='bbox 379 4721 574 4792; x_wconf 78' lang='grc' dir='ltr'>νοητὰ,</span> <span class='ocrx_word' id='word_1_688' title='bbox 615 4721 682 4773; x_wconf 83' lang='grc' dir='ltr'>τὰ</span> <span class='ocrx_word' id='word_1_689' title='bbox 707 4725 770 4793; x_wconf 77' lang='grc' dir='ltr'>τῇ</span> <span class='ocrx_word' id='word_1_690' title='bbox 804 4722 1030 4793; x_wconf 85' lang='grc' dir='ltr'>δύναμει</span> <span class='ocrx_word' id='word_1_691' title='bbox 1055 4723 1154 4793; x_wconf 78' lang='grc' dir='ltr'>τῆς</span> <span class='ocrx_word' id='word_1_692' title='bbox 1198 4725 1440 4794; x_wconf 77' lang='grc' dir='ltr'>νοήσεως</span> <span class='ocrx_word' id='word_1_693' title='bbox 1486 4727 1573 4778; x_wconf 69' lang='grc' dir='ltr'><strong>αὐτ</strong></span> 
     </span>
    </p>
   </div>
   <div class='ocr_carea' id='block_1_94' title="bbox 1857 4714 3345 4794">
    <p class='ocr_par' dir='ltr' id='par_1_94' title="bbox 1857 4714 3345 4793">
     <span class='ocr_line' id='line_1_94' title="bbox 1857 4714 3345 4793; baseline 0.009 -28"><span class='ocrx_word' id='word_1_694' title='bbox 1857 4735 1938 4772; x_wconf 75' lang='lat' dir='ltr'><strong>um</strong></span> <span class='ocrx_word' id='word_1_695' title='bbox 1964 4714 2308 4772; x_wconf 75' lang='lat' dir='ltr'><strong>intellectum</strong></span> <span class='ocrx_word' id='word_1_696' title='bbox 2347 4718 2561 4774; x_wconf 85' lang='lat' dir='ltr'><strong>habere</strong></span> <span class='ocrx_word' id='word_1_697' title='bbox 2598 4720 2817 4785; x_wconf 88' lang='lat' dir='ltr'><strong>quidem</strong></span> <span class='ocrx_word' id='word_1_698' title='bbox 2869 4723 2979 4777; x_wconf 80' lang='lat' dir='ltr'><strong>vim</strong></span> <span class='ocrx_word' id='word_1_699' title='bbox 3009 4723 3345 4793; x_wconf 77' lang='lat' dir='ltr'><strong>intelligendi</strong></span> 
     </span>
    </p>
   </div>
   <div class='ocr_carea' id='block_1_95' title="bbox 87 4812 1653 4887">
    <p class='ocr_par' dir='ltr' id='par_1_95' title="bbox 87 4812 1653 4887">
     <span class='ocr_line' id='line_1_95' title="bbox 87 4812 1653 4887; baseline 0.004 -24"><span class='ocrx_word' id='word_1_700' title='bbox 87 4812 428 4887; x_wconf 70' lang='grc' dir='ltr'>ἐπικείμενα·</span> <span class='ocrx_word' id='word_1_701' title='bbox 477 4816 594 4875; x_wconf 89' lang='grc' dir='ltr'>τοῖς</span> <span class='ocrx_word' id='word_1_702' title='bbox 636 4813 692 4865; x_wconf 85' lang='grc' dir='ltr'><strong>δὲ</strong></span> <span class='ocrx_word' id='word_1_703' title='bbox 733 4813 1024 4879; x_wconf 79' lang='grc' dir='ltr'>ἐπέκεινα,</span> <span class='ocrx_word' id='word_1_704' title='bbox 1066 4813 1167 4866; x_wconf 83' lang='grc' dir='ltr'><strong>οῦκ</strong></span> <span class='ocrx_word' id='word_1_705' title='bbox 1209 4813 1273 4866; x_wconf 86' lang='grc' dir='ltr'><strong>ἂν</strong></span> <span class='ocrx_word' id='word_1_706' title='bbox 1312 4816 1653 4870; x_wconf 79' lang='grc' dir='ltr'>ἐπιϐαλεῖται</span> 
     </span>
    </p>
   </div>
   <div class='ocr_carea' id='block_1_96' title="bbox 88 4903 1658 4977">
    <p class='ocr_par' dir='ltr' id='par_1_96' title="bbox 88 4903 1658 4977">
     <span class='ocr_line' id='line_1_96' title="bbox 88 4903 1658 4977; baseline 0.004 -20"><span class='ocrx_word' id='word_1_707' title='bbox 88 4907 268 4970; x_wconf 82' lang='grc' dir='ltr'>ποσῶς,</span> <span class='ocrx_word' id='word_1_708' title='bbox 320 4909 370 4960; x_wconf 87' lang='grc' dir='ltr'><strong>εἰ</strong></span> <span class='ocrx_word' id='word_1_709' title='bbox 430 4903 506 4976; x_wconf 75' lang='grc' dir='ltr'>μὴ</span> <span class='ocrx_word' id='word_1_710' title='bbox 535 4903 679 4956; x_wconf 89' lang='grc' dir='ltr'>κατὰ</span> <span class='ocrx_word' id='word_1_711' title='bbox 708 4921 828 4956; x_wconf 87' lang='grc' dir='ltr'>τινα</span> <span class='ocrx_word' id='word_1_712' title='bbox 865 4903 1057 4958; x_wconf 78' lang='grc' dir='ltr'>’ένωσιν</span> <span class='ocrx_word' id='word_1_713' title='bbox 1121 4904 1547 4977; x_wconf 79' lang='grc' dir='ltr'>ὑπεραίρουσαν,</span> <span class='ocrx_word' id='word_1_714' title='bbox 1599 4913 1658 4964; x_wconf 87' lang='grc' dir='ltr'><strong>ἐν</strong></span> 
     </span>
    </p>
   </div>
   <div class='ocr_carea' id='block_1_97' title="bbox 89 4994 1657 5069">
    <p class='ocr_par' dir='ltr' id='par_1_97' title="bbox 89 4994 1657 5069">
     <span class='ocr_line' id='line_1_97' title="bbox 89 4994 1657 5069; baseline 0.003 -22"><span class='ocrx_word' id='word_1_715' title='bbox 89 4997 152 5066; x_wconf 80' lang='grc' dir='ltr'><strong>τῷ</strong></span> <span class='ocrx_word' id='word_1_716' title='bbox 174 5000 389 5052; x_wconf 70' lang='grc' dir='ltr'>πάντων</span> <span class='ocrx_word' id='word_1_717' title='bbox 409 4996 672 5065; x_wconf 74' lang='grc' dir='ltr'>ἐκστῆναι</span> <span class='ocrx_word' id='word_1_718' title='bbox 708 4994 816 5046; x_wconf 89' lang='grc' dir='ltr'><strong>τῶν</strong></span> <span class='ocrx_word' id='word_1_719' title='bbox 838 4994 1109 5066; x_wconf 84' lang='grc' dir='ltr'>αἰσθητῶν</span> <span class='ocrx_word' id='word_1_720' title='bbox 1129 5013 1188 5048; x_wconf 84' lang='grc' dir='ltr'><strong>τε</strong></span> <span class='ocrx_word' id='word_1_721' title='bbox 1215 4997 1307 5049; x_wconf 74' lang='grc' dir='ltr'><strong>καὶ</strong></span> <span class='ocrx_word' id='word_1_722' title='bbox 1337 4998 1563 5069; x_wconf 83' lang='grc' dir='ltr'>νοητῶν,</span> <span class='ocrx_word' id='word_1_723' title='bbox 1578 4999 1657 5052; x_wconf 76' lang='grc' dir='ltr'><strong>ἔτι</strong></span> 
     </span>
    </p>
   </div>
   <div class='ocr_carea' id='block_1_98' title="bbox 90 5084 1660 5159">
    <p class='ocr_par' dir='ltr' id='par_1_98' title="bbox 90 5084 1660 5159">
     <span class='ocr_line' id='line_1_98' title="bbox 90 5084 1660 5159; baseline 0.002 -20"><span class='ocrx_word' id='word_1_724' title='bbox 90 5087 134 5140; x_wconf 73' lang='grc' dir='ltr'><strong>δὲ</strong></span> <span class='ocrx_word' id='word_1_725' title='bbox 165 5091 254 5142; x_wconf 76' lang='grc' dir='ltr'><strong>καὶ</strong></span> <span class='ocrx_word' id='word_1_726' title='bbox 280 5089 382 5158; x_wconf 79' lang='grc' dir='ltr'><strong>τῆς</strong></span> <span class='ocrx_word' id='word_1_727' title='bbox 412 5087 623 5149; x_wconf 88' lang='grc' dir='ltr'>οἰκείας</span> <span class='ocrx_word' id='word_1_728' title='bbox 649 5087 932 5156; x_wconf 82' lang='grc' dir='ltr'>κινήσεως,</span> <span class='ocrx_word' id='word_1_729' title='bbox 953 5084 1207 5140; x_wconf 82' lang='grc' dir='ltr'>εἷθόῦτω</span> <span class='ocrx_word' id='word_1_730' title='bbox 1234 5088 1334 5158; x_wconf 77' lang='grc' dir='ltr'>τῆς</span> <span class='ocrx_word' id='word_1_731' title='bbox 1361 5088 1510 5153; x_wconf 82' lang='grc' dir='ltr'>θείας</span> <span class='ocrx_word' id='word_1_732' title='bbox 1527 5087 1660 5159; x_wconf 82' lang='grc' dir='ltr'><strong>γνὼ-</strong></span> 
     </span>
    </p>
   </div>
   <div class='ocr_carea' id='block_1_99' title="bbox 95 5176 1659 5253">
    <p class='ocr_par' dir='ltr' id='par_1_99' title="bbox 95 5176 1659 5253">
     <span class='ocr_line' id='line_1_99' title="bbox 95 5176 1659 5253; baseline 0.003 -23"><span class='ocrx_word' id='word_1_733' title='bbox 95 5194 211 5242; x_wconf 83' lang='grc' dir='ltr'>σεως</span> <span class='ocrx_word' id='word_1_734' title='bbox 224 5179 421 5233; x_wconf 74' lang='grc' dir='ltr'>ἀκτῖνα</span> <span class='ocrx_word' id='word_1_735' title='bbox 440 5194 567 5231; x_wconf 89' lang='grc' dir='ltr'>τινα</span> <span class='ocrx_word' id='word_1_736' title='bbox 581 5176 849 5242; x_wconf 70' lang='grc' dir='ltr'>δέξασθαι.</span> <span class='ocrx_word' id='word_1_737' title='bbox 871 5179 1100 5230; x_wconf 85' lang='grc' dir='ltr'>Ἕνωσιν</span> <span class='ocrx_word' id='word_1_738' title='bbox 1121 5179 1176 5231; x_wconf 87' lang='grc' dir='ltr'><strong>δέ</strong></span> <span class='ocrx_word' id='word_1_739' title='bbox 1207 5197 1369 5250; x_wconf 86' lang='grc' dir='ltr'>φησιν</span> <span class='ocrx_word' id='word_1_740' title='bbox 1397 5181 1456 5233; x_wconf 78' lang='grc' dir='ltr'><strong>οῦ</strong></span> <span class='ocrx_word' id='word_1_741' title='bbox 1474 5181 1569 5253; x_wconf 78' lang='grc' dir='ltr'>τὴν</span> <span class='ocrx_word' id='word_1_742' title='bbox 1585 5183 1659 5246; x_wconf 82' lang='grc' dir='ltr'>ὡς</span> 
     </span>
    </p>
   </div>
   <div class='ocr_carea' id='block_1_100' title="bbox 95 5269 1667 5342">
    <p class='ocr_par' dir='ltr' id='par_1_100' title="bbox 95 5269 1667 5342">
     <span class='ocr_line' id='line_1_100' title="bbox 95 5269 1667 5342; baseline 0.003 -20"><span class='ocrx_word' id='word_1_743' title='bbox 95 5269 146 5322; x_wconf 77' lang='grc' dir='ltr'>ἄν</span> <span class='ocrx_word' id='word_1_744' title='bbox 159 5290 234 5334; x_wconf 81' lang='grc' dir='ltr'><strong>τις</strong></span> <span class='ocrx_word' id='word_1_745' title='bbox 248 5272 390 5324; x_wconf 79' lang='grc' dir='ltr'>εἴποι</span> <span class='ocrx_word' id='word_1_746' title='bbox 411 5269 562 5340; x_wconf 82' lang='grc' dir='ltr'>μίξιν</span> <span class='ocrx_word' id='word_1_747' title='bbox 580 5269 672 5321; x_wconf 70' lang='grc' dir='ltr'><strong>καὶ</strong></span> <span class='ocrx_word' id='word_1_748' title='bbox 686 5270 945 5341; x_wconf 79' lang='grc' dir='ltr'>συναφὴν,</span> <span class='ocrx_word' id='word_1_749' title='bbox 959 5271 986 5323; x_wconf 81' lang='grc' dir='ltr'><strong>ὃ</strong></span> <span class='ocrx_word' id='word_1_750' title='bbox 997 5271 1060 5342; x_wconf 79' lang='grc' dir='ltr'><strong>δὴ</strong></span> <span class='ocrx_word' id='word_1_751' title='bbox 1075 5272 1167 5323; x_wconf 76' lang='grc' dir='ltr'><strong>καὶ</strong></span> <span class='ocrx_word' id='word_1_752' title='bbox 1179 5271 1310 5325; x_wconf 76' lang='grc' dir='ltr'>αὐτὸ</span> <span class='ocrx_word' id='word_1_753' title='bbox 1321 5271 1554 5342; x_wconf 86' lang='grc' dir='ltr'>λέγεται,</span> <span class='ocrx_word' id='word_1_754' title='bbox 1573 5291 1667 5327; x_wconf 90' lang='grc' dir='ltr'>κα-</span> 
     </span>
    </p>
   </div>
   <div class='ocr_carea' id='block_1_101' title="bbox 97 5359 1666 5434">
    <p class='ocr_par' dir='ltr' id='par_1_101' title="bbox 97 5359 1666 5434">
     <span class='ocr_line' id='line_1_101' title="bbox 97 5359 1666 5434; baseline 0.003 -22"><span class='ocrx_word' id='word_1_755' title='bbox 97 5359 186 5425; x_wconf 73' lang='grc' dir='ltr'><strong>θὼς</strong></span> <span class='ocrx_word' id='word_1_756' title='bbox 201 5365 290 5416; x_wconf 69' lang='grc' dir='ltr'>καὶ</span> <span class='ocrx_word' id='word_1_757' title='bbox 307 5360 524 5434; x_wconf 87' lang='grc' dir='ltr'>προῖὼν</span> <span class='ocrx_word' id='word_1_758' title='bbox 534 5359 679 5428; x_wconf 83' lang='grc' dir='ltr'>λέγει</span> <span class='ocrx_word' id='word_1_759' title='bbox 691 5362 718 5412; x_wconf 91' lang='lat'><strong>6</strong></span> <span class='ocrx_word' id='word_1_760' title='bbox 735 5361 906 5429; x_wconf 75' lang='grc' dir='ltr'>ἆγιοςο</span> <span class='ocrx_word' id='word_1_761' title='bbox 927 5365 1113 5416; x_wconf 82' lang='grc' dir='ltr'>Ὅταν</span> <span class='ocrx_word' id='word_1_762' title='bbox 1126 5367 1159 5417; x_wconf 87' lang='grc' dir='ltr'><em>ὀ</em></span> <span class='ocrx_word' id='word_1_763' title='bbox 1171 5365 1316 5430; x_wconf 73' lang='grc' dir='ltr'>νοῦς</span> <span class='ocrx_word' id='word_1_764' title='bbox 1331 5365 1525 5434; x_wconf 78' lang='grc' dir='ltr'>ἐνωθῇ</span> <span class='ocrx_word' id='word_1_765' title='bbox 1538 5365 1666 5432; x_wconf 81' lang='grc' dir='ltr'>ταῖς</span> 
     </span>
    </p>
   </div>
   <div class='ocr_carea' id='block_1_102' title="bbox 97 5451 1664 5528">
    <p class='ocr_par' dir='ltr' id='par_1_102' title="bbox 97 5451 1664 5528">
     <span class='ocr_line' id='line_1_102' title="bbox 97 5451 1664 5528; baseline 0.004 -24"><span class='ocrx_word' id='word_1_766' title='bbox 97 5453 229 5520; x_wconf 76' lang='grc' dir='ltr'>ὑπὲρ</span> <span class='ocrx_word' id='word_1_767' title='bbox 243 5457 435 5523; x_wconf 59' lang='grc' dir='ltr'>φύσιν</span> <span class='ocrx_word' id='word_1_768' title='bbox 458 5451 719 5506; x_wconf 79' lang='grc' dir='ltr'>ἀκτῖσιν·</span> <span class='ocrx_word' id='word_1_769' title='bbox 739 5451 854 5505; x_wconf 79' lang='grc' dir='ltr'>ἀλλ’</span> <span class='ocrx_word' id='word_1_770' title='bbox 871 5452 1053 5524; x_wconf 79' lang='grc' dir='ltr'>ἐπειδὴ</span> <span class='ocrx_word' id='word_1_771' title='bbox 1067 5454 1122 5505; x_wconf 91' lang='grc' dir='ltr'><strong>αί</strong></span> <span class='ocrx_word' id='word_1_772' title='bbox 1139 5455 1348 5526; x_wconf 85' lang='grc' dir='ltr'>νοήσεις</span> <span class='ocrx_word' id='word_1_773' title='bbox 1362 5457 1567 5510; x_wconf 86' lang='grc' dir='ltr'>κατώτε</span> <span class='ocrx_word' id='word_1_774' title='bbox 1576 5458 1664 5528; x_wconf 90' lang='grc' dir='ltr'><strong>ραί</strong></span> 
     </span>
    </p>
   </div>
   <div class='ocr_carea' id='block_1_103' title="bbox 101 5543 1664 5619">
    <p class='ocr_par' dir='ltr' id='par_1_103' title="bbox 101 5543 1664 5619">
     <span class='ocr_line' id='line_1_103' title="bbox 101 5543 1664 5619; baseline 0.005 -26"><span class='ocrx_word' id='word_1_775' title='bbox 101 5545 186 5597; x_wconf 84' lang='grc' dir='ltr'>εἱσι</span> <span class='ocrx_word' id='word_1_776' title='bbox 201 5547 290 5598; x_wconf 85' lang='grc' dir='ltr'><strong>τοῦ</strong></span> <span class='ocrx_word' id='word_1_777' title='bbox 305 5545 578 5605; x_wconf 87' lang='grc' dir='ltr'>νοοῦντος·</span> <span class='ocrx_word' id='word_1_778' title='bbox 600 5543 692 5596; x_wconf 74' lang='grc' dir='ltr'><strong>καὶ</strong></span> <span class='ocrx_word' id='word_1_779' title='bbox 710 5543 1010 5613; x_wconf 84' lang='grc' dir='ltr'>σκεδασμὸς</span> <span class='ocrx_word' id='word_1_780' title='bbox 1037 5546 1259 5610; x_wconf 87' lang='grc' dir='ltr'>εἰκότως</span> <span class='ocrx_word' id='word_1_781' title='bbox 1288 5547 1381 5601; x_wconf 79' lang='grc' dir='ltr'><strong>καὶ</strong></span> <span class='ocrx_word' id='word_1_782' title='bbox 1401 5548 1664 5619; x_wconf 79' lang='grc' dir='ltr'>μερισμὸς</span> 
     </span>
    </p>
   </div>
   <div class='ocr_carea' id='block_1_104' title="bbox 101 5633 1664 5708">
    <p class='ocr_par' dir='ltr' id='par_1_104' title="bbox 101 5633 1664 5708">
     <span class='ocr_line' id='line_1_104' title="bbox 101 5633 1664 5708; baseline 0.004 -21"><span class='ocrx_word' id='word_1_783' title='bbox 101 5633 183 5703; x_wconf 70' lang='grc' dir='ltr'>τῆς</span> <span class='ocrx_word' id='word_1_784' title='bbox 204 5638 449 5708; x_wconf 87' lang='grc' dir='ltr'>ἐνότητος</span> <span class='ocrx_word' id='word_1_785' title='bbox 464 5633 564 5689; x_wconf 89' lang='grc' dir='ltr'><strong>τοῦ</strong></span> <span class='ocrx_word' id='word_1_786' title='bbox 581 5633 670 5686; x_wconf 88' lang='grc' dir='ltr'><strong>νοῦ</strong></span> <span class='ocrx_word' id='word_1_787' title='bbox 683 5634 910 5702; x_wconf 86' lang='grc' dir='ltr'>γίνεται,</span> <span class='ocrx_word' id='word_1_788' title='bbox 923 5636 1012 5688; x_wconf 81' lang='grc' dir='ltr'><strong>ὅτε</strong></span> <span class='ocrx_word' id='word_1_789' title='bbox 1029 5639 1140 5689; x_wconf 87' lang='grc' dir='ltr'>νοεῖ</span> <span class='ocrx_word' id='word_1_790' title='bbox 1155 5654 1228 5690; x_wconf 64' lang='grc' dir='ltr'>τιν</span> <span class='ocrx_word' id='word_1_791' title='bbox 1246 5638 1335 5692; x_wconf 83' lang='grc' dir='ltr'><strong>ὅτε</strong></span> <span class='ocrx_word' id='word_1_792' title='bbox 1351 5638 1405 5692; x_wconf 87' lang='grc' dir='ltr'><strong>δὲ</strong></span> <span class='ocrx_word' id='word_1_793' title='bbox 1431 5640 1515 5708; x_wconf 85' lang='grc' dir='ltr'>ἐφ’</span> <span class='ocrx_word' id='word_1_794' title='bbox 1539 5641 1664 5694; x_wconf 83' lang='grc' dir='ltr'>ἐαυ-</span> 
     </span>
    </p>
   </div>
   <div class='ocr_carea' id='block_1_105' title="bbox 166 5774 1116 5841">
    <p class='ocr_par' dir='ltr' id='par_1_105' title="bbox 166 5774 1116 5841">
     <span class='ocr_line' id='line_1_105' title="bbox 166 5774 1116 5841; baseline 0.005 -15"><span class='ocrx_word' id='word_1_795' title='bbox 166 5783 182 5808; x_wconf 74' lang='grc' dir='ltr'><strong><em>τ</em></strong></span> <span class='ocrx_word' id='word_1_796' title='bbox 214 5774 293 5830; x_wconf 79' lang='lat' dir='ltr'><strong>Ps.</strong></span> <span class='ocrx_word' id='word_1_797' title='bbox 317 5792 506 5841; x_wconf 73' lang='lat' dir='ltr'><strong>exui,</strong></span> <span class='ocrx_word' id='word_1_798' title='bbox 539 5774 594 5832; x_wconf 79' lang='lat'><strong>5.</strong></span> <span class='ocrx_word' id='word_1_799' title='bbox 685 5786 706 5813; x_wconf 77' lang='grc'><strong>³</strong></span> <span class='ocrx_word' id='word_1_800' title='bbox 742 5775 758 5830; x_wconf 92' lang='lat' dir='ltr'><strong>l</strong></span> <span class='ocrx_word' id='word_1_801' title='bbox 795 5774 916 5834; x_wconf 88' lang='lat' dir='ltr'><strong>Cor.</strong></span> <span class='ocrx_word' id='word_1_802' title='bbox 955 5793 994 5838; x_wconf 80' lang='grc' dir='ltr'>ι.</span> <span class='ocrx_word' id='word_1_803' title='bbox 1029 5776 1116 5832; x_wconf 71' lang='lat'><strong>25.</strong></span> 
     </span>
    </p>
   </div>
   <div class='ocr_carea' id='block_1_106' title="bbox 1766 4816 3345 4886">
    <p class='ocr_par' dir='ltr' id='par_1_106' title="bbox 1766 4816 3345 4886">
     <span class='ocr_line' id='line_1_106' title="bbox 1766 4816 3345 4886; baseline 0.001 -16"><span class='ocrx_word' id='word_1_804' title='bbox 1766 4830 1854 4870; x_wconf 83' lang='lat' dir='ltr'><strong>res</strong></span> <span class='ocrx_word' id='word_1_805' title='bbox 1879 4816 2224 4872; x_wconf 89' lang='lat' dir='ltr'><strong>intellectiles</strong></span> <span class='ocrx_word' id='word_1_806' title='bbox 2249 4822 2266 4886; x_wconf 95' lang='lat'>(</span> <span class='ocrx_word' id='word_1_807' title='bbox 2292 4817 2562 4886; x_wconf 85' lang='lat' dir='ltr'><strong>siquidem</strong></span> <span class='ocrx_word' id='word_1_808' title='bbox 2615 4817 2959 4886; x_wconf 90' lang='lat' dir='ltr'><strong>simplicibus</strong></span> <span class='ocrx_word' id='word_1_809' title='bbox 3016 4817 3345 4885; x_wconf 87' lang='lat' dir='ltr'><strong>quibusdam</strong></span> 
     </span>
    </p>
   </div>
   <div class='ocr_carea' id='block_1_107' title="bbox 1767 4907 3346 4978">
    <p class='ocr_par' dir='ltr' id='par_1_107' title="bbox 1767 4907 3346 4978">
     <span class='ocr_line' id='line_1_107' title="bbox 1767 4907 3346 4978; baseline 0.003 -19"><span class='ocrx_word' id='word_1_810' title='bbox 1767 4909 2121 4977; x_wconf 85' lang='lat' dir='ltr'><strong>conceptibus</strong></span> <span class='ocrx_word' id='word_1_811' title='bbox 2155 4917 2210 4962; x_wconf 89' lang='lat' dir='ltr'><strong>et</strong></span> <span class='ocrx_word' id='word_1_812' title='bbox 2240 4909 2816 4963; x_wconf 81' lang='lat' dir='ltr'><strong>indcmmtstrabilibus</strong></span> <span class='ocrx_word' id='word_1_813' title='bbox 2846 4907 3118 4978; x_wconf 85' lang='lat' dir='ltr'><strong>intelligit)</strong></span> <span class='ocrx_word' id='word_1_814' title='bbox 3157 4925 3346 4964; x_wconf 76' lang='lat' dir='ltr'><strong>verum</strong></span> 
     </span>
    </p>
   </div>
   <div class='ocr_carea' id='block_1_108' title="bbox 1768 4997 3345 5068">
    <p class='ocr_par' dir='ltr' id='par_1_108' title="bbox 1768 4997 3345 5068">
     <span class='ocr_line' id='line_1_108' title="bbox 1768 4997 3345 5068; baseline 0.003 -18"><span class='ocrx_word' id='word_1_815' title='bbox 1768 4997 1887 5051; x_wconf 91' lang='lat' dir='ltr'><strong>illas</strong></span> <span class='ocrx_word' id='word_1_816' title='bbox 1918 5014 2004 5052; x_wconf 90' lang='lat' dir='ltr'><strong>res</strong></span> <span class='ocrx_word' id='word_1_817' title='bbox 2033 4998 2379 5054; x_wconf 89' lang='lat' dir='ltr'><strong>intellectiles</strong></span> <span class='ocrx_word' id='word_1_818' title='bbox 2423 5016 2545 5068; x_wconf 73' lang='lat' dir='ltr'><strong>qua:</strong></span> <span class='ocrx_word' id='word_1_819' title='bbox 2595 5000 2693 5053; x_wconf 85' lang='lat' dir='ltr'><strong>sub</strong></span> <span class='ocrx_word' id='word_1_820' title='bbox 2727 4999 3069 5067; x_wconf 80' lang='lat' dir='ltr'><strong>intelligendi</strong></span> <span class='ocrx_word' id='word_1_821' title='bbox 3102 4998 3222 5067; x_wconf 87' lang='lat' dir='ltr'><strong>ejus</strong></span> <span class='ocrx_word' id='word_1_822' title='bbox 3261 5002 3345 5054; x_wconf 80' lang='lat' dir='ltr'><strong>fa-</strong></span> 
     </span>
    </p>
   </div>
   <div class='ocr_carea' id='block_1_109' title="bbox 1768 5089 3345 5163">
    <p class='ocr_par' dir='ltr' id='par_1_109' title="bbox 1768 5089 3345 5163">
     <span class='ocr_line' id='line_1_109' title="bbox 1768 5089 3345 5163; baseline 0.004 -20"><span class='ocrx_word' id='word_1_823' title='bbox 1768 5089 2026 5144; x_wconf 85' lang='lat' dir='ltr'><strong>cultatem</strong></span> <span class='ocrx_word' id='word_1_824' title='bbox 2070 5092 2270 5146; x_wconf 89' lang='lat' dir='ltr'><strong>cadunt</strong></span> <span class='ocrx_word' id='word_1_825' title='bbox 2298 5108 2314 5158; x_wconf 88' lang='lat'><strong>;</strong></span> <span class='ocrx_word' id='word_1_826' title='bbox 2344 5107 2430 5146; x_wconf 91' lang='lat' dir='ltr'><strong>res</strong></span> <span class='ocrx_word' id='word_1_827' title='bbox 2487 5102 2667 5145; x_wconf 85' lang='lat' dir='ltr'><strong>autem</strong></span> <span class='ocrx_word' id='word_1_828' title='bbox 2710 5094 3023 5161; x_wconf 87' lang='lat' dir='ltr'><strong>superiores</strong></span> <span class='ocrx_word' id='word_1_829' title='bbox 3067 5110 3345 5163; x_wconf 83' lang='lat' dir='ltr'><strong>nunquam</strong></span> 
     </span>
    </p>
   </div>
   <div class='ocr_carea' id='block_1_110' title="bbox 1768 5184 3347 5255">
    <p class='ocr_par' dir='ltr' id='par_1_110' title="bbox 1768 5184 3347 5255">
     <span class='ocr_line' id='line_1_110' title="bbox 1768 5184 3347 5255; baseline 0.004 -21"><span class='ocrx_word' id='word_1_830' title='bbox 1768 5184 2161 5251; x_wconf 79' lang='lat' dir='ltr'><strong>apprcliendet,</strong></span> <span class='ocrx_word' id='word_1_831' title='bbox 2195 5185 2298 5238; x_wconf 89' lang='lat' dir='ltr'><strong>nisi</strong></span> <span class='ocrx_word' id='word_1_832' title='bbox 2338 5200 2434 5253; x_wconf 88' lang='lat' dir='ltr'><strong>per</strong></span> <span class='ocrx_word' id='word_1_833' title='bbox 2464 5185 2790 5238; x_wconf 88' lang='lat' dir='ltr'><strong>eminentem</strong></span> <span class='ocrx_word' id='word_1_834' title='bbox 2842 5188 3132 5255; x_wconf 90' lang='lat' dir='ltr'><strong>quamdam</strong></span> <span class='ocrx_word' id='word_1_835' title='bbox 3189 5189 3347 5241; x_wconf 79' lang='lat' dir='ltr'><strong>unio-</strong></span> 
     </span>
    </p>
   </div>
   <div class='ocr_carea' id='block_1_111' title="bbox 1773 5275 3348 5349">
    <p class='ocr_par' dir='ltr' id='par_1_111' title="bbox 1773 5275 3348 5349">
     <span class='ocr_line' id='line_1_111' title="bbox 1773 5275 3348 5349; baseline 0.006 -24"><span class='ocrx_word' id='word_1_836' title='bbox 1773 5290 1893 5327; x_wconf 79' lang='lat' dir='ltr'><strong>nem</strong></span> <span class='ocrx_word' id='word_1_837' title='bbox 1947 5277 2167 5329; x_wconf 86' lang='lat' dir='ltr'><strong>sensilia</strong></span> <span class='ocrx_word' id='word_1_838' title='bbox 2209 5275 2648 5344; x_wconf 85' lang='lat' dir='ltr'><strong>intel!ectiliaque</strong></span> <span class='ocrx_word' id='word_1_839' title='bbox 2686 5288 2883 5331; x_wconf 90' lang='lat' dir='ltr'><strong>cuncta</strong></span> <span class='ocrx_word' id='word_1_840' title='bbox 2927 5286 3092 5347; x_wconf 88' lang='lat' dir='ltr'><strong>atque</strong></span> <span class='ocrx_word' id='word_1_841' title='bbox 3126 5279 3348 5349; x_wconf 86' lang='lat' dir='ltr'><strong>insuper</strong></span> 
     </span>
    </p>
   </div>
   <div class='ocr_carea' id='block_1_112' title="bbox 1770 5369 3348 5440">
    <p class='ocr_par' dir='ltr' id='par_1_112' title="bbox 1770 5369 3348 5440">
     <span class='ocr_line' id='line_1_112' title="bbox 1770 5369 3348 5440; baseline 0.004 -21"><span class='ocrx_word' id='word_1_842' title='bbox 1770 5376 1974 5420; x_wconf 90' lang='lat' dir='ltr'><strong>motum</strong></span> <span class='ocrx_word' id='word_1_843' title='bbox 2007 5369 2282 5437; x_wconf 88' lang='lat' dir='ltr'><strong>proprium</strong></span> <span class='ocrx_word' id='word_1_844' title='bbox 2327 5370 2576 5433; x_wconf 84' lang='lat' dir='ltr'><strong>excedat,</strong></span> <span class='ocrx_word' id='word_1_845' title='bbox 2600 5381 2766 5439; x_wconf 85' lang='lat' dir='ltr'><strong>atque</strong></span> <span class='ocrx_word' id='word_1_846' title='bbox 2809 5370 2884 5422; x_wconf 91' lang='lat' dir='ltr'><strong>ita</strong></span> <span class='ocrx_word' id='word_1_847' title='bbox 2911 5371 3124 5424; x_wconf 89' lang='lat' dir='ltr'><strong>radium</strong></span> <span class='ocrx_word' id='word_1_848' title='bbox 3155 5385 3348 5440; x_wconf 86' lang='lat' dir='ltr'><strong>quem-</strong></span> 
     </span>
    </p>
   </div>
   <div class='ocr_carea' id='block_1_113' title="bbox 1769 5460 3344 5533">
    <p class='ocr_par' dir='ltr' id='par_1_113' title="bbox 1769 5460 3344 5533">
     <span class='ocr_line' id='line_1_113' title="bbox 1769 5460 3344 5533; baseline 0.003 -20"><span class='ocrx_word' id='word_1_849' title='bbox 1769 5460 1889 5513; x_wconf 90' lang='lat' dir='ltr'><strong>dam</strong></span> <span class='ocrx_word' id='word_1_850' title='bbox 1922 5461 2120 5516; x_wconf 73' lang='lat' dir='ltr'><strong>divina:</strong></span> <span class='ocrx_word' id='word_1_851' title='bbox 2175 5461 2499 5533; x_wconf 84' lang='lat' dir='ltr'><strong>cognitionis</strong></span> <span class='ocrx_word' id='word_1_852' title='bbox 2531 5463 2783 5531; x_wconf 89' lang='lat' dir='ltr'><strong>accipiat.</strong></span> <span class='ocrx_word' id='word_1_853' title='bbox 2844 5462 3110 5518; x_wconf 89' lang='lat' dir='ltr'><strong>Unionem</strong></span> <span class='ocrx_word' id='word_1_854' title='bbox 3163 5472 3344 5517; x_wconf 89' lang='lat' dir='ltr'><strong>autem</strong></span> 
     </span>
    </p>
   </div>
   <div class='ocr_carea' id='block_1_114' title="bbox 1769 5555 3346 5624">
    <p class='ocr_par' dir='ltr' id='par_1_114' title="bbox 1769 5555 3346 5624">
     <span class='ocr_line' id='line_1_114' title="bbox 1769 5555 3346 5624; baseline 0.004 -19"><span class='ocrx_word' id='word_1_855' title='bbox 1769 5555 2085 5618; x_wconf 86' lang='lat' dir='ltr'><strong>non,-ut-ita</strong></span> <span class='ocrx_word' id='word_1_856' title='bbox 2121 5557 2242 5624; x_wconf 88' lang='lat' dir='ltr'><strong>quis</strong></span> <span class='ocrx_word' id='word_1_857' title='bbox 2273 5556 2442 5622; x_wconf 88' lang='lat' dir='ltr'><strong>dicat,</strong></span> <span class='ocrx_word' id='word_1_858' title='bbox 2475 5555 2786 5610; x_wconf 84' lang='lat' dir='ltr'><strong>mistiunem</strong></span> <span class='ocrx_word' id='word_1_859' title='bbox 2820 5565 2874 5611; x_wconf 90' lang='lat' dir='ltr'><strong>et</strong></span> <span class='ocrx_word' id='word_1_860' title='bbox 2910 5566 3226 5611; x_wconf 89' lang='lat' dir='ltr'><strong>contactum</strong></span> <span class='ocrx_word' id='word_1_861' title='bbox 3253 5573 3346 5612; x_wconf 78' lang='lat' dir='ltr'><strong>vo-</strong></span> 
     </span>
    </p>
   </div>
   <div class='ocr_carea' id='block_1_115' title="bbox 1766 5649 3344 5720">
    <p class='ocr_par' dir='ltr' id='par_1_115' title="bbox 1766 5649 3344 5720">
     <span class='ocr_line' id='line_1_115' title="bbox 1766 5649 3344 5720; baseline 0.004 -21"><span class='ocrx_word' id='word_1_862' title='bbox 1766 5655 1878 5712; x_wconf 77' lang='lat' dir='ltr'><strong>cat,</strong></span> <span class='ocrx_word' id='word_1_863' title='bbox 1911 5649 2054 5718; x_wconf 84' lang='lat' dir='ltr'><strong>quod</strong></span> <span class='ocrx_word' id='word_1_864' title='bbox 2082 5651 2268 5720; x_wconf 89' lang='lat' dir='ltr'><strong>utique</strong></span> <span class='ocrx_word' id='word_1_865' title='bbox 2289 5650 2453 5706; x_wconf 86' lang='lat' dir='ltr'><strong>etiam</strong></span> <span class='ocrx_word' id='word_1_866' title='bbox 2479 5649 2699 5718; x_wconf 81' lang='lat' dir='ltr'><strong>dicitur,</strong></span> <span class='ocrx_word' id='word_1_867' title='bbox 2731 5657 2788 5704; x_wconf 86' lang='lat' dir='ltr'><strong>ut</strong></span> <span class='ocrx_word' id='word_1_868' title='bbox 2822 5665 2943 5706; x_wconf 88' lang='lat' dir='ltr'><strong>cunt</strong></span> <span class='ocrx_word' id='word_1_869' title='bbox 2967 5649 3021 5704; x_wconf 92' lang='lat' dir='ltr'><strong>in</strong></span> <span class='ocrx_word' id='word_1_870' title='bbox 3051 5665 3344 5720; x_wconf 84' lang='lat' dir='ltr'><strong>progressu</strong></span> 
     </span>
    </p>
   </div>
   <div class='ocr_carea' id='block_1_116' title="bbox 167 5885 2016 5963">
    <p class='ocr_par' dir='ltr' id='par_1_116' title="bbox 167 5885 2016 5963">
     <span class='ocr_line' id='line_1_116' title="bbox 167 5885 2016 5963; baseline 0.001 -18"><span class='ocrx_word' id='word_1_871' title='bbox 167 5885 265 5956; x_wconf 52' lang='grc' dir='ltr'>(ιδ,</span> <span class='ocrx_word' id='word_1_872' title='bbox 304 5887 439 5946; x_wconf 76' lang='lat' dir='ltr'><strong>Vide</strong></span> <span class='ocrx_word' id='word_1_873' title='bbox 503 5885 722 5943; x_wconf 75' lang='lat' dir='ltr'><strong>Scholia</strong></span> <span class='ocrx_word' id='word_1_874' title='bbox 770 5885 826 5943; x_wconf 87' lang='lat' dir='ltr'><strong>S.</strong></span> <span class='ocrx_word' id='word_1_875' title='bbox 859 5886 1100 5956; x_wconf 72' lang='lat' dir='ltr'><strong>Maximi,</strong></span> <span class='ocrx_word' id='word_1_876' title='bbox 1136 5898 1262 5946; x_wconf 86' lang='lat' dir='ltr'><strong>tom.</strong></span> <span class='ocrx_word' id='word_1_877' title='bbox 1299 5891 1338 5946; x_wconf 83' lang='lat' dir='ltr'><strong>ll</strong></span> <span class='ocrx_word' id='word_1_878' title='bbox 1369 5908 1487 5963; x_wconf 85' lang='lat' dir='ltr'><strong>cap.</strong></span> <span class='ocrx_word' id='word_1_879' title='bbox 1523 5891 1550 5945; x_wconf 82' lang='lat'><strong>7</strong></span> <span class='ocrx_word' id='word_1_880' title='bbox 1583 5892 1660 5948; x_wconf 84' lang='lat' dir='ltr'><strong>De</strong></span> <span class='ocrx_word' id='word_1_881' title='bbox 1691 5891 1852 5948; x_wconf 82' lang='lat' dir='ltr'><strong>dirin.</strong></span> <span class='ocrx_word' id='word_1_882' title='bbox 1879 5908 2016 5947; x_wconf 84' lang='lat' dir='ltr'><strong>nom.</strong></span> 
     </span>
    </p>
   </div>
  </div>
