  <div class='ocr_page' id='page_1' title='image "/cluster/home/n/w/nwhite01/storage/ocr_20150623/3/hvd.32044014713192/447.png"; bbox 0 0 3768 6294; ppageno 0'>
   <div class='ocr_carea' id='block_1_1' title="bbox 412 382 520 437">
    <p class='ocr_par' dir='ltr' id='par_1_1' title="bbox 412 382 520 437">
     <span class='ocr_line' id='line_1_1' title="bbox 412 382 520 437; baseline 0 -1"><span class='ocrx_word' id='word_1_1' title='bbox 412 382 520 437; x_wconf 79' lang='lat'><strong>879</strong></span> 
     </span>
    </p>
   </div>
   <div class='ocr_carea' id='block_1_2' title="bbox 1596 373 2503 434">
    <p class='ocr_par' dir='ltr' id='par_1_2' title="bbox 1596 373 2503 434">
     <span class='ocr_line' id='line_1_2' title="bbox 1596 373 2503 434; baseline -0.001 -1"><span class='ocrx_word' id='word_1_2' title='bbox 1596 379 1652 433; x_wconf 85' lang='lat' dir='ltr'><strong>S.</strong></span> <span class='ocrx_word' id='word_1_3' title='bbox 1697 373 1997 434; x_wconf 68' lang='lat' dir='ltr'><strong>DlONYSll</strong></span> <span class='ocrx_word' id='word_1_4' title='bbox 2030 377 2503 433; x_wconf 69' lang='lat' dir='ltr'><strong>AREOPAGI&#39;DE</strong></span> 
     </span>
    </p>
   </div>
   <div class='ocr_carea' id='block_1_3' title="bbox 3607 376 3711 431">
    <p class='ocr_par' dir='ltr' id='par_1_3' title="bbox 3607 376 3711 431">
     <span class='ocr_line' id='line_1_3' title="bbox 3607 376 3711 431; baseline -0.038 0"><span class='ocrx_word' id='word_1_5' title='bbox 3607 376 3711 431; x_wconf 79' lang='lat'><strong>880</strong></span> 
     </span>
    </p>
   </div>
   <div class='ocr_carea' id='block_1_4' title="bbox 411 490 2005 564">
    <p class='ocr_par' dir='ltr' id='par_1_4' title="bbox 411 495 1997 563">
     <span class='ocr_line' id='line_1_4' title="bbox 411 495 1997 563; baseline 0 -13"><span class='ocrx_word' id='word_1_6' title='bbox 411 497 502 552; x_wconf 91' lang='lat' dir='ltr'><strong>hic</strong></span> <span class='ocrx_word' id='word_1_7' title='bbox 556 506 791 552; x_wconf 85' lang='lat' dir='ltr'><strong>sanctus</strong></span> <span class='ocrx_word' id='word_1_8' title='bbox 835 496 959 549; x_wconf 90' lang='lat' dir='ltr'><strong>ait:</strong></span> <span class='ocrx_word' id='word_1_9' title='bbox 1018 495 1245 560; x_wconf 79' lang='lat' dir='ltr'><strong>Quando</strong></span> <span class='ocrx_word' id='word_1_10' title='bbox 1307 512 1451 551; x_wconf 84' lang='lat' dir='ltr'><strong>mem</strong></span> <span class='ocrx_word' id='word_1_11' title='bbox 1505 497 1997 563; x_wconf 72' lang='lat' dir='ltr'><strong>supernaturalibm</strong></span> 
     </span>
    </p>
   </div>
   <div class='ocr_carea' id='block_1_5' title="bbox 2189 490 3712 564">
    <p class='ocr_par' dir='ltr' id='par_1_5' title="bbox 2189 490 3712 564">
     <span class='ocr_line' id='line_1_5' title="bbox 2189 490 3712 564; baseline -0.002 -18"><span class='ocrx_word' id='word_1_12' title='bbox 2189 495 2198 546; x_wconf 73' lang='grc' dir='ltr'><strong>ἱ</strong></span> <span class='ocrx_word' id='word_1_13' title='bbox 2226 495 2399 564; x_wconf 80' lang='grc' dir='ltr'>μένει,</span> <span class='ocrx_word' id='word_1_14' title='bbox 2431 491 2645 564; x_wconf 79' lang='grc' dir='ltr'>ἀμερὴς</span> <span class='ocrx_word' id='word_1_15' title='bbox 2676 494 2955 563; x_wconf 73' lang='grc' dir='ltr'>φαίνεταιο</span> <span class='ocrx_word' id='word_1_16' title='bbox 2984 492 3072 547; x_wconf 70' lang='grc' dir='ltr'><strong>διὰ</strong></span> <span class='ocrx_word' id='word_1_17' title='bbox 3124 493 3283 547; x_wconf 75' lang='grc' dir='ltr'>τοῦτο</span> <span class='ocrx_word' id='word_1_18' title='bbox 3305 492 3519 546; x_wconf 77' lang='grc' dir='ltr'>ἕνωσιν</span> <span class='ocrx_word' id='word_1_19' title='bbox 3572 490 3712 557; x_wconf 81' lang='grc' dir='ltr'>λέγει</span> 
     </span>
    </p>
   </div>
   <div class='ocr_carea' id='block_1_6' title="bbox 408 588 1994 657">
    <p class='ocr_par' dir='ltr' id='par_1_6' title="bbox 408 588 1994 657">
     <span class='ocr_line' id='line_1_6' title="bbox 408 588 1994 657; baseline 0.001 -13"><span class='ocrx_word' id='word_1_20' title='bbox 408 592 574 644; x_wconf 72' lang='lat' dir='ltr'><strong>radiis</strong></span> <span class='ocrx_word' id='word_1_21' title='bbox 598 591 746 643; x_wconf 83' lang='lat' dir='ltr'><strong>unita</strong></span> <span class='ocrx_word' id='word_1_22' title='bbox 782 588 967 657; x_wconf 71' lang='lat' dir='ltr'><strong>fuerit,</strong></span> <span class='ocrx_word' id='word_1_23' title='bbox 1017 590 1113 642; x_wconf 88' lang='lat' dir='ltr'><strong>sed</strong></span> <span class='ocrx_word' id='word_1_24' title='bbox 1142 588 1814 656; x_wconf 85' lang='lat' dir='ltr'><strong>quoniamintellectiones</strong></span> <span class='ocrx_word' id='word_1_25' title='bbox 1853 591 1994 646; x_wconf 79' lang='lat' dir='ltr'><strong>infe-</strong></span> 
     </span>
    </p>
   </div>
   <div class='ocr_carea' id='block_1_7' title="bbox 410 680 1997 751">
    <p class='ocr_par' dir='ltr' id='par_1_7' title="bbox 410 680 1997 751">
     <span class='ocr_line' id='line_1_7' title="bbox 410 680 1997 751; baseline -0.001 -15"><span class='ocrx_word' id='word_1_26' title='bbox 410 685 581 737; x_wconf 90' lang='lat' dir='ltr'><strong>riores</strong></span> <span class='ocrx_word' id='word_1_27' title='bbox 619 691 743 735; x_wconf 92' lang='lat' dir='ltr'><strong>sunt</strong></span> <span class='ocrx_word' id='word_1_28' title='bbox 774 680 1132 750; x_wconf 85' lang='lat' dir='ltr'><strong>intelligente,</strong></span> <span class='ocrx_word' id='word_1_29' title='bbox 1160 688 1216 735; x_wconf 88' lang='lat' dir='ltr'><strong>et</strong></span> <span class='ocrx_word' id='word_1_30' title='bbox 1242 681 1458 749; x_wconf 84' lang='lat' dir='ltr'><strong>quando</strong></span> <span class='ocrx_word' id='word_1_31' title='bbox 1505 682 1707 751; x_wconf 85' lang='lat' dir='ltr'><strong>aliquid</strong></span> <span class='ocrx_word' id='word_1_32' title='bbox 1739 681 1997 751; x_wconf 80' lang='lat' dir='ltr'><strong>intelligi-</strong></span> 
     </span>
    </p>
   </div>
   <div class='ocr_carea' id='block_1_8' title="bbox 410 771 1995 843">
    <p class='ocr_par' dir='ltr' id='par_1_8' title="bbox 410 771 1995 843">
     <span class='ocr_line' id='line_1_8' title="bbox 410 771 1995 843; baseline 0.003 -19"><span class='ocrx_word' id='word_1_33' title='bbox 410 782 530 836; x_wconf 91' lang='lat' dir='ltr'><strong>tur,</strong></span> <span class='ocrx_word' id='word_1_34' title='bbox 564 771 953 827; x_wconf 83' lang='lat' dir='ltr'><strong>verosimiliter</strong></span> <span class='ocrx_word' id='word_1_35' title='bbox 1012 774 1177 825; x_wconf 91' lang='lat' dir='ltr'><strong>etiam</strong></span> <span class='ocrx_word' id='word_1_36' title='bbox 1228 771 1420 827; x_wconf 80' lang='lat' dir='ltr'><strong>divisio</strong></span> <span class='ocrx_word' id='word_1_37' title='bbox 1476 773 1725 843; x_wconf 67' lang='lat' dir='ltr'><strong>qnmdam</strong></span> <span class='ocrx_word' id='word_1_38' title='bbox 1778 776 1995 831; x_wconf 89' lang='lat' dir='ltr'><strong>unionis</strong></span> 
     </span>
    </p>
   </div>
   <div class='ocr_carea' id='block_1_9' title="bbox 408 864 1989 935">
    <p class='ocr_par' dir='ltr' id='par_1_9' title="bbox 408 864 1989 935">
     <span class='ocr_line' id='line_1_9' title="bbox 408 864 1989 935; baseline 0.004 -20"><span class='ocrx_word' id='word_1_39' title='bbox 408 864 575 933; x_wconf 82' lang='lat' dir='ltr'><strong>ipsius</strong></span> <span class='ocrx_word' id='word_1_40' title='bbox 625 864 821 919; x_wconf 84' lang='lat' dir='ltr'><strong>mentis</strong></span> <span class='ocrx_word' id='word_1_41' title='bbox 859 864 1042 919; x_wconf 77' lang='lat' dir='ltr'><strong>existit</strong></span> <span class='ocrx_word' id='word_1_42' title='bbox 1075 880 1089 928; x_wconf 92' lang='lat'><strong>;</strong></span> <span class='ocrx_word' id='word_1_43' title='bbox 1134 867 1260 918; x_wconf 92' lang='lat' dir='ltr'><strong>dum</strong></span> <span class='ocrx_word' id='word_1_44' title='bbox 1296 880 1425 919; x_wconf 81' lang='lat' dir='ltr'><strong>vero</strong></span> <span class='ocrx_word' id='word_1_45' title='bbox 1472 866 1526 919; x_wconf 93' lang='lat' dir='ltr'><strong>in</strong></span> <span class='ocrx_word' id='word_1_46' title='bbox 1552 880 1610 920; x_wconf 91' lang='lat' dir='ltr'><strong>se</strong></span> <span class='ocrx_word' id='word_1_47' title='bbox 1637 866 1754 935; x_wconf 91' lang='lat' dir='ltr'><strong>ipso</strong></span> <span class='ocrx_word' id='word_1_48' title='bbox 1783 877 1989 932; x_wconf 91' lang='lat' dir='ltr'><strong>manet,</strong></span> 
     </span>
    </p>
   </div>
   <div class='ocr_carea' id='block_1_10' title="bbox 409 958 1993 1027">
    <p class='ocr_par' dir='ltr' id='par_1_10' title="bbox 409 958 1993 1027">
     <span class='ocr_line' id='line_1_10' title="bbox 409 958 1993 1027; baseline 0.003 -18"><span class='ocrx_word' id='word_1_49' title='bbox 409 958 670 1012; x_wconf 73' lang='lat' dir='ltr'><strong>indivisns</strong></span> <span class='ocrx_word' id='word_1_50' title='bbox 710 966 985 1027; x_wconf 88' lang='lat' dir='ltr'><strong>apparet:</strong></span> <span class='ocrx_word' id='word_1_51' title='bbox 1016 958 1222 1013; x_wconf 92' lang='lat' dir='ltr'><strong>ideirco</strong></span> <span class='ocrx_word' id='word_1_52' title='bbox 1278 958 1531 1013; x_wconf 91' lang='lat' dir='ltr'><strong>unionem</strong></span> <span class='ocrx_word' id='word_1_53' title='bbox 1580 969 1739 1014; x_wconf 79' lang='lat' dir='ltr'><strong>vocat</strong></span> <span class='ocrx_word' id='word_1_54' title='bbox 1793 972 1993 1015; x_wconf 89' lang='lat' dir='ltr'><strong>statum</strong></span> 
     </span>
    </p>
   </div>
   <div class='ocr_carea' id='block_1_11' title="bbox 409 1046 1997 1121">
    <p class='ocr_par' dir='ltr' id='par_1_11' title="bbox 409 1046 1997 1121">
     <span class='ocr_line' id='line_1_11' title="bbox 409 1046 1997 1121; baseline 0.006 -23"><span class='ocrx_word' id='word_1_55' title='bbox 409 1046 555 1099; x_wconf 91' lang='lat' dir='ltr'><strong>illum</strong></span> <span class='ocrx_word' id='word_1_56' title='bbox 587 1063 747 1117; x_wconf 87' lang='lat' dir='ltr'><strong>quem</strong></span> <span class='ocrx_word' id='word_1_57' title='bbox 799 1050 1096 1102; x_wconf 78' lang='lat' dir='ltr'><strong>secundum</strong></span> <span class='ocrx_word' id='word_1_58' title='bbox 1152 1065 1212 1103; x_wconf 91' lang='lat' dir='ltr'><strong>se</strong></span> <span class='ocrx_word' id='word_1_59' title='bbox 1269 1050 1453 1103; x_wconf 90' lang='lat' dir='ltr'><strong>unitus</strong></span> <span class='ocrx_word' id='word_1_60' title='bbox 1498 1050 1678 1116; x_wconf 90' lang='lat' dir='ltr'><strong>habet,</strong></span> <span class='ocrx_word' id='word_1_61' title='bbox 1712 1052 1997 1121; x_wconf 70' lang='lat' dir='ltr'><strong>aequaliter</strong></span> 
     </span>
    </p>
   </div>
   <div class='ocr_carea' id='block_1_12' title="bbox 2098 581 3715 658">
    <p class='ocr_par' dir='ltr' id='par_1_12' title="bbox 2098 581 3715 658">
     <span class='ocr_line' id='line_1_12' title="bbox 2098 581 3715 658; baseline -0.002 -19"><span class='ocrx_word' id='word_1_62' title='bbox 2098 588 2200 658; x_wconf 80' lang='grc' dir='ltr'>τὴν</span> <span class='ocrx_word' id='word_1_63' title='bbox 2230 586 2372 641; x_wconf 69' lang='grc' dir='ltr'>κατὰ</span> <span class='ocrx_word' id='word_1_64' title='bbox 2426 588 2487 639; x_wconf 83' lang='grc' dir='ltr'>τὸ</span> <span class='ocrx_word' id='word_1_65' title='bbox 2518 588 2721 639; x_wconf 81' lang='grc' dir='ltr'>ἐνιαῖον</span> <span class='ocrx_word' id='word_1_66' title='bbox 2752 587 2943 639; x_wconf 77' lang='grc' dir='ltr'>ἑαυτοῦ</span> <span class='ocrx_word' id='word_1_67' title='bbox 2980 587 3210 658; x_wconf 80' lang='grc' dir='ltr'>ἵδρυσιν,</span> <span class='ocrx_word' id='word_1_68' title='bbox 3254 581 3569 657; x_wconf 66' lang='grc' dir='ltr'>προσὸαὴί</span> <span class='ocrx_word' id='word_1_69' title='bbox 3609 586 3715 655; x_wconf 71' lang='grc' dir='ltr'><strong>γὰρ</strong></span> 
     </span>
    </p>
   </div>
   <div class='ocr_carea' id='block_1_13' title="bbox 2104 678 3714 751">
    <p class='ocr_par' dir='ltr' id='par_1_13' title="bbox 2104 678 3714 751">
     <span class='ocr_line' id='line_1_13' title="bbox 2104 678 3714 751; baseline -0.009 -20"><span class='ocrx_word' id='word_1_70' title='bbox 2104 681 2235 744; x_wconf 76' lang='grc' dir='ltr'>ἴσως</span> <span class='ocrx_word' id='word_1_71' title='bbox 2279 683 2344 751; x_wconf 84' lang='grc' dir='ltr'>τῇ</span> <span class='ocrx_word' id='word_1_72' title='bbox 2375 680 2502 751; x_wconf 77' lang='grc' dir='ltr'>περὶ</span> <span class='ocrx_word' id='word_1_73' title='bbox 2546 678 2684 732; x_wconf 78' lang='grc' dir='ltr'>Θεοῦ</span> <span class='ocrx_word' id='word_1_74' title='bbox 2737 679 2962 751; x_wconf 69' lang='grc' dir='ltr'>θεωρία,</span> <span class='ocrx_word' id='word_1_75' title='bbox 3001 680 3060 732; x_wconf 79' lang='grc' dir='ltr'><strong>οὐ</strong></span> <span class='ocrx_word' id='word_1_76' title='bbox 3096 678 3403 750; x_wconf 73' lang='grc' dir='ltr'><strong>μερισθεὶς,</strong></span> <span class='ocrx_word' id='word_1_77' title='bbox 3451 678 3515 730; x_wconf 64' lang='grc' dir='ltr'>οὐ</span> <span class='ocrx_word' id='word_1_78' title='bbox 3564 694 3714 746; x_wconf 43' lang='lat' dir='ltr'><strong>xm..-</strong></span> 
     </span>
    </p>
   </div>
   <div class='ocr_carea' id='block_1_14' title="bbox 2101 771 3713 845">
    <p class='ocr_par' dir='ltr' id='par_1_14' title="bbox 2101 771 3713 845">
     <span class='ocr_line' id='line_1_14' title="bbox 2101 771 3713 845; baseline -0.004 -17"><span class='ocrx_word' id='word_1_79' title='bbox 2101 776 2234 840; x_wconf 73' lang='grc' dir='ltr'>θεὶς.</span> <span class='ocrx_word' id='word_1_80' title='bbox 2281 776 2341 827; x_wconf 72' lang='grc' dir='ltr'>οὐ</span> <span class='ocrx_word' id='word_1_81' title='bbox 2393 775 2614 845; x_wconf 84' lang='grc' dir='ltr'>νοήσας,</span> <span class='ocrx_word' id='word_1_82' title='bbox 2680 774 2794 826; x_wconf 82' lang='grc' dir='ltr'>ἀλλ’</span> <span class='ocrx_word' id='word_1_83' title='bbox 2819 774 2955 836; x_wconf 82' lang='grc' dir='ltr'><strong>ὅλως</strong></span> <span class='ocrx_word' id='word_1_84' title='bbox 2999 774 3141 826; x_wconf 89' lang='grc' dir='ltr'>κατά</span> <span class='ocrx_word' id='word_1_85' title='bbox 3182 790 3304 824; x_wconf 87' lang='grc' dir='ltr'>τινα</span> <span class='ocrx_word' id='word_1_86' title='bbox 3328 771 3555 842; x_wconf 80' lang='grc' dir='ltr'>ἀτρεμῆ</span> <span class='ocrx_word' id='word_1_87' title='bbox 3597 772 3713 823; x_wconf 80' lang='grc' dir='ltr'>ἀκι-</span> 
     </span>
    </p>
   </div>
   <div class='ocr_carea' id='block_1_15' title="bbox 2102 864 3717 939">
    <p class='ocr_par' dir='ltr' id='par_1_15' title="bbox 2102 864 3717 939">
     <span class='ocr_line' id='line_1_15' title="bbox 2102 864 3717 939; baseline -0.003 -18"><span class='ocrx_word' id='word_1_88' title='bbox 2102 868 2293 939; x_wconf 85' lang='grc' dir='ltr'>νησίαν</span> <span class='ocrx_word' id='word_1_89' title='bbox 2327 870 2384 921; x_wconf 85' lang='grc' dir='ltr'>ὲν</span> <span class='ocrx_word' id='word_1_90' title='bbox 2442 866 2520 937; x_wconf 77' lang='grc' dir='ltr'>τῷ</span> <span class='ocrx_word' id='word_1_91' title='bbox 2575 865 2732 931; x_wconf 82' lang='grc' dir='ltr'>ὅλους</span> <span class='ocrx_word' id='word_1_92' title='bbox 2785 865 3034 935; x_wconf 84' lang='grc' dir='ltr'>γίνεσθαι</span> <span class='ocrx_word' id='word_1_93' title='bbox 3090 866 3241 935; x_wconf 76' lang='grc' dir='ltr'>ἡμᾶς</span> <span class='ocrx_word' id='word_1_94' title='bbox 3289 864 3388 917; x_wconf 78' lang='grc' dir='ltr'>τοῦ</span> <span class='ocrx_word' id='word_1_95' title='bbox 3442 864 3585 917; x_wconf 75' lang='grc' dir='ltr'>Θεοῦ</span> <span class='ocrx_word' id='word_1_96' title='bbox 3629 866 3717 917; x_wconf 76' lang='grc' dir='ltr'><strong>καὶ</strong></span> 
     </span>
    </p>
   </div>
   <div class='ocr_carea' id='block_1_16' title="bbox 2107 958 3714 1032">
    <p class='ocr_par' dir='ltr' id='par_1_16' title="bbox 2107 958 3714 1032">
     <span class='ocr_line' id='line_1_16' title="bbox 2107 958 3714 1032; baseline -0.002 -18"><span class='ocrx_word' id='word_1_97' title='bbox 2107 960 2182 1032; x_wconf 88' lang='grc' dir='ltr'>μὴ</span> <span class='ocrx_word' id='word_1_98' title='bbox 2247 960 2454 1014; x_wconf 82' lang='grc' dir='ltr'>ἑαυτῶν</span> <span class='ocrx_word' id='word_1_99' title='bbox 2483 977 2495 991; x_wconf 85' lang='lat'>&#39;</span> <span class='ocrx_word' id='word_1_100' title='bbox 2560 959 2703 1012; x_wconf 69' lang='grc' dir='ltr'>οὔτω</span> <span class='ocrx_word' id='word_1_101' title='bbox 2745 958 2855 1030; x_wconf 76' lang='grc' dir='ltr'><strong>γὰρ</strong></span> <span class='ocrx_word' id='word_1_102' title='bbox 2907 959 3004 1029; x_wconf 78' lang='grc' dir='ltr'><strong>τὴν</strong></span> <span class='ocrx_word' id='word_1_103' title='bbox 3048 958 3198 1011; x_wconf 80' lang='grc' dir='ltr'>θείαν</span> <span class='ocrx_word' id='word_1_104' title='bbox 3260 958 3469 1011; x_wconf 79' lang='grc' dir='ltr'>άκτῖνά</span> <span class='ocrx_word' id='word_1_105' title='bbox 3510 976 3597 1021; x_wconf 88' lang='grc' dir='ltr'><strong>τις</strong></span> <span class='ocrx_word' id='word_1_106' title='bbox 3639 958 3714 1010; x_wconf 79' lang='grc' dir='ltr'><strong>δέ-</strong></span> 
     </span>
    </p>
   </div>
   <div class='ocr_carea' id='block_1_17' title="bbox 2105 1054 2275 1119">
    <p class='ocr_par' dir='ltr' id='par_1_17' title="bbox 2105 1054 2275 1119">
     <span class='ocr_line' id='line_1_17' title="bbox 2105 1054 2275 1119; baseline -0.006 -11"><span class='ocrx_word' id='word_1_107' title='bbox 2105 1054 2275 1119; x_wconf 82' lang='grc' dir='ltr'>ξεται.</span> 
     </span>
    </p>
   </div>
   <div class='ocr_carea' id='block_1_18' title="bbox 405 1138 3714 1214">
    <p class='ocr_par' dir='ltr' id='par_1_18' title="bbox 405 1138 3714 1214">
     <span class='ocr_line' id='line_1_18' title="bbox 405 1138 3714 1214; baseline 0.001 -23"><span class='ocrx_word' id='word_1_108' title='bbox 405 1138 550 1191; x_wconf 89' lang='lat' dir='ltr'><strong>cnim</strong></span> <span class='ocrx_word' id='word_1_109' title='bbox 571 1153 629 1191; x_wconf 90' lang='lat' dir='ltr'><strong>se</strong></span> <span class='ocrx_word' id='word_1_110' title='bbox 651 1138 886 1208; x_wconf 82' lang='lat' dir='ltr'><strong>applicat</strong></span> <span class='ocrx_word' id='word_1_111' title='bbox 912 1138 1105 1193; x_wconf 72' lang='lat' dir='ltr'><strong>divina:</strong></span> <span class='ocrx_word' id='word_1_112' title='bbox 1137 1140 1582 1208; x_wconf 85' lang='lat' dir='ltr'><strong>contemplationi</strong></span> <span class='ocrx_word' id='word_1_113' title='bbox 1618 1141 1906 1209; x_wconf 88' lang='lat' dir='ltr'><strong>indivisus,</strong></span> <span class='ocrx_word' id='word_1_114' title='bbox 1938 1144 2215 1209; x_wconf 88' lang='lat' dir='ltr'><strong>immotus,</strong></span> <span class='ocrx_word' id='word_1_115' title='bbox 2242 1160 2348 1198; x_wconf 89' lang='lat' dir='ltr'><strong>non</strong></span> <span class='ocrx_word' id='word_1_116' title='bbox 2371 1143 2701 1214; x_wconf 82' lang='lat' dir='ltr'><strong>intelligens,</strong></span> <span class='ocrx_word' id='word_1_117' title='bbox 2730 1143 2823 1196; x_wconf 87' lang='lat' dir='ltr'><strong>sed</strong></span> <span class='ocrx_word' id='word_1_118' title='bbox 2855 1143 3405 1213; x_wconf 78' lang='lat' dir='ltr'><strong>integre,secundum</strong></span> <span class='ocrx_word' id='word_1_119' title='bbox 3428 1144 3714 1212; x_wconf 86' lang='lat' dir='ltr'><strong>quamdam</strong></span> 
     </span>
    </p>
   </div>
   <div class='ocr_carea' id='block_1_19' title="bbox 406 1231 3713 1305">
    <p class='ocr_par' dir='ltr' id='par_1_19' title="bbox 406 1231 3713 1305">
     <span class='ocr_line' id='line_1_19' title="bbox 406 1231 3713 1305; baseline 0.001 -22"><span class='ocrx_word' id='word_1_120' title='bbox 406 1231 1367 1297; x_wconf 87' lang='lat' dir='ltr'><strong>intremulamimmobilitatem,dum</strong></span> <span class='ocrx_word' id='word_1_121' title='bbox 1399 1235 1493 1288; x_wconf 88' lang='lat' dir='ltr'><strong>toti</strong></span> <span class='ocrx_word' id='word_1_122' title='bbox 1528 1238 1684 1292; x_wconf 83' lang='lat' dir='ltr'><strong>limus</strong></span> <span class='ocrx_word' id='word_1_123' title='bbox 1714 1238 1832 1297; x_wconf 85' lang='lat' dir='ltr'><strong>Dei.</strong></span> <span class='ocrx_word' id='word_1_124' title='bbox 1868 1248 1922 1292; x_wconf 91' lang='lat' dir='ltr'><strong>et</strong></span> <span class='ocrx_word' id='word_1_125' title='bbox 1942 1254 2046 1292; x_wconf 90' lang='lat' dir='ltr'><strong>non</strong></span> <span class='ocrx_word' id='word_1_126' title='bbox 2067 1240 2276 1302; x_wconf 85' lang='lat' dir='ltr'><strong>nostri;</strong></span> <span class='ocrx_word' id='word_1_127' title='bbox 2324 1240 2401 1292; x_wconf 92' lang='lat' dir='ltr'><strong>sic</strong></span> <span class='ocrx_word' id='word_1_128' title='bbox 2447 1243 2589 1291; x_wconf 86' lang='lat' dir='ltr'><strong>enim</strong></span> <span class='ocrx_word' id='word_1_129' title='bbox 2648 1236 2892 1290; x_wconf 73' lang='lat' dir='ltr'><strong>divinum</strong></span> <span class='ocrx_word' id='word_1_130' title='bbox 2957 1238 3167 1290; x_wconf 86' lang='lat' dir='ltr'><strong>radium</strong></span> <span class='ocrx_word' id='word_1_131' title='bbox 3215 1236 3420 1305; x_wconf 81' lang='lat' dir='ltr'><strong>aliquis</strong></span> <span class='ocrx_word' id='word_1_132' title='bbox 3472 1237 3625 1304; x_wconf 81' lang='lat' dir='ltr'><strong>accip</strong></span> <span class='ocrx_word' id='word_1_133' title='bbox 3648 1246 3713 1288; x_wconf 89' lang='lat' dir='ltr'><strong>et.</strong></span> 
     </span>
    </p>
   </div>
   <div class='ocr_carea' id='block_1_20' title="bbox 480 1323 2005 1396">
    <p class='ocr_par' dir='ltr' id='par_1_20' title="bbox 480 1323 2005 1396">
     <span class='ocr_line' id='line_1_20' title="bbox 480 1323 2005 1396; baseline 0.005 -20"><span class='ocrx_word' id='word_1_134' title='bbox 480 1323 508 1395; x_wconf 59' lang='grc' dir='ltr'>ᾗ</span> <span class='ocrx_word' id='word_1_135' title='bbox 542 1323 605 1377; x_wconf 90' lang='lat' dir='ltr'><strong>ll.</strong></span> <span class='ocrx_word' id='word_1_136' title='bbox 634 1325 782 1377; x_wconf 91' lang='lat' dir='ltr'><strong>llanc</strong></span> <span class='ocrx_word' id='word_1_137' title='bbox 822 1324 1006 1393; x_wconf 87' lang='lat' dir='ltr'><strong>itaque</strong></span> <span class='ocrx_word' id='word_1_138' title='bbox 1050 1327 1397 1396; x_wconf 90' lang='lat' dir='ltr'><strong>sapientiam,</strong></span> <span class='ocrx_word' id='word_1_139' title='bbox 1446 1344 1566 1395; x_wconf 71' lang='lat' dir='ltr'><strong>qua:</strong></span> <span class='ocrx_word' id='word_1_140' title='bbox 1597 1346 1702 1383; x_wconf 85' lang='lat' dir='ltr'><strong>non</strong></span> <span class='ocrx_word' id='word_1_141' title='bbox 1760 1332 2005 1384; x_wconf 83' lang='lat' dir='ltr'><strong>admittit</strong></span> 
     </span>
    </p>
   </div>
   <div class='ocr_carea' id='block_1_21' title="bbox 408 1416 2005 1491">
    <p class='ocr_par' dir='ltr' id='par_1_21' title="bbox 408 1416 2005 1491">
     <span class='ocr_line' id='line_1_21' title="bbox 408 1416 2005 1491; baseline 0.006 -24"><span class='ocrx_word' id='word_1_142' title='bbox 408 1417 672 1471; x_wconf 88' lang='lat' dir='ltr'><strong>rationem</strong></span> <span class='ocrx_word' id='word_1_143' title='bbox 709 1416 1160 1484; x_wconf 80' lang='lat' dir='ltr'><strong>interpretantem</strong></span> <span class='ocrx_word' id='word_1_144' title='bbox 1188 1461 1202 1485; x_wconf 91' lang='lat'><strong>,</strong></span> <span class='ocrx_word' id='word_1_145' title='bbox 1236 1434 1334 1473; x_wconf 87' lang='lat' dir='ltr'><strong>nec</strong></span> <span class='ocrx_word' id='word_1_146' title='bbox 1367 1421 1699 1475; x_wconf 89' lang='lat' dir='ltr'><strong>intellectum</strong></span> <span class='ocrx_word' id='word_1_147' title='bbox 1757 1437 2005 1491; x_wconf 88' lang='lat' dir='ltr'><strong>compre-</strong></span> 
     </span>
    </p>
   </div>
   <div class='ocr_carea' id='block_1_22' title="bbox 409 1509 2002 1585">
    <p class='ocr_par' dir='ltr' id='par_1_22' title="bbox 409 1509 2002 1585">
     <span class='ocr_line' id='line_1_22' title="bbox 409 1509 2002 1585; baseline 0.005 -24"><span class='ocrx_word' id='word_1_148' title='bbox 409 1509 761 1571; x_wconf 88' lang='lat' dir='ltr'><strong>hendentem,</strong></span> <span class='ocrx_word' id='word_1_149' title='bbox 786 1524 885 1562; x_wconf 89' lang='lat' dir='ltr'><strong>nec</strong></span> <span class='ocrx_word' id='word_1_150' title='bbox 909 1509 1231 1577; x_wconf 75' lang='lat' dir='ltr'><strong>sapientiam</strong></span> <span class='ocrx_word' id='word_1_151' title='bbox 1283 1515 1658 1569; x_wconf 85' lang='lat' dir='ltr'><strong>enuntiantem</strong></span> <span class='ocrx_word' id='word_1_152' title='bbox 1684 1517 1814 1585; x_wconf 89' lang='lat' dir='ltr'><strong>(hoc</strong></span> <span class='ocrx_word' id='word_1_153' title='bbox 1840 1531 2002 1569; x_wconf 91' lang='lat' dir='ltr'><strong>sensu</strong></span> 
     </span>
    </p>
   </div>
   <div class='ocr_carea' id='block_1_23' title="bbox 406 1599 1998 1663">
    <p class='ocr_par' dir='ltr' id='par_1_23' title="bbox 406 1599 1998 1663">
     <span class='ocr_line' id='line_1_23' title="bbox 406 1599 1998 1663; baseline 0.006 -13"><span class='ocrx_word' id='word_1_154' title='bbox 406 1599 550 1651; x_wconf 86' lang='lat' dir='ltr'><strong>enim</strong></span> <span class='ocrx_word' id='word_1_155' title='bbox 582 1607 742 1652; x_wconf 81' lang='lat' dir='ltr'><strong>vocat</strong></span> <span class='ocrx_word' id='word_1_156' title='bbox 789 1599 1189 1663; x_wconf 86' lang='lat' dir='ltr'><strong>irrationalem,</strong></span> <span class='ocrx_word' id='word_1_157' title='bbox 1231 1612 1287 1657; x_wconf 90' lang='lat' dir='ltr'><strong>et</strong></span> <span class='ocrx_word' id='word_1_158' title='bbox 1354 1616 1623 1660; x_wconf 84' lang='lat' dir='ltr'><strong>amentem</strong></span> <span class='ocrx_word' id='word_1_159' title='bbox 1674 1622 1736 1660; x_wconf 89' lang='lat' dir='ltr'><strong>ac</strong></span> <span class='ocrx_word' id='word_1_160' title='bbox 1773 1606 1998 1661; x_wconf 88' lang='lat' dir='ltr'><strong>stultam</strong></span> 
     </span>
    </p>
   </div>
   <div class='ocr_carea' id='block_1_24' title="bbox 410 1690 2002 1769">
    <p class='ocr_par' dir='ltr' id='par_1_24' title="bbox 410 1690 2002 1769">
     <span class='ocr_line' id='line_1_24' title="bbox 410 1690 2002 1769; baseline 0.006 -25"><span class='ocrx_word' id='word_1_161' title='bbox 410 1709 518 1746; x_wconf 86' lang='lat' dir='ltr'><strong>non</strong></span> <span class='ocrx_word' id='word_1_162' title='bbox 576 1708 672 1759; x_wconf 85' lang='lat' dir='ltr'><strong>per</strong></span> <span class='ocrx_word' id='word_1_163' title='bbox 710 1690 1200 1761; x_wconf 67' lang='lat' dir='ltr'><strong>aliectioncm,s::d</strong></span> <span class='ocrx_word' id='word_1_164' title='bbox 1266 1712 1361 1764; x_wconf 85' lang='lat' dir='ltr'><strong>per</strong></span> <span class='ocrx_word' id='word_1_165' title='bbox 1420 1706 1763 1767; x_wconf 77' lang='lat' dir='ltr'><strong>negationem</strong></span> <span class='ocrx_word' id='word_1_166' title='bbox 1795 1709 1850 1753; x_wconf 89' lang='lat' dir='ltr'><strong>et</strong></span> <span class='ocrx_word' id='word_1_167' title='bbox 1906 1716 2002 1769; x_wconf 83' lang='lat' dir='ltr'><strong>per</strong></span> 
     </span>
    </p>
   </div>
   <div class='ocr_carea' id='block_1_25' title="bbox 410 1789 2003 1860">
    <p class='ocr_par' dir='ltr' id='par_1_25' title="bbox 410 1789 2003 1860">
     <span class='ocr_line' id='line_1_25' title="bbox 410 1789 2003 1860; baseline 0.002 -21"><span class='ocrx_word' id='word_1_168' title='bbox 410 1801 703 1841; x_wconf 75' lang='lat' dir='ltr'><strong>excessum</strong></span> <span class='ocrx_word' id='word_1_169' title='bbox 731 1827 744 1850; x_wconf 91' lang='lat'><strong>,</strong></span> <span class='ocrx_word' id='word_1_170' title='bbox 776 1802 880 1840; x_wconf 90' lang='lat' dir='ltr'><strong>non</strong></span> <span class='ocrx_word' id='word_1_171' title='bbox 934 1798 1155 1856; x_wconf 85' lang='lat' dir='ltr'><strong>propter</strong></span> <span class='ocrx_word' id='word_1_172' title='bbox 1202 1789 1527 1859; x_wconf 84' lang='lat' dir='ltr'><strong>delectum),</strong></span> <span class='ocrx_word' id='word_1_173' title='bbox 1560 1806 1656 1860; x_wconf 92' lang='lat' dir='ltr'><strong>per</strong></span> <span class='ocrx_word' id='word_1_174' title='bbox 1714 1806 2003 1845; x_wconf 77' lang='lat' dir='ltr'><strong>excessum</strong></span> 
     </span>
    </p>
   </div>
   <div class='ocr_carea' id='block_1_26' title="bbox 411 1879 2007 1948">
    <p class='ocr_par' dir='ltr' id='par_1_26' title="bbox 411 1879 2007 1948">
     <span class='ocr_line' id='line_1_26' title="bbox 411 1879 2007 1948; baseline 0.005 -18"><span class='ocrx_word' id='word_1_175' title='bbox 411 1879 578 1948; x_wconf 82' lang='lat' dir='ltr'><strong>igitur</strong></span> <span class='ocrx_word' id='word_1_176' title='bbox 602 1879 742 1933; x_wconf 89' lang='lat' dir='ltr'><strong>hanc</strong></span> <span class='ocrx_word' id='word_1_177' title='bbox 783 1880 1066 1934; x_wconf 87' lang='lat' dir='ltr'><strong>laudantes</strong></span> <span class='ocrx_word' id='word_1_178' title='bbox 1113 1882 1368 1944; x_wconf 84' lang='lat' dir='ltr'><strong>dicimus,</strong></span> <span class='ocrx_word' id='word_1_179' title='bbox 1396 1884 1574 1936; x_wconf 90' lang='lat' dir='ltr'><strong>omnis</strong></span> <span class='ocrx_word' id='word_1_180' title='bbox 1608 1885 1807 1938; x_wconf 89' lang='lat' dir='ltr'><strong>mentis</strong></span> <span class='ocrx_word' id='word_1_181' title='bbox 1838 1897 1892 1938; x_wconf 88' lang='lat' dir='ltr'><strong>et</strong></span> <span class='ocrx_word' id='word_1_182' title='bbox 1922 1901 2007 1937; x_wconf 79' lang='lat' dir='ltr'><strong>ra—</strong></span> 
     </span>
    </p>
   </div>
   <div class='ocr_carea' id='block_1_27' title="bbox 2189 1328 3714 1400">
    <p class='ocr_par' dir='ltr' id='par_1_27' title="bbox 2189 1328 3714 1400">
     <span class='ocr_line' id='line_1_27' title="bbox 2189 1328 3714 1400; baseline -0.003 -18"><span class='ocrx_word' id='word_1_183' title='bbox 2189 1330 2217 1400; x_wconf 86' lang='lat'><strong>§</strong></span> <span class='ocrx_word' id='word_1_184' title='bbox 2247 1332 2312 1382; x_wconf 88' lang='lat' dir='ltr'><strong>ll.</strong></span> <span class='ocrx_word' id='word_1_185' title='bbox 2341 1330 2559 1400; x_wconf 74' lang='grc' dir='ltr'>Ταύτην</span> <span class='ocrx_word' id='word_1_186' title='bbox 2586 1328 2715 1397; x_wconf 73' lang='grc' dir='ltr'>γοῦν</span> <span class='ocrx_word' id='word_1_187' title='bbox 2746 1329 2843 1399; x_wconf 72' lang='grc' dir='ltr'>τὴν</span> <span class='ocrx_word' id='word_1_188' title='bbox 2878 1328 3093 1397; x_wconf 91' lang='grc' dir='ltr'>σοφίαν,</span> <span class='ocrx_word' id='word_1_189' title='bbox 3143 1328 3244 1400; x_wconf 77' lang='grc' dir='ltr'>τὴν</span> <span class='ocrx_word' id='word_1_190' title='bbox 3271 1329 3348 1399; x_wconf 82' lang='grc' dir='ltr'>μὴ</span> <span class='ocrx_word' id='word_1_191' title='bbox 3412 1330 3714 1395; x_wconf 74' lang='grc' dir='ltr'>πεφυκυῖαν</span> 
     </span>
    </p>
   </div>
   <div class='ocr_carea' id='block_1_28' title="bbox 2113 1418 3713 1491">
    <p class='ocr_par' dir='ltr' id='par_1_28' title="bbox 2113 1418 3713 1491">
     <span class='ocr_line' id='line_1_28' title="bbox 2113 1418 3713 1491; baseline -0.004 -16"><span class='ocrx_word' id='word_1_192' title='bbox 2113 1422 2366 1488; x_wconf 76' lang='grc' dir='ltr'>δέξασθαι</span> <span class='ocrx_word' id='word_1_193' title='bbox 2397 1421 2553 1489; x_wconf 81' lang='grc' dir='ltr'>λόγον</span> <span class='ocrx_word' id='word_1_194' title='bbox 2594 1421 3010 1491; x_wconf 79' lang='grc' dir='ltr'>ἑρμηνευτικὸν,</span> <span class='ocrx_word' id='word_1_195' title='bbox 3055 1420 3239 1489; x_wconf 78' lang='grc' dir='ltr'><strong>ῆνοῦν</strong></span> <span class='ocrx_word' id='word_1_196' title='bbox 3284 1418 3713 1489; x_wconf 71' lang='grc' dir='ltr'>καταληπτικὸν,</span> 
     </span>
    </p>
   </div>
   <div class='ocr_carea' id='block_1_29' title="bbox 2116 1510 3712 1584">
    <p class='ocr_par' dir='ltr' id='par_1_29' title="bbox 2116 1510 3712 1584">
     <span class='ocr_line' id='line_1_29' title="bbox 2116 1510 3712 1584; baseline -0.003 -19"><span class='ocrx_word' id='word_1_197' title='bbox 2116 1515 2147 1584; x_wconf 77' lang='grc' dir='ltr'>ἧ</span> <span class='ocrx_word' id='word_1_198' title='bbox 2184 1514 2377 1582; x_wconf 81' lang='grc' dir='ltr'>σοφίαν</span> <span class='ocrx_word' id='word_1_199' title='bbox 2410 1512 2803 1582; x_wconf 80' lang='grc' dir='ltr'>ἐξαγγελτικήν</span> <span class='ocrx_word' id='word_1_200' title='bbox 2833 1529 2845 1541; x_wconf 72' lang='grc' dir='ltr'><strong>ο</strong></span> <span class='ocrx_word' id='word_1_201' title='bbox 2881 1511 3043 1580; x_wconf 66' lang='grc' dir='ltr'>(οὕτω</span> <span class='ocrx_word' id='word_1_202' title='bbox 3073 1511 3183 1582; x_wconf 75' lang='grc' dir='ltr'><strong>γὰρ</strong></span> <span class='ocrx_word' id='word_1_203' title='bbox 3232 1511 3387 1579; x_wconf 77' lang='grc' dir='ltr'>λέγει</span> <span class='ocrx_word' id='word_1_204' title='bbox 3410 1510 3476 1563; x_wconf 87' lang='grc' dir='ltr'><strong>τὸ</strong></span> <span class='ocrx_word' id='word_1_205' title='bbox 3514 1511 3712 1578; x_wconf 74' lang='grc' dir='ltr'>ἄλογον,</span> 
     </span>
    </p>
   </div>
   <div class='ocr_carea' id='block_1_30' title="bbox 2113 1602 3714 1673">
    <p class='ocr_par' dir='ltr' id='par_1_30' title="bbox 2113 1602 3714 1673">
     <span class='ocr_line' id='line_1_30' title="bbox 2113 1602 3714 1673; baseline -0.002 -15"><span class='ocrx_word' id='word_1_206' title='bbox 2113 1606 2208 1658; x_wconf 76' lang='grc' dir='ltr'><strong>καὶ</strong></span> <span class='ocrx_word' id='word_1_207' title='bbox 2234 1605 2392 1657; x_wconf 82' lang='grc' dir='ltr'>ἄνουν</span> <span class='ocrx_word' id='word_1_208' title='bbox 2418 1644 2432 1667; x_wconf 96' lang='grc'><strong>,</strong></span> <span class='ocrx_word' id='word_1_209' title='bbox 2466 1603 2559 1656; x_wconf 74' lang='grc' dir='ltr'><strong>καὶ</strong></span> <span class='ocrx_word' id='word_1_210' title='bbox 2585 1604 2788 1673; x_wconf 74' lang='grc' dir='ltr'>μωρὸν,</span> <span class='ocrx_word' id='word_1_211' title='bbox 2840 1604 2899 1655; x_wconf 78' lang='grc' dir='ltr'>οὑ</span> <span class='ocrx_word' id='word_1_212' title='bbox 2930 1603 3070 1656; x_wconf 62' lang='grc' dir='ltr'>κατὰ</span> <span class='ocrx_word' id='word_1_213' title='bbox 3096 1602 3359 1667; x_wconf 83' lang='grc' dir='ltr'>διάθεσιν,</span> <span class='ocrx_word' id='word_1_214' title='bbox 3395 1603 3539 1657; x_wconf 70' lang='grc' dir='ltr'>ἀλλὰ</span> <span class='ocrx_word' id='word_1_215' title='bbox 3587 1602 3714 1655; x_wconf 72' lang='grc' dir='ltr'>κατὰ</span> 
     </span>
    </p>
   </div>
   <div class='ocr_carea' id='block_1_31' title="bbox 2109 1694 3716 1765">
    <p class='ocr_par' dir='ltr' id='par_1_31' title="bbox 2109 1694 3716 1765">
     <span class='ocr_line' id='line_1_31' title="bbox 2109 1694 3716 1765; baseline -0.002 -17"><span class='ocrx_word' id='word_1_216' title='bbox 2109 1696 2499 1763; x_wconf 80' lang='grc' dir='ltr'>ἁπόφασιν,κα“ι</span> <span class='ocrx_word' id='word_1_217' title='bbox 2518 1694 2658 1746; x_wconf 79' lang='grc' dir='ltr'>κατὰ</span> <span class='ocrx_word' id='word_1_218' title='bbox 2678 1694 2973 1765; x_wconf 75' lang='grc' dir='ltr'>ὑπεροχὴν,</span> <span class='ocrx_word' id='word_1_219' title='bbox 2995 1695 3056 1745; x_wconf 71' lang='grc' dir='ltr'>οὐ</span> <span class='ocrx_word' id='word_1_220' title='bbox 3076 1694 3213 1746; x_wconf 73' lang='grc' dir='ltr'>κατὰ</span> <span class='ocrx_word' id='word_1_221' title='bbox 3233 1694 3482 1763; x_wconf 61' lang='grc' dir='ltr'>ἔλλειψιν</span> <span class='ocrx_word' id='word_1_222' title='bbox 3506 1698 3544 1763; x_wconf 87' lang='grc'><strong>·)</strong></span> <span class='ocrx_word' id='word_1_223' title='bbox 3562 1696 3716 1763; x_wconf 76' lang='grc' dir='ltr'>ὑπερ-</span> 
     </span>
    </p>
   </div>
   <div class='ocr_carea' id='block_1_32' title="bbox 2114 1784 3715 1858">
    <p class='ocr_par' dir='ltr' id='par_1_32' title="bbox 2114 1784 3715 1858">
     <span class='ocr_line' id='line_1_32' title="bbox 2114 1784 3715 1858; baseline -0.001 -18"><span class='ocrx_word' id='word_1_224' title='bbox 2114 1788 2311 1858; x_wconf 84' lang='grc' dir='ltr'>οχικῶς</span> <span class='ocrx_word' id='word_1_225' title='bbox 2359 1784 2451 1840; x_wconf 69' lang='grc' dir='ltr'><strong>οὖν</strong></span> <span class='ocrx_word' id='word_1_226' title='bbox 2480 1787 2684 1858; x_wconf 74' lang='grc' dir='ltr'>ταύτην</span> <span class='ocrx_word' id='word_1_227' title='bbox 2725 1786 3039 1857; x_wconf 76' lang='grc' dir='ltr'>ὑμνοῦντες,</span> <span class='ocrx_word' id='word_1_228' title='bbox 3082 1788 3340 1858; x_wconf 82' lang='grc' dir='ltr'>λέγομεν,</span> <span class='ocrx_word' id='word_1_229' title='bbox 3390 1790 3481 1841; x_wconf 83' lang='grc' dir='ltr'>ὅτι</span> <span class='ocrx_word' id='word_1_230' title='bbox 3528 1789 3715 1850; x_wconf 80' lang='grc' dir='ltr'>παντός</span> 
     </span>
    </p>
   </div>
   <div class='ocr_carea' id='block_1_33' title="bbox 2113 1880 3714 1950">
    <p class='ocr_par' dir='ltr' id='par_1_33' title="bbox 2113 1880 3714 1950">
     <span class='ocr_line' id='line_1_33' title="bbox 2113 1880 3714 1950; baseline -0.001 -18"><span class='ocrx_word' id='word_1_231' title='bbox 2113 1884 2229 1933; x_wconf 81' lang='grc' dir='ltr'>ἐστι</span> <span class='ocrx_word' id='word_1_232' title='bbox 2261 1882 2354 1933; x_wconf 77' lang='grc' dir='ltr'><strong>καὶ</strong></span> <span class='ocrx_word' id='word_1_233' title='bbox 2388 1880 2546 1948; x_wconf 81' lang='grc' dir='ltr'>λόγου</span> <span class='ocrx_word' id='word_1_234' title='bbox 2578 1882 2671 1932; x_wconf 75' lang='grc' dir='ltr'><strong>καὶ</strong></span> <span class='ocrx_word' id='word_1_235' title='bbox 2696 1880 2787 1931; x_wconf 73' lang='grc' dir='ltr'><strong>νοῦ</strong></span> <span class='ocrx_word' id='word_1_236' title='bbox 2828 1881 2923 1933; x_wconf 68' lang='grc' dir='ltr'><strong>καὶ</strong></span> <span class='ocrx_word' id='word_1_237' title='bbox 2982 1880 3163 1950; x_wconf 86' lang='grc' dir='ltr'>πάσης</span> <span class='ocrx_word' id='word_1_238' title='bbox 3199 1881 3401 1949; x_wconf 86' lang='grc' dir='ltr'>σοφίας</span> <span class='ocrx_word' id='word_1_239' title='bbox 3434 1882 3607 1941; x_wconf 84' lang='grc' dir='ltr'>αἰτία,</span> <span class='ocrx_word' id='word_1_240' title='bbox 3632 1882 3714 1932; x_wconf 76' lang='grc' dir='ltr'><strong>καὶ</strong></span> 
     </span>
    </p>
   </div>
   <div class='ocr_carea' id='block_1_34' title="bbox 414 1969 2005 2047">
    <p class='ocr_par' dir='ltr' id='par_1_34' title="bbox 414 1976 2005 2047">
     <span class='ocr_line' id='line_1_34' title="bbox 414 1976 2005 2047; baseline 0.003 -20"><span class='ocrx_word' id='word_1_241' title='bbox 414 1976 573 2031; x_wconf 91' lang='lat' dir='ltr'><strong>tionis</strong></span> <span class='ocrx_word' id='word_1_242' title='bbox 592 1978 882 2046; x_wconf 88' lang='lat' dir='ltr'><strong>omnisque</strong></span> <span class='ocrx_word' id='word_1_243' title='bbox 902 1979 1189 2047; x_wconf 67' lang='lat' dir='ltr'><strong>sapientia:</strong></span> <span class='ocrx_word' id='word_1_244' title='bbox 1207 1993 1426 2033; x_wconf 86' lang='lat' dir='ltr'><strong>causam</strong></span> <span class='ocrx_word' id='word_1_245' title='bbox 1452 1980 1714 2039; x_wconf 77' lang='lat' dir='ltr'><strong>existere.</strong></span> <span class='ocrx_word' id='word_1_246' title='bbox 1744 1991 1798 2032; x_wconf 90' lang='lat' dir='ltr'><strong>et</strong></span> <span class='ocrx_word' id='word_1_247' title='bbox 1832 1978 2005 2046; x_wconf 89' lang='lat' dir='ltr'><strong>ipsius</strong></span> 
     </span>
    </p>
   </div>
   <div class='ocr_carea' id='block_1_35' title="bbox 2189 1969 3711 2047">
    <p class='ocr_par' dir='ltr' id='par_1_35' title="bbox 2189 1973 3711 2046">
     <span class='ocr_line' id='line_1_35' title="bbox 2189 1973 3711 2046; baseline -0.003 -18"><span class='ocrx_word' id='word_1_248' title='bbox 2189 1977 2276 2046; x_wconf 75' lang='grc' dir='ltr'>τῆς</span> <span class='ocrx_word' id='word_1_249' title='bbox 2306 1978 2419 2028; x_wconf 78' lang='grc' dir='ltr'>ἐστι</span> <span class='ocrx_word' id='word_1_250' title='bbox 2450 1977 2597 2027; x_wconf 69' lang='grc' dir='ltr'>πᾶσα</span> <span class='ocrx_word' id='word_1_251' title='bbox 2634 1973 2797 2045; x_wconf 81' lang='grc' dir='ltr'>βουλὴ</span> <span class='ocrx_word' id='word_1_252' title='bbox 2836 1976 2929 2027; x_wconf 74' lang='grc' dir='ltr'><strong>καὶ</strong></span> <span class='ocrx_word' id='word_1_253' title='bbox 2983 1975 3219 2037; x_wconf 79' lang='grc' dir='ltr'>σύνεσις,</span> <span class='ocrx_word' id='word_1_254' title='bbox 3257 1975 3403 2028; x_wconf 71' lang='grc' dir='ltr'>κατὰ</span> <span class='ocrx_word' id='word_1_255' title='bbox 3452 1974 3535 2027; x_wconf 89' lang='grc' dir='ltr'>τό·</span> <span class='ocrx_word' id='word_1_256' title='bbox 3580 1974 3711 2043; x_wconf 76' lang='grc' dir='ltr'><strong>Ἐμὴ</strong></span> 
     </span>
    </p>
   </div>
   <div class='ocr_carea' id='block_1_36' title="bbox 409 2069 2003 2138">
    <p class='ocr_par' dir='ltr' id='par_1_36' title="bbox 409 2069 2003 2138">
     <span class='ocr_line' id='line_1_36' title="bbox 409 2069 2003 2138; baseline 0 -15"><span class='ocrx_word' id='word_1_257' title='bbox 409 2084 529 2123; x_wconf 78' lang='lat' dir='ltr'><strong>CSSe</strong></span> <span class='ocrx_word' id='word_1_258' title='bbox 573 2085 735 2124; x_wconf 89' lang='lat' dir='ltr'><strong>omne</strong></span> <span class='ocrx_word' id='word_1_259' title='bbox 764 2070 1049 2125; x_wconf 88' lang='lat' dir='ltr'><strong>consilium</strong></span> <span class='ocrx_word' id='word_1_260' title='bbox 1076 2080 1131 2124; x_wconf 90' lang='lat' dir='ltr'><strong>et</strong></span> <span class='ocrx_word' id='word_1_261' title='bbox 1161 2070 1475 2135; x_wconf 86' lang='lat' dir='ltr'><strong>scientiam,</strong></span> <span class='ocrx_word' id='word_1_262' title='bbox 1495 2070 1649 2138; x_wconf 75' lang='lat' dir='ltr'><strong>juxta</strong></span> <span class='ocrx_word' id='word_1_263' title='bbox 1675 2071 1804 2123; x_wconf 71' lang='lat' dir='ltr'><strong>illud</strong></span> <span class='ocrx_word' id='word_1_264' title='bbox 1834 2088 1847 2123; x_wconf 92' lang='lat'><strong>:</strong></span> <span class='ocrx_word' id='word_1_265' title='bbox 1884 2069 2003 2123; x_wconf 82' lang='lat' dir='ltr'><strong>Mea</strong></span> 
     </span>
    </p>
   </div>
   <div class='ocr_carea' id='block_1_37' title="bbox 410 2164 2009 2227">
    <p class='ocr_par' dir='ltr' id='par_1_37' title="bbox 410 2164 2009 2227">
     <span class='ocr_line' id='line_1_37' title="bbox 410 2164 2009 2227; baseline 0.001 -12"><span class='ocrx_word' id='word_1_266' title='bbox 410 2173 486 2216; x_wconf 76' lang='lat' dir='ltr'><strong>est</strong></span> <span class='ocrx_word' id='word_1_267' title='bbox 520 2164 766 2227; x_wconf 79' lang='lat' dir='ltr'><strong>scientia,</strong></span> <span class='ocrx_word' id='word_1_268' title='bbox 802 2180 975 2217; x_wconf 87' lang='lat' dir='ltr'><strong>meum</strong></span> <span class='ocrx_word' id='word_1_269' title='bbox 1008 2165 1134 2219; x_wconf 88' lang='lat' dir='ltr'><strong>item</strong></span> <span class='ocrx_word' id='word_1_270' title='bbox 1178 2166 1457 2219; x_wconf 78' lang='lat' dir='ltr'><strong>consilium</strong></span> <span class='ocrx_word' id='word_1_271' title='bbox 1488 2174 1535 2218; x_wconf 85' lang='lat' dir='ltr'><strong>et</strong></span> <span class='ocrx_word' id='word_1_272' title='bbox 1570 2166 1827 2219; x_wconf 75' lang='lat' dir='ltr'><strong>securitas</strong></span> <span class='ocrx_word' id='word_1_273' title='bbox 1860 2167 1920 2227; x_wconf 70' lang='lat' dir='ltr'><strong>t,&#39;</strong></span> <span class='ocrx_word' id='word_1_274' title='bbox 1953 2176 2009 2219; x_wconf 91' lang='lat' dir='ltr'><strong>et</strong></span> 
     </span>
    </p>
   </div>
   <div class='ocr_carea' id='block_1_38' title="bbox 410 2252 2009 2324">
    <p class='ocr_par' dir='ltr' id='par_1_38' title="bbox 410 2252 2009 2324">
     <span class='ocr_line' id='line_1_38' title="bbox 410 2252 2009 2324; baseline 0.002 -20"><span class='ocrx_word' id='word_1_275' title='bbox 410 2252 461 2305; x_wconf 89' lang='lat' dir='ltr'><strong>in</strong></span> <span class='ocrx_word' id='word_1_276' title='bbox 489 2254 598 2320; x_wconf 83' lang='lat' dir='ltr'><strong>ipsa</strong></span> <span class='ocrx_word' id='word_1_277' title='bbox 618 2268 796 2305; x_wconf 79' lang='lat' dir='ltr'><strong>omnes</strong></span> <span class='ocrx_word' id='word_1_278' title='bbox 832 2253 1067 2306; x_wconf 83' lang='lat' dir='ltr'><strong>thesauri</strong></span> <span class='ocrx_word' id='word_1_279' title='bbox 1104 2255 1377 2322; x_wconf 78' lang='lat' dir='ltr'><strong>sapicntiw</strong></span> <span class='ocrx_word' id='word_1_280' title='bbox 1398 2253 1561 2324; x_wconf 64' lang='grc'><strong>467</strong></span> <span class='ocrx_word' id='word_1_281' title='bbox 1592 2264 1713 2307; x_wconf 82' lang='lat' dir='ltr'><strong>sunt</strong></span> <span class='ocrx_word' id='word_1_282' title='bbox 1742 2262 1790 2307; x_wconf 81' lang='lat' dir='ltr'><strong>et</strong></span> <span class='ocrx_word' id='word_1_283' title='bbox 1826 2256 2009 2323; x_wconf 80' lang='lat' dir='ltr'><strong>cogni-</strong></span> 
     </span>
    </p>
   </div>
   <div class='ocr_carea' id='block_1_39' title="bbox 410 2342 2004 2411">
    <p class='ocr_par' dir='ltr' id='par_1_39' title="bbox 410 2342 2004 2411">
     <span class='ocr_line' id='line_1_39' title="bbox 410 2342 2004 2411; baseline 0.001 -17"><span class='ocrx_word' id='word_1_284' title='bbox 410 2344 566 2397; x_wconf 74' lang='lat' dir='ltr'><strong>tionis</strong></span> <span class='ocrx_word' id='word_1_285' title='bbox 594 2342 893 2395; x_wconf 76' lang='lat' dir='ltr'><strong>absconditi</strong></span> <span class='ocrx_word' id='word_1_286' title='bbox 920 2354 945 2379; x_wconf 80' lang='grc' dir='ltr'><strong>ιι</strong></span> <span class='ocrx_word' id='word_1_287' title='bbox 966 2382 981 2407; x_wconf 94' lang='grc'><strong>,</strong></span> <span class='ocrx_word' id='word_1_288' title='bbox 1035 2342 1335 2396; x_wconf 90' lang='lat' dir='ltr'><strong>secundum</strong></span> <span class='ocrx_word' id='word_1_289' title='bbox 1368 2358 1623 2411; x_wconf 80' lang='lat' dir='ltr'><strong>magnum</strong></span> <span class='ocrx_word' id='word_1_290' title='bbox 1658 2342 2004 2410; x_wconf 81' lang='lat' dir='ltr'><strong>Apostolnm.</strong></span> 
     </span>
    </p>
   </div>
   <div class='ocr_carea' id='block_1_40' title="bbox 412 2434 2007 2506">
    <p class='ocr_par' dir='ltr' id='par_1_40' title="bbox 412 2434 2007 2506">
     <span class='ocr_line' id='line_1_40' title="bbox 412 2434 2007 2506; baseline 0.001 -21"><span class='ocrx_word' id='word_1_291' title='bbox 412 2434 627 2487; x_wconf 72' lang='lat' dir='ltr'><strong>Etenim</strong></span> <span class='ocrx_word' id='word_1_292' title='bbox 664 2436 809 2488; x_wconf 88' lang='lat' dir='ltr'><strong>sicut</strong></span> <span class='ocrx_word' id='word_1_293' title='bbox 850 2443 1052 2489; x_wconf 61' lang='lat' dir='ltr'><strong>arterna</strong></span> <span class='ocrx_word' id='word_1_294' title='bbox 1092 2436 1393 2504; x_wconf 81' lang='lat' dir='ltr'><strong>divinaque</strong></span> <span class='ocrx_word' id='word_1_295' title='bbox 1442 2436 1553 2489; x_wconf 78' lang='lat' dir='ltr'><strong>vita</strong></span> <span class='ocrx_word' id='word_1_296' title='bbox 1608 2435 2007 2506; x_wconf 79' lang='lat' dir='ltr'><strong>suppeditatrix</strong></span> 
     </span>
    </p>
   </div>
   <div class='ocr_carea' id='block_1_41' title="bbox 413 2526 2007 2596">
    <p class='ocr_par' dir='ltr' id='par_1_41' title="bbox 413 2526 2007 2596">
     <span class='ocr_line' id='line_1_41' title="bbox 413 2526 2007 2596; baseline 0.003 -20"><span class='ocrx_word' id='word_1_297' title='bbox 413 2526 556 2578; x_wconf 84' lang='lat' dir='ltr'><strong>dicta</strong></span> <span class='ocrx_word' id='word_1_298' title='bbox 584 2536 667 2579; x_wconf 90' lang='lat' dir='ltr'><strong>est</strong></span> <span class='ocrx_word' id='word_1_299' title='bbox 691 2528 856 2579; x_wconf 86' lang='lat' dir='ltr'><strong>etiam</strong></span> <span class='ocrx_word' id='word_1_300' title='bbox 888 2526 1057 2595; x_wconf 85' lang='lat' dir='ltr'><strong>ipsius</strong></span> <span class='ocrx_word' id='word_1_301' title='bbox 1082 2542 1177 2596; x_wconf 89' lang='lat' dir='ltr'><strong>per</strong></span> <span class='ocrx_word' id='word_1_302' title='bbox 1212 2544 1268 2583; x_wconf 89' lang='lat' dir='ltr'><strong>se</strong></span> <span class='ocrx_word' id='word_1_303' title='bbox 1301 2529 1441 2591; x_wconf 83' lang='lat' dir='ltr'><strong>vitae,</strong></span> <span class='ocrx_word' id='word_1_304' title='bbox 1480 2540 1535 2582; x_wconf 89' lang='lat' dir='ltr'><strong>et</strong></span> <span class='ocrx_word' id='word_1_305' title='bbox 1567 2538 1892 2583; x_wconf 61' lang='lat' dir='ltr'><strong>exterarum</strong></span> <span class='ocrx_word' id='word_1_306' title='bbox 1927 2526 2007 2580; x_wconf 84' lang='lat' dir='ltr'><strong>vl-</strong></span> 
     </span>
    </p>
   </div>
   <div class='ocr_carea' id='block_1_42' title="bbox 415 2618 2008 2689">
    <p class='ocr_par' dir='ltr' id='par_1_42' title="bbox 415 2618 2008 2689">
     <span class='ocr_line' id='line_1_42' title="bbox 415 2618 2008 2689; baseline 0.003 -23"><span class='ocrx_word' id='word_1_307' title='bbox 415 2628 591 2669; x_wconf 85' lang='lat' dir='ltr'><strong>iarnm</strong></span> <span class='ocrx_word' id='word_1_308' title='bbox 621 2618 891 2683; x_wconf 89' lang='lat' dir='ltr'><strong>omnium,</strong></span> <span class='ocrx_word' id='word_1_309' title='bbox 932 2620 1011 2673; x_wconf 91' lang='lat' dir='ltr'><strong>sic</strong></span> <span class='ocrx_word' id='word_1_310' title='bbox 1062 2621 1248 2689; x_wconf 89' lang='lat' dir='ltr'><strong>utique</strong></span> <span class='ocrx_word' id='word_1_311' title='bbox 1298 2623 1465 2675; x_wconf 91' lang='lat' dir='ltr'><strong>etiam</strong></span> <span class='ocrx_word' id='word_1_312' title='bbox 1516 2620 1890 2689; x_wconf 88' lang='lat' dir='ltr'><strong>omnisapiens</strong></span> <span class='ocrx_word' id='word_1_313' title='bbox 1921 2634 2008 2672; x_wconf 86' lang='lat' dir='ltr'><strong>sa-</strong></span> 
     </span>
    </p>
   </div>
   <div class='ocr_carea' id='block_1_43' title="bbox 414 2709 2007 2783">
    <p class='ocr_par' dir='ltr' id='par_1_43' title="bbox 414 2709 2007 2783">
     <span class='ocr_line' id='line_1_43' title="bbox 414 2709 2007 2783; baseline 0.003 -23"><span class='ocrx_word' id='word_1_314' title='bbox 414 2709 609 2775; x_wconf 87' lang='lat' dir='ltr'><strong>pientia</strong></span> <span class='ocrx_word' id='word_1_315' title='bbox 668 2712 835 2780; x_wconf 88' lang='lat' dir='ltr'><strong>ipsius</strong></span> <span class='ocrx_word' id='word_1_316' title='bbox 866 2728 1084 2782; x_wconf 88' lang='lat' dir='ltr'><strong>quoque</strong></span> <span class='ocrx_word' id='word_1_317' title='bbox 1116 2730 1211 2783; x_wconf 88' lang='lat' dir='ltr'><strong>per</strong></span> <span class='ocrx_word' id='word_1_318' title='bbox 1236 2730 1293 2767; x_wconf 87' lang='lat' dir='ltr'><strong>se</strong></span> <span class='ocrx_word' id='word_1_319' title='bbox 1342 2714 1629 2783; x_wconf 78' lang='lat' dir='ltr'><strong>sapientia:</strong></span> <span class='ocrx_word' id='word_1_320' title='bbox 1676 2728 1866 2773; x_wconf 88' lang='lat' dir='ltr'><strong>causa,</strong></span> <span class='ocrx_word' id='word_1_321' title='bbox 1900 2712 2007 2766; x_wconf 88' lang='lat' dir='ltr'><strong>sci-</strong></span> 
     </span>
    </p>
   </div>
   <div class='ocr_carea' id='block_1_44' title="bbox 415 2801 2008 2875">
    <p class='ocr_par' dir='ltr' id='par_1_44' title="bbox 415 2801 2008 2875">
     <span class='ocr_line' id='line_1_44' title="bbox 415 2801 2008 2875; baseline 0.004 -24"><span class='ocrx_word' id='word_1_322' title='bbox 415 2801 543 2854; x_wconf 88' lang='lat' dir='ltr'><strong>licet</strong></span> <span class='ocrx_word' id='word_1_323' title='bbox 570 2816 668 2870; x_wconf 90' lang='lat' dir='ltr'><strong>per</strong></span> <span class='ocrx_word' id='word_1_324' title='bbox 702 2817 761 2857; x_wconf 90' lang='lat' dir='ltr'><strong>se</strong></span> <span class='ocrx_word' id='word_1_325' title='bbox 791 2804 905 2857; x_wconf 82' lang='lat' dir='ltr'><strong>sive</strong></span> <span class='ocrx_word' id='word_1_326' title='bbox 940 2805 991 2857; x_wconf 91' lang='lat' dir='ltr'><strong>in</strong></span> <span class='ocrx_word' id='word_1_327' title='bbox 1031 2819 1110 2868; x_wconf 85' lang='lat' dir='ltr'><strong>se,</strong></span> <span class='ocrx_word' id='word_1_328' title='bbox 1140 2805 1369 2859; x_wconf 71' lang='lat' dir='ltr'><strong>ratioziis</strong></span> <span class='ocrx_word' id='word_1_329' title='bbox 1409 2806 1692 2875; x_wconf 65' lang='lat' dir='ltr'><strong>sapientia)</strong></span> <span class='ocrx_word' id='word_1_330' title='bbox 1722 2806 2008 2860; x_wconf 90' lang='lat' dir='ltr'><strong>creatricis</strong></span> 
     </span>
    </p>
   </div>
   <div class='ocr_carea' id='block_1_45' title="bbox 412 2895 2007 2964">
    <p class='ocr_par' dir='ltr' id='par_1_45' title="bbox 412 2895 2007 2964">
     <span class='ocr_line' id='line_1_45' title="bbox 412 2895 2007 2964; baseline 0.001 -17"><span class='ocrx_word' id='word_1_331' title='bbox 412 2895 699 2959; x_wconf 83' lang='lat' dir='ltr'><strong>omnisque</strong></span> <span class='ocrx_word' id='word_1_332' title='bbox 735 2897 1017 2964; x_wconf 76' lang='lat' dir='ltr'><strong>sapientia:</strong></span> <span class='ocrx_word' id='word_1_333' title='bbox 1049 2896 1293 2951; x_wconf 66' lang='lat' dir='ltr'><strong>effectrix</strong></span> <span class='ocrx_word' id='word_1_334' title='bbox 1322 2898 1531 2962; x_wconf 77' lang='lat' dir='ltr'><strong>existit,</strong></span> <span class='ocrx_word' id='word_1_335' title='bbox 1584 2912 1650 2952; x_wconf 80' lang='lat' dir='ltr'><strong>ex</strong></span> <span class='ocrx_word' id='word_1_336' title='bbox 1690 2912 1799 2964; x_wconf 87' lang='lat' dir='ltr'><strong>qua</strong></span> <span class='ocrx_word' id='word_1_337' title='bbox 1835 2896 2007 2950; x_wconf 87' lang='lat' dir='ltr'><strong>intel-</strong></span> 
     </span>
    </p>
   </div>
   <div class='ocr_carea' id='block_1_46' title="bbox 414 2984 2005 3056">
    <p class='ocr_par' dir='ltr' id='par_1_46' title="bbox 414 2984 2005 3056">
     <span class='ocr_line' id='line_1_46' title="bbox 414 2984 2005 3056; baseline 0.003 -21"><span class='ocrx_word' id='word_1_338' title='bbox 414 2984 680 3041; x_wconf 90' lang='lat' dir='ltr'><strong>lectiones</strong></span> <span class='ocrx_word' id='word_1_339' title='bbox 708 2987 911 3041; x_wconf 85' lang='lat' dir='ltr'><strong>habent</strong></span> <span class='ocrx_word' id='word_1_340' title='bbox 936 2989 1282 3041; x_wconf 90' lang='lat' dir='ltr'><strong>intellectiles</strong></span> <span class='ocrx_word' id='word_1_341' title='bbox 1304 2996 1357 3041; x_wconf 91' lang='lat' dir='ltr'><strong>ct</strong></span> <span class='ocrx_word' id='word_1_342' title='bbox 1379 2988 1741 3056; x_wconf 78' lang='lat' dir='ltr'><strong>intelligentes</strong></span> <span class='ocrx_word' id='word_1_343' title='bbox 1772 2987 2005 3040; x_wconf 82' lang='lat' dir='ltr'><strong>virtutes</strong></span> 
     </span>
    </p>
   </div>
   <div class='ocr_carea' id='block_1_47' title="bbox 2110 2063 3710 2135">
    <p class='ocr_par' dir='ltr' id='par_1_47' title="bbox 2110 2063 3710 2135">
     <span class='ocr_line' id='line_1_47' title="bbox 2110 2063 3710 2135; baseline -0.001 -16"><span class='ocrx_word' id='word_1_344' title='bbox 2110 2068 2385 2130; x_wconf 73' lang='grc' dir='ltr'>σύνεσις,</span> <span class='ocrx_word' id='word_1_345' title='bbox 2408 2064 2521 2133; x_wconf 70' lang='grc' dir='ltr'><strong>ἐμὴ</strong></span> <span class='ocrx_word' id='word_1_346' title='bbox 2544 2063 2828 2131; x_wconf 77' lang='grc' dir='ltr'><strong>δὲβουλὴ</strong></span> <span class='ocrx_word' id='word_1_347' title='bbox 2867 2064 2965 2116; x_wconf 80' lang='grc' dir='ltr'>καὶ</span> <span class='ocrx_word' id='word_1_348' title='bbox 2994 2064 3299 2132; x_wconf 58' lang='grc' dir='ltr'>ἀσφάλεια</span> <span class='ocrx_word' id='word_1_349' title='bbox 3322 2082 3333 2093; x_wconf 91' lang='grc'><strong>·</strong></span> <span class='ocrx_word' id='word_1_350' title='bbox 3374 2065 3474 2117; x_wconf 72' lang='grc' dir='ltr'><strong>καὶ</strong></span> <span class='ocrx_word' id='word_1_351' title='bbox 3502 2066 3560 2117; x_wconf 84' lang='grc' dir='ltr'><strong>ἐν</strong></span> <span class='ocrx_word' id='word_1_352' title='bbox 3586 2066 3710 2135; x_wconf 74' lang='grc' dir='ltr'>αὐτῇ</span> 
     </span>
    </p>
   </div>
   <div class='ocr_carea' id='block_1_48' title="bbox 2111 2154 3712 2225">
    <p class='ocr_par' dir='ltr' id='par_1_48' title="bbox 2111 2154 3712 2225">
     <span class='ocr_line' id='line_1_48' title="bbox 2111 2154 3712 2225; baseline 0.001 -18"><span class='ocrx_word' id='word_1_353' title='bbox 2111 2156 2335 2221; x_wconf 76' lang='grc' dir='ltr'>πάντες</span> <span class='ocrx_word' id='word_1_354' title='bbox 2384 2159 2437 2208; x_wconf 81' lang='grc' dir='ltr'>οἱ</span> <span class='ocrx_word' id='word_1_355' title='bbox 2510 2154 2802 2223; x_wconf 77' lang='grc' dir='ltr'>θησαυροί</span> <span class='ocrx_word' id='word_1_356' title='bbox 2863 2154 2973 2222; x_wconf 83' lang='grc' dir='ltr'>τῆς</span> <span class='ocrx_word' id='word_1_357' title='bbox 3037 2157 3259 2225; x_wconf 62' lang='grc' dir='ltr'>σοφίας</span> <span class='ocrx_word' id='word_1_358' title='bbox 3300 2157 3454 2219; x_wconf 75' lang='grc' dir='ltr'>εἰσί,</span> <span class='ocrx_word' id='word_1_359' title='bbox 3488 2156 3712 2223; x_wconf 76' lang='grc' dir='ltr'>καὶτῆς</span> 
     </span>
    </p>
   </div>
   <div class='ocr_carea' id='block_1_49' title="bbox 2110 2247 3710 2318">
    <p class='ocr_par' dir='ltr' id='par_1_49' title="bbox 2110 2247 3710 2318">
     <span class='ocr_line' id='line_1_49' title="bbox 2110 2247 3710 2318; baseline -0.001 -19"><span class='ocrx_word' id='word_1_360' title='bbox 2110 2247 2388 2315; x_wconf 79' lang='grc' dir='ltr'>γνώσεως</span> <span class='ocrx_word' id='word_1_361' title='bbox 2424 2247 2783 2315; x_wconf 58' lang='grc' dir='ltr'>ἀπόκρυφοι,</span> <span class='ocrx_word' id='word_1_362' title='bbox 2836 2248 2975 2299; x_wconf 79' lang='grc' dir='ltr'>κατὰ</span> <span class='ocrx_word' id='word_1_363' title='bbox 3015 2248 3107 2301; x_wconf 77' lang='grc' dir='ltr'><strong>τὸν</strong></span> <span class='ocrx_word' id='word_1_364' title='bbox 3150 2248 3330 2318; x_wconf 83' lang='grc' dir='ltr'>μέγαν</span> <span class='ocrx_word' id='word_1_365' title='bbox 3376 2248 3710 2301; x_wconf 72' lang='grc' dir='ltr'>’Λπόστολον.</span> 
     </span>
    </p>
   </div>
   <div class='ocr_carea' id='block_1_50' title="bbox 2112 2338 3709 2413">
    <p class='ocr_par' dir='ltr' id='par_1_50' title="bbox 2112 2338 3709 2413">
     <span class='ocr_line' id='line_1_50' title="bbox 2112 2338 3709 2413; baseline 0.003 -24"><span class='ocrx_word' id='word_1_366' title='bbox 2112 2339 2221 2390; x_wconf 76' lang='grc' dir='ltr'>Καὶ</span> <span class='ocrx_word' id='word_1_367' title='bbox 2237 2341 2346 2410; x_wconf 84' lang='grc' dir='ltr'>γὰρ</span> <span class='ocrx_word' id='word_1_368' title='bbox 2377 2338 2567 2411; x_wconf 81' lang='grc' dir='ltr'>ῶσπερ</span> <span class='ocrx_word' id='word_1_369' title='bbox 2589 2342 2621 2411; x_wconf 87' lang='grc' dir='ltr'>ἡ</span> <span class='ocrx_word' id='word_1_370' title='bbox 2644 2341 2836 2393; x_wconf 80' lang='grc' dir='ltr'>αἰωνία</span> <span class='ocrx_word' id='word_1_371' title='bbox 2866 2342 2959 2394; x_wconf 73' lang='grc' dir='ltr'><strong>καὶ</strong></span> <span class='ocrx_word' id='word_1_372' title='bbox 2984 2340 3104 2395; x_wconf 85' lang='grc' dir='ltr'>θεία</span> <span class='ocrx_word' id='word_1_373' title='bbox 3128 2341 3243 2413; x_wconf 79' lang='grc' dir='ltr'><strong>ζωὴ</strong></span> <span class='ocrx_word' id='word_1_374' title='bbox 3268 2344 3580 2406; x_wconf 82' lang='grc' dir='ltr'>ὑποστάτις</span> <span class='ocrx_word' id='word_1_375' title='bbox 3603 2342 3709 2395; x_wconf 82' lang='grc' dir='ltr'><strong>ὲλέ-</strong></span> 
     </span>
    </p>
   </div>
   <div class='ocr_carea' id='block_1_51' title="bbox 2112 2430 3709 2503">
    <p class='ocr_par' dir='ltr' id='par_1_51' title="bbox 2112 2430 3709 2503">
     <span class='ocr_line' id='line_1_51' title="bbox 2112 2430 3709 2503; baseline 0.002 -21"><span class='ocrx_word' id='word_1_376' title='bbox 2112 2447 2239 2498; x_wconf 92' lang='grc' dir='ltr'>γετο</span> <span class='ocrx_word' id='word_1_377' title='bbox 2279 2432 2375 2485; x_wconf 66' lang='grc' dir='ltr'>καὶ</span> <span class='ocrx_word' id='word_1_378' title='bbox 2411 2432 2581 2500; x_wconf 68' lang='grc' dir='ltr'>αὐτῆς</span> <span class='ocrx_word' id='word_1_379' title='bbox 2624 2432 2724 2502; x_wconf 78' lang='grc' dir='ltr'>τῆς</span> <span class='ocrx_word' id='word_1_380' title='bbox 2753 2433 3031 2503; x_wconf 74' lang='grc' dir='ltr'>αὐτοζωῆς</span> <span class='ocrx_word' id='word_1_381' title='bbox 3088 2433 3183 2484; x_wconf 75' lang='grc' dir='ltr'><strong>καὶ</strong></span> <span class='ocrx_word' id='word_1_382' title='bbox 3213 2430 3326 2483; x_wconf 90' lang='grc' dir='ltr'><strong>τῶν</strong></span> <span class='ocrx_word' id='word_1_383' title='bbox 3348 2433 3558 2503; x_wconf 77' lang='grc' dir='ltr'>ἐτέρων</span> <span class='ocrx_word' id='word_1_384' title='bbox 3579 2434 3709 2485; x_wconf 73' lang='grc' dir='ltr'>ἁπι-</span> 
     </span>
    </p>
   </div>
   <div class='ocr_carea' id='block_1_52' title="bbox 2114 2524 3709 2596">
    <p class='ocr_par' dir='ltr' id='par_1_52' title="bbox 2114 2524 3709 2596">
     <span class='ocr_line' id='line_1_52' title="bbox 2114 2524 3709 2596; baseline -0.001 -20"><span class='ocrx_word' id='word_1_385' title='bbox 2114 2524 2221 2576; x_wconf 91' lang='grc' dir='ltr'><strong>σῶν</strong></span> <span class='ocrx_word' id='word_1_386' title='bbox 2244 2524 2418 2589; x_wconf 81' lang='grc' dir='ltr'>ζωῶν,</span> <span class='ocrx_word' id='word_1_387' title='bbox 2450 2524 2591 2576; x_wconf 70' lang='grc' dir='ltr'>οὕτω</span> <span class='ocrx_word' id='word_1_388' title='bbox 2612 2524 2675 2596; x_wconf 78' lang='grc' dir='ltr'><strong>δὴ</strong></span> <span class='ocrx_word' id='word_1_389' title='bbox 2702 2527 2794 2579; x_wconf 70' lang='grc' dir='ltr'><strong>καὶ</strong></span> <span class='ocrx_word' id='word_1_390' title='bbox 2822 2528 2853 2596; x_wconf 87' lang='grc' dir='ltr'>ἡ</span> <span class='ocrx_word' id='word_1_391' title='bbox 2880 2525 3153 2593; x_wconf 85' lang='grc' dir='ltr'>πάνσοφος</span> <span class='ocrx_word' id='word_1_392' title='bbox 3186 2525 3355 2593; x_wconf 88' lang='grc' dir='ltr'>σοφία</span> <span class='ocrx_word' id='word_1_393' title='bbox 3376 2565 3391 2589; x_wconf 92' lang='grc'><strong>,</strong></span> <span class='ocrx_word' id='word_1_394' title='bbox 3425 2527 3577 2578; x_wconf 82' lang='grc' dir='ltr'>αἰτία</span> <span class='ocrx_word' id='word_1_395' title='bbox 3606 2526 3709 2577; x_wconf 72' lang='grc' dir='ltr'>ἐστὶ</span> 
     </span>
    </p>
   </div>
   <div class='ocr_carea' id='block_1_53' title="bbox 2111 2616 3707 2687">
    <p class='ocr_par' dir='ltr' id='par_1_53' title="bbox 2111 2616 3707 2687">
     <span class='ocr_line' id='line_1_53' title="bbox 2111 2616 3707 2687; baseline 0 -18"><span class='ocrx_word' id='word_1_396' title='bbox 2111 2619 2205 2669; x_wconf 75' lang='grc' dir='ltr'><strong>καὶ</strong></span> <span class='ocrx_word' id='word_1_397' title='bbox 2242 2618 2339 2687; x_wconf 77' lang='grc' dir='ltr'><strong>τῆς</strong></span> <span class='ocrx_word' id='word_1_398' title='bbox 2370 2617 2716 2686; x_wconf 71' lang='grc' dir='ltr'>αὑτοσοφίας,</span> <span class='ocrx_word' id='word_1_399' title='bbox 2747 2617 2994 2687; x_wconf 85' lang='grc' dir='ltr'>δηλονότι</span> <span class='ocrx_word' id='word_1_400' title='bbox 3029 2616 3093 2669; x_wconf 84' lang='grc' dir='ltr'><strong>δι’</strong></span> <span class='ocrx_word' id='word_1_401' title='bbox 3128 2616 3352 2681; x_wconf 73' lang='grc' dir='ltr'>ἑαυτοῦ,</span> <span class='ocrx_word' id='word_1_402' title='bbox 3410 2619 3582 2687; x_wconf 72' lang='grc' dir='ltr'>ἤγουν</span> <span class='ocrx_word' id='word_1_403' title='bbox 3624 2618 3707 2669; x_wconf 69' lang='grc' dir='ltr'>τοῦ</span> 
     </span>
    </p>
   </div>
   <div class='ocr_carea' id='block_1_54' title="bbox 2112 2709 3708 2781">
    <p class='ocr_par' dir='ltr' id='par_1_54' title="bbox 2112 2709 3708 2781">
     <span class='ocr_line' id='line_1_54' title="bbox 2112 2709 3708 2781; baseline 0.001 -20"><span class='ocrx_word' id='word_1_404' title='bbox 2112 2712 2169 2761; x_wconf 85' lang='grc' dir='ltr'>ἐν</span> <span class='ocrx_word' id='word_1_405' title='bbox 2194 2709 2342 2779; x_wconf 69' lang='grc' dir='ltr'>αὐτῷ</span> <span class='ocrx_word' id='word_1_406' title='bbox 2368 2709 2760 2781; x_wconf 81' lang='grc' dir='ltr'>δημιουργικοῦ</span> <span class='ocrx_word' id='word_1_407' title='bbox 2786 2709 2943 2777; x_wconf 81' lang='grc' dir='ltr'>λόγου</span> <span class='ocrx_word' id='word_1_408' title='bbox 2969 2710 3066 2781; x_wconf 79' lang='grc' dir='ltr'><strong>τῆς</strong></span> <span class='ocrx_word' id='word_1_409' title='bbox 3096 2709 3312 2778; x_wconf 86' lang='grc' dir='ltr'>σοφίας,</span> <span class='ocrx_word' id='word_1_410' title='bbox 3350 2710 3453 2762; x_wconf 69' lang='grc' dir='ltr'><strong>καὶ</strong></span> <span class='ocrx_word' id='word_1_411' title='bbox 3504 2711 3708 2779; x_wconf 50' lang='lat' dir='ltr'><strong>dixiin;</strong></span> 
     </span>
    </p>
   </div>
   <div class='ocr_carea' id='block_1_55' title="bbox 2114 2800 3705 2875">
    <p class='ocr_par' dir='ltr' id='par_1_55' title="bbox 2114 2800 3705 2875">
     <span class='ocr_line' id='line_1_55' title="bbox 2114 2800 3705 2875; baseline -0.001 -21"><span class='ocrx_word' id='word_1_412' title='bbox 2114 2804 2305 2872; x_wconf 81' lang='grc' dir='ltr'>σοφίας</span> <span class='ocrx_word' id='word_1_413' title='bbox 2337 2805 2651 2868; x_wconf 81' lang='grc' dir='ltr'>ὑποστάτις,</span> <span class='ocrx_word' id='word_1_414' title='bbox 2680 2805 2739 2869; x_wconf 79' lang='grc' dir='ltr'>ἐξ</span> <span class='ocrx_word' id='word_1_415' title='bbox 2764 2800 2829 2874; x_wconf 74' lang='grc' dir='ltr'><strong>ἧς</strong></span> <span class='ocrx_word' id='word_1_416' title='bbox 2857 2803 3038 2875; x_wconf 76' lang='grc' dir='ltr'>ἔχουσι</span> <span class='ocrx_word' id='word_1_417' title='bbox 3065 2802 3164 2866; x_wconf 70' lang='grc' dir='ltr'><strong>τὰς</strong></span> <span class='ocrx_word' id='word_1_418' title='bbox 3188 2806 3415 2873; x_wconf 77' lang='grc' dir='ltr'>νοήσεις</span> <span class='ocrx_word' id='word_1_419' title='bbox 3445 2808 3501 2857; x_wconf 85' lang='grc' dir='ltr'>αἱ</span> <span class='ocrx_word' id='word_1_420' title='bbox 3530 2804 3705 2874; x_wconf 77' lang='grc' dir='ltr'>νοηταί</span> 
     </span>
    </p>
   </div>
   <div class='ocr_carea' id='block_1_56' title="bbox 2110 2904 3703 2977">
    <p class='ocr_par' dir='ltr' id='par_1_56' title="bbox 2110 2904 3703 2977">
     <span class='ocr_line' id='line_1_56' title="bbox 2110 2904 3703 2977; baseline -0.001 -20"><span class='ocrx_word' id='word_1_421' title='bbox 2110 2922 2168 2957; x_wconf 88' lang='grc' dir='ltr'><strong>τε</strong></span> <span class='ocrx_word' id='word_1_422' title='bbox 2200 2906 2295 2959; x_wconf 70' lang='grc' dir='ltr'><strong>καὶ</strong></span> <span class='ocrx_word' id='word_1_423' title='bbox 2316 2908 2503 2977; x_wconf 59' lang='grc' dir='ltr'><strong>νοερα)⁵</strong></span> <span class='ocrx_word' id='word_1_424' title='bbox 2526 2905 2636 2958; x_wconf 89' lang='grc' dir='ltr'><strong>τῶν</strong></span> <span class='ocrx_word' id='word_1_425' title='bbox 2658 2906 2904 2974; x_wconf 78' lang='grc' dir='ltr'>ἀγγέλων</span> <span class='ocrx_word' id='word_1_426' title='bbox 2934 2905 3213 2975; x_wconf 88' lang='grc' dir='ltr'>δυνάμεις.</span> <span class='ocrx_word' id='word_1_427' title='bbox 3271 2905 3485 2976; x_wconf 72' lang='grc' dir='ltr'>Νοεραὶ</span> <span class='ocrx_word' id='word_1_428' title='bbox 3516 2908 3569 2959; x_wconf 81' lang='grc' dir='ltr'>αἱ</span> <span class='ocrx_word' id='word_1_429' title='bbox 3613 2904 3703 2971; x_wconf 65' lang='lat'><strong>&#39;3;-</strong></span> 
     </span>
    </p>
   </div>
   <div class='ocr_carea' id='block_1_57' title="bbox 2112 2996 3701 3069">
    <p class='ocr_par' dir='ltr' id='par_1_57' title="bbox 2112 2996 3701 3069">
     <span class='ocr_line' id='line_1_57' title="bbox 2112 2996 3701 3069; baseline -0.004 -18"><span class='ocrx_word' id='word_1_430' title='bbox 2112 2998 2325 3068; x_wconf 78' lang='grc' dir='ltr'>ειμέναι</span> <span class='ocrx_word' id='word_1_431' title='bbox 2358 2997 2466 3049; x_wconf 86' lang='grc' dir='ltr'><strong>τῶν</strong></span> <span class='ocrx_word' id='word_1_432' title='bbox 2493 2999 2633 3069; x_wconf 80' lang='grc' dir='ltr'>ὑπὲρ</span> <span class='ocrx_word' id='word_1_433' title='bbox 2664 2998 2854 3062; x_wconf 76' lang='grc' dir='ltr'>αὑτὰς,</span> <span class='ocrx_word' id='word_1_434' title='bbox 2889 2998 2981 3051; x_wconf 74' lang='grc' dir='ltr'><strong>καὶ</strong></span> <span class='ocrx_word' id='word_1_435' title='bbox 3025 2999 3197 3050; x_wconf 75' lang='grc' dir='ltr'>πᾶσαι</span> <span class='ocrx_word' id='word_1_436' title='bbox 3225 2996 3364 3049; x_wconf 75' lang='grc' dir='ltr'>Θεοῦ</span> <span class='ocrx_word' id='word_1_437' title='bbox 3392 3014 3404 3025; x_wconf 89' lang='grc'><strong>·</strong></span> <span class='ocrx_word' id='word_1_438' title='bbox 3441 2998 3626 3067; x_wconf 75' lang='grc' dir='ltr'>νοηταὶ</span> <span class='ocrx_word' id='word_1_439' title='bbox 3656 2997 3701 3046; x_wconf 73' lang='lat' dir='ltr'><strong>ai</strong></span> 
     </span>
    </p>
   </div>
   <div class='ocr_carea' id='block_1_58' title="bbox 413 3078 2005 3165">
    <p class='ocr_par' dir='ltr' id='par_1_58' title="bbox 413 3078 2001 3148">
     <span class='ocr_line' id='line_1_58' title="bbox 413 3078 2001 3148; baseline 0.001 -20"><span class='ocrx_word' id='word_1_440' title='bbox 413 3078 756 3146; x_wconf 81' lang='lat' dir='ltr'><strong>angelorum.</strong></span> <span class='ocrx_word' id='word_1_441' title='bbox 812 3078 1182 3148; x_wconf 73' lang='lat' dir='ltr'><strong>lniclligcntes</strong></span> <span class='ocrx_word' id='word_1_442' title='bbox 1229 3089 1357 3133; x_wconf 89' lang='lat' dir='ltr'><strong>sunt</strong></span> <span class='ocrx_word' id='word_1_443' title='bbox 1412 3078 1703 3132; x_wconf 79' lang='lat' dir='ltr'><strong>inferiores</strong></span> <span class='ocrx_word' id='word_1_444' title='bbox 1750 3085 2001 3144; x_wconf 89' lang='lat' dir='ltr'><strong>respectu</strong></span> 
     </span>
    </p>
   </div>
   <div class='ocr_carea' id='block_1_59' title="bbox 2189 3078 3696 3165">
    <p class='ocr_par' dir='ltr' id='par_1_59' title="bbox 2189 3092 3696 3165">
     <span class='ocr_line' id='line_1_59' title="bbox 2189 3092 3696 3165; baseline -0.003 -20"><span class='ocrx_word' id='word_1_445' title='bbox 2189 3092 2363 3165; x_wconf 86' lang='grc' dir='ltr'>εράνω</span> <span class='ocrx_word' id='word_1_446' title='bbox 2389 3093 2523 3163; x_wconf 80' lang='grc' dir='ltr'>πρὸς</span> <span class='ocrx_word' id='word_1_447' title='bbox 2540 3092 2637 3156; x_wconf 73' lang='grc' dir='ltr'><strong>τὰς</strong></span> <span class='ocrx_word' id='word_1_448' title='bbox 2665 3092 2963 3163; x_wconf 76' lang='grc' dir='ltr'>ὑφειμένας</span> <span class='ocrx_word' id='word_1_449' title='bbox 2982 3133 2995 3155; x_wconf 95' lang='grc'><strong>,</strong></span> <span class='ocrx_word' id='word_1_450' title='bbox 3038 3092 3131 3145; x_wconf 70' lang='grc' dir='ltr'><strong>καὶ</strong></span> <span class='ocrx_word' id='word_1_451' title='bbox 3165 3093 3341 3143; x_wconf 74' lang='grc' dir='ltr'>πᾶσαι</span> <span class='ocrx_word' id='word_1_452' title='bbox 3370 3092 3512 3162; x_wconf 68' lang='grc' dir='ltr'>πρὸς</span> <span class='ocrx_word' id='word_1_453' title='bbox 3539 3092 3696 3160; x_wconf 68' lang='grc' dir='ltr'>ἡμᾶς’</span> 
     </span>
    </p>
   </div>
   <div class='ocr_carea' id='block_1_60' title="bbox 412 3166 2002 3239">
    <p class='ocr_par' dir='ltr' id='par_1_60' title="bbox 412 3166 2002 3239">
     <span class='ocr_line' id='line_1_60' title="bbox 412 3166 2002 3239; baseline 0.002 -18"><span class='ocrx_word' id='word_1_454' title='bbox 412 3171 862 3238; x_wconf 80' lang='lat' dir='ltr'><strong>superiorum,et</strong></span> <span class='ocrx_word' id='word_1_455' title='bbox 910 3187 1100 3225; x_wconf 90' lang='lat' dir='ltr'><strong>omnes</strong></span> <span class='ocrx_word' id='word_1_456' title='bbox 1162 3181 1413 3239; x_wconf 87' lang='lat' dir='ltr'><strong>respectu</strong></span> <span class='ocrx_word' id='word_1_457' title='bbox 1475 3170 1565 3223; x_wconf 85' lang='lat' dir='ltr'><strong>Dei</strong></span> <span class='ocrx_word' id='word_1_458' title='bbox 1601 3187 1613 3222; x_wconf 93' lang='lat'>:</span> <span class='ocrx_word' id='word_1_459' title='bbox 1654 3166 2002 3225; x_wconf 72' lang='lat' dir='ltr'><strong>intellectiles</strong></span> 
     </span>
    </p>
   </div>
   <div class='ocr_carea' id='block_1_61' title="bbox 413 3260 2003 3329">
    <p class='ocr_par' dir='ltr' id='par_1_61' title="bbox 413 3260 2003 3329">
     <span class='ocr_line' id='line_1_61' title="bbox 413 3260 2003 3329; baseline 0.003 -18"><span class='ocrx_word' id='word_1_460' title='bbox 413 3271 537 3313; x_wconf 81' lang='lat' dir='ltr'><strong>sunt</strong></span> <span class='ocrx_word' id='word_1_461' title='bbox 576 3262 890 3328; x_wconf 87' lang='lat' dir='ltr'><strong>superiores</strong></span> <span class='ocrx_word' id='word_1_462' title='bbox 924 3271 1179 3329; x_wconf 89' lang='lat' dir='ltr'><strong>respectu</strong></span> <span class='ocrx_word' id='word_1_463' title='bbox 1214 3260 1563 3323; x_wconf 80' lang='lat' dir='ltr'><strong>inferiorum,</strong></span> <span class='ocrx_word' id='word_1_464' title='bbox 1604 3270 1657 3313; x_wconf 89' lang='lat' dir='ltr'><strong>et</strong></span> <span class='ocrx_word' id='word_1_465' title='bbox 1688 3274 1879 3315; x_wconf 89' lang='lat' dir='ltr'><strong>omnes</strong></span> <span class='ocrx_word' id='word_1_466' title='bbox 1910 3276 2003 3316; x_wconf 88' lang='lat' dir='ltr'><strong>re-</strong></span> 
     </span>
    </p>
   </div>
   <div class='ocr_carea' id='block_1_62' title="bbox 414 3349 2004 3419">
    <p class='ocr_par' dir='ltr' id='par_1_62' title="bbox 414 3349 2004 3419">
     <span class='ocr_line' id='line_1_62' title="bbox 414 3349 2004 3419; baseline 0.003 -20"><span class='ocrx_word' id='word_1_467' title='bbox 414 3358 601 3416; x_wconf 79' lang='lat' dir='ltr'><strong>spectu</strong></span> <span class='ocrx_word' id='word_1_468' title='bbox 634 3350 807 3402; x_wconf 91' lang='lat' dir='ltr'><strong>nostri</strong></span> <span class='ocrx_word' id='word_1_469' title='bbox 838 3368 851 3414; x_wconf 89' lang='lat'><strong>;</strong></span> <span class='ocrx_word' id='word_1_470' title='bbox 884 3366 982 3403; x_wconf 87' lang='lat' dir='ltr'><strong>nos</strong></span> <span class='ocrx_word' id='word_1_471' title='bbox 1002 3351 1147 3405; x_wconf 86' lang='lat' dir='ltr'><strong>enim</strong></span> <span class='ocrx_word' id='word_1_472' title='bbox 1181 3349 1446 3401; x_wconf 75' lang='lat' dir='ltr'><strong>duntaxat</strong></span> <span class='ocrx_word' id='word_1_473' title='bbox 1477 3364 1668 3403; x_wconf 91' lang='lat' dir='ltr'><strong>sumus</strong></span> <span class='ocrx_word' id='word_1_474' title='bbox 1695 3349 2004 3419; x_wconf 80' lang='lat' dir='ltr'><strong>intelligen-</strong></span> 
     </span>
    </p>
   </div>
   <div class='ocr_carea' id='block_1_63' title="bbox 416 3438 2005 3508">
    <p class='ocr_par' dir='ltr' id='par_1_63' title="bbox 416 3438 2005 3508">
     <span class='ocr_line' id='line_1_63' title="bbox 416 3438 2005 3508; baseline 0.001 -16"><span class='ocrx_word' id='word_1_475' title='bbox 416 3449 520 3501; x_wconf 87' lang='lat' dir='ltr'><strong>tes,</strong></span> <span class='ocrx_word' id='word_1_476' title='bbox 549 3439 677 3508; x_wconf 90' lang='lat' dir='ltr'><strong>quia</strong></span> <span class='ocrx_word' id='word_1_477' title='bbox 726 3455 831 3493; x_wconf 90' lang='lat' dir='ltr'><strong>non</strong></span> <span class='ocrx_word' id='word_1_478' title='bbox 891 3440 1152 3493; x_wconf 81' lang='lat' dir='ltr'><strong>habemus</strong></span> <span class='ocrx_word' id='word_1_479' title='bbox 1194 3439 1357 3492; x_wconf 89' lang='lat' dir='ltr'><strong>aliam</strong></span> <span class='ocrx_word' id='word_1_480' title='bbox 1410 3438 1822 3508; x_wconf 85' lang='lat' dir='ltr'><strong>intelligentiam</strong></span> <span class='ocrx_word' id='word_1_481' title='bbox 1865 3440 2005 3495; x_wconf 83' lang='lat' dir='ltr'><strong>infe-</strong></span> 
     </span>
    </p>
   </div>
   <div class='ocr_carea' id='block_1_64' title="bbox 415 3530 2006 3600">
    <p class='ocr_par' dir='ltr' id='par_1_64' title="bbox 415 3530 2006 3600">
     <span class='ocr_line' id='line_1_64' title="bbox 415 3530 2006 3600; baseline 0.001 -16"><span class='ocrx_word' id='word_1_482' title='bbox 415 3532 614 3584; x_wconf 90' lang='lat' dir='ltr'><strong>riorem</strong></span> <span class='ocrx_word' id='word_1_483' title='bbox 649 3544 747 3599; x_wconf 89' lang='lat' dir='ltr'><strong>per</strong></span> <span class='ocrx_word' id='word_1_484' title='bbox 776 3546 937 3600; x_wconf 89' lang='lat' dir='ltr'><strong>quam</strong></span> <span class='ocrx_word' id='word_1_485' title='bbox 973 3530 1639 3600; x_wconf 78' lang='lat' dir='ltr'><strong>intelligamur,siquidem</strong></span> <span class='ocrx_word' id='word_1_486' title='bbox 1674 3530 2006 3599; x_wconf 57' lang='lat' dir='ltr'><strong>animmque:</strong></span> 
     </span>
    </p>
   </div>
   <div class='ocr_carea' id='block_1_65' title="bbox 418 3619 2004 3692">
    <p class='ocr_par' dir='ltr' id='par_1_65' title="bbox 418 3619 2004 3692">
     <span class='ocr_line' id='line_1_65' title="bbox 418 3619 2004 3692; baseline -0.001 -15"><span class='ocrx_word' id='word_1_487' title='bbox 418 3638 516 3678; x_wconf 90' lang='lat' dir='ltr'><strong>nos</strong></span> <span class='ocrx_word' id='word_1_488' title='bbox 542 3624 811 3692; x_wconf 87' lang='lat' dir='ltr'><strong>sequitur,</strong></span> <span class='ocrx_word' id='word_1_489' title='bbox 849 3623 1187 3677; x_wconf 81' lang='lat' dir='ltr'><strong>irrationalis</strong></span> <span class='ocrx_word' id='word_1_490' title='bbox 1214 3634 1297 3677; x_wconf 85' lang='lat' dir='ltr'><strong>est</strong></span> <span class='ocrx_word' id='word_1_491' title='bbox 1326 3634 1383 3677; x_wconf 89' lang='lat' dir='ltr'><strong>et</strong></span> <span class='ocrx_word' id='word_1_492' title='bbox 1419 3622 1617 3677; x_wconf 90' lang='lat' dir='ltr'><strong>mentis</strong></span> <span class='ocrx_word' id='word_1_493' title='bbox 1647 3636 1867 3691; x_wconf 77' lang='lat' dir='ltr'><strong>expers.</strong></span> <span class='ocrx_word' id='word_1_494' title='bbox 1894 3619 2004 3675; x_wconf 78' lang='lat' dir='ltr'><strong>lia-</strong></span> 
     </span>
    </p>
   </div>
   <div class='ocr_carea' id='block_1_66' title="bbox 419 3714 2003 3785">
    <p class='ocr_par' dir='ltr' id='par_1_66' title="bbox 419 3714 2003 3785">
     <span class='ocr_line' id='line_1_66' title="bbox 419 3714 2003 3785; baseline -0.001 -16"><span class='ocrx_word' id='word_1_495' title='bbox 419 3718 548 3769; x_wconf 87' lang='lat' dir='ltr'><strong>bcnt</strong></span> <span class='ocrx_word' id='word_1_496' title='bbox 592 3716 779 3785; x_wconf 89' lang='lat' dir='ltr'><strong>itaque</strong></span> <span class='ocrx_word' id='word_1_497' title='bbox 804 3716 1061 3771; x_wconf 72' lang='lat' dir='ltr'><strong>cmlestes</strong></span> <span class='ocrx_word' id='word_1_498' title='bbox 1084 3716 1329 3772; x_wconf 79' lang='lat' dir='ltr'><strong>Virtutes</strong></span> <span class='ocrx_word' id='word_1_499' title='bbox 1365 3714 1773 3770; x_wconf 87' lang='lat' dir='ltr'><strong>intellectiones</strong></span> <span class='ocrx_word' id='word_1_500' title='bbox 1813 3730 1921 3769; x_wconf 91' lang='lat' dir='ltr'><strong>non</strong></span> <span class='ocrx_word' id='word_1_501' title='bbox 1951 3714 2003 3769; x_wconf 94' lang='lat' dir='ltr'><strong>in</strong></span> 
     </span>
    </p>
   </div>
   <div class='ocr_carea' id='block_1_67' title="bbox 416 3812 2006 3877">
    <p class='ocr_par' dir='ltr' id='par_1_67' title="bbox 416 3812 2006 3877">
     <span class='ocr_line' id='line_1_67' title="bbox 416 3812 2006 3877; baseline -0.001 -10"><span class='ocrx_word' id='word_1_502' title='bbox 416 3813 796 3877; x_wconf 73' lang='lat' dir='ltr'><strong>divisibilibus,</strong></span> <span class='ocrx_word' id='word_1_503' title='bbox 832 3829 930 3867; x_wconf 84' lang='lat' dir='ltr'><strong>nos</strong></span> <span class='ocrx_word' id='word_1_504' title='bbox 980 3822 1161 3869; x_wconf 86' lang='lat' dir='ltr'><strong>autem</strong></span> <span class='ocrx_word' id='word_1_505' title='bbox 1216 3814 1269 3867; x_wconf 93' lang='lat' dir='ltr'><strong>in</strong></span> <span class='ocrx_word' id='word_1_506' title='bbox 1319 3812 1685 3868; x_wconf 85' lang='lat' dir='ltr'><strong>divisibilibns</strong></span> <span class='ocrx_word' id='word_1_507' title='bbox 1744 3828 2006 3867; x_wconf 86' lang='lat' dir='ltr'><strong>sensuum</strong></span> 
     </span>
    </p>
   </div>
   <div class='ocr_carea' id='block_1_68' title="bbox 417 3906 2003 3977">
    <p class='ocr_par' dir='ltr' id='par_1_68' title="bbox 417 3906 2003 3977">
     <span class='ocr_line' id='line_1_68' title="bbox 417 3906 2003 3977; baseline 0.002 -19"><span class='ocrx_word' id='word_1_508' title='bbox 417 3906 819 3961; x_wconf 85' lang='lat' dir='ltr'><strong>instrumentis.</strong></span> <span class='ocrx_word' id='word_1_509' title='bbox 864 3906 1023 3962; x_wconf 82' lang='lat' dir='ltr'><strong>Aliud</strong></span> <span class='ocrx_word' id='word_1_510' title='bbox 1080 3910 1227 3962; x_wconf 89' lang='lat' dir='ltr'><strong>enim</strong></span> <span class='ocrx_word' id='word_1_511' title='bbox 1253 3908 1492 3977; x_wconf 87' lang='lat' dir='ltr'><strong>auditus,</strong></span> <span class='ocrx_word' id='word_1_512' title='bbox 1548 3916 1602 3961; x_wconf 91' lang='lat' dir='ltr'><strong>et</strong></span> <span class='ocrx_word' id='word_1_513' title='bbox 1629 3906 1776 3961; x_wconf 90' lang='lat' dir='ltr'><strong>aliud</strong></span> <span class='ocrx_word' id='word_1_514' title='bbox 1831 3909 2003 3971; x_wconf 85' lang='lat' dir='ltr'><strong>visus,</strong></span> 
     </span>
    </p>
   </div>
   <div class='ocr_carea' id='block_1_69' title="bbox 417 4000 2011 4058">
    <p class='ocr_par' dir='ltr' id='par_1_69' title="bbox 417 4000 2011 4058">
     <span class='ocr_line' id='line_1_69' title="bbox 417 4000 2011 4058; baseline 0.003 -7"><span class='ocrx_word' id='word_1_515' title='bbox 417 4007 471 4051; x_wconf 90' lang='lat' dir='ltr'><strong>ct</strong></span> <span class='ocrx_word' id='word_1_516' title='bbox 514 4000 593 4054; x_wconf 91' lang='lat' dir='ltr'><strong>sic</strong></span> <span class='ocrx_word' id='word_1_517' title='bbox 627 4000 691 4055; x_wconf 88' lang='lat' dir='ltr'><strong>de</strong></span> <span class='ocrx_word' id='word_1_518' title='bbox 727 4000 873 4055; x_wconf 85' lang='lat' dir='ltr'><strong>aliis.</strong></span> <span class='ocrx_word' id='word_1_519' title='bbox 909 4001 972 4054; x_wconf 87' lang='lat' dir='ltr'><strong>Et</strong></span> <span class='ocrx_word' id='word_1_520' title='bbox 997 4003 1065 4058; x_wconf 90' lang='lat' dir='ltr'><strong>ab</strong></span> <span class='ocrx_word' id='word_1_521' title='bbox 1098 4002 1180 4056; x_wconf 91' lang='lat' dir='ltr'><strong>his</strong></span> <span class='ocrx_word' id='word_1_522' title='bbox 1204 4000 1568 4056; x_wconf 87' lang='lat' dir='ltr'><strong>divisibilibus</strong></span> <span class='ocrx_word' id='word_1_523' title='bbox 1598 4001 1892 4057; x_wconf 91' lang='lat' dir='ltr'><strong>sensilibus</strong></span> <span class='ocrx_word' id='word_1_524' title='bbox 1930 4015 2011 4055; x_wconf 89' lang='lat' dir='ltr'><strong>re-</strong></span> 
     </span>
    </p>
   </div>
   <div class='ocr_carea' id='block_1_70' title="bbox 421 4092 2008 4165">
    <p class='ocr_par' dir='ltr' id='par_1_70' title="bbox 421 4092 2008 4165">
     <span class='ocr_line' id='line_1_70' title="bbox 421 4092 2008 4165; baseline 0.004 -23"><span class='ocrx_word' id='word_1_525' title='bbox 421 4105 548 4161; x_wconf 37' lang='lat' dir='ltr'><strong>rum.</strong></span> <span class='ocrx_word' id='word_1_526' title='bbox 592 4092 963 4162; x_wconf 79' lang='lat' dir='ltr'><strong>cognitionem</strong></span> <span class='ocrx_word' id='word_1_527' title='bbox 1027 4094 1339 4165; x_wconf 80' lang='lat' dir='ltr'><strong>recipimus,</strong></span> <span class='ocrx_word' id='word_1_528' title='bbox 1397 4101 1492 4148; x_wconf 90' lang='lat' dir='ltr'><strong>aut</strong></span> <span class='ocrx_word' id='word_1_529' title='bbox 1540 4092 1594 4147; x_wconf 91' lang='lat' dir='ltr'><strong>in</strong></span> <span class='ocrx_word' id='word_1_530' title='bbox 1651 4093 2008 4149; x_wconf 88' lang='lat' dir='ltr'><strong>divisibilibus</strong></span> 
     </span>
    </p>
   </div>
   <div class='ocr_carea' id='block_1_71' title="bbox 417 4182 2006 4255">
    <p class='ocr_par' dir='ltr' id='par_1_71' title="bbox 417 4182 2006 4255">
     <span class='ocr_line' id='line_1_71' title="bbox 417 4182 2006 4255; baseline 0.005 -24"><span class='ocrx_word' id='word_1_531' title='bbox 417 4182 631 4250; x_wconf 85' lang='lat' dir='ltr'><strong>quidem</strong></span> <span class='ocrx_word' id='word_1_532' title='bbox 665 4198 730 4236; x_wconf 80' lang='lat' dir='ltr'><strong>ex</strong></span> <span class='ocrx_word' id='word_1_533' title='bbox 776 4192 929 4252; x_wconf 87' lang='lat' dir='ltr'><strong>parte</strong></span> <span class='ocrx_word' id='word_1_534' title='bbox 953 4184 1401 4255; x_wconf 85' lang='lat' dir='ltr'><strong>cogitationibus,</strong></span> <span class='ocrx_word' id='word_1_535' title='bbox 1436 4186 1531 4241; x_wconf 89' lang='lat' dir='ltr'><strong>sed</strong></span> <span class='ocrx_word' id='word_1_536' title='bbox 1569 4200 1599 4239; x_wconf 90' lang='lat' dir='ltr'><strong>a</strong></span> <span class='ocrx_word' id='word_1_537' title='bbox 1635 4185 2006 4241; x_wconf 87' lang='lat' dir='ltr'><strong>divisibilibus</strong></span> 
     </span>
    </p>
   </div>
   <div class='ocr_carea' id='block_1_72' title="bbox 419 4273 2005 4347">
    <p class='ocr_par' dir='ltr' id='par_1_72' title="bbox 419 4273 2005 4347">
     <span class='ocr_line' id='line_1_72' title="bbox 419 4273 2005 4347; baseline 0.008 -23"><span class='ocrx_word' id='word_1_538' title='bbox 419 4273 721 4342; x_wconf 78' lang='lat' dir='ltr'><strong>diSciplitiis</strong></span> <span class='ocrx_word' id='word_1_539' title='bbox 777 4289 873 4328; x_wconf 90' lang='lat' dir='ltr'><strong>seu</strong></span> <span class='ocrx_word' id='word_1_540' title='bbox 926 4274 1233 4332; x_wconf 88' lang='lat' dir='ltr'><strong>intellectus</strong></span> <span class='ocrx_word' id='word_1_541' title='bbox 1269 4277 1541 4347; x_wconf 86' lang='lat' dir='ltr'><strong>objectis;</strong></span> <span class='ocrx_word' id='word_1_542' title='bbox 1577 4276 1682 4333; x_wconf 90' lang='lat' dir='ltr'><strong>hoc</strong></span> <span class='ocrx_word' id='word_1_543' title='bbox 1708 4278 1853 4334; x_wconf 90' lang='lat' dir='ltr'><strong>enim</strong></span> <span class='ocrx_word' id='word_1_544' title='bbox 1882 4286 2005 4337; x_wconf 62' lang='lat' dir='ltr'><strong>est,</strong></span> 
     </span>
    </p>
   </div>
   <div class='ocr_carea' id='block_1_73' title="bbox 417 4352 2008 4444">
    <p class='ocr_par' dir='ltr' id='par_1_73' title="bbox 417 4352 2008 4444">
     <span class='ocr_line' id='line_1_73' title="bbox 417 4352 2008 4444; baseline 0.008 -29"><span class='ocrx_word' id='word_1_545' title='bbox 417 4380 510 4431; x_wconf 74' lang='lat' dir='ltr'><strong>per</strong></span> <span class='ocrx_word' id='word_1_546' title='bbox 530 4365 910 4434; x_wconf 77' lang='lat' dir='ltr'><strong>divagaliones.</strong></span> <span class='ocrx_word' id='word_1_547' title='bbox 958 4365 1075 4422; x_wconf 81' lang='lat' dir='ltr'><strong>Non</strong></span> <span class='ocrx_word' id='word_1_548' title='bbox 1105 4370 1249 4424; x_wconf 91' lang='lat' dir='ltr'><strong>enim</strong></span> <span class='ocrx_word' id='word_1_549' title='bbox 1284 4369 1446 4425; x_wconf 88' lang='lat' dir='ltr'><strong>simul</strong></span> <span class='ocrx_word' id='word_1_550' title='bbox 1478 4371 1796 4440; x_wconf 82' lang='lat' dir='ltr'><strong>disciplinas</strong></span> <span class='ocrx_word' id='word_1_551' title='bbox 1827 4352 2008 4444; x_wconf 37' lang='lat' dir='ltr'><strong>perci—</strong></span> 
     </span>
    </p>
   </div>
   <div class='ocr_carea' id='block_1_74' title="bbox 2110 3182 3699 3257">
    <p class='ocr_par' dir='ltr' id='par_1_74' title="bbox 2110 3182 3699 3257">
     <span class='ocr_line' id='line_1_74' title="bbox 2110 3182 3699 3257; baseline -0.006 -18"><span class='ocrx_word' id='word_1_552' title='bbox 2110 3187 2268 3257; x_wconf 82' lang='grc' dir='ltr'>ήμεῖς</span> <span class='ocrx_word' id='word_1_553' title='bbox 2290 3185 2399 3256; x_wconf 80' lang='grc' dir='ltr'>γὰρ</span> <span class='ocrx_word' id='word_1_554' title='bbox 2417 3188 2591 3257; x_wconf 75' lang='grc' dir='ltr'>νοεροὶ</span> <span class='ocrx_word' id='word_1_555' title='bbox 2616 3186 2773 3256; x_wconf 86' lang='grc' dir='ltr'>μόνον</span> <span class='ocrx_word' id='word_1_556' title='bbox 2798 3184 2983 3255; x_wconf 79' lang='grc' dir='ltr'>ἐσμέν·</span> <span class='ocrx_word' id='word_1_557' title='bbox 3020 3184 3139 3237; x_wconf 80' lang='grc' dir='ltr'>οὐδὲ</span> <span class='ocrx_word' id='word_1_558' title='bbox 3170 3182 3282 3253; x_wconf 77' lang='grc' dir='ltr'><strong>γὰρ</strong></span> <span class='ocrx_word' id='word_1_559' title='bbox 3299 3183 3507 3253; x_wconf 76' lang='grc' dir='ltr'>ἔχομεν</span> <span class='ocrx_word' id='word_1_560' title='bbox 3524 3182 3699 3250; x_wconf 77' lang='grc' dir='ltr'>ἑτέραν</span> 
     </span>
    </p>
   </div>
   <div class='ocr_carea' id='block_1_75' title="bbox 2109 3272 3698 3351">
    <p class='ocr_par' dir='ltr' id='par_1_75' title="bbox 2109 3272 3698 3351">
     <span class='ocr_line' id='line_1_75' title="bbox 2109 3272 3698 3351; baseline -0.004 -18"><span class='ocrx_word' id='word_1_561' title='bbox 2109 3280 2264 3350; x_wconf 81' lang='grc' dir='ltr'>ἡμῶν</span> <span class='ocrx_word' id='word_1_562' title='bbox 2312 3280 2629 3351; x_wconf 80' lang='grc' dir='ltr'>κατωτέραν</span> <span class='ocrx_word' id='word_1_563' title='bbox 2682 3280 2887 3350; x_wconf 86' lang='grc' dir='ltr'>νόησιν,</span> <span class='ocrx_word' id='word_1_564' title='bbox 2925 3279 2993 3330; x_wconf 85' lang='grc' dir='ltr'><strong>δι’</strong></span> <span class='ocrx_word' id='word_1_565' title='bbox 3050 3272 3117 3347; x_wconf 80' lang='grc' dir='ltr'>ἦς</span> <span class='ocrx_word' id='word_1_566' title='bbox 3158 3275 3227 3329; x_wconf 86' lang='grc' dir='ltr'>ἂν</span> <span class='ocrx_word' id='word_1_567' title='bbox 3279 3274 3698 3345; x_wconf 75' lang='grc' dir='ltr'>νοηθείημεν·ή</span> 
     </span>
    </p>
   </div>
   <div class='ocr_carea' id='block_1_76' title="bbox 2109 3369 3697 3443">
    <p class='ocr_par' dir='ltr' id='par_1_76' title="bbox 2109 3369 3697 3443">
     <span class='ocr_line' id='line_1_76' title="bbox 2109 3369 3697 3443; baseline -0.005 -18"><span class='ocrx_word' id='word_1_568' title='bbox 2109 3372 2301 3441; x_wconf 82' lang='grc' dir='ltr'>ἄλογος</span> <span class='ocrx_word' id='word_1_569' title='bbox 2351 3372 2460 3443; x_wconf 78' lang='grc' dir='ltr'>γὰρ</span> <span class='ocrx_word' id='word_1_570' title='bbox 2492 3373 2588 3425; x_wconf 76' lang='grc' dir='ltr'><strong>καὶ</strong></span> <span class='ocrx_word' id='word_1_571' title='bbox 2637 3374 2670 3443; x_wconf 87' lang='grc' dir='ltr'>ἡ</span> <span class='ocrx_word' id='word_1_572' title='bbox 2714 3371 2874 3434; x_wconf 81' lang='grc' dir='ltr'>ἄνους</span> <span class='ocrx_word' id='word_1_573' title='bbox 2903 3370 3050 3440; x_wconf 77' lang='grc' dir='ltr'>ψυχὴ</span> <span class='ocrx_word' id='word_1_574' title='bbox 3092 3369 3215 3422; x_wconf 86' lang='grc' dir='ltr'>καθ’</span> <span class='ocrx_word' id='word_1_575' title='bbox 3266 3370 3446 3439; x_wconf 76' lang='grc' dir='ltr'>ἡμᾶς.</span> <span class='ocrx_word' id='word_1_576' title='bbox 3495 3369 3697 3436; x_wconf 79' lang='grc' dir='ltr'>Ἔχουσι</span> 
     </span>
    </p>
   </div>
   <div class='ocr_carea' id='block_1_77' title="bbox 2108 3460 3695 3532">
    <p class='ocr_par' dir='ltr' id='par_1_77' title="bbox 2108 3460 3695 3532">
     <span class='ocr_line' id='line_1_77' title="bbox 2108 3460 3695 3532; baseline -0.002 -20"><span class='ocrx_word' id='word_1_577' title='bbox 2108 3460 2237 3528; x_wconf 73' lang='grc' dir='ltr'>γοῦν</span> <span class='ocrx_word' id='word_1_578' title='bbox 2266 3464 2320 3513; x_wconf 87' lang='grc' dir='ltr'>αἱ</span> <span class='ocrx_word' id='word_1_579' title='bbox 2354 3462 2599 3532; x_wconf 73' lang='grc' dir='ltr'>οὐράνιαι</span> <span class='ocrx_word' id='word_1_580' title='bbox 2622 3461 2878 3531; x_wconf 88' lang='grc' dir='ltr'>δυνάμεις</span> <span class='ocrx_word' id='word_1_581' title='bbox 2924 3460 3023 3523; x_wconf 69' lang='grc' dir='ltr'>τὰς</span> <span class='ocrx_word' id='word_1_582' title='bbox 3054 3461 3275 3530; x_wconf 84' lang='grc' dir='ltr'>νοήσεις</span> <span class='ocrx_word' id='word_1_583' title='bbox 3314 3460 3422 3511; x_wconf 73' lang='grc' dir='ltr'><strong>οὐκ</strong></span> <span class='ocrx_word' id='word_1_584' title='bbox 3468 3462 3525 3511; x_wconf 82' lang='grc' dir='ltr'><strong>ἐν</strong></span> <span class='ocrx_word' id='word_1_585' title='bbox 3558 3474 3695 3528; x_wconf 84' lang='grc' dir='ltr'>μερι-</span> 
     </span>
    </p>
   </div>
   <div class='ocr_carea' id='block_1_78' title="bbox 2112 3548 3693 3623">
    <p class='ocr_par' dir='ltr' id='par_1_78' title="bbox 2112 3548 3693 3623">
     <span class='ocr_line' id='line_1_78' title="bbox 2112 3548 3693 3623; baseline -0.001 -22"><span class='ocrx_word' id='word_1_586' title='bbox 2112 3553 2293 3612; x_wconf 82' lang='grc' dir='ltr'>στοῖς’</span> <span class='ocrx_word' id='word_1_587' title='bbox 2325 3552 2487 3621; x_wconf 82' lang='grc' dir='ltr'>ἡμεῖς</span> <span class='ocrx_word' id='word_1_588' title='bbox 2540 3550 2651 3623; x_wconf 79' lang='grc' dir='ltr'><strong>γάρ</strong></span> <span class='ocrx_word' id='word_1_589' title='bbox 2708 3553 2765 3603; x_wconf 85' lang='grc' dir='ltr'><strong>ὲν</strong></span> <span class='ocrx_word' id='word_1_590' title='bbox 2812 3552 3089 3621; x_wconf 83' lang='grc' dir='ltr'>μεριστοίς</span> <span class='ocrx_word' id='word_1_591' title='bbox 3129 3553 3246 3611; x_wconf 81' lang='grc' dir='ltr'>τοῖς</span> <span class='ocrx_word' id='word_1_592' title='bbox 3293 3548 3693 3619; x_wconf 79' lang='grc' dir='ltr'>αἰσθητηρίοις·</span> 
     </span>
    </p>
   </div>
   <div class='ocr_carea' id='block_1_79' title="bbox 2111 3640 3693 3713">
    <p class='ocr_par' dir='ltr' id='par_1_79' title="bbox 2111 3640 3693 3713">
     <span class='ocr_line' id='line_1_79' title="bbox 2111 3640 3693 3713; baseline -0.002 -19"><span class='ocrx_word' id='word_1_593' title='bbox 2111 3642 2238 3694; x_wconf 83' lang='grc' dir='ltr'>ἄλλο</span> <span class='ocrx_word' id='word_1_594' title='bbox 2265 3642 2373 3713; x_wconf 79' lang='grc' dir='ltr'><strong>γὰρ</strong></span> <span class='ocrx_word' id='word_1_595' title='bbox 2398 3641 2552 3712; x_wconf 75' lang='grc' dir='ltr'>ἀκοὴ.</span> <span class='ocrx_word' id='word_1_596' title='bbox 2577 3644 2671 3694; x_wconf 79' lang='grc' dir='ltr'><strong>καὶ</strong></span> <span class='ocrx_word' id='word_1_597' title='bbox 2700 3642 2891 3713; x_wconf 72' lang='grc' dir='ltr'>ἕτερον</span> <span class='ocrx_word' id='word_1_598' title='bbox 2915 3641 3056 3711; x_wconf 66' lang='grc' dir='ltr'>ὄψις,</span> <span class='ocrx_word' id='word_1_599' title='bbox 3092 3642 3187 3694; x_wconf 70' lang='grc' dir='ltr'><strong>καὶ</strong></span> <span class='ocrx_word' id='word_1_600' title='bbox 3217 3640 3289 3693; x_wconf 71' lang='grc' dir='ltr'>τὰ</span> <span class='ocrx_word' id='word_1_601' title='bbox 3320 3641 3463 3694; x_wconf 82' lang='grc' dir='ltr'>ἄλλα</span> <span class='ocrx_word' id='word_1_602' title='bbox 3491 3641 3693 3712; x_wconf 81' lang='grc' dir='ltr'>ὁμοίως.</span> 
     </span>
    </p>
   </div>
   <div class='ocr_carea' id='block_1_80' title="bbox 2111 3733 3695 3807">
    <p class='ocr_par' dir='ltr' id='par_1_80' title="bbox 2111 3733 3695 3807">
     <span class='ocr_line' id='line_1_80' title="bbox 2111 3733 3695 3807; baseline -0.001 -21"><span class='ocrx_word' id='word_1_603' title='bbox 2111 3734 2220 3786; x_wconf 73' lang='grc' dir='ltr'>Καὶ</span> <span class='ocrx_word' id='word_1_604' title='bbox 2259 3735 2369 3787; x_wconf 86' lang='grc' dir='ltr'><strong>ἀπὸ</strong></span> <span class='ocrx_word' id='word_1_605' title='bbox 2418 3737 2690 3807; x_wconf 79' lang='grc' dir='ltr'>μεριστῶν</span> <span class='ocrx_word' id='word_1_606' title='bbox 2740 3736 2847 3789; x_wconf 87' lang='grc' dir='ltr'><strong>τῶν</strong></span> <span class='ocrx_word' id='word_1_607' title='bbox 2900 3734 3021 3788; x_wconf 75' lang='grc' dir='ltr'>κατ’</span> <span class='ocrx_word' id='word_1_608' title='bbox 3070 3733 3212 3787; x_wconf 73' lang='grc' dir='ltr'>αὐτὰ</span> <span class='ocrx_word' id='word_1_609' title='bbox 3263 3734 3575 3805; x_wconf 88' lang='grc' dir='ltr'>αἰσθητῶν,</span> <span class='ocrx_word' id='word_1_610' title='bbox 3610 3734 3695 3803; x_wconf 70' lang='grc' dir='ltr'><strong>τὴν</strong></span> 
     </span>
    </p>
   </div>
   <div class='ocr_carea' id='block_1_81' title="bbox 2109 3827 3692 3899">
    <p class='ocr_par' dir='ltr' id='par_1_81' title="bbox 2109 3827 3692 3899">
     <span class='ocr_line' id='line_1_81' title="bbox 2109 3827 3692 3899; baseline 0.001 -20"><span class='ocrx_word' id='word_1_611' title='bbox 2109 3828 2217 3879; x_wconf 90' lang='grc' dir='ltr'><strong>τῶν</strong></span> <span class='ocrx_word' id='word_1_612' title='bbox 2247 3828 2385 3881; x_wconf 82' lang='grc' dir='ltr'>ὅλων</span> <span class='ocrx_word' id='word_1_613' title='bbox 2413 3829 2612 3897; x_wconf 90' lang='grc' dir='ltr'>γνῶσιν</span> <span class='ocrx_word' id='word_1_614' title='bbox 2632 3827 3161 3899; x_wconf 76' lang='grc' dir='ltr'>άναλαμὸάνομεν,ῆ</span> <span class='ocrx_word' id='word_1_615' title='bbox 3187 3829 3247 3879; x_wconf 84' lang='grc' dir='ltr'><strong>ὲν</strong></span> <span class='ocrx_word' id='word_1_616' title='bbox 3276 3830 3561 3898; x_wconf 71' lang='grc' dir='ltr'>μεριστοῇ</span> <span class='ocrx_word' id='word_1_617' title='bbox 3588 3827 3692 3895; x_wconf 79' lang='grc' dir='ltr'>μὲν,</span> 
     </span>
    </p>
   </div>
   <div class='ocr_carea' id='block_1_82' title="bbox 2108 3915 3693 3991">
    <p class='ocr_par' dir='ltr' id='par_1_82' title="bbox 2108 3915 3693 3991">
     <span class='ocr_line' id='line_1_82' title="bbox 2108 3915 3693 3991; baseline -0.004 -20"><span class='ocrx_word' id='word_1_618' title='bbox 2108 3921 2220 3981; x_wconf 83' lang='grc' dir='ltr'>τοῖς</span> <span class='ocrx_word' id='word_1_619' title='bbox 2246 3918 2385 3972; x_wconf 79' lang='grc' dir='ltr'>κατὰ</span> <span class='ocrx_word' id='word_1_620' title='bbox 2417 3919 2580 3991; x_wconf 78' lang='grc' dir='ltr'>μέρος</span> <span class='ocrx_word' id='word_1_621' title='bbox 2626 3920 2912 3991; x_wconf 78' lang='grc' dir='ltr'>νοήμασιν,</span> <span class='ocrx_word' id='word_1_622' title='bbox 2968 3918 3078 3971; x_wconf 85' lang='grc' dir='ltr'>ἀπὸ</span> <span class='ocrx_word' id='word_1_623' title='bbox 3129 3918 3412 3988; x_wconf 83' lang='grc' dir='ltr'>μεριστῶν</span> <span class='ocrx_word' id='word_1_624' title='bbox 3470 3919 3547 3980; x_wconf 84' lang='grc' dir='ltr'><strong>δὲ,</strong></span> <span class='ocrx_word' id='word_1_625' title='bbox 3599 3915 3693 3967; x_wconf 83' lang='grc' dir='ltr'><strong>τῶν</strong></span> 
     </span>
    </p>
   </div>
   <div class='ocr_carea' id='block_1_83' title="bbox 2114 4008 3695 4083">
    <p class='ocr_par' dir='ltr' id='par_1_83' title="bbox 2114 4008 3695 4083">
     <span class='ocr_line' id='line_1_83' title="bbox 2114 4008 3695 4083; baseline -0.003 -18"><span class='ocrx_word' id='word_1_626' title='bbox 2114 4012 2401 4083; x_wconf 80' lang='grc' dir='ltr'>μαθήσεων</span> <span class='ocrx_word' id='word_1_627' title='bbox 2433 4013 2551 4082; x_wconf 72' lang='grc' dir='ltr'>ἦτοι</span> <span class='ocrx_word' id='word_1_628' title='bbox 2576 4012 2682 4065; x_wconf 88' lang='grc' dir='ltr'><strong>τῶν</strong></span> <span class='ocrx_word' id='word_1_629' title='bbox 2698 4011 3021 4082; x_wconf 80' lang='grc' dir='ltr'>νοουμένων·</span> <span class='ocrx_word' id='word_1_630' title='bbox 3040 4009 3198 4063; x_wconf 75' lang='grc' dir='ltr'>τοῦτο</span> <span class='ocrx_word' id='word_1_631' title='bbox 3219 4011 3333 4081; x_wconf 84' lang='grc' dir='ltr'><strong>γάρ</strong></span> <span class='ocrx_word' id='word_1_632' title='bbox 3352 4012 3473 4063; x_wconf 79' lang='grc' dir='ltr'>ἐστι</span> <span class='ocrx_word' id='word_1_633' title='bbox 3489 4011 3549 4062; x_wconf 81' lang='grc' dir='ltr'><strong>τὸ</strong></span> <span class='ocrx_word' id='word_1_634' title='bbox 3565 4008 3695 4070; x_wconf 78' lang='grc' dir='ltr'>διεξ-</span> 
     </span>
    </p>
   </div>
   <div class='ocr_carea' id='block_1_84' title="bbox 2111 4101 3693 4175">
    <p class='ocr_par' dir='ltr' id='par_1_84' title="bbox 2111 4101 3693 4175">
     <span class='ocr_line' id='line_1_84' title="bbox 2111 4101 3693 4175; baseline -0.004 -16"><span class='ocrx_word' id='word_1_635' title='bbox 2111 4104 2347 4159; x_wconf 78' lang='grc' dir='ltr'>οδικῶν.</span> <span class='ocrx_word' id='word_1_636' title='bbox 2392 4105 2503 4175; x_wconf 77' lang='grc' dir='ltr'><strong>Οὐχ</strong></span> <span class='ocrx_word' id='word_1_637' title='bbox 2533 4105 2649 4175; x_wconf 77' lang='grc' dir='ltr'><strong>ἅμα</strong></span> <span class='ocrx_word' id='word_1_638' title='bbox 2668 4104 2776 4175; x_wconf 80' lang='grc' dir='ltr'><strong>γὰρ</strong></span> <span class='ocrx_word' id='word_1_639' title='bbox 2797 4104 2895 4167; x_wconf 79' lang='grc' dir='ltr'>τὰς</span> <span class='ocrx_word' id='word_1_640' title='bbox 2934 4104 3202 4174; x_wconf 82' lang='grc' dir='ltr'>μαθήσεις</span> <span class='ocrx_word' id='word_1_641' title='bbox 3230 4101 3693 4174; x_wconf 76' lang='grc' dir='ltr'>λαμϐάνομεν,</span> 
     </span>
    </p>
   </div>
   <div class='ocr_carea' id='block_1_85' title="bbox 2109 4194 3689 4269">
    <p class='ocr_par' dir='ltr' id='par_1_85' title="bbox 2109 4194 3689 4269">
     <span class='ocr_line' id='line_1_85' title="bbox 2109 4194 3689 4269; baseline -0.003 -18"><span class='ocrx_word' id='word_1_642' title='bbox 2109 4198 2178 4251; x_wconf 86' lang='grc' dir='ltr'>λὰ</span> <span class='ocrx_word' id='word_1_643' title='bbox 2210 4196 2385 4269; x_wconf 81' lang='grc' dir='ltr'>χρόνῳ</span> <span class='ocrx_word' id='word_1_644' title='bbox 2411 4197 2504 4250; x_wconf 72' lang='grc' dir='ltr'><strong>καὶ</strong></span> <span class='ocrx_word' id='word_1_645' title='bbox 2534 4197 2826 4268; x_wconf 86' lang='grc' dir='ltr'>μεριστῶς.</span> <span class='ocrx_word' id='word_1_646' title='bbox 2850 4197 2918 4248; x_wconf 85' lang='lat' dir='ltr'><strong>Ai</strong></span> <span class='ocrx_word' id='word_1_647' title='bbox 2947 4196 3004 4248; x_wconf 84' lang='grc' dir='ltr'>δὲ</span> <span class='ocrx_word' id='word_1_648' title='bbox 3030 4196 3216 4265; x_wconf 71' lang='grc' dir='ltr'>νοεραὶ</span> <span class='ocrx_word' id='word_1_649' title='bbox 3240 4194 3461 4264; x_wconf 74' lang='grc' dir='ltr'>φυσεις,</span> <span class='ocrx_word' id='word_1_650' title='bbox 3480 4197 3689 4248; x_wconf 69' lang='grc' dir='ltr'>ἀκοινωο</span> 
     </span>
    </p>
   </div>
   <div class='ocr_carea' id='block_1_86' title="bbox 2110 4287 3688 4363">
    <p class='ocr_par' dir='ltr' id='par_1_86' title="bbox 2110 4287 3688 4363">
     <span class='ocr_line' id='line_1_86' title="bbox 2110 4287 3688 4363; baseline -0.006 -18"><span class='ocrx_word' id='word_1_651' title='bbox 2110 4292 2285 4363; x_wconf 87' lang='grc' dir='ltr'>νήτως</span> <span class='ocrx_word' id='word_1_652' title='bbox 2304 4291 2442 4362; x_wconf 81' lang='grc' dir='ltr'>πρὸς</span> <span class='ocrx_word' id='word_1_653' title='bbox 2458 4289 2526 4342; x_wconf 85' lang='grc' dir='ltr'>τὰ</span> <span class='ocrx_word' id='word_1_654' title='bbox 2546 4290 2774 4344; x_wconf 75' lang='grc' dir='ltr'>τοιαῦτα</span> <span class='ocrx_word' id='word_1_655' title='bbox 2792 4290 2969 4343; x_wconf 83' lang='grc' dir='ltr'>πάντα</span> <span class='ocrx_word' id='word_1_656' title='bbox 2986 4288 3229 4359; x_wconf 76' lang='grc' dir='ltr'>ἔχουσαι,</span> <span class='ocrx_word' id='word_1_657' title='bbox 3244 4290 3430 4359; x_wconf 82' lang='grc' dir='ltr'>ὲνιαίᾳ</span> <span class='ocrx_word' id='word_1_658' title='bbox 3449 4289 3541 4342; x_wconf 77' lang='grc' dir='ltr'>καὶ</span> <span class='ocrx_word' id='word_1_659' title='bbox 3562 4287 3688 4354; x_wconf 76' lang='grc' dir='ltr'>ἁπλῇ</span> 
     </span>
    </p>
   </div>
   <div class='ocr_carea' id='block_1_87' title="bbox 2110 4377 3687 4454">
    <p class='ocr_par' dir='ltr' id='par_1_87' title="bbox 2110 4377 3687 4454">
     <span class='ocr_line' id='line_1_87' title="bbox 2110 4377 3687 4454; baseline -0.004 -19"><span class='ocrx_word' id='word_1_660' title='bbox 2110 4384 2291 4454; x_wconf 83' lang='grc' dir='ltr'>νοήσει</span> <span class='ocrx_word' id='word_1_661' title='bbox 2318 4383 2416 4453; x_wconf 84' lang='grc' dir='ltr'>τῆς</span> <span class='ocrx_word' id='word_1_662' title='bbox 2430 4382 2687 4453; x_wconf 85' lang='grc' dir='ltr'>ἀληθείας</span> <span class='ocrx_word' id='word_1_663' title='bbox 2704 4381 2800 4453; x_wconf 85' lang='grc' dir='ltr'>τὴν</span> <span class='ocrx_word' id='word_1_664' title='bbox 2818 4381 3019 4450; x_wconf 89' lang='grc' dir='ltr'>γνῶσιν</span> <span class='ocrx_word' id='word_1_665' title='bbox 3038 4380 3532 4450; x_wconf 75' lang='grc' dir='ltr'>ἐπιλαμϐάνονται.</span> <span class='ocrx_word' id='word_1_666' title='bbox 3558 4379 3623 4431; x_wconf 82' lang='grc' dir='ltr'><strong>Τὸ</strong></span> <span class='ocrx_word' id='word_1_667' title='bbox 3640 4377 3687 4428; x_wconf 80' lang='grc' dir='ltr'><strong>δὲ</strong></span> 
     </span>
    </p>
   </div>
   <div class='ocr_carea' id='block_1_88' title="bbox 418 4457 2005 4548">
    <p class='ocr_par' dir='ltr' id='par_1_88' title="bbox 418 4457 2005 4534">
     <span class='ocr_line' id='line_1_88' title="bbox 418 4457 2005 4534; baseline 0.006 -23"><span class='ocrx_word' id='word_1_668' title='bbox 418 4457 615 4526; x_wconf 81' lang='lat' dir='ltr'><strong>pimus,</strong></span> <span class='ocrx_word' id='word_1_669' title='bbox 647 4457 742 4512; x_wconf 87' lang='lat' dir='ltr'><strong>sed</strong></span> <span class='ocrx_word' id='word_1_670' title='bbox 771 4467 1036 4529; x_wconf 89' lang='lat' dir='ltr'><strong>tempore,</strong></span> <span class='ocrx_word' id='word_1_671' title='bbox 1086 4476 1150 4517; x_wconf 87' lang='lat' dir='ltr'><strong>ac</strong></span> <span class='ocrx_word' id='word_1_672' title='bbox 1185 4462 1424 4520; x_wconf 85' lang='lat' dir='ltr'><strong>divisim.</strong></span> <span class='ocrx_word' id='word_1_673' title='bbox 1480 4463 1846 4534; x_wconf 76' lang='lat' dir='ltr'><strong>lntelligentes</strong></span> <span class='ocrx_word' id='word_1_674' title='bbox 1876 4478 2005 4520; x_wconf 77' lang='lat' dir='ltr'><strong>vero</strong></span> 
     </span>
    </p>
   </div>
   <div class='ocr_carea' id='block_1_89' title="bbox 2189 4457 3689 4548">
    <p class='ocr_par' dir='ltr' id='par_1_89' title="bbox 2189 4468 3689 4542">
     <span class='ocr_line' id='line_1_89' title="bbox 2189 4468 3689 4542; baseline -0.003 -16"><span class='ocrx_word' id='word_1_675' title='bbox 2189 4473 2215 4525; x_wconf 88' lang='grc' dir='ltr'><strong>ό</strong></span> <span class='ocrx_word' id='word_1_676' title='bbox 2234 4490 2376 4536; x_wconf 89' lang='grc' dir='ltr'>τινος</span> <span class='ocrx_word' id='word_1_677' title='bbox 2414 4473 2616 4537; x_wconf 81' lang='grc' dir='ltr'>κοινοῦ,</span> <span class='ocrx_word' id='word_1_678' title='bbox 2648 4471 2885 4526; x_wconf 77' lang='grc' dir='ltr'>τοιοῦτόν</span> <span class='ocrx_word' id='word_1_679' title='bbox 2930 4473 3079 4523; x_wconf 85' lang='grc' dir='ltr'>ἐστιν</span> <span class='ocrx_word' id='word_1_680' title='bbox 3102 4487 3114 4499; x_wconf 86' lang='grc'>·</span> <span class='ocrx_word' id='word_1_681' title='bbox 3146 4472 3200 4524; x_wconf 78' lang='grc' dir='ltr'>αἱ</span> <span class='ocrx_word' id='word_1_682' title='bbox 3240 4471 3376 4542; x_wconf 86' lang='grc' dir='ltr'>παρ’</span> <span class='ocrx_word' id='word_1_683' title='bbox 3407 4473 3539 4541; x_wconf 83' lang='grc' dir='ltr'>ἡμῖν</span> <span class='ocrx_word' id='word_1_684' title='bbox 3565 4468 3689 4537; x_wconf 77' lang='grc' dir='ltr'><strong>γνὼ-</strong></span> 
     </span>
    </p>
   </div>
   <div class='ocr_carea' id='block_1_90' title="bbox 420 4549 2001 4612">
    <p class='ocr_par' dir='ltr' id='par_1_90' title="bbox 420 4549 2001 4612">
     <span class='ocr_line' id='line_1_90' title="bbox 420 4549 2001 4612; baseline 0.006 -11"><span class='ocrx_word' id='word_1_685' title='bbox 420 4558 649 4612; x_wconf 71' lang='grc' dir='ltr'>ιιειιιιηιε,</span> <span class='ocrx_word' id='word_1_686' title='bbox 696 4549 901 4603; x_wconf 89' lang='lat' dir='ltr'><strong>nullam</strong></span> <span class='ocrx_word' id='word_1_687' title='bbox 934 4550 992 4605; x_wconf 88' lang='lat' dir='ltr'><strong>in</strong></span> <span class='ocrx_word' id='word_1_688' title='bbox 1024 4550 1107 4606; x_wconf 87' lang='lat' dir='ltr'><strong>his</strong></span> <span class='ocrx_word' id='word_1_689' title='bbox 1153 4554 1407 4609; x_wconf 88' lang='lat' dir='ltr'><strong>omnibus</strong></span> <span class='ocrx_word' id='word_1_690' title='bbox 1444 4555 2001 4610; x_wconf 86' lang='lat' dir='ltr'><strong>communicationem</strong></span> 
     </span>
    </p>
   </div>
   <div class='ocr_carea' id='block_1_91' title="bbox 421 4640 2004 4714">
    <p class='ocr_par' dir='ltr' id='par_1_91' title="bbox 421 4640 2004 4714">
     <span class='ocr_line' id='line_1_91' title="bbox 421 4640 2004 4714; baseline 0.008 -23"><span class='ocrx_word' id='word_1_691' title='bbox 421 4640 708 4706; x_wconf 87' lang='lat' dir='ltr'><strong>habentes,</strong></span> <span class='ocrx_word' id='word_1_692' title='bbox 735 4657 838 4695; x_wconf 90' lang='lat' dir='ltr'><strong>una</strong></span> <span class='ocrx_word' id='word_1_693' title='bbox 861 4641 1204 4714; x_wconf 85' lang='lat' dir='ltr'><strong>simplicique</strong></span> <span class='ocrx_word' id='word_1_694' title='bbox 1226 4645 1603 4702; x_wconf 88' lang='lat' dir='ltr'><strong>intellectione</strong></span> <span class='ocrx_word' id='word_1_695' title='bbox 1636 4648 1887 4703; x_wconf 84' lang='lat' dir='ltr'><strong>veritatis</strong></span> <span class='ocrx_word' id='word_1_696' title='bbox 1911 4662 2004 4703; x_wconf 86' lang='lat' dir='ltr'><strong>co-</strong></span> 
     </span>
    </p>
   </div>
   <div class='ocr_carea' id='block_1_92' title="bbox 418 4732 2001 4810">
    <p class='ocr_par' dir='ltr' id='par_1_92' title="bbox 418 4732 2001 4810">
     <span class='ocr_line' id='line_1_92' title="bbox 418 4732 2001 4810; baseline 0.006 -23"><span class='ocrx_word' id='word_1_697' title='bbox 418 4732 661 4803; x_wconf 76' lang='lat' dir='ltr'><strong>gnitione</strong></span> <span class='ocrx_word' id='word_1_698' title='bbox 684 4734 1048 4791; x_wconf 89' lang='lat' dir='ltr'><strong>illustrantur.</strong></span> <span class='ocrx_word' id='word_1_699' title='bbox 1074 4737 1207 4792; x_wconf 87' lang='lat' dir='ltr'><strong>Illud</strong></span> <span class='ocrx_word' id='word_1_700' title='bbox 1262 4749 1467 4807; x_wconf 91' lang='lat' dir='ltr'><strong>autem,</strong></span> <span class='ocrx_word' id='word_1_701' title='bbox 1515 4740 1617 4795; x_wconf 90' lang='lat' dir='ltr'><strong>sub</strong></span> <span class='ocrx_word' id='word_1_702' title='bbox 1640 4740 1820 4810; x_wconf 88' lang='lat' dir='ltr'><strong>aliquo</strong></span> <span class='ocrx_word' id='word_1_703' title='bbox 1852 4757 2001 4796; x_wconf 89' lang='lat' dir='ltr'><strong>com-</strong></span> 
     </span>
    </p>
   </div>
   <div class='ocr_carea' id='block_1_93' title="bbox 422 4828 2002 4903">
    <p class='ocr_par' dir='ltr' id='par_1_93' title="bbox 422 4828 2002 4903">
     <span class='ocr_line' id='line_1_93' title="bbox 422 4828 2002 4903; baseline 0.006 -23"><span class='ocrx_word' id='word_1_704' title='bbox 422 4828 571 4882; x_wconf 90' lang='lat' dir='ltr'><strong>muni</strong></span> <span class='ocrx_word' id='word_1_705' title='bbox 628 4840 714 4883; x_wconf 88' lang='lat' dir='ltr'><strong>est</strong></span> <span class='ocrx_word' id='word_1_706' title='bbox 766 4830 1082 4898; x_wconf 85' lang='lat' dir='ltr'><strong>ejusmodi:</strong></span> <span class='ocrx_word' id='word_1_707' title='bbox 1141 4839 1340 4886; x_wconf 75' lang='lat' dir='ltr'><strong>nostra:</strong></span> <span class='ocrx_word' id='word_1_708' title='bbox 1383 4834 1787 4903; x_wconf 78' lang='lat' dir='ltr'><strong>cognitionesa</strong></span> <span class='ocrx_word' id='word_1_709' title='bbox 1840 4836 2002 4889; x_wconf 89' lang='lat' dir='ltr'><strong>rebus</strong></span> 
     </span>
    </p>
   </div>
   <div class='ocr_carea' id='block_1_94' title="bbox 418 4922 2001 4994">
    <p class='ocr_par' dir='ltr' id='par_1_94' title="bbox 418 4922 2001 4994">
     <span class='ocr_line' id='line_1_94' title="bbox 418 4922 2001 4994; baseline 0.004 -18"><span class='ocrx_word' id='word_1_710' title='bbox 418 4922 607 4978; x_wconf 75' lang='lat' dir='ltr'><strong>divisis</strong></span> <span class='ocrx_word' id='word_1_711' title='bbox 635 4922 874 4978; x_wconf 76' lang='lat' dir='ltr'><strong>collecue</strong></span> <span class='ocrx_word' id='word_1_712' title='bbox 903 4939 1191 4979; x_wconf 88' lang='lat' dir='ltr'><strong>commune</strong></span> <span class='ocrx_word' id='word_1_713' title='bbox 1246 4924 1376 4994; x_wconf 90' lang='lat' dir='ltr'><strong>quid</strong></span> <span class='ocrx_word' id='word_1_714' title='bbox 1428 4928 1783 4991; x_wconf 88' lang='lat' dir='ltr'><strong>abstrahunt,</strong></span> <span class='ocrx_word' id='word_1_715' title='bbox 1848 4937 1903 4982; x_wconf 90' lang='lat' dir='ltr'><strong>et</strong></span> <span class='ocrx_word' id='word_1_716' title='bbox 1933 4928 2001 4983; x_wconf 84' lang='lat' dir='ltr'><strong>ab</strong></span> 
     </span>
    </p>
   </div>
   <div class='ocr_carea' id='block_1_95' title="bbox 418 5006 1996 5087">
    <p class='ocr_par' dir='ltr' id='par_1_95' title="bbox 418 5006 1996 5087">
     <span class='ocr_line' id='line_1_95' title="bbox 418 5006 1996 5087; baseline 0.003 -20"><span class='ocrx_word' id='word_1_717' title='bbox 418 5012 532 5078; x_wconf 93' lang='lat' dir='ltr'><strong>illo,</strong></span> <span class='ocrx_word' id='word_1_718' title='bbox 597 5006 856 5083; x_wconf 77' lang='lat' dir='ltr'><strong>tanquam</strong></span> <span class='ocrx_word' id='word_1_719' title='bbox 898 5017 1253 5087; x_wconf 66' lang='lat' dir='ltr'><strong>prmeognito,</strong></span> <span class='ocrx_word' id='word_1_720' title='bbox 1314 5017 1459 5071; x_wconf 89' lang='lat' dir='ltr'><strong>aliud</strong></span> <span class='ocrx_word' id='word_1_721' title='bbox 1517 5018 1569 5071; x_wconf 92' lang='lat' dir='ltr'><strong>in</strong></span> <span class='ocrx_word' id='word_1_722' title='bbox 1625 5018 1996 5087; x_wconf 83' lang='lat' dir='ltr'><strong>cognitionem</strong></span> 
     </span>
    </p>
   </div>
   <div class='ocr_carea' id='block_1_96' title="bbox 417 5105 2002 5179">
    <p class='ocr_par' dir='ltr' id='par_1_96' title="bbox 417 5105 2002 5179">
     <span class='ocr_line' id='line_1_96' title="bbox 417 5105 2002 5179; baseline 0.006 -23"><span class='ocrx_word' id='word_1_723' title='bbox 417 5105 738 5160; x_wconf 74' lang='lat' dir='ltr'><strong>adducitur:</strong></span> <span class='ocrx_word' id='word_1_724' title='bbox 773 5108 1029 5175; x_wconf 89' lang='lat' dir='ltr'><strong>quoniam</strong></span> <span class='ocrx_word' id='word_1_725' title='bbox 1050 5108 1295 5178; x_wconf 69' lang='lat' dir='ltr'><strong>ipsaamet</strong></span> <span class='ocrx_word' id='word_1_726' title='bbox 1322 5110 1486 5164; x_wconf 89' lang='lat' dir='ltr'><strong>etiam</strong></span> <span class='ocrx_word' id='word_1_727' title='bbox 1518 5110 1845 5165; x_wconf 69' lang='lat' dir='ltr'><strong>immediatte</strong></span> <span class='ocrx_word' id='word_1_728' title='bbox 1874 5125 2002 5179; x_wconf 86' lang='lat' dir='ltr'><strong>pro-</strong></span> 
     </span>
    </p>
   </div>
   <div class='ocr_carea' id='block_1_97' title="bbox 418 5196 2000 5279">
    <p class='ocr_par' dir='ltr' id='par_1_97' title="bbox 418 5196 2000 5279">
     <span class='ocr_line' id='line_1_97' title="bbox 418 5196 2000 5279; baseline 0.006 -30"><span class='ocrx_word' id='word_1_729' title='bbox 418 5196 714 5279; x_wconf 69' lang='lat' dir='ltr'><strong>positiones</strong></span> <span class='ocrx_word' id='word_1_730' title='bbox 759 5211 823 5252; x_wconf 91' lang='lat' dir='ltr'><strong>ac</strong></span> <span class='ocrx_word' id='word_1_731' title='bbox 871 5197 1081 5267; x_wconf 70' lang='lat' dir='ltr'><strong>primae</strong></span> <span class='ocrx_word' id='word_1_732' title='bbox 1112 5200 1345 5268; x_wconf 86' lang='lat' dir='ltr'><strong>species,</strong></span> <span class='ocrx_word' id='word_1_733' title='bbox 1390 5216 1498 5256; x_wconf 92' lang='lat' dir='ltr'><strong>non</strong></span> <span class='ocrx_word' id='word_1_734' title='bbox 1558 5200 1721 5255; x_wconf 90' lang='lat' dir='ltr'><strong>aliter</strong></span> <span class='ocrx_word' id='word_1_735' title='bbox 1776 5203 2000 5258; x_wconf 92' lang='lat' dir='ltr'><strong>omnino</strong></span> 
     </span>
    </p>
   </div>
   <div class='ocr_carea' id='block_1_98' title="bbox 419 5290 1996 5362">
    <p class='ocr_par' dir='ltr' id='par_1_98' title="bbox 419 5290 1996 5362">
     <span class='ocr_line' id='line_1_98' title="bbox 419 5290 1996 5362; baseline 0.005 -19"><span class='ocrx_word' id='word_1_736' title='bbox 419 5290 581 5344; x_wconf 89' lang='lat' dir='ltr'><strong>etiam</strong></span> <span class='ocrx_word' id='word_1_737' title='bbox 622 5292 689 5345; x_wconf 86' lang='lat' dir='ltr'><strong>ad</strong></span> <span class='ocrx_word' id='word_1_738' title='bbox 717 5292 1235 5349; x_wconf 86' lang='lat' dir='ltr'><strong>demonstrationem</strong></span> <span class='ocrx_word' id='word_1_739' title='bbox 1297 5296 1629 5362; x_wconf 85' lang='lat' dir='ltr'><strong>conducent,</strong></span> <span class='ocrx_word' id='word_1_740' title='bbox 1682 5296 1786 5352; x_wconf 93' lang='lat' dir='ltr'><strong>nisi</strong></span> <span class='ocrx_word' id='word_1_741' title='bbox 1829 5297 1996 5352; x_wconf 89' lang='lat' dir='ltr'><strong>etiam</strong></span> 
     </span>
    </p>
   </div>
   <div class='ocr_carea' id='block_1_99' title="bbox 388 5361 2001 5460">
    <p class='ocr_par' dir='ltr' id='par_1_99' title="bbox 388 5361 2001 5460">
     <span class='ocr_line' id='line_1_99' title="bbox 388 5361 2001 5460; baseline 0.006 -24"><span class='ocrx_word' id='word_1_742' title='bbox 388 5361 395 5383; x_wconf 83' lang='lat'>’</span> <span class='ocrx_word' id='word_1_743' title='bbox 420 5384 547 5452; x_wconf 76' lang='lat' dir='ltr'><strong>ipsae</strong></span> <span class='ocrx_word' id='word_1_744' title='bbox 581 5400 645 5439; x_wconf 83' lang='lat' dir='ltr'><strong>ex</strong></span> <span class='ocrx_word' id='word_1_745' title='bbox 669 5386 963 5442; x_wconf 73' lang='lat' dir='ltr'><strong>sensilibus</strong></span> <span class='ocrx_word' id='word_1_746' title='bbox 987 5387 1461 5460; x_wconf 89' lang='lat' dir='ltr'><strong>divisibilibusque</strong></span> <span class='ocrx_word' id='word_1_747' title='bbox 1488 5392 1727 5447; x_wconf 85' lang='lat' dir='ltr'><strong>motibus</strong></span> <span class='ocrx_word' id='word_1_748' title='bbox 1752 5392 1820 5447; x_wconf 91' lang='lat' dir='ltr'><strong>ad</strong></span> <span class='ocrx_word' id='word_1_749' title='bbox 1844 5407 2001 5448; x_wconf 90' lang='lat' dir='ltr'><strong>com-</strong></span> 
     </span>
    </p>
   </div>
   <div class='ocr_carea' id='block_1_100' title="bbox 418 5478 1997 5556">
    <p class='ocr_par' dir='ltr' id='par_1_100' title="bbox 418 5478 1997 5556">
     <span class='ocr_line' id='line_1_100' title="bbox 418 5478 1997 5556; baseline 0.005 -26"><span class='ocrx_word' id='word_1_750' title='bbox 418 5493 581 5532; x_wconf 90' lang='lat' dir='ltr'><strong>mune</strong></span> <span class='ocrx_word' id='word_1_751' title='bbox 624 5478 903 5548; x_wconf 84' lang='lat' dir='ltr'><strong>qnidpiam</strong></span> <span class='ocrx_word' id='word_1_752' title='bbox 944 5478 1151 5556; x_wconf 49' lang='lat' dir='ltr'><strong>[derint</strong></span> <span class='ocrx_word' id='word_1_753' title='bbox 1189 5492 1479 5538; x_wconf 70' lang='lat' dir='ltr'><strong>revocatte.</strong></span> <span class='ocrx_word' id='word_1_754' title='bbox 1539 5482 1696 5538; x_wconf 88' lang='lat' dir='ltr'><strong>Sicut</strong></span> <span class='ocrx_word' id='word_1_755' title='bbox 1742 5482 1889 5537; x_wconf 92' lang='lat' dir='ltr'><strong>enim</strong></span> <span class='ocrx_word' id='word_1_756' title='bbox 1940 5483 1997 5538; x_wconf 88' lang='lat' dir='ltr'><strong>in</strong></span> 
     </span>
    </p>
   </div>
   <div class='ocr_carea' id='block_1_101' title="bbox 418 5569 1993 5647">
    <p class='ocr_par' dir='ltr' id='par_1_101' title="bbox 418 5569 1993 5647">
     <span class='ocr_line' id='line_1_101' title="bbox 418 5569 1993 5647; baseline 0.006 -24"><span class='ocrx_word' id='word_1_757' title='bbox 418 5569 581 5636; x_wconf 90' lang='lat' dir='ltr'><strong>bello,</strong></span> <span class='ocrx_word' id='word_1_758' title='bbox 603 5571 730 5625; x_wconf 89' lang='lat' dir='ltr'><strong>dum</strong></span> <span class='ocrx_word' id='word_1_759' title='bbox 757 5572 817 5626; x_wconf 87' lang='lat' dir='ltr'><strong>lit</strong></span> <span class='ocrx_word' id='word_1_760' title='bbox 847 5570 992 5643; x_wconf 77' lang='lat' dir='ltr'><strong>luga,</strong></span> <span class='ocrx_word' id='word_1_761' title='bbox 1016 5572 1230 5627; x_wconf 86' lang='lat' dir='ltr'><strong>sistitur</strong></span> <span class='ocrx_word' id='word_1_762' title='bbox 1266 5588 1430 5642; x_wconf 78' lang='lat' dir='ltr'><strong>unus,</strong></span> <span class='ocrx_word' id='word_1_763' title='bbox 1450 5585 1507 5630; x_wconf 91' lang='lat' dir='ltr'><strong>et</strong></span> <span class='ocrx_word' id='word_1_764' title='bbox 1537 5584 1658 5647; x_wconf 89' lang='lat' dir='ltr'><strong>post</strong></span> <span class='ocrx_word' id='word_1_765' title='bbox 1684 5590 1806 5631; x_wconf 88' lang='lat' dir='ltr'><strong>eum</strong></span> <span class='ocrx_word' id='word_1_766' title='bbox 1831 5575 1993 5641; x_wconf 86' lang='lat' dir='ltr'><strong>alter,</strong></span> 
     </span>
    </p>
   </div>
   <div class='ocr_carea' id='block_1_102' title="bbox 419 5661 1983 5731">
    <p class='ocr_par' dir='ltr' id='par_1_102' title="bbox 419 5661 1983 5731">
     <span class='ocr_line' id='line_1_102' title="bbox 419 5661 1983 5731; baseline 0.008 -17"><span class='ocrx_word' id='word_1_767' title='bbox 419 5671 473 5715; x_wconf 88' lang='lat' dir='ltr'><strong>et</strong></span> <span class='ocrx_word' id='word_1_768' title='bbox 503 5661 717 5729; x_wconf 87' lang='lat' dir='ltr'><strong>tertius,</strong></span> <span class='ocrx_word' id='word_1_769' title='bbox 759 5672 815 5718; x_wconf 93' lang='lat' dir='ltr'><strong>et</strong></span> <span class='ocrx_word' id='word_1_770' title='bbox 854 5664 935 5720; x_wconf 92' lang='lat' dir='ltr'><strong>sic</strong></span> <span class='ocrx_word' id='word_1_771' title='bbox 971 5664 1038 5719; x_wconf 93' lang='lat' dir='ltr'><strong>de</strong></span> <span class='ocrx_word' id='word_1_772' title='bbox 1072 5664 1314 5731; x_wconf 68' lang='lat' dir='ltr'><strong>caateris,</strong></span> <span class='ocrx_word' id='word_1_773' title='bbox 1353 5675 1408 5721; x_wconf 93' lang='lat' dir='ltr'><strong>et</strong></span> <span class='ocrx_word' id='word_1_774' title='bbox 1439 5667 1520 5723; x_wconf 89' lang='lat' dir='ltr'><strong>sic</strong></span> <span class='ocrx_word' id='word_1_775' title='bbox 1576 5666 1718 5725; x_wconf 77' lang='lat' dir='ltr'><strong>forte</strong></span> <span class='ocrx_word' id='word_1_776' title='bbox 1745 5668 1983 5727; x_wconf 81' lang='lat' dir='ltr'><strong>victores</strong></span> 
     </span>
    </p>
   </div>
   <div class='ocr_carea' id='block_1_103' title="bbox 498 5838 1539 5911">
    <p class='ocr_par' dir='ltr' id='par_1_103' title="bbox 498 5838 1539 5911">
     <span class='ocr_line' id='line_1_103' title="bbox 498 5838 1539 5911; baseline 0.003 -18"><span class='ocrx_word' id='word_1_777' title='bbox 498 5840 515 5876; x_wconf 76' lang='lat'>&#39;</span> <span class='ocrx_word' id='word_1_778' title='bbox 554 5838 716 5895; x_wconf 81' lang='lat' dir='ltr'><strong>Prov.</strong></span> <span class='ocrx_word' id='word_1_779' title='bbox 756 5854 870 5905; x_wconf 81' lang='lat' dir='ltr'><strong>mi,</strong></span> <span class='ocrx_word' id='word_1_780' title='bbox 908 5840 995 5895; x_wconf 76' lang='grc' dir='ltr'><strong>Η.</strong></span> <span class='ocrx_word' id='word_1_781' title='bbox 1082 5852 1111 5881; x_wconf 75' lang='grc' dir='ltr'><strong>ιι</strong></span> <span class='ocrx_word' id='word_1_782' title='bbox 1146 5841 1356 5899; x_wconf 73' lang='lat' dir='ltr'><strong>Coloss.</strong></span> <span class='ocrx_word' id='word_1_783' title='bbox 1393 5858 1452 5911; x_wconf 81' lang='grc' dir='ltr'><strong>ιι,</strong></span> <span class='ocrx_word' id='word_1_784' title='bbox 1488 5842 1539 5896; x_wconf 86' lang='grc'><strong>’5.</strong></span> 
     </span>
    </p>
   </div>
   <div class='ocr_carea' id='block_1_104' title="bbox 2110 4559 3689 4637">
    <p class='ocr_par' dir='ltr' id='par_1_104' title="bbox 2110 4559 3689 4637">
     <span class='ocr_line' id='line_1_104' title="bbox 2110 4559 3689 4637; baseline -0.006 -17"><span class='ocrx_word' id='word_1_785' title='bbox 2110 4585 2223 4631; x_wconf 90' lang='grc' dir='ltr'>σεις</span> <span class='ocrx_word' id='word_1_786' title='bbox 2270 4567 2377 4620; x_wconf 82' lang='grc' dir='ltr'>ἀπὸ</span> <span class='ocrx_word' id='word_1_787' title='bbox 2402 4566 2643 4637; x_wconf 84' lang='grc' dir='ltr'>μερικῶν</span> <span class='ocrx_word' id='word_1_788' title='bbox 2672 4564 3055 4634; x_wconf 81' lang='grc' dir='ltr'>συναγόμεναι,</span> <span class='ocrx_word' id='word_1_789' title='bbox 3102 4563 3283 4617; x_wconf 88' lang='grc' dir='ltr'>κοινόν</span> <span class='ocrx_word' id='word_1_790' title='bbox 3327 4581 3385 4617; x_wconf 86' lang='grc' dir='ltr'><strong>τι</strong></span> <span class='ocrx_word' id='word_1_791' title='bbox 3440 4559 3689 4616; x_wconf 81' lang='grc' dir='ltr'>ἀποκαθι-</span> 
     </span>
    </p>
   </div>
   <div class='ocr_carea' id='block_1_105' title="bbox 2111 4654 3687 4726">
    <p class='ocr_par' dir='ltr' id='par_1_105' title="bbox 2111 4654 3687 4726">
     <span class='ocr_line' id='line_1_105' title="bbox 2111 4654 3687 4726; baseline -0.004 -14"><span class='ocrx_word' id='word_1_792' title='bbox 2111 4659 2297 4723; x_wconf 86' lang='grc' dir='ltr'>στῶσι,</span> <span class='ocrx_word' id='word_1_793' title='bbox 2326 4660 2421 4712; x_wconf 77' lang='grc' dir='ltr'><strong>καὶ</strong></span> <span class='ocrx_word' id='word_1_794' title='bbox 2442 4658 2781 4721; x_wconf 79' lang='grc' dir='ltr'>ἀπ’ὲκείνου,</span> <span class='ocrx_word' id='word_1_795' title='bbox 2806 4655 2880 4719; x_wconf 82' lang='grc' dir='ltr'>ὡς</span> <span class='ocrx_word' id='word_1_796' title='bbox 2911 4654 3490 4726; x_wconf 79' lang='grc' dir='ltr'>προσγινωσκομένου,</span> <span class='ocrx_word' id='word_1_797' title='bbox 3525 4655 3687 4722; x_wconf 76' lang='grc' dir='ltr'>ἕτερον</span> 
     </span>
    </p>
   </div>
   <div class='ocr_carea' id='block_1_106' title="bbox 2109 4744 3685 4819">
    <p class='ocr_par' dir='ltr' id='par_1_106' title="bbox 2109 4744 3685 4819">
     <span class='ocr_line' id='line_1_106' title="bbox 2109 4744 3685 4819; baseline -0.008 -14"><span class='ocrx_word' id='word_1_798' title='bbox 2109 4754 2190 4815; x_wconf 81' lang='grc' dir='ltr'><strong>εἰς</strong></span> <span class='ocrx_word' id='word_1_799' title='bbox 2238 4751 2440 4819; x_wconf 88' lang='grc' dir='ltr'>γνῶσιν</span> <span class='ocrx_word' id='word_1_800' title='bbox 2467 4750 2762 4818; x_wconf 83' lang='grc' dir='ltr'>συνάγεται</span> <span class='ocrx_word' id='word_1_801' title='bbox 2785 4764 2798 4777; x_wconf 73' lang='grc' dir='ltr'><strong>ο</strong></span> <span class='ocrx_word' id='word_1_802' title='bbox 2832 4747 2927 4801; x_wconf 63' lang='grc' dir='ltr'><strong>καὶ⁵</strong></span> <span class='ocrx_word' id='word_1_803' title='bbox 2965 4744 3077 4817; x_wconf 82' lang='grc' dir='ltr'><strong>γάρ</strong></span> <span class='ocrx_word' id='word_1_804' title='bbox 3102 4746 3198 4799; x_wconf 74' lang='grc' dir='ltr'><strong>καὶ</strong></span> <span class='ocrx_word' id='word_1_805' title='bbox 3234 4744 3404 4797; x_wconf 69' lang='grc' dir='ltr'>αὐταὶ</span> <span class='ocrx_word' id='word_1_806' title='bbox 3433 4747 3489 4799; x_wconf 79' lang='lat' dir='ltr'><strong>ai</strong></span> <span class='ocrx_word' id='word_1_807' title='bbox 3516 4744 3685 4814; x_wconf 79' lang='grc' dir='ltr'>ἇμεσοι</span> 
     </span>
    </p>
   </div>
   <div class='ocr_carea' id='block_1_107' title="bbox 2111 4831 3684 4913">
    <p class='ocr_par' dir='ltr' id='par_1_107' title="bbox 2111 4831 3684 4913">
     <span class='ocr_line' id='line_1_107' title="bbox 2111 4831 3684 4913; baseline -0.008 -19"><span class='ocrx_word' id='word_1_808' title='bbox 2111 4839 2422 4913; x_wconf 84' lang='grc' dir='ltr'>προτάσεις,</span> <span class='ocrx_word' id='word_1_809' title='bbox 2436 4840 2529 4893; x_wconf 67' lang='grc' dir='ltr'><strong>καὶ</strong></span> <span class='ocrx_word' id='word_1_810' title='bbox 2545 4838 2864 4909; x_wconf 83' lang='grc' dir='ltr'>άρχοειδεῖς,</span> <span class='ocrx_word' id='word_1_811' title='bbox 2879 4836 2981 4889; x_wconf 81' lang='grc' dir='ltr'><strong>οὐκ</strong></span> <span class='ocrx_word' id='word_1_812' title='bbox 2997 4834 3172 4898; x_wconf 79' lang='grc' dir='ltr'>ἄλλως</span> <span class='ocrx_word' id='word_1_813' title='bbox 3191 4834 3377 4899; x_wconf 76' lang='grc' dir='ltr'>ἕξουσι</span> <span class='ocrx_word' id='word_1_814' title='bbox 3398 4835 3462 4888; x_wconf 81' lang='grc' dir='ltr'>τὸ</span> <span class='ocrx_word' id='word_1_815' title='bbox 3479 4831 3684 4887; x_wconf 80' lang='grc' dir='ltr'>καθόλου</span> 
     </span>
    </p>
   </div>
   <div class='ocr_carea' id='block_1_108' title="bbox 2110 4920 3685 4999">
    <p class='ocr_par' dir='ltr' id='par_1_108' title="bbox 2110 4920 3685 4999">
     <span class='ocr_line' id='line_1_108' title="bbox 2110 4920 3685 4999; baseline -0.01 -10"><span class='ocrx_word' id='word_1_816' title='bbox 2110 4936 2204 4988; x_wconf 73' lang='grc' dir='ltr'><strong>καὶ</strong></span> <span class='ocrx_word' id='word_1_817' title='bbox 2241 4934 2302 4987; x_wconf 84' lang='grc' dir='ltr'>τὸ</span> <span class='ocrx_word' id='word_1_818' title='bbox 2342 4936 2420 4996; x_wconf 82' lang='grc' dir='ltr'><strong>εἰς</strong></span> <span class='ocrx_word' id='word_1_819' title='bbox 2447 4930 2718 4995; x_wconf 78' lang='grc' dir='ltr'>ἀπόδειξιν</span> <span class='ocrx_word' id='word_1_820' title='bbox 2751 4928 3127 4999; x_wconf 72' lang='grc' dir='ltr'>εὔχρηστον,εί</span> <span class='ocrx_word' id='word_1_821' title='bbox 3184 4926 3261 4998; x_wconf 85' lang='grc' dir='ltr'>μὴ</span> <span class='ocrx_word' id='word_1_822' title='bbox 3303 4927 3401 4979; x_wconf 73' lang='grc' dir='ltr'><strong>καὶ</strong></span> <span class='ocrx_word' id='word_1_823' title='bbox 3444 4922 3598 4979; x_wconf 72' lang='grc' dir='ltr'>αὗται</span> <span class='ocrx_word' id='word_1_824' title='bbox 3636 4920 3685 4984; x_wconf 75' lang='grc' dir='ltr'>ἐξ</span> 
     </span>
    </p>
   </div>
   <div class='ocr_carea' id='block_1_109' title="bbox 2106 5018 3681 5097">
    <p class='ocr_par' dir='ltr' id='par_1_109' title="bbox 2106 5018 3681 5097">
     <span class='ocr_line' id='line_1_109' title="bbox 2106 5018 3681 5097; baseline -0.008 -18"><span class='ocrx_word' id='word_1_825' title='bbox 2106 5024 2377 5097; x_wconf 84' lang='grc' dir='ltr'>αἰσθητῶν</span> <span class='ocrx_word' id='word_1_826' title='bbox 2410 5024 2503 5077; x_wconf 76' lang='grc' dir='ltr'><strong>καὶ</strong></span> <span class='ocrx_word' id='word_1_827' title='bbox 2554 5020 2794 5093; x_wconf 88' lang='grc' dir='ltr'>μερικῶν</span> <span class='ocrx_word' id='word_1_828' title='bbox 2829 5020 3099 5089; x_wconf 84' lang='grc' dir='ltr'>κινήσεων</span> <span class='ocrx_word' id='word_1_829' title='bbox 3132 5018 3213 5081; x_wconf 75' lang='grc' dir='ltr'>εἷς</span> <span class='ocrx_word' id='word_1_830' title='bbox 3268 5034 3324 5070; x_wconf 86' lang='grc' dir='ltr'><strong>τι</strong></span> <span class='ocrx_word' id='word_1_831' title='bbox 3354 5018 3534 5070; x_wconf 79' lang='grc' dir='ltr'>κοινὸν</span> <span class='ocrx_word' id='word_1_832' title='bbox 3564 5031 3681 5082; x_wconf 82' lang='grc' dir='ltr'>συμ-</span> 
     </span>
    </p>
   </div>
   <div class='ocr_carea' id='block_1_110' title="bbox 2106 5105 3679 5187">
    <p class='ocr_par' dir='ltr' id='par_1_110' title="bbox 2106 5105 3679 5187">
     <span class='ocr_line' id='line_1_110' title="bbox 2106 5105 3679 5187; baseline -0.005 -18"><span class='ocrx_word' id='word_1_833' title='bbox 2106 5113 2507 5187; x_wconf 84' lang='grc' dir='ltr'>περιληφθεῖεν.</span> <span class='ocrx_word' id='word_1_834' title='bbox 2545 5113 2631 5175; x_wconf 80' lang='grc' dir='ltr'>Ὠς</span> <span class='ocrx_word' id='word_1_835' title='bbox 2656 5111 2837 5181; x_wconf 81' lang='grc' dir='ltr'>γὰρὲν</span> <span class='ocrx_word' id='word_1_836' title='bbox 2866 5107 3111 5180; x_wconf 86' lang='grc' dir='ltr'>πολέμῳ,</span> <span class='ocrx_word' id='word_1_837' title='bbox 3148 5107 3361 5179; x_wconf 87' lang='grc' dir='ltr'>τροπῆς</span> <span class='ocrx_word' id='word_1_838' title='bbox 3382 5105 3679 5175; x_wconf 61' lang='grc' dir='ltr'>γενομένης»</span> 
     </span>
    </p>
   </div>
   <div class='ocr_carea' id='block_1_111' title="bbox 2106 5192 3682 5277">
    <p class='ocr_par' dir='ltr' id='par_1_111' title="bbox 2106 5192 3682 5277">
     <span class='ocr_line' id='line_1_111' title="bbox 2106 5192 3682 5277; baseline -0.011 -18"><span class='ocrx_word' id='word_1_839' title='bbox 2106 5202 2187 5270; x_wconf 75' lang='grc' dir='ltr'>εἷς</span> <span class='ocrx_word' id='word_1_840' title='bbox 2214 5206 2364 5277; x_wconf 76' lang='grc' dir='ltr'>ἔστη,</span> <span class='ocrx_word' id='word_1_841' title='bbox 2411 5205 2506 5258; x_wconf 75' lang='grc' dir='ltr'><strong>καὶ</strong></span> <span class='ocrx_word' id='word_1_842' title='bbox 2564 5204 2683 5274; x_wconf 75' lang='grc' dir='ltr'>μετ’</span> <span class='ocrx_word' id='word_1_843' title='bbox 2704 5198 2867 5255; x_wconf 82' lang='grc' dir='ltr'>αὑτοῦ</span> <span class='ocrx_word' id='word_1_844' title='bbox 2905 5198 3181 5271; x_wconf 84' lang='grc' dir='ltr'>δεύτερος,</span> <span class='ocrx_word' id='word_1_845' title='bbox 3220 5198 3319 5251; x_wconf 74' lang='grc' dir='ltr'><strong>καὶ</strong></span> <span class='ocrx_word' id='word_1_846' title='bbox 3349 5197 3534 5268; x_wconf 83' lang='grc' dir='ltr'>τρίτος</span> <span class='ocrx_word' id='word_1_847' title='bbox 3556 5235 3569 5257; x_wconf 94' lang='grc'><strong>,</strong></span> <span class='ocrx_word' id='word_1_848' title='bbox 3604 5192 3682 5245; x_wconf 78' lang='grc' dir='ltr'><strong>καὶ</strong></span> 
     </span>
    </p>
   </div>
   <div class='ocr_carea' id='block_1_112' title="bbox 2110 5290 3681 5368">
    <p class='ocr_par' dir='ltr' id='par_1_112' title="bbox 2110 5290 3681 5368">
     <span class='ocr_line' id='line_1_112' title="bbox 2110 5290 3681 5368; baseline -0.012 -15"><span class='ocrx_word' id='word_1_849' title='bbox 2110 5299 2365 5368; x_wconf 80' lang='grc' dir='ltr'>καθεξῆς,</span> <span class='ocrx_word' id='word_1_850' title='bbox 2395 5299 2491 5351; x_wconf 78' lang='grc' dir='ltr'>καὶ</span> <span class='ocrx_word' id='word_1_851' title='bbox 2509 5296 2679 5360; x_wconf 75' lang='grc' dir='ltr'>οὓτως</span> <span class='ocrx_word' id='word_1_852' title='bbox 2704 5296 2833 5358; x_wconf 73' lang='grc' dir='ltr'>ἴσως</span> <span class='ocrx_word' id='word_1_853' title='bbox 2870 5292 3265 5367; x_wconf 77' lang='grc' dir='ltr'>ἐπικρατοῦσιν</span> <span class='ocrx_word' id='word_1_854' title='bbox 3292 5292 3342 5343; x_wconf 79' lang='lat' dir='ltr'><strong>oi</strong></span> <span class='ocrx_word' id='word_1_855' title='bbox 3364 5290 3505 5352; x_wconf 86' lang='grc' dir='ltr'>τέως</span> <span class='ocrx_word' id='word_1_856' title='bbox 3528 5301 3681 5354; x_wconf 76' lang='grc' dir='ltr'>παρα-</span> 
     </span>
    </p>
   </div>
   <div class='ocr_carea' id='block_1_113' title="bbox 2108 5375 3680 5457">
    <p class='ocr_par' dir='ltr' id='par_1_113' title="bbox 2108 5375 3680 5457">
     <span class='ocr_line' id='line_1_113' title="bbox 2108 5375 3680 5457; baseline -0.011 -14"><span class='ocrx_word' id='word_1_857' title='bbox 2108 5389 2438 5452; x_wconf 78' lang='grc' dir='ltr'>πεπονθότες</span> <span class='ocrx_word' id='word_1_858' title='bbox 2463 5406 2476 5418; x_wconf 92' lang='grc'><strong>·</strong></span> <span class='ocrx_word' id='word_1_859' title='bbox 2523 5388 2618 5444; x_wconf 77' lang='grc' dir='ltr'><strong>καὶ</strong></span> <span class='ocrx_word' id='word_1_860' title='bbox 2668 5387 2760 5441; x_wconf 73' lang='grc' dir='ltr'>ἐπὶ</span> <span class='ocrx_word' id='word_1_861' title='bbox 2796 5386 2895 5457; x_wconf 83' lang='grc' dir='ltr'><strong>τῆς</strong></span> <span class='ocrx_word' id='word_1_862' title='bbox 2943 5384 3131 5453; x_wconf 81' lang='grc' dir='ltr'>κοινῆς</span> <span class='ocrx_word' id='word_1_863' title='bbox 3187 5381 3448 5452; x_wconf 81' lang='grc' dir='ltr'>γνώσεως</span> <span class='ocrx_word' id='word_1_864' title='bbox 3503 5375 3680 5451; x_wconf 72' lang='grc' dir='ltr'>μερικὰ</span> 
     </span>
    </p>
   </div>
   <div class='ocr_carea' id='block_1_114' title="bbox 2105 5466 3679 5549">
    <p class='ocr_par' dir='ltr' id='par_1_114' title="bbox 2105 5466 3679 5549">
     <span class='ocr_line' id='line_1_114' title="bbox 2105 5466 3679 5549; baseline -0.011 -15"><span class='ocrx_word' id='word_1_865' title='bbox 2105 5482 2199 5535; x_wconf 70' lang='grc' dir='ltr'><strong>καὶ</strong></span> <span class='ocrx_word' id='word_1_866' title='bbox 2224 5478 2458 5549; x_wconf 81' lang='grc' dir='ltr'>αἰσθητὰ</span> <span class='ocrx_word' id='word_1_867' title='bbox 2488 5478 2832 5548; x_wconf 85' lang='grc' dir='ltr'>συναγόμενα</span> <span class='ocrx_word' id='word_1_868' title='bbox 2868 5476 2930 5529; x_wconf 82' lang='grc' dir='ltr'><strong>τὸ</strong></span> <span class='ocrx_word' id='word_1_869' title='bbox 2953 5476 3133 5529; x_wconf 81' lang='grc' dir='ltr'>κοινὸν</span> <span class='ocrx_word' id='word_1_870' title='bbox 3165 5473 3409 5528; x_wconf 78' lang='grc' dir='ltr'>ποιοῦσι.</span> <span class='ocrx_word' id='word_1_871' title='bbox 3469 5470 3555 5540; x_wconf 82' lang='grc' dir='ltr'><strong>Τῷ</strong></span> <span class='ocrx_word' id='word_1_872' title='bbox 3586 5466 3679 5536; x_wconf 74' lang='grc' dir='ltr'>γὰρ</span> 
     </span>
    </p>
   </div>
   <div class='ocr_carea' id='block_1_115' title="bbox 2104 5560 3676 5643">
    <p class='ocr_par' dir='ltr' id='par_1_115' title="bbox 2104 5560 3676 5643">
     <span class='ocr_line' id='line_1_115' title="bbox 2104 5560 3676 5643; baseline -0.013 -12"><span class='ocrx_word' id='word_1_873' title='bbox 2104 5576 2332 5638; x_wconf 73' lang='grc' dir='ltr'>πολλοὺς</span> <span class='ocrx_word' id='word_1_874' title='bbox 2371 5573 2629 5637; x_wconf 83' lang='grc' dir='ltr'>πολλάκις</span> <span class='ocrx_word' id='word_1_875' title='bbox 2663 5572 2831 5642; x_wconf 83' lang='grc' dir='ltr'>ὁποίῳ</span> <span class='ocrx_word' id='word_1_876' title='bbox 2850 5571 2914 5643; x_wconf 85' lang='grc' dir='ltr'><strong>δή</strong></span> <span class='ocrx_word' id='word_1_877' title='bbox 2938 5588 3047 5625; x_wconf 88' lang='grc' dir='ltr'>τινι</span> <span class='ocrx_word' id='word_1_878' title='bbox 3072 5572 3206 5640; x_wconf 75' lang='grc' dir='ltr'>πυρὶ</span> <span class='ocrx_word' id='word_1_879' title='bbox 3244 5569 3563 5639; x_wconf 79' lang='grc' dir='ltr'>πλησιάσαι,</span> <span class='ocrx_word' id='word_1_880' title='bbox 3600 5560 3676 5613; x_wconf 64' lang='grc' dir='ltr'>καὶ</span> 
     </span>
    </p>
   </div>
   <div class='ocr_carea' id='block_1_116' title="bbox 2096 5654 3676 5740">
    <p class='ocr_par' dir='ltr' id='par_1_116' title="bbox 2096 5654 3676 5740">
     <span class='ocr_line' id='line_1_116' title="bbox 2096 5654 3676 5740; baseline -0.013 -17"><span class='ocrx_word' id='word_1_881' title='bbox 2096 5665 2489 5740; x_wconf 78' lang='grc' dir='ltr'>θερμανθῆναι,</span> <span class='ocrx_word' id='word_1_882' title='bbox 2532 5668 2566 5737; x_wconf 77' lang='grc' dir='ltr'>ἡ</span> <span class='ocrx_word' id='word_1_883' title='bbox 2604 5664 2866 5735; x_wconf 76' lang='grc' dir='ltr'>καθολικὴ</span> <span class='ocrx_word' id='word_1_884' title='bbox 2890 5664 3185 5732; x_wconf 74' lang='grc' dir='ltr'>ἐπεγένετο</span> <span class='ocrx_word' id='word_1_885' title='bbox 3222 5661 3451 5732; x_wconf 86' lang='grc' dir='ltr'>γνῶσις,</span> <span class='ocrx_word' id='word_1_886' title='bbox 3475 5660 3556 5713; x_wconf 76' lang='grc' dir='ltr'>ὅτι</span> <span class='ocrx_word' id='word_1_887' title='bbox 3587 5654 3676 5705; x_wconf 75' lang='grc' dir='ltr'>πᾶν</span> 
     </span>
    </p>
   </div>
  </div>
