3768 6312
99 328 202 385 88!

680 326 771 381 DE
807 328 1060 385 DIVINIS
1093 330 1490 399 NOMINIBUS,
1526 335 1680 390 CAP.
1716 334 1829 393 νη.
1861 366 1933 376 -·
1957 335 2303 391 PARAPHR.
2330 336 2800 394 PACHYMERAE.

3260 338 3365 395 882

88 444 202 516 πῦρ
219 443 530 517 θερμαίνει·
546 446 605 512 ἐξ
619 441 680 504 οὗ
698 446 881 503 κοινοῦ
905 450 1380 522 σνμπεριεχομένη
1398 453 1430 523 ἡ
1448 454 1576 523 ἡμετ

1877 454 2031 508 nlunt
2061 456 2152 524 qui
2186 467 2314 509 ante
2350 455 2807 519 succumbebant;
2840 453 3174 509 similiterin
3222 469 3365 508 com-

82 538 320 601 διάνοια,
354 538 548 611 ἕτερον
574 540 916 610 μανθάνειδι’
946 541 1287 613 αὐτοῦ,ὂπερ
1302 543 1511 596 ἐπὶτῶν
1525 544 1686 612 ἀγγέ-

82 627 195 681 λων
211 628 315 681 οὐκ
349 628 522 682 ἔστιν·
542 629 675 682 ἀλλά
702 630 900 693 παντὸς
915 629 1127 694 ὑλικοῦ,
1148 630 1387 702 δηλονότι
1403 630 1681 704 αἰσθητοῦ,

86 722 181 774 καὶ
211 719 461 792 πλήθους
492 722 733 794 μερικιῖλν
764 740 925 777 τινων
963 723 1682 797 γνώσεωνηκαθαρεύοντες,

83 808 339 873 ὲνοειδῶς
356 811 462 881 οὐχ
485 810 698 864 ἅπαντα
716 810 783 865 τὰ
802 812 920 866 θεῖα
934 813 1166 878 νοοῦσιν,
1199 813 1313 867 ἀλλ’
1329 817 1429 869 ὅσα
1446 815 1683 870 νοεῖσθαι

83 898 301 963 τούτοις
329 899 633 968 πεφύκασι,
655 900 741 954 διὰ
774 901 872 973 τὴν
904 902 1013 955 ἀπὸ
1047 902 1183 957 Θεοῦ
1215 905 1353 975 πρὸς
1378 906 1576 969 αὐτοὺς
1606 904 1685 958 ελ-

85 987 317 1058 λαμψιν,
349 984 499 1062 ᾖτινι
520 991 613 1045 καί
638 992 1111 1061 καταγλαῖςονται,
1138 995 1384 1067 καὶπρὸς
1404 996 1465 1049 τὸ
1487 997 1684 1050 ἑνιαῖον

84 1080 517 1135 ἀνατυποῦνται·
548 1081 706 1137 τοῦτο
724 1084 833 1155 γάρ
864 1086 1012 1139 ἐστιν
1031 1085 1210 1139 αὐτῶν
1227 1087 1289 1140 τὸ
1305 1086 1554 1151 θεοειδές.
1585 1087 1685 1142 Διά

85 1171 292 1242 ταύτην
314 1171 417 1244 τὴν
443 1173 595 1228 θείαν
618 1176 807 1246 σοφίαν
823 1176 919 1231 καὶ
934 1179 987 1230 αἰ
1004 1176 1172 1249 ψυχαὶ
1197 1179 1259 1231 τὸ
1280 1179 1499 1249 λογικὸν
1526 1179 1681 1252 ἐχου-

87 1277 160 1315 σι.
212 1262 317 1316 Διὰ
347 1264 481 1319 τίδὲ
506 1266 566 1319 οὐ
594 1266 655 1319 τὸ
688 1267 903 1334 νοερὸν
933 1266 1086 1322 εἶπεν
1105 1310 1119 1333 ,
1154 1270 1291 1324 άλλά
1324 1271 1385 1324 τὸ
1412 1271 1680 1341 λογικὸν,

88 1354 118 1423 ἦ
163 1355 325 1425 δῆλον
358 1357 427 1409 ὲκ
465 1356 559 1409 τοῦ
593 1357 1011 1423 πλεονάζοντος’
1071 1361 1248 1415 πάντα
1285 1361 1395 1434 γὰρ
1428 1362 1498 1416 τὰ
1553 1365 1683 1435 τῇδε

85 1446 184 1498 ὅσα
210 1446 425 1501 οἴδασιν
459 1450 514 1502 αἰ
567 1449 737 1519 ψυχαὶ
777 1450 1085 1517 διεξοδικῶς
1123 1453 1190 1505 δι’
1225 1454 1570 1521 ἀποδείξεων,
1602 1456 1683 1509 ἔτι

86 1537 139 1589 δὲ
191 1539 291 1591 καὶ⁵
318 1538 411 1592 διὰ
458 1540 700 1612 μερικῶν
729 1542 1034 1614 αἰσθήσεων
1057 1544 1256 1599 οἴδασι.
1309 1547 1390 1600 Τά
1412 1548 1468 1601 δὲ
1516 1548 1683 1619 νοητὰ

86 1630 195 1680 νοεῖ
233 1630 268 1699 ὴ
292 1628 445 1700 ψυχὴ
468 1631 528 1683 οὑ
562 1632 696 1686 καθὸ
736 1633 882 1705 ψυχὴ
929 1634 1085 1704 λόγον
1128 1637 1347 1707 ἔχουσα,
1380 1639 1518 1693 ἀλλὰ
1548 1640 1683 1694 καθὸ

86 1720 207 1784 νοῦς
228 1739 242 1751 ·
296 1722 423 1775 τότε
465 1722 575 1795 γὰρ
600 1721 741 1779 οἶδεν
768 1728 796 1779 6
840 1727 965 1791 νοῦς
995 1728 1063 1781 τὰ
1088 1730 1276 1799 νοητὰ,
1306 1732 1396 1785 ὅτε
1422 1733 1495 1804 μὴ
1523 1732 1681 1803 μόνον

87 1811 192 1864 τῶν
218 1813 522 1883 αἰσθητῶν,
547 1815 683 1873 ἀλλὰ
731 1818 824 1870 καὶ
866 1819 964 1889 τῆς
1010 1818 1189 1889 ψυχῆς
1219 1822 1313 1874 καὶ
1359 1821 1553 1874 ἑαυτοῦ
1577 1821 1685 1885 ἐξί-
1714 1810 1756 1863 Β

87 1923 298 1959 σταται.
336 1908 513 1961 Τοῦτο
556 1909 708 1980 δηλοῖ
741 1911 835 1964 καὶ
858 1912 887 1962 ὁ
915 1912 1056 1974 θεῖος
1095 1912 1435 1977 Ἀπόστολος,
1480 1914 1541 1966 '0
1566 1916 1685 1982 ψυ-

86 1998 252 2063 χικὸς
292 1998 632 2065 ἄνθρωπος,
660 2000 853 2070 λέγων,
893 2006 963 2057 οὐ
999 2002 1234 2073 δέχεται
1261 2005 1335 2059 τὰ
1355 2005 1460 2059 τοῦ
1499 2007 1681 2060 πνεύ-

80 2103 287 2155 ματος.
356 2089 766 2144 Ἀπολείπονται
807 2088 899 2146 οὖν
930 2096 985 2147 αἰ
1015 2094 1184 2165 ψυχαὶ
1210 2095 1319 2148 τῶν
1355 2096 1569 2151 ὲνιαίων
1589 2100 1683 2152 καὶ

86 2178 397 2247 ἁγγελικῶν
423 2180 560 2234 νοῶν
601 2180 679 2252 τῷ
742 2184 971 2255 ποικίλῳ
1021 2187 1115 2238 καὶ
1150 2186 1393 2257 μεριστῷ
1415 2188 1513 2258 τῆς
1544 2207 1681 2242 παν-

84 2270 352 2335 τοδαποῦς
378 2271 654 2339 γνώσεως.
695 2270 850 2340 Εἶτα,
880 2277 1066 2348 ἐπειδὴ
1096 2281 1153 2330 αἰ
1191 2278 1332 2331 κατὰ
1375 2278 1476 2343 τὰς
1503 2280 1681 2351 ψυχὰς

84 2362 338 2429 γνώσεις,
372 2364 463 2417 διὰ
486 2364 644 2434 λόγου
667 2367 970 2437 γινόμεναι,
1002 2372 1083 2432 εἰς
1105 2371 1166 2423 τὸ
1193 2371 1250 2423 ἒν
1281 2372 1680 2426 συνελίττονται

85 2454 261 2521 (τοῦτο
284 2456 399 2527 γάρ
434 2458 551 2509 ἐστι
579 2458 674 2511 καὶ
726 2458 786 2511 τὸ
824 2464 935 2514 καθ
955 2460 969 2479 ’
996 2462 1142 2515 αὐτὸ
1184 2465 1279 2515 καὶ
1306 2464 1368 2515 τὸ
1415 2466 1679 2519 καθόλου

84 2545 191 2614 τῆς
231 2548 609 2615 ἀποδείξεως
629 2551 668 2621 ')
698 2551 973 2616 ἀξιοῦνται
1004 2556 1174 2607 καἰαί
1199 2556 1369 2627 ψυχαί
1390 2556 1497 2610 τῶν
1527 2560 1680 2626 ἰσαγ-

84 2636 275 2704 γέλων.
347 2638 450 2690 Διὰ
519 2639 716 2705 τοῦτο,
765 2642 956 2714 νόησαι
1006 2641 1198 2697 δὲ’καὶ
1236 2646 1476 2709 ἐνιαίως,
1508 2647 1583 2711 ὼς
1612 2647 1678 2702 ἂν

83 2727 224 2781 εἴποι
272 2745 384 2793 τις,
420 2731 663 2785 νοοῦσινο
699 2732 731 2802 ἢ
760 2735 854 2787 καὶ
896 2734 1089 2800 ἄλλως,
1139 2738 1227 2789 ὅτε
1262 2738 1335 2809 μὴ
1364 2738 1449 2791 διὰ
1495 2738 1675 2807 λόγου,

84 2819 216 2873 ἀλλά
242 2822 311 2874 δι’
329 2823 595 2876 ἐπιπόνου
633 2825 727 2878 καὶ
751 2828 868 2879 κατ’
896 2827 1096 2898 ἀρετὴν
1124 2828 1311 2894 ἕξεως,
1335 2829 1363 2882 ὃ
1385 2830 1475 2882 καὶ
1505 2834 1679 2901 κρεῖτ-

83 2929 191 2973 τον,
234 2916 317 2975 εἰς
368 2914 430 2966 τὸ
461 2916 662 2968 ὲνιαῖον
717 2918 816 2988 τῆς
846 2918 1100 2987 γνώσεως
1155 2920 1447 2989 φθάνουσι·
1496 2923 1679 2988 καθὼς

84 3002 225 3057 ἐστιν
246 3005 380 3057 ἰδεῖν
400 3008 461 3059 ὲν
486 3009 598 3070 τοῖς
614 3008 870 3076 μεγάλοις
891 3010 986 3063 καὶ
1020 3010 1184 3075 θείοις
1202 3014 1471 3084 πατράσιν
1499 3016 1532 3084 ἡ
1541 3013 1675 3084 μῶν,

82 3099 189 3159 τοῖς
217 3096 294 3168 μὴ
321 3098 435 3150 ἀπὸ
467 3098 780 3169 μαθήσεως,
808 3100 923 3153 ἀλλ’
952 3101 1060 3154 ἀπὸ
1090 3102 1457 3174 καθαρότητος
1486 3104 1587 3175 τῆς
1608 3106 1677 3159 δι’

85 3188 301 3260 cipe-rip,
336 3192 421 3253 εἰς
470 3191 712 3261 μεγάλας
762 3192 996 3265 θεωρίας
1038 3193 1273 3259 ἐλθοῦσι,
1323 3199 1417 3251 καὶ
1447 3204 1679 3267 γνώσεις

85 3278 419 3352 θειοτέραςῆ
458 3281 600 3336 κατά
626 3282 931 3354 ἄνθρωπον.
966 3287 1087 3339 Ἔτι
1114 3288 1215 3340 οὐκ
1239 3288 1304 3341 ἂν
1342 3290 1564 3363 ἁμάρτῃ
1594 3309 1678 3354 τις

84 3372 173 3424 καὶ
222 3372 357 3442 περὶ
396 3372 506 3426 τῶν
553 3374 859 3446 αἰσθήσεων
888 3378 1328 3450 ἀποφηνάμενος,
1377 3383 1459 3435 ὅτι
1489 3383 1677 3436 τελευ-

82 3466 227 3513 ταῖον
258 3463 542 3533 ἀπήχημα
581 3465 681 3534 τῆς
708 3465 858 3531 θείας
889 3468 1083 3537 σοφίας
1137 3473 1278 3525 εἰσίν
1298 3490 1310 3501 ·
1356 3474 1539 3543 ἔχουσι
1567 3476 1677 3548 γὰρ

83 3554 175 3605 καὶ
195 3549 358 3607 αὗται
403 3554 520 3617 ἕξιν
561 3555 683 3609 τινὰ
727 3558 1121 3632 ἀντιληπτικὴν
1149 3562 1260 3614 τῶν
1304 3564 1678 3635 ὑποκειμένων

85 3647 175 3697 καὶ
206 3646 544 3718 γνωστικὴν,
577 3649 625 3700 εἰ
665 3650 760 3702 καὶ
793 3653 1125 3722 σωματικῶν
1176 3656 1567 3727 αἰσθητηρίων,
1607 3658 1676 3711 δι’

84 3730 157 3788 ὧν
186 3738 285 3809 τῆς
320 3738 505 3809 ψυχῆς
530 3738 875 3810 παρακύψαι,
904 3743 1196 3797 ἐνδέονται.
1237 3748 1296 3798 Oi
1319 3746 1377 3797 δὲ
1399 3746 1673 3817 δαίμονες,

84 3829 216 3883 καθὸ
254 3830 381 3883 νοῦν
412 3829 511 3882 καὶ
544 3831 698 3885 αὐτοὶ
732 3831 965 3903 ἔχουσιν,
988 3837 1054 3888 ὲκ
1082 3836 1183 3905 τῆς
1210 3838 1401 3905 σοφίας
1420 3837 1513 3890 τοῦ
1538 3838 1675 3891 Θεοῦ

82 3921 267 3974 τοῦτον
293 3922 625 3991 κέκτηνται·
668 3922 1033 3995 ἀλογήσαντες
1051 3926 1127 3991 δὲ,
1161 3929 1255 3981 καὶ
1290 3928 1363 3998 μὴ
1394 3929 1675 3999 μείναντες

82 4011 216 4083 ὅπερ
239 4009 406 4083 ἦσαν,
432 4011 707 4067 ἔκπτωσιν
726 4016 917 4085 σοφίας
944 4016 1144 4087 μᾶλλον
1171 4018 1492 4088 ὑπέμειναν.
1528 4018 1676 4087 Ἐφί-

83 4118 199 4154 εται
228 4103 328 4172 μὲν
352 4102 468 4173 γὰρ
499 4102 560 4166 ἐξ
584 4102 810 4171 ἀλογίας
834 4107 929 4159 καὶ
952 4106 1094 4159 θέλει
1120 4107 1180 4160 τὸ
1202 4107 1406 4161 ἰσόθεον
1432 4110 1460 4161 6
1487 4109 1677 4181 δαιμό-

82 4208 191 4254 νιος
219 4191 366 4256 νοῦς,
388 4194 495 4245 οὐκ
530 4189 637 4245 οἶδε
662 4194 719 4247 δὲ
744 4197 893 4259 ὅπως
921 4197 1113 4250 τούτου
1156 4202 1340 4270 τυχεῖν
1363 4199 1589 4264 ἔνεστιν,
1613 4202 1674 4254 οὐ

82 4280 260 4347 φύσει,
280 4282 475 4335 παθὼν
489 4282 586 4355 τὴν
601 4284 841 4353 ἄγνοιαν,
860 4287 973 4341 ἀλλ’
992 4288 1253 4353 ἑκουσίως
1268 4290 1326 4342 τὺ
1343 4290 1495 4362 παρὰ
1516 4290 1676 4360 φύσιν

83 4364 426 4445 αἱρούμενος.
453 4375 617 4427 Ὥστε
633 4378 725 4430 καὶ
744 4379 867 4431 ἐπεὶ
881 4378 1050 4451 ὴλογη
1058 4379 1217 4451 μένος
1237 4382 1383 4434 ἐστὶν
1399 4382 1426 4434 ὁ
1444 4381 1552 4435 τῶν
1567 4383 1678 4435 δαι-

1787 546 1935 599 muni
1987 548 2340 616 cognitione,
2395 547 2690 602 divisibilia
2752 544 3083 615 sensiliaque
3137 540 3363 599 collec'a

1786 653 2075 696 commune
2122 641 2250 707 quid
2309 639 2536 695 faciunt.
2621 640 2757 694 Nam
2796 656 2861 696 ex
2904 655 2970 694 eo
3014 641 3160 708 quod
3211 638 3364 691 multi

1785 730 2102 802 frequenter
2121 732 2187 786 ad
2222 733 2399 801 ignem
2436 732 2667 801 aliquem
2724 733 3052 787 accedentes
3111 730 3363 785 calefacti

1785 824 1913 891 sint,
1939 824 2214 879 communi
2256 824 2445 879 notitia
2478 834 2764 893 acceptum
2816 833 2919 888 est,
2943 838 3159 878 omnem
3185 822 3364 893 ignem

1785 918 2105 983 calefacere,
2141 932 2248 988 qua
2302 917 2577 974 communi
2613 917 2807 972 notitia
2861 915 3157 971 informata
3213 932 3367 971 mens

1786 1019 2000 1073 nostra,
2018 1022 2086 1062 ex
2111 1023 2173 1062 ea
2203 1008 2480 1078 quidpiam
2508 1006 2652 1061 aliud
2676 1006 2875 1072 discit;
2901 1006 3046 1075 quod
3076 1021 3182 1060 non
3204 1005 3369 1060 habet

1786 1105 1963 1161 locum
2005 1106 2058 1161 in
2100 1105 2306 1174 angelis
2340 1127 2353 1161 :
2383 1106 2481 1161 sed
2531 1106 2599 1161 ab
2644 1105 2793 1159 omni
2833 1105 3129 1171 materiali,
3172 1104 3226 1159 id
3279 1114 3366 1159 est

1785 1201 2027 1259 sensibili
2066 1200 2425 1256 divisihilium
2476 1201 2762 1256 notionum
2820 1199 3169 1254 multitudine
3218 1199 3367 1269 puri,

1786 1299 2146 1354 uniformiter'
2188 1313 2275 1352 res
2314 1295 2549 1359 divinas,
2575 1292 2867 1364 46811οη
2902 1307 3093 1348 omnes
3124 1292 3364 1361 quldem,

1784 1393 1877 1447 sed
1908 1407 2044 1462 quas
2073 1407 2168 1447 eos
2198 1404 2358 1446 nosse
2388 1387 2471 1442 fas
2500 1395 2604 1453 est,
2635 1401 2732 1454 per
2759 1386 3001 1440 divinam
3038 1384 3368 1439 illustratio-

1786 1500 1909 1538 nem
1942 1481 2272 1553 intelligunt,
2324 1498 2431 1553 qua
2482 1479 2830 1535 illustrantur
2886 1486 2942 1531 et
2976 1481 3043 1533 ad
3094 1477 3367 1530 unitatem

1784 1575 2180 1630 informantur:
2201 1574 2255 1630 in
2281 1576 2381 1630 hac
2400 1576 2545 1631 enim
2569 1575 2670 1629 sita
2690 1584 2978 1629 esteorum
2999 1570 3366 1625 deiformitas.

1789 1665 1893 1721 Per
1915 1668 2056 1721 hanc
2076 1681 2296 1736 quoque
2325 1666 2567 1721 divinam
2607 1663 2931 1732 sapientiam
2974 1662 3138 1717 etiam
3173 1661 3370 1715 animze

1786 1768 2145 1823 ratiocinandi
2170 1768 2279 1822 vim
2304 1768 2576 1823 obtinent.
2627 1766 2741 1821 Cur
2767 1776 2952 1819 autem
3004 1779 3113 1818 non
3159 1762 3368 1834 νοερόν,

1784 1876 1880 1916 seu
1901 1861 2253 1931 intelligendi,
2281 1860 2374 1914 sed
2398 1858 2638 1927 λογικόν,
2666 1856 2717 1910 id
2750 1864 2832 1911 est
2876 1855 3233 1910 ratiocinandi
3262 1853 3368 1907 vim

1785 1954 2008 2017 dixerit,
2032 1969 2099 2009 ex
2147 1952 2447 2007 abundanti
2502 1948 2851 2005 manifestum
2881 1948 2974 2012 fit;
3006 1947 3188 2001 omnia
3222 1945 3370 2001 enim

1784 2045 2017 2116 quaehic
2043 2046 2243 2099 animae
2285 2053 2507 2110 norunt,
2546 2058 2645 2113 per
2670 2041 2822 2095 fusas
2872 2041 3115 2094 rationes
3165 2054 3229 2091 ac
3274 2037 3369 2090 de-

1785 2138 2232 2203 monstrationes,
2259 2138 2507 2206 quiuimo
2533 2135 2698 2189 etiam
2724 2148 2824 2202 per
2859 2132 3200 2186 sensationes
3222 2128 3366 2181 divi-

1786 2230 1974 2285 sibiles
2008 2230 2333 2300 percipiunt.
2391 2227 2737 2283 lntellectilia
2766 2239 2896 2279 vero
2947 2227 3131 2277 anima
3176 2219 3373 2275 intelli-

1785 2322 1883 2391 git,
1914 2337 2020 2375 non
2067 2321 2118 2375 in
2170 2328 2435 2391 quantum
2467 2320 2648 2373 anima
2682 2318 2946 2371 rationem
2976 2316 3166 2377 habet,
3190 2312 3283 2367 sed
3314 2314 3367 2364 in

1785 2421 2048 2483 quantum
2088 2429 2245 2468 mens
2274 2421 2358 2467 cst
2386 2427 2483 2465 seu
2542 2408 2852 2464 intellectus
2887 2425 2901 2462 :
2939 2420 3067 2461 tunc
3098 2406 3247 2460 enim
3288 2404 3372 2457 in-

1787 2504 1982 2575 telligit
2035 2519 2191 2559 mens
2244 2504 2635 2573 intelligibilia,
2666 2504 2888 2574 quando
2934 2511 2989 2555 et
3026 2500 3263 2553 animam
3316 2504 3372 2549 et

1785 2598 2138 2665 semetipsam
2171 2597 2396 2651 deserit.
2459 2594 2575 2650 Hoc
2608 2598 2884 2667 significat
2911 2608 3129 2663 quoque
3157 2591 3371 2643 divinus

1784 2696 2076 2766 Apostolus
2121 2694 2309 2749 dicens
2340 2711 2354 2746 :
2390 2693 2652 2748 Animalia
2687 2696 2837 2748 homo
2875 2712 2977 2750 non
3000 2696 3138 2763 capit
3166 2710 3225 2746 ea
3255 2706 3375 2761 quae

1782 2798 1905 2842 sunt
1943 2788 2160 2857 spiritus
2185 2797 2232 2841 ν.
2302 2787 2574 2843 Deﬁciunt
2615 2790 2798 2860 itaque
2855 2789 3051 2843 anima:
3105 2786 3174 2840 ab
3209 2785 3374 2838 nnitis

1786 2886 1891 2940 illis
1923 2895 1978 2939 et
2010 2884 2276 2955 angelicis
2308 2884 2584 2939 mentibus
2617 2883 2880 2937 varietate
2905 2890 2961 2934 et
2988 2877 3373 2933 divisibilitate

1784 2978 2090 3049 omnigenae
2116 2975 2470 3046 cognitionis.
2505 2976 2714 3031 Deinde
2742 2989 2863 3028 cum
2893 2988 2969 3027 exe
3000 2970 3372 3040 cognitiones,

1787 3082 1911 3137 quae
1943 3067 2241 3121 secundum
2276 3066 2492 3121 animas
2550 3065 2707 3130 fiunt,
2740 3066 2793 3119 in
2842 3078 3010 3118 unum
3049 3061 3368 3129 conglome-

1707 3148 1749 3204 (ἶ
1785 3168 1976 3213 rantur
2002 3158 2130 3229 (hoc
2159 3158 2308 3212 enim
2336 3168 2420 3212 est
2445 3158 2610 3212 etiam
2637 3159 2927 3211 secundum
2952 3171 3007 3209 se
3033 3163 3088 3209 et
3118 3152 3373 3206 universa:

1782 3252 2279 3307 demonstrationis)
2311 3253 2511 3306 anima:
2537 3264 2754 3319 quoque
2776 3248 2991 3317 angelis
3021 3246 3369 3314 mquiparan-

1783 3351 1891 3399 tur.
1938 3344 2150 3400 Idcirco
2186 3343 2474 3398 considera
2504 3344 2671 3401 etiam
2700 3350 2758 3395 ut
2806 3340 2991 3405 unite,
3042 3346 3101 3392 ut
3142 3338 3215 3391 ita
3250 3335 3374 3405 quis

1783 3434 2005 3501 dixerit,
2033 3434 2340 3504 intelligant
2368 3451 2385 3491 :
2420 3435 2640 3503 quando
2679 3431 2933 3486 videlicet
2979 3428 3113 3482 alias
3144 3442 3249 3481 non
3279 3440 3375 3494 per

1782 3526 2073 3592 rationem,
2117 3526 2210 3582 sed
2235 3542 2335 3597 per
2361 3528 2589 3581 arduum
2620 3526 2919 3593 virtutique
2939 3535 3237 3590 congruum
3262 3516 3367 3570 ha-

1783 3618 1979 3685 bitum,
2026 3621 2171 3689 quod
2200 3622 2390 3690 utique
2414 3619 2764 3691 praestantius
2814 3625 2918 3681 est,
2951 3616 3015 3669 ad
3046 3611 3375 3683 cognitionis

1783 3712 2051 3767 unitatem
2079 3712 2425 3782 pertingant;
2481 3711 2625 3765 sicut
2654 3710 2841 3762 videre
2889 3707 3020 3760 licet
3049 3705 3103 3759 in
3151 3702 3367 3770 magnis

1782 3818 1847 3857 ac
1883 3804 2081 3859 divinis
2138 3802 2393 3857 Patribus
2453 3802 2678 3865 nostris,
2727 3800 2821 3870 qui
2885 3814 2995 3853 non
3035 3795 3365 3857 eruditione,

1782 3895 1877 3949 sed
1911 3896 2172 3964 puritate,
2205 3908 2303 3963 per
2344 3895 2605 3948 virtutem
2659 3892 2727 3945 ad
2762 3904 2989 3958 magnas
3036 3885 3371 3954 contempla-

1780 3989 1957 4042 tiones
2004 3987 2427 4055 divinioresque,
2476 4000 2596 4054 qua:
2632 3986 2929 4038 humanum
2964 3989 3179 4049 captum
3206 3993 3369 4046 supe—

1779 4092 1923 4143 rent,
1951 4079 2289 4151 cognitiones
2332 4085 2720 4147 pervenerunt.
2762 4075 2846 4129 Ad
2878 4074 2991 4126 haec
3020 4084 3363 4138 nequaquam

1782 4172 2076 4236 aberrabit,
2109 4172 2203 4240 qui
2235 4186 2432 4226 sensus
2455 4184 2672 4239 quoque
2702 4169 2852 4237 ipsos
2873 4174 3182 4219 extremum
3205 4160 3367 4231 quasi

1781 4268 2069 4338 quamdam
2097 4266 2290 4320 divinae
2329 4264 2607 4334 sapientia:
2636 4259 3006 4317 resonantiam
3038 4253 3361 4325 appellarit:

1746 4420 1752 4429 ί
1781 4376 1905 4414 nam
1930 4369 1984 4414 et
2012 4359 2113 4429 ipsi
2142 4356 2607 4412 habenthabitum
2637 4351 2950 4423 quemdam,
2975 4363 3082 4419 quo
3116 4346 3208 4402 illa
3247 4360 3369 4415 qua:

85 4465 283 4532 μονίων
301 4466 448 4529 νοῦς,
473 4467 533 4520 οὐ
554 4470 734 4537 σοφὸς,
752 4468 887 4523 ἀλλά
911 4450 1102 4540 σοφίας
1118 4472 1492 4537 ἐκπεπτωκὼς
1519 4476 1573 4545 ρτ

1884 4453 2252 4523 subjiciuntur
2276 4450 2548 4521 recipiant
2570 4456 2625 4503 et
2651 4451 3011 4516 cognoscant,
3047 4454 3364 4510 quanquam

83 4574 256 4613 σεται.
301 4557 441 4613 Ἀλλ’
462 4560 545 4613 ὅτι
580 4559 678 4629 μὲν
700 4563 734 4632 ἡ
763 4561 884 4615 θεία
914 4563 1077 4632 σοφία
1108 4564 1310 4629 παντὸς
1344 4566 1437 4620 νοῦ
1474 4568 1568 4620 καὶ
1590 4567 1676 4619 λό-

78 4668 197 4718 γου,
227 4651 323 4703 καὶ
365 4650 551 4719 πάσης
575 4652 880 4725 αἰσθήσεως
904 4654 1198 4719 ὑποστάτις
1221 4658 1338 4710 ἐστί
1394 4659 1489 4711 καὶ
1530 4658 1676 4711 αἰτία

76 4745 327 4815 εἴρηται,
376 4743 498 4808 πῶς
539 4745 595 4798 δὲ
621 4746 784 4812 αὐτὸς
831 4748 860 4800 6
902 4747 1212 4818 ὑπέρσοφος
1266 4751 1398 4814 Θεὸς
1452 4756 1563 4806 νοεῖ
1604 4752 1674 4804 τὰ

86 4836 263 4908 νοητὰ,
292 4837 327 4909 ἧ
355 4835 427 4889 τὰ
458 4837 692 4910 αἰσθητά
716 4880 730 4904 ,
763 4840 898 4911 μηδὲ
942 4841 1135 4913 νοερᾶς
1182 4841 1320 4912 ἔχων
1368 4845 1671 4915 ἐνεργείας,

85 4932 171 4983 (at
198 4929 386 5001 πάσης
418 4929 726 5012 αἰσθήσεως
755 4934 1214 5006 ὑπεριδρυμένος;
1236 4935 1430 4988 Καίτοι
1451 4937 1583 5005 φασὶ
1602 4938 1672 4991 τὰ

79 5020 195 5074 θεῖα
231 5023 328 5076 καὶ
357 5022 480 5094 ἰερὰ
509 5024 820 5093 Εὑαγγέλια
843 5066 858 5091 ,
885 5028 1065 5094 Κύριε
1084 5066 1099 5091 ,
1139 5026 1221 5080 σὺ
1246 5025 1443 5082 πάντα
1481 5028 1669 5094 οἶδας.

88 5113 309 5185 Ῥητέον
333 5111 451 5179 οῦν,
477 5117 616 5187 ὅπερ
647 5116 783 5188 ἔφην
806 5117 1083 5183 πολλάκις,
1107 5119 1188 5172 ὅτι
1210 5118 1279 5171 τὰ
1305 5117 1446 5172 κατὰ
1474 5119 1673 5190 στέρη-

80 5222 161 5259 σιν
180 5206 455 5282 λεγόμενα
476 5210 570 5263 ἐπὶ
610 5209 769 5275 Θεοῦ,
827 5213 920 5265 καὶ
971 5211 1041 5266 τὰ
1083 5213 1303 5266 ἐναντία
1328 5211 1672 5284 ὑπεροχικῶς

79 5296 347 5363 νοοῦνται,
373 5299 436 5351 τὸ
470 5298 685 5368 ἄλογον,
716 5300 778 5353 τὸ
812 5299 994 5365 ἄνουν,
1025 5300 1086 5352 τὸ
1110 5301 1318 5369 ἀναφὲς
1337 5340 1351 5366 ,
1403 5300 1464 5353 τὸ
1504 5298 1673 5370 ἀόρα-

79 5408 202 5455 τον,
252 5390 402 5445 ὥστε
455 5392 483 5444 6
535 5390 677 5456 θεῖος
733 5390 860 5455 νοῦς
888 5392 1072 5446 πάντα
1113 5392 1348 5464 συνέχει,
1376 5391 1523 5445 κατά
1548 5406 1672 5443 τινα

80 5481 427 5555 ὲξῃρημένην
462 5482 666 5551 γνῶσιν
696 5483 1041 5556 προειληφὼς
1074 5484 1172 5557 τὴν
1199 5487 1416 5539 πάντων
1445 5483 1669 5555 εἴδησιν,

81 5573 153 5639 ὡς
181 5577 355 5641 αἰτιος
380 5576 624 5639 πάντων,
656 5577 752 5631 καὶ
782 5578 957 5634 πάντα
986 5577 1142 5644 εἰδὼς
1174 5577 1404 5645 ἔνδοθεν,
1446 5576 1541 5632 καί
1565 5576 1666 5631 οὐκ

156 5770 182 5799 ν
216 5762 233 5819 l
270 5761 403 5818 Cor.
449 5775 509 5831 ll,
549 5760 638 5819 14.

1784 4547 2064 4617 corporeis
2098 4546 2481 4600 instrumentis
2509 4540 2789 4598 sensitivis
2825 4554 2963 4607 opus
2993 4537 3249 4597 habeant,
3273 4549 3369 4600 per

1783 4657 1902 4711 qua:
1946 4640 2126 4693 anima
2154 4638 2470 4707 prospiciat.
2520 4638 2806 4691 DthOﬂtBS
2829 4646 2980 4693 vero,
3010 4629 3063 4682 in
3096 4635 3362 4696 quantum

1779 4744 1836 4789 et
1868 4732 1970 4802 ipsi
2021 4739 2258 4785 mentem
2295 4730 2615 4793 hahent,ex
2655 4726 2842 4780 divina
2900 4720 3167 4790 sapientia
3222 4731 3369 4770 eam-

1782 4844 1904 4886 dem
1936 4832 2358 4896 compararunt;
2401 4838 2429 4876 a
2466 4823 2677 4875 ratione
2706 4830 2888 4874 autem
2953 4814 3155 4878 aversi,
3191 4825 3370 4877 neque

1781 4924 1836 4979 id
1884 4921 2029 4993 quod
2079 4928 2239 4974 erant
2300 4924 2706 4987 permanentes,
2736 4906 3144 4981 prolapsionem
3211 4918 3240 4957 a
3273 4917 3366 4955 sa-

1778 5014 1983 5086 pientia
2015 5012 2197 5084 potius
2222 5010 2616 5064 sustinuerunt.
2659 5003 2942 5073 Siquidem
2982 5014 3136 5053 mens
3161 4996 3366 5050 dmino-

1778 5107 1933 5161 niaca
1972 5119 2042 5160 ex
2092 5101 2506 5160 irrationalitate
2560 5096 2732 5152 ambit
2793 5098 2848 5147 et
2909 5091 3129 5148 aﬂ‘ectat
3184 5100 3367 5154 aequa-

1775 5200 1987 5256 litatem
2044 5197 2169 5261 Dei,
2223 5194 2320 5250 sed
2386 5191 2561 5247 nescit
2612 5185 2887 5259 quomodo
2955 5198 3075 5239 eam
3140 5177 3364 5247 assequi

1780 5292 1988 5363 possit;
2018 5304 2125 5344 non
2156 5287 2304 5358 quod
2345 5293 2539 5339 natura
2581 5281 2839 5351 ignorans
2878 5275 2970 5339 sit,
3016 5274 3111 5328 sed
3165 5266 3366 5323 volun-

1786 5361 1925 5439 tarie
1961 5385 2014 5439 id
2068 5381 2212 5452 quod
2255 5388 2444 5434 contra
2478 5383 2748 5443 Luaturam
2793 5379 2878 5426 est
2922 5368 3112 5437 eligat.
3188 5361 3362 5425 Unde,

1782 5477 1836 5532 in
1887 5484 2150 5547 quantum
2195 5485 2349 5527 mens
2406 5469 2714 5523 daemonum
2776 5479 2807 5518 a
2869 5461 3084 5516 ratione
3141 5454 3357 5547 deficit,

1776 5546 2121 5641 nequaquam
2159 5567 2380 5639 sapiens
2404 5606 2419 5634 ,
2473 5562 2572 5618 sed
2613 5577 2643 5615 a
2684 5558 2951 5630 sapientia
2978 5550 3244 5611 defecisse
3280 5546 3368 5603 di-
