3768 6290
411 304 520 360 885

1583 309 1639 365 S.
1685 303 1983 365 DIONYSH
2019 306 2483 362 AREOPAGI'UE

3571 313 3671 369 884

411 428 588 474 cetur.
621 419 786 490 469
814 421 919 473 Sed
956 420 1210 488 quoniam
1248 422 1432 477 divina
1475 422 1753 492 Sapientia
1799 441 1899 479 omi

2174 422 2343 486 ἱλλου,
2371 423 2404 493 ἢ
2434 423 2523 476 διὰ
2547 440 2691 487 τινος
2719 424 2884 495 ἄλλης
2907 426 3375 499 προϋπαρχούσης
3391 426 3662 495 γνώσεως·

409 511 613 563 mentis
640 520 696 564 et
728 511 954 565 rationis
981 513 1270 582 omnisque
1298 530 1495 570 sensus
1517 516 1760 570 eﬂ'ectrix
1794 528 1848 571 et
1869 526 1975 584 est,

409 609 464 652 et
492 616 655 654 causa
689 602 909 664 dicitur,
939 603 1211 672 quomodo
1241 607 1467 673 ipsemet
1506 623 1834 678 supraquam
1884 624 1976 662 sa-

410 693 567 759 piens
604 693 746 746 Deus
778 695 1034 764 intelligit
1087 697 1448 768 intelligibilia
1502 701 1818 765 sensiliave,
1854 715 1978 756 cum

408 799 586 853 neque
626 785 993 855 intelligentes
1031 788 1230 843 habeat
1264 793 1615 860 operationes
1643 832 1659 855 .
1703 803 1759 848 et
1811 809 1976 863 supra

405 890 625 930 onmem
661 892 880 931 sensum
912 879 983 933 sit
1008 880 1354 936 collocatus?
1380 884 1638 938 Attamen
1666 885 1850 938 divina
1876 901 1973 940 sa—

407 979 606 1034 craque
629 965 919 1036 Evangelia
950 969 1169 1023 dicunt:
1197 971 1436 1039 Domine,
1461 982 1518 1026 tu
1539 975 1715 1028 omnia
1748 977 1882 1028 nosti
1903 977 1975 1029 ν’.

407 1056 706 1112 Dicendum
734 1059 939 1128 itaque,
978 1061 1121 1131 quod
1153 1061 1261 1116 dixi
1289 1066 1506 1132 saepius,
1557 1065 1700 1134 quod
1729 1081 1851 1135 quae
1881 1081 1978 1135 per

403 1149 769 1218 privationem
801 1153 866 1206 de
898 1152 1007 1207 Deo
1037 1155 1319 1220 dicuntur,
1341 1164 1396 1210 et
1420 1159 1720 1222 contraria,
1752 1173 1849 1226 per
1881 1173 1978 1212 ex-

403 1240 712 1296 cellentiam
739 1243 1133 1314 intelligantur,
1170 1257 1229 1300 ut
1261 1248 1597 1315 irrationale,
1647 1264 1859 1314 amens,
1893 1251 1977 1304 in-

406 1333 610 1399 tactile,
647 1334 938 1403 invisibile,
985 1338 1058 1390 ita
1094 1347 1151 1391 ut
1178 1339 1360 1393 divina
1406 1357 1560 1397 mens
1583 1343 1762 1396 omnia
1799 1344 1976 1397 conti-

404 1435 554 1488 neat,
589 1427 888 1480 secundum
920 1430 1253 1485 eminentem
1283 1434 1574 1501 quamdam
1605 1435 1975 1503 cognitionem

403 1517 650 1570 omnium
679 1521 931 1574 notitiam
965 1523 1334 1592 anticipando,
1371 1534 1628 1594 tanquam
1659 1541 1824 1580 causa
1857 1542 1978 1582 om-

403 1608 555 1661 nium
581 1611 882 1680 omniaque
913 1611 1220 1669 intrinsece
1249 1631 1506 1681 noscens,
1532 1627 1585 1672 et
1610 1632 1715 1671 non
1750 1634 1815 1673 ex
1844 1618 1972 1685 alio,

404 1715 584 1769 neque
610 1717 710 1770 per
753 1703 988 1773 aliquam
1018 1707 1182 1761 aliam
1211 1710 1682 1778 praeexsistentem
1709 1711 1978 1780 cognitio-

405 1807 563 1856 nem;
595 1795 738 1848 etab
763 1796 880 1865 ipso
909 1797 1063 1852 initio
1089 1814 1346 1861 noscens,
1381 1816 1488 1856 non
1509 1801 1575 1854 ab
1605 1801 1761 1855 initio
1797 1815 1978 1855 rerum

405 1886 814 1952 productarum,
846 1888 940 1942 sed
991 1891 1060 1944 ab
1098 1891 1395 1946 universali
1442 1893 1600 1946 initio
1653 1893 1798 1957 Deo;
1831 1893 1978 1962 quod

403 1993 524 2030 cum
556 1994 663 2032 non
698 1981 836 2034 satis
867 1985 1155 2037 commode
1181 1983 1232 2037 in
1263 1985 1371 2038 Deo
1400 1984 1572 2053 accipi
1612 1988 1784 2054 possit
1814 1985 1977 2055 (quo-

403 2068 552 2121 niam
583 2069 726 2123 Deus
750 2070 868 2124 sine
899 2071 1057 2125 initio
1093 2081 1201 2135 est,
1244 2081 1299 2126 et
1328 2073 1616 2142 plusquam
1643 2075 1760 2128 sine
1789 2073 1975 2144 initio)

403 2161 651 2215 correxit
678 2161 810 2216 illud
847 2163 1128 2219 addendo:
1158 2164 1228 2218 Ut
1259 2165 1333 2218 ita
1361 2165 1560 2219 dicam.
1596 2165 1763 2220 Recte
1811 2165 1980 2233 igitur

402 2253 568 2306 etiam
605 2269 838 2323 magnus
866 2253 1100 2310 Basilius
1138 2257 1235 2323 ait,
1261 2258 1508 2326 quaedam
1550 2272 1675 2312 esse
1712 2272 1832 2325 qum
1854 2257 1979 2326 qui-

402 2343 523 2398 dem
550 2345 818 2416 principio
851 2355 1065 2410 carent,
1099 2348 1192 2401 sed
1224 2347 1387 2402 linem
1425 2346 1646 2413 habent,
1688 2359 1747 2402 ut
1784 2349 1980 2402 divina:

403 2435 511 2490 illa:
538 2438 836 2492 creationis
866 2439 1350 2509 cogitationes;ab
1381 2439 1538 2494 initio
1579 2441 1750 2504 enim,
1805 2451 1864 2495 ut
1901 2441 1978 2496 ita

403 2527 609 2591 dicam,
637 2532 780 2598 apud
814 2529 1128 2587 Creatorem
1159 2531 1315 2588 fuere
1368 2533 1607 2587 rationes
1655 2534 1975 2588 creationis.

400 2615 536 2672 Nam
585 2620 790 2675 idcirco
833 2621 1034 2675 dicitur
1070 2640 1082 2674 :
1123 2622 1227 2688 Qui
1261 2624 1398 2676 nosti
1446 2625 1624 2676 omnia
1671 2625 1978 2694 priusquam

399 2705 532 2776 ﬁant
551 2714 662 2776 "';
690 2727 920 2780 quorum
944 2712 1208 2780 originem
1234 2715 1401 2773 novit,
1432 2730 1538 2767 non
1562 2713 1790 2782 quodex
1818 2715 1883 2768 iis
1901 2715 1980 2768 di-

403 2809 525 2853 scat
551 2801 736 2870 qualia
763 2803 894 2866 sint,
934 2804 1008 2856 uti
1045 2804 1350 2859 declaravit
1379 2803 1600 2859 dicens:
1646 2804 1762 2860 Non
1793 2821 1858 2858 ex
1893 2819 1980 2858 re-

400 2888 502 2944 bus
529 2890 664 2959 ipsis
693 2910 781 2948 res
809 2895 1048 2960 discens,
1082 2913 1258 2966 neque
1287 2897 1518 2968 singulis
1547 2899 1846 2952 secundum
1876 2915 1976 2953 cu-

395 2997 595 3053 iusque
622 2986 863 3053 speciem
917 2986 1248 3052 intendens,
1309 2990 1404 3042 sed
1449 2998 1708 3057 tanquam
1759 2999 1977 3043 creator

2083 515 2175 568 καὶ
2206 515 2299 567 ἀπ’
2329 515 2502 584 αὐτῆς
2534 515 2636 584 τῆς
2664 516 2839 588 ἀρχῆς
2867 517 3026 582 εἰδὼς
3045 560 3060 582 ,
3088 521 3149 573 οὐ
3195 519 3298 590 τῆς
3337 520 3525 591 ἀρχῆς
3568 522 3670 573 τῶν

2084 607 2495 678 παραχθέντων,
2522 607 2656 660 ἀλλά
2678 610 2778 680 τῆς
2804 611 3100 681 ωθολικῆς
3134 613 3315 684 ἀρχῆς
3355 613 3457 665 τοῦ
3499 613 3631 666 Θεοῦ
3652 632 3664 644 ·

2081 699 2240 770 ὅπερ,
2285 701 2408 753 ἐπεὶ
2443 702 2544 753 οὐκ
2601 702 2798 770 εὐαγές
2843 705 2959 756 ἐστι
3015 705 3318 776 λαμϐάνειν
3364 707 3466 759 ἐπὶ
3521 706 3664 770 Θεοῦ,

2083 790 2346 862 (ἄναρχος
2374 791 2482 863 γὰρ
2512 793 2607 845 καὶ
2638 794 3016 866 ὑπεράναρχος
3042 798 3072 848 ὁ
3104 797 3282 866 Θεός.)
3323 797 3559 851 ἐκόλασε
3592 799 3667 850 διὰ

2078 883 2195 946 τοῦ,
2223 883 2516 937 Ἰνέῑπω.
2551 884 2748 948 Καλῶς
2792 885 2925 954 γοῦν
2953 889 3048 941 καὶ
3086 889 3114 940 ὁ
3164 889 3345 959 μέγας
3397 889 3669 953 Βασίλειος

2079 973 2310 1044 τίθησιν,
2335 975 2416 1026 ὅτι
2433 975 2539 1028 εἰσί
2557 993 2700 1039 τινα,
2720 976 2930 1048 ἄναρχα
2950 979 3068 1048 μὲν,
3089 979 3350 1050 τελευτὴν
3374 979 3436 1031 δὲ
3464 981 3664 1049 ἔχοντα,

2080 1062 2250 1130 λέγων
2275 1062 2374 1125 τὰς
2400 1062 2548 1127 θείας
2568 1066 2670 1134 τῆς
2695 1066 3056 1136 δημιουργίας
3077 1068 3295 1138 νοήσεις
3313 1084 3329 1098 ο
3365 1069 3471 1120 ἀπ’
3503 1069 3665 1139 ἀρῂς

2079 1154 2208 1223 γὰρ,
2232 1153 2298 1204 ἵν’
2329 1153 2502 1217 οὕτως
2529 1154 2702 1219 εἴπω,
2755 1155 2904 1226 παρά
2941 1155 3019 1226 τῷ
3046 1155 3369 1226 δημιουργῷ
3419 1159 3475 1208 οἱ
3528 1157 3664 1222 λόγοι

2079 1245 2178 1313 τῆς
2202 1246 2451 1308 κτίσεως.
2479 1243 2580 1299 Διά
2601 1246 2760 1298 τοῦτο
2783 1246 2892 1317 γὰρ
2918 1247 3134 1316 λέγεται
3163 1249 3259 1300 καὶ
3277 1248 3362 1300 τό·
3422 1248 3489 1300 Ὃ
3509 1247 3666 1311 εἰδὼς

2079 1334 2274 1387 πάντα
2289 1336 2430 1404 πρὶν
2443 1336 2733 1404 γενέσεως
2751 1337 2949 1390 αὐτῶν
2964 1355 2976 1368 ·
3004 1331 3079 1392 ὧν
3090 1336 3190 1409 τὴν
3214 1337 3463 1406 γένεσιν,
3491 1340 3588 1390 οὐκ
3611 1340 3666 1389 ἐκ

2078 1425 2171 1478 τοῦ
2195 1427 2633 1496 καταμανθάνειν
2655 1427 2796 1480 αὑτά
2819 1430 2979 1483 ὁποῖά
3003 1430 3126 1482 τινά
3149 1432 3290 1482 εἰσιν
3321 1430 3442 1499 ἔχει
3463 1446 3477 1458 ·
3522 1429 3666 1481 τοῦτο

2079 1518 2187 1587 γάρ
2201 1518 2487 1589 ἐδήλωσεν,
2504 1537 2526 1571 ε
2536 1518 2692 1584 ἱπών,
2713 1523 2823 1575 οὐκ
2837 1520 2906 1574 ἐκ
2928 1519 3046 1574 τῶν
3056 1520 3249 1575 ὄντων
3263 1522 3340 1574 τὰ
3363 1521 3516 1573 ὄντα
3530 1538 3667 1588 μανι

2079 1609 2404 1673 θάνων,κα“ι
2425 1610 2506 1675 τὸ,
2531 1611 2603 1664 οὐ
2632 1611 2758 1665 κατ’
2791 1611 2959 1665 ἰδέαν
2994 1611 3278 1680 ἑκάστοις
3306 1613 3662 1676 ἐπιϐάλλων,

2079 1700 2192 1753 ἀλλ’
2211 1701 2285 1765 ὠς
2311 1702 2537 1773 ποιητὴς
2563 1702 2766 1756 τούτων
2789 1703 2887 1774 τὴν
2901 1703 3106 1774 εἴδησιν
3125 1703 3236 1756 τῶν
3258 1705 3486 1758 οἰκείων
3502 1705 3664 1776 ἔργων

2197 1794 2280 1826 ,ι-
2393 1793 2566 1826 οπρν
2756 1796 2836 1827 ν..-
2957 1792 3297 1834 εινῖ...
3421 1797 3665 1830 τρρρ

2084 1811 2328 1866 προεχει,
2358 1794 2513 1858 ειδω,
2539 1813 2688 1859 οπως
2710 1813 2850 1849 αυ..α
2885 1814 2980 1848 και
3013 1813 3080 1864 ιφ
3133 1814 3216 1860 ο.ς
3261 1798 3500 1867 ..αράςιι
3547 1797 3661 1868 πρὸ,

2083 1885 2315 1953 γένεσιν.
2365 1879 2464 1939 Ὦν
2506 1889 2538 1957 ἡ
2576 1886 2902 1959 παρατροπὴ
2925 1889 3075 1959 καὶὴ
3116 1887 3360 1957 ἔλλειψις
3385 1929 3400 1952 ,
3451 1890 3663 1960 ἦγουνή

2082 1976 2350 2045 ἀποτυχία
2377 1977 2471 2029 καὶ
2496 1979 2529 2047 ή
2558 1977 2848 2049 ἀδυναμία,
2873 1980 2933 2031 τὸ
2954 1978 3123 2032 κακὸν
3147 1980 3386 2047 εἰσάγει,
3431 1983 3500 2050 τῇ
3552 1997 3664 2032 στε-

2086 2068 2352 2138 ρήσειτοῦ
2371 2069 2511 2122 κατά
2540 2070 2700 2139 φύσιν
2740 2070 2798 2123 τὸ
2840 2071 2991 2142 παρὰ
3038 2072 3200 2141 φύσιν
3240 2071 3503 2126 ποιοῦσα.
3535 2072 3665 2142 Πρὸς

2080 2161 2244 2214 τοῦτο
2265 2161 2375 2233 γάρ
2406 2163 2465 2216 τὸ
2502 2163 2597 2216 τοῦ
2631 2163 2809 2232 φωτὸς
2852 2165 3177 2234 παρήγαγεν
3221 2165 3537 2235 ὑπόδειγμα
3559 2181 3572 2193 °
3605 2166 3661 2232 τῇ

2081 2253 2191 2324 γάρ
2222 2252 2412 2306 τούτου
2445 2255 2700 2324 στερήσει
2744 2253 2806 2306 τὸ
2832 2253 3022 2318 σκότος
3071 2255 3492 2323 παρυφίσταται
3519 2293 3535 2319 ,
3581 2255 3664 2307 καὶ

2081 2344 2261 2396 αἰτίαν
2288 2343 2398 2413 ἔχει
2420 2343 2519 2414 τὴν
2546 2344 2814 2397 ἀπουσίαν
2834 2344 2933 2415 τῆς
2963 2343 3056 2396 τοῦ
3084 2345 3267 2414 φωτὸς
3295 2345 3540 2414 φύσεως,
3573 2346 3663 2399 ῶσ-

2082 2453 2188 2506 περ
2222 2435 2446 2489 καὶτῶν
2486 2437 2794 2507 στερήσεων
2832 2438 2888 2489 αἱ
2938 2437 3079 2503 ἕξεις
3123 2437 3505 2510 ἀρχικώτεραι
3545 2457 3663 2507 τυγ-

2081 2535 2451 2604 χάνουσι,καὶ,
2481 2535 2555 2599 ὡς
2587 2536 2651 2588 ἄν
2685 2552 2769 2598 τις
2806 2534 2969 2598 εἴποι,
2996 2533 3186 2588 αἰτίαι.
3212 2534 3429 2604 Μηδεὶς
3459 2532 3586 2602 γοῦν
3605 2534 3661 2584 ἐκ

2079 2630 2283 2684 τούτων
2315 2632 2449 2701 πρὸς
2484 2632 2714 2695 ἀτόπους
2741 2631 3028 2699 ἐπαγὲσθω
3055 2630 3284 2694 ἐννοίας,
3310 2630 3457 2682 ὥστε
3497 2629 3661 2697 λέγειν

2081 2726 2308 2779 καὶτῶν
2344 2727 2531 2780 κακῶν
2566 2729 2625 2779 ὲν
2675 2724 2853 2795 ἐαυτῷ
2906 2725 3023 2776 κατ’
3049 2723 3230 2776 αἰτίαν
3279 2723 3540 2793 προέχειν
3581 2720 3661 2772 τὸν

2079 2819 2232 2881 Θεὸν,
2259 2820 2423 2890 ἤγουν
2442 2819 2618 2872 αἴτιον
2645 2819 2820 2873 αὐτῶν
2844 2821 2906 2870 ἐκ
2936 2817 3126 2870 τούτου
3154 2816 3488 2884 συνάγεσθαι
3515 2815 3661 2867 αὐτὸν

2080 2908 2252 2965 εἶναι·
2277 2912 2376 2982 ἤδη
2418 2911 2527 2982 γὰρ
2556 2911 2720 2976 ἔδειξε
2756 2912 2891 2982 μήτε
2919 2910 2999 2973 ὂν,
3032 2910 3166 2980 μήτε
3193 2911 3254 2961 ἐν
3291 2910 3409 2970 τοῖς
3447 2902 3565 2959 οὖσι
3606 2906 3662 2956 τὸ

2081 3004 2267 3056 κακόν.
2293 3004 2464 3056 Τοῦτο
2515 3003 2570 3056 δὲ
2616 3003 2765 3075 δηλοῖ
2796 3003 2889 3055 καὶ
2931 3002 2991 3054 τὸ
3032 3001 3413 3072 παράδειγμα.
3463 2999 3659 3066 Ὠσπερ

399 3089 622 3130 suorqu
699 3092 928 3148 Operum
989 3079 1268 3148 prmhabet
1323 3081 1730 3151 cognitionem,
1795 3081 1887 3135 SCit

2168 3115 2189 3165 ο
2220 3095 2355 3159 εἴτις
2383 3095 2636 3148 ὑπόθοιτο
2661 3095 2722 3147 τὸ
2757 3094 2871 3163 φῶς
2920 3091 3074 3146 τοῦτο
3123 3091 3186 3144 τὸ
3232 3091 3432 3161 ὁρατὸν
3465 3089 3656 3148 τέννουν

398 3169 622 3234 quando
650 3179 705 3224 et
729 3171 930 3238 quibus
956 3173 1132 3227 modis
1162 3173 1252 3225 illa
1289 3173 1360 3227 sit
1387 3173 1782 3242 producturus.
1832 3173 1977 3238 Quo-

402 3274 524 3312 rum
549 3264 830 3328 perversio
856 3259 913 3316 "et
937 3263 1190 3327 defectio,
1227 3265 1346 3318 sive
1397 3264 1683 3317 frustratio
1709 3273 1763 3318 et
1802 3265 1978 3332 impo-

401 3351 604 3415 tentia,
635 3354 836 3407 malum
888 3355 1212 3418 introducit.
1243 3357 1549 3426 privatione
1576 3357 1691 3424 ejus
1714 3360 1858 3425 quod
1891 3373 1978 3413 se-

402 3453 644 3506 cundum
677 3465 930 3507 naturam
964 3464 1072 3516 est,
1101 3455 1152 3507 id
1193 3455 1336 3522 quod
1373 3466 1563 3510 contra
1615 3467 1866 3510 naturam
1897 3467 1980 3513 est

401 3546 781 3602 introducens.
806 3547 887 3601 Ad
913 3547 1016 3602 hoc
1054 3552 1199 3603 enim
1228 3548 1363 3602 lucis
1409 3549 1717 3617 exemplum
1773 3551 1972 3616 attulit;

403 3653 529 3691 nam
555 3636 715 3705 hujus
752 3640 1061 3706 privatione
1087 3641 1323 3694 tenebra:
1345 3641 1642 3705 exsistunt,
1667 3651 1720 3694 et
1752 3657 1976 3696 causam

401 3728 607 3783 habent
629 3730 932 3785 absentiam
966 3743 1178 3786 naturr-e
1203 3734 1363 3796 lucis,
1391 3735 1534 3788 sicut
1569 3734 1733 3788 etiam
1760 3732 1977 3787 habitus

398 3821 825 3892 principaliores
855 3839 980 3877 sunt
1017 3825 1438 3894 privationibus,
1493 3835 1586 3888 et,
1640 3835 1699 3880 ut
1748 3825 1820 3880 ita
1855 3826 1977 3895 quis

399 3913 568 3982 dicat,
597 3931 794 3970 causae.
839 3914 1009 3970 Nemo
1034 3918 1216 3987 itaque
1258 3933 1324 3972 ex
1356 3918 1439 3973 his
1471 3919 1537 3973 ad
1571 3926 1680 3972 tam
1711 3919 1978 3974 absurdos

399 4007 704 4060 sententias
728 4006 1049 4074 abducatur,
1091 4008 1358 4072 utdieat,
1387 4010 1553 4062 etiam
1608 4008 1872 4065 malorum
1923 4011 1976 4064 ia

399 4096 581 4164 seipso
604 4111 827 4151 causam
861 4099 1066 4154 habere
1092 4098 1282 4165 Deum,
1311 4099 1425 4154 sive
1451 4099 1625 4168 ipsum
1677 4116 1798 4155 esse
1849 4116 1980 4154 cau-

399 4202 518 4241 sam
548 4205 648 4244 cur
671 4191 788 4245 haec
810 4190 1348 4260 producantur;jam
1384 4193 1595 4262 pridem
1617 4195 1764 4248 enim
1795 4203 1978 4249 osten-

401 4288 502 4352 dit,
533 4304 708 4357 neque
735 4304 834 4344 ens
857 4330 874 4355 ,
901 4305 1075 4359 neque
1127 4291 1182 4344 in
1241 4294 1404 4348 rebus
1439 4307 1562 4348 esse
1596 4294 1820 4349 malum.
1863 4293 1977 4347 Hoc

400 4393 533 4435 vero
556 4383 725 4436 etiam
757 4384 1003 4437 declarat
1041 4385 1374 4455 exemplum.
1402 4387 1557 4442 Sicut
1587 4388 1731 4442 enim
1775 4388 1820 4442 si
1854 4390 1977 4456 quis

2081 3182 2218 3238 εἶναι
2239 3187 2332 3238 καὶ
2351 3185 2590 3252 λογικὸν,
2617 3181 2733 3237 εἶτα
2764 3182 3066 3254 πυθοίμεθα
3088 3181 3278 3245 αὐτοῦ,
3317 3183 3369 3232 εί
3409 3179 3654 3249 γινώσκει

2078 3281 2138 3332 τὸ
2163 3281 2373 3342 σκότος,
2412 3279 2473 3331 τὸ
2492 3279 2548 3331 δὲ
2577 3279 2720 3331 εἴποι
2742 3274 3032 3344 γινώσκειν
3056 3275 3148 3326 καὶ
3180 3273 3315 3344 πρὶν
3343 3273 3569 3342 γένηται
3603 3269 3656 3320 τὸ

2081 3373 2269 3436 σκότος
2287 3389 2300 3401 ο
2327 3371 2612 3440 γινώσκειν
2637 3371 2694 3424 δὲ
2720 3370 2778 3422 οὐ
2806 3368 2948 3421 κατά
2968 3382 3089 3420 τινα
3121 3368 3339 3435 πεῖραν,
3391 3364 3532 3434 (πῶς
3559 3362 3655 3430 γάρ

2081 3464 2180 3517 ἴδοι
2205 3465 2392 3527 σκότος
2411 3465 2469 3516 τὸ
2497 3463 2645 3532 φῶςς
2679 3461 2854 3532 εξγὰρ
2891 3459 3004 3529 φῶς
3024 3500 3039 3523 ,
3083 3459 3184 3511 οὐκ
3215 3459 3373 3510 ἔσται
3419 3454 3654 3522 σκότος’)

2080 3559 2216 3612 ἀλλὰ
2239 3556 2531 3627 γινώσκειν
2557 3556 2702 3608 εἴποι
2741 3554 2801 3607 τὸ
2833 3553 3022 3615 σκότος
3069 3551 3208 3606 καθὸ
3246 3550 3401 3618 φῶς·
3455 3549 3535 3601 διὸ
3571 3546 3654 3599 καὶ

2079 3647 2241 3714 οἶδεν,
2267 3651 2368 3712 ὅτι,
2396 3648 2490 3700 saw
2516 3647 2768 3719 συστείλῃ
2789 3646 2848 3698 τὸ
2869 3648 3067 3698 οἰκεῖον
3091 3645 3228 3712 φῶς,
3252 3644 3432 3706 οὐδεὶς
3455 3641 3650 3710 ὂψεται.

2081 3741 2239 3797 Οὕτω
2278 3743 2370 3796 καὶ
2390 3744 2418 3794 ὁ
2442 3741 2573 3803 Θεὸς
2598 3740 2718 3792 κατ’
2744 3737 2923 3790 αἰτίαν
2947 3739 3005 3789 ὲν
3050 3734 3232 3805 ἑαυτῷ
3272 3735 3374 3805 τὴν
3413 3734 3654 3786 ἁπάντων

2079 3836 2285 3905 εἴδησιν
2330 3834 2476 3904 ἔχει,
2531 3833 2590 3885 οὐ
2638 3834 2704 3903 τῇ
2751 3830 2918 3900 πείρᾳ
2941 3829 3146 3898 ταύτην
3181 3825 3649 3894 ἐπικτησάμενος,

2081 3929 2234 3998 (ἐπεὶ
2271 3924 2518 3998 εὑρεθείη
2549 3927 2614 3979 ἂν
2647 3923 3105 3996 μεταγενέστερος
3152 3924 3181 3974 ὁ
3219 3915 3356 3983 Θεὸς
3386 3921 3486 3987 τῆς
3523 3914 3651 3986 γνώ-

2083 4039 2220 4084 σεως
2241 4021 2290 4088 ,)
2321 4019 2354 4090 ἢ
2385 4018 2523 4072 κατά
2557 4035 2678 4071 τινα
2715 4017 2904 4088 χρόνον
2966 4013 3039 4084 μὴ
3079 4011 3388 4082 γινώσκων.
3433 4007 3650 4081 Σημιοῦ

2078 4113 2135 4165 δὲ
2163 4111 2224 4163 τὸ
2258 4109 2496 4162 αἱτιατὸν
2521 4105 2659 4162 εἶναι
2687 4107 2747 4160 τὸ
2779 4105 2964 4168 σκότος
3000 4104 3062 4168 ἐξ
3099 4101 3394 4170 ἐλλείψεως
3432 4100 3524 4152 τοῦ
3549 4115 3649 4166 φω-

2078 4204 2202 4268 τὸς,
2237 4205 2373 4273 ὅπερ
2414 4201 2534 4253 ἐστὶ
2571 4199 2711 4252 κατὰ
2758 4195 3099 4267 Μανιχαίων.
3169 4193 3453 4247 Ἐντεῦθεν
3501 4206 3650 4243 κατα-

2081 4295 2356 4359 σκευάζει,
2388 4294 2470 4345 ὂτι
2502 4292 2642 4345 κατὰ
2671 4292 2796 4363 μίαν
2825 4291 2919 4342 καὶ
2938 4288 3037 4359 τὴν
3068 4286 3239 4359 αὐτὴν
3265 4286 3467 4354 γνῶσιν
3495 4281 3649 4342 ὀθεὸς

2081 4384 2189 4441 οἶδε
2221 4389 2315 4441 καὶ
2341 4385 2532 4438 ἑαυτὸν
2569 4386 2664 4436 καὶ
2697 4384 2766 4436 τὰ
2801 4383 2999 4442 πάντα,
3033 4380 3121 4432 διὰ
3153 4377 3316 4431 τοῦτο
3364 4378 3458 4430 καὶ
3490 4373 3648 4431 diale);

401 4471 576 4526 lucem
603 4474 745 4528 hanc
776 4475 1043 4530 visibilem
1080 4478 1276 4532 mentis
1306 4493 1368 4533 ac
1399 4480 1632 4535 rationis
1669 4490 1886 4549 compot

2185 4480 2366 4544 ὑλικά,
2399 4479 2493 4532 καὶ
2515 4477 2583 4531 τὰ
2618 4475 2846 4549 μεριστά
2874 4473 3191 4545 ἀμερίστως
3212 4512 3226 4535 ,
3267 4471 3363 4524 καὶ
3401 4469 3470 4520 τὰ
3498 4462 3645 4518 πολλᾶ

401 4577 708 4635 supponat;
741 4568 936 4624 deinde
969 4587 1223 4642 rogemus
1251 4571 1447 4641 ipsam,
1491 4588 1558 4626 an
1604 4575 1856 4627 tenebras
1889 4589 1980 4628 co-

401 4669 650 4726 gnoscat,
677 4659 790 4728 ipsa
820 4672 1004 4716 autem
1028 4679 1086 4717 se
1110 4679 1270 4718 nosse
1296 4664 1462 4741 dicat,
1493 4664 1656 4719 etiam
1685 4674 1978 4733 antequam

400 4751 645 4805 tenebrze
669 4751 834 4824 470
855 4763 1072 4820 essent;
1116 4769 1300 4820 nosse,
1328 4755 1574 4824 inquam,
1617 4772 1721 4808 non
1754 4771 1854 4825 per
1883 4755 1980 4808 ali-

398 4857 566 4912 quam
593 4847 989 4914 experientiam
1024 4846 1338 4917 (quomodo
1381 4847 1527 4901 enim
1579 4847 1671 4900 lux
1724 4847 1980 4901 tenebras

398 4937 603 4992 sciret?
632 4954 753 4992 nam
775 4939 819 4994 si
839 4940 930 4993 lux
953 4939 1046 5006 sit,
1077 4956 1181 4995 non
1207 4953 1368 4995 erunt
1389 4940 1671 5007 tenebrae),
1707 4944 1800 4994 sed
1821 4953 1980 4992 nosse

399 5031 548 5086 dicat
575 5033 833 5088 tenebras
870 5033 924 5086 in
966 5044 1230 5102 quantum
1267 5033 1357 5086 lux
1387 5042 1506 5099 est;
1535 5033 1768 5102 ideoque
1803 5031 1974 5097 novit,

398 5123 543 5192 quod
599 5124 645 5178 si
687 5125 968 5194 pmprium
1017 5125 1196 5179 lumen
1233 5125 1593 5186 contraxerit,
1629 5141 1788 5179 nemo
1829 5124 1981 5178 vide-

394 5218 494 5272 bit.
535 5217 610 5270 lta
635 5217 803 5270 etiam
851 5219 993 5272 Deus
1035 5233 1135 5287 per
1169 5233 1393 5273 causam
1427 5219 1670 5272 omnium
1712 5220 1764 5272 iu
1801 5235 1858 5273 se
1885 5233 1977 5273 co-

397 5310 701 5377 gnitionem
735 5311 920 5376 habet,
959 5327 1063 5364 nou
1095 5313 1238 5378 quod
1295 5311 1635 5378 experientia
1672 5327 1792 5365 eam
1828 5326 1980 5365 com-

397 5400 678 5470 paraverit
707 5401 856 5470 (tum
889 5401 1034 5455 enim
1065 5400 1208 5456 Deus
1248 5401 1559 5471 cognitione
1599 5402 1868 5471 posterior
1896 5401 1980 5454 in-

397 5494 737 5563 veniretur),
772 5494 949 5546 autin
978 5493 1160 5562 aliquo
1194 5504 1437 5562 tempore
1485 5511 1593 5548 non
1639 5493 1974 5561 cognoverit.

401 5581 544 5637 Nota
575 5592 779 5649 autem,
806 5583 1062 5640 tenebras
1089 5600 1208 5640 esse
1237 5584 1491 5640 eticctum
1527 5584 1618 5653 qui
1665 5599 1728 5638 ex
1764 5583 1976 5638 defectu

517 5762 562 5793 ν’
605 5749 898 5817 110311.11,
924 5756 1009 5812 20.
1051 5762 1121 5797 ν’
1157 5758 1360 5812 Daniel.
1404 5757 1636 5825 “11,42.

2083 4573 2337 4635 ὲνιαίωςο
2380 4570 2538 4633 me;
2560 4569 2669 4640 γὰρ
2697 4569 2791 4621 καὶ
2833 4567 3133 4636 ἀμέριστος
3179 4564 3274 4616 καὶ
3316 4562 3524 4623 ὲνιαξα,
3569 4555 3646 4609 καὶ

2082 4664 2250 4734 ἁπλῆ,
2281 4666 2314 4734 ἡ
2346 4662 2548 4732 γνῶσις
2578 4665 2611 4732 ἡ
2642 4661 2779 4714 θεία.
2819 4659 2992 4728 Εἴπερ
3044 4655 3310 4725 ἐλέγομεν
3357 4654 3442 4706 ὅτι
3487 4653 3544 4702 ἑν
3579 4644 3645 4714 τῷ

2082 4757 2182 4821 ὲνί,
2220 4752 2460 4824 δηλονότι
2487 4756 2545 4808 ὲν
2566 4757 2632 4825 τῇ
2687 4753 2784 4824 μιᾷ
2806 4751 2898 4805 καὶ
2930 4748 3075 4818 ἁπλῇ
3101 4749 3296 4817 δημιου
3308 4746 3468 4816 ργικῇ
3508 4737 3644 4794 δυνά-

2085 4865 2176 4918 μει
2206 4846 2481 4915 ὑπέστησε
2505 4844 2574 4898 τὰ
2605 4844 2858 4914 διάφορα,
2890 4839 3153 4892 οὕτωκαὶ
3174 4839 3232 4889 ἐν
3263 4837 3364 4898 ἑνὶ,
3413 4836 3571 4903 ἤγουν
3597 4831 3644 4880 ἐν

2082 4941 2258 5011 ἐνιαίᾳ
2282 4942 2374 4992 καὶ
2407 4939 2549 5010 ἁπλῇ
2581 4937 2799 5006 γνώσει,
2826 4935 2894 4987 τὰ
2938 4933 3175 5003 διάφορα
3213 4928 3472 4998 γινώσκει
3491 4945 3504 4956 ο
3528 4919 3641 4977 ἀλλὰ

2081 5035 2177 5087 καὶ
2200 5031 2434 5104 χορηγός
2464 5033 2580 5084 ἐστι
2613 5029 2794 5100 πάσης
2822 5025 3105 5095 γνώσεως,
3140 5023 3263 5076 καθ’
3301 5022 3368 5091 ἣν
3399 5011 3640 5104 γνώσεταί

2080 5143 2163 5188 τις
2190 5102 2283 5178 καὶ
2308 5123 2517 5186 ἑαυτὸν,
2550 5123 2643 5174 καὶ
2671 5120 2740 5172 τὰ
2764 5118 2917 5172 ἄλλα.
2951 5115 3066 5168 Οὔκ
3101 5113 3210 5184 ἄρα
3231 5113 3260 5164 ὁ
3282 5111 3415 5173 θεὸς
3439 5107 3550 5160 κατ’
3566 5102 3641 5156 ἆλ-

2079 5217 2177 5288 λην
2206 5217 2301 5288 μὲν
2327 5214 2527 5284 γνῶσιν
2555 5211 2820 5281 γνώσεται
2866 5206 3060 5260 ἑαυτὸν
3082 5246 3096 5268 ,
3142 5205 3260 5258 κατ’
3288 5202 3452 5271 ἄλλην
3492 5198 3545 5250 δὲ
3580 5193 3638 5288 τὰ

2079 5284 2553 5378 δημιουργήματα.
2572 5305 2634 5355 Ei
2654 5301 2782 5371 γοῦν
2806 5299 2944 5370 αὑτὴ
2965 5300 2997 5368 ἡ
3023 5296 3175 5349 αἰτία
3198 5295 3434 5356 πάντων,
3465 5284 3638 5378 Enati-3v

2201 5375 2294 5466 (Ξιφζ
2321 5375 2520 5465 ἑαυτῆς
2541 5393 2815 5462 γινώσκει,
2847 5391 2999 5460 πόσῳ
3029 5404 3095 5455 γε
3125 5385 3322 5457 μᾶλλον
3348 5382 3416 5436 τὰ
3449 5380 3538 5433 ἀπ’
3556 5375 3638 5428 αὑ-

2079 5491 2177 5560 τῆς
2206 5489 2512 5559 εἰδήσεται;
2548 5485 2682 5538 ἀλλά
2712 5486 2781 5554 τῇ
2817 5480 3032 5543 ἑαυτοῦ,
3071 5481 3167 5533 καὶ
3189 5477 3248 5530 οὐ
3269 5477 3335 5546 τῇ
3358 5473 3464 5526 τῶν
3489 5470 3636 5560 ὄντων

2081 5556 2381 5652 ἐπιστήμῃ.
2422 5579 2719 5651 Ἐπιχειρεῖ
2741 5573 2869 5646 γοῦν
2903 5577 2969 5628 ἐκ
2994 5571 3094 5625 τοῦ
3119 5571 3397 5632 ἐλάττονος
3413 5606 3427 5631 ,
3449 5565 3526 5619 ὅτι
3554 5556 3636 5614 καὶ
