3768 6360
138 308 273 366 885
756 312 847 367 DE
881 310 1137 369 DIVINIS
1172 312 1573 379 NOMINIBUS,
1614 318 1626 366 t

1971 342 2029 355 -α
2067 315 2414 371 PARAPHB.
2449 313 2919 371 PACHYMERIE.
3350 308 3459 374 886

145 430 206 481 οἱ
229 428 478 497 ἄγγελοι
499 429 675 485 οἴδασι
696 431 764 485 τὰ
792 432 1045 502 αἰσθητὰ,
1076 433 1136 485 οὐ
1167 432 1236 486 δι’
1259 432 1563 503 αἰσθήσεως
1589 450 1633 485 ατ

1966 434 2013 489 is
2051 436 2287 497 exsistit,
2347 432 2490 502 quod
2530 441 2613 485 est
2673 440 2871 485 contra
2914 428 3245 485 Mantcltmos
3313 431 3452 487 [line

158 520 649 590 προσϐάλλοντες,
687 522 821 577 ἀλλά
864 524 952 577 διὰ
988 525 1269 595 δυνάμεως
1306 524 1646 592 ἐπαναδεϐηκ

1963 527 2093 590 mat,
2124 523 2426 578 secundum
2469 536 2632 576 unam
2679 520 3037 589 eamdemque
3083 522 3449 591 cognitionem

145 614 585 679 ἐπιϐάλλοντες.
624 617 679 670 ’0
701 617 809 688 γὰρ
827 619 919 671 ἐπὶ
955 618 1049 671 τοῦ
1068 618 1274 671 Γεδεὼν
1303 621 1384 683 είς
1438 619 1534 690 τὴν
1574 619 1633 673 Ou

1959 632 2043 669 um
2075 631 2235 670 nosse
2261 624 2318 668 et
2346 614 2587 675 seipsum
2616 624 2670 668 et
2690 613 2900 677 omnia,
2926 622 3089 683 atque
3122 615 3258 669 adeo
3285 615 3447 669 etiam

145 706 456 760 ἐκϐάλλων
481 710 549 761 ἐκ
576 710 676 779 τῆς
694 710 899 781 πέτρας
922 711 1032 783 πῦρ
1063 713 1162 765 οὐκ
1183 712 1435 784 αἰσθήσει
1472 711 1633 778 οἶδεν,

1962 705 2312 760 materialiter
2340 703 2675 767 matcrialia,
2713 712 2768 757 et
2796 701 2969 757 divisa
3012 704 3266 767 indivise,
3307 704 3450 758 mul-

146 800 473 854 καυστικὸν
502 801 565 855 τὸ
590 804 721 874 πῦρ,
768 805 844 868 ὡς
876 806 1035 876 ἡμεῖς
1055 846 1071 869 ,
1110 805 1224 858 ἀλλ’
1260 805 1518 876 ἀνωτὲρῳ
1554 823 1634 876 τρι

1966 815 2031 853 ue
2055 800 2235 863 unite;
2280 797 2552 865 siquidem
2579 795 2990 862 immaterialis,
3038 806 3093 851 et
3144 797 3446 860 individua,

146 890 253 941 καὶ
299 891 452 945 κατά
493 893 593 965 τὴν
632 894 837 966 θεοειδῆ
892 894 1054 949 αὑτοῦ
1112 896 1361 968 δύναμιν.
1421 898 1484 949 Εἰ
1537 896 1634 965 γοῦ

1955 894 2127 959 unita‘,
2150 902 2204 947 et
2225 891 2454 961 simplex
2487 899 2571 944 est
2594 890 2789 946 notitia
2815 890 2941 945 Dei.
2964 890 3098 945 Cum
3126 890 3443 951 dixerimus.

146 979 393 1049 ἄγγελοι
415 985 791 1057 κρειττόνως-ἧ
816 988 934 1039 κατ’
959 986 1212 1058 αἴσθησιν
1228 988 1403 1041 οἴδασι
1418 987 1487 1040 τὰ
1502 987 1634 1040 αίσθ¹

1956 1001 2034 1039 im
2066 989 2122 1039 in
2166 1001 2294 1051 uno,
2342 982 2553 1038 scilicet
2585 983 2638 1038 in
2674 998 2781 1037 una
2838 982 3181 1053 simplicique
3223 983 3444 1037 creandi

148 1071 319 1142 πόσῳ
365 1074 570 1145 μᾶλλον
607 1079 635 1130 ὁ
672 1077 805 1141 Θεὸς
827 1077 1005 1143 ὰΰλως
1026 1078 1095 1132 τά
1128 1080 1321 1146 ἐνυλα;

1955 1077 2122 1133 ullate
2152 1116 2168 1141 ,
2200 1076 2418 1130 diversa
2441 1074 2771 1141 condidisse,
2796 1074 2875 1130 sic
2897 1074 3029 1130 etin
3062 1090 3192 1139 uno,
3232 1075 3346 1129 sive
3389 1074 3443 1127 in

150 1181 271 1222 una
323 1169 675 1241 simplicique
736 1174 1094 1244 cognitione',
1156 1174 1371 1229 diversa
1425 1171 2027 1246 cognoscit;quinimo
2051 1168 2474 1239 ctiamlargitor
2541 1175 2625 1223 est
2686 1166 2868 1221 omnis
2933 1167 3288 1238 cognitionis,
3345 1181 3445 1234 per

146 1276 331 1330 quam
359 1261 563 1331 aliquis
588 1272 644 1319 et
666 1279 724 1320 se
747 1271 802 1318 et
826 1263 932 1318 alia
954 1264 1254 1335 cognoscit.
1282 1265 1400 1320 Non
1432 1280 1562 1337 ergo
1591 1267 1735 1321 Deus
1773 1264 2075 1319 secundum
2140 1261 2303 1315 aliam
2349 1260 2570 1330 quidem
2632 1259 3005 1331 cognitionem
3050 1261 3291 1330 seipsum
3349 1278 3444 1316 co-

147 1364 421 1422 gnoscet,
459 1358 764 1412 secundum
791 1357 953 1412 aliam
972 1374 1102 1415 vero
1132 1370 1434 1417 creaturas.
1482 1360 1617 1417 Cum
1654 1360 1842 1429 itaque
1863 1359 1976 1428 ipsa
2004 1357 2249 1412 omnium
2302 1371 2467 1411 causa
2501 1356 2742 1425 seipsam
2809 1353 2979 1409 etiam
3030 1371 3060 1409 a
3123 1356 3303 1424 seipsa
3343 1372 3439 1411 co-

144 1456 416 1515 gnoscat,
447 1459 659 1517 quanto
690 1453 868 1523 magis
897 1463 1194 1523 cognoscet
1258 1471 1323 1511 ea
1384 1470 1504 1524 quae
1545 1469 1575 1507 a
1608 1468 1667 1508 se
1731 1451 2102 1522 promanant?
2159 1459 2543 1505 verumtamen
2594 1449 2679 1503 sui
2710 1447 2902 1517 ipsius,
2960 1457 3014 1501 et
3046 1463 3153 1503 non
3210 1451 3440 1504 scientia

146 1552 356 1591 eorum
390 1553 515 1608 quae
562 1552 709 1595 sunt.
761 1541 929 1598 Infert
970 1545 1141 1615 igitur
1183 1562 1212 1601 a
1244 1549 1477 1618 minori,
1528 1545 1751 1618 angelos
1778 1545 1942 1599 etiam
1976 1544 2121 1598 scire
2185 1542 2493 1609 sensibilia,
2548 1556 2656 1596 non
2731 1556 2831 1612 per
2873 1555 3068 1597 sensus
3108 1542 3215 1596 illis
3270 1543 3441 1597 inluc-

146 1630 354 1693 rendo,
378 1630 475 1685 sed
511 1647 610 1700 per
639 1635 897 1690 virtutem
929 1640 1436 1709 transcendentem,
1494 1642 1560 1696 iis
1608 1637 1969 1695 attendendo.
2038 1635 2141 1703 Qui
2194 1636 2341 1689 enim
2380 1650 2593 1691 coram.
2631 1634 2889 1689 Gedeonc
2926 1634 3106 1704 ignem
3156 1634 3209 1688 in
3268 1637 3442 1690 sacri-

148 1719 346 1774 licium
374 1736 440 1777 ex
472 1732 626 1792 petra
658 1725 935 1794 ejiciebat,
968 1744 1074 1784 non
1099 1734 1347 1803 percepit
1381 1747 1509 1787 eum
1559 1748 1746 1797 sensu,
1780 1730 1923 1785 sicut
1962 1742 2085 1792 nos,
2128 1726 2308 1795 ignem
2342 1718 2701 1792 comburere,
2727 1725 2820 1779 sed
2887 1725 3191 1779 sublimiori
3254 1725 3437 1787 modo,

145 1821 207 1865 et
255 1816 562 1870 secundum
580 1819 904 1875 deiformem
934 1836 1087 1877 suam
1125 1825 1409 1881 virtutem.
1457 1825 1516 1881 Si
1560 1827 1747 1895 itaque
1781 1820 1959 1893 angeli
1987 1819 2248 1875 nobiliori
2275 1818 2436 1874 modo
2471 1832 2637 1888 quam
2678 1818 2977 1873 secundum
3018 1832 3243 1872 sensum
3308 1832 3436 1871 sen-

147 1906 278 1959 silia
311 1921 676 1976 cognoscant,
705 1923 909 1983 quanto
934 1918 1108 1985 magis
1144 1918 1287 1974 Deus
1309 1917 1751 1975 immaterialiter
1790 1912 2141 1969 materialia?

222 2002 252 2071 §
295 2002 390 2055 III.
446 2003 569 2057 Ἐπὶ
598 2005 808 2071 τούτοις
831 2010 1059 2083 ἀπορεῖ,
1109 2012 1226 2077 πῶς
1262 2016 1426 2083 ἡμεῖς
1469 2014 1559 2067 τὸν
1611 2012 1710 2065 Θεὸ

1986 2004 2075 2061 lll.
2094 2004 2173 2060 Ad
2197 2005 2313 2062 haec
2337 2005 2550 2076 quaerit,
2572 2004 2847 2074 quomodo
2867 2003 3117 2059 dicamur
3146 2020 3246 2059 nos
3272 2020 3435 2060 nosse

146 2089 448 2157 γινώσκειν
471 2093 764 2167 λεγόμεθα,
792 2102 885 2153 καὶ
909 2102 1047 2174 ὑπὲρ
1069 2102 1136 2157 τὰ
1168 2105 1355 2175 νοητὰ,
1386 2106 1479 2159 καὶ
1505 2104 1634 2175 ὑπὲρ

1946 2115 2043 2162 ιιη,
2070 2108 2125 2153 et
2152 2112 2217 2153 ea
2249 2114 2371 2168 quae
2402 2098 2743 2153 intellectilia
2789 2097 3125 2167 sensiliaque
3170 2108 3434 2168 superant

146 2183 390 2255 αἰσθητὰ
416 2187 765 2260 ὑπεροχικῶς
789 2192 937 2248 ὄντα.
987 2197 1206 2268 Ἀληθὲς
1231 2200 1361 2269 γοῦν
1388 2200 1554 2268 λέγει,
1576 2200 1634 2252 ὅτ

1942 2191 2173 2245 inenter.
2206 2189 2403 2245 Verum
2450 2191 2641 2260 utique
2687 2190 2841 2254 dicit,
2874 2188 3044 2243 Deum
3099 2199 3292 2245 natura
3334 2206 3430 2246 sua

145 2281 319 2333 αὑτοῦ
342 2279 503 2350 φύσει
527 2281 805 2351 ἄγνωστός
838 2288 987 2341 ἐστιν
1012 2290 1040 2341 ὁ
1078 2289 1245 2355 Θεὸς,
1279 2291 1392 2345 ἀλλ’
1432 2294 1466 2363 ἡ
1502 2291 1609 2343 τῶν

1942 2292 2089 2337 οιυιιι
2119 2282 2510 2348 exsistere,sed
2540 2292 2917 2337 creaturarum
2944 2281 3427 2350 pulchritudinem,

150 2374 591 2445 μιουργημάτων
621 2376 872 2449 καλλονή,
904 2380 996 2433 τὸν
1035 2385 1419 2458 γενεσιουργὸν
1439 2425 1453 2449 ,
1490 2387 1638 2438 τουτὲ

1940 2373 2217 2427 ιρι-οιίοηίε
2248 2382 2551 2438 auctorem,
2580 2372 2633 2427 id
2659 2382 2746 2427 est
2785 2388 2975 2428 eorum
3006 2388 3129 2442 quae
3158 2374 3428 2444 producta

144 2462 240 2517 τὸν
280 2466 342 2517 ἐν
364 2465 579 2533 γενέσει
600 2455 850 2540 ποιητὴν,
873 2470 1065 2541 μηνύει
1085 2489 1097 2501 ⁸
1125 2455 1410 2546 ἡγὰρττῶν
1427 2477 1632 2547 κτισμά

1937 2470 2010 2529 ιι,
2071 2462 2461 2528 conditorem,
2522 2464 2853 2530 ostendere;
2918 2464 3187 2533 siquidem
3245 2480 3425 2520 rerum

144 2556 393 2623 διάταξις
425 2559 634 2624 εἰκόνες
656 2561 801 2625 τινὲς
825 2564 920 2617 καὶ
947 2564 1267 2637 ὁμοιώματα
1303 2568 1411 2622 τῶν
1436 2570 1495 2623 ὲν
1517 2569 1593 2641 τῷ
1622 2574 1632 2620 1

1940 2566 2151 2610 alarum
2174 2556 2559 2624 dispositiones
2605 2564 2734 2611 sunt
2775 2556 3043 2626 imagines
3073 2559 3321 2627 quaedam
3363 2573 3427 2612 ac

146 2648 617 2720 παραδειγμάτων
648 2653 742 2705 καὶ
781 2653 1188 2728 δημιουργικῶν
1229 2658 1404 2727 λόγων
1449 2662 1574 2724 eici,
1614 2679 1634 2715 >

1935 2646 2230 2702 ιίιὶιιιιιὶηθε
2260 2662 2450 2702 eorum
2482 2662 2605 2717 quas
2636 2647 2690 2702 in
2718 2648 2829 2703 Deo
2854 2657 2981 2702 sunt
3006 2649 3423 2720 exemplarium,

1840 2756 1905 2796 ac
1937 2741 2159 2796 creandi
2219 2740 2519 2807 rationum,
2555 2743 2857 2797 secundum
2894 2758 3034 2812 quas
3083 2745 3268 2798 omnia
3304 2760 3459 2814 quas.

1838 2830 2086 2885 existunt
2136 2830 2190 2884 in
2236 2830 2351 2899 ipso
2376 2835 2642 2901 producta
2699 2843 2858 2900 sunt;
2898 2836 3041 2890 sicut
3065 2835 3228 2907 471
3259 2837 3423 2892 etiam

1838 2921 1892 2975 in
1921 2922 2244 2992 Apocalypsi
2274 2920 2503 2978 Joannis
2534 2922 2771 2994 theologi
2802 2934 2857 2980 et
2898 2928 3254 2998 evangelista:
3288 2944 3423 2982 nar-

1837 3022 2017 3079 ratur,
2050 3016 2197 3083 quod
2228 3016 2410 3070 omnia
2463 3027 2625 3073 erant
2681 3026 2734 3072 et
2781 3016 3036 3082 fuerunt;
3081 3020 3211 3090 quia
3263 3030 3422 3075 erant

1834 3108 2168 3177 exemplaria
2192 3125 2376 3165 rerum
2394 3122 2727 3177 creatarum,
2750 3126 2981 3180 quorum
3004 3112 3266 3182 imagines
3291 3124 3421 3168 sunt

1835 3214 2102 3259 creatura:
2129 3203 2515 3275 perfectiones.
2561 3204 2621 3259 In
2681 3206 2934 3261 omnibus
2980 3220 3108 3275 ergo
3150 3208 3420 3262 creaturis

1836 3295 1975 3351 Deus
1994 3297 2369 3368 cognoscitur,
2390 3297 2534 3353 sicut
2558 3297 2755 3352 artifex
2779 3312 2848 3352 ex
2880 3298 3045 3353 rebus
3066 3308 3183 3355 arte
3217 3299 3380 3355 factis
3399 3342 3413 3366 ,

1833 3390 2127 3443 secundum
2156 3389 2517 3444 substantiam
2552 3404 2682 3446 vero
2708 3392 2775 3446 ab
2798 3391 3052 3446 omnibus
3082 3392 3306 3447 omnino
3337 3407 3419 3447 se.

1830 3489 2089 3552 gregatus
2112 3490 2227 3539 est:
2258 3492 2426 3551 atque
2448 3499 2573 3538 cum
2601 3484 2731 3539 hinc
2762 3485 2838 3540 sit
2871 3486 3109 3555 ignotus,
3133 3500 3201 3541 ex
3229 3486 3417 3542 istius-

1830 3574 1975 3629 modi
2016 3573 2362 3645 ignoratione
2401 3568 2780 3647 dignoscitur;
2814 3578 3064 3648 quinimo
3091 3594 3161 3634 ex
3192 3586 3414 3633 contra-

1831 3667 1929 3721 riis
1947 3670 2318 3736 cognoscitur,
2349 3668 2658 3739 diciturque
2676 3679 2787 3725 tam
2812 3686 2909 3740 per
2930 3672 3227 3741 positiones
3245 3684 3410 3739 quam

1828 3772 1926 3826 per
1952 3758 2557 3825 ablationes.’Quamvis
2590 3763 2735 3815 enim
2759 3773 2921 3818 antea
2949 3763 3153 3817 dixerit
3182 3766 3249 3819 de
3276 3764 3411 3825 Deo,

1828 3864 2004 3918 neque
2037 3858 2244 3903 tactum
2281 3863 2428 3915 esse,
2456 3864 2635 3920 neque
2670 3853 2982 3915 notionem,
3016 3868 3194 3923 neque
3236 3854 3409 3907 ratio-

144 2737 239 2802 οῦς
262 2739 484 2795 ἅπαντα
516 2744 574 2795 ἐν
612 2743 760 2815 αὐτῷ
796 2744 925 2799 ὄντα
976 2748 1368 2819 παρήχθησαν,
1410 2749 1593 2815 καθὼς
1645 2754 1738 2805 καὶ

144 2830 203 2880 ἐν
240 2832 307 2900 τῇ
361 2832 730 2904 Ἀποκαλύψει
759 2835 853 2888 τοῦ
886 2836 1134 2907 θεολόγον)
1183 2839 1424 2893 Ἰωάννου
1455 2844 1548 2895 καὶ
1574 2842 1737 2911 εὐαγ-

143 2920 397 2997 γελιστοῦ
420 2923 661 2992 λέγεται,
683 2927 765 2979 ὄτι
787 2927 855 2979 τὰ
889 2929 1069 2982 πάντα
1105 2925 1247 3001 ἦσαν
1287 2931 1381 2983 καὶ
1411 2932 1697 3000 γεγόνασιν
1716 2951 1729 2963 ’

141 3009 282 3084 ἦσαν
316 3014 433 3087 γάρ
454 3016 523 3069 τὰ
550 3018 659 3071 τῶν
688 3020 1004 3091 κτισμάτων
1032 3022 1470 3093 παραδείγματα,
1489 3017 1563 3077 ὧν
1587 3025 1732 3078 εἰκό-

143 3124 232 3170 νες
280 3109 351 3161 τὰ
395 3109 499 3179 τῆς
547 3111 780 3176 κτίσεως
810 3113 1246 3184 ἀποτελέσματα.
1292 3116 1379 3169 Ἑν
1411 3118 1543 3169 πᾶσι
1602 3118 1732 3186 γοῦν

142 3200 408 3270 κτίσμασι
435 3200 571 3266 Θεὸς
592 3201 942 3271 γινώσκεται,
973 3205 1049 3270 ὡς
1073 3208 1101 3259 ὁ
1127 3208 1379 3280 τεχνίτης
1400 3211 1458 3261 ἐν
1491 3213 1603 3274 τοῖς
1642 3229 1732 3264 τε·

143 3296 355 3364 χνητοῖς
378 3310 395 3323 ⁸
452 3293 631 3365 πάντη
683 3295 747 3368 δὴ
787 3298 1195 3370 κεχωρισμένος
1232 3302 1355 3354 κατ’
1396 3302 1584 3356 οὐσίαν
1620 3304 1728 3358 τῶν

142 3388 359 3441 πάντων
380 3405 395 3419 ο
437 3390 754 3455 κάντεῦθεν,
787 3392 1064 3459 ἄγνωστος
1100 3393 1196 3459 ὣν,
1238 3396 1303 3449 ἐκ
1339 3396 1439 3467 τῆς
1474 3397 1728 3470 τοιαύτης

142 3482 418 3549 ἀγνωσίας
466 3482 829 3552 γινώσκεταιο
879 3484 1014 3538 ἀλλά
1053 3488 1147 3541 καὶ
1200 3488 1288 3542 διὰ
1321 3490 1431 3542 τῶν
1470 3491 1727 3547 ἐναντίων

142 3572 493 3638 γινώσκεται,
533 3575 630 3627 καὶ
665 3575 754 3629 διὰ
790 3576 900 3630 τῶν
940 3577 1141 3631 Θέσεων
1180 3581 1275 3634 καθ¹
1311 3580 1399 3635 διά
1437 3582 1546 3635 τῶν
1568 3584 1728 3653 ἀφαι-

148 3665 345 3735 ρέσεων
385 3665 625 3735 λέγεται.
666 3669 729 3722 Ei
756 3667 865 3740 γὰρ
904 3671 998 3723 καὶ
1036 3670 1226 3744 πρώην
1266 3672 1469 3743 ἔλεγεν,
1512 3676 1595 3728 ὅτι
1635 3678 1726 3731 ἐπὶ

140 3757 267 3810 Θεοῦ
307 3755 438 3810 οὔτε
478 3759 663 3830 ἐπαιρή
713 3761 881 3826 ἐστιν,
922 3759 1046 3815 οὔτε
1082 3763 1298 3833 νόησις,
1354 3764 1479 3818 οὔτε
1528 3766 1684 3836 λόγος
1708 3810 1722 3834 ,

141 3846 256 3901 οὔτε
307 3866 365 3902 τι
412 3848 573 3903 ἄλλο’
611 3849 725 3903 ἀλλ’
758 3847 871 3917 οὖν,
913 3854 1002 3906 ὅτε
1043 3854 1214 3907 ταῦτα
1263 3855 1332 3908 τὰ
1372 3856 1559 3911 Οετικά
1604 3858 1723 3911 θεο-

140 3943 318 4015 πρεπῆ
343 3942 597 4013 νοοῦμεν,
621 3945 714 3997 καὶ
735 3946 898 3998 αὐτοῦ
936 3946 1111 4001 ταῦτα
1148 3940 1400 4025 λξέςγομεν,
1441 3953 1535 4004 καὶ
1550 3952 1724 4017 οὐκέξ

140 4034 288 4104 ἡμῶν
322 4038 407 4099 είς
445 4036 675 4099 ἐκεῖνον,
699 4034 883 4108 χώραν
922 4037 1105 4109 ἔχουσι
1161 4040 1435 4107 λέγεσθαι.
1491 4043 1554 4095 Ἡ
1592 4043 1723 4111 γοῦν

140 4123 316 4195 ἐπαφὴ
338 4124 439 4194 μὲν
456 4124 613 4195 ἡμῶν
631 4127 765 4197 πρὸς
780 4127 839 4179 τὸ
855 4127 1006 4181 Θεῖον
1025 4130 1125 4182 οὐκ
1164 4129 1330 4194 ἔστιν,
1352 4131 1536 4202 ἐπαφὴ
1556 4131 1612 4185 δὲ
1626 4133 1724 4185 αὑ-

140 4215 224 4268 τοῦ
242 4216 438 4269 ἑαυτοῦ
461 4216 805 4287 λεχθήσεται,
825 4218 1015 4292 ὥσπερ
1036 4220 1101 4292 δὴ
1115 4224 1212 4276 καὶ
1229 4222 1429 4290 γνῶσις
1477 4223 1570 4276 καὶ
1599 4224 1724 4296 νόη-

142 4325 217 4372 σις
235 4326 248 4339 °
296 4312 353 4363 αί
382 4308 429 4361 δ’
449 4310 754 4379 ἀποφάσεις
782 4313 868 4380 ἐφ’
893 4314 1026 4383 ἡμῖν
1061 4313 1445 4385 ταχθήσονται,
1477 4315 1557 4368 ὅτι
1584 4316 1724 4389 ὑπὲρ

138 4402 301 4454 ταῦτα
323 4402 511 4455 πάντα
525 4402 585 4454 τὸ
606 4402 768 4467 θεῖον,
788 4405 882 4457 καὶ
898 4405 997 4475 οὐχ
1018 4400 1129 4459 οἶόν
1144 4424 1203 4458 τε
1223 4407 1329 4461 ἀπὸ
1346 4408 1550 4463 τούτων
1566 4426 1726 4463 κατα-

138 4489 509 4561 λαμϐάνεσθαι
530 4493 693 4565 παρ’ή
701 4494 834 4565 μῶν.
853 4495 951 4548 Διά
968 4496 1127 4550 τοῦτο
1144 4498 1315 4552 καὶὲκ
1331 4500 1547 4554 πάντων
1565 4501 1722 4572 ἡμῶν

138 4576 379 4646 ὑμνεῖται
402 4577 549 4631 κατὰ
564 4579 660 4650 τὴν
679 4582 970 4650 ἀναλογίαν
988 4584 1223 4650 πάντων,
1254 4588 1320 4640 ἐκ
1340 4588 1449 4641 τῶν
1460 4588 1626 4643 ὄντων
1647 4589 1722 4654 ὡς

1828 3954 1972 4004 nem,
2000 3955 2175 4009 neque
2198 3942 2495 4010 quidquam
2524 3943 2707 4011 aliud;
2752 3955 3129 4000 verumtamen
3189 3944 3411 4014 quando

1827 4031 1942 4085 haec
1974 4030 2207 4100 positiva
2230 4033 2576 4087 convenienti
2618 4035 2781 4091 modo
2816 4036 3195 4106 intelligimus,
3238 4037 3406 4091 etiam

1826 4122 1939 4177 haec
1974 4124 2141 4191 ipsius
2163 4137 2283 4178 esse
2315 4123 2576 4189 dicimus,
2611 4137 2667 4180 et
2695 4140 2803 4180 non
2839 4139 2905 4181 ex
2932 4128 3094 4182 nobis
3133 4129 3201 4183 ad
3228 4129 3403 4198 ipsum

1828 4215 2116 4269 transferri
2149 4226 2397 4285 possunt.
2450 4217 2637 4288 Itaque
2669 4227 2848 4273 tactus
2879 4219 3103 4289 quidem
3139 4221 3298 4276 nobis
3337 4223 3404 4275 ad

1828 4308 1996 4362 Deum
2027 4324 2136 4363 non
2190 4319 2298 4377 est,
2325 4312 2422 4367 sed
2455 4321 2633 4368 tactus
2664 4313 2836 4379 ipsius
2867 4314 2933 4368 ad
2983 4315 3223 4386 seipsum
3256 4318 3405 4374 dice-

1828 4411 1936 4468 tur,
1995 4402 2137 4457 sicut
2199 4405 2366 4459 etiam
2421 4407 2663 4476 cognitio
2714 4409 3012 4477 notioque;
3080 4411 3404 4481 negationes

1824 4508 1954 4548 vero
1973 4493 2217 4549 etiamin
2238 4497 2393 4552 nobis
2432 4506 2732 4567 ponentur,
2762 4499 3026 4568 quoniam
3076 4515 3241 4570 supra
3282 4517 3404 4556 om-

1825 4586 1913 4640 nia
1941 4584 2042 4639 ista
2077 4584 2219 4640 Deus
2258 4597 2379 4653 est;
2410 4598 2597 4644 etnon
2632 4599 2813 4659 potest
2836 4605 2903 4644 ex
2942 4592 3028 4645 bis
3070 4606 3100 4644 a
3127 4591 3283 4645 nobis
3320 4592 3404 4644 in-

136 4668 223 4733 ὣν,
256 4672 321 4723 ἐκ
347 4670 462 4723 τῶν
485 4670 699 4735 ζώντων
728 4673 803 4737 ὡς
838 4674 966 4740 ζῶν,
1004 4678 1067 4730 ἐκ
1098 4678 1208 4731 τῶν
1232 4682 1414 4750 σοφῶν
1434 4682 1510 4745 ὠς
1534 4700 1624 4751 σος

1923 4678 2013 4746 igi.
2038 4675 2251 4730 idcirco
2276 4683 2443 4733 etiam
2472 4696 2542 4734 ex
2565 4682 2820 4737 omnibus
2849 4696 2880 4735 a
2908 4683 3067 4738 nobis
3091 4683 3402 4737 celebratur

136 4762 236 4816 Καὶ
259 4763 425 4817 πάλιν
458 4765 652 4837 ἐστὶνὴ
676 4766 927 4838 θειοτάτη
946 4769 1038 4822 τοῦ
1056 4770 1190 4823 Θεοῦ
1210 4772 1432 4839 γνῶσις,
1455 4774 1524 4827 δι’
1540 4776 1718 4843 ἀγνω-

137 4852 247 4917 σίας
267 4855 652 4927 γινωσκομένη
671 4857 813 4911 κατά
830 4857 1085 4931 τὴνλὺπὲρ
1097 4859 1218 4913 νοῦν
1236 4862 1429 4917 ἕνωσιν
1446 4866 1539 4917 καὶ
1554 4866 1715 4918 συνά-

136 4962 301 5014 φειαν,
344 4945 536 5010 καθὼς
572 4948 822 5021 ἐπιφέρει
846 4990 861 5015 ,
924 4953 1075 5017 ὅταν,
1117 4953 1309 5022 λέγων,
1350 4956 1379 5006 ὁ
1417 4956 1539 5020 νοῦς
1578 4959 1713 5010 ἀπο-

138 5036 257 5100 στὰς
288 5036 401 5088 τῶν
437 5035 609 5090 ὄντων
630 5039 724 5091 καὶ
742 5039 933 5094 ἐαυτὸν
967 5043 1149 5112 ἀφεὶς,
1189 5044 1363 5115 ὲνωθῇ
1403 5048 1523 5110 ταῖς
1550 5048 1713 5119 ὑπερ-

134 5126 315 5195 φαέσιν
370 5126 591 5180 ἀκτῖσιν
616 5166 631 5191 ,
695 5129 1106 5203 ἐᾺαμπὸμενος
1175 5135 1254 5206 τῷ
1304 5136 1709 5211 ἀνεξερευνήτῳ

136 5216 307 5284 βάθει·
349 5216 567 5269 ἐκεῖθεν
606 5219 699 5271 καὶ
735 5221 853 5274 ἐκεῖ
886 5222 1128 5292 δηλονότι
1164 5225 1336 5291 οὔτως
1380 5229 1406 5299 ἠ
1447 5228 1708 5302 ἔλλαμψις

134 5310 365 5377 γίνεται,
404 5310 500 5363 ὅτε
545 5311 718 5381 μένων
753 5314 905 5379 ἐκεῖ,
946 5315 1126 5370 πάντα
1164 5319 1258 5372 καὶ
1296 5320 1485 5375 ἑαυτὸν
1523 5324 1702 5392 ἀφεὶς,

135 5403 326 5456 ἐκεῖθεν
364 5402 724 5473 ἐλλάμπεται.
778 5405 993 5477 Ἀφίησι
1030 5410 1087 5463 δὲ
1124 5412 1152 5463 ὁ
1190 5411 1315 5476 νοῦς
1349 5413 1704 5479 ἐαυτὸν,ὄταν

136 5494 339 5568 ἁργήσῃ
380 5494 667 5560 παντελῶς
715 5497 814 5568 τῆς
850 5500 1057 5565 οἰκείας
1094 5504 1394 5574 κινήσεως,
1436 5508 1529 5559 καὶ
1565 5507 1705 5572 ὅλως

137 5588 449 5661 ἀκινητήσῃ,
481 5588 649 5658 μηδὲν
680 5589 805 5643 ἴδιον
826 5594 1022 5647 ἑαυτοῦ
1056 5594 1213 5667 ἔχων,
1246 5600 1380 5670 μηδὲ
1418 5600 1579 5652 αὐτοῦ
1605 5601 1702 5665 ὢν,

140 5679 237 5732 ἀλλ’
258 5681 393 5745 ὅλως
431 5680 535 5749 τῆς
575 5679 723 5745 θείας
761 5683 975 5766 ἐκείνης
1020 5690 1397 5762 κρυφιότητος,
1435 5691 1501 5761 ἣν
1540 5691 1703 5745 ἀλλα-

139 5770 221 5839 χοῦ
256 5771 346 5826 καὶ
384 5771 651 5843 ὲνδότητα
688 5768 826 5829 εἷπε.
865 5777 1057 5834 Καίτοι
1081 5796 1140 5851 γε
1184 5782 1304 5837 κατ’
1335 5779 1490 5838 ἄλλον
1524 5782 1701 5855 λόγον,

1826 4770 2123 4825 secundum
2152 4770 2400 4824 omnium
2432 4774 2864 4841 proportionem,
2920 4788 2987 4827 ex
3016 4775 3237 4829 entibus
3276 4785 3399 4828 tan-

1822 4877 1987 4931 quam
2006 4877 2123 4927 ens,
2148 4876 2215 4916 ex
2236 4861 2551 4919 viventibus
2570 4875 2825 4933 tanquam
2853 4866 3063 4929 vivens,
3086 4880 3153 4920 ex
3176 4868 3402 4936 sapien-

1823 4955 1966 5009 tibus
1996 4963 2253 5025 tanquam
2306 4956 2600 5024 sapientia.
2669 4957 2736 5010 Et
2777 4972 2995 5011 rursum
3031 4969 3117 5013 est
3172 4960 3401 5013 divinis-

1818 5049 1956 5103 sima
1981 5050 2074 5103 Dei
2100 5048 2358 5120 cognitio,
2387 5063 2512 5117 quae
2543 5063 2644 5118 per
2674 5048 3079 5119 ignorationem
3109 5053 3397 5121 cognosci-

1821 5149 1911 5194 tur
1932 5143 2227 5197 secundum
2260 5141 2724 5211 supramentalem
2757 5143 3018 5198 unionem
3065 5154 3231 5213 atque
3262 5161 3398 5199 con-

1807 5231 2171 5300 junctionem,
2211 5231 2356 5287 sicut
2395 5230 2560 5286 infert
2592 5234 2832 5301 quando,
2861 5234 3134 5303 inquiens,
3170 5248 3325 5289 mens
3364 5251 3395 5289 a

1818 5324 1981 5380 rebus
2012 5326 2290 5391 recedens,
2324 5333 2380 5379 et
2412 5326 2767 5395 semetipsam
2819 5326 3103 5396 deserens,
3157 5329 3394 5398 desuper

1817 5416 2153 5486 fulgentibus
2185 5417 2352 5472 radiis
2374 5417 2588 5481 unitur,
2612 5416 2814 5486 quibus
2842 5418 2894 5472 in
2924 5418 3017 5473 illo
3041 5419 3393 5474 inscrutabili

1813 5507 1982 5561 fundo
2001 5506 2396 5572 collustratur;
2428 5507 2835 5572 indevidelicet
2865 5516 2919 5561 et
2961 5510 3033 5564 ibi
3060 5510 3141 5565 sic
3168 5510 3229 5565 fit
3260 5511 3389 5566 illu-

1813 5599 2029 5667 stratio,
2059 5600 2276 5668 quando
2303 5598 2376 5652 ibi
2410 5614 2659 5663 manens,
2687 5600 2870 5654 omnia
2895 5603 3206 5671 etseipsam
3232 5603 3390 5659 dese.
3428 5602 3439 5619 "

1814 5707 1964 5757 rens,
2030 5692 2155 5746 inde
2204 5691 2535 5746 illustratur.
2588 5692 2737 5746 Mens
2788 5704 2970 5748 autem
3035 5697 3384 5767 semetipsam

1815 5784 2019 5843 deserit
2048 5826 2065 5856 ,
2119 5785 2337 5856 quando
2376 5800 2601 5856 prorsus
2625 5796 2805 5855 cessat
2845 5789 2914 5843 ab
2963 5791 3109 5845 omni
3167 5788 3387 5858 proprio
