3742 6304
348 260 455 321 887

1562 269 1619 328 S.
1665 269 1959 329 DIONYSII
1999 275 2463 338 AREOPAGITIE

344 390 516 446 motu,
543 378 876 452 omninoque
917 381 1214 441 immobilis
1260 388 1376 454 est,
1403 387 1539 443 nihil
1599 391 1810 447 habens

2177 400 2277 455 νότι
2306 403 2368 456 τὸ
2398 405 2496 477 τῆς
2522 408 2813 481 ποιήσεως,
2835 411 2912 478 ὡς
2953 415 3247 490 ἐλέγομεν,
3299 423 3378 476 ὲκ
3423 423 3655 477 πάντων

344 473 646 542 proprium,
690 489 866 543 neque
896 476 980 531 sui
1012 492 1234 549 compos
1261 480 1551 545 exsistcns,
1579 485 1672 539 sed
1705 486 1924 554 penitus

341 574 427 617 est
460 564 627 619 divini
663 563 810 621 illius
838 570 1047 633 arcani,
1095 572 1243 640 quod
1279 571 1445 626 etiam
1479 573 1606 629 alibi
1645 575 1945 635 interiori-.

345 665 515 710 tatem
574 659 892 728 appellavit.
948 660 1318 719 Nihilominus
1377 665 1541 719 etiam
1619 669 1917 723 secundum

343 749 508 804 aliam
542 752 833 821 rationem,
863 754 1114 832 videlicet
1161 755 1398 813 ﬁctionis
1427 797 1443 822 ,
1483 768 1541 812 ut
1575 759 1920 830 dicebamus,

342 856 408 894 ex
442 843 699 898 omnibus
722 847 1079 914 cognoscitur
1124 863 1232 903 non
1265 849 1439 906 solum
1495 860 1554 905 ut
1603 868 1767 908 causa
1801 869 1924 923 pro-

343 934 634 996 dut-tionis,
666 952 854 992 verum
879 939 1044 994 etiam
1067 941 1473 1009 conjunctionis
1524 958 1734 1009 eorum,
1759 956 1923 1017 atque

341 1040 558 1096 semper
583 1028 677 1084 ﬁni
729 1031 972 1099 priorum
1014 1035 1358 1102 sequentium
1404 1035 1670 1106 principia
1724 1051 1926 1092 conne-

331 1127 501 1175 ’τίθης
530 1138 546 1187 ;
600 1122 806 1176 nullum
839 1124 984 1179 cnim
1014 1127 1251 1180 medium
1285 1142 1467 1182 rerum
1493 1138 1806 1184 creatarum
1835 1145 1926 1183 va-

340 1226 525 1276 cuum,
557 1213 611 1269 in
646 1229 756 1284 quo
792 1231 899 1272 non
935 1217 1008 1272 sit
1055 1217 1240 1288 aliqua
1279 1229 1572 1284 creatura;
1601 1221 1920 1275 universum

340 1303 488 1358 enim
517 1304 682 1360 rebus
709 1306 927 1377 plenum
952 1322 1058 1364 est.
1088 1309 1310 1366 Etiamsi
1361 1327 1544 1368 acrem
1571 1311 1801 1379 dixeris,
1843 1321 1925 1366 ta-

341 1411 466 1452 men
497 1408 553 1453 et
585 1399 700 1470 ipse
725 1411 979 1457 creatura
1013 1403 1235 1471 existit;
1269 1406 1572 1460 secundum
1607 1407 1708 1460 hoc
1751 1404 1920 1458 etiam

2035 490 2400 560 γινώσκεται,
2448 499 2522 572 μὴ
2566 501 2727 571 μόνον
2767 504 2844 569 ὡς
2892 507 3065 574 αἴτιος
3099 513 3202 582 τῆς
3249 517 3654 586 παραγωγῆς.

2030 583 2166 638 ἀλλὰ
2192 586 2287 639 καὶ
2311 587 2414 659 τῆς
2445 593 2740 661 συναφείας
2763 597 2962 664 αὐτῶν,
2995 602 3089 655 καὶ
3113 604 3200 657 ἀεὶ
3215 605 3303 676 τῷ
3339 583 3524 660 τέλει
3551 583 3660 662 τίὲν

2032 675 2314 748 προτέρων
2347 679 2448 744 τὰς
2469 681 2578 734 τῶν
2602 683 2873 757 δευτέρων
2905 692 3189 748 συνάπτων
3212 675 3419 768 ἀρχάς
3437 716 3457 729 °
3505 701 3659 755 οὐδὲν

2030 764 2141 858 γὰρ
2171 768 2335 836 μέσον
2361 772 2471 826 τῶν
2519 779 2834 850 κτισμάτων
2880 784 3056 852 κενὸν,
3101 790 3160 843 ἐν
3183 783 3231 858 ᾧ
3256 764 3377 846 -ούκ
3437 795 3573 848 ἐστι
3613 814 3659 849 τι

2028 857 2450 934 δημιούργημα’
2507 866 2714 941 πλῆρες
2763 872 2872 944 γάρ
2901 877 3048 930 ἐστιν
3097 857 3249 934 ἅπαν
3293 884 3426 938 τῶν
3461 885 3658 938 ὅντων.

2030 950 2150 1005 Κᾶν
2179 951 2271 1006 τὸν
2302 955 2441 1028 ἀέρα
2464 957 2661 1025 εἴποις,
2701 964 2796 1017 καὶ
2845 966 3010 1030 αὐτὸς
3037 968 3350 1046 δημιούργη
3364 975 3468 1045 μά
3508 980 3658 1030 ἐστι·

2031 1043 2172 1098 κατὰ
2205 1047 2365 1101 τοῦτο
2411 1051 2504 1104 καὶ
2543 1052 2820 1125 σύμπνοια
2867 1060 2962 1112 ἐπὶ
2990 1061 3083 1116 τοῦ
3124 1067 3329 1131 παντὸς
3397 1069 3660 1137 λέγεται,

2029 1139 2192 1192 οἱονεὶ
2220 1143 2554 1210 συμπάθεια.
2600 1147 2687 1210 Ὠς
2707 1149 2838 1216 γοῦν
2868 1151 2962 1204 ἐπὶ
2983 1152 3077 1205 τοῦ
3105 1152 3244 1218 ζώου
3280 1159 3315 1228 ἡ
3353 1158 3663 1231 σύμπνοια

2028 1228 2198 1294 ἐστιν,
2241 1232 2376 1302 ὁμοῦ
2430 1235 2701 1290 πνεόντων
2722 1239 2830 1292 τῶν
2868 1238 3083 1304 ζώντων
3127 1245 3407 1304 ἁπάντων
3449 1252 3660 1322 μελῶν.

2026 1319 2198 1387 οὕτως
2221 1325 2314 1377 ἐπὶ
2342 1327 2542 1392 παντὸς
2575 1330 2905 1401 συμπάθεια.

342 1491 677 1560 conspiratio
726 1494 779 1548 in
829 1495 1090 1551 universo
1140 1496 1348 1552 dicitur
1402 1498 1561 1569 quasi
1610 1496 1918 1552 consensio.
1945 1494 2098 1554 Sicut
2131 1496 2315 1566 itaque
2350 1501 2656 1557 inanimali
2685 1509 3017 1578 conspiratio
3080 1521 3201 1579 est,
3262 1530 3407 1570 cum
3491 1517 3658 1574 simul

340 1584 462 1639 viva
494 1587 678 1640 omnia
713 1590 956 1644 membra
983 1589 1226 1660 spirant,
1274 1592 1354 1646 sic
1397 1592 1561 1665 472
1593 1592 1725 1646 etin
1766 1591 2021 1645 universo
2049 1592 2342 1646 consensio
2368 1596 2609 1652 exsistit.

412 1679 440 1751 §
475 1680 564 1736 IV.
597 1682 756 1737 Modo
783 1681 917 1737 dicit
951 1686 1141 1750 etiam,
1168 1688 1446 1754 quomodo
1485 1687 1628 1742 Deus
1679 1684 1918 1740 Verbum

342 1790 438 1829 seu
468 1775 607 1829 ratio
625 1776 956 1842 celebretur,
986 1794 1092 1833 non
1119 1781 1295 1834 solum
1347 1781 1537 1849 utique
1578 1780 1752 1851 juxta
1781 1793 1921 1849 pne-

2099 1682 2126 1753 §
2171 1683 2257 1739 IV.
2303 1685 2441 1758 Ἤδη
2471 1686 2618 1756 λέγει
2653 1693 2746 1746 καὶ
2787 1692 2906 1758 πῶς
2944 1695 3100 1765 λόγος
3138 1699 3406 1769 ὑμνεῖται
3447 1703 3485 1755 ὁ
3524 1703 3657 1768 Θεὸς

2027 1773 2088 1826 οὐ
2129 1772 2288 1843 μόνον
2322 1775 2500 1830 τοίνυν
2533 1779 2675 1833 κατά
2726 1781 2793 1834 τὰ
2825 1788 3232 1857 προειρημένα,
3290 1792 3380 1844 ὅτι
3423 1795 3507 1846 ἐκ
3547 1795 3658 1846 τιῖιν

343 1869 509 1934 dicta,
539 1870 798 1936 quoniam
831 1887 897 1927 ex
927 1873 1135 1930 eﬁ‘cctis
1160 1883 1421 1946 tanquam
1445 1893 1612 1932 causa
1639 1893 1821 1949 cogno:

2179 1865 2291 1920 τῶν
2309 1867 2387 1932 ώς
2421 1869 2592 1936 αἴτιος
2613 1871 2973 1941 γινώσκεται,
3013 1879 3207 1947 (αὐτὸς
3246 1882 3362 1952 γάρ
3426 1887 3600 1937 ἐστιν
3631 1888 3657 1938 ὁ

343 1967 436 2012 tur
462 1960 478 2027 (
503 1959 617 2030 ipse
646 1962 790 2016 enim
823 1964 1001 2018 omnis
1032 1966 1264 2023 rationis
1301 1976 1355 2023 et
1377 1968 1663 2037 sapientire
1694 1970 1922 2041 largitor

341 2048 500 2118 est);
545 2053 638 2106 sed
692 2054 820 2122 quia
879 2069 1076 2111 causas
1124 2073 1306 2112 rerum
1338 2061 1584 2114 omnium
1617 2061 1671 2114 in
1718 2077 1776 2116 se
1805 2063 1923 2131 ipso

341 2141 538 2196 habet:
585 2145 827 2202 rationes
855 2148 1007 2202 enim
1040 2150 1219 2205 omnis
1263 2161 1472 2206 natura:
1518 2153 1570 2206 in
1631 2153 1748 2221 ipso
1797 2163 1925 2208 sunt

342 2242 599 2303 tanquam
634 2238 685 2290 in
719 2253 884 2295 causa
917 2241 1098 2296 omnis
1126 2244 1461 2310 creatiouis;
1502 2245 1636 2300 idea:
1683 2261 1920 2316 namque

341 2335 398 2379 et
427 2330 762 2398 exemplaria
791 2347 899 2386 non
923 2333 1028 2388 alia
1064 2334 1118 2387 in
1146 2334 1278 2401 alio,
1312 2338 1407 2390 sed
1436 2351 1560 2390 cum
1593 2346 1811 2392 aeternae
1839 2355 1927 2392 ra-

342 2420 524 2476 tiones
556 2423 685 2485 sint,
738 2423 792 2478 in
843 2425 959 2495 ipso
1013 2427 1308 2484 exsistunt.
1336 2429 1479 2484 Dicit
1513 2438 1695 2485 autem
1751 2431 1925 2502 ipsum

340 2508 608 2577 Verbum,
649 2516 978 2583 quodetiam
1009 2533 1107 2586 per
1146 2520 1328 2574 omnia
1373 2523 1495 2576 sine
1527 2521 1926 2592 impedimento

338 2612 609 2672 permeet,
640 2606 940 2675 omniaque
965 2608 1128 2663 etiam
1163 2625 1334 2679 usque
1363 2613 1429 2666 ad
1458 2621 1706 2668 extrema
1734 2629 1928 2684 perva-

343 2693 480 2759 dat,
521 2695 598 2748 uti
633 2696 814 2750 etiam
859 2697 926 2752 ad
961 2699 1220 2754 Hebraeos
1250 2700 1327 2754 ait
1363 2702 1654 2771 Apostolus
1693 2720 1710 2759 :
1765 2703 1924 2758 Vivus

339 2786 483 2839 enim
511 2803 680 2842 sermo
703 2799 750 2843 et
776 2790 960 2860 efﬁcax
989 2799 1040 2858 ι,
1076 2805 1132 2847 et
1158 2809 1278 2863 qua:
1316 2805 1642 2865 sequuntur.
1673 2796 1752 2852 Ac
1782 2813 1924 2865 prae-

344 2878 558 2943 sertim,
592 2880 715 2948 quia
749 2897 915 2951 supra
947 2898 1168 2939 omnem
1222 2887 1630 2957 simplicitatem
1683 2890 1923 2958 simplex

339 2978 447 3036 est,
475 2980 532 3024 et
560 2970 630 3025 ab
661 2975 808 3027 omni
848 2975 1082 3030 materia
1116 2976 1367 3041 liberum,
1397 2989 1610 3049 smnpta
1662 2982 1926 3038 similitu~

340 3059 466 3116 dine
494 3078 562 3118 ex
588 3066 756 3119 verbo
813 3077 1128 3122 nostrarum
1182 3072 1617 3142 cogitationum;
1666 3077 1924 3144 quoniam

338 3154 570 3208 verbum
599 3171 815 3228 quoque
842 3170 1093 3215 nostrum
1127 3165 1345 3231 quando
1377 3179 1482 3217 non
1529 3167 1813 3234 scribitur,
1857 3170 1926 3224 ab

2025 1959 2258 2030 χορηγὸς
2276 1962 2478 2026 παντὸς
2503 1963 2661 2032 λόγου
2686 1967 2777 2019 καὶ
2800 1967 2981 2038 πάσης
3003 1971 3190 2039 σοφίας
3206 1988 3217 2000 ·
3237 1970 3256 2041 )
3278 1973 3406 2027 ἀλλ’
3441 1976 3539 2027 ὅτι
3564 1979 3658 2026 καὶ

2024 2048 2126 2114 τάς
2149 2050 2258 2104 τῶν
2281 2051 2450 2106 ὄντων
2479 2055 2733 2110 ἁπάντων
2761 2059 2942 2123 αἰτίας
2965 2062 3023 2114 ἐν
3044 2062 3220 2133 ἐαυτῷ
3248 2064 3362 2134 ἔχει
3392 2083 3409 2095 ο
3453 2069 3514 2118 οἱ
3545 2066 3656 2135 γὰρ

2025 2141 2242 2210 φύσεως
2273 2145 2494 2217 ἀπάσης
2517 2147 2662 2215 λόγοι
2690 2151 2748 2202 ὲν
2780 2150 2930 2222 αὐτῷ
2953 2154 3089 2205 εἰσιν
3111 2153 3187 2218 ὡς
3229 2156 3400 2227 αἰτίῳ
3457 2159 3653 2227 πάσης

2024 2239 2412 2312 δημιουργίας·
2442 2241 2502 2294 αἴ
2535 2260 2594 2295 τε
2618 2243 2728 2316 γὰρ
2762 2245 2896 2299 ἰδέαι
2922 2248 3017 2301 καὶ
3063 2248 3130 2301 τὰ
3172 2251 3649 2322 παραδείγματα,

2026 2331 2124 2401 οὐχ
2152 2330 2316 2402 ἕτερα
2355 2333 2482 2387 ὄντα
2497 2337 2557 2388 ὲν
2581 2337 2770 2408 ἑτέρῳ,
2803 2338 2938 2391 ἀλλά
2967 2341 3190 2412 νοήσεις
3228 2344 3410 2396 ἀῖδιαι
3452 2342 3647 2408 οὖσαι,

2028 2423 2085 2475 ἐν
2115 2423 2264 2494 αὐτῷ
2294 2427 2420 2479 εἰσι.
2449 2427 2613 2496 Λέγει
2641 2429 2698 2482 δὲ
2723 2431 2886 2484 αὐτὸν
2913 2431 3090 2500 λόγον,
3115 2436 3206 2487 καὶ
3235 2435 3310 2498 ὡς
3345 2437 3450 2488 διὰ
3507 2441 3650 2491 πάν-

2026 2532 2133 2568 των
2151 2517 2429 2588 χωροῦντα
2451 2520 2766 2586 ἀκωλύτως,
2793 2525 2887 2577 καὶ
2911 2524 3090 2578 πάντα
3113 2529 3399 2598 περιιόντα
3474 2532 3649 2602 μέχρι

2027 2607 2119 2658 καὶ
2135 2605 2242 2659 τῶν
2265 2609 2528 2679 ἐσχάτων,
2559 2611 2635 2676 ὡς
2664 2615 2756 2667 καὶ
2779 2617 2834 2668 ὲν
2863 2618 2930 2686 τῇ
2956 2616 3092 2688 πρὸς
3131 2618 3423 2690 Ἐϐραίους
3469 2623 3646 2692 φησιν

2027 2701 2056 2752 6
2098 2699 2415 2766 Ἀπόστολος
2439 2719 2452 2731 ·
2481 2701 2612 2757 Ζῶν
2635 2705 2746 2775 γὰρ
2779 2710 2811 2760 ό
2839 2708 3019 2778 λόγος
3049 2711 3146 2764 καὶ
3188 2711 3458 2781 ἐνεργὴς
3486 2754 3504 2777 ,
3553 2716 3648 2767 καὶ

2027 2791 2096 2846 τὰ
2133 2793 2278 2864 ἑξῆς.
2309 2795 2418 2849 Καὶ
2447 2796 2552 2868 πρὸ
2580 2797 2805 2864 τούτων,
2833 2801 2913 2854 ὅτι
2937 2802 3117 2873 πάσης
3133 2803 3448 2874 ἁπλότητος
3471 2807 3651 2876 ὑπερ-

2028 2884 2296 2956 ήπλωται,
2361 2888 2455 2940 καὶ⁴
2495 2888 2676 2960 πάσης
2707 2889 2838 2962 ὕλης
2869 2892 3217 2960 ἀπολέλυται,
3245 2898 3312 2947 ὲκ
3351 2896 3462 2948 τοῦ
3509 2897 3646 2968 παρ’

2029 2979 2161 3048 ἡμῖν
2183 2977 2339 3048 λόγου
2363 2980 2791 3054 λαμϐανομένων
2815 2985 2924 3040 τῶν
2952 2987 3170 3040 ἐννοιῶν
3191 3005 3203 3017 ·
3239 2988 3354 3041 ἀλλ’
3397 2990 3498 3042 ὅτι
3545 2992 3644 3059 μὲν

2028 3073 2363 3144 ὁπαρ³ήμῖν
2391 3072 2568 3142 λόγος,
2623 3076 2714 3128 ὅτε
2766 3077 2840 3149 μὴ
2892 3079 3204 3149 γράφεται,
3260 3079 3457 3149 πάσης
3506 3081 3643 3150 ὕλης

2029 3161 2425 3233 ἀπολελυμένος
2455 3165 2592 3230 ἐστὶ,
2626 3164 2804 3236 δῆλον.
2834 3166 2957 3230 Πῶς
2985 3167 3041 3220 δὲ
3065 3169 3158 3220 καὶ
3183 3167 3413 3232 ἁπλοῦς,
3452 3173 3643 3223 καίτοι

339 3241 489 3294 omni
523 3246 751 3300 materia
783 3247 1014 3302 liberum
1045 3265 1169 3306 esse
1199 3261 1440 3308 constat.
1478 3254 1763 3321 Quomodo
1797 3274 1817 3311 ι

2162 3256 2266 3309 ἵποι
2288 3274 2392 3322 τις,
2423 3257 2504 3311 ὅτι
2531 3260 2595 3311 ἐκ
2623 3259 2905 3330 στοιχείων
2945 3261 3038 3314 καὶ
3062 3261 3340 3314 συλλαϐῶν
3393 3263 3640 3331 σύγκει-

340 3331 507 3387 etiam
524 3334 774 3404 simplex,
803 3340 993 3408 utique
1017 3340 1163 3397 dicet
1187 3341 1414 3412 aliquis,
1443 3359 1566 3398 cum
1584 3362 1650 3400 ex
1682 3348 1926 3404 elemen-

344 3425 414 3478 tis
444 3435 498 3478 et
531 3427 755 3496 syllabis
776 3433 1029 3486 constet?
1067 3433 1265 3489 Verum
1288 3452 1398 3491 non
1429 3439 1664 3494 dicimus
1695 3443 1922 3498 verbum

341 3518 487 3582 quod
525 3517 826 3586 profertur,
877 3527 972 3578 sed
1003 3528 1231 3581 verbum
1269 3529 1568 3596 internum,
1620 3535 1924 3589 secundum

340 3610 486 3675 quod
517 3611 682 3665 etiam
709 3615 1008 3672 rationales
1058 3619 1313 3674 dicimur.
1342 3621 1459 3688 ,l-lic
1506 3623 1649 3680 Deus
1688 3625 1924 3680 Verbum

340 3715 467 3753 cum
501 3701 572 3755 sit
603 3703 720 3774 ipsa
753 3720 969 3777 quoque
1007 3713 1233 3779 veritas,
1275 3717 1473 3770 merito
1528 3716 1694 3771 etiam
1728 3728 1809 3771 est
1843 3720 1927 3772 in-

341 3791 585 3850 fallibilis
626 3800 872 3856 omnium
919 3804 1189 3873 cognitio.
1225 3805 1366 3872 Quid
1405 3808 1475 3862 sit
1508 3817 1689 3863 autem
1735 3812 1926 3881 cogni-

341 3884 439 3950 tio,
472 3889 661 3942 statim
691 3889 976 3965 subjungit
1000 3895 1223 3955 dicens:
1250 3897 1446 3952 Divina
1486 3900 1640 3966 ﬁdes,
1677 3915 1799 3970 quae
1841 3911 1926 3957 est

338 3991 600 4038 constans
631 3983 873 4041 ﬁdelium
926 3987 1372 4058 ﬁrmamentum,
1424 3990 1665 4049 fundans
1714 3995 1836 4050 illos
1866 3997 1923 4050 in

338 4072 597 4141 veritate,
630 4085 798 4146 atque
828 4079 882 4133 in
911 4081 1046 4150 ipsis
1070 4084 1389 4151 veritatem,
1422 4084 1493 4140 ita
1533 4087 1748 4143 utﬁdes
1777 4088 1925 4143 veri-

341 4163 472 4218 tatis
508 4167 638 4235 quid
671 4184 838 4226 unum
895 4172 991 4227 ﬁat
1017 4189 1142 4229 cum
1174 4178 1567 4245 credentibus;
1624 4194 1729 4234 non
1761 4195 1924 4236 secus

340 4271 406 4310 ac
443 4255 498 4309 in
528 4257 649 4327 igne
677 4259 883 4316 ferrum
915 4266 1046 4334 quid
1070 4283 1239 4321 unum
1266 4270 1326 4323 ﬁt
1352 4286 1473 4324 cum
1499 4285 1585 4336 eo,
1619 4273 1924 4344 eademque

339 4359 604 4412 operatur
631 4365 753 4418 quae
782 4354 942 4422 ignis.
971 4357 1180 4415 Idcirco
1208 4371 1315 4415 tam
1342 4361 1477 4416 ﬁdes
1503 4377 1668 4432 quam
1692 4366 1924 4420 creden-

343 4447 425 4490 tes
458 4441 676 4508 Operari
715 4441 949 4498 dicitur:
998 4447 1269 4517 siquidem
1294 4452 1589 4508 credentes
1616 4453 1921 4523 simplicem

341 4531 637 4599 quamdam
693 4536 1066 4604 cognitionem
1124 4541 1328 4598 habent
1379 4546 1604 4604 minime
1662 4547 1916 4616 divisam,

341 4620 678 4691 minimeque
708 4625 927 4682 dubiam
954 4632 1249 4698 ;quoniam
1285 4636 1527 4707 cognitio
1558 4652 1646 4693 res
1675 4639 1922 4709 cognitas

341 4724 464 4765 cum
497 4720 956 4784 cognoscentibus
987 4723 1129 4788 unit,
1173 4723 1452 4791 ignoratio
1483 4743 1614 4783 vero
1639 4729 1918 4800 ignoranti

342 4802 569 4858 exsistit
605 4819 773 4860 causa
803 4809 1119 4880 divisionis;
1163 4815 1437 4884 siquidem
1467 4819 1728 4888 ignorans
1768 4837 1922 4876 men-

347 4902 454 4949 tem
485 4897 650 4954 habet
669 4899 1102 4972 inconstantem,
1127 4917 1183 4962 et
1218 4909 1275 4963 in
1303 4910 1472 4965 multa
1501 4912 1755 4967 divisam.
1787 4914 1920 4968 lium

344 4987 648 5060 itaque-qui
679 4996 854 5050 credit
878 4999 930 5051 in
968 5000 1223 5065 veritate,
1255 5002 1393 5056 nihil
1421 5021 1452 5056 a
1480 5003 1606 5058 ﬁdei
1642 5004 1921 5060 domicilio

341 5096 409 5137 ac
432 5082 792 5142 fundamento
821 5089 1140 5148 dimovebit.
1181 5094 1284 5161 Qui
1321 5095 1539 5165 itaque,
1569 5095 1726 5166 juxta
1775 5099 1921 5167 Apo-

341 5175 540 5230 stolum
565 5186 627 5244 γ,
657 5178 711 5232 in
745 5182 982 5238 tenebris
1005 5183 1323 5255 ignorantiae
1341 5187 1559 5244 exsistit
1586 5203 1778 5244 errore
1801 5191 1920 5258 ipso

340 5269 638 5336 ﬂuctuans,
665 5273 1051 5331 circumfertur
1073 5279 1224 5334 omni
1251 5292 1414 5336 vento
1439 5281 1697 5350 nequitia:
1742 5282 1921 5338 homi-

344 5379 500 5430 num,
532 5365 674 5421 sicut
698 5366 772 5421 illi
805 5368 972 5438 quiin
1001 5370 1138 5424 tnari
1167 5378 1491 5442 tempestate
1516 5373 1815 5443 agitantur,
1865 5383 1922 5430 et

341 5456 663 5514 existimant
686 5458 980 5517 Gnoslicos
1013 5462 1294 5530 insanire;
1324 5467 1468 5521 sicut
1499 5467 1667 5523 etiam
1724 5468 1917 5522 Festus

343 5549 512 5607 Paulo
537 5554 818 5609 veritatem
840 5555 1158 5624 prmdicanti
1187 5557 1394 5612 aiebat:
1410 5556 1650 5624 Insanis,
1674 5554 1844 5613 Paule
1865 5569 1908 5614 ι.

415 5731 444 5764 ⁸
476 5724 638 5784 Hebr.
673 5743 746 5795 ιν,
783 5729 867 5787 12.

950 5740 974 5781 ΐ
1004 5731 1202 5803 Ephcs.
1232 5749 1304 5804 tv,
1341 5733 1422 5791 ii.
1503 5743 1526 5774 ι
1559 5735 1679 5792 Act.
1716 5750 1861 5801 εχιτ,
1889 5735 1978 5790 24.

2025 3362 2150 3411 ταις
2206 3347 2345 3400 Ἀλλ’
2366 3349 2426 3400 οὐ
2469 3348 2700 3420 λέγομεν
2722 3350 2814 3404 τὸν
2849 3351 3208 3425 προφορικδν,
3232 3351 3368 3405 ἀλλά
3391 3353 3502 3404 τὸν
3532 3357 3641 3406 sv-

2026 3438 2306 3506 διάοετον,
2357 3440 2478 3496 καθ’
2517 3442 2575 3494 6v
2631 3443 2728 3496 uati.
2778 3443 2984 3512 λογικοὶ
3035 3444 3326 3516 λεγόμεθα.
3384 3441 3572 3508 Οὗτος
3608 3446 3636 3494 6

2026 3530 2158 3594 Θεὸς
2181 3531 2410 3605 λόγος,ἡ
2441 3534 2578 3606 αὐτὴ
2601 3535 2787 3606 καὶτῷ
2814 3535 2925 3590 ὄντι
2951 3533 3088 3590 οὖσα
3115 3537 3364 3609 ἀλήθεια,
3393 3538 3638 3598 είκὸτως

2027 3627 2148 3679 ἐστὶ
2174 3627 2269 3679 καὶ
2297 3627 2541 3698 ἀπλανὴς
2561 3627 2670 3681 τῶν
2705 3629 2842 3682 ὅλων
2864 3630 3090 3698 γνῶσις.
3126 3629 3190 3682 Τί
3216 3627 3273 3683 δέ
3314 3633 3438 3683 ἐστι
3483 3631 3637 3700 γνῶ-

2029 3735 2133 3783 σις,
2163 3718 2326 3783 εὐθὺς
2355 3721 2732 3783 ἐπισυνάπτει,
2770 3721 3059 3786 διδάσκων,
3108 3723 3172 3787 Ἡ
3201 3722 3321 3775 θεία
3347 3723 3568 3788 πίστις,
3598 3728 3629 3794 ἠ

2029 3808 2254 3880 μόνιμος
2277 3809 2387 3863 τῶν
2417 3811 2797 3882 πεπεισμένων
2825 3812 3051 3884 ἵδρυσις,
3084 3814 3116 3884 ἡ
3141 3813 3468 3885 ὲνιδρύουσα
3500 3816 3632 3877 τοὺς

2026 3898 2377 3964 πιστεύοντας
2409 3903 2474 3971 τῇ
2508 3901 2756 3973 ἀληθείᾳ,
2787 3903 2882 3956 καὶ
2918 3902 3014 3974 τὴν
3056 3903 3314 3975 ἀλήθειαν
3359 3907 3483 3968 τοῖς
3540 3923 3632 3957 πι-

2027 3989 2326 4054 στεύουσιν,
2355 3991 2431 4056 ὡς
2471 3993 2718 4061 γίνεσθαι
2737 3995 2968 4058 ταύτοὺς
3006 3995 3106 4067 τήν
3132 4011 3195 4047 τε
3222 3995 3323 4064 τῆς
3356 3995 3629 4066 ἀληθείας

2025 4081 2208 4135 πίστιν
2224 4082 2319 4138 καλ⁹
2347 4085 2476 4148 τοὺς
2501 4084 2858 4150 πιστεύοντας
2877 4103 2890 4116 ·
2911 4085 3100 4158 ὥσπερ
3124 4085 3234 4158 γὰρ
3253 4089 3281 4140 6
3303 4089 3363 4139 ὲν
3377 4087 3463 4156 τῷ
3487 4089 3627 4159 πυρὶ

2027 4174 2243 4247 σίδηρος
2266 4175 2466 4240 ταὺτὺς
2495 4175 2572 4246 τῷ
2613 4179 2745 4248 πυρὶ
2771 4178 3000 4246 γίνεται,
3025 4181 3119 4233 καὶ
3156 4180 3374 4250 ἐνεργεί
3412 4180 3528 4233 ὅσα
3565 4182 3627 4232 τὸ

2024 4268 2154 4340 πῦρ.
2193 4268 2292 4321 Διά
2313 4268 2474 4322 τοῦτο
2491 4269 2708 4338 λέγεται
2732 4271 2826 4324 καὶ
2863 4270 2962 4343 τὴν
2994 4271 3178 4325 πίστιν
3217 4274 3469 4344 ἐνεργεῖν
3529 4274 3628 4326 καὶ

2022 4369 2148 4430 τοὺς
2175 4367 2563 4432 πιστεύοντας·
2620 4372 2669 4422 οἱ
2712 4369 2820 4441 γὰρ
2870 4369 3224 4441 πεπεισμένοι
3263 4370 3443 4441 ἁπλῆν
3499 4389 3622 4424 τινα

2024 4459 2224 4527 γνῶσιν
2255 4458 2458 4530 ἔχουσι,
2489 4461 2581 4514 καὶ
2605 4462 2665 4513 ού
2695 4461 3032 4534 διῃρημένην
3060 4478 3118 4513 τε
3147 4462 3240 4514 καὶ
3287 4461 3619 4532 ἀμφίϐολον,

2025 4550 2108 4603 ὅτι
2139 4550 2171 4620 ἡ
2207 4549 2430 4617 γνῶσις,
2465 4551 2535 4604 τά
2559 4568 2618 4604 τε
2661 4552 3011 4619 γινώσκοντα
3052 4552 3147 4604 καὶ
3184 4551 3255 4604 τά
3295 4554 3620 4623 ἐγνωσμένα

2029 4644 2157 4707 ὲνοῖ,
2182 4644 2214 4713 ἡ
2241 4642 2297 4696 δὲ
2328 4643 2518 4711 ἄγνοια
2542 4642 2858 4714 διαιρέσεως
2883 4641 3032 4696 αἰτία
3051 4643 3130 4714 τῷ
3145 4643 3428 4710 ἀγνοοῦντι
3467 4644 3616 4711 γίνε-

2026 4751 2149 4787 ται·
2189 4735 2218 4786 6
2249 4733 2359 4806 γὰρ
2385 4735 2592 4803 ἀγνοῶν
2635 4735 2748 4805 ἔχει
2801 4734 2862 4788 τὸ
2905 4735 3005 4805 τῆς
3050 4734 3278 4806 γνώμης
3327 4735 3615 4805 ἀνίδρυτον

2028 4825 2124 4879 καὶ
2154 4827 2233 4890 είς
2259 4826 2426 4879 πολλά
2459 4827 2833 4899 μεριζόμενον.
2863 4828 2966 4880 Τὸν
2989 4826 3119 4896 γοῦν
3143 4829 3203 4880 ὲν
3243 4826 3478 4898 ἀληθείᾳ
3521 4845 3610 4879 πι-

2030 4917 2288 4971 στεύοντα
2306 4919 2459 4972 οὐδὲν
2482 4921 2802 4991 ἀποκινήσει
2826 4920 2924 4989 τῆς
2951 4919 3092 4973 κατά
3109 4919 3204 4990 τὴν
3221 4920 3406 4974 πίστιν
3428 4920 3611 4984 ἑστίας

2026 5026 2087 5061 τε
2120 5010 2214 5062 καὶ
2243 5010 2520 5081 ἱδρύσεως.
2564 5012 2621 5064 '0
2654 5012 2752 5082 μὲν
2781 5007 2872 5064 οὖν
2895 5011 3036 5065 κατά
3056 5013 3147 5066 τὸν
3197 5013 3522 5067 Ἀπὸστολον
3551 5017 3651 5068 ἐνν

2021 5101 2101 5172 τῷ
2125 5101 2302 5172 σκότῳ
2330 5102 2429 5172 τῆς
2459 5101 2682 5170 ἀγνοίας
2704 5100 2799 5167 ὢν,
2843 5103 2951 5156 ὑπὸ
2993 5103 3094 5173 τῆς
3146 5102 3357 5173 πλάνης
3401 5105 3604 5175 ταύτης

2025 5187 2402 5258 σαλευόμενος,
2433 5188 2790 5260 περιφέρεται
2818 5191 2980 5244 παντὶ
3026 5189 3212 5261 ἀνέμῳ
3243 5192 3345 5262 τῆς
3371 5194 3482 5246 τῶν
3508 5197 3600 5248 ἀν-

2023 5279 2256 5352 θρώπιον
2279 5284 2521 5348 κυϐείας,
2547 5283 2738 5354 ὥσπερ
2762 5285 2812 5336 οἱ
2843 5286 2904 5338 ὲν
2940 5283 3166 5353 πελάγει
3204 5283 3602 5356 κλυδωνιζόμε-

2022 5393 2123 5440 νοι,
2149 5377 2242 5430 καὶ
2261 5377 2472 5447 νομίζει
2515 5378 2714 5448 μᾶλλον
2748 5376 2874 5440 τοὺς
2908 5377 3244 5442 Γνωστικοὺς
3291 5378 3597 5449 μαίνεσθαι,

2025 5468 2100 5532 ὡς
2139 5471 2232 5522 καὶ
2251 5469 2279 5521 ὀ
2299 5470 2508 5540 Φῆστός
2539 5487 2671 5540 φησι
2694 5469 2771 5540 τῷ
2787 5469 2984 5541 Παύλῳ
3003 5487 3070 5542 κη
3080 5468 3323 5540 ρύττοντι
3349 5471 3450 5542 τὴν
3468 5470 3600 5540 dif;-

2024 5561 2193 5618 θειανο
2219 5562 2438 5634 Μαίνῃ,
2460 5562 2680 5618 Παῦλε.
2727 5562 2784 5616 '0
2819 5561 2876 5615 δὲ
2914 5563 3213 5631 γνωστικὸς
3245 5563 3339 5617 καὶ
3369 5560 3447 5632 τῷ
3482 5561 3595 5615 ὄντι
