3768 6298
108 321 208 378 889

1139 325 1226 380 DE
1265 325 1518 382 DIVINIS
1553 326 1954 393 NOMINIBUS,
1994 326 2149 384 CAP.
2181 325 2318 383 VIII.

3276 324 3382 380 890

107 402 577 514 Χριστιανὸς,δάτε
599 444 663 514 τῇ
690 442 918 520 ἀληθείᾳ
943 444 1106 514 γνοὺς
1136 444 1228 498 τὸν
1264 444 1531 517 Χριστὸν,
1595 444 1675 499 κα¹

1858 445 2140 500 tristianus
2166 452 2349 498 autem
2378 456 2503 498 vere
2539 441 2839 512 gnosticus,
2860 449 3044 512 utp0te
3062 455 3190 497 vere
3218 440 3372 496 Chri-

104 535 171 589 δι’
204 533 375 590 αὐτοῦ
406 535 507 606 τὴν
554 534 882 605 θεογνωσίαν
926 537 1290 608 κτησάμενος,
1347 536 1444 614 τὴν
1484 538 1693 593 ἑνιαίαν

104 628 246 698 λέγω
276 629 380 701 τῆς
411 629 671 701 ἀληθείας
717 629 939 699 γνῶσιν.
997 630 1236 685 Ἐνιαίαν
1282 630 1393 703 γὰρ
1436 632 1534 705 τὴν
1568 632 1690 687 καθ’

103 721 250 792 ἡμᾶς
282 720 470 774 πίστιν
501 719 804 792 ὠνόμασεν,
823 719 898 785 ὡς
930 720 1111 793 ἀπλῆγ
1142 739 1203 775 τε
1237 724 1333 777 καὶ
1365 723 1575 797 ἀπλανῆ
1593 725 1692 799 τὴν

99 812 193 865 τοῦ
226 812 399 877 ὅντως
432 811 667 883 ἀληθοῦς
681 812 1034 885 κηρύγματος
1050 812 1279 884 ἔχουσαν
1298 816 1519 885 γνῶσιν.
1553 819 1693 885 Ἑξέ-

103 919 269 974 στηκε
307 902 409 973 μὲν
456 902 536 973 τῷ
570 902 789 974 κόσμῳ,
841 902 915 974 μὴ
957 902 1032 956 ὢν
1080 905 1139 957 ὲν
1180 906 1247 977 τῇ
1298 910 1534 980 κοσμικῇ
1580 907 1691 965 τῶν

99 994 345 1048 ἀπίστων
379 994 577 1070 γνώμῃ
606 1012 666 1048 τε
700 996 793 1049 καὶ
843 995 1041 1069 πλάνῃ,
1099 996 1291 1050 ἑαυτὸν
1339 999 1397 1052 δὲ
1430 998 1689 1067 γινώσκει

100 1084 371 1153 νήφοντα,
417 1086 511 1139 καὶ
555 1085 972 1158 ἀπηλλαγμένον
1016 1087 1119 1157 τῆς
1152 1088 1523 1153 πολυπλανοῦς
1555 1091 1687 1143 ἀπι-

101 1175 281 1240 στίας·
316 1177 401 1230 διὸ
434 1178 529 1231 καὶ
562 1178 684 1232 καθ’
719 1179 957 1250 ἑκάστην
991 1180 1205 1251 ἡμέραν
1248 1180 1688 1251 ἀποθνήσκουσιν

100 1270 238 1342 ὑπὲρ
270 1271 374 1341 τῆς
406 1271 684 1342 ἀληθείας,
721 1272 780 1325 οὐ
808 1272 967 1343 μόνον
1001 1274 1096 1326 καὶ
1131 1272 1293 1345 μέχρι
1326 1272 1556 1328 θανάτου
1580 1293 1695 1330 κιν-

97 1361 409 1429 δυνεῦοντες
443 1366 701 1420 ἑκάστοτε
733 1363 821 1417 διά
867 1363 965 1435 τὴν
993 1363 1284 1435 ἀλήθειαν,
1329 1364 1463 1418 ἀλλά
1497 1366 1591 1420 καὶ
1621 1370 1686 1439 τῇ

98 1456 339 1527 ἀγνωσία
372 1456 731 1520 τελευτῶντες
766 1457 1015 1521 πάντοτε,
1035 1459 1101 1528 τῇ
1136 1455 1192 1509 δὲ
1226 1454 1424 1525 γνώσει
1457 1454 1682 1521 ζῶντες,

99 1547 187 1599 καὶ
219 1549 545 1619 Χριστιανοὶ
582 1547 1038 1619 μαρτυρούμενοι.

1798 549 1944 594 stum
1982 549 2342 607 cognoscens,
2371 543 2425 589 et
2453 533 2615 606 473
2646 550 2744 605 per
2778 534 2952 603 ipsum
2984 534 3077 590 Dei
3109 534 3377 605 cognitio.
3435 530 3445 544 '

1801 646 1947 695 nem,
1980 643 2169 695 unam,
2212 629 2459 697 inquam,
2492 628 2740 682 veritatis
2780 626 3151 697 cognitionem
3202 627 3382 696 possi—

1799 722 1953 778 dens.
1990 720 2164 777 Unam
2190 728 2374 773 autem
2404 719 2621 774 vocavit
2655 719 2813 774 Iidem
2862 730 3131 782 nostram,
3188 729 3382 788 utpote

1796 810 2103 881 simplicem
2131 818 2187 863 et
2211 808 2551 863 infallibilem
2576 823 2720 863 vera:
2745 808 3157 877 praadicationis
3185 808 3369 878 cogni-

1800 901 2001 957 tionem
2058 900 2372 956 habentem.
2426 899 2520 955 Est
2549 899 2768 969 quidem
2803 911 2959 954 extra
2989 900 3248 954 tnundum
3283 915 3375 969 po-

1798 993 1930 1059 sita,
1954 1010 2081 1051 cum
2113 993 2339 1048 minime
2366 1002 2619 1048 versetur
2646 993 2700 1047 in
2753 992 3025 1048 mundana
3068 993 3373 1049 intidelium

1797 1086 2028 1143 scientia
2077 1095 2133 1140 et
2180 1100 2399 1151 errore,
2450 1086 2689 1155 seipsum
2723 1095 2906 1140 autent
2960 1086 3242 1156 cognoscit
3285 1101 3378 1142 so-

1795 1178 2003 1245 brium,
2034 1188 2092 1235 et
2120 1192 2150 1231 a
2184 1178 2478 1248 multivago
2517 1178 2841 1233 intideIitate
2871 1180 3193 1243 liberatum;
3227 1179 3381 1233 ideo-

1796 1287 1901 1344 que
1934 1272 2179 1343 quotidie
2227 1287 2324 1341 pro
2356 1272 2589 1327 veritate
2636 1273 2969 1336 moriuntur,
3018 1289 3125 1328 non
3165 1284 3379 1329 tantum

1796 1376 1970 1429 usque
1992 1363 2062 1419 ad
2092 1374 2345 1429 mortem,
2382 1362 2435 1418 in
2474 1363 2595 1419 dies
2626 1373 2854 1434 propter
2885 1366 3176 1420 veritatem
3226 1365 3380 1458 peri:

1793 1453 2074 1521 clitantes,
2101 1457 2196 1513 sed
2227 1458 2391 1512 etiam
2438 1471 2658 1526 semper
2695 1458 3018 1527 ignorantia:
3045 1458 3365 1523 morientes,

1789 1546 2088 1614 cognitioni
2136 1562 2264 1602 vero
2294 1548 2563 1613 viventes,
2593 1559 2650 1603 et
2676 1547 2975 1602 Christiani
3006 1548 3368 1617 comprobati.

106 1680 3337 1704 mw

429 1794 1082 1882 ΚΕΦΑΛΑΙΟΝ

96 1933 227 2001 Περὶ
277 1934 607 2004 δυνάμεως,
634 1937 1041 2003 δικαιοσύνης,
1092 1943 1407 2004 σωτηρίας,
1445 1939 1671 1992 ἀπολυ-

306 2022 367 2072 If.
379 2004 601 2072 ώσεως,
628 2008 697 2060 ἐν
718 2007 764 2071 ᾧ
786 2009 883 2060 καὶ
908 2010 1040 2076 περὶ
1073 2008 1449 2077 ἀνισότητος.

2222 1804 2606 1893 CAPUT
2678 1807 2963 1892 VIII.

1783 1938 1858 1993 De
1883 1937 2396 2009 potentia,justitia,
2434 1939 2625 1997 salute.
2656 1941 3014 2009 redemptione
3039 1958 3058 2006 ,'
3094 1942 3184 1993 ubi
3210 1940 3374 1996 etiam

2334 2011 2399 2063 de
2442 2008 2823 2080 ina'qualitate.

1411 2162 1749 2219 SYNOPSIS
1788 2164 2083 2219 CAPITIS.

95 2273 131 2326 I.
164 2271 323 2349 Ifetit,
350 2278 615 2343 quomoda
650 2277 808 2341 Deus,
834 2280 1024 2347 quiest
1051 2296 1211 2346 supra
1243 2295 1447 2332 omnem
1482 2280 1727 2333 virtutem
1765 2296 1828 2332 ac
1868 2291 2199 2347 potestatem.
2246 2282 2402 2334 etiam
2446 2281 2611 2334 virtus
2641 2298 2733 2335 seu
2783 2291 3014 2349 potestas
3048 2280 3369 2349 appelletur.

162 2345 222 2397 ΙΙ.
251 2343 420 2419 D_icit,
463 2348 629 2400 Deum
660 2343 903 2403 virtute-nt
951 2368 1040 2403 seu
1067 2343 1375 2419 potestatem
1414 2351 1731 2415 nuncupari,
1766 2367 1831 2403 ea:
1866 2343 1925 2402 eo
1962 2350 2102 2417 quod
2137 2354 2466 2411 omnipotens
2499 2353 2587 2407 sit.
2618 2364 2665 2405 et
2698 2343 2869 2405 omnis
2902 2343 3200 2405 rirttttis'ac
3226 2364 3373 2418 pote-

160 2416 313 2467 statis
345 2428 554 2468 auctor.
590 2420 675 2473 III.
706 2419 969 2486 Ostendit,
996 2416 1258 2489 quomodo
1282 2422 1463 2473 divina
1486 2419 1868 2487 omnipotentia
1900 2416 2088 2475 canem
2122 2424 2394 2488 pervadat.
2424 2420 2510 2473 IV.
2543 2420 2695 2475 Hanc
2721 2424 2922 2489 angelis
2948 2440 3152 2474 onmem
3188 2416 3284 2474 vim
3314 2442 3377 2477 ac

158 2494 491 2550 potestatem,
519 2504 625 2556 qua
654 2489 871 2554 pollent,
908 2492 1189 2556 impertiri.
1221 2490 1281 2545 V.
1314 2490 1572 2545 Similiter
1592 2490 1847 2553 homines,
1878 2492 2156 2551 animalia,
2184 2505 2477 2557 crete-raque
2509 2493 2684 2543 omnia
2712 2496 3059 2545 corroborare
3075 2506 3120 2544 et
3149 2495 3199 2543 in
3229 2504 3374 2546 statu

158 2572 614 2630 squconservare.
646 2559 729 2630 VI.
754 2560 1109 2625 Demonstrat,
1130 2578 1348 2614 summa?
1374 2578 1483 2613 esse
1504 2562 1768 2626 potentiw,
1788 2565 1927 2629 quod
1953 2561 2091 2613 Deus
2115 2563 2445 2620 semetipsum
2471 2578 2657 2628 negare
2679 2580 2780 2615 non
2803 2565 2993 2630 possit.
3023 2561 3130 2630 VII.
3167 2562 3376 2627 Tradit,

157 2626 465 2701 natle‘Deas
494 2629 885 2701 etiamjustitia
912 2634 1206 2699 appelt'etur
1246 2633 1463 2701 ejusque
1490 2648 1680 2683 manus
1708 2626 1935 2701 expleat.
1970 2630 2101 2686 VIII.
2131 2631 2242 2684 Cur
2272 2634 2409 2684 Deus
2446 2626 2710 2701 relinquat
2745 2626 2928 2686 in'ltoc
2954 2627 3150 2687 munito
3169 2626 3377 2689 sanctus

156 2696 330 2765 aﬁiigi-
366 2695 458 2749 IX.
494 2696 646 2752 Uade
671 2695 812 2754 Deus
838 2695 999 2755 etiam
1028 2702 1175 2756 salus
1204 2695 1537 2771 na'actt'petur
1575 2719 1636 2753 ac
1669 2695 1984 2769 redemptio.

1665 2838 1787 2913 §I.

167 2975 301 3027 Ἀλλ’
334 2974 528 3045 ἐπειδὴ
563 2974 661 3044 τὴν
716 2974 864 3028 θείαν
897 2975 1203 3048 ἀληθότητα
1237 2979 1332 3032 καὶ
1366 2977 1674 3050 ὑπέρσοφον

1861 2974 1968 3029 Sed
2004 2989 2126 3029 cum
2162 2974 2402 3028 divinam
2448 2974 2739 3028 veritatem
2787 2993 2851 3031 ac
2902 2991 3234 3045 supraquam
3287 2992 3377 3030 sa-

96 3066 277 3134 oo'giav
320 3067 418 3119 καὶ
458 3065 534 3129 ὡς
580 3065 807 3135 δύναμιν
843 3066 1070 3136 ὑμνοῦσι
1105 3070 1200 3123 καὶ
1225 3069 1301 3131 ὼς
1330 3068 1675 3139 δικαιοσύνην

1857 3078 2018 3124 autem
2064 3069 2411 3137 sapientiam,
2442 3076 2499 3121 ut
2540 3071 2844 3138 potentiam
2880 3087 3098 3140 quoque
3133 3081 3186 3124 et
3211 3070 3376 3139 justi-

90 3162 137 3213 oi
162 3159 416 3228 θεολόγοι,
444 3160 539 3211 καὶ
574 3160 845 3230 σωτηρίαν
871 3160 1037 3229 αὐτὴν
1060 3161 1394 3214 ἀποκαλοῦσι
1424 3162 1517 3214 καὶ
1543 3162 1676 3214 ἀπο-

96 3251 371 3323 λύτρωσιν,
426 3252 561 3323 φέρε
607 3252 698 3305 καὶ
720 3252 949 3316 ταύτας,
990 3252 1064 3315 ὡς
1116 3254 1334 3322 ἐφικτὸν
1383 3256 1533 3325 ἡμῖν,
1575 3254 1675 3319 τὰς

93 3343 392 3414 θεωνυμίας
414 3344 831 3415 ἀναπτύξωμεν.
865 3348 973 3399 Καὶ
1011 3347 1092 3399 ὅτι
1134 3348 1229 3417 μὲν
1255 3349 1287 3417 ή
1318 3346 1545 3419 θεαρχία
1574 3347 1677 3400 πά-

98 3452 188 3507 σης
217 3435 497 3507 ἐξῄρηται,
532 3438 625 3489 καὶ
651 3437 907 3508 ὑπερέχει
935 3438 1034 3507 τῆς
1057 3438 1205 3502 ὅπως
1238 3439 1367 3491 ποτε⁹
1389 3439 1482 3491 καὶ
1511 3437 1677 3509 οῦσης

97 3526 183 3577 καὶ
209 3526 601 3596 ὲπινοουμὲνης
647 3526 947 3597 δυνάμεως,
995 3528 1095 3580 οῦκ
1137 3523 1289 3598 οἶμαί
1328 3546 1448 3581 τινα
1480 3528 1587 3582 τῶν
1619 3531 1676 3581 ὲν

95 3624 200 3678 τοῖς
245 3620 411 3682 θείοις
443 3619 645 3687 λογίοις
686 3619 1137 3691 ὲντεΟραμμένων
1186 3624 1399 3691 ἀγνοεῖν
1423 3638 1437 3651 ·
1481 3620 1679 3674 πολλα-

97 3712 187 3782 χοῦ
217 3712 324 3783 γάρ
351 3714 383 3782 ἡ
414 3710 665 3778 θεολογία
694 3713 786 3763 καὶ
808 3711 905 3782 τὴν
939 3713 1165 3783 κυρείαν
1191 3713 1351 3782 αὐτῇ,
1378 3713 1472 3765 καὶ
1496 3710 1678 3765 αὐτῶν

94 3800 197 3853 τῶν
237 3804 645 3874 ὑπερουρανίων
683 3804 964 3873 δυνάμεων
1000 3804 1333 3874 ἀφορίζουσα
1379 3805 1677 3874 παραδέδο-

97 3908 180 3944 ται
209 3895 270 3946 ³⁸.
303 3896 429 3959 Πῶς
474 3891 568 3949 οὖν
612 3895 781 3967 αὐτὴν
817 3897 866 3948 oi
907 3895 1146 3965 θεολόγοι
1192 3897 1286 3948 καὶ
1326 3896 1401 3958 ὡς
1451 3896 1677 3966 δύναμιν

97 3987 335 4057 ὑμνοῦσι,
378 3992 478 4063 τὴν
520 3991 700 4061 πάσης
748 3992 1091 4064 ἐξῃρημένην
1135 3993 1446 4063 δυνάμεως
1485 3992 1518 4063 ἢ
1558 3992 1677 4056 πῶς

97 4077 178 4131 ἐπ’
207 4082 339 4152 αὐτῇ
370 4082 471 4155 τὴν
502 4082 926 4156 δυναμωνυμίαν
959 4084 1283 4156 ὲκλάϐοιμεν
1318 4087 1361 4117 ⁸⁸
1386 4102 1399 4151 ;

1786 3164 1915 3217 tiam
1970 3160 2207 3231 theologi
2262 3161 2594 3226 collaudent,
2630 3176 2731 3217 nec
2779 3177 2897 3217 non
2945 3164 3118 3231 ipsam
3157 3175 3376 3231 quoque

1784 3256 2013 3309 salutem
2063 3268 2127 3309 ac
2174 3254 2609 3323 redemptionem
2657 3266 2889 3321 vocent;
2928 3259 3158 3325 agedum
3209 3256 3372 3310 etiam

1786 3346 1901 3401 haec
1958 3346 2053 3400 Dei
2108 3347 2353 3409 nomina,
2407 3348 2589 3416 quoad
2649 3347 2945 3415 possimus,
2998 3347 3372 3401 enuclccmns.

1785 3436 1939 3505 Quod
1988 3437 2129 3491 Deus
2180 3437 2427 3506 quidem,
2476 3437 2844 3492 deiﬂcationis
2896 3439 3172 3507 princeps,
3212 3452 3374 3506 supra

1784 3543 2004 3583 onmem
2054 3530 2356 3597 potentiam
2407 3528 2642 3593 feratur,
2683 3538 2738 3584 et
2784 3546 3001 3584 omnem
3048 3530 3373 3599 potentiam,

1784 3622 2279 3691 quomodocunque
2311 3631 2395 3676 est
2428 3631 2484 3677 et
2513 3622 2883 3691 excogitatur,
2916 3634 3230 3693 exsuperet,
3266 3639 3374 3677 non

1785 3724 1919 3781 puto
1950 3714 2115 3768 ullum
2149 3730 2214 3768 ex
2249 3714 2316 3768 iis
2347 3714 2439 3783 qui
2476 3716 2530 3769 in
2562 3717 2867 3786 Scripturis
2901 3716 3099 3771 divinis
3127 3716 3221 3768 alti
3249 3725 3377 3770 sunt

1785 3814 1841 3858 et
1864 3805 2105 3867 educati,
2131 3806 2426 3873 ignorare;
2460 3806 2644 3860 multis
2674 3809 2818 3860 enim
2847 3808 2899 3861 in
2923 3807 3058 3860 Iocis
3089 3807 3374 3875 Scriptura

1784 3904 1838 3948 et
1886 3894 2313 3949 dominationem
2368 3896 2541 3965 ipsam
2574 3911 2699 3951 esse
2748 3898 2913 3950 tradit
2957 3910 3004 3960 ιι,
3041 3907 3093 3951 et
3140 3898 3207 3949 ah
3243 3897 3377 3963 ipsis

1782 3985 2272 4056 supracmlestibus
2308 3987 2570 4057 potentiis
2604 3998 2829 4057 separat
2865 3989 2913 4042 δ.
2953 3988 3235 4054 Quomodo
3268 3988 3373 4057 igi-

1789 4089 1880 4132 tur
1908 4078 2141 4147 theologi
2175 4088 2430 4145 tanquam
2460 4079 2758 4147 potentiam
2791 4078 3035 4144 laudant,
3065 4094 3187 4149 quae
3215 4088 3371 4132 extra

1776 4187 1996 4227 omnem
2036 4172 2335 4241 potentiam
2384 4172 2562 4241 posita
2598 4172 2717 4227 est?
2747 4180 2843 4225 aut
2888 4172 3163 4242 quomodo
3207 4170 3261 4225 itt
3308 4185 3373 4226 ea

1776 4279 1972 4319 nomen
2019 4263 2273 4335 petentia:
2308 4264 2691 4335 accipiemus?

1656 4420 1684 4493 ς
1731 4418 1811 4479 ιι.

164 4534 397 4607 Λέγομεν
438 4534 622 4588 τοίνυν
668 4535 734 4599 ³⁸,
770 4534 853 4589 δτι
894 4534 1125 4607 δύναμίς
1164 4536 1313 4591 ἐστιν
1346 4538 1374 4592 ό
1417 4538 1570 4605 Θεὸς,
1599 4540 1677 4604 ὼς

96 4628 264 4681 πᾶσαν
292 4627 525 4698 δύναμιν
554 4628 613 4681 ὲν
638 4627 814 4699 ἐαυτῷ
845 4628 1091 4699 προέχων
1118 4631 1212 4682 καὶ
1244 4631 1549 4703 ὑπερέχων,
1582 4635 1677 4686 καὶ

93 4719 167 4781 ὡς
194 4720 368 4791 πάσης
400 4718 686 4789 δυνάμεως
718 4720 908 4786 αἴτιος,
941 4722 1034 4773 καὶ
1064 4720 1240 4774 πάντα
1268 4722 1413 4776 κατά
1447 4724 1676 4795 δύναμιν

95 4809 299 4867 άκλιτον
318 4814 410 4867 καὶ
437 4812 819 4885 ἀπεριόριστον
850 4814 1134 4883 παράγων,
1166 4815 1260 4867 καὶ
1292 4816 1368 4879 ὡς
1391 4816 1555 4870 αὑτοῦ
1579 4817 1675 4871 τοῦ

95 4897 227 4957 εἶναι
258 4905 508 4977 δύναμιν,
542 4905 576 4975 ἢ
610 4906 711 4977 τὴν
733 4906 860 4978 ὃλην
903 4907 936 4977 ἢ
967 4910 1067 4981 τὴν
1096 4910 1215 4963 καθ’
1244 4912 1475 4965 ἕκαστον
1504 4911 1675 4975 αἴτιος

95 4991 198 5044 ῶν·
226 4999 316 5050 καὶ
344 4996 421 5061 ὡς
436 4995 970 5068 ἀπειροδύναμος,οὐ
1006 5000 1164 5071 μόνον
1191 5000 1269 5071 τῷ
1299 5004 1478 5055 πᾶσαν
1510 5001 1672 5055 δύνα-

98 5101 189 5152 μιν
218 5089 507 5159 παράγειν,
544 5087 681 5141 ἀλλά
713 5089 808 5141 καὶ
838 5090 916 5161 τῷ
953 5093 1092 5163 ὑπὲρ
1123 5094 1302 5146 πᾶσαν
1334 5094 1427 5146 καὶ
1456 5093 1553 5165 τὴν
1589 5094 1679 5146 αῦ-

95 5177 372 5252 τοδύναμιν
397 5179 559 5248 εἶναι,
590 5184 685 5236 καλ⁵
706 5184 784 5255 τῷ
810 5185 1231 5256 ὑπερδύνασθαι,
1259 5188 1353 5240 καὶ
1385 5188 1679 5258 ἀπειράκις

99 5272 347 5345 ἀπείρους
380 5274 490 5327 τῶν
520 5276 697 5329 οὐσῶν
736 5276 1017 5348 δυνάμεων
1054 5279 1247 5350 ἑτέρας
1290 5284 1636 5350 παραγαγεῖν
1660 5299 1675 5313 ο

100 5362 190 5415 καὶ
215 5366 289 5436 τῷ
321 5366 397 5439 μὴ
424 5368 490 5421 ἀν
525 5384 658 5421 ποτε
688 5368 979 5441 δυνηθῆναι
1011 5372 1112 5433 τὰς
1152 5371 1412 5442 ἀπείρους
1452 5373 1543 5424 καὶ
1590 5374 1679 5426 ἐπ’

192 5532 216 5560 ⁸
249 5520 287 5576 Il
323 5522 472 5580 Petr.
516 5538 574 5578 ιι.
655 5524 682 5564 b
718 5522 861 5580 PsaI.
900 5542 1058 5581 χχιιι.

1853 4541 2095 4598 Dicimus
2120 4541 2308 4613 igitur,
2335 4542 2506 4599 Deum
2537 4558 2659 4600 esse
2680 4542 3010 4614 potentiam,
3037 4552 3096 4599 ut
3118 4544 3210 4613 qui
3249 4560 3389 4618 prm-

1784 4635 2025 4690 Itabet‘iu
2051 4647 2187 4691 seet
2208 4652 2373 4705 supra
2404 4652 2566 4705 quant
2594 4637 2761 4692 habet
2779 4652 3000 4692 omnem
3040 4636 3251 4705 potenti
3271 4653 3385 4704 am;

1782 4728 1948 4801 474
1980 4740 2034 4784 et
2068 4738 2126 4783 ut
2154 4730 2332 4784 omnis
2362 4730 2619 4799 potentia:
2650 4740 2867 4797 auctor,
2900 4739 2956 4786 et
2988 4738 3047 4784 ut
3080 4727 3264 4784 omnia
3304 4731 3390 4784 in-

1781 4822 2005 4878 Ilexibili
2038 4832 2095 4878 et
2142 4822 2618 4891 incircuinseripta
2673 4823 2917 4892 potentia
2955 4822 3288 4892 producens,
3331 4834 3387 4876 et

1782 4924 1841 4967 ut.
1891 4924 2082 4968 auctor
2123 4914 2301 4983 ipsius
2349 4926 2473 4967 esse
2528 4914 2832 4982 potentiae,
2886 4922 2994 4967 tam
3045 4910 3374 4965 universalis

1780 5024 1943 5077 quam
1987 5007 2254 5079 cujusque
2295 5004 2681 5077 particularis;
2715 5014 2771 5059 et
2819 5014 2879 5058 ut
2922 5004 3373 5072 inﬁniti-potens,

1787 5114 1893 5151 non
1920 5098 2092 5154 solum
2118 5112 2333 5153 omnem
2360 5096 2659 5164 potentiam
2686 5095 3065 5165 producendo,
3084 5094 3180 5148 sed
3204 5093 3373 5146 etiam

1787 5205 1950 5259 supra
2001 5205 2217 5246 omnem
2266 5188 2587 5261 potentiam,
2636 5197 2693 5243 et
2733 5202 2897 5256 supra
2950 5187 3127 5256 ipsam
3174 5200 3276 5254 per
3310 5199 3375 5238 se

1789 5284 2084 5352 potentiam
2117 5282 2461 5348 exsistendo;
2490 5291 2545 5335 et
2567 5282 2711 5351 quod
2743 5280 2977 5349 desuper
3009 5279 3181 5349 possit
3212 5277 3375 5330 innu-

1791 5375 2127 5430 merabiliter
2171 5375 2411 5430 inﬁnitas
2458 5372 2595 5430 alias
2622 5372 2894 5445 potentias
2940 5370 3279 5443 producere;
3316 5376 3373 5423 et

1375 5640 1608 5696 VARUS
1648 5640 2059 5699 LECTIONES.

185 5750 604 5829 ⁸⁴παραὸἐδωκι,
644 5761 699 5818 S.
738 5759 797 5817 Ρ.
873 5762 1271 5837 ⁸⁸ὶκλάὸωμεν.
1310 5763 1367 5820 S.
1392 5761 1450 5817 P.
1530 5762 1571 5796 ³⁸
1606 5761 1855 5835 λέγωμεν
1891 5763 2089 5835 τοίνυν,
2130 5764 2185 5820 S.
2210 5762 2271 5820 Ρ.
