3768 6290
399 321 496 376 891

1578 315 1668 388 S.|
1691 314 1993 372 DlONYSll
2034 313 2124 368 AR
2137 311 2504 368 ΕΟΡΑΟΙΤᾹΞ

3601 303 3693 359 892

402 433 544 502 quod
594 430 819 484 inlinitm
867 429 1079 484 inﬁnito
1129 445 1358 486 numero
1405 431 1682 501 producta:
1727 432 1988 500 potentia:

2141 453 2317 506 πειρον
2345 427 2734 502 παραγομένας
2761 427 3017 498 δυνάμεις
3044 424 3144 498 τὴν
3177 422 3578 496 ὖττεράπειρον
3606 425 3689 475 αύ-

404 538 676 592 tutnqnam
744 532 946 590 queant
1004 538 1338 592 supraquam
1400 523 1670 577 inﬁnitam
1730 528 1986 593 potentia:

401 617 520 683 ejus
581 615 910 683 potenlilica:
971 614 1318 670 cil‘ectionem
1379 615 1676 682 hebetare;
1733 621 1986 687 quodque

402 706 688 758 ineli‘abilis
730 714 785 758 et
822 705 1274 774 ineognoscibilis
1321 714 1376 759 et
1421 706 1866 775 inexcogitabilis
1913 708 1987 762 sit

400 797 580 851 omnia
609 795 1007 851 transcenderis
1029 795 1146 863 ejus
1175 797 1443 866 potentia,
1477 813 1599 867 qua:
1628 798 1986 854 exuberantia

400 892 693 960 potestatis
745 901 1017 961 potentem
1065 892 1247 946 reddit
1283 891 1684 960 inﬁrmitatem,
1713 894 1867 963 cujus
1891 911 1990 951 ex-

402 995 604 1037 tremos
629 999 841 1053 quoque
871 985 1128 1037 terminos
1154 985 1395 1038 continet
1427 995 1802 1056 penetratque,
1830 989 1971 1042 sicut

402 1075 453 1128 in
485 1074 554 1130 iis
582 1091 704 1145 qua:
732 1090 957 1130 sensmn
983 1075 1140 1131 valde
1168 1075 1374 1130 feriunt
1397 1077 1666 1143 videmus,
1696 1079 1987 1148 praelucida

402 1168 606 1223 Iumina
637 1169 859 1223 hebetes
892 1181 1108 1237 quoque
1137 1168 1354 1222 videndi
1387 1169 1676 1224 facultates
1722 1173 1991 1240 perstrin-

400 1271 651 1330 gerezct
683 1260 928 1329 ingentes
957 1261 1118 1316 aiunt
1171 1261 1436 1330 strepitus
1480 1261 1732 1316 audiendi
1777 1271 1992 1331 quoque

400 1365 617 1415 sensus,
661 1366 796 1405 sano
833 1352 1100 1420 capiendo
1145 1369 1336 1423 parum
1379 1353 1629 1415 idoneos.
1679 1365 1988 1422 penetrare.

403 1441 558 1507 Quod
588 1444 732 1497 enim
762 1446 981 1512 penitus
1020 1459 1126 1498 non
1154 1446 1326 1508 audit,
1348 1445 1460 1514 jam
1494 1459 1600 1498 non
1624 1453 1707 1499 cst
1733 1445 1988 1512 auditus;

403 1551 584 1605 neque
610 1537 778 1603 \iStlS,
811 1541 954 1608 quod
987 1555 1092 1593 non
1121 1538 1298 1594 cernit
1324 1539 1570 1593 omnino.

2086 528 2182 581 τού
2226 527 2325 596 τῆς
2370 520 2734 594 δυναμοποιοῦ
2770 520 3049 590 δυνάμεως
3096 516 3388 590 ἀμϐλῦναι
3438 518 3688 588 ποίησιν·

2089 620 2184 673 καί
2211 617 2289 687 τῷ
2319 616 2612 684 ἀφθέγκτῳ
2643 613 2739 666 καὶ
2775 610 3036 682 ἀγνώστῳ
3067 612 3161 664 καὶ
3199 611 3568 681 ἀνεπινοήτῳ
3602 610 3689 678 τῆς

2091 712 2267 765 πάντα
2287 707 2662 778 ὑπερεχούσης
2679 704 2846 776 αὐτοῦ
2875 705 3178 774 δυνάμεως,
3201 705 3238 775 ἢ
3257 703 3351 757 διὰ
3378 705 3689 773 περιουσίαν

2089 801 2185 856 τοῦ
2212 799 2438 855 δυνατοῦ
2459 800 2553 853 καὶ
2572 797 2672 870 τὴν
2697 797 2979 851 ἀσθένειαν
2997 797 3248 867 δυναμοῖ,
3272 796 3376 870 καλ
3403 795 3481 848 τὰ
3503 795 3690 866 ἔσχατα

2090 897 2200 951 τῶν
2240 896 2623 966 ἀπηχημάτων
2669 893 2714 924 π
2760 892 2931 962 αὐτῆς
2977 889 3189 960 συνέχει
3235 889 3337 943 καὶ
3387 888 3688 960 διακρατεῑ,

2087 989 2341 1060 καθάπερ
2376 988 2471 1040 καὶ
2493 988 2586 1040 ἐπὶ
2611 986 2719 1040 τῶν
2745 989 2865 1040 κατ’
2896 987 3148 1059 αἴσθησιν
3170 983 3429 1040 δυνατῶν
3460 983 3688 1056 ὁρῶμεν,

2087 1083 2168 1136 ὅτι
2197 1082 2265 1134 τὰ
2301 1081 2676 1153 ὑπέρλαμπρα
2714 1079 2868 1149 φῶτα
2914 1081 3008 1134 καὶ
3053 1079 3216 1151 μέχρι
3252 1078 3368 1132 τῶν
3419 1075 3688 1146 ἁμόλειῶν

2087 1176 2332 1246 ὁράσεων
2372 1173 2563 1242 φθάνει
2584 1190 2598 1203 ⁸
2627 1173 2722 1226 καὶ
2741 1175 2869 1236 τοὺς
2899 1171 3166 1243 μεγάλους
3207 1171 3350 1242 φασὶ
3373 1170 3496 1223 τῶν

2089 1269 2184 1321 καὶ
2213 1268 2294 1331 είς
2335 1265 2438 1330 τὰς
2470 1265 2544 1337 μὴ
2567 1265 2684 1318 λίαν
2711 1265 2950 1330 εὐκόλως
2975 1266 3084 1319 τῶν
3112 1267 3266 1336 ἤχων
3294 1259 3687 1333 ἀντιλαμϐανο-

2101 1360 2269 1430 μένας
2297 1357 2466 1421 ἀκοὰς
2501 1358 2824 1412 εἰσδύεσθαι.
2865 1359 2939 1411 Τὸ
2967 1357 3078 1430 γὰρ
3108 1360 3288 1429 πάντη
3319 1358 3565 1428 ἀνήκοον
3582 1353 3688 1408 οὐδὲ

2098 1450 2264 1521 ἀκοή·
2294 1449 2390 1504 καὶ
2417 1449 2478 1502 τὸ
2505 1447 2730 1502 καθόλου
2762 1448 2835 1520 μὴ
2860 1447 3054 1518 βλέπον
3081 1449 3203 1502 οὐδὲ
3231 1449 3440 1520 ὅρασις
3473 1445 3544 1500 ³⁸.

1971 1704 2000 1778 §
2045 1701 2156 1762 ut.

494 1840 623 1896 llaec
650 1841 813 1912 igitur
853 1843 1094 1913 potentia
1136 1815 1230 1898 Dei
1262 1843 1682 1914 inﬁniti-potens
1724 1847 1777 1899 in
1805 1843 1991 1898 omnia

2159 1837 2308 1908 Λῦτη
2346 1837 2390 1890 δ’
2415 1832 2508 1890 οὖν
2533 1837 2565 1906 ἡ
2601 1834 3032 1906 ἀπειροδύναμος
3060 1831 3154 1886 τοῦ
3185 1830 3317 1886 Θεοῦ
3351 1832 3594 1896 διάδοσις
3619 1835 3689 1896 εἰς

413 1949 537 2002 qua:
573 1945 701 1990 sunt
737 1947 882 1992 meat
907 1946 957 1992 et
995 1936 1360 2007 progreditur,
1393 1937 1640 2007 nihilque
1661 1952 1853 1993 eorum
1870 1951 1995 2008 quae

417 2035 550 2082 sunt
571 2028 652 2083 sic
684 2030 910 2084 omnino
939 2030 1202 2084 nudatum
1240 2037 1344 2096 est,
1378 2031 1510 2100 quin
1556 2031 1792 2100 aliquam
1839 2039 1994 2102 pote-

411 2128 607 2174 statem
640 2119 869 2176 habeat:
901 2121 1034 2192 quin
1091 2122 1276 2192 potius
1325 2131 1652 2192 potestatem
1695 2124 1860 2179 habet
1906 2125 1992 2182 vel

412 2208 796 2279 intelligentem
827 2212 914 2267 vel
957 2212 1400 2276 ratiocinantem,
1429 2211 1512 2266 vel
1548 2214 1874 2270 sentientem
1904 2217 1991 2270 vel

410 2305 706 2373 viventem,
732 2310 817 2363 vel
855 2311 1135 2380 propriam
1171 2311 1527 2378 substantias;
1553 2319 1608 2365 et
1632 2311 1808 2380 ipsum
1845 2327 1990 2380 esse,

409 2400 454 2454 si
510 2401 594 2456 l'as
626 2411 714 2457 est
755 2403 958 2469 dicere,
999 2404 1324 2474 potentiam,
1357 2404 1520 2459 habet
1548 2413 1610 2458 ut
1659 2403 1730 2459 sit
1757 2405 1827 2460 ab
1869 2405 1988 2476 ipsa

408 2496 858 2562 supraessentiali
884 2498 1148 2568 potentia.

2098 1932 2275 1984 πάντα
2297 1930 2364 1982 τὰ
2385 1930 2512 1982 ὄντα
2541 1931 2728 1999 χωρεῖ,
2753 1927 2847 1980 καὶ
2867 1925 3020 1978 οὐδέν
3039 1926 3155 1978 ἐστι
3176 1924 3292 1978 τῶν
3322 1925 3503 1978 ὄντων
3529 1926 3556 1977 ὃ
3577 1943 3692 1977 παν-

2095 2022 2264 2085 τελῶς
2296 2021 2568 2092 ἀφῄρηται
2596 2018 2656 2070 τὸ
2685 2017 2825 2088 ἔχειν
2848 2016 2966 2068 τινὰ
2990 2015 3218 2086 δύναμιν
3237 2033 3248 2044 ’
3276 2013 3400 2068 ἀλλ’
3431 2015 3466 2083 ἦ
3487 2013 3690 2084 νοερὰν,

2096 2113 2129 2185 ἦ
2162 2112 2406 2183 λογικὴν,
2442 2110 2475 2182 ἦ
2514 2109 2858 2179 αἰσθητικὴν,
2896 2107 2929 2178 ἦ
2966 2106 3224 2178 ζωτικὴν,
3257 2106 3290 2177 ἢ
3340 2105 3580 2176 ούσιὼδη
3606 2105 3691 2158 δύ-

2099 2223 2260 2277 ναμιν
2305 2205 2450 2275 ἔχει·
2498 2203 2592 2256 καὶ
2629 2201 2759 2253 αὐτὸ
2803 2200 2879 2263 δὲ,
2924 2201 2971 2251 εἰ
3014 2197 3172 2270 θέμις
3212 2200 3422 2260 εἰπεῖν,
3467 2198 3528 2250 τὸ
3565 2193 3691 2249 εἶναι

2099 2301 2348 2371 δύναμιν,
2381 2300 2462 2362 είς
2499 2299 2561 2351 τὸ
2597 2292 2736 2350 εἶναι
2767 2294 2877 2365 ἔχει
2908 2293 3058 2364 παρά
3091 2293 3191 2363 τῆς
3233 2293 3576 2364 ὑπερουσίου
3611 2290 3691 2342 δυ-

2101 2393 2338 2464 νάμεως.

1981 2639 2009 2713 §
2052 2637 2160 2697 tv.

501 2798 575 2852 Ex
629 2799 744 2866 ipsa
780 2806 908 2852 sunt
953 2797 1246 2854 deiformes
1311 2799 1686 2868 angelicorum
1737 2801 1993 2856 ordinum

401 2892 700 2965 potentiaz;
767 2907 833 2946 ex
894 2892 1010 2962 ipsa
1064 2906 1280 2961 quoque
1351 2895 1552 2948 habent
1620 2903 1820 2947 statum
1892 2895 1996 2949 im-

407 2985 746 3051 mutabilem,
791 2999 894 3040 nec
932 3001 1040 3041 non
1084 2999 1276 3040 omnes
1315 3001 1442 3040 suas
1487 2986 1764 3056 spiritales
1798 2995 1852 3040 et
1887 2988 1992 3042 im-

2185 2800 2272 2867 Ἐξ
2302 2800 2471 2871 αὐτῆς
2495 2802 2632 2854 εἰσιν
2659 2801 2714 2853 αἱ
2745 2799 2995 2862 θεοειδεῖς
3021 2799 3131 2852 τῶν
3161 2797 3482 2867 ἀηελικῶν
3524 2796 3688 2852 διακόσ

2084 2893 2534 2964 σμωνδυνέιμ.εις⁹
2565 2891 2624 2956 ἐξ
2656 2892 2824 2962 αὐτῆς
2863 2893 2955 2944 καὶ
2994 2890 3056 2943 τὸ
3098 2885 3240 2944 εἶναι
3287 2886 3691 2961 ἀμεταπτώτως

2102 2986 2302 3058 ἔχουσι,
2339 2985 2434 3038 καὶ
2462 2984 2643 3047 πάσας
2671 2983 2850 3037 αὐτῶν
2889 2984 2988 3046 τὰς
3033 2981 3228 3054 νοερὰς
3271 2983 3368 3036 καὶ
3403 2983 3690 3042 ἀθανάτους

409 3077 668 3129 mortales
694 3090 758 3129 ac
790 3087 1086 3144 perpetuas
1111 3085 1403 3139 motiones,
1433 3077 1713 3145 ipsamque
1741 3086 1991 3130 constan-

2141 3076 2458 3147 εικινησίας,
2497 3075 2592 3128 καὶ
2628 3076 2689 3128 τὸ
2734 3075 2976 3146 ἀρρεπὲς
3017 3075 3174 3138 αὐτὸ,
3210 3077 3309 3128 καὶ
3347 3076 3451 3146 τὴν
3481 3073 3688 3127 ἀνελᾶτ-

2317 3169 2339 3179 ..
2598 3168 2623 3179 -
2672 3169 2684 3179 .
2774 3167 2796 3179 λ
2837 3166 2862 3178 -
2999 3167 3012 3179 .
3132 3167 3159 3178 -
3250 3167 3264 3179 .
3508 3165 3553 3179 ,ρ
3650 3161 3686 3179 ..

406 3169 537 3222 tiam
571 3171 809 3240 bonique
839 3170 1168 3239 appetitum,
1208 3168 1302 3238 qui
1351 3168 1520 3222 minui
1562 3183 1669 3222 non
1703 3170 1896 3238 possit,
1927 3168 1994 3222 ab

405 3258 688 3315 inimensze
733 3262 996 3316 bonitatis
1029 3264 1276 3330 potentia
1306 3271 1656 3330 receperunt,
1689 3259 1844 3326 cujus
1874 3275 1995 3313 mu-

407 3363 537 3403 nere
569 3351 790 3417 habent,
823 3361 882 3404 ut
911 3362 965 3405 et
994 3353 1206 3422 possint
1230 3364 1283 3406 et
1311 3352 1427 3406 sint
1452 3352 1567 3405 hmc
1593 3353 1728 3420 ipsa,
1756 3365 1998 3419 semper-

406 3456 512 3507 que
554 3457 677 3495 esse
714 3443 1049 3509 desiderent,
1085 3452 1140 3498 et
1169 3443 1229 3498 id
1255 3433 1443 3514 ipsum
1474 3457 1638 3513 posse
1680 3442 1999 3498 desiderare

405 3545 626 3603 sctt‘tpcr
649 3534 892 3604 possint.

2097 3189 2270 3224 τωτον
2316 3169 2500 3239 ἔφεσιν
2532 3168 2626 3222 τοῦ
2660 3166 2886 3238 ἀγαθοῦ,
2921 3167 3056 3238 πρὸς
3097 3167 3196 3236 τῆς
3240 3165 3616 3237 ἀπειραγάθου
3649 3161 3686 3192 ³⁹

2096 3264 2381 3336 δυνάμεως
2404 3263 2714 3333 εἰλήφασιν,
2743 3261 2911 3332 αὐτῆς
2940 3260 3188 3329 ἐφιείσης
3221 3259 3416 3323 αὐτοῖς
3445 3257 3508 3311 τὸ
3543 3255 3688 3309 δύνα-

2102 3355 2226 3408 σθαι
2254 3356 2346 3408 καὶ
2375 3355 2435 3408 τὸ
2483 3349 2620 3407 εἶναι
2649 3352 2841 3414 ταῦτα,
2869 3353 2965 3405 καὶ
3009 3350 3259 3419 ἐφίεσθαι
3296 3351 3388 3404 ἀεὶ
3420 3346 3576 3412 εἶναι,
3603 3346 3688 3398 καὶ

2100 3449 2232 3502 αὐτὸ
2264 3449 2326 3502 τὸ
2353 3446 2613 3501 δύνασθαι
2647 3444 2893 3516 ἐφίεσθαι
2917 3443 3012 3497 τοῦ
3037 3443 3125 3497 ἀεὶ
3155 3441 3447 3496 δύνασθαι.

1975 3700 2005 3774 §
2047 3699 2121 3758 ν.

479 3840 650 3898 Porro
723 3841 1085 3899 indelicientis
1124 3843 1284 3900 istius
1345 3827 1604 3914 potentiae
1661 3859 1885 3898 munera
1935 3843 1990 3898 in

405 3934 655 3990 homines
729 3950 948 4005 quoque
996 3937 1327 4000 dimanant,
1392 3945 1447 3992 et
1515 3936 1570 3990 in
1627 3937 1881 3992 animalia
1938 3944 1993 3991 et

404 4027 658 4092 plantas,
711 4035 993 4096 totamque
1037 4037 1290 4082 naturam
1335 4027 1620 4093 universi;
1670 4027 1996 4082 corroborat

404 4117 551 4172 enim
605 4118 722 4184 illa,
753 4135 875 4189 qua:
923 4121 1075 4176 unita
1121 4131 1270 4187 sunt,
1305 4122 1372 4175 ad
1408 4131 1651 4176 mutuam
1693 4120 1992 4175 amicitiam

407 4225 472 4264 ac
501 4213 975 4280 communionem,
998 4225 1055 4269 et
1079 4229 1202 4284 qua:
1240 4216 1495 4270 distincta
1523 4224 1670 4278 sunt,
1710 4223 1770 4269 ut
1799 4230 1997 4270 secun-

411 4301 536 4355 dttut
575 4317 732 4356 suam
766 4319 999 4374 quaeque
1044 4308 1314 4362 rationem
1363 4321 1428 4361 ac
1481 4308 1853 4363 deﬁnitionem
1889 4307 1998 4360 itn-

411 4391 673 4457 pcrmista
706 4409 921 4462 quoque
946 4405 998 4449 et
1051 4396 1336 4452 iuconl‘usa
1385 4398 1724 4463 consistant;
1762 4415 1862 4454 nec
1891 4413 1998 4452 non

2176 3840 2396 3913 Πρόεισι
2436 3837 2495 3891 δὲ
2542 3837 2612 3890 τὰ
2642 3833 3132 3907 τῆς’ἁνεκλείπτου
3175 3832 3465 3903 δυνάμεως
3501 3831 3592 3886 mi.
3616 3832 3685 3891 εἰς

2105 3933 2447 4006 ἀνθρώπους,
2487 3932 2582 3985 καὶ
2619 3929 2755 3996 ζῶα,
2805 3929 2898 3981 καὶ
2945 3925 3108 3996 φυτά,
3156 3926 3253 3980 καὶ
3300 3925 3402 3996 τὴν
3441 3924 3565 3995 ὃλην
3599 3922 3682 3975 τοῦ

2100 4027 2301 4089 παντὸς
2353 4024 2553 4095 φύσιν’
2607 4024 2702 4086 καὶ
2749 4021 2978 4091 δυναμοί
3023 4019 3094 4071 τὰ
3141 4017 3402 4090 ἡνωμένα
3437 4017 3573 4088 πρὸς
3596 4015 3681 4084 τὴν

2098 4120 2343 4193 ἀλλήλων
2385 4118 2570 4189 φιλίαν
2599 4117 2692 4170 καὶ
2720 4113 3027 4175 κοινωνίαν,
3070 4113 3163 4166 καὶ
3192 4111 3268 4164 τὰ
3305 4106 3679 4180 διακεκριμένα

2106 4212 2242 4284 πρὸς
2269 4211 2330 4264 τὸ
2358 4206 2497 4263 εἶναι
2523 4208 2664 4263 κατά
2687 4208 2778 4261 τὸν
2799 4209 2997 4260 οἰκεῖον
3025 4205 3235 4258 ἕκαστα
3261 4204 3420 4272 λόγον
3453 4204 3544 4256 καὶ
3569 4203 3679 4271 ὅρον

2107 4304 2388 4374 ἀσύγχυτα
2420 4302 2514 4354 καὶ
2545 4301 2877 4372 ἁσύμφυρτα
2901 4315 2914 4328 °
2946 4298 3042 4350 καὶ
3066 4297 3167 4359 τὰς
3214 4295 3312 4349 τοῦ
3361 4295 3558 4356 παντὸς
3591 4291 3678 4342 τά-

2107 4399 2219 4462 ξεις
2252 4395 2346 4447 καὶ
2374 4392 2746 4464 εύθυμοσύνας
2768 4392 2812 4422 ⁶⁰
2842 4391 2923 4453 εἰς
2949 4389 3010 4442 τὸ
3033 4391 3234 4442 οἰκεῖον
3269 4387 3473 4457 ἀγαθὸν
3499 4382 3680 4439 διασώ-

410 4482 652 4539 nnivcrsi
701 4483 863 4553 hujus
891 4487 1116 4542 ordines
1147 4504 1212 4543 ac
1243 4488 1576 4545 directiones
1611 4492 1664 4545 in
1695 4492 1838 4546 bono
1867 4507 1991 4561 pro-

2141 4506 2203 4549 ει,
2237 4488 2332 4540 καὶ
2370 4485 2469 4550 τὰς
2503 4485 2805 4547 ἀθανάτους
2832 4481 2939 4536 τῶν
2980 4479 3287 4550 ἀγγελικῶν
3319 4480 3516 4533 ὲνάδων
3549 4474 3678 4541 ζωὰς

408 4577 532 4644 prio
564 4586 874 4643 conservat,
910 4589 1074 4648 atque
1105 4581 1441 4636 immortales
1476 4583 1845 4651 angeliearum
1877 4581 2000 4635 uni-

411 4681 586 4724 tatum
638 4672 779 4726 vitas
829 4672 1208 4738 inviolabiles,
1265 4684 1320 4730 et
1373 4674 1674 4730 cmlcstium
1728 4676 1994 4730 luminum

406 4763 573 4834 475
618 4765 971 4834 siderumque
1002 4765 1341 4821 substantias
1368 4777 1532 4839 atque
1555 4769 1779 4825 ordines
1809 4776 1995 4823 servat

410 4856 800 4918 imatutahiles,
837 4857 1146 4928 saeculaque
1193 4869 1252 4912 ut
1295 4874 1417 4914 esse
1461 4862 1674 4930 possint
1715 4859 1991 4929 indulget;

410 4959 715 5018 temporum
768 4965 991 5019 quoque
1039 4952 1559 5008 circttmt'olutimtcs
1611 4953 1995 5024 progressibus

407 5042 630 5111 quidem
665 5042 984 5109 distinguit,
1021 5045 1289 5100 reditibus
1332 5059 1462 5100 vero
1493 5045 1739 5114 colligit;
1771 5055 1828 5100 ct
1859 5044 2000 5114 ignis

393 5134 940 5189 viresincxstinctas
969 5135 1125 5202 facit,
1160 5151 1258 5192 nec
1289 5153 1394 5192 non
1429 5153 1584 5208 aqua:
1623 5138 1827 5193 ﬂuenta
1871 5151 2000 5206 pcr-

409 5225 606 5290 cnnia;
654 5228 863 5282 aeriam
916 5243 1134 5298 quoque
1181 5229 1454 5284 fusionem
1499 5231 1796 5292 terminat,
1831 5239 1998 5296 atque

411 5326 614 5372 terram
642 5333 805 5387 supra
837 5321 1063 5374 nihilum
1106 5323 1305 5389 lirmat,
1333 5325 1563 5392 ejusque
1596 5321 1841 5375 virilieos
1869 5336 1997 5390 par-

415 5418 503 5464 tus
532 5411 973 5480 incorruptibiles
1019 5415 1297 5480 custodit;
1328 5417 1462 5486 quin
1504 5425 1560 5470 et
1601 5413 1999 5468 elementorum

2107 4580 2419 4652 ἀλωϐἡτους
2445 4577 2814 4648 διαφυλάττει,
2849 4575 2943 4628 καὶ
2988 4572 3089 4636 τὰς
3131 4571 3409 4644 οὐρανίας,
3454 4571 3542 4623 καὶ
3575 4586 3675 4637 φω-

2108 4671 2393 4744 στηρικάς,
2426 4671 2520 4724 καὶ
2545 4668 2823 4741 ἀστρῲους
2845 4663 3049 4728 οὐσίας,
3075 4664 3171 4717 καὶ
3198 4663 3383 4727 τάξεις
3401 4658 3676 4715 ἀναλλοίω-

2101 4782 2249 4829 τους,
2288 4765 2383 4817 καὶ
2412 4763 2503 4816 τὸν
2535 4762 2706 4816 αἰῶνα
2743 4757 3002 4814 δύνασθαι
3050 4753 3189 4810 εἶναι
3232 4760 3413 4809 ποιεῖ·
3462 4754 3549 4806 καὶ
3587 4751 3676 4807 τὰς

2102 4857 2197 4910 τοῦ
2225 4856 2419 4927 χρόνου
2463 4853 2788 4928 περιελίξεις
2815 4850 3081 4922 διακρίνει
3131 4849 3231 4920 μὲν
3267 4852 3389 4912 ταῖς
3427 4845 3670 4919 προόδοις.

2106 4948 2328 5017 συνάγει
2356 4949 2412 5002 δὲ
2441 4950 2562 5011 ταῖς
2597 4942 3074 5000 ἀποκαταστάσεσι
3099 4959 3113 4972 ·
3148 4941 3244 4994 καὶ
3273 4940 3372 5002 τὰς
3400 4939 3490 4992 τοῦ
3518 4935 3672 5006 πυρὰς

2103 5039 2364 5110 δυνάμεις
2394 5040 2694 5102 ἀσϐέστους
2723 5038 2885 5096 ποιεῖ,
2917 5035 3010 5088 καὶ
3039 5033 3137 5096 τὰς
3168 5032 3263 5085 τοῦ
3300 5031 3489 5094 ὕδατος
3530 5029 3669 5097 ἐπιρ-

2105 5133 2236 5204 poi;
2263 5132 2671 5194 ἀνεκλείπτους,
2703 5129 2796 5182 καὶ
2823 5127 2921 5199 τὴν
2965 5127 3158 5195 ἀερίαν
3189 5124 3347 5196 χύσιν
3376 5123 3554 5194 ὁρίζει.
3583 5119 3668 5171 καὶ

2101 5226 2201 5297 τὴν
2229 5227 2331 5298 γῆν
2353 5227 2441 5279 ἐπ’
2473 5223 2688 5287 οὐδενὸς
2717 5220 2911 5293 ἱδρύει,
2947 5220 3040 5272 καὶ
3067 5219 3165 5280 τὰς
3193 5218 3488 5286 ζωογὸνους
3512 5211 3667 5285 αὐτῆς

2101 5318 2295 5381 ὠδῖνας
2327 5317 2684 5388 ἀδιαφθόρους
2717 5314 2970 5385 φυλάττει
2999 5311 3042 5343 ⁸¹
3063 5327 3078 5341 ⁸
3113 5310 3208 5363 καὶ
3237 5309 3336 5380 τὴν
3362 5311 3418 5362 ἐν
3443 5304 3667 5374 ἀλλήλοις

2099 5411 2210 5462 τῶν
2260 5410 2542 5480 στοιχείων
2589 5405 2852 5480 ἁρμονίαν
2900 5404 2994 5458 καὶ
3039 5403 3236 5474 κρᾶσιν
3261 5399 3550 5470 ἀσύγχυτον
3579 5393 3666 5449 καὶ

1697 5589 1933 5667 vum;
1969 5587 2375 5646 LECTIONES.

497 5745 542 5780 ³⁷
576 5747 939 5822 ἀπηχήματα,
980 5751 1040 5807 Ρ.

1120 5752 1164 5785 ³⁸
1183 5749 1305 5806 οὔτε
1343 5749 1557 5821 ὅρασις,
1599 5745 1657 5802 P.
1709 5749 1753 5783 3’
1775 5745 2227 5819 ἀπειροδυνάμου.
2309 5746 2354 5783 ⁸ο
2389 5741 2788 5819 εὖθημοσύνας,
2823 5743 2888 5799 Ρ.
2956 5741 2995 5776 ’δ’
3022 5737 3394 5812 διαφυλάττει,
3432 5735 3484 5791 S.
3507 5730 3562 5786 P.
