3768 6304
156 346 274 403 893

1236 343 1322 398 DE
1366 343 1623 400 DIVINIS
1660 344 2058 412 NOMINIBUS,
2087 345 2239 402 CAP.
2281 345 2417 403 VIII.

3333 343 3440 400 894

150 457 473 530 ἀδιαίρετον
517 456 810 522 ἀποσώζει,
862 457 958 510 καὶ
1002 456 1101 528 τὴν
1143 457 1321 528 ψυχῆς
1373 458 1468 512 xui.
1507 458 1718 530 σώματι

1895 470 2003 515 iter
2025 475 2086 515 se
2111 459 2524 531 congruentiam
2555 468 2717 530 atque
2753 460 3070 531 temperiem
3096 457 3437 516 inconI’usam

153 549 412 604 σύνδεσιν
445 551 680 620 συνέχει,
710 551 804 604 καὶ
845 549 946 614 τὰς
973 549 1082 603 τῶν
1114 551 1296 619 φυτῶν
1327 549 1624 622 θρεπτικάς
1661 558 1756 605 καὶ

149 643 469 714 αὑξητικάς
506 643 763 714 δυνάμεις
789 644 1035 696 ἀνακινεῖ
1059 660 1072 674 ⁸
1108 643 1204 696 xui.
1230 643 1512 714 διακρατεῖ
1536 643 1635 706 τὰς
1661 644 1754 696 οὑ-

150 734 373 799 σιὼδεις
393 736 504 788 τῶν
533 736 669 789 ὅλων
693 736 970 807 δυνάμεις,
1004 736 1100 789 xui.
1127 737 1226 808 τὴν
1247 735 1341 789 τοῦ
1375 736 1574 800 παντὸς
1604 737 1756 790 ἀδιά-

145 826 310 880 λυτον
349 827 523 899 μονὴν
563 829 608 860 δ’
641 828 1024 897 ἀσφαλίζεται,
1059 829 1153 882 καὶ
1189 829 1290 900 τὴν
1341 829 1535 883 θέωσιν
1583 831 1754 903 αὑτὴν

143 918 430 990 δωρεῖται,
461 919 689 991 δύναμιν
709 923 788 984 εἰς
813 920 971 974 τοῦτο
996 924 1109 986 τοῖς
1129 921 1505 994 ἐκθεουμένοις
1535 923 1580 956 ⁸³
1610 941 1753 996 παρ-

146 1010 354 1080 ἔχουσα
384 1029 398 1042 ο
467 1013 562 1065 καὶ
600 1012 734 1076 ὅλως
777 1014 931 1067 οὐδέν
971 1014 1088 1067 ἐστι
1133 1014 1358 1068 καθόλου
1406 1015 1513 1069 τῶν
1559 1015 1746 1083 ὄντων,

144 1103 244 1174 τὴν
297 1106 759 1177 παγκρατορικὴν
792 1105 838 1137 ⁸⁸
887 1105 1192 1176 ἀσφάλειαν
1230 1107 1325 1161 καὶ
1359 1108 1616 1179 περιοχὴν
1647 1108 1748 1178 τῆς

145 1193 302 1256 θείας
330 1195 621 1267 δυνάμεως
649 1197 1026 1268 ἀφῃρημένον.
1062 1199 1135 1252 Τὸ
1177 1199 1286 1270 γὰρ
1319 1199 1546 1252 καθόλου
1585 1200 1748 1271 μηδε-

149 1287 279 1356 μίαν
304 1287 543 1359 δύναμιν
566 1288 685 1360 ἔχον
714 1288 836 1342 οὔτε
861 1291 1028 1364 ἐστὶν,
1053 1290 1175 1345 οὑτε
1203 1294 1255 1346 τί
1287 1295 1456 1358 ἐστιν,
1485 1293 1607 1348 οὔτε
1626 1293 1746 1348 ἐστι

143 1397 228 1445 τις
256 1382 435 1435 αὑτοῦ
461 1382 740 1446 παντελῶς
767 1382 933 1446 θέσις.

1859 560 1917 607 et
1939 552 2230 606 indivisatn
2259 560 2463 617 servat,
2486 560 2649 620 alque
2679 553 2875 606 anima:
2893 564 2950 606 et
2969 552 3216 621 corporis
3242 567 3439 605 nexum

1861 644 2129 706 continet,
2178 643 2542 712 stirpiutnqne
2594 643 2822 699 altrices
2870 643 3254 714 auctricesqne
3296 646 3441 698 vires

1860 735 2126 795 suscitat;
2162 748 2262 788 nec
2294 749 2400 787 non
2425 733 2750 789 essentiales
2778 749 2960 788 rerum
2996 735 3238 789 omnium
3269 735 3438 790 facul-

1861 835 2000 882 tates
2025 836 2081 881 et
2116 826 2548 881 indissolubilcnt
2586 827 2752 882 totius
2788 828 3028 882 universi
3067 836 3247 881 tuetur
3278 843 3439 880 tuan-

1858 917 2092 985 sionem,
2123 919 2254 989 quin
2285 929 2338 974 et
2370 919 2544 989 ipsam
2591 934 2811 989 quoque
2851 920 3248 975 deificationem
3297 935 3436 990 pra:-

1853 1022 1980 1075 3tat,
2007 1020 2062 1066 et
2085 1012 2316 1067 virtutes
2342 1013 2410 1066 ad
2436 1027 2556 1066 eam
2593 1012 2885 1080 requisitas
2921 1013 2990 1068 iis
3024 1014 3116 1083 qui
3148 1013 3438 1068 deiﬁcandi

1853 1111 1983 1158 sunt
2012 1105 2252 1174 praebet;
2285 1104 2524 1173 denique
2555 1104 2688 1159 nihil
2716 1113 2799 1159 est
2835 1107 2888 1158 in
2929 1106 3268 1171 universum,
3297 1105 3440 1175 quod

1853 1195 2252 1266 omnipotentis
2283 1195 2450 1251 tutela
2483 1207 2538 1250 et
2563 1197 2985 1252 conversatione
3018 1198 3217 1253 divina:
3244 1207 3438 1266 poten-

1856 1287 1944 1341 tia:
1975 1287 2244 1357 privatum
2274 1288 2368 1341 sit.
2393 1287 2546 1353 Quod
2575 1288 2720 1342 enim
2757 1289 3011 1345 universe
3041 1289 3243 1344 nullam
3270 1289 3436 1353 habet

1853 1390 2207 1450 potestatem,
2258 1395 2359 1435 nec
2407 1391 2517 1444 est,
2555 1397 2656 1437 nec
2703 1384 2997 1451 quidquam
3055 1393 3158 1449 est,
3201 1396 3303 1437 nec
3351 1388 3438 1436 est

1854 1475 2099 1530 funditus
2131 1474 2274 1529 ullus
2309 1475 2426 1544 ejus
2455 1477 2615 1530 situs.

1711 1629 1739 1703 §
1783 1627 1890 1689 VI.

211 1763 416 1816 Καίτοι
459 1764 625 1835 φησιν
675 1762 910 1834 Ἐλύμας
941 1762 970 1814 6
1009 1761 1202 1832 μάγος·
1232 1763 1295 1816 Εἰ
1333 1761 1718 1837 παντοδύναμὰ

1915 1767 2078 1837 Atqui
2104 1768 2141 1835 ,“
2169 1768 2345 1838 inquit
2401 1768 2620 1840 Elymas
2689 1786 2936 1841 magns:

143 1854 292 1906 ἐστιν
322 1856 351 1908 6
386 1855 546 1919 Θεὸς,
579 1855 696 1918 πῶς
735 1854 953 1923 λέγεταί
975 1871 1028 1907 τι
1068 1854 1141 1926 μὴ
1167 1855 1424 1910 δύνασθαι
1459 1858 1594 1930 πρὸς
1643 1857 1740 1911 τοῦ

144 1943 269 1995 καθ’
315 1944 471 2014 ὑμᾶς
508 1943 792 2012 θεολόγου;
826 1943 1159 2014 Λοιδορεῖται
1191 1944 1246 1996 δὲ
1282 1945 1359 2016 τῷ
1391 1946 1520 2017 θείῳ
1547 1945 1743 2016 Παύλῳ

141 2036 382 2103 φήσαντι
403 2075 418 2098 ,
462 2037 537 2108 μὴ
569 2037 822 2093 δύνασθαι
862 2040 952 2093 τὸν
981 2039 1114 2093 Θεὸν
1153 2040 1345 2093 ἑαυτὸν
1379 2039 1739 2111 ἀρνήσασθαι.

140 2128 378 2200 Προθεὶς
405 2129 454 2161 ³⁸
485 2131 542 2183 δὲ
567 2132 746 2197 τοῦτο,
775 2134 895 2187 λίαν
925 2135 1147 2206 ὀρρωδῶ
1188 2134 1263 2206 μὴ
1315 2135 1407 2186 καὶ
1434 2133 1618 2197 ἀνοίας
1647 2136 1744 2203 ὀφ-

139 2221 288 2292 λήσω
314 2221 559 2289 γέλωτα,
594 2225 800 2279 παίδων
843 2224 1152 2298 ἀθυρόντων
1193 2225 1600 2297 οἰκοδομήματα
1647 2228 1742 2280 xui.

139 2313 230 2364 ἐπὶ
257 2311 497 2384 ψάμμου
529 2315 622 2367 xui
653 2315 855 2386 ἀσθενῆ
887 2317 1175 2370 καταλύειν
1205 2317 1250 2349 ’⁵⁸
1293 2317 1605 2388 ἐπιχειρῶν,
1647 2320 1742 2372 xui.

139 2403 332 2477 ῶσπερ
391 2407 542 2470 τινὸς
607 2409 900 2478 ἀνεφίκτου
962 2409 1169 2464 σκοποῦ
1232 2411 1740 2481 καταστοχάζεσθαι

140 2497 390 2550 σπεύδων
420 2498 523 2568 τῆς
558 2502 685 2572 περὶ
711 2500 899 2554 τούτου
931 2501 1248 2573 θεολογικῆς
1277 2502 1512 2566 διανοίας
1536 2521 1549 2534 ·
1577 2503 1739 2576 ὴγάρ

138 2589 334 2642 ἑαυτοῦ
369 2591 604 2662 ἄρνησις
631 2592 903 2657 ἔκπτωσις
930 2593 1188 2664 ἀληθείας
1218 2595 1365 2648 ἐστίν
1401 2612 1415 2625 ο
1449 2598 1481 2668 ἡ
1517 2596 1573 2649 δὲ
1603 2597 1737 2669 ἀλή-

136 2679 253 2733 θεια
285 2681 348 2733 δν
381 2684 523 2744 ἔστι,
556 2684 650 2736 καὶ
685 2686 716 2756 ἡ
749 2686 850 2756 τῆς
874 2687 1128 2758 ἀληθείας
1165 2687 1436 2750 ἔκπτωσις
1463 2688 1558 2740 τοῦ
1587 2688 1738 2753 ὄντος

139 2772 439 2837 ἔκπτωσις.
469 2775 533 2828 Εἰ
553 2776 731 2829 τοίνυν
758 2780 790 2848 ὴ
826 2778 1049 2849 ἀλήθεια
1081 2780 1139 2832 ὃν
1166 2781 1386 2850 sorti/,6
1422 2780 1479 2832 δὲ
1510 2780 1738 2851 ἄρνησις

135 2867 232 2937 τῆς
259 2867 530 2939 ἀληθείας
561 2869 654 2922 τοῦ
683 2870 836 2934 ὄντος
861 2871 1132 2936 ἔκπτωσις
1153 2913 1167 2938 ,
1231 2874 1314 2926 ἐκ·
1335 2871 1432 2926 τοῦ
1465 2873 1617 2936 ὄντος
1644 2875 1736 2926 ὲκ-

136 2963 324 3012 πεσείν
357 2961 387 3012 6
417 2959 554 3024 Θεὸς
580 2963 641 3015 οὑ
672 2963 915 3026 δύναται,
947 2965 1126 3019 καὶτὸ
1157 2966 1232 3036 μὴ
1263 2963 1404 3018 εἶναι
1433 2967 1534 3019 οὑκ
1565 2965 1731 3030 ἔστιν,

136 3051 211 3114 ὼς
242 3052 310 3105 ἄν
339 3069 429 3114 τις
475 3053 633 3125 φαίη,
666 3056 727 3108 τὸ
776 3056 850 3128 μὴ
883 3057 1141 3110 δύνασθαι
1171 3060 1232 3110 οὑ
1274 3057 1517 3120 δύναται,
1549 3059 1644 3110 καὶ
1671 3057 1732 3110 τὸ

2987 1771 3045 1826 Si
3092 1772 3436 1842 omnipotens

1848 1868 1930 1913 est
1962 1858 2123 1924 Deus,
2160 1860 2433 1928 quomodo
2480 1877 2509 1914 a
2557 1860 2808 1932 theologo
2854 1874 3038 1918 vestro
3081 1863 3285 1933 aliquid
3322 1879 3431 1916 nott

1846 1965 2004 2019 posse
2035 1951 2272 2006 dicitur?
2319 1951 2834 2008 .lnsintnlat'autetn
2887 1955 3132 2009 divinum
3180 1955 3431 2018 Paulum,

1845 2041 2137 2104 dicentem,
2173 2056 2280 2095 non
2329 2057 2494 2112 posse
2540 2043 2709 2098 Deum
2756 2045 3110 2114 semetipsum
3149 2062 3352 2114 negare
3381 2057 3431 2100 ο.

1844 2131 1961 2187 Iloc
1989 2143 2170 2186 autem
2196 2134 2321 2188 dum
2348 2149 2616 2204 pt-Opono,
2646 2135 3002 2191 vehementer
3038 2148 3242 2200 metuo,
3279 2153 3347 2192 ne
3371 2152 3431 2191 ut

1843 2239 2034 2279 amens
2067 2225 2278 2288 videar,
2311 2225 2409 2295 qui
2443 2227 2744 2281 ludentium
2779 2242 3075 2298 puerorum
3119 2239 3431 2285 structuras

1842 2331 2140 2372 arenaceas
2190 2327 2246 2372 et
2289 2317 2538 2373 infirmas
2580 2327 2832 2374 evertere
2871 2320 3095 2385 moliar,
3147 2329 3311 2388 atque
3361 2321 3430 2373 ad

1843 2407 2004 2478 hujus
2049 2408 2150 2463 loci
2191 2424 2440 2478 scopum,
2486 2420 2750 2481 tanquam
2793 2411 2885 2481 qni
2929 2412 3119 2482 attingi
3169 2423 3427 2482 nequeat,

1841 2497 1997 2566 quasi
2023 2496 2357 2554 collimando
2380 2501 2636 2554 connitar
2657 2517 2880 2556 sensum
2913 2503 3031 2572 ejus
3063 2502 3427 2573 theologicum

1841 2588 2106 2659 attingere
2135 2591 2405 2661 siquidem
2427 2593 2510 2647 sui
2546 2593 2715 2661 ipsius
2740 2596 2978 2664 negatio,
3011 2605 3097 2650 est
3131 2611 3161 2649 a
3193 2595 3426 2649 veritate

1839 2679 2151 2749 prolapsio;
2191 2682 2394 2737 veritas
2425 2694 2609 2738 autem
2639 2695 2727 2739 est
2771 2685 2825 2739 id
2852 2687 2998 2756 quod
3035 2696 3154 2752 est;
3187 2696 3242 2740 et
3271 2703 3300 2740 a
3335 2701 3430 2739 ve-

1837 2773 2000 2826 ritate
2032 2771 2292 2839 delectio,
2315 2788 2400 2830 eSt
2428 2775 2496 2831 ab
2518 2777 2734 2831 essendi
2765 2787 2914 2830 statu
2950 2778 3200 2834 dimotio.
3235 2777 3292 2832 Si
3325 2779 3428 2832 ita-

1837 2879 1942 2933 que
1973 2866 2176 2920 veritas
2199 2874 2284 2921 est
2316 2868 2368 2921 id
2394 2869 2536 2935 quod
2560 2877 2664 2933 est,
2693 2869 2910 2939 negatio
2937 2878 3118 2924 autem
3151 2871 3425 2934 veritatis,

1836 2961 1921 3007 est
1957 2953 2025 3007 ab
2050 2956 2269 3010 essendi
2291 2966 2438 3011 statu
2477 2957 2780 3028 prolapsio,
2807 2959 2996 3026 utique
3025 2959 3239 3012 essendi
3277 2969 3423 3013 statu

1837 3043 2092 3100 frustrari
2130 3047 2272 3102 Deus
2308 3050 2519 3118 nequit,
2551 3064 2728 3118 neque
2754 3061 2933 3119 potest
2963 3065 3069 3104 non
3098 3065 3259 3114 esse;
3289 3065 3355 3104 ac
3377 3052 3422 3103 si

137 3143 209 3212 μὴ
258 3144 464 3196 εἰδέναι
505 3147 646 3199 κατὰ
693 3147 946 3219 στέρησιν
974 3149 1074 3202 οὑκ
1114 3146 1272 3202 οἶδεν.
1307 3151 1484 3222 Ὅπερ
1513 3151 1541 3201 6
1573 3149 1718 3220 σοφὸς

1895 3137 1962 3192 tis
1991 3137 2160 3204 dicat,
2194 3155 2300 3194 non
2335 3149 2516 3210 potest
2553 3156 2660 3195 non
2694 3155 2879 3210 posse,
2909 3151 2965 3196 et
3002 3143 3216 3197 nescire
3248 3143 3426 3196 nescit

132 3239 233 3290 οὑκ
263 3239 556 3309 ἐννοήσας,
590 3244 835 3310 μιμεῖται
865 3243 993 3303 τοὺς
1019 3241 1129 3295 τῶν
1167 3241 1414 3312 ἀθλητῶν
1457 3241 1736 3314 ἀπειρονί-

132 3347 255 3394 κας,
288 3331 362 3394 οῖ,
389 3331 655 3395 πολλάκις
697 3333 942 3397 ἀσθενεῖς
990 3330 1128 3387 εἶναι
1158 3337 1286 3399 τοὺς
1329 3334 1736 3404 ἀνταγωνιστὰς

133 3421 488 3492 ὑποθέμενοι,
519 3423 659 3477 κατά
691 3424 753 3477 τὸ
781 3426 972 3478 δοκοῦν
1018 3427 1250 3490 ἑαυτοῖς,
1278 3428 1372 3480 xui
1402 3427 1540 3499 πρὸς
1568 3427 1736 3481 ἀπόν-

130 3529 229 3575 τας
241 3513 368 3544 ⁸⁷·⁸⁸
397 3515 598 3579 αὑτοὺς
627 3517 887 3588 ἀνδρείως
913 3519 1472 3589 σκιαμαχοῦντες,καὶ
1485 3519 1575 3574 τὸν
1596 3520 1734 3592 ἀέρα

128 3604 405 3670 διακένοις
455 3606 693 3679 πληγαῖς
744 3609 1023 3681 εὐθαρσῶς
1069 3611 1483 3675 καταπαίοντες,
1529 3612 1732 3666 οἴονται

127 3698 238 3752 τῶν
269 3699 588 3754 ἀντιπάλων
619 3700 798 3755 αὑτῶν
836 3704 1260 3775 κεκρατηκέναι,
1295 3705 1389 3757 xui.
1419 3703 1730 3775 ἀνακηρύτ-

126 3808 312 3844 τουσιν
359 3793 614 3856 ἑαυτοὺς,
654 3792 778 3846 οὔτε
823 3795 1023 3860 εἰδότες
1061 3796 1162 3864 τὴν
1212 3797 1436 3850 ἐκείνων
1477 3795 1726 3866 δύναμιν.

138 3885 332 3955 Ἡμεῖς
347 3885 405 3938 δὲ
433 3885 530 3938 τοῦ
544 3885 812 3955 ’θεολόγου
840 3888 978 3942 κατά
994 3888 1055 3942 τὸ
1073 3888 1293 3958 ἐφικτὸν
1323 3887 1727 3958 στοχαζόμενοι,

123 3978 216 4030 τὸν
267 3979 657 4051 ὑπερδύναμον
701 3981 746 4012 δ’
780 3981 912 4035 Θεὸν
954 3982 1252 4054 ὑμνούμεν,
1282 3983 1358 4046 ὡς
1399 3981 1730 4035 παντοδύνα-

130 4086 251 4139 μον,
276 4071 355 4133 ὼς
379 4071 653 4142 μακάριον
680 4073 776 4125 xui
805 4074 962 4144 μόνον
986 4075 1275 4145 δυνάστην,
1299 4074 1374 4137 ὡς
1401 4073 1730 4138 δεσπόζοντα

128 4162 184 4213 ἐν
212 4165 280 4232 τῇ
300 4162 596 4234 δυναστείᾳ
629 4165 794 4217 αὑτοῦ
824 4165 918 4218 τοῦ
949 4166 1161 4230 αἰῶνος,
1185 4167 1262 4230 ὼς
1290 4168 1410 4220 κατ’
1443 4166 1593 4219 οὐδὲν
1621 4166 1732 4220 τῶν

126 4253 296 4306 ὄντων
331 4256 733 4310 ἐκπεπτωκότα
753 4275 766 4288 °
806 4258 1004 4337 μᾷλλον
1031 4259 1088 4311 δὲ
1119 4259 1216 4311 xui.
1246 4259 1604 4331 ὑπερέχοντα,
1635 4260 1731 4312 καὶ

127 4345 434 4416 προέχοντα
480 4348 659 4401 πάντα
688 4349 756 4402 τὰ
787 4350 914 4402 ὄντα
943 4351 1083 4403 κατά
1107 4350 1336 4422 δύναμιν
1367 4351 1718 4422 ὑπερούσιον,

128 4438 223 4489 καὶ
257 4440 395 4491 πᾶσι
429 4443 547 4502 τοῖς
584 4437 702 4493 οὖσι
730 4442 791 4493 τὸ
838 4442 1094 4495 δύνασθαι
1126 4439 1285 4506 εἶναι,
1321 4444 1414 4497 xui.
1441 4443 1558 4496 τόδε
1589 4440 1727 4498 εἶναι

125 4531 267 4584 κατά
315 4533 642 4603 περιουσίαν
687 4535 1134 4607 ὑπερϐαλλούσης
1184 4535 1470 4608 δυνάμεως
1501 4535 1724 4606 ἀφθόνῳ

125 4623 188 4693 χύ
198 4641 278 4676 σει
314 4627 360 4657 ⁵ο
392 4625 606 4697 δεδωρη
618 4628 799 4696 μένον.

1837 3234 1933 3298 per
1971 3231 2362 3300 privationem.
2409 3231 2520 3287 Iloe
2549 3235 2783 3302 sapiens
2809 3234 2912 3302 ille
2942 3250 3050 3288 non
3089 3235 3420 3303 intelligens,

1837 3323 2073 3378 athletas
2101 3323 2385 3392 imperitos
2407 3324 2678 3389 imitatur,
2711 3326 2803 3395 qni
2841 3342 3220 3396 saepenumero
3254 3328 3424 3382 imbe-

1835 3416 1990 3472 cilles
2025 3417 2128 3472 sibi
2165 3416 2515 3472 adversarios
2547 3429 2881 3488 proponunt,
2922 3429 2978 3475 et
3007 3420 3135 3473 dum
3170 3420 3425 3474 videntur

1836 3509 1938 3564 sibi
1964 3525 2084 3564 cum
2115 3509 2436 3565 absentibus
2462 3511 2568 3567 illis
2594 3511 2807 3568 Iortiter
2831 3514 2883 3567 in
2915 3515 3107 3568 umbra
3134 3513 3419 3576 dimicare,

1837 3612 2129 3668 acremque
2157 3601 2334 3656 cassis
2367 3600 2567 3656 ictibus
2603 3614 2924 3658 constanter
2965 3590 3192 3669 feriunt,
3218 3605 3415 3659 existi-

1838 3701 1990 3746 mant
2010 3709 2069 3748 se
2097 3694 2245 3763 ipsos
2286 3696 2636 3751 adversarios
2669 3713 2800 3752 suos
2843 3712 3156 3766 superasse,
3192 3713 3422 3768 seseque

1828 3786 1942 3854 jam
1983 3787 2228 3840 victores
2255 3786 2536 3856 jactitant,
2567 3803 2690 3842 cum
2738 3789 2906 3843 robur
2951 3803 3144 3842 eorum
3178 3787 3419 3841 nomium

1836 3878 2076 3934 habeant
2119 3879 2484 3948 exploratum.
2516 3878 2626 3935 Nos
2659 3889 2842 3934 autem
2884 3879 2950 3934 ad
2996 3880 3331 3949 theologum,
3362 3879 3417 3932 in

1832 3979 2095 4039 quantum
2120 3970 2240 4024 ﬁeri
2272 3980 2470 4040 potest,
2495 3970 2828 4027 coIIimando
2855 3971 3228 4025 ccllaudamus
3247 3971 3416 4024 Deum

1833 4071 2224 4134 praepotentem
2269 4075 2328 4118 ut
2358 4065 2812 4134 omnipotentem,
2842 4073 2900 4119 ut
2941 4065 3179 4128 beatum,
3214 4064 3418 4118 solum-

1832 4171 1937 4226 que
1993 4163 2296 4224 potentem,
2345 4163 2534 4225 utpote
2589 4157 2684 4225 qni
2745 4156 3034 4225 potestatis
3083 4155 3250 4227 476
3301 4163 3415 4210 s’na:

1832 4249 2140 4318 principatu
2187 4249 2408 4318 ipsimet
2438 4249 2733 4303 mternitati
2787 4249 3118 4309 dominetur,
3156 4249 3415 4316 nullaque

1832 4353 2071 4410 unquam
2123 4355 2182 4394 re
2230 4339 2564 4404 frustratus;
2619 4339 2887 4409 quininto,
2937 4351 2996 4395 ut
3040 4341 3130 4410 qtti
3181 4343 3415 4407 desuper

1835 4431 2030 4486 habeat
2066 4440 2120 4486 et
2161 4433 2475 4502 praehabeat
2511 4434 2697 4487 omnia
2731 4449 2852 4504 qua:
2893 4432 3191 4488 secundum
3222 4443 3414 4500 poten-

1833 4525 1964 4579 tiam
1997 4540 2151 4579 suam
2182 4526 2697 4594 supraessentialem
2723 4526 3019 4589 exsistunt,
3046 4525 3412 4591 omnibusque

1832 4619 2013 4681 rebus,
2046 4626 2152 4670 tam
2186 4626 2243 4669 ιιι
2274 4632 2395 4672 esse
2426 4617 2636 4686 possint
2661 4633 2823 4687 quam
2858 4627 2917 4670 ut
2943 4617 3072 4681 sint,
3106 4617 3405 4668 secundum

1831 4708 2160 4762 aIIIuenliam
2206 4709 2707 4777 superabundantis
2752 4709 3038 4779 potestatis
3068 4707 3286 4775 cupiosa
3319 4704 3410 4758 fu-

1833 4802 1986 4855 sione
2020 4799 2187 4869 Iargia
2202 4810 2310 4861 tur,

1699 4961 1726 5034 ι
1768 4957 1908 5018 vn.

182 5096 526 5167 Δικαιοσύνη
549 5095 606 5148 δὲ
638 5090 794 5160 αὖθις
813 5097 842 5150 6
875 5097 1026 5160 Θεὸς,
1058 5096 1134 5160 ὡς
1155 5097 1289 5149 πᾶσι
1315 5096 1382 5149 τὰ
1409 5096 1527 5150 κατ’
1561 5093 1718 5161 ἀξίαν

116 5192 414 5263 ἀπονέμων
463 5192 737 5260 ὑμνεῖται,
767 5192 861 5244 xui.
889 5190 1203 5261 εὑμετρίαν,
1248 5191 1343 5243 καὶ
1383 5189 1594 5253 κάλλος,
1623 5193 1719 5244 καὶ

112 5284 393 5350 εὐταξίαν,
431 5283 531 5336 xu‘t
563 5283 942 5356 διακόσμησιν,
978 5285 1069 5337 xui.
1105 5283 1286 5345 πάσας
1323 5282 1586 5353 διανομάς
1626 5286 1720 5337 καὶ

261 5455 284 5482 ε
325 5441 370 5496 II
411 5441 559 5494 Titii.
602 5456 660 5502 tt,
699 5441 785 5494 I3.

1895 5102 1938 5156 A
1992 5101 2203 5172 jnstitia
2250 5107 2428 5154 autem
2485 5111 2676 5154 rursus
2731 5099 2984 5153 laudatur
3035 5101 3207 5160 Deus,
3263 5101 3404 5167 quod

1825 5193 2102 5258 cnmibns,
2150 5202 2209 5246 ut
2249 5193 2468 5259 dignum
2504 5199 2627 5257 est,
2673 5192 2877 5244 tribuat
2914 5201 2968 5245 et
3011 5201 3406 5259 congruentem

1829 5287 2072 5352 modum,
2105 5296 2155 5340 et
2191 5285 2665 5354 pulchritudinem,
2698 5295 2752 5340 et
2781 5285 3230 5354 compositionem
3256 5285 3406 5340 ordi-

1417 5569 1647 5626 VARI/E
1683 5570 2096 5632 LECTIONES.

181 5719 226 5748 ⁸¹
244 5717 570 5771 εὐδιάλυτον
609 5716 795 5787 μονήν,
835 5715 897 5771 Ρ.
951 5717 1019 5787 μ⁸³
1051 5716 1164 5780 τοῖς
1197 5713 1529 5786 θεουμένοις.
1565 5715 1621 5772 S,

115 5783 231 5822 ""'
268 5791 550 5852 ἅπαντας.
610 5783 621 5787 ⁷
656 5788 694 5818 ³³
732 5783 870 5858 ὑπὲρ
905 5785 1153 5858 δύναμιν,
1195 5791 1252 5844 5.
1291 5783 1338 5818 δσ
1369 5790 1583 5858 χρήσει.

1709 5717 1750 5751 ν’
1789 5717 2321 5791 παντίικρατορικὴν.

2427 5717 2469 5752 ⁵⁸
2508 5715 2787 5790 προσθείς.
2901 5714 2945 5749 δ⁶
2983 5714 3294 5784 κατάλυσιν,
3335 5712 3396 5772 5.
