3768 6298
347 336 461 392 895

1529 333 1590 398 S,
1636 331 1938 388 DlONYSlI
1975 327 2442 386 AREOPAGITIE

3544 317 3651 376 896

350 455 438 507 nis
468 460 524 505 et
551 450 997 524 dispositionem;
1027 460 1083 506 et
1110 452 1367 510 omnibus
1393 454 1706 524 dispertiat,
1735 463 1791 507 et
1822 450 1889 506 sit

2133 449 2231 514 ξεις
2255 447 2531 520 ἀφορίζων
2557 447 2776 518 ἑκάστῳ
2804 445 2946 500 κατά
2976 443 3071 498 τὸν
3093 442 3264 504 om»;
3289 438 3430 492 ὄντα
3447 435 3650 489 benti:-

349 543 491 614 gulis
516 543 739 598 ordines
765 544 1092 611 prrestituat,
1121 547 1421 602 secundum
1452 561 1637 601 veram
1669 557 1724 600 et
1746 545 1940 613 justis-

349 636 543 689 simam
587 633 1093 702 praescriptionem;
1137 647 1192 690 et
1219 637 1474 690 omnibus
1524 650 1636 691 sua:
1677 635 1940 706 cujusque

349 722 583 778 actionis
618 733 812 778 auctor
837 726 931 778 sit.
960 726 1152 782 Omnia
1184 728 1332 783 enim
1367 728 1549 782 divina
1594 726 1812 797 iustitia
1848 742 1940 782 or-

349 815 476 868 diua
488 826 530 875 t,
549 823 605 867 et
620 814 978 882 determinat,
999 819 1294 890 omniaque
1320 819 1389 874 ab
1411 819 1655 874 outnium
1685 820 1942 877 mistione

348 915 405 959 et
433 905 759 962 confusione
797 906 970 962 libera
1014 924 1266 977 servans,
1310 907 1510 980 cuique
1555 911 1936 965 convenientia

349 997 512 1052 rebus
557 999 814 1054 omnibus
858 1000 1093 1067 trilmit,
1142 1013 1306 1072 prout
1355 1002 1622 1073 cujusque
1680 1005 1941 1073 congruit

349 1088 629 1158 dignitati.
659 1089 875 1146 Etenim
909 1092 954 1148 si
984 1093 1100 1148 bac
1140 1104 1292 1150 recte
1319 1094 1578 1158 dicimus,
1609 1095 1644 1149 ii
1677 1097 1769 1166 qui
1802 1097 1941 1150 divi-

349 1196 475 1236 nam
503 1181 774 1252 justitiam
804 1185 1158 1253 cavillantur,
1191 1189 1320 1242 dum
1356 1189 1583 1244 minime
1623 1189 1938 1258 advertunt,

349 1285 504 1328 suam
556 1275 658 1345 ipsi
710 1276 1034 1347 iniustitiam
1089 1281 1387 1336 manifesto
1433 1282 1734 1347 damnant;
1788 1284 1942 1340 aiunt

349 1367 526 1435 enim,
568 1370 893 1426 mortalibus
921 1372 1119 1427 debere
1153 1372 1337 1428 inesse
1369 1373 1860 1442 immortalitatem,
1887 1387 1943 1432 et

317 1479 320 1482 ·
352 1456 516 1513 rebus
561 1459 898 1530 imperfectis
933 1462 1349 1532 perfectionem,
1380 1466 1556 1535 iisque
1593 1483 1717 1537 qua:
1744 1467 1941 1534 seipsis

353 1560 647 1604 moventur
675 1552 896 1608 aliunde
929 1563 1131 1608 motam
1171 1558 1575 1625 necessitatem,
1605 1575 1670 1613 ac
1707 1559 1943 1613 mutabi-

353 1631 495 1688 libus
527 1636 891 1707 identitatem,
926 1650 977 1696 et
1014 1641 1373 1700 itnbecillibus
1422 1648 1738 1715 perficiendi
1785 1660 1925 1716 pote

351 1734 574 1794 statem,
614 1730 742 1786 item
773 1747 838 1787 ea
877 1749 998 1802 qua:
1037 1744 1391 1805 temporanea
1434 1749 1564 1793 sunt
1596 1754 1716 1794 esse
1749 1752 1942 1809 perpe-

2043 558 2207 594 τατον
2235 542 2382 611 ὅρον,
2419 541 2514 593 καὶ
2554 541 2691 593 πᾶσι
2720 539 2821 611 τῆς
2850 537 3031 592 αὐτῶν
3075 533 3328 589 ἑκάστων
3367 529 3650 597 αὐτοπρα-

2042 635 2171 702 γίας
2198 633 2370 696 αἴτιος
2398 632 2492 686 ὢν.
2516 632 2702 686 Πάντα
2729 632 2841 704 γὰρ
2860 634 2894 699 ὴ
2926 631 3049 684 θεία
3080 625 3409 694 δικαιοσύνη
3439 623 3648 681 τάττει,

2043 728 2137 780 καὶ
2165 725 2427 797 ὁροθετεῖ,
2446 726 2541 778 καὶ
2563 726 2740 780 πάντα
2760 725 2869 778 ἀπὺ
2899 724 3118 778 πάντων
3144 720 3324 792 ἀμιγῆ
3347 717 3450 771 καὶ
3474 714 3651 784 ἀσύμ-

2047 835 2226 890 φυρτα
2251 816 2616 883 διασώζουσα,
2645 817 2715 871 τὰ
2745 816 2960 888 ἑκάστῳ
2987 815 3342 887 προσήκοντα
3374 812 3518 864 πᾶσι
3541 810 3651 870 τοῖς

2043 907 2164 966 οὖσι
2197 910 2452 984 δωρεῖται
2482 910 2625 964 κατά
2653 910 2754 984 τὴν
2787 909 3003 980 ἑκάστῳ
3047 907 3158 962 τῶν
3199 907 3378 969 ὅντων
3427 900 3652 955 ἐπιϐαλ-

2042 1003 2240 1057 λουσαν
2285 1003 2462 1069 ἀξίαν.
2512 1003 2624 1056 Καὶ
2670 1005 2722 1056 εἰ
2761 1001 2933 1056 ταῦτα
2974 999 3154 1073 ὀρθῶς
3196 1013 3408 1068 φαμεν,
3439 996 3560 1048 ὅσοι
3584 997 3650 1063 τῇ

2044 1096 2164 1167 θεία
2185 1094 2644 1168 διαλοιδοροῦνται
2683 1093 3023 1168 δικαιοσύνῃ,
3039 1090 3402 1146 λανθάνουσιν
3442 1085 3652 1141 ἑαυτῶν

2044 1190 2264 1244 ἀδικίαν
2292 1190 2502 1262 ἐναργῆ
2531 1188 3041 1260 καταψησιζόμενοι
3060 1204 3074 1217 ·
3107 1185 3246 1255 φασὶ
3271 1183 3388 1256 γὰρ
3415 1181 3651 1249 ὀφείλειν

2044 1284 2246 1338 ἐνεῖναι
2278 1284 2323 1316 ⁸¹
2353 1286 2468 1347 τοῖς
2506 1282 2724 1354 θνητοῖς
2757 1280 2856 1353 τὴν
2889 1279 3217 1340 ἀθανασίαν,
3247 1277 3347 1329 καὶ
3379 1276 3500 1337 τοῖς
3527 1273 3648 1325 ἀτε-

2044 1375 2160 1428 λέσι
2187 1375 2250 1428 τὸ
2279 1375 2503 1438 τέλειον,
2529 1375 2762 1436 καὶτοῖς
2795 1373 3174 1442 αύτοκινήτοις
3203 1369 3308 1438 τὴν
3337 1367 3652 1439 ἑτεροκίνη-

2043 1485 2135 1521 τον
2164 1469 2210 1499 ⁵³
2239 1467 2507 1538 ἀνάγκην,
2543 1467 2641 1520 καὶ
2674 1468 2788 1530 τοῖς
2830 1465 3141 1526 ano-mor;
3179 1462 3280 1532 τὴν
3318 1460 3649 1529 ταύτότητα,

2046 1561 2141 1612 καί¹
2180 1559 2251 1612 τὰ
2289 1557 2676 1629 τελειοδύναμα
2719 1560 2833 1621 τοῖς
2866 1555 3141 1618 ἀσθενέσι,
3177 1553 3274 1607 καὶ
3321 1552 3474 1606 ἀΐδια
3516 1547 3650 1603 εἶναι

2047 1650 2116 1704 τὰ
2157 1653 2413 1723 ἑγχρονα,
2444 1653 2540 1704 καὶ
2580 1648 2892 1721 ἀμετάϐολα
2933 1646 3003 1700 τὰ
3046 1646 3207 1716 φύσει
3254 1645 3302 1676 ³³
3331 1643 3649 1713 κινούμενα,

2046 1744 2142 1797 καὶ
2180 1744 2280 1806 τὰς
2312 1743 2633 1813 ἐπικαίρους
2672 1741 2869 1812 ἡδονὰς
2897 1739 3125 1802 αἱωνίας
3161 1739 3231 1800 ⁸⁸,
3270 1738 3371 1790 καὶ
3413 1736 3553 1798 ὅλως
3585 1733 3650 1785 τὰ

355 1833 474 1887 tua,
521 1834 577 1877 et
623 1825 984 1881 immutabilia
1027 1803 1163 1898 quae
1193 1845 1225 1884 a
1285 1840 1484 1885 natura
1541 1844 1889 1896 moventur“

2133 1854 2221 1888 ιων
2247 1834 2427 1898 ἄλλοις
2457 1834 2792 1888 ἀποδιδόασι.
2841 1833 2971 1886 Δέον
3002 1831 3224 1891 είδέναι,
3399 1828 3553 1880 θείαν
3579 1826 3652 1877 δι-

357 1925 745 1986 tcmporaneas
773 1920 1086 1989 voluptates
1111 1931 1377 1978 aternum
1415 1925 1738 1994 perdurare,
1774 1935 1942 1992 atque

356 2008 611 2062 universe
662 2007 752 2062 illa
803 2025 924 2079 qua:
975 2010 1214 2065 aliorum
1275 2012 1400 2067 aliis
1449 2014 1781 2067 attribuunt.
1837 2011 1945 2066 Sed

354 2098 634 2154 sciendum
679 2111 784 2168 est,
819 2103 1061 2158 divinam
1108 2102 1377 2174 iustitiam
1425 2105 1532 2160 hoc
1579 2106 1701 2175 ipso
1746 2119 1941 2159 revera

353 2204 541 2244 veram
574 2206 694 2247 esse
730 2193 1020 2260 justitiam,
1052 2196 1199 2263 quod
1241 2198 1505 2251 omnibus
1535 2211 1658 2266 qua:
1687 2211 1786 2250 sua
1819 2207 1946 2250 sunt

355 2283 562 2338 tribuat
608 2301 707 2354 pro
740 2288 937 2341 merito
967 2287 1328 2359 singulorum,
1366 2299 1532 2360 atque
1563 2301 1821 2343 naturam
1851 2304 1943 2342 cu-

349 2371 547 2445 [usque
579 2377 631 2430 itt
661 2379 855 2433 ordine
889 2380 1115 2449 proprio
1146 2380 1509 2450 potentiaque
1540 2379 1836 2434 custodiat.

2049 1926 2340 1998 καιοσύνην
2379 1928 2437 1979 ὲν
2469 1926 2646 1997 τούτῳ
2682 1926 2850 1988 ὅντως
2880 1920 3047 1977 οὖσαν
3071 1922 3246 1994 ἀληθῆ
3274 1920 3649 1989 δικαιοσύνην,

2050 2020 2132 2072 ὅτι
2164 2021 2328 2072 πᾶσιν
2371 2019 2637 2089 ἀπονέμει
2667 2017 2735 2071 τὰ
2768 2019 2942 2070 οἰκεῖα
2975 2015 3118 2068 κατά
3145 2015 3245 2084 τὴν
3277 2015 3521 2067 ὲκάστου
3552 2010 3652 2062 τῶν

2048 2111 2219 2163 ὅντων
2259 2109 2436 2176 ἀξίαν,
2472 2111 2567 2163 καὶ
2594 2110 2691 2180 τὴν
2726 2110 2954 2163 ἑκάστου
2990 2107 3154 2178 φύσιν
3180 2108 3277 2160 ἐπὶ
3305 2108 3408 2178 τῆς
3449 2105 3647 2164 οἰκείας

2050 2202 2304 2266 διασώζει
2337 2202 2542 2267 τάξεως
2568 2204 2664 2256 καὶ
2686 2201 2988 2272 δυνάμεως.

1926 2523 1954 2596 §
1997 2515 2170 2577 vnt.

425 2661 497 2715 At
541 2661 742 2716 dixerit
790 2664 988 2732 aliquis
1027 2681 1044 2719 :
1089 2665 1206 2721 Non
1263 2676 1346 2722 est
1385 2665 1649 2736 iustitiae,
1709 2668 1942 2739 permit-

356 2760 473 2806 tere
523 2753 668 2809 viros
717 2765 936 2812 sanctos
991 2759 1198 2814 auxilio
1241 2760 1538 2816 destitutos
1597 2777 1627 2815 a
1681 2761 1941 2830 pessimis

354 2845 668 2915 quibusque
705 2850 1040 2906 conculcari.
1065 2852 1166 2908 Cui
1211 2854 1676 2924 respondendum,
1723 2854 1866 2923 quod
1895 2854 1942 2908 si

355 2937 574 3004 quidem
612 2938 714 3007 illi,
747 2955 886 3010 quos
915 2944 1160 3013 appellas
1193 2955 1435 3010 sanctos,
1467 2955 1684 3000 terrena
1712 2946 1944 3016 diligunt

353 3040 476 3093 quae
501 3028 569 3083 ab
601 3033 942 3088 amatoribus
977 3049 1163 3089 rerum
1198 3036 1565 3091 materialium
1601 3038 1943 3100 ambiuntur,

2133 2661 2272 2716 Ἀλλ’
2306 2659 2448 2712 είποι
2484 2659 2548 2713 ἄν
2579 2675 2662 2722 τις
2689 2676 2701 2687 ·
2738 2658 2854 2711 Ούκ
2889 2656 3004 2709 ἔστι
3047 2654 3426 2725 δικαιοσύνης,
3461 2654 3648 2725 ἄνδρας

2049 2756 2229 2817 ὁσίους
2241 2755 2336 2824 ἐᾷν
2349 2751 2704 2822 ἀϐοηθήτους,
2721 2751 2824 2803 ὑπὸ
2836 2749 2943 2802 τῶν
2960 2747 3181 2818 φαύλων
3192 2746 3626 2818 ὲκτρυχομὲνους
3636 2786 3647 2797 .

2054 2847 2200 2919 Πρὸς
2227 2846 2286 2898 ὃν
2313 2843 2525 2914 ῥητέον,
2559 2844 2634 2906 ὡς
2660 2844 2708 2896 εί
2739 2844 2836 2913 μὲν
2865 2841 3154 2909 ἀγαπῶσιν
3181 2839 3279 2894 οὓς
3323 2839 3433 2910 φὴς
3454 2839 3645 2901 ὁσίους.

2047 2939 2117 2992 τὰ
2155 2938 2250 2991 ὲπὶ
2277 2937 2381 3007 γῆς
2408 2936 2514 2989 ὑπὸ
2550 2935 2658 2988 τῶν
2689 2933 2975 3005 προσύλων
3010 2932 3348 3002 ζηλούμενα,
3385 2931 3484 2984 τοῦ
3514 2930 3648 2983 θείου

2051 3031 2269 3093 πάντως
2313 3027 2739 3081 ἐκπεπτώκασιν
2781 3026 3001 3098 ἔρωτος.
3055 3025 3169 3078 Καὶ
3220 3025 3325 3077 οὐκ
3367 3020 3466 3077 οἷδ’
3511 3026 3646 3086 ὅπως

356 3120 440 3174 vel
467 3122 567 3176 hoc
593 3122 710 3191 ipso
728 3123 841 3192 jam
871 3142 900 3179 a
925 3127 1114 3182 divino
1139 3143 1332 3182 amore
1354 3130 1575 3198 penitus
1597 3130 1889 3185 exciderun

2134 3139 2184 3174 οι
2227 3120 2476 3192 κληθεῖεν
2517 3120 2618 3184 ἂν,
2655 3119 2968 3181 ἀδικοῦντες
3010 3117 3079 3170 τὰ
3111 3117 3284 3179 ὅντως
3314 3117 3522 3188 ἐραστά
3562 3115 3649 3167 καὶ

356 3211 545 3282 Neque
592 3230 726 3270 sane
773 3218 1044 3288 intelligo,
1074 3236 1313 3290 quanam
1359 3223 1572 3278 ratione
1612 3224 1790 3279 sancti
1839 3223 1945 3279 dici

355 3309 587 3376 possint,
621 3314 714 3378 qui
766 3327 854 3366 res
883 3329 1008 3368 vere
1037 3317 1300 3370 amandas
1329 3324 1386 3369 et
1427 3316 1638 3372 divinas
1664 3329 1949 3375 contume-

358 3400 444 3454 liis
466 3401 726 3467 allicinnt,
755 3405 880 3457 tium
909 3422 1003 3461 eas
1034 3407 1202 3463 rebus
1236 3409 1510 3480 fugiendis
1540 3420 1594 3466 et
1623 3412 1948 3465 abominan-

355 3492 464 3559 dis,
496 3510 632 3564 quas
673 3496 886 3552 nefarie
937 3498 1306 3566 insectantur,
1358 3502 1586 3557 minimc
1632 3501 1944 3571 praal‘erunt.

361 3585 456 3639 Sin
500 3597 680 3642 autem
713 3604 777 3643 ea
823 3603 946 3657 qua:
991 3605 1118 3645 vere
1156 3603 1290 3646 sunt
1333 3604 1605 3657 amarent,
1648 3593 1949 3663 gauderent

359 3675 572 3744 utique,
600 3680 748 3747 quod
790 3679 902 3734 voti
947 3691 1231 3750 compotes
1268 3683 1384 3739 fieri
1429 3684 1662 3756 possint.
1696 3683 1949 3754 Nunquid

360 3775 488 3823 tunc
539 3771 712 3840 magis
754 3772 822 3826 ad
873 3774 1155 3843 angelicas
1194 3777 1432 3832 virtutes
1474 3776 1777 3843 accedunt,
1825 3791 1947 3831 cum

361 3874 542 3915 rerum
575 3863 888 3917 divinarum
929 3866 1133 3932 studio,
1168 3878 1432 3937 quantum
1480 3877 1729 3938 possunt,
1762 3883 1792 3922 a
1829 3883 1947 3922 Ina-

360 3950 629 4006 terialium
661 3953 826 4026 477
857 3954 1145 4011 affectione
1174 3961 1457 4028 recedunt,
1489 3969 1544 4015 et
1571 3961 1637 4015 ad
1685 3960 1790 4015 hoc
1817 3959 1951 4013 viri-

358 4039 488 4094 liter
526 4057 859 4099 exercentur
901 4047 1158 4116 periculis
1189 4065 1312 4119 qua:
1362 4052 1575 4106 honesti
1622 4067 1790 4107 causa
1818 4051 1950 4106 sub-

359 4135 522 4187 eunt?
560 4136 746 4205 Itaque
791 4141 893 4194 hoc
943 4157 1070 4197 vere
1098 4143 1202 4197 dici
1238 4152 1438 4212 potest,
1471 4145 1667 4200 divinas
1711 4144 1942 4213 iustitia:

363 4225 537 4293 magis
584 4240 911 4294 congruere,
947 4241 1010 4286 ut
1053 4247 1336 4301 nunquam
1381 4233 1624 4302 patiatur
1654 4235 1951 4303 proborum

363 4317 612 4373 virorum
644 4321 802 4376 virile
835 4324 1002 4378 robur
1030 4341 1213 4380 rerum
1242 4327 1611 4381 ntaterialium
1643 4327 1953 4400 largitioni-

362 4404 465 4462 bus
488 4412 742 4465 enervari
773 4421 936 4482 atque
959 4415 1224 4481 emolliri;
1266 4417 1398 4487 quiu
1428 4419 1632 4487 potius,
1667 4419 1712 4472 si
1744 4418 1868 4487 quis
1897 4417 1951 4471 id

2051 3213 2190 3276 θεῖα,
2220 3217 2332 3277 τοῖς
2365 3210 2666 3284 ἀζηλώτοις
2711 3213 2806 3265 καὶ
2849 3210 3176 3280 ἀνεράστοις
3207 3208 3306 3263 ὑπ’
3351 3207 3531 3261 αὐτῶν
3557 3207 3650 3258 οὐκ

2049 3308 2264 3373 εύαγῶς
2306 3305 2873 3378 παρευδοκιμούμενα.
2921 3303 2987 3355 El
3015 3301 3076 3354 δὲ
3118 3300 3230 3353 τῶν
3275 3301 3452 3363 ὅντως
3493 3299 3650 3351 ὄντων

2049 3401 2237 3472 ὲρῶσι,
2253 3397 2642 3472 εὐφραίνεσθαι
2663 3395 2768 3467 χρὴ
2787 3397 2912 3457 τοὺς
2932 3393 3094 3446 τινῶν
3117 3392 3472 3462 ἐτριεμὲνους,
3498 3389 3650 3457 ἡνίκα

2047 3493 2157 3547 τῶν
2205 3491 2414 3562 ὲφετῶν
2463 3490 2826 3560 τυγχάνωσιν.
2862 3488 2935 3539 Ἦ
2965 3486 3090 3556 οὐχὶ
3116 3486 3240 3538 τότε
3277 3485 3486 3556 μᾶλλον
3526 3483 3643 3552 πλη-

2053 3585 2296 3650 σιάζουσι
2339 3585 2462 3646 ταῖς
2493 3582 2812 3651 ἀγγελικαῖς
2844 3580 3091 3651 ἀρεταῖς,
3123 3579 3277 3641 ὅταν,
3303 3578 3384 3641 ὡς
3415 3575 3648 3639 δυνατὸν,

2050 3679 2236 3749 ἐφέσει
2275 3676 2386 3730 τῶν
2417 3675 2577 3728 θείων
2607 3671 2932 3743 ἀναχωρῶσι
2971 3672 3074 3742 τῆς
3101 3670 3210 3722 τῶν
3251 3669 3456 3722 ύλικῶν
3488 3684 3649 3739 προσ-

2052 3768 2300 3834 παθείας,
2327 3767 2794 3838 ὲγγυμναζόμενοι
2835 3763 2976 3836 πρὸς
3015 3762 3178 3815 τοῦτο
3204 3761 3330 3814 λίαν
3370 3759 3647 3831 ἀνδρικῶς.

2052 3866 2110 3917 ὲν
2140 3866 2261 3926 ταῖς
2294 3861 2436 3930 ὑπὲρ
2480 3860 2576 3914 τοῦ
2612 3857 2777 3912 καλοῦ
2806 3856 3200 3930 περιστάσεσιν
3226 3873 3241 3920 ;
3271 3855 3438 3908 Ὥστε
3464 3852 3651 3923 ἀληθὲς

2053 3957 2248 4019 εἰπεῖν,
2277 3955 2359 4008 ὃτι
2391 3953 2550 4007 τοῦτο
2589 3951 2789 4023 μᾶλλόν
2820 3953 2938 4004 ἐστι
2980 3950 3084 4020 τῆς
3115 3948 3271 4012 θείας
3311 3945 3650 4012 δικαιοσύνης

2055 4050 2207 4113 ίδιον,
2239 4047 2301 4101 τὸ
2334 4047 2410 4119 μὴ
2447 4046 2662 4115 θέλγειν
2693 4046 2788 4099 καὶ
2820 4042 3115 4098 ἀπολλύειν
3145 4042 3257 4094 τῶν
3290 4041 3532 4111 ἀρίστων
3561 4038 3649 4106 τὴν

2053 4141 2393 4214 ἀρῤενότητα
2423 4143 2545 4203 ταῖς
2571 4139 2681 4192 τῶν
2707 4136 2906 4192 ὑλικῶν
2937 4135 3211 4189 διαδόσεσι
3233 4135 3309 4198 ⁸⁸,
3341 4133 3499 4204 μηδὲ,
3528 4130 3652 4190 εἴτις

2054 4232 2361 4305 ἐπιχειροίη
2410 4231 2572 4285 τοῦτο
2615 4233 2810 4292 ποιεῖν,
2857 4229 2951 4299 ὲᾷν
2997 4227 3364 4296 ἀϐοηθήτους,
3399 4224 3514 4278 αλλ’
3553 4225 3640 4274 ἐνι-

2054 4324 2238 4397 δρύειν
2277 4323 2475 4387 αὐτοὺς
2504 4324 2564 4376 ἐν
2593 4324 2660 4393 τῇ
2693 4320 2832 4391 καλῇ
2867 4320 2960 4372 καὶ
2989 4310 3294 4389 ἀμεὶλίκτιε)
3326 4316 3535 4376 στάσει,
3565 4313 3650 4366 καὶ

2055 4417 2353 4488 ἀπονέμειν
2375 4415 2560 4479 αὐτοῖς
2582 4414 2844 4476 τοιούτοις
2866 4407 2987 4467 οὖσι
3013 4410 3084 4464 τά
3112 4413 3235 4466 κατ’
3266 4408 3448 4476 ἀξίαν.

363 4505 678 4571 tentaverit,
707 4507 904 4564 divinis
935 4512 1156 4566 auxiliis
1189 4513 1437 4570 sull'ultos
1464 4515 1517 4568 in
1549 4515 1814 4586 praeclaro
1849 4515 1939 4570 illo
1977 4524 2034 4570 et
2057 4515 2387 4569 inconcusso
2411 4520 2560 4568 statu
2610 4510 2868 4571 solidare.
2903 4520 3006 4562 nec
3069 4521 3182 4560 non
3243 4510 3649 4574 perseverantes

363 4605 462 4662 pro
489 4599 702 4654 meritis
731 4603 1102 4660 remunerari.

1931 4743 1960 4816 δ
2011 4740 2127 4800 1x.

438 4874 560 4934 llaec
593 4877 756 4933 etiam
794 4879 979 4936 divina
1003 4882 1217 4953 justitia
1253 4893 1512 4955 tanquam
1549 4883 1795 4939 omnium
1835 4901 1889 4942 sa

2133 4881 2250 4952 ὤτη
2277 4878 2408 4947 γοῦν
2429 4879 2463 4948 ἡ
2487 4877 2609 4931 θεία
2630 4871 2946 4944 δικαιοσύνη
2979 4874 3079 4927 καὶ
3110 4873 3356 4945 σωτηρία
3386 4873 3494 4926 τῶν
3526 4872 3648 4925 ὅλων

365 4967 448 5022 lus
485 4968 818 5036 celebratur,
866 4973 1012 5040 quod
1066 4974 1347 5044 propriam
1400 4975 1670 5044 cujusque
1709 4975 1788 5028 rei
1840 4992 1971 5046 pu--

365 5074 486 5114 ram
528 5061 598 5114 ab
643 5060 771 5116 aliis
815 5063 1118 5119 essentiam
1157 5065 1524 5135 ordinemque
1563 5077 1856 5122 conservet
1881 5083 1948 5123 ac

367 5158 604 5219 tueatur,
669 5169 769 5210 nec
823 5169 930 5210 non
984 5171 1113 5210 vera
1177 5171 1342 5212 causa
1397 5157 1492 5223 sit,
1551 5167 1612 5212 ut
1671 5160 1947 5215 actionem

363 5257 597 5313 qumque
621 5259 777 5300 suam
823 5248 1079 5302 universa
1118 5258 1546 5318 prosequantur.
1580 5249 1637 5305 Si
1669 5251 1793 5320 quis
1820 5266 1953 5306 vero

367 5335 602 5392 salutem
620 5337 825 5407 laudet,
847 5349 1122 5410 quatenus
1138 5355 1168 5394 a
1186 5341 1350 5396 rebus
1362 5341 1732 5400 deterioribus
1751 5353 1952 5400 cuncta

2051 4974 2323 5044 ὑμνεῖται,
2355 4969 2455 5040 τὴν
2503 4969 2642 5022 ἰδίαν
2687 4966 2920 5020 ἑκάστου
2967 4964 3070 5017 καὶ
3111 4965 3368 5034 καθαρὰν
3408 4964 3514 5018 ἀπὺ
3552 4963 3647 5015 τῶν

2051 5067 2230 5121 ἀλλων
2268 5066 2316 5098 ⁵⁸
2354 5061 2544 5116 οὐσίαν
2582 5061 2677 5115 καὶ
2726 5058 2882 5125 τάξιν
2912 5056 3285 5122 ἀποσώζουσα
3331 5057 3426 5111 καὶ
3465 5055 3649 5125 901d:-

2051 5177 2244 5223 τουσα,
2279 5157 2375 5212 καὶ
2411 5155 2562 5209 αἰτία
2615 5150 2874 5224 καθαρῶς
2912 5145 3055 5204 οὖσα
3094 5149 3196 5221 τῆς
3248 5151 3310 5203 ἐν
3359 5153 3471 5214 τοῖς
3521 5147 3647 5209 ὅλοις

2059 5249 2423 5320 ίδ.οπραγίας.
2467 5245 2615 5300 Εἱδέ
2641 5262 2724 5308 τις
2757 5241 2856 5313 τὴν
2901 5242 3184 5315 σωτηρίαν
3223 5242 3446 5312 ὑμνοίη,
3477 5238 3648 5298 καὶὼς

2059 5343 2128 5395 ὲκ
2178 5341 2286 5394 τῶν
2326 5338 2590 5411 χειρόνων
2631 5335 2699 5389 τὰ
2735 5333 2834 5388 ὅλα
2889 5333 3180 5398 σωστικῶς
3231 5332 3648 5407 ἀναρπάζουσαν

1679 5498 1919 5555 VARle
1945 5496 2331 5556 LECTIONES

445 5651 498 5737 II.
527 5653 661 5737 φησι
692 5653 802 5737 γᾴρ
838 5651 1077 5737 ὀξείλειν
1111 5649 1367 5737 ducunt}.

372 5719 424 5756 “
447 5719 715 5789 αἰωνίους,
756 5719 816 5780 ι).
889 5719 938 5757 ⁷⁸⁵
973 5725 1093 5787 ταῖς
1125 5725 1233 5777 τῶν
1266 5724 1466 5778 ύλικῶν
1498 5723 1695 5790 δόσεσι,
1735 5725 1791 5781 S.
1813 5727 1874 5783 D.

1585 5653 1630 5684 ⁸³
1669 5654 1763 5707 καὶ
1795 5656 2197 5728 ἑτεροκινήτοις
2240 5655 2338 5728 τὴν
2375 5653 2746 5725 αὐτοκίνητον,
2781 5650 2843 5707 D.

1585 5739 1695 5777 ἐσι.
1735 5725 1791 5777 S.
1813 5727 1874 5777 υ.
1969 5727 2015 5759 ⁸⁵
2047 5725 2202 5777 ὅλων.

2047 5743 2180 5780 ολων
2188 5763 2202 5780 ο

2939 5647 2985 5682 ⁸³
3023 5642 3166 5702 εἶναι
3197 5647 3267 5703 τὰ
3303 5649 3482 5724 φύσει,
3515 5648 3569 5704 S.
3591 5647 3642 5704 Ρ.
