3768 6332
341 330 447 385 899
1500 325 1559 379 S.
1599 321 1896 377 DIONYSII
1934 321 2252 379 AREOPAG
2264 321 2396 376 ἱΤᾹΞ
3518 319 3635 375 900

344 463 466 515 cap.
497 444 589 511 Vl)
612 450 781 515 patet,
805 439 966 515 quod
986 440 1228 510 potentia
1255 438 1348 492 Dei
1377 437 1941 515 potentizeell'ectrix,
1971 453 2091 508 quze
2118 454 2344 515 omnem
2369 445 2662 515 exsuperat
2694 437 3032 515 potentiam,
3066 450 3189 507 qua?
3229 445 3321 491 est
3352 451 3533 488 unum
3571 447 3634 491 et

343 509 672 585 supraqua’m
700 509 1028 585 substantia,
1059 527 1180 585 quze
1202 525 1417 585 omnem
1453 510 1838 585 potentiatn‘in
1885 524 1945 563 se
2004 510 2300 577 prtehahet,
2348 519 2402 585 et
2446 509 2785 585 suprahabt-t
2831 509 2949 585 haec
2993 522 3212 561 onmem
3255 514 3632 585 potestatem,

349 578 456 640 tain
492 578 799 654 generalem
841 598 999 649 quam
1026 579 1445 654 particularetn,
1474 590 1530 632 et
1565 579 1914 654 ipsain‘illam
1954 594 2051 654 per
2085 596 2145 633 se
2171 580 2471 654 potentiam
2514 579 2848 654 cogitatione
2881 580 3243 654 abstractam,
3288 594 3360 632 ex
3407 578 3477 630 iis
3505 594 3635 645 quae

347 673 451 711 non
481 648 625 715 Sulllll,
658 648 958 705 scentulum
986 667 1138 704 suam
1186 649 1537 702 inﬂexibilem
1563 660 1616 702 et
1655 651 2180 715 incircumscriptam
2216 651 2533 715 potentiam,
2568 649 2840 715 producit,
2877 658 2925 703 et
2965 648 3097 703 facit
3127 651 3443 713 exsistere;
3476 658 3535 699 et
3561 662 3631 701 ex

303 730 457 795 ;ipsa
511 722 854 778 emanatimie
925 736 1046 789 qua:
1102 723 1156 775 in
1211 721 1467 773 universo
1526 721 1796 784 cernitur,
1840 721 2083 789 suppetit
2125 719 2283 774 nobis
2326 720 2561 773 facultas
2606 719 2777 772 Deum
2838 720 3016 788 ipsum
3072 722 3386 788 potentiam
3438 719 3631 771 nomi-

302 800 307 809 ’
341 796 525 851 nandi.

413 866 439 937 §
472 865 554 920 Ill.
600 864 729 917 "(cc
759 865 923 931 igitur
946 864 1180 937 potentia
1209 862 1305 937 Dei
1333 863 1766 937 inﬁniti-potens,
1796 862 1848 937 in
1887 861 2064 937 omnia
2104 877 2221 937 qua“:
2251 870 2399 937 sunt,
2434 868 2598 923 meat,
2623 869 2731 937 etc.
2779 860 2850 937 Ex
2903 861 2987 937 his
3016 859 3222 930 (inquit
3275 859 3489 914 ibidem
3519 859 3631 929 (ἷξε

340 930 686 1006 parissiotus)
714 930 889 1003 potest
916 935 1038 1001 quis
1074 936 1355 1002 percipere
1394 930 1766 1006 proprietates
1791 931 1945 1006 ejus.»
1972 932 2229 984 Cernitur
2252 932 2399 983 enim
2438 930 2894 1006 quemadmodum
2942 932 2994 984 in
3021 946 3393 1006 quaecunque
3422 946 3631 1006 perva-

340 1002 438 1068 ilit,
464 1017 519 1059 et
542 1008 585 1059 si
615 1002 697 1058 fas
726 1016 807 1058 est
832 1006 1037 1067 dicere,
1076 1006 1253 1072 ipsum
1294 1020 1433 1066 esse,
1468 1014 1523 1056 et
1552 1004 1807 1069 quodest
1857 1004 2174 1055 universum
2206 1016 2347 1065 esse,
2391 1003 2537 1069 quod
2587 1010 2648 1053 ut
2699 1003 2790 1065 sit,
2823 1003 3124 1069 potentiam
3186 1002 3359 1054 habet
3406 1002 3478 1053 ab
3511 1002 3629 1070 ipsa

342 1077 581 1147 potentia
618 1091 739 1143 qua:
761 1091 923 1147 supra
966 1074 1328 1147 substantiam
1354 1084 1456 1128 est.
1500 1073 1667 1147 Igitur
1698 1083 1751 1126 et
1790 1087 2082 1147 esse_opus
2114 1081 2199 1125 est
2230 1073 2524 1147 potentiae;
2569 1072 2661 1125 sed
2699 1088 2805 1124 non
2852 1072 3027 1139 ipsum
3072 1086 3199 1147 esse
3227 1072 3499 1147 potentia
3543 1083 3629 1147 est

342 1142 531 1200 verum
565 1142 821 1214 tanquam
854 1146 905 1197 in
940 1144 1185 1213 subjecto
1216 1154 1300 1199 est
1328 1147 1590 1212 potentia.
1628 1142 1893 1214 Pratterea
1922 1144 2064 1197 inest
2087 1142 2775 1214 proprietasisupraquam
2824 1157 3037 1214 posse;
3061 1142 3336 1214 siquidem
3369 1145 3626 1214 potentia

344 1212 899 1285 supraquamVpoteus
939 1217 1055 1283 Dei,
1101 1217 1214 1284 qui,
1247 1226 1677 1283 estsupraquam
1717 1212 2279 1285 substantia,_indidit
2313 1212 2467 1265 nobis
2498 1212 2829 1285 intellectum
2874 1212 3217 1285 possibiletn,
3259 1222 3323 1265 ut
3364 1213 3462 1280 qtti
3502 1227 3624 1266 eum

340 1281 677 1358 produxitret
710 1281 942 1351 creavit,
968 1281 1638 1358 sit—Asupraquamipotens
1663 1284 1728 1358 ad
1758 1283 2174 1358 producendum
2201 1283 2334 1335 alias
2354 1282 2648 1358 potentias,
2682 1281 2929 1337 diversas
2968 1283 3126 1358 abiis
3156 1297 3281 1350 qua:
3317 1285 3629 1358 suntpinli—

339 1352 966 1421 iiiteinﬁnitas,etquod
989 1352 1213 1409 illﬁlliiJ!
1246 1352 1503 1423 potentiae
1532 1355 1586 1408 in
1617 1354 1885 1407 inliuitmn
1914 1354 2208 1422 productae,
2228 1354 2565 1407 creationem
2605 1366 2931 1422 supraquam
2977 1352 3246 1407 inﬁnitam
3282 1354 3626 1421 potentilicze

347 1438 601 1496 polelllltl‘
625 1428 741 1494 ejus
783 1426 1076 1479 retundere
1115 1441 1388 1495 nunquam
1422 1432 1667 1496 possunt.
1701 1424 1767 1496 rSi
1812 1424 1992 1496 igitur
2019 1424 2266 1496 potentia
2307 1433 2524 1496 ostensa
2554 1437 2662 1475 non
2706 1424 2930 1496 haberet
2959 1426 3257 1496 potentiam
3288 1425 3395 1476 has
3428 1433 3624 1491 poten-

344 1493 445 1550 iias
488 1493 778 1565 reripieudi
824 1512 1096 1564 nunquam
1124 1493 1464 1563 promitteret
1492 1495 1803 1565 Dionysius,
1845 1494 2086 1565 iulinitas
2114 1493 2233 1546 illas
2260 1493 2552 1565 potentias,
2581 1507 2611 1545 a
2643 1493 2956 1561 potentilica
3000 1494 3247 1561 potentia
3288 1496 3621 1565 productas,

342 1584 449 1622 non
494 1563 657 1635 posse
682 1569 953 1620 actionem
984 1566 1104 1634 ejus
1129 1567 1375 1619 obtusam
1417 1563 1659 1618 reddere.
1695 1564 1876 1630 Quare
1912 1564 2095 1619 evenit
2125 1573 2181 1617 ut
2222 1565 2463 1633 potentia
2496 1563 2638 1618 bono
2663 1565 3092 1633 appropinquet;
3120 1565 3252 1631 quia
3286 1563 3441 1617 sicut
3481 1565 3621 1618 nihil

341 1648 427 1693 est
462 1654 660 1705 expers
700 1637 983 1699 bonitatis,
1030 1638 1101 1689 ita
1144 1651 1322 1705 neque
1372 1638 1679 1705 potestatis.

415 1708 442 1778 ξ
482 1703 570 1761 IV.
603 1708 764 1775 Atqui
812 1708 978 1778 inquit
1027 1703 1277 1778 Elymus,
1313 1703 1417 1759 etc.
1453 1704 1686 1778 Pulchre
1727 1704 1963 1759 ostendit
1994 1715 2198 1778 contra
2240 1703 2507 1778 Elymam,
2543 1704 2708 1758 Deum
2745 1703 2984 1773 seipsum
3019 1718 3124 1778 non
3170 1716 3336 1771 posse
3384 1720 3618 1778 negare,

342 1773 449 1832 non
476 1794 631 1848 posse
661 1773 888 1848 mentiri
914 1788 968 1830 et
996 1773 1213 1839 similia,
1250 1791 1355 1829 non
1379 1790 1501 1848 esse
1531 1775 1888 1848 impotentia},
1916 1776 2013 1848 sed
2047 1775 2274 1848 inﬁnita:
2304 1773 2561 1848 potentiae
2588 1788 2991 1845 argumentum.
3029 1773 3116 1828 Uti
3149 1789 3376 1848 quoque
3419 1773 3621 1843 probat

344 1844 744 1912 'l‘hcddoretus,
779 1847 992 1915 dialogo
1023 1848 1186 1900 tertio
1226 1858 1410 1900 contra
1451 1844 1693 1899 Ha’reses
1723 1859 1741 1896 :
1788 1864 1806 1896 ι
1846 1845 2033 1908 Multa,
2079 1846 2280 1913 inquit,
2316 1846 2441 1898 talia
2476 1844 2822 1914 reperiuntur
2864 1846 3403 1915 itnpossibiliauesse
3432 1849 3617 1899 Omni-

342 1920 547 1987 potenti
584 1919 726 1983 Deo;
761 1913 945 1970 verum
990 1918 1181 1970 hormn
1215 1917 1496 1986 quidpiam
1546 1932 1651 1969 non
1677 1931 1857 1985 posse,
1903 1916 2130 1969 inﬁnita:
2179 1916 2438 1983 potentiae
2476 1913 2691 1987 signum
2739 1926 2843 1979 est,
2878 1932 3007 1987 non_
3041 1913 3455 1987 imbecillitatis
3484 1918 3621 1969 indi-

342 1984 522 2053 iziuiu;
554 2003 711 2057 posse
741 2003 889 2050 vero,
925 1987 1112 2056 utique
1155 1984 1509 2056 impotentiae.
1548 2003 1655 2039 non
1680 1984 1969 2057 potentite.
2005 1987 2289 2052 Quomodo
2327 1987 2430 2039 hoc
2468 1984 2915 2057 dic0?7quouiatn
2966 1984 3133 2056 479
3179 1988 3620 2055 unumquodque

346 2056 675 2113 corumDei
723 2058 1033 2110 ﬁrmitatem
1081 2056 1687 2124 tmmutabilitatemque
1714 2056 2067 2125 depraedicat.
2112 2058 2340 2122 Bonum,
2367 2059 2511 2109 enim
2555 2056 2755 2109 tnalum
2792 2056 2907 2108 lieri
2936 2072 3045 2109 non
3092 2071 3275 2124 posse,
3306 2059 3618 2124 superemi-

343 2132 583 2183 neutiam
622 2130 847 2182 denotat
895 2129 1194 2192 bonitatis;
1226 2137 1281 2180 et
1319 2129 1528 2196 justum
1582 2143 1856 2195 nunquam
1886 2142 2041 2195 posse
2087 2128 2201 2179 ﬁeri
2263 2128 2545 2194 injustum,
2584 2141 2684 2181 nec
2723 2141 2975 2180 veracem
3023 2128 3371 2192 mendacem,
3408 2130 3515 2180 hoc
3563 2127 3615 2181 in

341 2202 572 2253 veritate
597 2210 764 2265 atque
785 2199 997 2266 justitia
1032 2199 1391 2252 stabilitatem
1420 2197 1751 2251 soliditatem
1766 2213 1863 2264 que
1884 2200 2245 2252 demonstrat.
2277 2197 2542 2249 Similiter
2566 2196 2655 2251 lux
2681 2212 2807 2250 vera
2846 2211 2952 2249 non
2980 2206 3161 2266 potest
3197 2198 3613 2261 tenebrescere,

340 2287 441 2324 nec
476 2274 519 2323 is
549 2270 638 2338 qui
672 2278 755 2322 est
796 2285 901 2321 non
928 2284 1087 2333 esse;
1120 2268 1390 2322 solliciens
1420 2268 1565 2321 enim
1618 2268 1781 2321 habet
1807 2282 1950 2333 esse,
1992 2276 2157 2338 atque
2209 2267 2567 2321 immutabilis
2603 2268 2694 2321 lux
2747 2268 2985 2322 exsistit.
3024 2268 3115 2321 Sic
3142 2266 3352 2338 etralia
3413 2277 3612 2321 cuncta

338 2337 712 2410 perlustrans,
737 2339 863 2391 illud
896 2356 999 2392 non
1043 2355 1189 2406 posse
1218 2341 1522 2407 cotnperics
1552 2353 1822 2391 summam
1862 2337 2180 2410 potentiam
2201 2340 2532 2410 signiticare.
2566 2338 2641 2410 Ita
2681 2352 2900 2410 quoque
2927 2339 2978 2390 in
3011 2339 3123 2391 Deo
3155 2337 3434 2410 taliaAnou
3466 2354 3615 2410 posse

342 2406 560 2464 divinus
603 2410 895 2477 Apostolus
912 2420 965 2461 et
1001 2410 1267 2463 intellexit
1297 2406 1353 2462 et
1382 2409 1585 2478 posuit,
1629 2423 2017 2476 nonnunquam
2053 2406 2272 2475 quidem
2316 2409 2503 2461 dicens
2538 2424 2551 2460 :
2595 2406 2931 2478 [inpossibile
2960 2422 3038 2462 est
3096 2407 3315 2461 mentiri
3354 2407 3525 2459 Deum
3549 2406 3611 2471 ἀς

343 2498 450 2535 non
482 2476 755 2533 inﬁrmum
798 2480 928 2533 illud
974 2480 1337 2548 impossibile,
1371 2476 1466 2533 sed
1498 2478 1653 2531 valde
1680 2488 1872 2546 potens
1902 2485 2195 2532 ostendens
2222 2478 2353 2531 alibi
2379 2492 2508 2532 vero
2537 2480 2782 2532 scribens
2816 2494 2831 2530 :
2861 2476 3070 2548 Negare
3109 2482 3344 2545 seipsum
3389 2495 3496 2530 non
3520 2495 3613 2544 po-

339 2562 435 2604 test
486 2567 528 2605 ε.
575 2553 783 2604 llursus
842 2564 972 2618 ergo
1004 2550 1133 2602 illud
1178 2566 1280 2603 non
1310 2559 1479 2618 potest
1527 2550 1753 2602 inlinitae
1783 2558 1867 2601 cst
1896 2550 2389 2602 dentoustrativum
2419 2551 2694 2617 potentia).
2727 2548 2967 2601 Tametsi
2995 2551 3163 2610 enim,
3196 2550 3402 2615 iuqttit,
3422 2562 3612 2601 omnes

340 2622 591 2676 homines
638 2621 812 2687 ipsutn
846 2630 1128 2689 negarent,
1160 2621 1273 2689 ipse
1302 2622 1442 2674 Deus
1467 2631 1572 2680 est,
1593 2631 1646 2671 et
1672 2636 1699 2671 a
1721 2620 1939 2688 propria
1970 2634 2075 2671 non
2101 2620 2301 2672 excidit
2320 2630 2544 2683 natura;
2568 2635 2691 2673 nam
2715 2619 3129 2689 incorruptibile
3156 2620 3510 2682 habetesse,
3534 2619 3610 2669 uti

337 2692 613 2759 signiﬁcat
653 2691 780 2743 illud
808 2705 821 2740 :
852 2689 1060 2759 Negare
1086 2692 1313 2759 seipsum
1354 2708 1459 2743 non
1490 2700 1678 2758 potest.
1699 2689 2137 2742 ltedundantiam
2174 2692 2336 2755 igitur
2360 2690 2569 2742 indicat
2599 2690 2855 2759 potentia:
2892 2691 2980 2743 illa
3017 2692 3068 2743 in
3092 2690 3340 2742 deterius
3368 2704 3612 2742 commu-

341 2764 565 2816 talionis
611 2762 948 2830 impotentia.
987 2761 1098 2813 lloc
1142 2763 1300 2813 modo
1337 2764 1505 2815 multa
1554 2762 1663 2815 Deo
1710 2769 1836 2814 sunt
1867 2759 2248 2828 impossibilia,
2289 2772 2343 2814 et
2380 2760 2599 2828 quidem
2647 2770 2725 2813 tot
2769 2769 3054 2831 tantaque,
3106 2770 3241 2829 quot
3288 2768 3611 2827 quantaque

341 2844 468 2885 sunt
512 2833 707 2885 divina:
760 2841 969 2885 natura:
1000 2838 1299 2885 contraria.

408 2903 514 2973 έν.
535 2902 807 2972 Ajttstitia
824 2914 998 2955 autem
1020 2918 1202 2954 νυν-ειη
1227 2903 1481 2955 laudatur
1502 2902 1662 2964 Deus,
1681 2910 1788 2957 etc.
1810 2900 1925 2954 Non
1944 2900 2086 2968 quod
2110 2900 2224 2969 ipse
2241 2901 2313 2955 sit
2334 2900 2810 2971 cognitusjustitia
2829 2902 2954 2973 (hoc
2970 2900 3141 2963 enim,
3163 2899 3345 2969 inquit
3360 2898 3612 2973 Cyparis-

338 2972 510 3025 simus
534 2990 693 3041 supra
716 2974 935 3035 citatus,
964 2989 1139 3041 neque
1157 2973 1311 3026 ell‘ari
1340 2990 1516 3041 neque
1537 2975 1841 3040 intelligere
1867 2980 2179 3042 possumus,
2199 2974 2335 3026 sicut
2361 2974 2751 3042 magnitudinis
2775 2972 2891 3040 ejus
2920 2990 3025 3026 non
3049 2984 3131 3025 est
3158 2975 3307 3035 littlS,
3326 2982 3382 3025 ct
3402 2972 3611 3025 intelle-

336 3056 456 3095 ctus
485 3040 613 3110 ejus
636 3061 740 3096 non
769 3052 850 3096 est
878 3040 1182 3112 numerus),
1216 3040 1688 3113 sed_coguoscitur
1707 3044 1920 3112 justitia
1945 3058 2013 3095 ex
2050 3040 2263 3109 justitia
2287 3040 2732 3113 quatn'pt‘odtmt
2763 3046 2814 3096 in
2853 3045 3029 3105 nobis,
3062 3058 3354 3111 nnponeus
3383 3042 3609 3111 singulis

340 3105 767 3168 rebus'ordinem
786 3124 840 3167 et
862 3105 1390 3182 tlesci'iptioncui,'et
1410 3105 1609 3167 caetera
1629 3105 1810 3169 oninis
1837 3105 2064 3182 justiti-.e
2090 3105 2352 3180 pondera.
2372 3105 2589 3167 Jusiitia
2616 3117 2760 3166 enim
2788 3116 2900 3177 Dei,
2921 3130 3044 3182 qua:
3069 3105 3213 3182 justa
3241 3127 3350 3175 est,
3370 3122 3428 3167 et
3450 3105 3611 3177 justi-

341 3188 443 3237 tias
463 3186 656 3254 diligit,
678 3185 1105 3253 uniuscujusque
1123 3200 1311 3238 eorum
1344 3199 1462 3252 quae
1482 3196 1610 3237 sunt
1628 3186 1874 3239 ordinem
1895 3184 2105 3249 delinit,
2122 3193 2176 3236 et
2193 3184 2465 3252 producit,
2482 3186 2701 3252 ctponit
2719 3187 3009 3238 secundum
3032 3186 3313 3251 propriam
3338 3186 3608 3254 actionem

334 3264 392 3308 et
440 3259 738 3308 secundum
779 3271 1111 3322 supraquatn
1148 3258 1413 3307 inlinitam
1453 3256 1720 3323 justitiatn
1758 3270 1935 3315 suam,
1970 3256 2262 3322 unicuique
2286 3254 2511 3321 justitta:
2539 3262 2608 3309 ab
2643 3259 2758 3324 ipso
2789 3256 3066 3323 pt'oductte
3098 3258 3361 3307 virtutem
3398 3256 3607 3314 indidit,

340 3326 659 3379 reddentem
693 3328 949 3378 omnibus
992 3340 1087 3393 pro
1124 3327 1387 3393 dignitate
1432 3326 1511 3378 vel
1544 3326 1821 3393 propriam
1851 3326 2119 3378 actionem
2154 3327 2388 3392 partium
2444 3326 2662 3389 animae,
2690 3326 2770 3379 vel
2824 3326 3259 3378 medioeritatem
3296 3325 3447 3377 inter
3488 3324 3603 3392 plus

339 3398 629 3465 etniinus,
658 3398 739 3448 vel
768 3396 1065 3463 appetitum
1101 3403 1427 3448 tribuentem
1471 3399 1858 3463 aequalitatem,
1906 3396 1988 3447 vel
2035 3411 2226 3448 rursus
2260 3396 2507 3450 habitum
2539 3397 2958 3465 prospicientem
3002 3396 3155 3448 utilia
3191 3398 3243 3448 in
3288 3410 3603 3457 commune,

335 3464 415 3515 vel
443 3470 730 3519 scientiam
767 3482 955 3518 eorum
986 3480 1108 3533 quae
1142 3476 1268 3517 sunt
1312 3469 1619 3528 tribuenda,
1651 3478 1705 3519 et
1731 3480 1852 3533 qua:
1896 3480 2002 3518 non
2033 3466 2343 3532 tribuenda,
2375 3467 2458 3519 vel
2492 3464 2779 3531 neutrum;
2821 3477 2876 3520 et
2908 3479 2965 3519 ut
3012 3467 3188 3520 semel
3220 3467 3433 3531 dicam,
3476 3464 3607 3517 nihil

335 3536 555 3602 reliquit
590 3537 707 3589 sine
737 3539 942 3588 honore
964 3536 1195 3605 justitia:
1221 3553 1249 3587 a
1282 3552 1339 3589 se
1362 3535 1660 3605 productae,
1693 3540 1822 3603 quin
1854 3536 2037 3604 potius
2066 3552 2260 3591 omnes
2292 3537 2521 3607 capillos
2550 3538 2746 3607 capitis
2779 3538 2951 3592 nostri
3002 3546 3281 3599 numerat,
3316 3544 3375 3589 et
3415 3551 3605 3604 passe-

342 3621 456 3658 rem
487 3607 720 3659 duormn
753 3608 959 3658 assium
1042 3622 1148 3659 non
1175 3608 1299 3659 sini:
1346 3608 1586 3660 incidere
1632 3609 1684 3661 iu
1717 3608 1971 3675 laqueuttt
1995 3608 2116 3660 sine
2142 3608 2444 3676 justissima
2482 3608 2759 3663 voluntate
2796 3613 3024 3677 suaf;et
3048 3607 3352 3677 injustitias
3398 3619 3606 3659 noStras

335 3691 464 3748 quae
490 3679 771 3737 dicuntur,
807 3677 1233 3730 convincitesse
1272 3677 1653 3731 aberrationes
1690 3687 2003 3732 nostrorqu
2038 3680 2457 3734 deSIderiorum.
2485 3681 2723 3734 Cunctos
2752 3694 2882 3733 vero
2917 3680 3130 3748 justitia
3177 3694 3276 3731 sua
3320 3678 3530 3746 implet,
3552 3684 3606 3729 et

335 3746 470 3819 nihil
508 3762 701 3799 eorum
743 3762 863 3819 qua:
896 3756 1047 3811 sunt,
1092 3750 1145 3801 in
1179 3764 1237 3801 re
1266 3749 1375 3800 ulla
1402 3748 1551 3816 justa
1579 3749 1695 3818 ejus
1727 3750 1901 3802 salute
1922 3756 1979 3800 et
2008 3752 2428 3805 conservatione
2456 3751 2727 3819 privatum
2772 3764 2887 3817 est;
2920 3746 3075 3803 unde
3102 3750 3314 3803 videtur
3348 3751 3480 3800 mihi
3517 3762 3605 3797 va-

337 3816 449 3888 lere
477 3819 603 3869 illud
640 3818 1049 3886 pervulgatum;
1084 3819 1342 3887 lnjuriam
1378 3816 1620 3886 quidem
1652 3820 1833 3874 lacere
1859 3833 2072 3884 omnes,
2115 3821 2249 3873 nulli
2301 3836 2429 3875 vero
2456 3816 2726 3888 iniuriam
2761 3816 2898 3877 licri.
2937 3823 3168 3886 QUalem
3203 3830 3391 3872 autem
3425 3834 3603 3885 aequa-

334 3886 900 3963 Ιιιειιιειιιειμθὺιιιιιιι
925 3890 1139 3956 justitia
1180 3891 1455 3963 respiciat,
1486 3899 1543 3942 et
1571 3894 1847 3958 quomodo
1875 3894 1990 3945 haec
2023 3892 2078 3945 iu
2107 3892 2216 3946 Deo
2247 3892 2427 3947 locum
2467 3886 2722 3963 habeant,
2779 3895 2901 3948 vide
2939 3894 2994 3947 iu
3039 3892 3232 3947 Lessio
3266 3892 3365 3945 lib.
3402 3904 3493 3943 xm
3532 3889 3602 3941 De

334 3959 746 4026 per/ectt'Ouibus
780 3960 996 4028 divinis,
1026 3976 1147 4030 cap.
1181 3961 1207 4014 1
1269 3972 1324 4015 et
1346 3976 1506 4031 seqq.

1402 4213 1891 4276 PARAPHRASIS
1925 4217 2378 4276 PACHYMERIE
2411 4219 2542 4291 (44).

411 4349 440 4421 §
466 4348 508 4403 Ι.
533 4350 803 4405 Caeterum
828 4364 951 4403 cum
984 4349 1216 4420 theologi
1248 4350 1418 4405 Deum
1466 4367 1799 4423 supraquain
1824 4373 1899 4411 sa.

2110 4361 2117 4428 ᾖ
2160 4359 2202 4410 I.
2247 4357 2385 4409 Ἀλλ’
2426 4357 2616 4429 ἐπειδὴ
2664 4356 2763 4428 τὴν
2809 4357 3115 4426 ὑπέρσοφον
3169 4357 3477 4431 ἀληοότητα
3515 4360 3598 4412 τὸν

336 4446 575 4513 pientem
600 4443 913 4506 veritatem,
948 4444 1110 4495 etiam
1149 4445 1404 4497 virtutem
1443 4459 1542 4499 seu
1594 4449 1913 4517 potentiam,

336 4548 390 4591 et
418 4537 689 4607 justitiam
744 4546 797 4590 et
852 4536 1082 4589 salutem
1115 4546 1173 4590 et
1225 4537 1651 4606 redemptionem
1696 4552 1914 4606 vocent,

338 4648 434 4698 age
460 4632 623 4686 etiam
656 4632 772 4685 base
809 4629 992 4683 divina
1025 4631 1243 4684 nomina
1286 4632 1641 4701 explicemus,
1675 4650 1919 4704 prmsup-

338 4724 536 4791 posito,
574 4725 740 4777 Deum
776 4724 897 4778 sine
937 4725 1349 4794 comparatione
1378 4729 1646 4782 excedere
1696 4744 1913 4783 onmem

338 4813 659 4880 potentiam,
701 4827 822 4880 qua:
868 4814 953 4866 vel
1001 4826 1085 4867 est
1120 4814 1204 4867 vel
1233 4818 1532 4887 eXCOgitari
1562 4828 1758 4887 potest.
1795 4819 1913 4873 Non

340 4904 497 4968 dixit,
544 4910 921 4977 iutellectilem,
966 4922 1092 4960 nam
1115 4920 1170 4961 et
1199 4909 1460 4978 angelica:
1489 4911 1727 4966 virtutes
1760 4912 1920 4966 intel-

339 4998 551 5053 lectiles
577 5001 872 5066 exsistunt,
911 5000 1109 5070 quibus
1161 5002 1328 5057 Deum
1375 5017 1498 5059 esse
1545 5006 1914 5074 superiorem,

342 5092 685 5146 manifestum
722 5103 838 5157 est;
868 5097 961 5148 sed
998 5094 1338 5164 simpliciter,
1371 5096 1819 5168 excogitabilem,
1853 5111 1920 5151 ac

340 5184 385 5238 si
414 5184 559 5238 dicat
592 5201 604 5236 :
637 5184 1085 5256 Qualemeunque
1115 5191 1238 5257 quis
1277 5191 1575 5261 potentiam
1603 5194 1920 5261 excogitare

341 5278 536 5346 possit,
567 5277 712 5332 Deus
745 5287 927 5332 tamen
959 5279 1131 5348 ipsam
1163 5280 1285 5335 sine
1322 5284 1735 5351 comparatione
1761 5298 1923 5338 exce-

340 5369 452 5434 dit;
484 5368 751 5440 siquidem
798 5371 1097 5440 Scripturze
1137 5387 1359 5441 quoque
1410 5373 1583 5428 Deum
1630 5375 1919 5429 Dominum

343 5460 604 5517 virtutum
635 5477 730 5519 seu
771 5471 1104 5533 potestatum
1136 5477 1355 5532 vocant,
1403 5466 1556 5535 juxta
1589 5468 1717 5523 illud
1753 5481 1768 5521 :
1805 5468 1919 5521 Do-

484 5597 511 5637 ά
546 5600 711 5656 llebr.
748 5616 824 5668 νι,
862 5600 948 5657 18.
1053 5603 1074 5632 ε
1109 5601 1149 5657 ll
1185 5601 1330 5659 Tim.
1371 5620 1433 5671 ll,
1470 5605 1556 5660 15.

2023 4452 2155 4506 Θεὸν
2191 4453 2286 4504 καὶ
2324 4452 2575 4523 δύναμιν,
2611 4451 2706 4505 καὶ
2752 4450 3121 4522 δικαιοσύνην,
3165 4456 3261 4507 καὶ
3314 4457 3596 4527 σωτηρίαν,

2022 4546 2117 4599 καὶ
2141 4543 2513 4614 ἀπολύτρωσιν
2542 4544 2796 4598 καλοῦσιν
2834 4545 2881 4596 οἱ
2919 4542 3179 4613 Οεολάγοι,
3208 4546 3340 4618 φέρε
3368 4550 3461 4600 καὶ
3481 4547 3598 4599 ταύ-

2021 4657 2121 4704 τας
2171 4638 2270 4701 τὰς
2309 4637 2615 4707 θεωνυμίας
2644 4636 3064 4707 ἀναπτύξωμεν,
3116 4641 3595 4711 προῦποκειμένον,

2021 4734 2104 4785 ὅτι
2136 4730 2483 4800 ἀσυγκρίτως
2511 4730 2768 4802 ὑπερέχει
2797 4729 2858 4781 τὸ
2883 4730 3038 4782 Θεῖον
3070 4732 3252 4803 πάσης
3304 4737 3402 4787 καὶ
3448 4735 3596 4807 om;

2025 4823 2119 4876 καὶ
2142 4822 2530 4892 ὲπινοουμένης
2550 4822 2852 4892 δυνάμεως.
2881 4822 2991 4875 Οὐκ
3020 4818 3143 4875 εἷπε
3169 4824 3226 4877 δὲ
3254 4827 3593 4896 νοουμένης,

2024 4919 2102 4989 (αἱ
2130 4915 2238 4987 γὰρ
2276 4914 2565 4983 ἀγγελικαὶ
2592 4914 2850 4986 δυνάμεις
2881 4913 3172 4985 νοούμεναί
3220 4920 3383 4984 εἰσιν,
3430 4916 3498 4974 ὧν
3522 4923 3593 4975 ὅτι

2025 5007 2281 5080 ὑπερέχει
2300 5007 2362 5059 τὸ
2376 5006 2550 5071 Θείον,
2572 5006 2729 5076 δῆλον
2808 5005 2921 5059 ἀλλ’
2946 5005 3136 5072 ἁπλῶς
3169 5009 3590 5084 Ἐπινοουμένης,

2026 5101 2102 5165 ὼς
2128 5101 2191 5154 ἂν
2219 5102 2266 5153 εἰ
2283 5100 2468 5167 ἔλεγεν
2488 5116 2500 5129 '
2537 5100 2658 5152 ’Ότι
2683 5099 2788 5153 κᾶν
2803 5100 2919 5152 οἵαν
2945 5117 3029 5163 τις
3046 5102 3305 5176 δυνηθείη
3329 5106 3589 5177 ἐπινοῆσαι

2027 5194 2274 5264 δύναμιν,
2307 5194 2400 5246 καὶ
2436 5192 2605 5263 αρτἧς
2648 5192 2989 5262 ἁσυγκρίτως
3023 5194 3286 5267 ὑπερέχει
3328 5199 3392 5251 τὸ
3428 5200 3587 5253 Θείον·

2026 5290 2082 5340 αἱ
2128 5288 2236 5359 γὰρ
2285 5287 2324 5339 Γ
2329 5288 2498 5359 ραφαὶ
2545 5288 2639 5340 καὶ
2676 5286 2881 5357 Κύριον
2909 5286 3018 5339 τῶν
3057 5288 3347 5361 δυνάμεων
3398 5293 3587 5363 λέγουσι

2025 5377 2116 5429 τὸν
2162 5378 2314 5442 Θεὸν,
2364 5379 2457 5430 καὶ
2498 5377 2578 5441 τὸ,
2625 5368 2859 5446 Κύριορ
2886 5378 3001 5432 τῶν
3050 5380 3388 5453 δυνάμεων,
3433 5387 3590 5452 αὐτός

2024 5470 2194 5523 ἐστιν
2219 5474 2251 5524 ὁ
2268 5469 2567 5537 βασιλεὺς
2595 5469 2703 5539 τῆς
2727 5469 2931 5540 δόξης,
2971 5473 3091 5540 καὶ,
3128 5477 3349 5545 Κύριος
3372 5478 3484 5534 τῶν
3503 5477 3589 5533 δυ-

1666 5604 1685 5643 τ
1726 5604 1915 5661 Matth.
1958 5622 2012 5673 Χ,
2047 5605 2138 5664 29.

415 5756 530 5824 (Η)
563 5754 695 5813 Vide
723 5757 943 5815 Scholia
967 5760 1024 5815 S.
1058 5759 1298 5817 Maximi.
1330 5770 1461 5817 tom.
1492 5761 1553 5830 ll,
1594 5778 1711 5836 cap.
1744 5763 1776 5820 8
1812 5763 1903 5833 De
1939 5764 2128 5822 divinis
2167 5765 2489 5823 nominibus.
