3768 6302
134 274 235 331 901

693 272 782 326 DE
820 271 1074 327 DIVINIS
1100 272 1496 337 NOMINIBL‘S,
1535 272 1691 327 CAP.
1734 270 1873 326 VIII.
1915 304 1984 312 —
2020 272 2367 327 PARAPIIR.
2411 271 2890 329 PACIIYMERIE.

3317 278 3422 335 902

128 397 372 464 νάμεων
423 392 550 461 μεθ’
604 389 793 459 ἡμῶν,
842 386 1224 456 ἀντιλήπτωρ
1282 387 1452 458 ήμῶν
1500 392 1532 443 ό
1585 388 1691 442 Θεό

1874 387 2010 439 tinus
2056 388 2307 439 virtutum
2338 386 2445 453 ipse
2468 396 2541 439 est
2577 384 2684 440 Rex
2712 387 2897 457 gloria:
2926 389 2996 453 l3;
3025 397 3078 443 et
3103 406 3117 442 :
3154 390 3411 447 Dominus

140 485 367 540 Ἰακώϐ.

207 598 329 670 ςιι.
368 596 495 660 Πῶς
542 592 636 650 οὖν
676 596 777 668 τὴν
834 594 1015 664 πάσης
1060 594 1404 666 ὲξῃρημένην
1440 594 1722 665 δυνάμεως

127 690 361 760 δύναμιν
393 689 765 758 ὀνομάσομεν;
807 688 1052 758 Λέγομεν
1074 728 1088 751 ,
1120 690 1201 740 ὅτι
1242 688 1467 758 δύναμις
1505 686 1720 755 λέγεται

125 785 154 835 ὀ
186 781 343 843 Θεὸς,
388 781 486 834 xui
526 778 603 842 ὡς
644 779 891 849 προέχων
926 780 1019 832 καὶ
1059 781 1329 852 περιέχων
1366 780 1583 833 ἃπασαν
1630 778 1721 831 δύ-

123 892 314 943 ναμιν,
349 875 445 926 xui
472 874 548 937 ὡς
578 872 748 935 αἴτιος
774 874 953 941 πάσης
980 874 1283 943 δυνάμεως,
1323 874 1415 925 xui
1433 872 1508 935 ὡς
1545 872 1719 943 παρά-

122 981 240 1031 γων
271 967 451 1017 πάντα
482 965 599 1017 ἐστὶ
641 962 781 1017 κατὰ
830 963 1057 1033 δύναμιν
1082 964 1296 1017 ἄκλιτον
1320 982 1332 992 ·
1370 965 1429 1017 οὐ
1466 963 1574 1035 γὰρ
1607 964 1719 1016 κλι-

120 1058 351 1127 νάμενος
392 1059 472 1120 εἰς
521 1056 749 1126 δύναμιν
788 1056 1129 1126 δημιουργεῖ,
1177 1055 1289 1109 ἀλλ’
1324 1056 1577 1126 ἀκίνητος
1625 1055 1719 1107 xui

120 1152 418 1221 ἄκαμπτος
443 1149 704 1220 ὑπάρχων
728 1150 820 1201 ἐπὶ
840 1150 939 1218 τῆς
974 1149 1108 1212 ἰδίας
1152 1148 1331 1219 ἰσχύος
1359 1149 1627 1219 παράγει·
1656 1147 1715 1199 οὐ

121 1244 233 1313 γάρ
260 1243 505 1295 κλίνεται
560 1242 634 1304 ὡς
687 1242 914 1312 δυναμοῖ
960 1242 1019 1296 ἐν
1057 1258 1184 1294 τινι.
1220 1242 1290 1293 Ἦ
1315 1240 1560 1293 ἄκλιτον
1589 1240 1714 1310 ἔφη,

118 1338 371 1390 τουτέστι
398 1337 497 1405 τῆς
526 1336 729 1399 οἰκείας
752 1336 1052 1408 ἀκρότητος
1082 1334 1153 1405 μὴ
1178 1333 1595 1397 ύποκατιοῦσαν,
1623 1335 1717 1387 καὶ

118 1429 196 1492 ὡς
222 1427 392 1481 αὐτοῦ
420 1427 515 1481 τοῦ
543 1424 681 1480 εἶναι
710 1427 937 1497 δύναμιν
968 1426 1139 1490 αἴτιός
1167 1428 1304 1489 ἐστι,
1334 1427 1427 1480 xui
1454 1427 1535 1478 ὅτι
1567 1428 1719 1479 ἀπει-

123 1521 449 1591 ροδύναμος,
486 1521 559 1591 μὴ
599 1520 756 1592 μόνον
777 1522 834 1571 ὲν
859 1518 936 1589 τῷ
964 1519 1228 1588 παράγειν
1261 1521 1440 1573 πᾶσαν
1466 1518 1712 1589 δύναμιν,

118 1612 257 1665 ἀλλά
286 1613 382 1665 xui
411 1612 491 1682 τῷ
522 1612 665 1681 ὑπὲρ
714 1612 893 1664 πᾶσαν
937 1604 1075 1662 εἶναι
1104 1612 1196 1663 xui
1238 1610 1405 1681 αὐτὴν
1433 1610 1530 1680 τὴν
1560 1609 1717 1660 αύτο-

1825 482 2077 537 virtutum.
2120 481 2409 543 nobiscum,
2453 492 2728 549 susceptor
2775 491 2954 536 noster
3000 482 3142 537 Deus
3177 484 3344 539 Iacob
3367 487 3417 540 δ.

1902 593 1928 663 §
1959 593 2023 647 II.
2067 594 2349 660 Quomodo
2379 594 2547 661 igitur
2576 596 2871 664 potentiam
2914 598 2981 650 ab
3027 599 3172 651 omni
3207 612 3407 668 poten-

1829 686 1901 737 tia
1958 696 2211 755 exempta
2274 687 2710 740 nominabimus?
2765 688 3028 757 Dicimus,
3082 683 3274 744 Deum
3310 693 3415 746 dici

1831 774 2085 828 virtutem
2138 793 2233 830 seu
2297 787 2645 844 potestatein,
2700 788 2955 848 tanquam
3006 782 3414 849 praehahenlem

1832 867 1998 938 480
2055 879 2107 921 et
2151 870 2520 924 continentem
2565 887 2779 925 onmem
2827 874 3147 940 potentiam,
3203 886 3264 938 et,
3300 885 3419 926 tnti-

1834 976 1997 1026 qnam
2071 974 2292 1012 causam
2369 962 2548 1015 omnis
2620 963 2913 1031 potentia},
2990 974 3042 1017 ct
3110 966 3413 1033 producen-

1828 1061 1936 1103 tcm
2001 1053 2185 1122 omnia
2244 1054 2544 1105 secundum
2614 1054 3045 1107 indeclinabilem
3118 1058 3408 1123 virtutem;

1825 1159 1929 1196 non
1985 1145 2131 1196 enim
2180 1145 2245 1197 ad
2288 1146 2544 1198 virtutem
2607 1146 2903 1201 inclinatus
2943 1157 3115 1213 creat,
3156 1148 3248 1202 scd
3304 1149 3410 1202 im—

1822 1235 2039 1289 mobilis
2087 1245 2139 1289 et
2182 1234 2491 1290 inﬂexibilis
2521 1238 2795 1292 exsistens
2833 1239 2885 1292 in
2941 1243 3155 1309 pi-Opria
3206 1245 3409 1298 virtute

1820 1327 2106 1395 producit;
2138 1344 2243 1381 non
2286 1329 2431 1381 enim
2484 1329 2782 1383 inclinatur
2826 1333 2980 1401 quasi
3010 1345 3203 1402 potens
3234 1337 3307 1390 sit
3352 1337 3406 1390 in

1821 1420 2024 1488 aliquo.
2060 1418 2155 1473 Vel
2191 1420 2407 1474 ἀκλιτον
2449 1422 2605 1488 dixit,
2650 1424 2701 1477 id
2743 1437 2827 1478 est
2866 1441 2893 1476 a
2922 1428 3147 1496 proprio
3188 1427 3406 1499 fastigio

1822 1514 2046 1567 minime
2077 1515 2525 1579 descendentem,
2552 1526 2605 1567 et
2638 1518 2789 1585 quasi
2827 1518 3113 1585 ipsiusmet
3145 1536 3265 1574 esse
3292 1522 3403 1574 vir-

1821 1604 1957 1659 tutis
1996 1620 2256 1671 causam;
2291 1607 2545 1675 quodque
2576 1609 2647 1662 sit
2700 1608 2924 1662 inﬁnita:
2970 1612 3250 1679 potentite,
3295 1628 3402 1665 non

115 1705 371 1775 δύναμιν,
420 1705 515 1756 τὸν
549 1704 1054 1776 παραδειγματικόν
1099 1720 1241 1774 φημι
1288 1703 1388 1772 τῆς
1432 1702 1694 1773 δυνάμεως

1874 1694 1993 1748 dum
2042 1696 2093 1749 in
2148 1697 2348 1750 virtute
2387 1699 2549 1751 omni“
2594 1701 2961 1767 producenda,
3006 1716 3194 1755 verum
3230 1704 3399 1757 etiam

112 1796 275 1865 λόγον
298 1814 313 1826 ·
347 1798 444 1850 καὶ
480 1799 538 1849 ὲν
584 1796 663 1867 τῷ
692 1796 1090 1870 ύπερδύνασθαι
1120 1796 1413 1866 ἀπειράκις
1453 1794 1711 1864 ἀπείρους

111 1890 376 1960 δυνάμεις
398 1891 671 1962 παράγειν
695 1908 708 1920 ο
736 1892 829 1943 καί
855 1907 983 1942 ποτε
1014 1888 1087 1960 μὴ
1103 1887 1555 1957 ἀπαμϐλυνθῆναι
1576 1887 1711 1958 πρὸς

108 1980 214 2051 τὴν
239 1980 351 2033 τῶν
381 1981 627 2051 ἀπείρων
650 1980 935 2051 δυνάμεων
965 1980 1204 2049 ποίησιν,
1234 1979 1328 2031 xui
1362 1978 1444 2030 ὅτι
1470 1978 1711 2045 ἄφθεγκ-

110 2090 204 2124 τον
230 2074 323 2125 xui
343 2073 699 2144 ἀνεπινόητον
727 2072 788 2126 τὸ
815 2072 1078 2144 ὑπερέχον
1102 2072 1199 2141 τῆς
1219 2069 1381 2123 αὐτοῦ
1401 2070 1703 2141 δυνάμεως.

114 2164 294 2233 ’Όπερ
335 2164 455 2226 πῶς
485 2163 553 2217 ἂν
586 2160 653 2235 ἦν
706 2164 1031 2232 ἄφθεγκτον,
1061 2161 1220 2233 εἴπερ
1252 2161 1326 2232 μὴ
1369 2158 1514 2233 εἶχεν
1555 2163 1707 2232 ἰσχὺν

109 2258 192 2318 είς
227 2255 290 2307 τὸ
319 2256 395 2326 μὴ
424 2254 805 2309 κατανοεῖσθαι
838 2254 988 2325 παρά
1009 2271 1173 2318 τινος,
1201 2251 1234 2323 ἢ
1264 2252 1352 2306 διὰ
1389 2254 1706 2325 περιουσίαν

106 2347 203 2400 τοῦ
251 2347 484 2401 δυνατοῦ
512 2348 605 2400 xui
628 2346 727 2418 τὴν
756 2346 1040 2399 ἀσθένειαν
1079 2346 1342 2416 δυναμοῖ;
1396 2344 1705 2398 Ἀσθένειαν

102 2434 165 2486 δὲ
200 2435 363 2487 καλεῖ
386 2434 457 2487 τά
483 2434 645 2487 ύλικά
668 2434 838 2487 ταῦτα
872 2435 966 2487 xui
993 2434 1245 2505 περίγεια
1271 2434 1519 2505 σώματα,
1549 2436 1705 2488 ἆτινα

106 2524 201 2576 καὶ
256 2524 468 2595 ἔσχατα.
516 2525 859 2595 ἀπηχήματά
897 2542 1030 2594 φησι
1066 2524 1155 2577 διὰ
1200 2524 1259 2577 τὸ
1297 2524 1557 2596 ἀμυδρῶς
1609 2525 1705 2577 xui

106 2613 252 2668 κατά
285 2614 385 2684 τὴν
426 2614 634 2668 οἰκείαν
679 2615 1093 2685 ἐπιτηδειότητα
1125 2616 1371 2687 μετέχειν
1400 2616 1501 2685 τῆς
1546 2615 1705 2668 δυνά-

106 2724 255 2775 μεως
288 2706 386 2761 τοῦ
426 2706 582 2771 Θεοῦ,
633 2708 708 2771 ὼς
747 2708 857 2778 ἔχει
896 2709 988 2760 ἐπὶ
1028 2708 1137 2760 τῶν
1197 2708 1462 2778 ἐμπίδων,
1506 2707 1699 2777 μυιῶν,

100 2798 197 2849 xui
221 2796 332 2849 τῶν
361 2797 536 2854 ἄλλων
574 2798 675 2849 ὅσα
700 2800 759 2850 ἐν
803 2801 917 2862 τοῖς
956 2798 1179 2861 οἰκείοις
1210 2798 1457 2870 κέντροις
1488 2798 1703 2869 ἰσχύου-

100 2905 207 2941 σιν.
231 2888 403 2941 ’Όθεν
438 2890 530 2941 xui
566 2888 645 2959 τῷ
683 2889 837 2959 Ἰωήλ
862 2906 1025 2960 φησιν
1053 2892 1080 2942 ὁ
1105 2890 1237 2953 Θεὸς
1260 2890 1387 2961 περὶ
1420 2890 1521 2961 τῆς
1546 2890 1701 2962 ἀκρί-

96 2981 207 3046 δος,
251 2984 350 3034 xui
384 2982 478 3034 τοῦ
507 2983 759 3054 βρούχου,
805 2985 899 3036 xui
931 2984 1029 3053 τῆς
1056 2984 1303 3054 κάμπης,
1360 2982 1427 3038 Ἠ
1446 2982 1700 3052 δύναμίς

1817 1789 1961 1855 quod
2002 1788 2072 1840 sit
2100 1803 2263 1857 supra
2296 1804 2513 1844 onmem
2541 1791 2705 1844 etiam
2749 1792 3036 1858 ipsammet
3082 1808 3177 1861 per
3203 1812 3263 1848 se
3293 1797 3405 1849 vir-

1819 1888 2015 1946 tutem,
2046 1881 2439 1949 exemplarem,
2481 1883 2723 1950 inquam,
2753 1883 2977 1937 virtutis
3024 1886 3321 1950 rationem;
3352 1898 3404 1941 ct

1814 1972 1959 2039 quod
1995 1982 2191 2039 potens
2214 1973 2283 2025 sit
2308 1974 2595 2042 plusquam
2620 1973 2879 2027 inIinities
2901 1975 3144 2029 inﬁnitas
3172 1979 3400 2032 virtutes

1814 2064 2136 2132 producere,
2178 2073 2233 2117 et
2268 2080 2545 2133 nunquam
2598 2065 2680 2118 vis
2733 2063 2851 2132 ejus
2886 2066 2936 2117 in
2981 2066 3212 2119 inﬁnitis
3232 2072 3398 2120 etiam

1814 2154 2114 2208 virtutibus
2145 2157 2397 2210 creandis
2423 2158 2595 2211 valeat
2624 2157 2888 2224 hebetari,
2909 2168 2962 2210 et
2990 2161 3133 2227 quod
3167 2160 3397 2225 inexpli-

1808 2246 2004 2299 cabilis
2037 2255 2091 2301 et
2121 2248 2555 2316 inescogitahilis
2600 2251 2671 2302 sit
2702 2250 2922 2304 virtutis
2959 2252 3079 2319 ejus
3121 2253 3397 2306 excelleu~

1810 2339 1905 2392 tia.
1946 2338 2017 2391 At
2048 2341 2320 2409 quomodo
2369 2341 2441 2395 sit
2487 2341 2910 2411 inexplicabilis,
2959 2344 3228 2411 siquidem
3288 2362 3392 2398 non

1808 2432 1994 2486 habuit
2030 2433 2291 2489 virtutem
2332 2442 2391 2487 ut
2417 2449 2523 2487 non
2557 2436 2941 2503 conciperetur
2966 2436 3032 2489 ah
3056 2437 3264 2508 aliquo,
3293 2439 3393 2492 nisi

1806 2537 1906 2592 per
1933 2524 2193 2593 potentiae
2231 2526 2626 2579 abundantiam
2653 2540 2706 2581 et
2734 2526 3132 2583 imbecillitatis
3166 2530 3393 2582 robora-

1809 2616 2047 2671 tio;iem?
2098 2615 2536 2671 Imbecillitatem
2599 2629 2785 2673 autem
2856 2632 3017 2675 vocat
3084 2622 3393 2675 materialia

1807 2708 1920 2761 haec
1940 2716 1995 2760 et
2036 2718 2252 2761 terrena
2284 2724 2537 2776 corpora,
2580 2726 2700 2779 qua:
2741 2714 2907 2764 etiam
2941 2725 3187 2767 extrema
3227 2713 3396 2767 vcsti-

1806 2805 1891 2873 gia
1923 2802 2076 2868 dicit,
2119 2805 2263 2872 quod
2297 2804 2522 2857 remisse
2568 2815 2622 2856 et
2664 2820 2762 2873 pro
2798 2817 2957 2874 Capttt
3007 2822 3106 2861 suo
3150 2807 3389 2861 divinam

1803 2894 2060 2950 virtutem
2096 2897 2458 2966 participem;
2512 2906 2570 2950 ut
2597 2913 2655 2951 se
2695 2913 2782 2951 res
2822 2899 2986 2953 habet
3026 2900 3079 2953 in
3117 2900 3391 2954 culicibus

1804 2993 1861 3040 et
1888 2987 2113 3053 muscis,
2154 2996 2207 3041 et
2236 2987 2526 3051 similibus,
2558 3004 2679 3056 qua:
2712 2990 2951 3044 Stimulis
2991 2991 3104 3045 suis
3158 2992 3387 3059 pollent.

89 3092 214 3143 μου
246 3077 286 3143 ἠ
310 3076 566 3145 μεγάλη.
596 3078 717 3128 Ὅτι
744 3076 799 3129 δὲ
838 3077 931 3129 xui
959 3077 1052 3129 ἐπὶ
1079 3077 1291 3141 τούτοις
1328 3080 1441 3141 τοῖς
1478 3077 1694 3131 ἀσθενέ-

1874 3079 1958 3134 ide
1984 3080 2144 3135 etiam
2178 3080 2319 3141 Deus
2362 3081 2413 3133 in
2440 3080 2591 3136 Joele
2646 3082 2711 3137 de
2754 3082 2962 3137 locusta
2997 3093 3051 3137 et
3090 3084 3300 3137 hrucho
3335 3096 3389 3137 et

98 3187 183 3221 σιν
212 3172 247 3240 ἡ
276 3170 510 3239 δύναμις
539 3168 632 3222 τοῦ
658 3169 791 3222 Θεοῦ
829 3170 1039 3239 φθάνει,
1083 3170 1159 3223 ἴδε
1188 3169 1259 3222 τά
1296 3170 1416 3224 κατ’
1446 3170 1695 3241 αἴσθησιν

93 3261 323 3324 δυνατά,
366 3262 426 3314 τό
453 3279 513 3314 τε
553 3262 749 3332 ὁρατὸν
784 3261 920 3330 φῶς,
950 3263 1043 3314 xui
1084 3264 1211 3325 τοὺς
1257 3264 1557 3326 ἀκουστοὺς
1595 3262 1695 3329 ψό-

94 3368 265 3420 φους·
307 3350 379 3403 τά
433 3353 542 3423 γὰρ
577 3353 806 3423 λαμπρά
840 3353 949 3405 τῶν
996 3351 1190 3423 φώτων
1250 3354 1410 3425 μέχρι
1450 3355 1545 3409 xui
1585 3356 1707 3411 τῶν.

92 3442 347 3495 ἀσθενῶν
409 3443 703 3514 ὀφθαλμῶν
743 3444 957 3513 φθάνει,
1018 3445 1110 3496 καὶ
1149 3446 1196 3497 οἱ
1254 3446 1480 3515 μεγάλοι
1530 3447 1693 3518 ψόφοι

94 3533 263 3603 μέχρι
304 3535 530 3587 καὶτῶν
555 3536 798 3590 ἀσθενῶν
829 3537 1008 3590 ἀκοῶν
1044 3537 1365 3590 είσδύονται.
1404 3536 1540 3591 Οὔτε
1582 3538 1692 3611 γὰρ

86 3627 155 3678 τὸ
184 3628 303 3695 φῶς
356 3630 415 3681 ὲν
456 3629 534 3700 τῷ
580 3630 711 3702 λίθῳ
744 3632 959 3701 λέγεται
1015 3631 1255 3701 φθάνειν,
1296 3631 1420 3685 οὔτε
1457 3636 1485 3686 ὸ
1522 3633 1692 3703 ψόφος

88 3722 444 3776 εἰσδύεσθαι·
480 3724 593 3778 ἀλλ’
624 3726 683 3777 ὲν
711 3728 823 3789 τοῖς
863 3726 1160 3795 πεφυκόσιν
1203 3727 1335 3797 όρᾷν
1380 3726 1413 3797 ἦ
1449 3727 1687 3793 ἀκούειν,

89 3813 199 3866 κᾶν
242 3813 484 3878 ἀσθενῶς
523 3814 709 3884 ἔχωσι.

162 4103 191 4175 §
220 4105 315 4156 III.
360 4102 517 4157 Κατά
551 4100 739 4156 τοῦτον
782 4104 875 4157 τὸν
925 4104 1082 4174 λόγον
1116 4106 1195 4169 είς
1231 4104 1411 4159 πάντα
1454 4102 1522 4157 τά
1558 4104 1686 4158 ὄντα

84 4197 335 4268 χωρήσει
372 4198 405 4266 ἡ
444 4195 671 4267 δύναμις
697 4197 791 4250 τοῦ
831 4197 990 4262 Θεοῦ,
1020 4199 1102 4251 ὅτι
1131 4200 1308 4251 πάντα
1347 4196 1569 4252 δεκτικά
1597 4197 1687 4249 δυ-

84 4287 313 4359 νάμεώς
334 4290 491 4353 εἰσιν,
522 4287 555 4358 ἢ
595 4292 787 4361 νοερᾶς
819 4291 911 4343 xui
936 4290 1251 4362 ἀγγελικῆς,
1280 4290 1313 4361 ἢ
1341 4289 1563 4359 λογικῆς
1590 4290 1685 4343 xui

82 4380 463 4451 ἀνθρωπίνης,
504 4379 537 4451 ἢ
577 4381 898 4453 αἰσθητικῆς
935 4382 1042 4436 τῶν
1086 4383 1318 4451 ἀλόγων,
1360 4383 1393 4454 ἢ
1444 4382 1682 4452 ζωτικῆς

1799 3187 1964 3227 eruca
1989 3173 2147 3237 dicit,
2168 3171 2455 3226 Fortitudo
2477 3190 2591 3227 mea
2613 3191 2805 3244 magna
2833 3176 2876 3228 ί.
2900 3176 3049 3241 Quod
3074 3191 3202 3230 vero
3218 3179 3384 3229 etiam

1800 3266 1866 3319 ad
1922 3266 2037 3319 haec
2069 3265 2283 3318 infirma
2326 3281 2499 3335 usque
2548 3268 2638 3320 Dei
2684 3268 2861 3320 virtus
2915 3267 3217 3337 pertingat,
3265 3268 3386 3320 vide

1800 3374 1920 3429 qua:
1969 3361 2274 3413 secundum
2337 3373 2556 3412 sensum
2601 3360 2841 3426 potentia
2902 3369 3052 3423 sunt,
3092 3370 3148 3412 ut
3202 3363 3382 3415 lumen

1797 3451 2136 3521 aspectabile
2166 3460 2220 3505 et
2250 3451 2497 3520 ingentes
2547 3453 2808 3520 strepitus
2841 3468 2855 3505 :
2905 3452 3172 3521 siquidem
3204 3453 3384 3521 Splen-

1795 3544 2077 3599 didissima
2128 3544 2331 3597 lumina
2371 3558 2548 3612 usque
2577 3545 2644 3596 ad
2673 3544 2923 3598 inﬁrmos
2946 3559 3162 3613 quoque
3193 3546 3382 3597 oculos

1792 3630 2138 3707 pertingant,
2168 3644 2226 3688 et
2264 3635 2516 3704 ingentes
2554 3634 2803 3704 fragores
2838 3637 3137 3691 imbecilles
3167 3653 3382 3705 quoque

1792 3729 2047 3782 audiendi
2092 3726 2387 3782 facultates
2436 3736 2751 3797 penetrant.
2810 3727 2927 3781 Non
2976 3730 3122 3781 enim
3176 3729 3264 3781 lux
3314 3729 3379 3780 ad

1791 3818 2027 3887 lapidem
2068 3817 2379 3887 pertingere
2429 3818 2652 3883 dicitur,
2692 3832 2867 3885 neque
2916 3818 3071 3872 illum
3115 3820 3383 3888 strepitus

1790 3909 1964 3976 subit,
2004 3908 2099 3961 sed
2129 3907 2217 3961 illa
2255 3922 2375 3978 qua:
2399 3908 2550 3964 visus
2580 3908 2904 3977 auditusque
2954 3909 3179 3977 capacia
3231 3919 3361 3963 sunt

1788 3999 1917 4056 licet
1954 4000 2247 4056 imbecilla.

1863 4115 1891 4188 ς
1932 4114 2019 4170 111.
2067 4114 2377 4173 Secundum
2433 4117 2577 4173 hanc
2616 4117 2885 4171 rationem
2928 4116 2994 4171 ad
3047 4124 3137 4173 res
3179 4133 3376 4173 omnes

1786 4210 1882 4265 Dei
1908 4211 2083 4265 virtus
2115 4220 2281 4274 meat,
2313 4211 2572 4280 quoniam
2619 4209 2804 4264 omnia
2838 4210 3061 4265 virtutis
3098 4218 3224 4264 sunt
3280 4226 3375 4264 ca-

1784 4302 1965 4373 pacia,
1995 4302 2117 4359 sive
2160 4302 2428 4374 spiritalis
2458 4313 2514 4358 et
2535 4304 2814 4375 angelicae,
2844 4303 2958 4357 sive
2996 4302 3282 4357 rationalis
3318 4312 3375 4355 et

1786 4395 2062 4463 humatur,
2125 4394 2245 4451 sive
2304 4394 2520 4451 seusiIis
2586 4397 2901 4460 brutorum,
2964 4394 3082 4449 sive
3139 4395 3373 4449 viventis

80 4472 196 4524 τῶν
237 4470 446 4540 φυτῶν,
489 4471 522 4541 ἢ
560 4471 851 4536 ούσιὼδους
886 4473 1079 4544 ἐτέρας
1124 4473 1233 4527 τῶν
1279 4474 1451 4529 ἄλλων
1503 4474 1679 4527 ἁπάν-

1877 4499 2119 4552 ntarum,
2175 4488 2291 4543 sive
2334 4488 2558 4543 alterius
2603 4488 2979 4544 substantialis
3044 4501 3369 4544 eaaterarum

76 4582 215 4627 των,
258 4564 397 4617 καθὸ
431 4564 521 4618 τὸν
564 4565 659 4635 μὲν
710 4566 995 4636 ἀδάμαντα
1035 4565 1265 4637 δύναμιν
1314 4566 1457 4638 ἔχειν
1498 4565 1680 4636 φαμὲν

77 4656 176 4709 τοῦ
218 4655 296 4727 μὴ
332 4655 647 4726 τέμνεσθαι,
679 4658 772 4710 τὸν
809 4658 855 4710 δ’
878 4658 1018 4729 ἀέρα
1048 4658 1349 4729 ἀδυναμίαν
1395 4659 1489 4711 τοῦ
1514 4658 1679 4712 αὐτοῦ

74 4749 300 4801 τούτου.
339 4749 447 4800 Καὶ
478 4750 609 4802 αὐτὸ
651 4750 707 4803 δὲ
742 4750 862 4803 καθ’
888 4750 1020 4803 αὐτὸ
1040 4751 1099 4803 τὸ
1121 4750 1351 4822 δύναμιν
1390 4747 1528 4803 εἶναι
1578 4751 1678 4804 xui

76 4842 244 4896 τοῦτο
286 4840 435 4913 παρά
466 4841 569 4913 τῆς
604 4842 753 4907 θείας
793 4844 911 4897 ἐστὶ
948 4844 1249 4915 δυνάμεως.

153 5056 302 5128 §IV.
358 5055 452 5108 Ἐκ
498 5056 597 5126 τῆς
635 5054 891 5126 τοιαύτης
931 5054 1365 5127 ἀπειροδυνάμου
1392 5055 1674 5127 δυνάμεως

75 5155 132 5205 αἱ
163 5148 459 5217 ἀγγελικαὶ
496 5147 756 5217 δυνάμεις
796 5150 923 5212 εἰσὶ,
955 5150 1047 5201 xui
1079 5148 1140 5201 τὸ
1165 5144 1305 5202 εἶναι
1343 5149 1675 5219 ἀμετακινή-

72 5263 190 5309 τως
252 5244 458 5314 ἔχουσι,
507 5244 603 5296 xui
662 5242 830 5295 τᾶλλα
870 5243 1081 5295 πάντα·
1123 5242 1261 5315 αὐτὴ
1306 5241 1415 5311 γάρ
1451 5242 1597 5293 ἐστιν
1637 5242 1672 5312 ἡ

73 5342 301 5407 ὲιριεῖσα
329 5337 511 5399 αὐτοῖς
549 5335 608 5387 τὸ
647 5335 923 5401 δύνασθαι,
965 5336 1060 5388 xui
1085 5330 1244 5399 εἶναι,
1292 5334 1386 5386 καὶ
1422 5332 1672 5402 ἐφίεσθαι

75 5430 261 5483 εἰσαεὶ
299 5426 395 5479 τοῦ
453 5423 627 5479 εῖναιο
676 5426 813 5497 αύτή
864 5426 1011 5479 ἐστιν
1068 5428 1101 5497 ἡ
1146 5424 1520 5496 ὲνδυναμοῦσα
1576 5425 1672 5479 xui

73 5522 215 5577 αὐτὸ
256 5520 379 5574 καθ’
405 5520 539 5573 αύτο
575 5518 635 5573 τὸ
670 5518 951 5584 δύνασθαι,
981 5521 1061 5583 είς
1089 5520 1150 5573 τὸ
1186 5519 1433 5589 ἐφίεσθαι
1461 5516 1553 5572 τοῦ
1579 5517 1671 5571 ἀεὶ

71 5613 366 5670 δύνασθαι.

153 5788 180 5826 ⁸
214 5784 360 5837 [δειιι.
400 5798 553 5846 xxiii,
594 5782 674 5838 l0.
776 5780 801 5819 ¹ι
839 5781 979 5837 Psal.
1020 5797 1117 5836 XLV“
1154 5782 1207 5838 8.

1314 5794 1326 5821 ι
1378 5781 1517 5857 Jocl,
1556 5798 1615 5850 ιι,
1651 5785 1741 5841 25.

1785 4596 1966 4635 rerum
2018 4579 2298 4645 omnium;
2340 4580 2495 4649 juxta
2549 4580 2695 4652 quod
2757 4580 2976 4649 quidem
3025 4581 3367 4633 adamantem

1785 4672 2015 4728 dicimus
2063 4673 2267 4727 habere
2321 4674 2460 4727 hanc
2493 4675 2773 4739 virtutem,
2801 4682 2856 4724 ut
2893 4672 3066 4726 secari
3107 4652 3365 4739 nequeat,

1785 4780 1969 4821 aerem
2002 4781 2135 4821 vero
2163 4766 2323 4835 hujus
2360 4768 2531 4838 ipsius
2573 4766 2976 4834 impotentiam.
3013 4764 3152 4831 Quin
3204 4772 3259 4816 et
3314 4766 3364 4818 id

1784 4861 1961 4930 ipsum
1994 4860 2294 4915 secundum
2329 4874 2388 4914 se
2420 4862 2681 4913 virtutem
2708 4874 2854 4923 esse,
2897 4857 3064 4911 etiam
3106 4873 3135 4911 a
3166 4859 3366 4911 virtute

1783 4949 1965 5003 divina
1991 4950 2224 5004 exsistit.

1857 5066 1886 5138 ς
1926 5067 2012 5121 IV.
2058 5065 2137 5121 Ex
2180 5065 2277 5120 tali
2336 5064 2533 5119 inliniti
2581 5073 2802 5135 potente
2855 5066 3057 5122 virtute
3099 5067 3364 5137 angelica;

1780 5160 2011 5214 virtutes
2029 5160 2324 5224 exsistunt,
2347 5167 2400 5212 et
2416 5166 2619 5210 statum
2646 5158 3040 5213 immutabilem
3055 5170 3364 5229 eieteraque

1779 5256 1961 5307 omnia
1982 5253 2180 5309 habent
2203 5270 2216 5319 ;
2240 5254 2355 5307 [nec
2379 5250 2522 5305 enim
2549 5250 2615 5304 iis
2638 5252 2829 5305 tribuit
2853 5263 2901 5306 et
2929 5266 3106 5320 posse,
3135 5262 3187 5305 et
3212 5268 3357 5317 esse,

1776 5354 1831 5401 et
1849 5356 2108 5415 appetere
2129 5359 2349 5416 semper
2370 5357 2491 5398 esse
2509 5342 2658 5409 ,ηερε
2682 5340 2843 5412 48],
2873 5353 2956 5396 est
2979 5356 3100 5403 qua:
3129 5342 3194 5395 iis
3218 5344 3359 5397 vires

1774 5442 2125 5511 suppeditat,
2158 5451 2217 5498 ut
2260 5442 2493 5513 idipsum
2548 5454 2704 5510 posse
2759 5438 3074 5494 desiderare
3141 5452 3359 5504 Semper

1772 5532 2006 5603 possint.
