3768 6294
421 277 530 334 905

1631 285 1688 342 S.
1728 285 2029 342 DIONYSll
2060 287 2524 347 AREOPAGiT/E

3619 299 3712 354 90‘

497 397 525 470 §
554 397 620 454 Ἴ.
652 396 1213 462 Porroiudeiicientis
1255 399 1417 456 istius
1454 403 1749 472 potestatis
1781 419 1975 458 numer

2190 403 2217 476 ᾗ
2258 405 2324 460 ν.
2385 408 2608 479 Πρόεισι
2658 407 2715 464 δὲ
2765 409 2827 463 τὸ
2892 410 3245 468 ἀνέκλειπτον
3298 414 3404 486 τῆς
3456 418 3710 488 τοιαύτης

387 502 393 510 ’
430 488 486 544 in
522 489 769 544 homines
793 505 1012 560 quoque
1042 492 1346 558 dimanant,
1381 494 1510 548 etin
1540 495 1819 562 animalia,
1846 509 1902 552 et
1950 498 2004 554 in

425 579 662 649 plautas,
712 588 992 651 totamque
1048 595 1298 638 naturam
1354 585 1622 642 universi.
1672 587 2004 646 Corroborat

419 674 565 727 enim
607 671 695 726 illa
723 689 842 742 qua:
873 675 1024 730 unita
1056 686 1210 741 sunt,
1259 688 1444 747 partes
1475 695 1527 735 v.
1573 696 1628 752 ε.
1681 681 1848 738 totius
1875 697 2003 738 cor-

417 765 591 836 poris.
622 765 705 820 vel
729 768 898 822 etiam
924 768 1217 835 elementa,
1253 787 1375 841 qum
1426 774 1649 842 quidem
1698 780 2000 832 secundum

415 858 601 928 aliqua
635 859 738 913 sibi
789 871 983 916 mutuo
1017 867 1452 935 communicant,
1487 871 1788 924 secundum
1820 871 2000 940 aliqua

418 965 550 1004 vero
589 951 1103 1024 discrepantqnoad
1149 958 1312 1014 talem
1373 964 1836 1018 communionem.
1863 963 2000 1018 Cor-

413 1042 640 1096 roborat
677 1044 846 1098 etiam
897 1061 1019 1116 quae
1062 1049 1323 1106 distincta
1378 1062 1528 1119 sunt,
1581 1065 1643 1109 ut
1697 1059 1996 1114 secundum

409 1146 568 1186 suam
608 1137 868 1205 quodque
924 1139 1193 1194 rationem
1259 1143 1654 1212 imperrnistutn
1711 1151 1994 1209 consistat.

407 1221 544 1276 Cum
581 1236 762 1282 autem
805 1230 1086 1298 quodlibet
1121 1234 1318 1290 habeat
1345 1238 1593 1292 ordinent
1623 1249 1678 1294 et
1721 1244 1994 1312 propriam

408 1314 792 1384 directionem,
818 1322 930 1376 haec
961 1325 1126 1379 etiam
1155 1329 1400 1393 roborat,
1431 1331 1562 1385 utin
1591 1335 1814 1403 proprio
1843 1350 1992 1404 qum-

409 1421 517 1474 que
553 1410 748 1466 ordiue
799 1429 1211 1474 conserventur.
1268 1421 1604 1478 Corroborat
1649 1431 1814 1481 etiam
1856 1430 1994 1484 vitas

408 1501 749 1560 immortales
779 1509 1150 1577 angelicarnm
1190 1513 1483 1581 unitatum,
1517 1519 1729 1574 scilicet
1779 1521 1990 1590 simpli-

405 1595 552 1648 cium
607 1609 968 1667 naturarum,
1045 1615 1103 1658 ttt
1173 1607 1512 1666 inviolabiles
1577 1625 1990 1670 conserventur.

407 1685 713 1743 Conservat
743 1693 910 1746 etiam
947 1695 1168 1751 ordines
1189 1697 1442 1753 cmlestes
1471 1701 1858 1759 immutabilcs.
1892 1703 1993 1759 Vc-

2105 497 2388 570 δυνάμεως
2422 501 2520 554 καὶ
2555 503 2636 564 είς
2675 501 3016 574 ἀνθρώπους,
3057 506 3151 560 καὶ
3204 505 3344 570 ζῶα,
3406 509 3510 561 καὶ
3547 511 3706 579 φυτὰ.

2106 591 2199 644 καὶ
2237 589 2339 662 τὴν
2379 591 2490 646 τῶν
2544 592 2683 646 ὅλων
2742 594 2923 664 φύσιν.
2977 599 3216 669 Δυναμοῖ
3269 600 3459 654 τοίνυν
3515 603 3619 656 καὶ
3653 605 3707 656 τὲ

2102 676 2382 753 ἡνωμένα,
2421 682 2491 736 τὰ
2531 683 2672 756 μέρη
2711 686 2871 756 τυχὸν
2907 687 3002 740 τοῦ
3022 688 3144 742 ὅλου
3171 689 3429 762 σώματος
3457 693 3492 764 ἢ
3517 696 3619 748 καὶ
3651 698 3708 748 τὰ

2105 774 2365 842 στοιχεῖα,
2385 772 2422 826 ἃ.
2457 774 2600 828 κατά
2616 792 2740 830 τινα
2762 776 2862 848 μὲν
2896 777 3147 850 ἀλλήλοις
3180 783 3532 847 κοινωνοῦσι,
3573 788 3706 840 κατά

2099 878 2222 916 τινα
2257 863 2314 918 δὲ
2357 864 2673 938 διαφέρουσι
2729 869 2871 940 πρὸς
2923 870 3023 942 τὴν
3073 873 3334 944 τοιαύτην
3392 880 3702 934 κοινωνίαν.

2099 957 2340 1028 Δυναμοί
2367 960 2461 1011 καὶ
2497 959 2567 1012 τὰ
2603 961 3002 1035 διακεκριμένα
3040 967 3122 1029 εἰς
3157 967 3221 1020 τὸ
3258 964 3403 1022 εἶναι
3425 971 3577 1024 κατά
3623 975 3702 1026 τὸν

2099 1051 2298 1103 οἰκεῖον
2337 1050 2496 1120 λόγον
2551 1053 2780 1109 ἕκαστον
2835 1057 3211 1128 ἀσύμφυρτον.
3267 1062 3426 1116 Ἐπεὶ
3466 1064 3528 1117 δὲ
3583 1067 3698 1119 ἕκα-

2101 1157 2224 1195 στον
2263 1142 2374 1214 ἔχει
2429 1145 2585 1212 τάξιν
2642 1149 2742 1201 καὶ
2797 1149 3048 1204 εὐθεσίαν
3106 1153 3264 1217 ἰδίαν,
3320 1156 3560 1227 δυναμοί
3614 1163 3700 1212 καί

2095 1233 2267 1288 ταῦτα
2305 1239 2385 1301 εἰς
2420 1237 2482 1290 τὸ
2516 1238 2877 1304 διασώζεσθαι
2938 1245 3019 1307 εἰς
3055 1243 3154 1316 τὴν
3208 1247 3423 1301 οἰκείαν
3474 1248 3697 1303 ἕκαστον

2095 1331 2270 1398 τάξιν.
2311 1335 2552 1404 Δυναμοῖ
2593 1335 2688 1389 καὶ
2745 1336 2844 1401 τὰς
2902 1338 3206 1402 ἀθανάτους
3244 1340 3396 1405 ζωὰς
3455 1343 3568 1396 τῶν
3605 1345 3697 1413 ἀγ-

2096 1423 2332 1492 γελικῶν
2372 1425 2596 1490 ὲνάδων,
2662 1427 2905 1499 δηλονότι
2955 1430 3065 1483 τῶν
3120 1431 3404 1486 ἀπλοῖκῶν
3460 1435 3693 1503 φύσεων,

2096 1519 2176 1580 εἰς
2221 1518 2283 1570 τὸ
2323 1518 2690 1588 φυλάττεσθαι
2735 1521 3160 1595 ἀδιαλωϐήτους.
3196 1525 3466 1580 Φυλάττει
3488 1529 3585 1582 καί
3604 1529 3695 1591 τὰς

2094 1609 2351 1680 οὐρανίας
2404 1612 2608 1679 τάξεις,
2667 1613 3076 1680 ἀναλλοιώτους.
3119 1617 3266 1690 Πλὴν
3326 1620 3404 1691 μὴ
3462 1622 3604 1676 κατά
3639 1622 3694 1674 τὸ

2095 1703 2284 1767 ἀίδίως
2324 1698 2466 1757 εἶναι
2503 1707 2706 1779 νοήσῃς
2743 1708 2801 1760 τὸ
2839 1708 3218 1776 ἀναλλοίωτον,
3261 1711 3400 1765 ἀλλά
3440 1714 3585 1767 κατά
3602 1715 3693 1785 τὴν

408 1792 531 1832 rum
596 1780 710 1835 noli
759 1783 1066 1856 intelligere
1143 1789 1639 1847 immutabilitatern
1694 1796 1971 1850 sccuudun

2153 1797 2510 1868 ταραλλαξίαν
2546 1797 2647 1868 τῆς
2684 1799 2779 1853 τοῦ
2817 1801 3017 1866 παντὸς
3060 1803 3290 1870 τάξεως.
3334 1806 3494 1859 Ποιεῖ
3528 1807 3584 1859 δὲ
3606 1780 3691 1860 καὶ

409 1889 534 1929 esse
563 1877 980 1946 sempiternum,
1010 1883 1105 1937 sed
1155 1888 1456 1940 secundum
1491 1887 1989 1947 immutabilitatem

408 1970 620 2023 ordinis
655 1974 922 2026 universi.
957 1974 1100 2042 Quin
1139 1986 1194 2031 et
1241 1982 1457 2045 srecula,
1491 1991 1548 2033 ut
1598 1996 1718 2036 esse
1756 1986 1986 2053 possint,

405 2061 691 2133 indulget;
729 2077 908 2135 potest
937 2071 1084 2123 enim
1145 2071 1310 2126 rebus
1347 2075 1694 2142 sempiternis
1721 2086 1990 2148 tempora-

403 2151 509 2206 lem
546 2156 698 2223 quasi
753 2169 957 2213 motum
995 2164 1286 2230 quemdam
1337 2167 1682 2237 Spatiumque
1733 2178 1990 2224 coext-en-

401 2243 554 2299 dere.
586 2246 923 2304 Cor-roborat
952 2267 1080 2307 vero
1117 2255 1282 2310 etiam
1319 2266 1701 2326 temporaneos
1731 2276 1987 2330 progres-

400 2353 516 2406 sus,
557 2351 832 2396 astrorum
888 2345 1102 2401 scilicet
1150 2349 1438 2418 motiones,
1492 2367 1614 2420 qua:
1669 2352 1720 2407 in
1755 2357 1985 2423 quodam

401 2435 666 2499 temporis
694 2450 922 2490 numero
954 2453 1051 2505 per
1083 2441 1369 2496 duodecim
1403 2445 1669 2499 dictarnm
1699 2447 1986 2504 domorum

399 2522 574 2588 spatia
605 2525 812 2578 sensim
846 2542 1154 2584 moventur.
1205 2533 1725 2592 Corroboratetiam
1773 2541 1987 2594 revolu-

399 2613 598 2676 tioncs,
641 2631 760 2684 qua:
794 2617 861 2671 ab
893 2619 1076 2689 aliquo
1104 2633 1304 2690 puncto
1342 2627 1408 2679 ad
1440 2628 1581 2680 idem
1611 2640 1870 2698 punctum
1902 2646 1986 2686 re-

399 2719 644 2765 currunt.
665 2711 1000 2771 Corroborat
1026 2727 1264 2786 quatuor
1294 2720 1584 2789 elementa,
1613 2725 1678 2778 ad
1708 2726 1983 2793 proprium

395 2801 649 2871 quodque
666 2807 912 2860 ordinem
941 2819 1072 2862 natu
1084 2825 1154 2864 ra:
1181 2813 1568 2881 constringens
1591 2830 1655 2869 ac
1672 2817 1982 2874 continens.

395 2890 729 2950 Corroborat
786 2898 1034 2953 viviﬁcos
1087 2911 1245 2956 terra:
1304 2914 1514 2972 partus,
1540 2908 1858 2962 corroborat
1891 2927 1984 2964 ue-

396 2997 524 3037 xum
558 2987 755 3042 anima:
781 3005 906 3044 cum
942 3007 1191 3061 corpore,
1237 2996 1472 3050 suscitat
1509 2997 1741 3054 virtutes
1773 3004 1983 3056 anima-

397 3074 474 3130 les
519 3078 587 3131 ad
646 3079 890 3148 plantam
947 3099 1325 3152 saepenumero
1377 3088 1745 3144 fovendamet
1778 3109 1982 3163 augen—

2093 1887 2186 1939 τὸν
2226 1888 2398 1942 αἰῶνα
2445 1889 2735 1945 δύνασθαι’
2788 1893 3010 1948 δύναται
3054 1895 3246 1967 γὰρτὸ
3286 1902 3690 1970 συμπαρεκτεί-

2093 1979 2278 2034 νεσθαι
2308 1985 2421 2046 τοῖς
2457 1984 2647 2049 ἀϊδίοις
2691 1980 2800 2039 οἷόν
2834 2002 2888 2039 τι
2924 1989 3172 2059 χρονικὸν
3205 1990 3419 2061 κίνημα
3458 1993 3554 2045 καὶ
3580 1993 3687 2047 διά-

2096 2087 2299 2142 στημα.
2339 2076 2581 2146 Δυναμοῖ
2617 2077 2672 2130 δὲ
2709 2079 2805 2132 καὶ
2839 2079 2938 2144 τὰς
2979 2082 3240 2151 χῳνικάς
3277 2084 3564 2151 προόδους,
3595 2085 3686 2148 τὰς

2090 2165 2199 2218 τῶν
2229 2167 2474 2237 ἀστέρων
2538 2169 2737 2242 δηλαδὴ
2792 2174 3059 2244 κινήσεις,
3116 2175 3211 2229 ὲπί
3273 2194 3405 2230 τινα
3463 2178 3682 2249 ἀριθμὸν

2092 2257 2285 2328 χρόνου
2336 2258 2667 2330 διερπούσας
2722 2261 2790 2314 τά
2852 2264 2917 2316 ιϐ’
2972 2264 3083 2317 τῶν
3152 2264 3472 2337 λεγομένων
3529 2269 3684 2322 οἴκων

2090 2349 2456 2422 διαστήματα,
2496 2356 2738 2424 Δυναμοῖ
2775 2355 2868 2408 καί
2913 2354 3014 2420 τὰς
3063 2357 3679 2424 ἀποκαταστάσεις,τὰς

2050 2508 2054 2514 _
2090 2441 2198 2496 ἀπὸ
2237 2444 2464 2515 σημείου
2500 2444 2648 2509 τινὸς
2687 2447 2780 2500 ὲπὶ
2817 2447 2878 2500 τὸ
2914 2444 3046 2501 αὐτὸ
3094 2455 3323 2521 σημεῖον
3392 2453 3680 2524 ὲπαναδρο-

2093 2535 2218 2605 μάς.
2266 2538 2506 2608 Δυναμοῖ
2555 2539 2624 2592 τά
2652 2540 2892 2611 τέσσαρα
2932 2545 3194 2612 στοιχεῖα,
3235 2537 3317 2608 είς
3346 2545 3451 2616 τὴν
3483 2545 3677 2598 οἰκείαν

2087 2625 2318 2679 ἕκαστον
2355 2627 2506 2692 τάξιν
2524 2629 2623 2699 τῆς
2666 2628 2882 2698 φύσεως
2921 2631 3238 2700 συσφίγγων
3278 2633 3376 2684 καὶ
3426 2633 3673 2702 συνέχων.

2087 2717 2325 2787 Δυναμοῖ
2379 2717 2480 2781 τὰς
2534 2717 2833 2787 ζωογόνους
2869 2720 3066 2784 ὠδῖνας
3103 2722 3202 2792 τῆς
3258 2721 3388 2791 γῆς.
3451 2724 3676 2793 Δυναμοῖ

2085 2810 2188 2880 τὴν
2230 2809 2475 2864 σύνδεσιν
2526 2812 2627 2882 τῆς
2663 2811 2841 2884 ψυχῆς
2897 2814 3032 2885 μετὰ
3089 2814 3369 2886 σώματος,
3444 2816 3675 2871 ἀνακινεῖ

2085 2901 2185 2964 τὰς
2221 2901 2461 2972 ψυχικὰς
2497 2903 2757 2975 δυνάμεις
2783 2907 2886 2969 -εἰς
2924 2905 2984 2958 τὸ
3022 2905 3287 2970 πολλάκις
3326 2909 3555 2980 τρέφειν
3593 2910 3672 2962 καὶ

2086 2991 2272 3056 αύξειν
2309 2993 2370 3046 τὸ
2405 2994 2593 3063 φυτὸν,
2635 2995 2729 3048 καὶ
2772 2997 2852 3058 είς
2898 2997 3030 3050 αὐτὸ
3076 2997 3238 3051 τοῦτο
3275 3000 3672 3053 ὲπανακυκλοῦν

2089 3086 2234 3150 σθαι,
2265 3086 2552 3158 διακρατεῖ
2589 3087 2691 3153 τὰς
2738 3089 3018 3153 οὐσιώδεις
3053 3089 3338 3161 δυνάμεις,
3385 3093 3668 3146 καὶτὸπςῑν

395 3167 544 3231 dam,
577 3179 631 3225 et
664 3175 717 3224 in
753 3173 806 3227 id
839 3173 1017 3243 ipsum
1079 3179 1408 3233 revolvcudo
1456 3184 1775 3238 essentiales
1831 3187 1977 3241 vires

2153 3175 2464 3245 ’φαλίζεται,
2513 3179 2607 3232 καὶ
2650 3179 2820 3250 αὐτὴν
2866 3179 2966 3250 τὴν
3007 3181 3118 3232 τῶν
3163 3180 3397 3235 δικαίων
3433 3183 3664 3255 δωρεῖται

393 3258 723 3326 conﬁrmat,
777 3274 833 3318 et
889 3266 1182 3335 ipsammet
1247 3268 1521 3336 justorum
1583 3276 1980 3333 tleilicationem

395 3350 681 3421 clargitur,
713 3357 969 3412 virtutem
1026 3360 1161 3428 ipsis
1189 3363 1255 3415 ad
1315 3362 1418 3417 hoc
1447 3366 1712 3433 praebens.
1744 3368 1810 3421 Et
1864 3371 1984 3423 uui-

393 3442 634 3504 versim,
712 3444 842 3498 nihil
888 3457 974 3500 est
1038 3448 1091 3500 iu
1148 3463 1328 3504 rerum
1412 3465 1629 3520 natura,
1682 3458 1824 3525 quod
1876 3475 1980 3513 non

393 3533 786 3602 omnipotentis
857 3539 1163 3609 divinmque
1233 3543 1450 3599 virtutis
1503 3549 1776 3619 particeps
1828 3553 1978 3606 exsi-

393 3633 523 3678 stat.

464 3715 605 3787 §Vl.
632 3718 745 3773 Etsi
776 3723 1117 3779 contradicat
1177 3725 1230 3781 in
1275 3727 1430 3784 Actis
1473 3729 1693 3802 Elymas
1746 3750 1977 3807 magus,

391 3805 622 3864 dicens:
689 3811 746 3866 Si
781 3815 1131 3883 omnipotens
1162 3817 1329 3885 Deus,
1381 3827 1653 3891 quoruodo
1703 3842 1734 3880 a
1798 3841 1980 3886 vestro

393 3901 676 3970 theologo,
728 3903 899 3960 Paulo
964 3909 1260 3976 videlicet,
1354 3915 1556 3970 dicitur
1613 3919 1823 3989 aliquid
1871 3940 1976 3979 non

391 4008 550 4062 posse
600 3995 669 4048 η
718 3994 1020 4053 Cavillatnr
1069 4011 1252 4057 autem
1308 4005 1484 4074 ipsqu
1526 4010 1816 4078 dicentem,
1871 4030 1976 4068 nou

387 4099 550 4152 posse
586 4085 757 4142 Deum
801 4090 1157 4160 semetipsum
1191 4110 1411 4167 negare.
1469 4098 1607 4154 Dum
1632 4115 1813 4158 autem
1874 4106 1978 4162 hoc

387 4193 659 4249 propono,
696 4184 1053 4241 vehementer
1085 4199 1295 4258 metuo,
1351 4209 1422 4249 ne
1465 4197 1658 4253 videar
1681 4215 1976 4270 puerorum

385 4280 726 4328 structuram
759 4291 1084 4335 arenaceam
1121 4292 1178 4338 et
1230 4284 1504 4341 inlirmatn
1547 4305 1884 4368 oppugnare.
1922 4308 1978 4352 et

391 4364 460 4418 ad
490 4365 654 4434 hujus
683 4366 784 4422 loci
814 4383 1063 4435 sensum,
1103 4381 1363 4448 tanquam
1411 4380 1477 4432 ad
1512 4364 1736 4452 scopum
1761 4388 1854 4456 qni
1891 4398 1971 4442 at-

390 4457 526 4528 tingi
556 4471 830 4529 nequeat,
884 4465 1187 4525 collimarc.
1240 4469 1370 4524 Dico
1417 4482 1599 4528 autem
1651 4476 1818 4534 Deum
1857 4494 1976 4534 esse

2084 3268 2302 3332 θέωσιν,
2357 3270 2586 3340 δύναμιν
2621 3271 2834 3336 τούτοις
2877 3275 2956 3337 εἰς
2987 3273 3148 3326 τοῦτο
3195 3275 3540 3346 παρέχουσα.
3573 3277 3664 3329 Καὶ

2083 3361 2342 3424 καθόλου,
2399 3361 2551 3415 οὐδὲν
2595 3363 2704 3416 τῶν
2741 3363 2909 3416 ὄντων
2947 3365 3118 3429 ἐστὶν,
3172 3365 3315 3437 ὅπερ
3360 3369 3423 3420 οὐ
3472 3368 3662 3439 μετέχει

2082 3453 2182 3524 τῆς
2217 3456 2723 3526 παντοκρατορικῆς
2773 3458 2867 3510 καὶ
2888 3455 3039 3520 θείας
3057 3457 3368 3530 δυνάμεως.

2153 3736 2179 3808 §
2221 3735 2306 3792 Vl.
2353 3738 2547 3792 Καίτοι
2573 3739 2842 3810 ἐπαπορεί
2889 3740 2917 3792 ὁ
2957 3741 3014 3792 ἐν
3049 3742 3173 3804 ταῖς
3211 3742 3494 3814 Πράξεσιν
3531 3743 3661 3798 Ἐλύ-

2084 3847 2190 3900 μας
2227 3831 2255 3882 6
2292 3832 2486 3902 μάγος,
2523 3832 2728 3902 λέγων·
2760 3834 2823 3887 Εἰ
2862 3833 3273 3904 παντοδύναμος
3310 3837 3340 3888 6
3379 3836 3534 3901 Θεὸς,
3560 3837 3660 3899 πῶς

2081 3921 2232 3994 παρά
2273 3922 2367 3976 τοῦ
2406 3922 2527 3976 καθ’
2567 3924 2712 3994 ὑμᾶς
2767 3924 3039 3994 θεολόγου,
3084 3925 3304 3979 Παύλου
3347 3927 3568 3999 δηλαδὴ,
3588 3926 3660 3978 λέ-

2078 4031 2235 4084 γεται
2283 4015 2338 4068 τὶ
2404 4015 2479 4087 μὴ
2531 4015 2832 4080 δύνασθαι;
2877 4009 2921 4083 ᾧ
2973 4015 3036 4088 δὴ
3087 4017 3183 4070 καὶ
3225 4016 3550 4090 λοιδορεῖται
3590 4020 3655 4070 εἰ·

2081 4107 2257 4173 πόντι,
2301 4107 2374 4180 μὴ
2414 4107 2673 4162 δύνασθαι
2707 4109 2800 4162 τὸν
2856 4108 2988 4162 Θεὸν
3034 4109 3227 4162 ἑαυτὸν
3307 4110 3652 4183 ἀρνήσασθαι.

2091 4199 2234 4269 Ἐγὼ
2275 4200 2333 4254 δὲ
2387 4200 2646 4272 προσθεὶς
2696 4201 2875 4262 τοῦτο,
2933 4200 3053 4254 λίαν
3093 4200 3368 4272 φοϐοῦμαι
3416 4201 3491 4274 μὴ
3538 4201 3656 4266 δόξω

2077 4289 2442 4360 διαμάχεσθαι
2497 4289 2634 4360 πρὸς
2695 4289 3055 4363 μειρακιῶδες
3121 4293 3217 4345 καὶ
3286 4293 3516 4357 ἀσθενὲς
3575 4291 3656 4344 ἐπὶ

2077 4381 2305 4453 ψάμμου
2374 4381 2735 4452 οἰκοδόμημα,
2775 4382 2870 4434 καὶ
2908 4379 3417 4451 καταστοχάζεσθαι
3474 4380 3654 4433 ὡσανεί

2077 4491 2222 4537 τινος
2262 4473 2556 4541 ἀνεφίκτου
2593 4473 2797 4528 σκοποῦ
2843 4473 2944 4544 τῆς
2993 4472 3121 4544 περί
3153 4471 3352 4526 τούτου
3409 4472 3651 4533 διανοίας.

387 4550 681 4628 veritatem
708 4569 726 4606 :
756 4554 963 4611 veritas
1005 4568 1187 4613 autem
1217 4576 1316 4615 eus
1341 4571 1447 4626 est,
1477 4567 1817 4624 mendacium
1847 4586 1976 4626 vero

2153 4567 2225 4638 qui.
2256 4565 2333 4630 δὲ,
2379 4567 2461 4619 ὅτι
2499 4567 2527 4619 6
2574 4565 2708 4630 Θεὸς
2747 4565 2972 4638 ἀλήθειά
3021 4565 3200 4618 ἐστιν·
3244 4566 3276 4634 ὴ
3342 4563 3402 4616 δὲ
3447 4562 3653 4635 ἀλήθεια

383 4640 552 4712 482
615 4660 792 4715 neque
869 4649 1284 4705 consistentiam
1355 4670 1457 4711 uec
1525 4659 1811 4716 entitatem
1879 4663 1978 4719 ha-

386 4738 499 4791 bet.
587 4738 644 4792 Si
739 4739 924 4811 itaque
993 4743 1197 4800 veritas
1290 4759 1520 4818 negaret
1585 4755 1974 4825 semetipsum,

385 4831 776 4888 succumberet
852 4835 1160 4904 mendacio,
1221 4847 1280 4892 et
1341 4839 1394 4894 id
1444 4843 1588 4911 quod
1630 4855 1714 4900 est
1761 4857 1817 4901 et
1875 4863 1976 4903 ex-

385 4921 534 4976 sistit
582 4923 809 4978 tuinime
860 4938 1026 4983 esset.
1061 4928 1204 4998 Ergo
1246 4930 1376 4986 illud
1410 4949 1517 4988 nou
1569 4951 1730 5006 posse
1765 4937 1819 4992 in
1864 4939 1976 4996 Deo

384 5016 772 5081 constitutum,
801 5027 888 5071 est
911 5020 1126 5090 signum
1191 5023 1419 5079 inﬁnita:
1468 5026 1720 5096 virtutis;
1748 5031 1973 5100 perinde

383 5107 534 5160 enim
571 5119 656 5162 est
685 5123 754 5164 ac
809 5111 853 5164 si
904 5111 1205 5180 diceretur,
1235 5115 1401 5170 Deum
1465 5132 1570 5173 non
1601 5135 1763 5190 posse
1789 5122 1974 5179 facere

375 5215 433 5253 se
449 5199 626 5268 ipsum
661 5215 766 5254 non
791 5217 913 5257 esse
946 5205 1139 5260 Deum.
1169 5207 1636 5274 Quemadmodum
1670 5213 1814 5268 enim
1853 5214 1968 5284 lux,

375 5292 425 5345 in
460 5301 727 5360 quantum
756 5292 844 5347 lux
878 5305 979 5360 est,
1036 5314 1142 5353 non
1175 5311 1355 5369 potest
1407 5319 1530 5359 esse
1581 5306 1818 5362 tenebrae
1845 5325 1859 5361 :
1890 5307 1970 5363 sic

376 5390 432 5434 et
468 5385 580 5438 hoc
605 5383 947 5454 impossibile
975 5399 1060 5442 est
1098 5388 1226 5454 Deo,
1274 5403 1494 5463 prepter
1523 5397 1969 5466 superabundan-

381 5480 489 5524 tent
531 5473 841 5531 veritatem.
898 5477 1058 5532 Sicut
1115 5480 1281 5552 igitur
1314 5484 1458 5540 Deus
1491 5503 1767 5556 nunquam
1806 5491 1967 5547 scivit

381 5566 689 5634 inscitiam,
721 5570 864 5625 sicut
900 5588 1001 5630 nec
1039 5578 1189 5630 novit
1222 5579 1363 5650 ignis
1390 5582 1963 5654 nou-calefactiouem,

380 5659 460 5715 sic
500 5677 678 5731 neque
726 5674 903 5734 potest
954 5684 1060 5725 non
1093 5687 1293 5742 posse;
1329 5677 1473 5745 quod
1503 5681 1721 5751 sapiens
1748 5679 1837 5737 illc
1867 5693 1966 5751 per

532 5778 558 5818 ι
590 5776 632 5833 ll
668 5778 809 5838 Tim.
845 5799 908 5852 ιι,
949 5785 1034 5842 15.

2078 4658 2138 4712 6v
2178 4660 2316 4721 ἐστι,
2356 4658 2417 4710 τὸ
2451 4657 2720 4728 δὲψεῦδος
2753 4657 3120 4712 ἀνυπόστατον
3158 4657 3254 4710 καὶ
3313 4656 3390 4728 μὴ
3429 4657 3508 4709 ὅν.
3543 4653 3651 4708 Ἐὰν

2075 4746 2170 4804 οῦν
2207 4751 2513 4822 ἀρνήσηται
2560 4751 2763 4824 ἑαυτὴν
2809 4754 2842 4822 ή
2879 4749 3126 4821 ἀλήθεια,
3165 4749 3247 4820 τῷ
3281 4749 3474 4820 ψεύδει
3510 4764 3650 4818 περι-

2077 4845 2347 4908 πεσεῖται,
2385 4843 2480 4896 καὶ
2519 4842 2581 4896 τὸ
2615 4842 2676 4897 ὃν
2721 4845 2814 4897 καὶ
2841 4842 2900 4897 ὃν
2939 4841 3014 4912 μὴ
3049 4841 3107 4895 ὃν
3145 4839 3320 4894 ἔσται.
3360 4841 3438 4894 Τὸ
3474 4835 3563 4894 οὖν
3585 4837 3648 4908 μὴ

2073 4935 2335 4990 δύνασθαι
2394 4935 2490 4990 έπί
2527 4935 2664 4990 Θεοῦ
2723 4935 3074 5005 ταττόμενον,
3119 4933 3334 5002 ἀφάτου
3386 4930 3647 5002 δυνάμεώς

2075 5032 2192 5085 ἐστι
2235 5032 2490 5102 σημεῖον
2531 5031 2717 5102 ὅμοιον
2744 5029 2852 5102 γάρ
2902 5029 3050 5082 ἐστιν
3084 5029 3282 5088 εἰπεῖν,
3325 5031 3412 5085 ὅτι
3460 5027 3520 5079 οὐ
3567 5022 3643 5077 δύο

2073 5138 2228 5175 ναται
2273 5123 2301 5174 6
2334 5120 2466 5184 Θεὸς
2516 5120 2736 5191 ποιῆσαι
2773 5118 2962 5173 ἑαυτὸν
3003 5117 3077 5190 μὴ
3097 5114 3235 5172 εἶναι
3271 5119 3428 5174 Θεόν.
3459 5119 3644 5182 Ὠσπερ

2072 5212 2182 5284 γάρ
2237 5212 2300 5266 τὸ
2338 5212 2474 5283 φῶς,
2521 5211 2655 5266 καθὸ
2704 5209 2841 5280 φῶς,
2889 5210 2950 5263 οὺ
2988 5208 3208 5273 δύναται
3256 5210 3451 5274 σκότος
3501 5204 3641 5263 εἶναι,

2071 5291 2214 5358 οὕτω
2243 5306 2338 5358 καὶ
2385 5303 2544 5358 τοῦτο
2580 5303 2840 5357 ἀδύνατον
2879 5301 2956 5374 τῷ
2987 5302 3104 5373 Θεῷ
3150 5301 3239 5356 διὰ
3281 5303 3385 5374 τὴν
3423 5298 3643 5368 ἀνυπέρο

2072 5398 2266 5470 ὅλητον
2307 5398 2584 5472 ἀλήθειαν.
2637 5398 2849 5467 ’Ὠσπερ
2909 5392 3000 5450 οὖν
3045 5396 3147 5449 οὐκ
3187 5391 3333 5448 οἶδεν
3367 5397 3398 5448 6
3433 5393 3559 5457 Θεὸς
3592 5389 3643 5441 τὺ

2072 5493 2148 5564 μὴ
2201 5493 2400 5546 εἰδέναι
2464 5489 2706 5554 πώποτε,
2769 5489 2845 5554 ὡς
2886 5489 2949 5543 τὸ
3017 5487 3129 5560 πῦρ
3181 5488 3282 5540 οὐκ
3335 5483 3446 5542 οἶδε
3485 5486 3543 5539 τὸ
3579 5482 3640 5554 μὴ

2069 5585 2402 5660 θερμαίνειν,
2455 5584 2626 5648 οῦτως
2684 5583 2804 5637 οὐδὲ
2843 5582 3064 5636 δύναται
3117 5581 3179 5635 τὸ
3231 5581 3307 5654 μὴ
3363 5577 3636 5635 δύνασθαι’

2065 5678 2204 5750 ὅπερ
2239 5679 2267 5732 6
2308 5677 2469 5749 σοφὸς
2514 5677 2634 5733 κατ’
2657 5676 2941 5748 εἰρωνείαν
2978 5673 3214 5744 Ἐλύμας
3251 5674 3354 5728 οὐκ
3374 5674 3634 5743 ἐννοήσας,
