3768 6294
39 337 149 395 905

627 326 715 381 DE
752 321 1006 378 DIVINIS
1032 311 1430 377 NOMINIBUS,
1472 307 1626 365 CAP.
1664 303 1800 359 VIII.
1826 331 1896 342 --
1933 293 2280 355 PARAPHR.
2319 284 2792 350 PACIIYMEIIA‘I.

3234 289 3338 348 906

47 457 310 529 μιμεῖται
348 450 458 502 τῶν
483 445 729 517 ἀθλητῶν
767 441 894 503 τοὺς
945 437 1081 508 μηδὲ
1118 434 1214 504 τὴν
1251 431 1408 501 νίκην
1443 426 1650 484 εἰδότας

1844 417 1990 469 ciam
2044 413 2261 484 Elymas
2295 410 2422 462 dum
2473 423 2577 461 non
2609 403 2883 476 intelligit,
2914 406 3160 462 imitatur
3184 405 3338 476 pugi-

1896 505 1980 529 ....:
2020 516 2196 529 ...η-..η
2225 497 2513 529 "haud..."
2560 504 2758 529 ...ιι-..ιη
2813 496 3088 529 num-"mla
3111 507 3337 529 nnnsnn-

44 522 167 610 πῶς
189 544 441 614 γίνεται·
485 540 679 600 οἵτινες
724 533 867 588 κατά
908 530 969 583 τὸ
1019 523 1210 580 δοκοῦν
1246 522 1458 584 ἑαυτοῖς
1485 534 1654 614 ῌσκια-

49 635 326 710 μαχοῖηιν
367 631 616 686 ἀπόντων
675 627 784 680 τῶν
833 617 1271 689 ἀνταγωνιστῶν,
1321 613 1416 667 καὶ
1451 609 1654 664 οίονται

201 726 522 784 ἀντιπάλων
552 724 797 796 κρατεῖν,
828 717 903 790 μὴ
945 715 1145 777 εἰδότες
1171 710 1270 783 τὴν
1318 707 1542 762 ἐκείνων
1561 703 1654 758 δύ-

49 839 244 894 ναμιν.
297 821 496 891 Ἡμεῖς
551 816 630 879 δὲ,
685 806 1214 882 καταστοχαζόμενοι
1267 804 1365 876 τῆς
1417 799 1657 862 διανοίας

49 893 147 969 τού
185 914 341 968 θείου
381 909 620 971 Παύλου,
661 903 940 976 ὑμνοῦμεν
975 901 1066 954 τὸν
1102 899 1234 953 Θεὸν
1269 897 1344 959 ὼς
1388 893 1657 966 μακάριον

50 1008 149 1061 καὶ
192 1005 363 1077 μόνον
399 1002 688 1070 δυνάστην,
743 995 819 1060 ὡς
854 993 1181 1058 δεσπόζοντα
1216 990 1310 1044 τοῦ
1349 986 1658 1052 αίῶνος,ὼς

55 1098 185 1154 κατ’
209 1096 370 1151 οὐδὲν
410 1089 804 1146 ἐκπεπτωκότα
839 1085 949 1139 τῶν
986 1085 1177 1149 ὄντων,
1218 1083 1287 1155 (εί
1323 1080 1432 1152 γὰρ
1467 1078 1528 1134 τὸ
1563 1078 1658 1133 δύ-

52 1197 257 1251 νασθαι
299 1194 440 1248 πᾶσι
475 1193 588 1254 τοῖς
643 1183 791 1242 οὖσιν
843 1185 1041 1247 ἔνεστι,
1101 1181 1318 1242 πάντως
1354 1179 1382 1231 ὁ
1431 1173 1572 1229 κατά
1605 1189 1660 1224 τι

61 1292 137 1363 μὴ
175 1288 503 1358 δυνάμενος,
542 1286 589 1337 εί
613 1281 687 1354 μὴ
707 1279 946 1342 εὐσεϐῶς
979 1277 1040 1330 τὸ
1077 1274 1238 1363 ῥητὸν
1276 1266 1658 1363 ἐκλαϐοίᾼμεθα,

61 1382 389 1434 ἐκπεσεῖται
449 1375 592 1430 κατά
628 1392 680 1428 τι
717 1371 812 1427 τοῦ
849 1371 1025 1433 ὄντος,
1065 1362 1100 1442 ᾖ
1140 1382 1304 1436 φησιν
1337 1362 1366 1416 ό
1402 1359 1662 1422 ἀσύνετος

74 1470 395 1544 Ἐλύμαςο)
440 1468 638 1541 μᾶλλον
673 1467 729 1520 δὲ
773 1465 846 1536 μὴ
902 1462 1060 1534 μόνον
1113 1459 1214 1513 οὑκ
1267 1451 1661 1544 ἐκπεπτωκότα

60 1565 168 1618 τῶν
209 1543 421 1624 ίϐντων,
479 1557 614 1613 ἀλλά
671 1557 768 1610 καὶ
821 1552 1123 1626 προέχοντα
1179 1548 1274 1602 καὶ
1325 1543 1662 1616 ὑπερέχοντα

63 1655 204 1710 κατά
261 1652 494 1722 δύναμιν
551 1645 896 1720 ὑπερούσιον,
955 1643 1050 1696 καὶ
1101 1635 1473 1710 δεδωρημένον
1528 1634 1662 1722 πᾶσι

61 1748 174 1809 τοῖς
209 1740 335 1797 οὖσι
372 1742 469 1796 καὶ
507 1741 568 1793 τὸ
617 1736 876 1793 δύνασθαι
914 1729 1076 1793 εἶναι,
1117 1730 1212 1784 καὶ
1263 1728 1325 1781 τὸ
1362 1724 1482 1779 τόδε
1522 1718 1662 1778 εἶναι

65 1837 205 1892 κατά
243 1833 564 1909 περιουσίαν
605 1828 1048 1897 ὑπερϐαλλούσης
1069 1823 1370 1894 δυνάμεως.

140 2075 168 2147 §
206 2075 320 2129 VII.
365 2074 529 2142 Ὄρος
581 2067 928 2139 δικαιοσύνης
968 2069 1135 2131 ἐστὶν,
1189 2066 1360 2140 ἀρετὴ
1407 2067 1666 2139 διανεμη-

72 2170 194 2240 τικὴ
229 2167 327 2222 τοῦ
367 2168 491 2221 κατ’
511 2163 690 2230 ἀξίαν,
750 2161 784 2232 ἢ
847 2161 1158 2234 ίδιοπραγία
1211 2161 1321 2214 τῶν
1359 2161 1458 2232 τῆς
1491 2160 1673 2231 ψυχῆς

73 2262 294 2334 νοερῶν,
357 2262 392 2331 ἢ
451 2261 685 2332 μεσότης
741 2256 1052 2323 πλεονεξίας
1107 2255 1202 2308 καί⁸
1259 2253 1583 2325 μειονεξίας,
1633 2249 1668 2321 ἢ

72 2356 183 2420 ἕξις
223 2353 608 2424 ἀπονεμητικὴ
653 2351 921 2421 ἰσότητος.
966 2347 1110 2419 Πρὸς
1169 2346 1298 2414 γοῦν
1332 2345 1457 2408 τοὺς
1491 2342 1669 2397 τοιού-

77 2458 197 2504 τους
232 2443 397 2512 ὄρους
438 2439 619 2503 καλῶς
674 2437 1008 2492 ἀναπτύσσει
1065 2435 1164 2508 τὴν
1220 2432 1371 2488 Θείαν
1405 2432 1674 2486 δικαιοσύ-

78 2545 192 2598 νην.
227 2529 328 2582 Διά
365 2528 528 2582 τοῦτο
559 2527 668 2600 γάρ
719 2529 748 2580 ὁ
801 2526 935 2590 Θεὸς
967 2525 1280 2596 δικαιοσύνη
1321 2523 1559 2593 λέγεται,
1597 2524 1674 2588 ὼς

75 2625 208 2677 πᾶσι
245 2621 370 2678 κατ’
392 2622 550 2687 ἀξίαν
589 2617 878 2690 ἀπονέμων
918 2619 1135 2672 ἅπαντα
1169 2618 1309 2672 κατά
1349 2618 1438 2670 τὸν
1476 2619 1674 2672 οίκεῖον

76 2714 305 2768 ἑκάστου
346 2713 448 2783 τῆς
485 2711 700 2782 φύσεως
754 2712 901 2782 ὅρον,
959 2707 1056 2762 καὶ
1105 2707 1182 2772 ὡς
1233 2707 1406 2772 αἴτιος
1445 2706 1520 2761 ὢν
1573 2707 1676 2778 τῆς

76 2805 455 2876 αὑτοπραγίας
487 2805 715 2858 ἑκάστου
735 2821 748 2834 ·
790 2801 968 2859 πάντα
1000 2803 1110 2874 γάρ
1144 2801 1178 2873 ή
1219 2801 1338 2855 θεία
1361 2801 1676 2871 δικαιοσύνη

76 2896 259 2950 τάττει
297 2894 420 2948 κατ’
443 2894 600 2959 ἀξίαν
653 2895 907 2948 ἑκάστου.
985 2893 1223 2947 Ἀδικίαν
1261 2893 1439 2947 τοίνυν
1488 2891 1679 2947 λαλοῦ-

80 3005 186 3049 σιν,
223 2989 271 3040 οί
306 2988 409 3057 τῆς
446 2987 598 3050 θείας
637 2985 986 3058 δικαιοσύνης
1021 2984 1547 3056 καταψηφιζόμενοι,
1583 2987 1679 3040 καὶ

78 3079 347 3146 λέγοντες,
387 3079 624 3147 ὀφείλειν
660 3074 798 3132 εἶναι
835 3081 948 3142 τοῖς
986 3079 1200 3149 θνητοῖς
1235 3078 1332 3150 τὴν
1353 3077 1676 3143 ἀθανασίαν,

1759 508 1860 569 les,
1892 505 1982 575 qui
2020 516 2197 572 neque
2225 497 2514 554 victoriant
2560 504 2762 550 norunt
2813 496 3088 564 quomodo
3111 507 3340 570 compa-j

1762 608 1953 652 retur:
1991 594 2082 665 qui
2112 594 2367 646 videntur
2391 588 2495 644 sibi
2542 588 2592 641 in
2645 588 2836 640 umbra
2868 602 2991 641 cum
3019 584 3340 642 absentibus

1759 687 2093 748 adversariis
2143 693 2488 746 concertare,
2531 681 2954 751 existimantque
3004 695 3064 737 se
3095 680 3220 735 illos
3247 681 3341 735 su-

1760 795 1976 852 perare.
2011 793 2136 833 cum
2188 775 2445 828 virtutem
2489 786 2676 826 eorum
2731 787 2837 825 non
2888 770 3340 839 ltabeantexplo-

1761 885 1957 928 ratam.
1996 870 2104 924 Nos
2131 878 2336 932 autem,
2373 866 2437 921 ad
2461 865 2568 919 divi
2612 864 2762 920 Pauli
2796 878 3014 918 sensum
3046 862 3340 917 colliman-

1763 975 1867 1028 tes,
1901 959 2282 1016 collaudamns
2317 959 2486 1012 Deum
2520 963 2776 1023 tanquam
2808 953 3024 1008 beatum
3057 951 3340 1020 solumque

1763 1066 2070 1126 potentem,
2099 1061 2287 1120 utpote
2317 1047 2688 1104 dominantem
2744 1045 3064 1110 wternitati,
3091 1053 3146 1098 et
3193 1043 3340 1097 nulla

1764 1162 2002 1216 unquam
2036 1143 2268 1198 entitate
2319 1139 2639 1193 frustratum
2685 1136 2754 1206 (si
2808 1136 2953 1190 enim
2985 1137 3223 1205 potentia
3253 1149 3342 1188 re-

1763 1237 2031 1293 businest
2054 1234 2334 1296 omnibus,
2365 1229 2594 1284 omnino
2647 1229 2693 1283 is
2725 1229 2816 1298 qui
2865 1228 3161 1284 secundum
3211 1226 3343 1295 quid

1767 1331 2036 1401 impotens
2083 1337 2186 1392 est,
2221 1327 2322 1382 nisi
2360 1324 2447 1394 pie
2498 1322 2702 1378 dictum
2759 1325 2861 1379 hoc
2893 1325 3345 1398 interpretemur,

1765 1425 2067 1481 secundum
2099 1420 2232 1492 quid
2285 1421 2352 1476 ab
2381 1423 2612 1478 entitate
2659 1419 2909 1484 descivit,
2941 1427 3000 1471 ut
3027 1417 3344 1485 imprudens

1766 1521 1984 1591 Elymas
2013 1515 2200 1587 tradit)
2250 1516 2384 1584 quin
2413 1515 2594 1584 potius
2619 1529 2724 1568 non
2751 1512 2927 1568 solum
2961 1522 3216 1580 tanquam
3250 1526 3344 1564 ευ·-

1764 1614 2003 1668 cundum
2038 1624 2152 1666 rem
2183 1608 2383 1662 nullam
2415 1607 2778 1671 deﬁcientem,
2813 1605 2908 1660 sed
2933 1603 3098 1658 etiam
3127 1613 3183 1656 ut
3212 1617 3348 1672 pne-

1765 1705 2054 1760 habentcm
2087 1718 2151 1757 ac
2187 1702 2424 1772 desuper
2475 1699 2766 1754 habentem
2816 1697 2996 1752 onmia
3046 1695 3344 1750 secundum

1690 1801 1734 1856 Β
1766 1798 2023 1851 virtutem
2054 1793 2592 1862 superessentialem,
2648 1802 2705 1846 et
2753 1791 2917 1846 rebus
2959 1789 3218 1843 omnibus
3240 1786 3350 1840 lar-

1765 1888 2008 1959 gientem
2044 1895 2154 1940 tam
2182 1894 2388 1939 utesse
2437 1883 2669 1952 possint,
2704 1897 2866 1952 quam
2913 1888 2970 1934 ut
3019 1881 3352 1935 sintsecun-

1765 1982 1893 2035 dum
1926 1977 2257 2032 afﬂuentiam
2283 1975 2512 2030 virtutis
2542 1973 3059 2044 superabundantis.

1836 2070 1998 2141 §Vll.
2046 2069 2301 2124 Definitio
2358 2067 2588 2136 justitia:
2642 2075 2746 2132 est,
2801 2067 2975 2118 virtus
3027 2063 3352 2132 cuiqnetri-

1768 2163 1942 2218 bucns
1973 2178 2072 2232 pro
2098 2163 2385 2232 dignitate.
2424 2161 2512 2214 vel
2563 2160 2783 2230 propria
2836 2157 2978 2212 actio
3035 2156 3350 2210 facultatum

1769 2256 1966 2308 aninne
1995 2255 2061 2313 ⁸⁸,
2102 2255 2183 2308 vel
2239 2253 2476 2308 medium
2528 2253 2671 2306 inter
2725 2251 3114 2306 abundantiam
3145 2259 3199 2306 et
3227 2251 3349 2305 ino-

1771 2347 1942 2416 piam,
1979 2344 2064 2400 vel
2096 2343 2312 2398 habitus
2344 2341 2726 2397 distributivus
2771 2339 3122 2410 acqualitatis.
3157 2339 3349 2394 Istiusd-

1772 2435 1916 2492 tnodi
1953 2436 2138 2504 itaque
2178 2433 2589 2489 definitionibus
2631 2434 2734 2489 rite
2786 2434 3169 2489 accommodat
3190 2433 3356 2502 justi-

1775 2529 1905 2584 tiam
1937 2528 2204 2582 divinam.
2237 2526 2446 2582 Idcirco
2492 2527 2636 2580 enim
2694 2525 2837 2581 Dens
2886 2525 3096 2596 justitia
3128 2527 3354 2591 dicitur,

1777 2623 1921 2694 quod
1953 2621 2210 2676 omnibus
2237 2635 2336 2690 pro
2373 2619 2637 2687 dignitate
2686 2619 2890 2674 tribuat
2936 2619 3118 2674 omnia
3157 2634 3356 2674 secun-

1776 2713 1904 2768 dum
1937 2713 2214 2782 propriam
2279 2713 2546 2782 cujusque
2591 2722 2805 2766 natura:
2847 2711 3242 2779 definitionem,
3301 2722 3359 2767 et

1783 2806 1929 2874 quod
1978 2821 2144 2860 causa
2199 2804 2403 2858 existat
2462 2804 2695 2873 proprize
2738 2803 3028 2872 cujuslibet
3099 2804 3356 2868 actionis,

1779 2893 1994 2968 singula
2021 2897 2170 2952 enim
2227 2895 2469 2965 disponit
2499 2895 2682 2949 divina
2703 2893 2921 2965 jnstitia
2965 2911 3064 2964 pro
3097 2895 3362 2964 cujusque

1781 2991 2063 3062 dignitate.
2089 2989 2433 3061 Iniquitatetn
2471 2991 2656 3058 itaque
2700 2989 3019 3058 loquuntur,
3045 2991 3135 3058 qui
3161 2989 3361 3044 divina:

1777 3083 2008 3153 justitize
2057 3083 2479 3146 contradicunt,
2531 3091 2588 3137 et
2633 3081 2726 3151 qui
2774 3082 2984 3145 dicunt,
3033 3081 3362 3136 mortalibus

79 3174 177 3226 καὶ
208 3175 320 3235 τοῖς
357 3170 574 3224 ἀτελέσι
608 3171 669 3224 τὸ
704 3171 933 3234 τέλειον,
973 3171 1069 3224 καὶ
1103 3169 1292 3235 τάλλα,
1333 3171 1418 3226 ῐνα
1455 3170 1530 3243 μὴ
1550 3172 1669 3226 καθ’

1844 3185 1966 3226 esse
1997 3171 2195 3225 debere
2235 3170 2730 3236 immortalitatem,
2757 3179 2812 3224 et
2841 3173 3002 3225 rebus
3025 3170 3364 3240 imperfectis

79 3265 308 3318 ἕκαστον
346 3262 730 3334 διατρίϐωμεν.
754 3262 1042 3316 Λίτιῶνται
1077 3262 1208 3333 γάρ,
1248 3263 1366 3326 πῶς
1399 3263 1430 3315 ὁ
1473 3263 1677 3332 ἀνθρω-

81 3375 204 3420 πος,
242 3357 448 3410 τοιονδε
485 3355 624 3420 ζῶον
679 3354 775 3418 ῶν,
829 3355 1132 3427 φθείρεται,
1191 3355 1308 3419 πῶς
1342 3355 1371 3407 ὁ
1421 3355 1673 3423 ἀσπάλαξ

80 3451 298 3520 τυφλὸς,
343 3451 462 3513 πῶς
498 3451 525 3502 ὁ
564 3447 708 3511 λίθος
747 3448 849 3501 οὐκ
903 3433 1276 3517 αὐτοκίνητος,
1315 3447 1432 3512 πῶς
1470 3447 1531 3500 τὸ
1565 3449 1673 3501 πᾶν

83 3543 386 3599 ἀλλοιοῦται
426 3540 570 3596 κατά
606 3540 707 3603 τὰς
762 3539 936 3612 ῶρας,
995 3543 1112 3606 πῶς
1151 3543 1205 3595 αἱ
1244 3540 1517 3612 ὲπίκαιροι
1555 3541 1674 3611 ἡδο-

82 3636 172 3689 ναὶ
204 3636 304 3688 οὑκ
344 3633 587 3688 αἱώνιοι·
629 3633 748 3688 δέον
782 3633 1002 3696 εἰδέναι,
1057 3633 1138 3686 ὅτι
1197 3633 1362 3686 πᾶσιν
1409 3631 1672 3701 ἀπονέμει

83 3729 151 3780 τά
183 3731 360 3782 οἰκεῖα
398 3730 432 3798 ἡ
472 3727 591 3781 θεία
641 3727 976 3798 δικαιοσύνη,
1035 3728 1126 3780 καὶ
1161 3726 1392 3779 ’ἑκαστον
1447 3727 1538 3779 ἐπὶ
1571 3725 1678 3794 τῆς

83 3821 288 3884 οἰκείας
321 3818 578 3884 διασώζει
613 3821 821 3887 τάξεως
859 3822 953 3874 καὶ
991 3821 1293 3890 δυνάμεως.

155 4092 182 4164 §
225 4089 355 4145 VIII.
402 4087 542 4140 ⁹Λλλ⁹
581 4086 727 4141 εἴποι
762 4105 846 4151 τις
867 4105 879 4118 ·
905 4087 1030 4152 Πῶς
1051 4089 1112 4142 οὑ
1152 4089 1335 4160 βοηθεῖ
1370 4091 1484 4153 τοῖς
1502 4089 1672 4154 ὁσίοις

89 4182 500 4253 ἁδικουμένοιςς
568 4180 786 4252 Ῥητέον
839 4181 904 4233 ἐκ
954 4179 1290 4252 διαιρέσεως
1363 4179 1674 4249 Ἀγαπῶσιν

89 4274 132 4327 oi
168 4274 306 4326 ὅσιοι
343 4272 414 4324 τά
454 4271 720 4342 παρόντα,
757 4270 791 4341 ἢ
829 4271 930 4323 οὐκ
967 4271 1272 4339 ἀγαπῶσιν.
1317 4271 1378 4324 Εἰ
1416 4272 1514 4341 μὲν
1532 4272 1673 4340 ἁγα-

91 4367 287 4428 πῶσιν,
342 4364 444 4434 οὐχ
499 4365 676 4427 ὅσιοι,
732 4363 808 4427 ὡς
861 4364 957 4416 τοῦ
1012 4363 1156 4416 θείου
1211 4363 1672 4428 ἀποπεπτωκῶες

88 4458 290 4529 ἔρωτος
314 4477 327 4488 ·
367 4455 616 4510 ἀδικοῦσι
652 4456 762 4527 γὰρ
797 4456 866 4509 τά
904 4456 1073 4520 ὅντως
1109 4455 1315 4526 ἐραστά
1352 4457 1677 4526 παρευδοκι-

1785 3261 2208 3329 perfectionem,
2241 3271 2296 3318 ct
2342 3274 2567 3327 catera,
2616 3278 2687 3317 ne
2718 3263 2950 3334 singulis
2982 3264 3365 3321 immorentur.

1779 3352 2092 3410 Cansantur
2124 3355 2296 3421 enim,
2324 3371 2421 3411 cur
2446 3358 2632 3423 hoino,
2659 3373 2784 3412 cum
2816 3357 3122 3412 istiusmodi
3157 3359 3362 3413 animal

1777 3446 1870 3513 sit,
1905 3458 2316 3517 corrumpatur,
2345 3464 2445 3503 cur
2475 3449 2616 3519 talpa
2659 3448 2834 3503 oculis
2858 3459 3064 3516 careat,
3103 3465 3202 3505 cur
3227 3451 3365 3521 lapis

1779 3553 1889 3593 non
1921 3539 1994 3595 sit
2023 3555 2120 3612 per
2171 3556 2232 3596 se
2280 3541 2515 3609 mobilis,
2547 3558 2650 3597 cur
2689 3543 3004 3598 universum
3064 3544 3365 3600 secundum

1780 3640 2134 3700 tempestates
2151 3631 2316 3704 483
2333 3636 2669 3700 innnutetur,
2694 3647 3171 3704 curtemporanezc
3205 3637 3362 3691 volu-

1777 3733 1956 3792 ptates
1972 3740 2076 3778 non
2097 3729 2208 3780 sint
2235 3739 2472 3780 mentae.
2497 3725 2788 3780 Sciendum
2811 3735 2912 3790 est,
2933 3727 3170 3781 divinam
3202 3726 3368 3796 justi-

1779 3815 1908 3867 tiam
1947 3815 2199 3870 omnibus
2228 3833 2348 3885 qua!
2368 3817 2563 3886 cuique
2594 3819 2812 3886 prepria
2854 3827 2981 3872 sunt
3017 3817 3365 3882 distribuere,

1780 3917 1841 3962 et
1905 3907 2332 3978 uniuscujusque
2392 3909 2642 3963 ordinem
2709 3909 3075 3981 virtutemque
3144 3927 3369 3967 conser-

1778 4013 1927 4052 vare.

1847 4092 1875 4165 §
1925 4091 2058 4147 VIII.
2097 4092 2203 4148 Sed
2257 4094 2402 4149 dicet
2450 4095 2699 4163 aliquis:
2760 4096 2871 4150 Cur
2921 4113 3027 4150 non
3088 4099 3368 4152 succurrit

1777 4188 1982 4241 sanctis
2014 4185 2212 4255 injuria
2238 4187 2482 4241 affectis?
2511 4188 2806 4242 Dicendum
2829 4205 2952 4244 cum
2979 4190 3362 4246 distinetione:

1783 4273 1885 4329 Vel
1921 4275 2152 4341 diligunt
2185 4278 2359 4330 sancti
2415 4277 2700 4345 prazsentia
2733 4317 2747 4341 ,
2805 4278 2885 4331 vel
2947 4295 3058 4333 non
3109 4279 3365 4352 diligunt.

1779 4367 1835 4424 Si
1875 4367 2093 4436 quidem
2131 4366 2382 4436 diligunt,
2439 4382 2543 4422 non
2581 4378 2708 4422 sunt
2759 4371 2956 4433 sancti,
3006 4379 3065 4424 ut
3101 4372 3194 4442 qui
3251 4372 3368 4440 jam

1780 4475 1810 4513 a
1864 4461 2049 4514 divino
2101 4476 2289 4516 amore
2339 4461 2687 4524 exciderint;
2742 4464 3000 4532 quoniam
3039 4463 3218 4531 injttrii
3246 4471 3371 4518 sunt

94 4549 339 4619 μούμενα
394 4547 486 4600 ὑπ’
539 4547 739 4611 αὑτῶν,
795 4546 928 4600 διότι
983 4547 1092 4599 τῶν
1147 4545 1442 4616 ἀζηλώτων
1474 4547 1669 4619 ἐρῶσιν

1841 4555 1946 4607 τους
1999 4567 2132 4606 vere
2199 4555 2480 4619 amandis,
2541 4572 2662 4624 quae
2711 4555 2780 4608 ab
2829 4557 2961 4625 ipsis
3015 4554 3372 4624 praeferenda:
3456 4535 3469 4554 ί

91 4638 229 4692 αὑτά
267 4636 724 4708 παρατρέχοντες.
769 4638 832 4690 Εἰ
869 4637 1034 4689 δὀὑκ
1071 4636 1381 4704 ἀγαπῶσιν,
1421 4637 1555 4691 ἀλλά
1571 4638 1679 4691 τῶν

91 4729 260 4791 ὅντως
295 4728 469 4782 ὄντων
506 4726 730 4797 ἐρῶσιν,
775 4725 1164 4797 εὐφραίνεσθαι
1207 4725 1406 4796 μᾶλλον
1445 4727 1548 4798 χρὴ
1568 4728 1684 4780 τού-

93 4837 238 4885 τους,
293 4820 385 4872 ὃτε
439 4819 817 4890 περιπίπτοιεν
888 4819 1234 4888 πειρασμοῖς,
1289 4818 1470 4881 καθὼς
1527 4820 1620 4872 καὶ
1654 4821 1684 4872 ὁ

97 4913 272 4982 μέγας
345 4910 604 4974 Ἰάκωϐος
664 4913 921 4980 παραινεῖ
944 4927 956 4939 ’
1011 4909 1099 4962 διά
1153 4909 1263 4980 γάρ
1318 4909 1523 4962 τούτων
1577 4911 1684 4964 τῶν

95 5001 305 5070 ἐφετῶν
361 5001 816 5071 ἐπιτυγχάνουσι,
872 5001 967 5054 καὶ
1019 4999 1141 5053 τότε
1193 5002 1314 5062 ταῖς
1369 5000 1687 5069 ἀγγελικαῖς

95 5094 317 5163 ἀρεταῖς
373 5093 804 5163 πλησιάζουσιν,
879 5091 1288 5163 ἀναχωροῦντες
1339 5091 1439 5161 τῆς
1495 5091 1688 5161 ὑλικῆς

97 5186 476 5262 προσπαθείας
514 5189 572 5238 ἐν
605 5187 725 5248 ταῖς
761 5185 904 5255 ὑπὲρ
940 5184 1036 5237 τοῦ
1076 5184 1242 5238 καλοῦ
1279 5187 1682 5256 περιστάσεσιν·

101 5279 236 5334 (me
259 5277 460 5348 ἀληθὲς
480 5279 676 5338 εἰπεῖν,
713 5276 796 5328 ὅτι
833 5274 991 5328 τοῦτο
1029 5274 1229 5344 μᾶλλόν
1268 5278 1384 5328 ἐστι
1419 5277 1517 5347 τῆς
1540 5277 1690 5340 θείας

99 5369 445 5439 δικαιοσύνης
483 5369 634 5432 ἴδιον,
690 5367 752 5420 τὸ
790 5367 880 5421 ἐπί
915 5385 1067 5430 τινας
1126 5368 1342 5439 βλέπειν
1397 5369 1693 5434 ποθοῦντας

100 5466 161 5520 τά
199 5465 400 5519 αἰώνια
426 5503 440 5528 ,
506 5463 579 5533 μὴ
635 5463 846 5531 θέλγειν
899 5461 1120 5526 τούτους
1144 5480 1157 5492 ·
1213 5464 1377 5534 ἧγουν
1412 5464 1480 5516 δι’
1501 5464 1695 5536 ἡδονῆς

102 5564 315 5635 ἁπατᾷν
353 5568 422 5634 τῇ
462 5565 638 5634 ἀνέτῳ
676 5565 943 5633 διαγωγῇ,
1002 5563 1135 5616 ἀλλά
1173 5562 1370 5634 μᾶλλον
1418 5561 1516 5621 τὰς
1540 5575 1694 5632 περι-

181 5749 250 5781 ιο·
280 5736 439 5792 Max.
465 5742 550 5796 vel
579 5742 796 5810 propria
824 5740 1041 5796 actione
1069 5741 1301 5813 partium
1331 5741 1546 5798 animm.

350 5839 624 5898 ΡΑτιιοι..
667 5835 785 5894 Gn.
837 5832 942 5894 111.

1788 4655 1936 4706 sunt,
1994 4644 2176 4712 quod,
2230 4645 2296 4698 iis
2360 4647 2668 4714 neglectis,
2731 4657 2915 4700 ament
2966 4663 3028 4701 ea
3085 4663 3206 4716 quae
3262 4662 3368 4699 non

1789 4747 1918 4794 Sunt
1965 4736 2218 4789 amanda.
2270 4736 2425 4801 Quod
2473 4738 2518 4792 si
2579 4755 2710 4792 vero
2775 4755 2882 4791 non
2947 4738 3218 4806 diligant,
3274 4738 3370 4790 sed

1790 4837 1975 4883 ament
2025 4845 2085 4881 ea
2122 4842 2242 4897 qua:
2273 4842 2400 4880 vere
2435 4838 2579 4892 sunt,
2626 4837 2844 4898 oportet
2886 4829 3066 4897 potius
3101 4829 3249 4896 ipsos
3276 4827 3374 4880 la:-

1797 4922 1922 4984 tari,
1953 4921 2100 4990 quod
2141 4923 2195 4973 in
2263 4921 2595 4974 tentationes
2653 4922 2968 4986 inciderint,
3016 4921 3093 4974 ttti
3141 4935 3371 4990 magnus

1797 5014 2034 5069 Jarolnts
2068 5023 2290 5079 monet;
2320 5015 2582 5082 quoniam
2613 5028 2710 5082 per
2738 5014 2836 5068 bas
2857 5030 2918 5068 ca
2951 5027 3072 5082 qnze
3100 5011 3378 5066 desidera-

1797 5105 1925 5158 bilia
1949 5115 2078 5159 sunt
2112 5113 2503 5174 assequuntur,
2538 5113 2759 5173 tumque
2784 5104 3053 5175 angelicis
3079 5101 3377 5159 virtutibus

1806 5198 2271 5268 appropinquant,
2312 5195 2438 5250 dum
2492 5195 2548 5250 in
2581 5196 2858 5253 instanliis
2884 5213 2980 5268 pro
3007 5198 3168 5258 bono,
3205 5195 3274 5248 ab
3298 5193 3380 5246 af-

1797 5289 1947 5344 fectu
1967 5290 2238 5344 materiali
2275 5289 2583 5344 recedunt:
2639 5289 2712 5342 ita
2757 5301 2816 5343 ut
2865 5305 2992 5343 vere
3041 5287 3150 5341 dici
3180 5285 3378 5355 possit,

1801 5381 1930 5435 illud
1969 5380 2141 5449 magis
2172 5395 2292 5434 esse
2323 5381 2604 5448 proprium
2657 5379 2860 5434 divina:
2895 5377 3143 5449 justitiae,
3172 5385 3232 5428 ut
3261 5391 3379 5439 eos,

1799 5473 1891 5542 qui
1938 5474 2005 5525 ad
2059 5481 2260 5526 arterna
2304 5485 2552 5540 spectare
2597 5470 2933 5536 desiderant,
2991 5485 3096 5523 non
3146 5470 3385 5536 patiatur

1802 5580 1901 5636 per
1926 5564 2248 5626 dissolutam
2307 5564 2474 5619 vitam
2534 5564 2900 5633 voluptatibus
2940 5563 3137 5633 decipi,
3161 5560 3256 5618 sed
3287 5577 3384 5631 po-

2741 5830 2823 5892 29
