  <div class='ocr_page' id='page_1' title='image "/cluster/home/n/w/nwhite01/storage/ocr_20150623/3/hvd.32044014713192/461.png"; bbox 0 0 3742 6300; ppageno 0'>
   <div class='ocr_carea' id='block_1_1' title="bbox 352 246 459 305">
    <p class='ocr_par' dir='ltr' id='par_1_1' title="bbox 352 246 459 305">
     <span class='ocr_line' id='line_1_1' title="bbox 352 246 459 305; baseline -0.009 0"><span class='ocrx_word' id='word_1_1' title='bbox 352 246 459 305; x_wconf 77' lang='grc' dir='ltr'><strong>9οἹ</strong></span> 
     </span>
    </p>
   </div>
   <div class='ocr_carea' id='block_1_2' title="bbox 1566 242 2466 301">
    <p class='ocr_par' dir='ltr' id='par_1_2' title="bbox 1566 242 2466 301">
     <span class='ocr_line' id='line_1_2' title="bbox 1566 242 2466 301; baseline -0.001 -1"><span class='ocrx_word' id='word_1_2' title='bbox 1566 244 1625 301; x_wconf 91' lang='lat' dir='ltr'><strong>S.</strong></span> <span class='ocrx_word' id='word_1_3' title='bbox 1664 242 1968 301; x_wconf 73' lang='lat' dir='ltr'><strong>DlONYSll</strong></span> <span class='ocrx_word' id='word_1_4' title='bbox 1995 242 2466 301; x_wconf 60' lang='lat' dir='ltr'><strong>ABEOPAGITIE</strong></span> 
     </span>
    </p>
   </div>
   <div class='ocr_carea' id='block_1_3' title="bbox 3592 236 3681 287">
    <p class='ocr_par' dir='ltr' id='par_1_3' title="bbox 3592 236 3681 287">
     <span class='ocr_line' id='line_1_3' title="bbox 3592 236 3681 287; baseline -0.045 0"><span class='ocrx_word' id='word_1_5' title='bbox 3592 236 3681 287; x_wconf 60' lang='grc' dir='ltr'>9ος</span> 
     </span>
    </p>
   </div>
   <div class='ocr_carea' id='block_1_4' title="bbox 357 359 1941 440">
    <p class='ocr_par' dir='ltr' id='par_1_4' title="bbox 357 359 1941 433">
     <span class='ocr_line' id='line_1_4' title="bbox 357 359 1941 433; baseline 0.001 -18"><span class='ocrx_word' id='word_1_6' title='bbox 357 369 470 416; x_wconf 85' lang='lat' dir='ltr'><strong>ltus</strong></span> <span class='ocrx_word' id='word_1_7' title='bbox 524 359 839 419; x_wconf 79' lang='lat' dir='ltr'><strong>aﬂlictiones</strong></span> <span class='ocrx_word' id='word_1_8' title='bbox 868 362 1170 429; x_wconf 86' lang='lat' dir='ltr'><strong>sustinere,</strong></span> <span class='ocrx_word' id='word_1_9' title='bbox 1226 371 1286 416; x_wconf 90' lang='lat' dir='ltr'><strong>ut</strong></span> <span class='ocrx_word' id='word_1_10' title='bbox 1341 361 1429 416; x_wconf 92' lang='lat' dir='ltr'><strong>vcl</strong></span> <span class='ocrx_word' id='word_1_11' title='bbox 1482 372 1730 427; x_wconf 75' lang='lat' dir='ltr'><strong>amantes</strong></span> <span class='ocrx_word' id='word_1_12' title='bbox 1759 370 1941 433; x_wconf 77' lang='lat' dir='ltr'><strong>ungatI</strong></span> 
     </span>
    </p>
   </div>
   <div class='ocr_carea' id='block_1_5' title="bbox 2129 359 3677 440">
    <p class='ocr_par' dir='ltr' id='par_1_5' title="bbox 2129 366 3677 440">
     <span class='ocr_line' id='line_1_5' title="bbox 2129 366 3677 440; baseline -0.002 -22"><span class='ocrx_word' id='word_1_13' title='bbox 2129 366 2260 431; x_wconf 76' lang='grc' dir='ltr'>ἱσεις</span> <span class='ocrx_word' id='word_1_14' title='bbox 2299 370 2672 439; x_wconf 81' lang='grc' dir='ltr'><strong>παραχωρεῖν,</strong></span> <span class='ocrx_word' id='word_1_15' title='bbox 2715 369 2801 421; x_wconf 82' lang='grc' dir='ltr'><strong>ἵνα</strong></span> <span class='ocrx_word' id='word_1_16' title='bbox 2855 368 2888 440; x_wconf 80' lang='grc' dir='ltr'>ἢ</span> <span class='ocrx_word' id='word_1_17' title='bbox 2931 368 3237 432; x_wconf 75' lang='grc' dir='ltr'>ποθοῦντας</span> <span class='ocrx_word' id='word_1_18' title='bbox 3278 367 3617 439; x_wconf 42' lang='grc' dir='ltr'>ὑπολείψει,</span> <span class='ocrx_word' id='word_1_19' title='bbox 3652 371 3677 437; x_wconf 68' lang='grc' dir='ltr'><strong>ἦ</strong></span> 
     </span>
    </p>
   </div>
   <div class='ocr_carea' id='block_1_6' title="bbox 356 452 1941 525">
    <p class='ocr_par' dir='ltr' id='par_1_6' title="bbox 356 452 1941 525">
     <span class='ocr_line' id='line_1_6' title="bbox 356 452 1941 525; baseline 0.002 -21"><span class='ocrx_word' id='word_1_20' title='bbox 356 453 442 508; x_wconf 90' lang='lat' dir='ltr'><strong>vel</strong></span> <span class='ocrx_word' id='word_1_21' title='bbox 480 453 730 523; x_wconf 81' lang='lat' dir='ltr'><strong>lapsuros</strong></span> <span class='ocrx_word' id='word_1_22' title='bbox 775 452 1079 521; x_wconf 71' lang='lat' dir='ltr'><strong>suffulciat,</strong></span> <span class='ocrx_word' id='word_1_23' title='bbox 1138 470 1242 510; x_wconf 88' lang='lat' dir='ltr'><strong>nec</strong></span> <span class='ocrx_word' id='word_1_24' title='bbox 1273 469 1381 509; x_wconf 92' lang='lat' dir='ltr'><strong>non</strong></span> <span class='ocrx_word' id='word_1_25' title='bbox 1416 454 1563 523; x_wconf 88' lang='lat' dir='ltr'><strong>ipsos</strong></span> <span class='ocrx_word' id='word_1_26' title='bbox 1589 456 1642 509; x_wconf 92' lang='lat' dir='ltr'><strong>in</strong></span> <span class='ocrx_word' id='word_1_27' title='bbox 1674 455 1941 525; x_wconf 83' lang='lat' dir='ltr'><strong>praeclaro</strong></span> 
     </span>
    </p>
   </div>
   <div class='ocr_carea' id='block_1_7' title="bbox 357 546 1940 606">
    <p class='ocr_par' dir='ltr' id='par_1_7' title="bbox 357 546 1940 606">
     <span class='ocr_line' id='line_1_7' title="bbox 357 546 1940 606; baseline 0.003 -5"><span class='ocrx_word' id='word_1_28' title='bbox 357 546 455 601; x_wconf 88' lang='lat' dir='ltr'><strong>illo</strong></span> <span class='ocrx_word' id='word_1_29' title='bbox 482 559 539 603; x_wconf 88' lang='lat' dir='ltr'><strong>et</strong></span> <span class='ocrx_word' id='word_1_30' title='bbox 604 548 930 605; x_wconf 88' lang='lat' dir='ltr'><strong>inconcusso</strong></span> <span class='ocrx_word' id='word_1_31' title='bbox 973 558 1114 604; x_wconf 89' lang='lat' dir='ltr'><strong>statu</strong></span> <span class='ocrx_word' id='word_1_32' title='bbox 1165 549 1489 606; x_wconf 90' lang='lat' dir='ltr'><strong>consolidet.</strong></span> <span class='ocrx_word' id='word_1_33' title='bbox 1547 551 1940 606; x_wconf 90' lang='lat' dir='ltr'><strong>lnconcussum</strong></span> 
     </span>
    </p>
   </div>
   <div class='ocr_carea' id='block_1_8' title="bbox 357 641 1939 713">
    <p class='ocr_par' dir='ltr' id='par_1_8' title="bbox 357 641 1939 713">
     <span class='ocr_line' id='line_1_8' title="bbox 357 641 1939 713; baseline 0.004 -21"><span class='ocrx_word' id='word_1_34' title='bbox 357 648 541 693; x_wconf 82' lang='lat' dir='ltr'><strong>autem</strong></span> <span class='ocrx_word' id='word_1_35' title='bbox 597 648 801 694; x_wconf 92' lang='lat' dir='ltr'><strong>statum</strong></span> <span class='ocrx_word' id='word_1_36' title='bbox 869 651 1050 706; x_wconf 79' lang='lat' dir='ltr'><strong>vocat,</strong></span> <span class='ocrx_word' id='word_1_37' title='bbox 1105 641 1419 697; x_wconf 90' lang='lat' dir='ltr'><strong>institutum</strong></span> <span class='ocrx_word' id='word_1_38' title='bbox 1466 644 1610 713; x_wconf 89' lang='lat' dir='ltr'><strong>quod</strong></span> <span class='ocrx_word' id='word_1_39' title='bbox 1642 644 1939 698; x_wconf 88' lang='lat' dir='ltr'><strong>titillationi</strong></span> 
     </span>
    </p>
   </div>
   <div class='ocr_carea' id='block_1_9' title="bbox 356 732 1944 805">
    <p class='ocr_par' dir='ltr' id='par_1_9' title="bbox 356 732 1944 805">
     <span class='ocr_line' id='line_1_9' title="bbox 356 732 1944 805; baseline 0.006 -23"><span class='ocrx_word' id='word_1_40' title='bbox 356 739 699 785; x_wconf 87' lang='lat' dir='ltr'><strong>terrenorum</strong></span> <span class='ocrx_word' id='word_1_41' title='bbox 728 732 952 785; x_wconf 90' lang='lat' dir='ltr'><strong>minime</strong></span> <span class='ocrx_word' id='word_1_42' title='bbox 977 733 1145 797; x_wconf 82' lang='lat' dir='ltr'><strong>cedit,</strong></span> <span class='ocrx_word' id='word_1_43' title='bbox 1211 748 1312 789; x_wconf 88' lang='lat' dir='ltr'><strong>nec</strong></span> <span class='ocrx_word' id='word_1_44' title='bbox 1348 744 1580 805; x_wconf 86' lang='lat' dir='ltr'><strong>propter</strong></span> <span class='ocrx_word' id='word_1_45' title='bbox 1613 736 1944 792; x_wconf 88' lang='lat' dir='ltr'><strong>tentationes</strong></span> 
     </span>
    </p>
   </div>
   <div class='ocr_carea' id='block_1_10' title="bbox 355 822 1053 879">
    <p class='ocr_par' dir='ltr' id='par_1_10' title="bbox 355 822 1053 879">
     <span class='ocr_line' id='line_1_10' title="bbox 355 822 1053 879; baseline 0.006 -6"><span class='ocrx_word' id='word_1_46' title='bbox 355 822 422 876; x_wconf 90' lang='lat' dir='ltr'><strong>ad</strong></span> <span class='ocrx_word' id='word_1_47' title='bbox 459 822 759 877; x_wconf 88' lang='lat' dir='ltr'><strong>materialia</strong></span> <span class='ocrx_word' id='word_1_48' title='bbox 789 823 1053 879; x_wconf 89' lang='lat' dir='ltr'><strong>flectitur.</strong></span> 
     </span>
    </p>
   </div>
   <div class='ocr_carea' id='block_1_11' title="bbox 422 1021 1943 1097">
    <p class='ocr_par' dir='ltr' id='par_1_11' title="bbox 422 1021 1943 1097">
     <span class='ocr_line' id='line_1_11' title="bbox 422 1021 1943 1097; baseline 0.006 -22"><span class='ocrx_word' id='word_1_49' title='bbox 422 1022 570 1094; x_wconf 81' lang='lat' dir='ltr'><strong>§lX.</strong></span> <span class='ocrx_word' id='word_1_50' title='bbox 601 1021 728 1077; x_wconf 71' lang='lat' dir='ltr'><strong>llazc</strong></span> <span class='ocrx_word' id='word_1_51' title='bbox 766 1024 934 1079; x_wconf 86' lang='lat' dir='ltr'><strong>etiam</strong></span> <span class='ocrx_word' id='word_1_52' title='bbox 996 1025 1181 1080; x_wconf 88' lang='lat' dir='ltr'><strong>divina</strong></span> <span class='ocrx_word' id='word_1_53' title='bbox 1223 1026 1438 1095; x_wconf 88' lang='lat' dir='ltr'><strong>justitia</strong></span> <span class='ocrx_word' id='word_1_54' title='bbox 1492 1038 1749 1097; x_wconf 86' lang='lat' dir='ltr'><strong>tanquam</strong></span> <span class='ocrx_word' id='word_1_55' title='bbox 1798 1029 1943 1084; x_wconf 84' lang='lat' dir='ltr'><strong>salus</strong></span> 
     </span>
    </p>
   </div>
   <div class='ocr_carea' id='block_1_12' title="bbox 351 1115 1944 1188">
    <p class='ocr_par' dir='ltr' id='par_1_12' title="bbox 351 1115 1944 1188">
     <span class='ocr_line' id='line_1_12' title="bbox 351 1115 1944 1188; baseline 0.004 -19"><span class='ocrx_word' id='word_1_56' title='bbox 351 1115 687 1181; x_wconf 81' lang='lat' dir='ltr'><strong>celebratur,</strong></span> <span class='ocrx_word' id='word_1_57' title='bbox 718 1116 865 1185; x_wconf 88' lang='lat' dir='ltr'><strong>quod</strong></span> <span class='ocrx_word' id='word_1_58' title='bbox 915 1115 1061 1184; x_wconf 86' lang='lat' dir='ltr'><strong>juste</strong></span> <span class='ocrx_word' id='word_1_59' title='bbox 1112 1117 1385 1188; x_wconf 82' lang='lat' dir='ltr'><strong>cujusque</strong></span> <span class='ocrx_word' id='word_1_60' title='bbox 1438 1129 1644 1174; x_wconf 81' lang='lat' dir='ltr'><strong>naturae</strong></span> <span class='ocrx_word' id='word_1_61' title='bbox 1701 1121 1944 1176; x_wconf 83' lang='lat' dir='ltr'><strong>rationes</strong></span> 
     </span>
    </p>
   </div>
   <div class='ocr_carea' id='block_1_13' title="bbox 351 1208 1940 1281">
    <p class='ocr_par' dir='ltr' id='par_1_13' title="bbox 351 1208 1940 1281">
     <span class='ocr_line' id='line_1_13' title="bbox 351 1208 1940 1281; baseline 0.003 -19"><span class='ocrx_word' id='word_1_62' title='bbox 351 1216 554 1271; x_wconf 80' lang='lat' dir='ltr'><strong>servet,</strong></span> <span class='ocrx_word' id='word_1_63' title='bbox 608 1222 672 1262; x_wconf 90' lang='lat' dir='ltr'><strong>ac</strong></span> <span class='ocrx_word' id='word_1_64' title='bbox 706 1222 873 1263; x_wconf 87' lang='lat' dir='ltr'><strong>eausa</strong></span> <span class='ocrx_word' id='word_1_65' title='bbox 920 1209 997 1263; x_wconf 88' lang='lat' dir='ltr'><strong>sit</strong></span> <span class='ocrx_word' id='word_1_66' title='bbox 1059 1208 1295 1279; x_wconf 78' lang='lat' dir='ltr'><strong>pr0prite</strong></span> <span class='ocrx_word' id='word_1_67' title='bbox 1342 1209 1606 1280; x_wconf 85' lang='lat' dir='ltr'><strong>cujusque</strong></span> <span class='ocrx_word' id='word_1_68' title='bbox 1638 1211 1715 1264; x_wconf 86' lang='lat' dir='ltr'><strong>rei</strong></span> <span class='ocrx_word' id='word_1_69' title='bbox 1746 1226 1940 1281; x_wconf 88' lang='lat' dir='ltr'><strong>opera-</strong></span> 
     </span>
    </p>
   </div>
   <div class='ocr_carea' id='block_1_14' title="bbox 354 1298 1942 1371">
    <p class='ocr_par' dir='ltr' id='par_1_14' title="bbox 354 1298 1942 1371">
     <span class='ocr_line' id='line_1_14' title="bbox 354 1298 1942 1371; baseline 0.004 -19"><span class='ocrx_word' id='word_1_70' title='bbox 354 1299 542 1354; x_wconf 84' lang='lat' dir='ltr'><strong>tionis.</strong></span> <span class='ocrx_word' id='word_1_71' title='bbox 572 1298 855 1369; x_wconf 81' lang='lat' dir='ltr'><strong>Propriam</strong></span> <span class='ocrx_word' id='word_1_72' title='bbox 888 1314 1069 1356; x_wconf 90' lang='lat' dir='ltr'><strong>autem</strong></span> <span class='ocrx_word' id='word_1_73' title='bbox 1094 1304 1467 1371; x_wconf 79' lang='lat' dir='ltr'><strong>operationem</strong></span> <span class='ocrx_word' id='word_1_74' title='bbox 1502 1302 1790 1371; x_wconf 83' lang='lat' dir='ltr'><strong>appellavit</strong></span> <span class='ocrx_word' id='word_1_75' title='bbox 1822 1319 1942 1358; x_wconf 83' lang='lat' dir='ltr'><strong>mo-</strong></span> 
     </span>
    </p>
   </div>
   <div class='ocr_carea' id='block_1_15' title="bbox 354 1391 1943 1465">
    <p class='ocr_par' dir='ltr' id='par_1_15' title="bbox 354 1391 1943 1465">
     <span class='ocr_line' id='line_1_15' title="bbox 354 1391 1943 1465; baseline 0.003 -20"><span class='ocrx_word' id='word_1_76' title='bbox 354 1400 470 1445; x_wconf 92' lang='lat' dir='ltr'><strong>tum</strong></span> <span class='ocrx_word' id='word_1_77' title='bbox 508 1391 658 1445; x_wconf 93' lang='lat' dir='ltr'><strong>illum</strong></span> <span class='ocrx_word' id='word_1_78' title='bbox 696 1393 793 1461; x_wconf 89' lang='lat' dir='ltr'><strong>qui</strong></span> <span class='ocrx_word' id='word_1_79' title='bbox 819 1392 1044 1446; x_wconf 83' lang='lat' dir='ltr'><strong>cuilibet</strong></span> <span class='ocrx_word' id='word_1_80' title='bbox 1075 1404 1283 1449; x_wconf 77' lang='lat' dir='ltr'><strong>naturze</strong></span> <span class='ocrx_word' id='word_1_81' title='bbox 1338 1396 1591 1463; x_wconf 87' lang='lat' dir='ltr'><strong>proprius</strong></span> <span class='ocrx_word' id='word_1_82' title='bbox 1617 1406 1728 1461; x_wconf 89' lang='lat' dir='ltr'><strong>est;</strong></span> <span class='ocrx_word' id='word_1_83' title='bbox 1768 1411 1943 1465; x_wconf 86' lang='lat' dir='ltr'><strong>neque</strong></span> 
     </span>
    </p>
   </div>
   <div class='ocr_carea' id='block_1_16' title="bbox 351 1484 1943 1559">
    <p class='ocr_par' dir='ltr' id='par_1_16' title="bbox 351 1484 1943 1559">
     <span class='ocr_line' id='line_1_16' title="bbox 351 1484 1943 1559; baseline 0.002 -22"><span class='ocrx_word' id='word_1_84' title='bbox 351 1486 500 1539; x_wconf 90' lang='lat' dir='ltr'><strong>enim</strong></span> <span class='ocrx_word' id='word_1_85' title='bbox 528 1484 777 1539; x_wconf 84' lang='lat' dir='ltr'><strong>homines</strong></span> <span class='ocrx_word' id='word_1_86' title='bbox 804 1484 985 1540; x_wconf 87' lang='lat' dir='ltr'><strong>facere</strong></span> <span class='ocrx_word' id='word_1_87' title='bbox 1007 1496 1236 1556; x_wconf 90' lang='lat' dir='ltr'><strong>possunt</strong></span> <span class='ocrx_word' id='word_1_88' title='bbox 1275 1503 1395 1557; x_wconf 69' lang='lat' dir='ltr'><strong>quae</strong></span> <span class='ocrx_word' id='word_1_89' title='bbox 1446 1489 1665 1559; x_wconf 87' lang='lat' dir='ltr'><strong>propria</strong></span> <span class='ocrx_word' id='word_1_90' title='bbox 1694 1498 1822 1542; x_wconf 91' lang='lat' dir='ltr'><strong>sunt</strong></span> <span class='ocrx_word' id='word_1_91' title='bbox 1851 1504 1943 1542; x_wconf 85' lang='lat' dir='ltr'><strong>an-</strong></span> 
     </span>
    </p>
   </div>
   <div class='ocr_carea' id='block_1_17' title="bbox 349 1576 1938 1653">
    <p class='ocr_par' dir='ltr' id='par_1_17' title="bbox 349 1576 1938 1653">
     <span class='ocr_line' id='line_1_17' title="bbox 349 1576 1938 1653; baseline 0.002 -22"><span class='ocrx_word' id='word_1_92' title='bbox 349 1576 506 1646; x_wconf 79' lang='lat' dir='ltr'><strong>gelis,</strong></span> <span class='ocrx_word' id='word_1_93' title='bbox 540 1590 716 1647; x_wconf 88' lang='lat' dir='ltr'><strong>neque</strong></span> <span class='ocrx_word' id='word_1_94' title='bbox 750 1592 889 1646; x_wconf 89' lang='lat' dir='ltr'><strong>aqua</strong></span> <span class='ocrx_word' id='word_1_95' title='bbox 922 1594 1043 1649; x_wconf 68' lang='lat' dir='ltr'><strong>qua:</strong></span> <span class='ocrx_word' id='word_1_96' title='bbox 1073 1580 1295 1653; x_wconf 81' lang='lat' dir='ltr'><strong>propria</strong></span> <span class='ocrx_word' id='word_1_97' title='bbox 1326 1590 1451 1635; x_wconf 90' lang='lat' dir='ltr'><strong>sunt</strong></span> <span class='ocrx_word' id='word_1_98' title='bbox 1479 1580 1607 1650; x_wconf 77' lang='lat' dir='ltr'><strong>igni,</strong></span> <span class='ocrx_word' id='word_1_99' title='bbox 1642 1590 1696 1634; x_wconf 88' lang='lat' dir='ltr'><strong>et</strong></span> <span class='ocrx_word' id='word_1_100' title='bbox 1728 1590 1938 1634; x_wconf 85' lang='lat' dir='ltr'><strong>contra.</strong></span> 
     </span>
    </p>
   </div>
   <div class='ocr_carea' id='block_1_18' title="bbox 350 1668 1941 1741">
    <p class='ocr_par' dir='ltr' id='par_1_18' title="bbox 350 1668 1941 1741">
     <span class='ocr_line' id='line_1_18' title="bbox 350 1668 1941 1741; baseline 0.002 -19"><span class='ocrx_word' id='word_1_101' title='bbox 350 1668 410 1722; x_wconf 90' lang='lat' dir='ltr'><strong>Si</strong></span> <span class='ocrx_word' id='word_1_102' title='bbox 452 1668 578 1738; x_wconf 88' lang='lat' dir='ltr'><strong>quis</strong></span> <span class='ocrx_word' id='word_1_103' title='bbox 599 1683 732 1725; x_wconf 89' lang='lat' dir='ltr'><strong>vero</strong></span> <span class='ocrx_word' id='word_1_104' title='bbox 763 1671 991 1738; x_wconf 84' lang='lat' dir='ltr'><strong>dixerit,</strong></span> <span class='ocrx_word' id='word_1_105' title='bbox 1030 1672 1199 1726; x_wconf 91' lang='lat' dir='ltr'><strong>Deum</strong></span> <span class='ocrx_word' id='word_1_106' title='bbox 1250 1673 1550 1725; x_wconf 86' lang='lat' dir='ltr'><strong>secundum</strong></span> <span class='ocrx_word' id='word_1_107' title='bbox 1592 1672 1759 1726; x_wconf 90' lang='lat' dir='ltr'><strong>alium</strong></span> <span class='ocrx_word' id='word_1_108' title='bbox 1810 1688 1941 1741; x_wconf 87' lang='lat' dir='ltr'><strong>quo-</strong></span> 
     </span>
    </p>
   </div>
   <div class='ocr_carea' id='block_1_19' title="bbox 349 1760 1943 1831">
    <p class='ocr_par' dir='ltr' id='par_1_19' title="bbox 349 1760 1943 1831">
     <span class='ocr_line' id='line_1_19' title="bbox 349 1760 1943 1831; baseline 0.003 -19"><span class='ocrx_word' id='word_1_109' title='bbox 349 1773 457 1828; x_wconf 90' lang='lat' dir='ltr'><strong>que</strong></span> <span class='ocrx_word' id='word_1_110' title='bbox 487 1760 709 1813; x_wconf 90' lang='lat' dir='ltr'><strong>modum</strong></span> <span class='ocrx_word' id='word_1_111' title='bbox 737 1760 966 1816; x_wconf 83' lang='lat' dir='ltr'><strong>salutem</strong></span> <span class='ocrx_word' id='word_1_112' title='bbox 1027 1776 1171 1826; x_wconf 90' lang='lat' dir='ltr'><strong>esse,</strong></span> <span class='ocrx_word' id='word_1_113' title='bbox 1200 1763 1343 1831; x_wconf 86' lang='lat' dir='ltr'><strong>quod</strong></span> <span class='ocrx_word' id='word_1_114' title='bbox 1380 1778 1408 1815; x_wconf 91' lang='lat' dir='ltr'><strong>a</strong></span> <span class='ocrx_word' id='word_1_115' title='bbox 1446 1762 1608 1817; x_wconf 89' lang='lat' dir='ltr'><strong>rebus</strong></span> <span class='ocrx_word' id='word_1_116' title='bbox 1656 1764 1943 1817; x_wconf 83' lang='lat' dir='ltr'><strong>deteriori-</strong></span> 
     </span>
    </p>
   </div>
   <div class='ocr_carea' id='block_1_20' title="bbox 351 1841 1959 1924">
    <p class='ocr_par' dir='ltr' id='par_1_20' title="bbox 351 1841 1959 1924">
     <span class='ocr_line' id='line_1_20' title="bbox 351 1841 1959 1924; baseline 0.002 -18"><span class='ocrx_word' id='word_1_117' title='bbox 351 1851 455 1906; x_wconf 86' lang='lat' dir='ltr'><strong>bus</strong></span> <span class='ocrx_word' id='word_1_118' title='bbox 485 1852 670 1906; x_wconf 91' lang='lat' dir='ltr'><strong>omnia</strong></span> <span class='ocrx_word' id='word_1_119' title='bbox 706 1853 903 1923; x_wconf 89' lang='lat' dir='ltr'><strong>eripiat</strong></span> <span class='ocrx_word' id='word_1_120' title='bbox 947 1854 1241 1923; x_wconf 76' lang='lat' dir='ltr'><strong>(deteriora</strong></span> <span class='ocrx_word' id='word_1_121' title='bbox 1291 1870 1421 1910; x_wconf 86' lang='lat' dir='ltr'><strong>vero</strong></span> <span class='ocrx_word' id='word_1_122' title='bbox 1475 1865 1655 1920; x_wconf 82' lang='lat' dir='ltr'><strong>vocat,</strong></span> <span class='ocrx_word' id='word_1_123' title='bbox 1693 1871 1814 1924; x_wconf 73' lang='lat' dir='ltr'><strong>quae</strong></span> <span class='ocrx_word' id='word_1_124' title='bbox 1847 1841 1959 1910; x_wconf 51' lang='lat' dir='ltr'><strong>na?</strong></span> 
     </span>
    </p>
   </div>
   <div class='ocr_carea' id='block_1_21' title="bbox 351 1944 1943 2019">
    <p class='ocr_par' dir='ltr' id='par_1_21' title="bbox 351 1944 1943 2019">
     <span class='ocr_line' id='line_1_21' title="bbox 351 1944 1943 2019; baseline 0.003 -22"><span class='ocrx_word' id='word_1_125' title='bbox 351 1954 489 1999; x_wconf 58' lang='lat' dir='ltr'><strong>tura:</strong></span> <span class='ocrx_word' id='word_1_126' title='bbox 516 1944 783 2015; x_wconf 84' lang='lat' dir='ltr'><strong>cujusque</strong></span> <span class='ocrx_word' id='word_1_127' title='bbox 814 1945 997 2000; x_wconf 86' lang='lat' dir='ltr'><strong>aliena</strong></span> <span class='ocrx_word' id='word_1_128' title='bbox 1025 1954 1172 2011; x_wconf 90' lang='lat' dir='ltr'><strong>sunt,</strong></span> <span class='ocrx_word' id='word_1_129' title='bbox 1216 1946 1301 2001; x_wconf 81' lang='lat' dir='ltr'><strong>vel</strong></span> <span class='ocrx_word' id='word_1_130' title='bbox 1357 1946 1602 2016; x_wconf 80' lang='lat' dir='ltr'><strong>indigna,</strong></span> <span class='ocrx_word' id='word_1_131' title='bbox 1632 1949 1715 2002; x_wconf 89' lang='lat' dir='ltr'><strong>vel</strong></span> <span class='ocrx_word' id='word_1_132' title='bbox 1764 1952 1943 2019; x_wconf 81' lang='lat' dir='ltr'><strong>potius</strong></span> 
     </span>
    </p>
   </div>
   <div class='ocr_carea' id='block_1_22' title="bbox 348 2035 1941 2111">
    <p class='ocr_par' dir='ltr' id='par_1_22' title="bbox 348 2035 1941 2111">
     <span class='ocr_line' id='line_1_22' title="bbox 348 2035 1941 2111; baseline 0.004 -22"><span class='ocrx_word' id='word_1_133' title='bbox 348 2035 647 2105; x_wconf 83' lang='lat' dir='ltr'><strong>ipsammet</strong></span> <span class='ocrx_word' id='word_1_134' title='bbox 700 2038 990 2092; x_wconf 83' lang='lat' dir='ltr'><strong>materiam</strong></span> <span class='ocrx_word' id='word_1_135' title='bbox 1042 2037 1356 2109; x_wconf 81' lang='lat' dir='ltr'><strong>informem)</strong></span> <span class='ocrx_word' id='word_1_136' title='bbox 1404 2040 1549 2093; x_wconf 84' lang='lat' dir='ltr'><strong>ltunc</strong></span> <span class='ocrx_word' id='word_1_137' title='bbox 1598 2056 1697 2094; x_wconf 89' lang='lat' dir='ltr'><strong>nos</strong></span> <span class='ocrx_word' id='word_1_138' title='bbox 1724 2055 1941 2111; x_wconf 88' lang='lat' dir='ltr'><strong>quoque</strong></span> 
     </span>
    </p>
   </div>
   <div class='ocr_carea' id='block_1_23' title="bbox 349 2128 1941 2200">
    <p class='ocr_par' dir='ltr' id='par_1_23' title="bbox 349 2128 1941 2200">
     <span class='ocr_line' id='line_1_23' title="bbox 349 2128 1941 2200; baseline 0.003 -17"><span class='ocrx_word' id='word_1_139' title='bbox 349 2136 612 2200; x_wconf 87' lang='lat' dir='ltr'><strong>tanquam</strong></span> <span class='ocrx_word' id='word_1_140' title='bbox 669 2128 912 2184; x_wconf 90' lang='lat' dir='ltr'><strong>divinum</strong></span> <span class='ocrx_word' id='word_1_141' title='bbox 973 2129 1315 2183; x_wconf 86' lang='lat' dir='ltr'><strong>laudatorem</strong></span> <span class='ocrx_word' id='word_1_142' title='bbox 1365 2129 1754 2185; x_wconf 84' lang='lat' dir='ltr'><strong>admittemus.‘</strong></span> <span class='ocrx_word' id='word_1_143' title='bbox 1787 2132 1941 2188; x_wconf 82' lang='lat' dir='ltr'><strong>Hanc</strong></span> 
     </span>
    </p>
   </div>
   <div class='ocr_carea' id='block_1_24' title="bbox 348 2218 1941 2289">
    <p class='ocr_par' dir='ltr' id='par_1_24' title="bbox 348 2218 1941 2289">
     <span class='ocr_line' id='line_1_24' title="bbox 348 2218 1941 2289; baseline 0.003 -16"><span class='ocrx_word' id='word_1_144' title='bbox 348 2220 497 2274; x_wconf 90' lang='lat' dir='ltr'><strong>enim</strong></span> <span class='ocrx_word' id='word_1_145' title='bbox 522 2218 758 2274; x_wconf 88' lang='lat' dir='ltr'><strong>salutem</strong></span> <span class='ocrx_word' id='word_1_146' title='bbox 824 2218 1071 2273; x_wconf 92' lang='lat' dir='ltr'><strong>omnium</strong></span> <span class='ocrx_word' id='word_1_147' title='bbox 1124 2228 1449 2283; x_wconf 87' lang='lat' dir='ltr'><strong>statuemus,</strong></span> <span class='ocrx_word' id='word_1_148' title='bbox 1479 2234 1600 2289; x_wconf 69' lang='lat' dir='ltr'><strong>quae</strong></span> <span class='ocrx_word' id='word_1_149' title='bbox 1624 2222 1806 2275; x_wconf 89' lang='lat' dir='ltr'><strong>omnia</strong></span> <span class='ocrx_word' id='word_1_150' title='bbox 1861 2224 1941 2278; x_wconf 87' lang='lat' dir='ltr'><strong>sic</strong></span> 
     </span>
    </p>
   </div>
   <div class='ocr_carea' id='block_1_25' title="bbox 349 2312 1941 2383">
    <p class='ocr_par' dir='ltr' id='par_1_25' title="bbox 349 2312 1941 2383">
     <span class='ocr_line' id='line_1_25' title="bbox 349 2312 1941 2383; baseline 0.001 -15"><span class='ocrx_word' id='word_1_151' title='bbox 349 2314 645 2369; x_wconf 85' lang='lat' dir='ltr'><strong>immutata</strong></span> <span class='ocrx_word' id='word_1_152' title='bbox 712 2312 1153 2383; x_wconf 81' lang='lat' dir='ltr'><strong>inconcussaque</strong></span> <span class='ocrx_word' id='word_1_153' title='bbox 1201 2322 1423 2377; x_wconf 83' lang='lat' dir='ltr'><strong>servat,</strong></span> <span class='ocrx_word' id='word_1_154' title='bbox 1480 2322 1539 2365; x_wconf 86' lang='lat' dir='ltr'><strong>ut</strong></span> <span class='ocrx_word' id='word_1_155' title='bbox 1594 2312 1647 2367; x_wconf 94' lang='lat' dir='ltr'><strong>in</strong></span> <span class='ocrx_word' id='word_1_156' title='bbox 1700 2314 1941 2369; x_wconf 86' lang='lat' dir='ltr'><strong>deterius</strong></span> 
     </span>
    </p>
   </div>
   <div class='ocr_carea' id='block_1_26' title="bbox 350 2403 1941 2475">
    <p class='ocr_par' dir='ltr' id='par_1_26' title="bbox 350 2403 1941 2475">
     <span class='ocr_line' id='line_1_26' title="bbox 350 2403 1941 2475; baseline 0.003 -18"><span class='ocrx_word' id='word_1_157' title='bbox 350 2420 458 2459; x_wconf 91' lang='lat' dir='ltr'><strong>non</strong></span> <span class='ocrx_word' id='word_1_158' title='bbox 488 2412 747 2473; x_wconf 79' lang='lat' dir='ltr'><strong>vergant;</strong></span> <span class='ocrx_word' id='word_1_159' title='bbox 779 2412 830 2457; x_wconf 90' lang='lat' dir='ltr'><strong>et</strong></span> <span class='ocrx_word' id='word_1_160' title='bbox 863 2417 1080 2457; x_wconf 88' lang='lat' dir='ltr'><strong>onmem</strong></span> <span class='ocrx_word' id='word_1_161' title='bbox 1127 2403 1556 2471; x_wconf 68' lang='lat' dir='ltr'><strong>inazqualitatem</strong></span> <span class='ocrx_word' id='word_1_162' title='bbox 1616 2417 1780 2475; x_wconf 89' lang='lat' dir='ltr'><strong>atque</strong></span> <span class='ocrx_word' id='word_1_163' title='bbox 1807 2406 1941 2461; x_wconf 90' lang='lat' dir='ltr'><strong>alie-</strong></span> 
     </span>
    </p>
   </div>
   <div class='ocr_carea' id='block_1_27' title="bbox 350 2492 1941 2568">
    <p class='ocr_par' dir='ltr' id='par_1_27' title="bbox 350 2492 1941 2568">
     <span class='ocr_line' id='line_1_27' title="bbox 350 2492 1941 2568; baseline 0.001 -18"><span class='ocrx_word' id='word_1_164' title='bbox 350 2511 475 2551; x_wconf 91' lang='lat' dir='ltr'><strong>nam</strong></span> <span class='ocrx_word' id='word_1_165' title='bbox 500 2494 776 2549; x_wconf 86' lang='lat' dir='ltr'><strong>actionem</strong></span> <span class='ocrx_word' id='word_1_166' title='bbox 821 2492 1091 2559; x_wconf 84' lang='lat' dir='ltr'><strong>eliminat,</strong></span> <span class='ocrx_word' id='word_1_167' title='bbox 1125 2503 1290 2564; x_wconf 90' lang='lat' dir='ltr'><strong>atque</strong></span> <span class='ocrx_word' id='word_1_168' title='bbox 1317 2495 1604 2564; x_wconf 87' lang='lat' dir='ltr'><strong>cujuslibet</strong></span> <span class='ocrx_word' id='word_1_169' title='bbox 1633 2501 1941 2568; x_wconf 81' lang='lat' dir='ltr'><strong>proportio-</strong></span> 
     </span>
    </p>
   </div>
   <div class='ocr_carea' id='block_1_28' title="bbox 351 2583 1939 2658">
    <p class='ocr_par' dir='ltr' id='par_1_28' title="bbox 351 2583 1939 2658">
     <span class='ocr_line' id='line_1_28' title="bbox 351 2583 1939 2658; baseline 0.003 -18"><span class='ocrx_word' id='word_1_170' title='bbox 351 2600 450 2640; x_wconf 90' lang='lat' dir='ltr'><strong>nes</strong></span> <span class='ocrx_word' id='word_1_171' title='bbox 486 2584 798 2639; x_wconf 74' lang='lat' dir='ltr'><strong>confirmat.</strong></span> <span class='ocrx_word' id='word_1_172' title='bbox 830 2583 889 2639; x_wconf 90' lang='lat' dir='ltr'><strong>Si</strong></span> <span class='ocrx_word' id='word_1_173' title='bbox 940 2586 1088 2639; x_wconf 90' lang='lat' dir='ltr'><strong>enim</strong></span> <span class='ocrx_word' id='word_1_174' title='bbox 1132 2585 1335 2641; x_wconf 88' lang='lat' dir='ltr'><strong>humor</strong></span> <span class='ocrx_word' id='word_1_175' title='bbox 1362 2584 1530 2658; x_wconf 64' lang='grc'><strong>484</strong></span> <span class='ocrx_word' id='word_1_176' title='bbox 1561 2602 1759 2658; x_wconf 90' lang='lat' dir='ltr'><strong>aquam</strong></span> <span class='ocrx_word' id='word_1_177' title='bbox 1785 2590 1939 2644; x_wconf 78' lang='lat' dir='ltr'><strong>dese-</strong></span> 
     </span>
    </p>
   </div>
   <div class='ocr_carea' id='block_1_29' title="bbox 351 2674 1935 2745">
    <p class='ocr_par' dir='ltr' id='par_1_29' title="bbox 351 2674 1935 2745">
     <span class='ocr_line' id='line_1_29' title="bbox 351 2674 1935 2745; baseline 0.002 -13"><span class='ocrx_word' id='word_1_178' title='bbox 351 2684 460 2738; x_wconf 84' lang='lat' dir='ltr'><strong>rat,</strong></span> <span class='ocrx_word' id='word_1_179' title='bbox 496 2674 611 2745; x_wconf 86' lang='lat' dir='ltr'><strong>jam</strong></span> <span class='ocrx_word' id='word_1_180' title='bbox 654 2688 761 2729; x_wconf 92' lang='lat' dir='ltr'><strong>non</strong></span> <span class='ocrx_word' id='word_1_181' title='bbox 802 2674 910 2730; x_wconf 88' lang='lat' dir='ltr'><strong>erit</strong></span> <span class='ocrx_word' id='word_1_182' title='bbox 939 2689 1119 2745; x_wconf 88' lang='lat' dir='ltr'><strong>aqua;</strong></span> <span class='ocrx_word' id='word_1_183' title='bbox 1165 2677 1209 2731; x_wconf 92' lang='lat' dir='ltr'><strong>si</strong></span> <span class='ocrx_word' id='word_1_184' title='bbox 1270 2679 1540 2733; x_wconf 81' lang='lat' dir='ltr'><strong>redundet</strong></span> <span class='ocrx_word' id='word_1_185' title='bbox 1592 2687 1795 2744; x_wconf 92' lang='lat' dir='ltr'><strong>tamen,</strong></span> <span class='ocrx_word' id='word_1_186' title='bbox 1836 2681 1935 2735; x_wconf 90' lang='lat' dir='ltr'><strong>ali-</strong></span> 
     </span>
    </p>
   </div>
   <div class='ocr_carea' id='block_1_30' title="bbox 348 2766 1935 2837">
    <p class='ocr_par' dir='ltr' id='par_1_30' title="bbox 348 2766 1935 2837">
     <span class='ocr_line' id='line_1_30' title="bbox 348 2766 1935 2837; baseline 0.004 -17"><span class='ocrx_word' id='word_1_187' title='bbox 348 2767 482 2837; x_wconf 91' lang='lat' dir='ltr'><strong>quid</strong></span> <span class='ocrx_word' id='word_1_188' title='bbox 523 2766 661 2832; x_wconf 86' lang='lat' dir='ltr'><strong>erit;</strong></span> <span class='ocrx_word' id='word_1_189' title='bbox 704 2768 968 2835; x_wconf 85' lang='lat' dir='ltr'><strong>quocirca</strong></span> <span class='ocrx_word' id='word_1_190' title='bbox 1007 2768 1174 2821; x_wconf 88' lang='lat' dir='ltr'><strong>etiam</strong></span> <span class='ocrx_word' id='word_1_191' title='bbox 1220 2766 1528 2825; x_wconf 89' lang='lat' dir='ltr'><strong>istiusmodi</strong></span> <span class='ocrx_word' id='word_1_192' title='bbox 1565 2770 1712 2827; x_wconf 85' lang='lat' dir='ltr'><strong>salus</strong></span> <span class='ocrx_word' id='word_1_193' title='bbox 1737 2772 1935 2829; x_wconf 82' lang='lat' dir='ltr'><strong>libera-</strong></span> 
     </span>
    </p>
   </div>
   <div class='ocr_carea' id='block_1_31' title="bbox 351 2859 1936 2937">
    <p class='ocr_par' dir='ltr' id='par_1_31' title="bbox 351 2859 1936 2937">
     <span class='ocr_line' id='line_1_31' title="bbox 351 2859 1936 2937; baseline 0.004 -23"><span class='ocrx_word' id='word_1_194' title='bbox 351 2862 429 2914; x_wconf 91' lang='lat' dir='ltr'><strong>tio</strong></span> <span class='ocrx_word' id='word_1_195' title='bbox 473 2860 786 2928; x_wconf 78' lang='lat' dir='ltr'><strong>vocabitur,</strong></span> <span class='ocrx_word' id='word_1_196' title='bbox 828 2859 1087 2928; x_wconf 90' lang='lat' dir='ltr'><strong>quoniam</strong></span> <span class='ocrx_word' id='word_1_197' title='bbox 1118 2875 1178 2914; x_wconf 89' lang='lat' dir='ltr'><strong>ea</strong></span> <span class='ocrx_word' id='word_1_198' title='bbox 1221 2876 1343 2931; x_wconf 68' lang='lat' dir='ltr'><strong>qua:</strong></span> <span class='ocrx_word' id='word_1_199' title='bbox 1383 2873 1698 2932; x_wconf 80' lang='lat' dir='ltr'><strong>servantur,</strong></span> <span class='ocrx_word' id='word_1_200' title='bbox 1740 2880 1770 2921; x_wconf 92' lang='lat' dir='ltr'><strong>a</strong></span> <span class='ocrx_word' id='word_1_201' title='bbox 1811 2882 1936 2937; x_wconf 88' lang='lat' dir='ltr'><strong>pro-</strong></span> 
     </span>
    </p>
   </div>
   <div class='ocr_carea' id='block_1_32' title="bbox 349 2949 1934 3022">
    <p class='ocr_par' dir='ltr' id='par_1_32' title="bbox 349 2949 1934 3022">
     <span class='ocr_line' id='line_1_32' title="bbox 349 2949 1934 3022; baseline 0.006 -18"><span class='ocrx_word' id='word_1_202' title='bbox 349 2950 592 3021; x_wconf 91' lang='lat' dir='ltr'><strong>priorum</strong></span> <span class='ocrx_word' id='word_1_203' title='bbox 670 2949 942 3005; x_wconf 90' lang='lat' dir='ltr'><strong>bonorum</strong></span> <span class='ocrx_word' id='word_1_204' title='bbox 1002 2951 1308 3006; x_wconf 84' lang='lat' dir='ltr'><strong>defectione</strong></span> <span class='ocrx_word' id='word_1_205' title='bbox 1366 2953 1693 3022; x_wconf 86' lang='lat' dir='ltr'><strong>liberantur,</strong></span> <span class='ocrx_word' id='word_1_206' title='bbox 1741 2972 1842 3012; x_wconf 89' lang='lat' dir='ltr'><strong>nec</strong></span> <span class='ocrx_word' id='word_1_207' title='bbox 1881 2959 1934 3013; x_wconf 92' lang='lat' dir='ltr'><strong>in</strong></span> 
     </span>
    </p>
   </div>
   <div class='ocr_carea' id='block_1_33' title="bbox 2040 456 3681 529">
    <p class='ocr_par' dir='ltr' id='par_1_33' title="bbox 2040 456 3681 529">
     <span class='ocr_line' id='line_1_33' title="bbox 2040 456 3681 529; baseline 0 -21"><span class='ocrx_word' id='word_1_208' title='bbox 2040 458 2131 509; x_wconf 71' lang='grc' dir='ltr'><strong>καὶ</strong></span> <span class='ocrx_word' id='word_1_209' title='bbox 2172 457 2548 527; x_wconf 83' lang='grc' dir='ltr'>παραπίπτειν</span> <span class='ocrx_word' id='word_1_210' title='bbox 2609 457 2864 529; x_wconf 82' lang='grc' dir='ltr'>μέλλουσι</span> <span class='ocrx_word' id='word_1_211' title='bbox 2904 458 3097 529; x_wconf 82' lang='grc' dir='ltr'>βοηθῇ,</span> <span class='ocrx_word' id='word_1_212' title='bbox 3137 457 3238 511; x_wconf 73' lang='grc' dir='ltr'><strong>καὶ</strong></span> <span class='ocrx_word' id='word_1_213' title='bbox 3296 456 3561 529; x_wconf 78' lang='grc' dir='ltr'>ὲνιδρύῃ</span> <span class='ocrx_word' id='word_1_214' title='bbox 3601 460 3681 508; x_wconf 63' lang='grc' dir='ltr'><strong>αὶο</strong></span> 
     </span>
    </p>
   </div>
   <div class='ocr_carea' id='block_1_34' title="bbox 2038 550 3679 624">
    <p class='ocr_par' dir='ltr' id='par_1_34' title="bbox 2038 550 3679 624">
     <span class='ocr_line' id='line_1_34' title="bbox 2038 550 3679 624; baseline -0.002 -19"><span class='ocrx_word' id='word_1_215' title='bbox 2038 554 2167 616; x_wconf 83' lang='grc' dir='ltr'>τοὺς</span> <span class='ocrx_word' id='word_1_216' title='bbox 2208 555 2266 605; x_wconf 80' lang='grc' dir='ltr'>ἐν</span> <span class='ocrx_word' id='word_1_217' title='bbox 2304 556 2370 624; x_wconf 84' lang='grc' dir='ltr'>τῇ</span> <span class='ocrx_word' id='word_1_218' title='bbox 2395 553 2534 624; x_wconf 80' lang='grc' dir='ltr'>καλῇ</span> <span class='ocrx_word' id='word_1_219' title='bbox 2556 554 2650 606; x_wconf 75' lang='grc' dir='ltr'><strong>καὶ</strong></span> <span class='ocrx_word' id='word_1_220' title='bbox 2690 553 2994 624; x_wconf 85' lang='grc' dir='ltr'>ἀμειλίκτῳ</span> <span class='ocrx_word' id='word_1_221' title='bbox 3033 553 3248 606; x_wconf 89' lang='grc' dir='ltr'>στάσει.</span> <span class='ocrx_word' id='word_1_222' title='bbox 3311 550 3679 621; x_wconf 67' lang='grc' dir='ltr'>Ἀμείλικτςα</span> 
     </span>
    </p>
   </div>
   <div class='ocr_carea' id='block_1_35' title="bbox 2038 644 3683 718">
    <p class='ocr_par' dir='ltr' id='par_1_35' title="bbox 2038 644 3683 718">
     <span class='ocr_line' id='line_1_35' title="bbox 2038 644 3683 718; baseline -0.001 -22"><span class='ocrx_word' id='word_1_223' title='bbox 2038 644 2095 697; x_wconf 83' lang='grc' dir='ltr'><strong>δὲ</strong></span> <span class='ocrx_word' id='word_1_224' title='bbox 2138 644 2330 699; x_wconf 85' lang='grc' dir='ltr'>στάσιν</span> <span class='ocrx_word' id='word_1_225' title='bbox 2369 646 2502 715; x_wconf 66' lang='grc' dir='ltr'>φησι</span> <span class='ocrx_word' id='word_1_226' title='bbox 2537 646 2637 718; x_wconf 84' lang='grc' dir='ltr'>τὴν</span> <span class='ocrx_word' id='word_1_227' title='bbox 2676 645 2954 699; x_wconf 82' lang='grc' dir='ltr'>ἀνένδοτον</span> <span class='ocrx_word' id='word_1_228' title='bbox 3008 647 3147 717; x_wconf 87' lang='grc' dir='ltr'>πρὸς</span> <span class='ocrx_word' id='word_1_229' title='bbox 3199 645 3298 697; x_wconf 85' lang='grc' dir='ltr'><strong>τὸν</strong></span> <span class='ocrx_word' id='word_1_230' title='bbox 3365 644 3683 715; x_wconf 53' lang='lat'><strong>719721;:-</strong></span> 
     </span>
    </p>
   </div>
   <div class='ocr_carea' id='block_1_36' title="bbox 2043 735 3678 809">
    <p class='ocr_par' dir='ltr' id='par_1_36' title="bbox 2043 735 3678 809">
     <span class='ocr_line' id='line_1_36' title="bbox 2043 735 3678 809; baseline -0.001 -21"><span class='ocrx_word' id='word_1_231' title='bbox 2043 736 2141 805; x_wconf 81' lang='grc' dir='ltr'><strong>μὸν</strong></span> <span class='ocrx_word' id='word_1_232' title='bbox 2179 737 2287 790; x_wconf 84' lang='grc' dir='ltr'><strong>τῶν</strong></span> <span class='ocrx_word' id='word_1_233' title='bbox 2326 738 2530 807; x_wconf 74' lang='grc' dir='ltr'>γηΐνων</span> <span class='ocrx_word' id='word_1_234' title='bbox 2554 737 2827 801; x_wconf 79' lang='grc' dir='ltr'>ἔνστασιν,</span> <span class='ocrx_word' id='word_1_235' title='bbox 2852 737 3024 791; x_wconf 79' lang='grc' dir='ltr'>καὶτὸ</span> <span class='ocrx_word' id='word_1_236' title='bbox 3046 738 3121 809; x_wconf 82' lang='grc' dir='ltr'>μὴ</span> <span class='ocrx_word' id='word_1_237' title='bbox 3142 736 3561 806; x_wconf 74' lang='grc' dir='ltr'>κατακάμπτε</span> <span class='ocrx_word' id='word_1_238' title='bbox 3572 735 3678 786; x_wconf 57' lang='grc' dir='ltr'>τῆς.</span> 
     </span>
    </p>
   </div>
   <div class='ocr_carea' id='block_1_37' title="bbox 2041 827 3121 901">
    <p class='ocr_par' dir='ltr' id='par_1_37' title="bbox 2041 827 3121 901">
     <span class='ocr_line' id='line_1_37' title="bbox 2041 827 3121 901; baseline 0.003 -23"><span class='ocrx_word' id='word_1_239' title='bbox 2041 827 2179 896; x_wconf 88' lang='grc' dir='ltr'>πρὸς</span> <span class='ocrx_word' id='word_1_240' title='bbox 2200 828 2269 881; x_wconf 88' lang='grc' dir='ltr'><strong>τά</strong></span> <span class='ocrx_word' id='word_1_241' title='bbox 2307 828 2467 883; x_wconf 83' lang='grc' dir='ltr'>ὑλικά</span> <span class='ocrx_word' id='word_1_242' title='bbox 2504 829 2593 881; x_wconf 77' lang='grc' dir='ltr'>διὰ</span> <span class='ocrx_word' id='word_1_243' title='bbox 2633 829 2741 883; x_wconf 83' lang='grc' dir='ltr'><strong>τῶν</strong></span> <span class='ocrx_word' id='word_1_244' title='bbox 2777 828 3121 901; x_wconf 82' lang='grc' dir='ltr'>πειρασμῶν.</span> 
     </span>
    </p>
   </div>
   <div class='ocr_carea' id='block_1_38' title="bbox 2117 1006 3681 1079">
    <p class='ocr_par' dir='ltr' id='par_1_38' title="bbox 2117 1006 3681 1079">
     <span class='ocr_line' id='line_1_38' title="bbox 2117 1006 3681 1079; baseline -0.003 -18"><span class='ocrx_word' id='word_1_245' title='bbox 2117 1006 2274 1079; x_wconf 81' lang='lat' dir='ltr'><strong>§IX.</strong></span> <span class='ocrx_word' id='word_1_246' title='bbox 2328 1009 2394 1062; x_wconf 87' lang='grc' dir='ltr'>Ἡ</span> <span class='ocrx_word' id='word_1_247' title='bbox 2448 1008 2673 1079; x_wconf 76' lang='grc' dir='ltr'><strong>τοιαύτη</strong></span> <span class='ocrx_word' id='word_1_248' title='bbox 2731 1008 2853 1062; x_wconf 83' lang='grc' dir='ltr'>Θεία</span> <span class='ocrx_word' id='word_1_249' title='bbox 2887 1008 3205 1078; x_wconf 77' lang='grc' dir='ltr'>δικαιοσύνη</span> <span class='ocrx_word' id='word_1_250' title='bbox 3251 1010 3365 1062; x_wconf 76' lang='grc' dir='ltr'><strong>καὶ</strong></span> <span class='ocrx_word' id='word_1_251' title='bbox 3437 1008 3681 1077; x_wconf 64' lang='grc' dir='ltr'>σωτηρία</span> 
     </span>
    </p>
   </div>
   <div class='ocr_carea' id='block_1_39' title="bbox 2045 1100 3681 1173">
    <p class='ocr_par' dir='ltr' id='par_1_39' title="bbox 2045 1100 3681 1173">
     <span class='ocr_line' id='line_1_39' title="bbox 2045 1100 3681 1173; baseline -0.012 -15"><span class='ocrx_word' id='word_1_252' title='bbox 2045 1104 2318 1173; x_wconf 78' lang='grc' dir='ltr'>ὑμνεῖται,</span> <span class='ocrx_word' id='word_1_253' title='bbox 2362 1102 2438 1166; x_wconf 84' lang='grc' dir='ltr'>ὡς</span> <span class='ocrx_word' id='word_1_254' title='bbox 2471 1102 2698 1165; x_wconf 84' lang='grc' dir='ltr'>δικαίως</span> <span class='ocrx_word' id='word_1_255' title='bbox 2733 1100 3073 1164; x_wconf 75' lang='grc' dir='ltr'>διασῴζουσα</span> <span class='ocrx_word' id='word_1_256' title='bbox 3106 1103 3238 1164; x_wconf 76' lang='grc' dir='ltr'>τοὺς</span> <span class='ocrx_word' id='word_1_257' title='bbox 3275 1100 3559 1171; x_wconf 69' lang='grc' dir='ltr'>ἑκάστης</span> <span class='ocrx_word' id='word_1_258' title='bbox 3601 1102 3681 1167; x_wconf 60' lang='grc' dir='ltr'><strong>ςί.</strong></span> 
     </span>
    </p>
   </div>
   <div class='ocr_carea' id='block_1_40' title="bbox 2045 1189 3681 1264">
    <p class='ocr_par' dir='ltr' id='par_1_40' title="bbox 2045 1189 3681 1264">
     <span class='ocr_line' id='line_1_40' title="bbox 2045 1189 3681 1264; baseline -0.003 -16"><span class='ocrx_word' id='word_1_259' title='bbox 2045 1213 2183 1259; x_wconf 85' lang='grc' dir='ltr'>σεως</span> <span class='ocrx_word' id='word_1_260' title='bbox 2220 1195 2432 1263; x_wconf 86' lang='grc' dir='ltr'><strong>λόγους,</strong></span> <span class='ocrx_word' id='word_1_261' title='bbox 2490 1195 2584 1247; x_wconf 76' lang='grc' dir='ltr'><strong>καὶ</strong></span> <span class='ocrx_word' id='word_1_262' title='bbox 2618 1192 2765 1245; x_wconf 87' lang='grc' dir='ltr'>αίτία</span> <span class='ocrx_word' id='word_1_263' title='bbox 2804 1189 2939 1246; x_wconf 79' lang='grc' dir='ltr'>οὖσα</span> <span class='ocrx_word' id='word_1_264' title='bbox 2991 1194 3091 1263; x_wconf 77' lang='grc' dir='ltr'><strong>τῆς</strong></span> <span class='ocrx_word' id='word_1_265' title='bbox 3135 1193 3523 1264; x_wconf 74' lang='grc' dir='ltr'>ἰδιοπραγίας</span> <span class='ocrx_word' id='word_1_266' title='bbox 3560 1195 3681 1243; x_wconf 61' lang='grc' dir='ltr'><strong>ἑκά»</strong></span> 
     </span>
    </p>
   </div>
   <div class='ocr_carea' id='block_1_41' title="bbox 2047 1283 3681 1357">
    <p class='ocr_par' dir='ltr' id='par_1_41' title="bbox 2047 1283 3681 1357">
     <span class='ocr_line' id='line_1_41' title="bbox 2047 1283 3681 1357; baseline -0.005 -16"><span class='ocrx_word' id='word_1_267' title='bbox 2047 1305 2194 1341; x_wconf 89' lang='grc' dir='ltr'>στου.</span> <span class='ocrx_word' id='word_1_268' title='bbox 2267 1285 2629 1357; x_wconf 77' lang='grc' dir='ltr'>’ἰδιοπραγίαν</span> <span class='ocrx_word' id='word_1_269' title='bbox 2678 1283 2735 1337; x_wconf 82' lang='grc' dir='ltr'><strong>δὲ</strong></span> <span class='ocrx_word' id='word_1_270' title='bbox 2788 1284 3039 1356; x_wconf 84' lang='grc' dir='ltr'>ὠνόμασε</span> <span class='ocrx_word' id='word_1_271' title='bbox 3095 1285 3193 1355; x_wconf 81' lang='grc' dir='ltr'><strong>τὴν</strong></span> <span class='ocrx_word' id='word_1_272' title='bbox 3253 1285 3527 1337; x_wconf 73' lang='grc' dir='ltr'>ἑκάστου</span> <span class='ocrx_word' id='word_1_273' title='bbox 3586 1284 3681 1333; x_wconf 56' lang='grc' dir='ltr'><strong>τῶν</strong></span> 
     </span>
    </p>
   </div>
   <div class='ocr_carea' id='block_1_42' title="bbox 2045 1376 3679 1447">
    <p class='ocr_par' dir='ltr' id='par_1_42' title="bbox 2045 1376 3679 1447">
     <span class='ocr_line' id='line_1_42' title="bbox 2045 1376 3679 1447; baseline -0.004 -16"><span class='ocrx_word' id='word_1_274' title='bbox 2045 1379 2213 1433; x_wconf 74' lang='grc' dir='ltr'>ὄντων</span> <span class='ocrx_word' id='word_1_275' title='bbox 2252 1379 2393 1434; x_wconf 87' lang='grc' dir='ltr'><strong>κατά</strong></span> <span class='ocrx_word' id='word_1_276' title='bbox 2435 1379 2597 1447; x_wconf 80' lang='grc' dir='ltr'>φύσιν</span> <span class='ocrx_word' id='word_1_277' title='bbox 2639 1377 2943 1442; x_wconf 74' lang='grc' dir='ltr'>ἰδιάζουσαν</span> <span class='ocrx_word' id='word_1_278' title='bbox 2985 1377 3196 1447; x_wconf 85' lang='grc' dir='ltr'>κίνησιν</span> <span class='ocrx_word' id='word_1_279' title='bbox 3226 1392 3238 1406; x_wconf 89' lang='grc'><strong>·</strong></span> <span class='ocrx_word' id='word_1_280' title='bbox 3278 1376 3427 1428; x_wconf 70' lang='grc' dir='ltr'>οὐδὲ</span> <span class='ocrx_word' id='word_1_281' title='bbox 3469 1376 3590 1444; x_wconf 73' lang='grc' dir='ltr'>γὰρ</span> <span class='ocrx_word' id='word_1_282' title='bbox 3622 1378 3679 1425; x_wconf 64' lang='grc' dir='ltr'>τὲ</span> 
     </span>
    </p>
   </div>
   <div class='ocr_carea' id='block_1_43' title="bbox 2046 1465 3681 1541">
    <p class='ocr_par' dir='ltr' id='par_1_43' title="bbox 2046 1465 3681 1541">
     <span class='ocr_line' id='line_1_43' title="bbox 2046 1465 3681 1541; baseline -0.004 -17"><span class='ocrx_word' id='word_1_283' title='bbox 2046 1471 2292 1540; x_wconf 81' lang='grc' dir='ltr'>ἀγγέλων</span> <span class='ocrx_word' id='word_1_284' title='bbox 2330 1468 2642 1541; x_wconf 79' lang='grc' dir='ltr'>ἀνθρώποις</span> <span class='ocrx_word' id='word_1_285' title='bbox 2680 1467 2944 1539; x_wconf 84' lang='grc' dir='ltr'>πράττειν</span> <span class='ocrx_word' id='word_1_286' title='bbox 2998 1467 3246 1531; x_wconf 88' lang='grc' dir='ltr'>δυνατὸν,</span> <span class='ocrx_word' id='word_1_287' title='bbox 3296 1466 3335 1535; x_wconf 71' lang='grc' dir='ltr'><strong>ἢ</strong></span> <span class='ocrx_word' id='word_1_288' title='bbox 3388 1465 3471 1519; x_wconf 77' lang='grc' dir='ltr'>τὰ</span> <span class='ocrx_word' id='word_1_289' title='bbox 3516 1466 3681 1535; x_wconf 61' lang='grc' dir='ltr'>πυρὸς</span> 
     </span>
    </p>
   </div>
   <div class='ocr_carea' id='block_1_44' title="bbox 2047 1556 3677 1631">
    <p class='ocr_par' dir='ltr' id='par_1_44' title="bbox 2047 1556 3677 1631">
     <span class='ocr_line' id='line_1_44' title="bbox 2047 1556 3677 1631; baseline -0.005 -15"><span class='ocrx_word' id='word_1_290' title='bbox 2047 1564 2220 1627; x_wconf 75' lang='grc' dir='ltr'>ὕδατι,</span> <span class='ocrx_word' id='word_1_291' title='bbox 2259 1563 2352 1616; x_wconf 74' lang='grc' dir='ltr'>καὶ</span> <span class='ocrx_word' id='word_1_292' title='bbox 2388 1562 2449 1614; x_wconf 91' lang='grc' dir='ltr'><strong>τὸ</strong></span> <span class='ocrx_word' id='word_1_293' title='bbox 2503 1559 2759 1631; x_wconf 74' lang='grc' dir='ltr'>ἔμπαλιν.</span> <span class='ocrx_word' id='word_1_294' title='bbox 2823 1561 2889 1613; x_wconf 91' lang='grc' dir='ltr'><strong>Εἰ</strong></span> <span class='ocrx_word' id='word_1_295' title='bbox 2929 1560 2986 1612; x_wconf 81' lang='grc' dir='ltr'>δέ</span> <span class='ocrx_word' id='word_1_296' title='bbox 3042 1576 3126 1623; x_wconf 87' lang='grc' dir='ltr'><strong>τις</strong></span> <span class='ocrx_word' id='word_1_297' title='bbox 3179 1558 3339 1627; x_wconf 80' lang='grc' dir='ltr'>λέγοι</span> <span class='ocrx_word' id='word_1_298' title='bbox 3415 1558 3526 1609; x_wconf 67' lang='grc' dir='ltr'><strong>καὶ</strong></span> <span class='ocrx_word' id='word_1_299' title='bbox 3568 1556 3677 1609; x_wconf 69' lang='grc' dir='ltr'>κατ’</span> 
     </span>
    </p>
   </div>
   <div class='ocr_carea' id='block_1_45' title="bbox 2046 1650 3681 1726">
    <p class='ocr_par' dir='ltr' id='par_1_45' title="bbox 2046 1650 3681 1726">
     <span class='ocr_line' id='line_1_45' title="bbox 2046 1650 3681 1726; baseline -0.004 -16"><span class='ocrx_word' id='word_1_300' title='bbox 2046 1657 2205 1710; x_wconf 77' lang='grc' dir='ltr'>ἄλλον</span> <span class='ocrx_word' id='word_1_301' title='bbox 2241 1655 2441 1726; x_wconf 85' lang='grc' dir='ltr'>τρόπον</span> <span class='ocrx_word' id='word_1_302' title='bbox 2482 1653 2757 1725; x_wconf 84' lang='grc' dir='ltr'>σωτηρίαν</span> <span class='ocrx_word' id='word_1_303' title='bbox 2794 1654 2885 1707; x_wconf 92' lang='grc' dir='ltr'><strong>τὸν</strong></span> <span class='ocrx_word' id='word_1_304' title='bbox 2940 1652 3092 1716; x_wconf 87' lang='grc' dir='ltr'>Θεὸν,</span> <span class='ocrx_word' id='word_1_305' title='bbox 3130 1652 3205 1715; x_wconf 82' lang='grc' dir='ltr'>ὡς</span> <span class='ocrx_word' id='word_1_306' title='bbox 3262 1650 3681 1722; x_wconf 70' lang='grc' dir='ltr'>ἀναρπάζοντι</span> 
     </span>
    </p>
   </div>
   <div class='ocr_carea' id='block_1_46' title="bbox 2047 1742 3678 1817">
    <p class='ocr_par' dir='ltr' id='par_1_46' title="bbox 2047 1742 3678 1817">
     <span class='ocr_line' id='line_1_46' title="bbox 2047 1742 3678 1817; baseline -0.005 -15"><span class='ocrx_word' id='word_1_307' title='bbox 2047 1748 2155 1802; x_wconf 88' lang='grc' dir='ltr'><strong>ἀπὸ</strong></span> <span class='ocrx_word' id='word_1_308' title='bbox 2192 1747 2301 1800; x_wconf 85' lang='grc' dir='ltr'><strong>τῶν</strong></span> <span class='ocrx_word' id='word_1_309' title='bbox 2340 1744 2598 1817; x_wconf 84' lang='grc' dir='ltr'>χειρόνων</span> <span class='ocrx_word' id='word_1_310' title='bbox 2653 1743 2722 1796; x_wconf 84' lang='grc' dir='ltr'>τὰ</span> <span class='ocrx_word' id='word_1_311' title='bbox 2763 1745 2959 1809; x_wconf 84' lang='grc' dir='ltr'>πάντα,</span> <span class='ocrx_word' id='word_1_312' title='bbox 3016 1744 3258 1816; x_wconf 84' lang='grc' dir='ltr'>(χείρονα</span> <span class='ocrx_word' id='word_1_313' title='bbox 3295 1742 3364 1795; x_wconf 85' lang='grc' dir='ltr'><em>δέ</em></span> <span class='ocrx_word' id='word_1_314' title='bbox 3436 1761 3585 1813; x_wconf 61' lang='grc' dir='ltr'>φησι</span> <span class='ocrx_word' id='word_1_315' title='bbox 3618 1746 3678 1795; x_wconf 65' lang='grc' dir='ltr'>τὲ</span> 
     </span>
    </p>
   </div>
   <div class='ocr_carea' id='block_1_47' title="bbox 2044 1836 3676 1912">
    <p class='ocr_par' dir='ltr' id='par_1_47' title="bbox 2044 1836 3676 1912">
     <span class='ocr_line' id='line_1_47' title="bbox 2044 1836 3676 1912; baseline -0.004 -18"><span class='ocrx_word' id='word_1_316' title='bbox 2044 1842 2143 1912; x_wconf 83' lang='grc' dir='ltr'><strong>τῆς</strong></span> <span class='ocrx_word' id='word_1_317' title='bbox 2183 1839 2400 1909; x_wconf 81' lang='grc' dir='ltr'>φύσεως</span> <span class='ocrx_word' id='word_1_318' title='bbox 2440 1837 2672 1892; x_wconf 79' lang='grc' dir='ltr'>ἑκάστου</span> <span class='ocrx_word' id='word_1_319' title='bbox 2713 1836 2969 1907; x_wconf 86' lang='grc' dir='ltr'>ἀλλότρια</span> <span class='ocrx_word' id='word_1_320' title='bbox 3008 1838 3101 1890; x_wconf 75' lang='grc' dir='ltr'>καὶ</span> <span class='ocrx_word' id='word_1_321' title='bbox 3137 1837 3371 1902; x_wconf 82' lang='grc' dir='ltr'>ἀνάξια,</span> <span class='ocrx_word' id='word_1_322' title='bbox 3405 1836 3447 1903; x_wconf 79' lang='grc' dir='ltr'><strong>ἢ</strong></span> <span class='ocrx_word' id='word_1_323' title='bbox 3477 1837 3676 1907; x_wconf 52' lang='grc' dir='ltr'>μᾶλλον</span> 
     </span>
    </p>
   </div>
   <div class='ocr_carea' id='block_1_48' title="bbox 2044 1928 3675 2003">
    <p class='ocr_par' dir='ltr' id='par_1_48' title="bbox 2044 1928 3675 2003">
     <span class='ocr_line' id='line_1_48' title="bbox 2044 1928 3675 2003; baseline -0.004 -18"><span class='ocrx_word' id='word_1_324' title='bbox 2044 1932 2141 2003; x_wconf 84' lang='grc' dir='ltr'>τὴν</span> <span class='ocrx_word' id='word_1_325' title='bbox 2180 1932 2314 2002; x_wconf 78' lang='grc' dir='ltr'>ὓλην</span> <span class='ocrx_word' id='word_1_326' title='bbox 2354 1931 2524 2003; x_wconf 80' lang='grc' dir='ltr'>αὐτὴν</span> <span class='ocrx_word' id='word_1_327' title='bbox 2561 1930 2659 2001; x_wconf 79' lang='grc' dir='ltr'><strong>τὴν</strong></span> <span class='ocrx_word' id='word_1_328' title='bbox 2697 1928 3013 2000; x_wconf 82' lang='grc' dir='ltr'>ἀνείδεον·)</span> <span class='ocrx_word' id='word_1_329' title='bbox 3050 1928 3143 1981; x_wconf 78' lang='grc' dir='ltr'><strong>καὶ</strong></span> <span class='ocrx_word' id='word_1_330' title='bbox 3178 1928 3384 1981; x_wconf 78' lang='grc' dir='ltr'>τοῦτον</span> <span class='ocrx_word' id='word_1_331' title='bbox 3430 1928 3675 1992; x_wconf 54' lang='grc' dir='ltr'>ὼςθεῖοτ</span> 
     </span>
    </p>
   </div>
   <div class='ocr_carea' id='block_1_49' title="bbox 2045 2019 3680 2094">
    <p class='ocr_par' dir='ltr' id='par_1_49' title="bbox 2045 2019 3680 2094">
     <span class='ocr_line' id='line_1_49' title="bbox 2045 2019 3680 2094; baseline -0.004 -19"><span class='ocrx_word' id='word_1_332' title='bbox 2045 2022 2418 2094; x_wconf 81' lang='grc' dir='ltr'>ἀποδεξόμεθα</span> <span class='ocrx_word' id='word_1_333' title='bbox 2454 2022 2719 2093; x_wconf 81' lang='grc' dir='ltr'>ὑμνῳδόν.</span> <span class='ocrx_word' id='word_1_334' title='bbox 2783 2021 3001 2093; x_wconf 80' lang='grc' dir='ltr'>Ταύτην</span> <span class='ocrx_word' id='word_1_335' title='bbox 3055 2020 3165 2092; x_wconf 76' lang='grc' dir='ltr'>γὰρ</span> <span class='ocrx_word' id='word_1_336' title='bbox 3221 2026 3541 2091; x_wconf 77' lang='grc' dir='ltr'>σωτηρίαν</span> <span class='ocrx_word' id='word_1_337' title='bbox 3578 2019 3680 2071; x_wconf 61' lang='grc' dir='ltr'>τῶν</span> 
     </span>
    </p>
   </div>
   <div class='ocr_carea' id='block_1_50' title="bbox 2042 2104 3678 2187">
    <p class='ocr_par' dir='ltr' id='par_1_50' title="bbox 2042 2104 3678 2187">
     <span class='ocr_line' id='line_1_50' title="bbox 2042 2104 3678 2187; baseline -0.002 -20"><span class='ocrx_word' id='word_1_338' title='bbox 2042 2115 2180 2169; x_wconf 83' lang='grc' dir='ltr'>ὅλων</span> <span class='ocrx_word' id='word_1_339' title='bbox 2236 2112 2545 2187; x_wconf 83' lang='grc' dir='ltr'>ἀξιώσομεν</span> <span class='ocrx_word' id='word_1_340' title='bbox 2602 2104 2738 2168; x_wconf 78' lang='grc' dir='ltr'>εἶναι</span> <span class='ocrx_word' id='word_1_341' title='bbox 2792 2114 2891 2185; x_wconf 83' lang='grc' dir='ltr'>τὴν</span> <span class='ocrx_word' id='word_1_342' title='bbox 2946 2112 3015 2166; x_wconf 88' lang='grc' dir='ltr'><strong>τά</strong></span> <span class='ocrx_word' id='word_1_343' title='bbox 3071 2113 3249 2167; x_wconf 80' lang='grc' dir='ltr'>πάντα</span> <span class='ocrx_word' id='word_1_344' title='bbox 3290 2114 3678 2184; x_wconf 65' lang='grc' dir='ltr'>ἀμετάϐλητα</span> 
     </span>
    </p>
   </div>
   <div class='ocr_carea' id='block_1_51' title="bbox 2042 2205 3677 2279">
    <p class='ocr_par' dir='ltr' id='par_1_51' title="bbox 2042 2205 3677 2279">
     <span class='ocr_line' id='line_1_51' title="bbox 2042 2205 3677 2279; baseline -0.002 -19"><span class='ocrx_word' id='word_1_345' title='bbox 2042 2209 2135 2260; x_wconf 80' lang='grc' dir='ltr'><strong>καὶ</strong></span> <span class='ocrx_word' id='word_1_346' title='bbox 2177 2208 2391 2278; x_wconf 73' lang='grc' dir='ltr'>ἀρρεπῆ</span> <span class='ocrx_word' id='word_1_347' title='bbox 2433 2207 2568 2278; x_wconf 89' lang='grc' dir='ltr'>πρὸς</span> <span class='ocrx_word' id='word_1_348' title='bbox 2604 2207 2672 2260; x_wconf 84' lang='grc' dir='ltr'><strong>τὰ</strong></span> <span class='ocrx_word' id='word_1_349' title='bbox 2710 2208 2879 2279; x_wconf 90' lang='grc' dir='ltr'>χείρω</span> <span class='ocrx_word' id='word_1_350' title='bbox 2917 2205 3311 2269; x_wconf 79' lang='grc' dir='ltr'>διασώζουσαν,</span> <span class='ocrx_word' id='word_1_351' title='bbox 3336 2208 3457 2259; x_wconf 75' lang='grc' dir='ltr'><strong>καὶ</strong></span> <span class='ocrx_word' id='word_1_352' title='bbox 3499 2209 3677 2259; x_wconf 61' lang='lat' dir='ltr'><strong>tis-ra</strong></span> 
     </span>
    </p>
   </div>
   <div class='ocr_carea' id='block_1_52' title="bbox 2041 2293 3677 2369">
    <p class='ocr_par' dir='ltr' id='par_1_52' title="bbox 2041 2293 3677 2369">
     <span class='ocr_line' id='line_1_52' title="bbox 2041 2293 3677 2369; baseline -0.004 -18"><span class='ocrx_word' id='word_1_353' title='bbox 2041 2297 2336 2369; x_wconf 77' lang='grc' dir='ltr'>ἀνισότητα</span> <span class='ocrx_word' id='word_1_354' title='bbox 2378 2298 2471 2351; x_wconf 70' lang='grc' dir='ltr'>καὶ</span> <span class='ocrx_word' id='word_1_355' title='bbox 2508 2294 2992 2367; x_wconf 81' lang='grc' dir='ltr'>ἀλλοτριοπραξίαν</span> <span class='ocrx_word' id='word_1_356' title='bbox 3032 2293 3428 2365; x_wconf 77' lang='grc' dir='ltr'>ὲξορίζουσαν,</span> <span class='ocrx_word' id='word_1_357' title='bbox 3457 2295 3562 2346; x_wconf 76' lang='grc' dir='ltr'><strong>καὶ</strong></span> <span class='ocrx_word' id='word_1_358' title='bbox 3584 2296 3677 2355; x_wconf 67' lang='grc' dir='ltr'><strong>τὰς</strong></span> 
     </span>
    </p>
   </div>
   <div class='ocr_carea' id='block_1_53' title="bbox 2042 2387 3674 2458">
    <p class='ocr_par' dir='ltr' id='par_1_53' title="bbox 2042 2387 3674 2458">
     <span class='ocr_line' id='line_1_53' title="bbox 2042 2387 3674 2458; baseline -0.003 -17"><span class='ocrx_word' id='word_1_359' title='bbox 2042 2391 2274 2443; x_wconf 79' lang='grc' dir='ltr'>ἑκάστου</span> <span class='ocrx_word' id='word_1_360' title='bbox 2330 2389 2618 2458; x_wconf 80' lang='grc' dir='ltr'>ἀναλογίας</span> <span class='ocrx_word' id='word_1_361' title='bbox 2659 2390 3098 2443; x_wconf 84' lang='grc' dir='ltr'>συνιστάνουσαν.</span> <span class='ocrx_word' id='word_1_362' title='bbox 3156 2389 3219 2440; x_wconf 68' lang='lat' dir='ltr'><strong>Et</strong></span> <span class='ocrx_word' id='word_1_363' title='bbox 3256 2387 3376 2456; x_wconf 80' lang='grc' dir='ltr'><strong>γὰρ</strong></span> <span class='ocrx_word' id='word_1_364' title='bbox 3424 2388 3674 2455; x_wconf 69' lang='grc' dir='ltr'>ἐκλεῖιξει</span> 
     </span>
    </p>
   </div>
   <div class='ocr_carea' id='block_1_54' title="bbox 2039 2479 3676 2555">
    <p class='ocr_par' dir='ltr' id='par_1_54' title="bbox 2039 2479 3676 2555">
     <span class='ocr_line' id='line_1_54' title="bbox 2039 2479 3676 2555; baseline -0.004 -19"><span class='ocrx_word' id='word_1_365' title='bbox 2039 2482 2097 2536; x_wconf 90' lang='grc' dir='ltr'><strong>τὸ</strong></span> <span class='ocrx_word' id='word_1_366' title='bbox 2134 2483 2298 2555; x_wconf 84' lang='grc' dir='ltr'>ὑγρὸν</span> <span class='ocrx_word' id='word_1_367' title='bbox 2340 2485 2403 2536; x_wconf 78' lang='grc' dir='ltr'>ὲκ</span> <span class='ocrx_word' id='word_1_368' title='bbox 2439 2482 2535 2535; x_wconf 80' lang='grc' dir='ltr'><strong>τοῦ</strong></span> <span class='ocrx_word' id='word_1_369' title='bbox 2593 2481 2802 2545; x_wconf 79' lang='grc' dir='ltr'>ὓδατος,</span> <span class='ocrx_word' id='word_1_370' title='bbox 2859 2482 2960 2551; x_wconf 79' lang='grc' dir='ltr'><strong>οὐχ</strong></span> <span class='ocrx_word' id='word_1_371' title='bbox 3013 2480 3157 2551; x_wconf 75' lang='grc' dir='ltr'>ὕδωρ</span> <span class='ocrx_word' id='word_1_372' title='bbox 3209 2479 3416 2531; x_wconf 76' lang='grc' dir='ltr'><strong>ἔσται⁸</strong></span> <span class='ocrx_word' id='word_1_373' title='bbox 3492 2483 3544 2531; x_wconf 78' lang='grc' dir='ltr'><strong>εἰ</strong></span> <span class='ocrx_word' id='word_1_374' title='bbox 3589 2484 3676 2531; x_wconf 74' lang='grc' dir='ltr'>ἐπὶ</span> 
     </span>
    </p>
   </div>
   <div class='ocr_carea' id='block_1_55' title="bbox 2041 2572 3675 2647">
    <p class='ocr_par' dir='ltr' id='par_1_55' title="bbox 2041 2572 3675 2647">
     <span class='ocr_line' id='line_1_55' title="bbox 2041 2572 3675 2647; baseline -0.006 -17"><span class='ocrx_word' id='word_1_375' title='bbox 2041 2578 2202 2632; x_wconf 80' lang='grc' dir='ltr'>πλέον</span> <span class='ocrx_word' id='word_1_376' title='bbox 2258 2577 2645 2647; x_wconf 80' lang='grc' dir='ltr'>ἐγγενήσεται,</span> <span class='ocrx_word' id='word_1_377' title='bbox 2703 2574 2832 2628; x_wconf 81' lang='grc' dir='ltr'>ἀλλο</span> <span class='ocrx_word' id='word_1_378' title='bbox 2882 2594 2935 2629; x_wconf 87' lang='grc' dir='ltr'><strong>τι</strong></span> <span class='ocrx_word' id='word_1_379' title='bbox 2992 2576 3316 2644; x_wconf 86' lang='grc' dir='ltr'>γενήσεται·</span> <span class='ocrx_word' id='word_1_380' title='bbox 3382 2573 3528 2626; x_wconf 78' lang='grc' dir='ltr'>ἐπεὶ</span> <span class='ocrx_word' id='word_1_381' title='bbox 3586 2572 3675 2623; x_wconf 79' lang='grc' dir='ltr'><strong>καὶ</strong></span> 
     </span>
    </p>
   </div>
   <div class='ocr_carea' id='block_1_56' title="bbox 2040 2662 3675 2739">
    <p class='ocr_par' dir='ltr' id='par_1_56' title="bbox 2040 2662 3675 2739">
     <span class='ocr_line' id='line_1_56' title="bbox 2040 2662 3675 2739; baseline -0.003 -19"><span class='ocrx_word' id='word_1_382' title='bbox 2040 2668 2414 2739; x_wconf 77' lang='grc' dir='ltr'>ἀπολύτρωσις</span> <span class='ocrx_word' id='word_1_383' title='bbox 2448 2665 2665 2736; x_wconf 82' lang='grc' dir='ltr'>λεχθείη</span> <span class='ocrx_word' id='word_1_384' title='bbox 2716 2666 2750 2736; x_wconf 88' lang='grc' dir='ltr'><strong>ἡ</strong></span> <span class='ocrx_word' id='word_1_385' title='bbox 2787 2665 3011 2736; x_wconf 81' lang='grc' dir='ltr'>τοιαύτη</span> <span class='ocrx_word' id='word_1_386' title='bbox 3066 2662 3335 2732; x_wconf 80' lang='grc' dir='ltr'>σωτηρία,</span> <span class='ocrx_word' id='word_1_387' title='bbox 3408 2664 3507 2715; x_wconf 82' lang='grc' dir='ltr'><strong>ὅτι</strong></span> <span class='ocrx_word' id='word_1_388' title='bbox 3549 2664 3675 2715; x_wconf 76' lang='grc' dir='ltr'>ἀπο-</span> 
     </span>
    </p>
   </div>
   <div class='ocr_carea' id='block_1_57' title="bbox 2039 2765 3671 2838">
    <p class='ocr_par' dir='ltr' id='par_1_57' title="bbox 2039 2765 3671 2838">
     <span class='ocr_line' id='line_1_57' title="bbox 2039 2765 3671 2838; baseline -0.004 -18"><span class='ocrx_word' id='word_1_389' title='bbox 2039 2767 2361 2838; x_wconf 78' lang='grc' dir='ltr'>λυτροῢνται</span> <span class='ocrx_word' id='word_1_390' title='bbox 2397 2767 2465 2821; x_wconf 77' lang='grc' dir='ltr'>τὰ</span> <span class='ocrx_word' id='word_1_391' title='bbox 2519 2767 2805 2838; x_wconf 76' lang='grc' dir='ltr'>σωζόμενα</span> <span class='ocrx_word' id='word_1_392' title='bbox 2854 2767 2954 2837; x_wconf 80' lang='grc' dir='ltr'>τῆς</span> <span class='ocrx_word' id='word_1_393' title='bbox 3006 2765 3114 2818; x_wconf 85' lang='grc' dir='ltr'><strong>τῶν</strong></span> <span class='ocrx_word' id='word_1_394' title='bbox 3160 2765 3391 2819; x_wconf 85' lang='grc' dir='ltr'>οἰκείων</span> <span class='ocrx_word' id='word_1_395' title='bbox 3439 2766 3671 2834; x_wconf 66' lang='grc' dir='ltr'>ἀγαθῶν</span> 
     </span>
    </p>
   </div>
   <div class='ocr_carea' id='block_1_58' title="bbox 2039 2854 3669 2928">
    <p class='ocr_par' dir='ltr' id='par_1_58' title="bbox 2039 2854 3669 2928">
     <span class='ocr_line' id='line_1_58' title="bbox 2039 2854 3669 2928; baseline -0.003 -15"><span class='ocrx_word' id='word_1_396' title='bbox 2039 2858 2449 2925; x_wconf 86' lang='grc' dir='ltr'>ἀποπτώσεως,</span> <span class='ocrx_word' id='word_1_397' title='bbox 2509 2860 2604 2912; x_wconf 74' lang='grc' dir='ltr'><strong>καὶ</strong></span> <span class='ocrx_word' id='word_1_398' title='bbox 2657 2860 2760 2912; x_wconf 82' lang='grc' dir='ltr'><strong>οὐκ</strong></span> <span class='ocrx_word' id='word_1_399' title='bbox 2818 2857 3016 2918; x_wconf 76' lang='grc' dir='ltr'>ἐῶνται</span> <span class='ocrx_word' id='word_1_400' title='bbox 3058 2856 3193 2928; x_wconf 85' lang='grc' dir='ltr'>πρὸς</span> <span class='ocrx_word' id='word_1_401' title='bbox 3248 2856 3314 2908; x_wconf 91' lang='grc' dir='ltr'><strong>τὸ</strong></span> <span class='ocrx_word' id='word_1_402' title='bbox 3376 2856 3470 2927; x_wconf 81' lang='grc' dir='ltr'>μὴ</span> <span class='ocrx_word' id='word_1_403' title='bbox 3532 2854 3669 2910; x_wconf 73' lang='grc' dir='ltr'>εἶναι</span> 
     </span>
    </p>
   </div>
   <div class='ocr_carea' id='block_1_59' title="bbox 2038 2949 3669 3021">
    <p class='ocr_par' dir='ltr' id='par_1_59' title="bbox 2038 2949 3669 3021">
     <span class='ocr_line' id='line_1_59' title="bbox 2038 2949 3669 3021; baseline -0.002 -16"><span class='ocrx_word' id='word_1_404' title='bbox 2038 2952 2345 3007; x_wconf 67' lang='grc' dir='ltr'><strong>διαπεσεῖν⁸</strong></span> <span class='ocrx_word' id='word_1_405' title='bbox 2388 2954 2482 3006; x_wconf 73' lang='grc' dir='ltr'><strong>καὶ</strong></span> <span class='ocrx_word' id='word_1_406' title='bbox 2514 2954 2618 3016; x_wconf 84' lang='grc' dir='ltr'>ὅτι,</span> <span class='ocrx_word' id='word_1_407' title='bbox 2660 2951 2714 3005; x_wconf 78' lang='grc' dir='ltr'>ετ</span> <span class='ocrx_word' id='word_1_408' title='bbox 2745 2969 2799 3004; x_wconf 89' lang='grc' dir='ltr'><strong>τι</strong></span> <span class='ocrx_word' id='word_1_409' title='bbox 2837 2951 2974 3021; x_wconf 87' lang='grc' dir='ltr'>πρὸς</span> <span class='ocrx_word' id='word_1_410' title='bbox 3025 2951 3088 3003; x_wconf 90' lang='grc' dir='ltr'><strong>τὸ</strong></span> <span class='ocrx_word' id='word_1_411' title='bbox 3143 2949 3491 3021; x_wconf 81' lang='grc' dir='ltr'>πλημμελὲς</span> <span class='ocrx_word' id='word_1_412' title='bbox 3535 2952 3669 3003; x_wconf 71' lang='grc' dir='ltr'>ἀπο-</span> 
     </span>
    </p>
   </div>
   <div class='ocr_carea' id='block_1_60' title="bbox 350 3041 1941 3131">
    <p class='ocr_par' dir='ltr' id='par_1_60' title="bbox 350 3044 1937 3120">
     <span class='ocr_line' id='line_1_60' title="bbox 350 3044 1937 3120; baseline 0.003 -20"><span class='ocrx_word' id='word_1_413' title='bbox 350 3045 587 3100; x_wconf 86' lang='lat' dir='ltr'><strong>nihilum</strong></span> <span class='ocrx_word' id='word_1_414' title='bbox 648 3044 820 3114; x_wconf 83' lang='lat' dir='ltr'><strong>redigi</strong></span> <span class='ocrx_word' id='word_1_415' title='bbox 868 3044 1298 3114; x_wconf 90' lang='lat' dir='ltr'><strong>permittuntur;</strong></span> <span class='ocrx_word' id='word_1_416' title='bbox 1344 3055 1398 3100; x_wconf 92' lang='lat' dir='ltr'><strong>et</strong></span> <span class='ocrx_word' id='word_1_417' title='bbox 1443 3046 1487 3100; x_wconf 92' lang='lat' dir='ltr'><strong>si</strong></span> <span class='ocrx_word' id='word_1_418' title='bbox 1548 3048 1675 3116; x_wconf 89' lang='lat' dir='ltr'><strong>quid</strong></span> <span class='ocrx_word' id='word_1_419' title='bbox 1711 3048 1776 3104; x_wconf 91' lang='lat' dir='ltr'><strong>ad</strong></span> <span class='ocrx_word' id='word_1_420' title='bbox 1811 3065 1937 3120; x_wconf 90' lang='lat' dir='ltr'><strong>pec-</strong></span> 
     </span>
    </p>
   </div>
   <div class='ocr_carea' id='block_1_61' title="bbox 2129 3041 3666 3131">
    <p class='ocr_par' dir='ltr' id='par_1_61' title="bbox 2129 3041 3666 3115">
     <span class='ocr_line' id='line_1_61' title="bbox 2129 3041 3666 3115; baseline -0.002 -17"><span class='ocrx_word' id='word_1_421' title='bbox 2129 3044 2293 3115; x_wconf 78' lang='grc' dir='ltr'>ιλείη,</span> <span class='ocrx_word' id='word_1_422' title='bbox 2349 3043 2442 3097; x_wconf 83' lang='grc' dir='ltr'>τοῦ</span> <span class='ocrx_word' id='word_1_423' title='bbox 2518 3043 2760 3097; x_wconf 87' lang='grc' dir='ltr'>τοιούτου</span> <span class='ocrx_word' id='word_1_424' title='bbox 2816 3043 3023 3107; x_wconf 82' lang='grc' dir='ltr'>πάθους</span> <span class='ocrx_word' id='word_1_425' title='bbox 3072 3041 3500 3113; x_wconf 78' lang='grc' dir='ltr'>ἀπολυτροῦται</span> <span class='ocrx_word' id='word_1_426' title='bbox 3564 3062 3666 3095; x_wconf 77' lang='grc' dir='ltr'>πα-</span> 
     </span>
    </p>
   </div>
   <div class='ocr_carea' id='block_1_62' title="bbox 349 3136 1942 3201">
    <p class='ocr_par' dir='ltr' id='par_1_62' title="bbox 349 3136 1942 3201">
     <span class='ocr_line' id='line_1_62' title="bbox 349 3136 1942 3201; baseline 0.003 -9"><span class='ocrx_word' id='word_1_427' title='bbox 349 3149 538 3192; x_wconf 82' lang='lat' dir='ltr'><strong>eatum</strong></span> <span class='ocrx_word' id='word_1_428' title='bbox 582 3136 858 3201; x_wconf 80' lang='lat' dir='ltr'><strong>deﬂectat.</strong></span> <span class='ocrx_word' id='word_1_429' title='bbox 905 3139 1020 3194; x_wconf 71' lang='lat' dir='ltr'><strong>liaze</strong></span> <span class='ocrx_word' id='word_1_430' title='bbox 1066 3137 1135 3192; x_wconf 88' lang='lat' dir='ltr'><strong>ab</strong></span> <span class='ocrx_word' id='word_1_431' title='bbox 1195 3138 1505 3193; x_wconf 90' lang='lat' dir='ltr'><strong>istiusmodi</strong></span> <span class='ocrx_word' id='word_1_432' title='bbox 1544 3138 1834 3197; x_wconf 71' lang='lat' dir='ltr'><strong>affectione</strong></span> <span class='ocrx_word' id='word_1_433' title='bbox 1875 3144 1942 3198; x_wconf 83' lang='lat' dir='ltr'><strong>li-</strong></span> 
     </span>
    </p>
   </div>
   <div class='ocr_carea' id='block_1_63' title="bbox 350 3230 1938 3300">
    <p class='ocr_par' dir='ltr' id='par_1_63' title="bbox 350 3230 1938 3300">
     <span class='ocr_line' id='line_1_63' title="bbox 350 3230 1938 3300; baseline 0.003 -16"><span class='ocrx_word' id='word_1_434' title='bbox 350 3230 511 3284; x_wconf 89' lang='lat' dir='ltr'><strong>berat</strong></span> <span class='ocrx_word' id='word_1_435' title='bbox 548 3238 781 3299; x_wconf 90' lang='lat' dir='ltr'><strong>paterne</strong></span> <span class='ocrx_word' id='word_1_436' title='bbox 819 3230 1162 3295; x_wconf 85' lang='lat' dir='ltr'><strong>sul‘l&#39;nlciens,</strong></span> <span class='ocrx_word' id='word_1_437' title='bbox 1222 3231 1538 3300; x_wconf 90' lang='lat' dir='ltr'><strong>bonumque</strong></span> <span class='ocrx_word' id='word_1_438' title='bbox 1576 3235 1938 3299; x_wconf 86' lang='lat' dir='ltr'><strong>resuscitans,</strong></span> 
     </span>
    </p>
   </div>
   <div class='ocr_carea' id='block_1_64' title="bbox 343 3321 1941 3391">
    <p class='ocr_par' dir='ltr' id='par_1_64' title="bbox 343 3321 1941 3391">
     <span class='ocr_line' id='line_1_64' title="bbox 343 3321 1941 3391; baseline 0.004 -18"><span class='ocrx_word' id='word_1_439' title='bbox 343 3321 596 3390; x_wconf 87' lang='lat' dir='ltr'><strong>quinimo</strong></span> <span class='ocrx_word' id='word_1_440' title='bbox 616 3322 806 3388; x_wconf 87' lang='lat' dir='ltr'><strong>etiam,</strong></span> <span class='ocrx_word' id='word_1_441' title='bbox 846 3331 1139 3391; x_wconf 89' lang='lat' dir='ltr'><strong>antequam</strong></span> <span class='ocrx_word' id='word_1_442' title='bbox 1165 3321 1219 3376; x_wconf 94' lang='lat' dir='ltr'><strong>in</strong></span> <span class='ocrx_word' id='word_1_443' title='bbox 1247 3321 1451 3375; x_wconf 89' lang='lat' dir='ltr'><strong>tnalum</strong></span> <span class='ocrx_word' id='word_1_444' title='bbox 1475 3323 1699 3389; x_wconf 88' lang='lat' dir='ltr'><strong>incidat,</strong></span> <span class='ocrx_word' id='word_1_445' title='bbox 1723 3325 1775 3379; x_wconf 92' lang='lat' dir='ltr'><strong>in</strong></span> <span class='ocrx_word' id='word_1_446' title='bbox 1799 3326 1941 3380; x_wconf 92' lang='lat' dir='ltr'><strong>bono</strong></span> 
     </span>
    </p>
   </div>
   <div class='ocr_carea' id='block_1_65' title="bbox 350 3411 1942 3482">
    <p class='ocr_par' dir='ltr' id='par_1_65' title="bbox 350 3411 1942 3482">
     <span class='ocr_line' id='line_1_65' title="bbox 350 3411 1942 3482; baseline 0.004 -18"><span class='ocrx_word' id='word_1_447' title='bbox 350 3413 603 3474; x_wconf 87' lang='lat' dir='ltr'><strong>firmans,</strong></span> <span class='ocrx_word' id='word_1_448' title='bbox 625 3420 681 3466; x_wconf 91' lang='lat' dir='ltr'><strong>et</strong></span> <span class='ocrx_word' id='word_1_449' title='bbox 703 3411 978 3466; x_wconf 88' lang='lat' dir='ltr'><strong>defectum</strong></span> <span class='ocrx_word' id='word_1_450' title='bbox 1018 3411 1270 3482; x_wconf 90' lang='lat' dir='ltr'><strong>implens,</strong></span> <span class='ocrx_word' id='word_1_451' title='bbox 1296 3423 1351 3467; x_wconf 91' lang='lat' dir='ltr'><strong>et</strong></span> <span class='ocrx_word' id='word_1_452' title='bbox 1386 3412 1455 3467; x_wconf 89' lang='lat' dir='ltr'><strong>ab</strong></span> <span class='ocrx_word' id='word_1_453' title='bbox 1495 3413 1749 3470; x_wconf 87' lang='lat' dir='ltr'><strong>omnibus</strong></span> <span class='ocrx_word' id='word_1_454' title='bbox 1784 3417 1942 3471; x_wconf 87' lang='lat' dir='ltr'><strong>noxis</strong></span> 
     </span>
    </p>
   </div>
   <div class='ocr_carea' id='block_1_66' title="bbox 348 3502 656 3557">
    <p class='ocr_par' dir='ltr' id='par_1_66' title="bbox 348 3502 656 3557">
     <span class='ocr_line' id='line_1_66' title="bbox 348 3502 656 3557; baseline 0 0"><span class='ocrx_word' id='word_1_455' title='bbox 348 3502 656 3557; x_wconf 85' lang='lat' dir='ltr'><strong>absolvens.</strong></span> 
     </span>
    </p>
   </div>
   <div class='ocr_carea' id='block_1_67' title="bbox 422 3592 1940 3667">
    <p class='ocr_par' dir='ltr' id='par_1_67' title="bbox 422 3592 1940 3667">
     <span class='ocr_line' id='line_1_67' title="bbox 422 3592 1940 3667; baseline 0.005 -19"><span class='ocrx_word' id='word_1_456' title='bbox 422 3592 539 3649; x_wconf 77' lang='lat' dir='ltr'><strong>Hoc</strong></span> <span class='ocrx_word' id='word_1_457' title='bbox 575 3593 799 3662; x_wconf 87' lang='lat' dir='ltr'><strong>quidem</strong></span> <span class='ocrx_word' id='word_1_458' title='bbox 824 3594 906 3655; x_wconf 68' lang='lat' dir='ltr'><strong>,de</strong></span> <span class='ocrx_word' id='word_1_459' title='bbox 962 3592 1048 3648; x_wconf 84' lang='lat' dir='ltr'><strong>lllS</strong></span> <span class='ocrx_word' id='word_1_460' title='bbox 1088 3592 1290 3648; x_wconf 90' lang='lat' dir='ltr'><strong>dictum</strong></span> <span class='ocrx_word' id='word_1_461' title='bbox 1351 3609 1416 3649; x_wconf 81' lang='lat' dir='ltr'><strong>ac</strong></span> <span class='ocrx_word' id='word_1_462' title='bbox 1455 3595 1522 3650; x_wconf 89' lang='lat' dir='ltr'><strong>de</strong></span> <span class='ocrx_word' id='word_1_463' title='bbox 1573 3596 1807 3667; x_wconf 85' lang='lat' dir='ltr'><strong>justitia,</strong></span> <span class='ocrx_word' id='word_1_464' title='bbox 1849 3615 1940 3655; x_wconf 87' lang='lat' dir='ltr'><strong>se-</strong></span> 
     </span>
    </p>
   </div>
   <div class='ocr_carea' id='block_1_68' title="bbox 349 3687 1938 3760">
    <p class='ocr_par' dir='ltr' id='par_1_68' title="bbox 349 3687 1938 3760">
     <span class='ocr_line' id='line_1_68' title="bbox 349 3687 1938 3760; baseline 0.005 -22"><span class='ocrx_word' id='word_1_465' title='bbox 349 3687 590 3741; x_wconf 85' lang='lat' dir='ltr'><strong>cundum</strong></span> <span class='ocrx_word' id='word_1_466' title='bbox 627 3700 790 3755; x_wconf 89' lang='lat' dir='ltr'><strong>quam</strong></span> <span class='ocrx_word' id='word_1_467' title='bbox 833 3687 1019 3757; x_wconf 86' lang='lat' dir='ltr'><strong>utique</strong></span> <span class='ocrx_word' id='word_1_468' title='bbox 1050 3687 1320 3757; x_wconf 88' lang='lat' dir='ltr'><strong>justitiam</strong></span> <span class='ocrx_word' id='word_1_469' title='bbox 1362 3690 1611 3745; x_wconf 89' lang='lat' dir='ltr'><strong>omnium</strong></span> <span class='ocrx_word' id='word_1_470' title='bbox 1653 3692 1938 3760; x_wconf 66' lang='lat' dir='ltr'><strong>mqualitas</strong></span> 
     </span>
    </p>
   </div>
   <div class='ocr_carea' id='block_1_69' title="bbox 348 3781 1937 3853">
    <p class='ocr_par' dir='ltr' id='par_1_69' title="bbox 348 3781 1937 3853">
     <span class='ocr_line' id='line_1_69' title="bbox 348 3781 1937 3853; baseline 0.005 -21"><span class='ocrx_word' id='word_1_471' title='bbox 348 3788 701 3834; x_wconf 84' lang='lat' dir='ltr'><strong>mensuratur</strong></span> <span class='ocrx_word' id='word_1_472' title='bbox 737 3794 803 3835; x_wconf 91' lang='lat' dir='ltr'><strong>ac</strong></span> <span class='ocrx_word' id='word_1_473' title='bbox 860 3781 1158 3846; x_wconf 88' lang='lat' dir='ltr'><strong>definitur;</strong></span> <span class='ocrx_word' id='word_1_474' title='bbox 1220 3782 1512 3853; x_wconf 91' lang='lat' dir='ltr'><strong>omnisque</strong></span> <span class='ocrx_word' id='word_1_475' title='bbox 1574 3783 1937 3852; x_wconf 62' lang='lat' dir='ltr'><strong>inagqnalitas,</strong></span> 
     </span>
    </p>
   </div>
   <div class='ocr_carea' id='block_1_70' title="bbox 340 3872 1936 3945">
    <p class='ocr_par' dir='ltr' id='par_1_70' title="bbox 340 3872 1936 3945">
     <span class='ocr_line' id='line_1_70' title="bbox 340 3872 1936 3945; baseline 0.003 -21"><span class='ocrx_word' id='word_1_476' title='bbox 340 3886 471 3942; x_wconf 72' lang='lat' dir='ltr'><strong>quae</strong></span> <span class='ocrx_word' id='word_1_477' title='bbox 507 3872 807 3927; x_wconf 88' lang='lat' dir='ltr'><strong>secundum</strong></span> <span class='ocrx_word' id='word_1_478' title='bbox 868 3874 1229 3942; x_wconf 89' lang='lat' dir='ltr'><strong>privationem</strong></span> <span class='ocrx_word' id='word_1_479' title='bbox 1290 3876 1625 3945; x_wconf 81' lang='lat' dir='ltr'><strong>:equalitatis</strong></span> <span class='ocrx_word' id='word_1_480' title='bbox 1681 3881 1936 3939; x_wconf 83' lang='lat' dir='ltr'><strong>sumitur,</strong></span> 
     </span>
    </p>
   </div>
   <div class='ocr_carea' id='block_1_71' title="bbox 347 3962 1939 4035">
    <p class='ocr_par' dir='ltr' id='par_1_71' title="bbox 347 3962 1939 4035">
     <span class='ocr_line' id='line_1_71' title="bbox 347 3962 1939 4035; baseline 0.003 -20"><span class='ocrx_word' id='word_1_481' title='bbox 347 3962 774 4017; x_wconf 83' lang='lat' dir='ltr'><strong>exterminatur.</strong></span> <span class='ocrx_word' id='word_1_482' title='bbox 816 3962 1057 4019; x_wconf 89' lang='lat' dir='ltr'><strong>Observa</strong></span> <span class='ocrx_word' id='word_1_483' title='bbox 1116 3972 1318 4029; x_wconf 88' lang='lat' dir='ltr'><strong>autem,</strong></span> <span class='ocrx_word' id='word_1_484' title='bbox 1361 3966 1537 4035; x_wconf 87' lang='lat' dir='ltr'><strong>qualis</strong></span> <span class='ocrx_word' id='word_1_485' title='bbox 1601 3966 1939 4035; x_wconf 69' lang='lat' dir='ltr'><strong>inmqualitas</strong></span> 
     </span>
    </p>
   </div>
   <div class='ocr_carea' id='block_1_72' title="bbox 347 4054 1941 4130">
    <p class='ocr_par' dir='ltr' id='par_1_72' title="bbox 347 4054 1941 4130">
     <span class='ocr_line' id='line_1_72' title="bbox 347 4054 1941 4130; baseline 0.004 -22"><span class='ocrx_word' id='word_1_486' title='bbox 347 4054 693 4121; x_wconf 75' lang='lat' dir='ltr'><strong>eliminatur,</strong></span> <span class='ocrx_word' id='word_1_487' title='bbox 742 4056 956 4111; x_wconf 81' lang='lat' dir='ltr'><strong>scilicet</strong></span> <span class='ocrx_word' id='word_1_488' title='bbox 1002 4073 1125 4127; x_wconf 72' lang='lat' dir='ltr'><strong>qua:</strong></span> <span class='ocrx_word' id='word_1_489' title='bbox 1183 4070 1269 4116; x_wconf 89' lang='lat' dir='ltr'><strong>est</strong></span> <span class='ocrx_word' id='word_1_490' title='bbox 1322 4062 1623 4115; x_wconf 89' lang='lat' dir='ltr'><strong>secundum</strong></span> <span class='ocrx_word' id='word_1_491' title='bbox 1684 4061 1941 4130; x_wconf 88' lang='lat' dir='ltr'><strong>privatio-</strong></span> 
     </span>
    </p>
   </div>
   <div class='ocr_carea' id='block_1_73' title="bbox 348 4148 1937 4222">
    <p class='ocr_par' dir='ltr' id='par_1_73' title="bbox 348 4148 1937 4222">
     <span class='ocr_line' id='line_1_73' title="bbox 348 4148 1937 4222; baseline 0.004 -22"><span class='ocrx_word' id='word_1_492' title='bbox 348 4161 477 4201; x_wconf 89' lang='lat' dir='ltr'><strong>nem</strong></span> <span class='ocrx_word' id='word_1_493' title='bbox 513 4148 844 4217; x_wconf 72' lang='lat' dir='ltr'><strong>zrqualitatis</strong></span> <span class='ocrx_word' id='word_1_494' title='bbox 882 4167 894 4201; x_wconf 91' lang='lat'><strong>:</strong></span> <span class='ocrx_word' id='word_1_495' title='bbox 933 4160 1019 4204; x_wconf 87' lang='lat' dir='ltr'><strong>est</strong></span> <span class='ocrx_word' id='word_1_496' title='bbox 1071 4151 1217 4205; x_wconf 91' lang='lat' dir='ltr'><strong>enim</strong></span> <span class='ocrx_word' id='word_1_497' title='bbox 1261 4153 1604 4222; x_wconf 83' lang='lat' dir='ltr'><strong>inaequalitas</strong></span> <span class='ocrx_word' id='word_1_498' title='bbox 1642 4154 1831 4219; x_wconf 90' lang='lat' dir='ltr'><strong>etiam,</strong></span> <span class='ocrx_word' id='word_1_499' title='bbox 1885 4154 1937 4207; x_wconf 91' lang='lat' dir='ltr'><strong>in</strong></span> 
     </span>
    </p>
   </div>
   <div class='ocr_carea' id='block_1_74' title="bbox 349 4238 1935 4314">
    <p class='ocr_par' dir='ltr' id='par_1_74' title="bbox 349 4238 1935 4314">
     <span class='ocr_line' id='line_1_74' title="bbox 349 4238 1935 4314; baseline 0.005 -23"><span class='ocrx_word' id='word_1_500' title='bbox 349 4238 498 4291; x_wconf 88' lang='lat' dir='ltr'><strong>omni</strong></span> <span class='ocrx_word' id='word_1_501' title='bbox 539 4248 652 4294; x_wconf 92' lang='lat' dir='ltr'><strong>toto</strong></span> <span class='ocrx_word' id='word_1_502' title='bbox 688 4241 754 4293; x_wconf 90' lang='lat' dir='ltr'><strong>ad</strong></span> <span class='ocrx_word' id='word_1_503' title='bbox 797 4250 971 4297; x_wconf 66' lang='lat' dir='ltr'><strong>totum</strong></span> <span class='ocrx_word' id='word_1_504' title='bbox 1033 4243 1361 4307; x_wconf 76' lang='lat' dir='ltr'><strong>differentia,</strong></span> <span class='ocrx_word' id='word_1_505' title='bbox 1415 4245 1717 4298; x_wconf 85' lang='lat' dir='ltr'><strong>secundum</strong></span> <span class='ocrx_word' id='word_1_506' title='bbox 1774 4261 1935 4314; x_wconf 89' lang='lat' dir='ltr'><strong>quam</strong></span> 
     </span>
    </p>
   </div>
   <div class='ocr_carea' id='block_1_75' title="bbox 347 4328 1938 4406">
    <p class='ocr_par' dir='ltr' id='par_1_75' title="bbox 347 4328 1938 4406">
     <span class='ocr_line' id='line_1_75' title="bbox 347 4328 1938 4406; baseline 0.004 -23"><span class='ocrx_word' id='word_1_507' title='bbox 347 4328 621 4400; x_wconf 85' lang='lat' dir='ltr'><strong>quidlibet</strong></span> <span class='ocrx_word' id='word_1_508' title='bbox 657 4346 686 4383; x_wconf 91' lang='lat' dir='ltr'><strong>a</strong></span> <span class='ocrx_word' id='word_1_509' title='bbox 727 4332 973 4400; x_wconf 86' lang='lat' dir='ltr'><strong>quolibet</strong></span> <span class='ocrx_word' id='word_1_510' title='bbox 1010 4334 1215 4389; x_wconf 77' lang='lat' dir='ltr'><strong>differt.</strong></span> <span class='ocrx_word' id='word_1_511' title='bbox 1260 4335 1447 4389; x_wconf 90' lang='lat' dir='ltr'><strong>Talem</strong></span> <span class='ocrx_word' id='word_1_512' title='bbox 1472 4335 1659 4404; x_wconf 87' lang='lat' dir='ltr'><strong>itaque</strong></span> <span class='ocrx_word' id='word_1_513' title='bbox 1699 4336 1938 4406; x_wconf 64' lang='lat' dir='ltr'><strong>inmqua-</strong></span> 
     </span>
    </p>
   </div>
   <div class='ocr_carea' id='block_1_76' title="bbox 2042 3134 3665 3210">
    <p class='ocr_par' dir='ltr' id='par_1_76' title="bbox 2042 3134 3665 3210">
     <span class='ocr_line' id='line_1_76' title="bbox 2042 3134 3665 3210; baseline -0.002 -19"><span class='ocrx_word' id='word_1_514' title='bbox 2042 3138 2247 3210; x_wconf 80' lang='grc' dir='ltr'>τρικῶς</span> <span class='ocrx_word' id='word_1_515' title='bbox 2304 3136 2738 3208; x_wconf 86' lang='grc' dir='ltr'>ὑπεριδρύουσα,</span> <span class='ocrx_word' id='word_1_516' title='bbox 2797 3137 2893 3190; x_wconf 73' lang='grc' dir='ltr'><strong>καὶ</strong></span> <span class='ocrx_word' id='word_1_517' title='bbox 2943 3136 3040 3189; x_wconf 77' lang='grc' dir='ltr'>τοῦ</span> <span class='ocrx_word' id='word_1_518' title='bbox 3096 3134 3262 3188; x_wconf 81' lang='grc' dir='ltr'>καλοῦ</span> <span class='ocrx_word' id='word_1_519' title='bbox 3322 3135 3665 3196; x_wconf 80' lang='grc' dir='ltr'>ἀνιστῶσα,</span> 
     </span>
    </p>
   </div>
   <div class='ocr_carea' id='block_1_77' title="bbox 2047 3225 3661 3304">
    <p class='ocr_par' dir='ltr' id='par_1_77' title="bbox 2047 3225 3661 3304">
     <span class='ocr_line' id='line_1_77' title="bbox 2047 3225 3661 3304; baseline -0.006 -17"><span class='ocrx_word' id='word_1_520' title='bbox 2047 3233 2247 3304; x_wconf 78' lang='grc' dir='ltr'>μᾶλλον</span> <span class='ocrx_word' id='word_1_521' title='bbox 2284 3231 2341 3284; x_wconf 81' lang='grc' dir='ltr'><strong>δὲ</strong></span> <span class='ocrx_word' id='word_1_522' title='bbox 2378 3231 2473 3283; x_wconf 72' lang='grc' dir='ltr'><strong>καὶ</strong></span> <span class='ocrx_word' id='word_1_523' title='bbox 2507 3230 2613 3302; x_wconf 89' lang='grc' dir='ltr'><strong>πρὸ</strong></span> <span class='ocrx_word' id='word_1_524' title='bbox 2650 3229 2743 3282; x_wconf 80' lang='grc' dir='ltr'>τοῦ</span> <span class='ocrx_word' id='word_1_525' title='bbox 2800 3230 2987 3282; x_wconf 87' lang='grc' dir='ltr'>πεσεῖν</span> <span class='ocrx_word' id='word_1_526' title='bbox 3025 3228 3104 3291; x_wconf 82' lang='grc' dir='ltr'><strong>εἰς</strong></span> <span class='ocrx_word' id='word_1_527' title='bbox 3141 3225 3202 3278; x_wconf 90' lang='grc' dir='ltr'><strong>τὸ</strong></span> <span class='ocrx_word' id='word_1_528' title='bbox 3237 3229 3438 3297; x_wconf 87' lang='grc' dir='ltr'>χεῖρον</span> <span class='ocrx_word' id='word_1_529' title='bbox 3483 3230 3550 3281; x_wconf 84' lang='grc' dir='ltr'>ὲν</span> <span class='ocrx_word' id='word_1_530' title='bbox 3588 3228 3661 3297; x_wconf 74' lang='grc' dir='ltr'>τῷ</span> 
     </span>
    </p>
   </div>
   <div class='ocr_carea' id='block_1_78' title="bbox 2044 3317 3663 3395">
    <p class='ocr_par' dir='ltr' id='par_1_78' title="bbox 2044 3317 3663 3395">
     <span class='ocr_line' id='line_1_78' title="bbox 2044 3317 3663 3395; baseline -0.005 -16"><span class='ocrx_word' id='word_1_531' title='bbox 2044 3324 2194 3395; x_wconf 87' lang='grc' dir='ltr'>καλῷ</span> <span class='ocrx_word' id='word_1_532' title='bbox 2230 3323 2508 3395; x_wconf 85' lang='grc' dir='ltr'>ίδρύουσα,</span> <span class='ocrx_word' id='word_1_533' title='bbox 2550 3322 2644 3375; x_wconf 73' lang='grc' dir='ltr'><strong>καὶ</strong></span> <span class='ocrx_word' id='word_1_534' title='bbox 2678 3321 2738 3374; x_wconf 91' lang='grc' dir='ltr'><strong>τὸ</strong></span> <span class='ocrx_word' id='word_1_535' title='bbox 2779 3320 3051 3390; x_wconf 84' lang='grc' dir='ltr'>ὑπεκρυὲν</span> <span class='ocrx_word' id='word_1_536' title='bbox 3089 3317 3529 3389; x_wconf 76' lang='grc' dir='ltr'>ἀναπληροῦσα,</span> <span class='ocrx_word' id='word_1_537' title='bbox 3572 3322 3663 3371; x_wconf 74' lang='grc' dir='ltr'><strong>καὶ</strong></span> 
     </span>
    </p>
   </div>
   <div class='ocr_carea' id='block_1_79' title="bbox 2045 3412 2996 3485">
    <p class='ocr_par' dir='ltr' id='par_1_79' title="bbox 2045 3412 2996 3485">
     <span class='ocr_line' id='line_1_79' title="bbox 2045 3412 2996 3485; baseline -0.008 -13"><span class='ocrx_word' id='word_1_538' title='bbox 2045 3418 2263 3472; x_wconf 84' lang='grc' dir='ltr'>πάντων</span> <span class='ocrx_word' id='word_1_539' title='bbox 2283 3414 2395 3468; x_wconf 83' lang='grc' dir='ltr'><strong>τῶν</strong></span> <span class='ocrx_word' id='word_1_540' title='bbox 2417 3413 2629 3485; x_wconf 78' lang='grc' dir='ltr'>βλαϐῶν</span> <span class='ocrx_word' id='word_1_541' title='bbox 2667 3412 2996 3465; x_wconf 83' lang='grc' dir='ltr'>ἀπολύουσα.</span> 
     </span>
    </p>
   </div>
   <div class='ocr_carea' id='block_1_80' title="bbox 2129 3589 3660 3668">
    <p class='ocr_par' dir='ltr' id='par_1_80' title="bbox 2129 3589 3660 3668">
     <span class='ocr_line' id='line_1_80' title="bbox 2129 3589 3660 3668; baseline -0.005 -18"><span class='ocrx_word' id='word_1_542' title='bbox 2129 3597 2287 3651; x_wconf 82' lang='grc' dir='ltr'>Ἀλλά</span> <span class='ocrx_word' id='word_1_543' title='bbox 2328 3596 2457 3668; x_wconf 61' lang='grc' dir='ltr'>πειρὶ</span> <span class='ocrx_word' id='word_1_544' title='bbox 2497 3594 2595 3665; x_wconf 82' lang='grc' dir='ltr'><strong>μὲν</strong></span> <span class='ocrx_word' id='word_1_545' title='bbox 2629 3592 2835 3645; x_wconf 91' lang='grc' dir='ltr'>τούτων</span> <span class='ocrx_word' id='word_1_546' title='bbox 2873 3590 3084 3661; x_wconf 76' lang='grc' dir='ltr'>καὶτῆς</span> <span class='ocrx_word' id='word_1_547' title='bbox 3121 3589 3485 3659; x_wconf 70' lang='grc' dir='ltr'>δικαιοσύνης</span> <span class='ocrx_word' id='word_1_548' title='bbox 3504 3592 3660 3665; x_wconf 72' lang='grc' dir='ltr'>εἷρηρ</span> 
     </span>
    </p>
   </div>
   <div class='ocr_carea' id='block_1_81' title="bbox 2042 3684 3658 3759">
    <p class='ocr_par' dir='ltr' id='par_1_81' title="bbox 2042 3684 3658 3759">
     <span class='ocr_line' id='line_1_81' title="bbox 2042 3684 3658 3759; baseline -0.007 -14"><span class='ocrx_word' id='word_1_549' title='bbox 2042 3710 2166 3754; x_wconf 85' lang='grc' dir='ltr'>ται,</span> <span class='ocrx_word' id='word_1_550' title='bbox 2207 3688 2417 3759; x_wconf 75' lang='grc' dir='ltr'>καθ’ἥν</span> <span class='ocrx_word' id='word_1_551' title='bbox 2454 3688 2517 3759; x_wconf 83' lang='grc' dir='ltr'><strong>δὴ</strong></span> <span class='ocrx_word' id='word_1_552' title='bbox 2552 3686 2900 3756; x_wconf 88' lang='grc' dir='ltr'>δικαιοσύνην</span> <span class='ocrx_word' id='word_1_553' title='bbox 2954 3687 2987 3755; x_wconf 84' lang='grc' dir='ltr'>ὴ</span> <span class='ocrx_word' id='word_1_554' title='bbox 3040 3684 3257 3738; x_wconf 81' lang='grc' dir='ltr'>πάντων</span> <span class='ocrx_word' id='word_1_555' title='bbox 3318 3685 3520 3757; x_wconf 69' lang='grc' dir='ltr'>ἰσότης</span> <span class='ocrx_word' id='word_1_556' title='bbox 3562 3704 3658 3755; x_wconf 74' lang='grc' dir='ltr'>με-</span> 
     </span>
    </p>
   </div>
   <div class='ocr_carea' id='block_1_82' title="bbox 2041 3774 3653 3852">
    <p class='ocr_par' dir='ltr' id='par_1_82' title="bbox 2041 3774 3653 3852">
     <span class='ocr_line' id='line_1_82' title="bbox 2041 3774 3653 3852; baseline -0.002 -19"><span class='ocrx_word' id='word_1_557' title='bbox 2041 3784 2251 3852; x_wconf 84' lang='grc' dir='ltr'>τρεῖται</span> <span class='ocrx_word' id='word_1_558' title='bbox 2290 3780 2386 3832; x_wconf 71' lang='grc' dir='ltr'>καὶ</span> <span class='ocrx_word' id='word_1_559' title='bbox 2437 3777 2701 3850; x_wconf 77' lang='grc' dir='ltr'>ὁρίζεται,</span> <span class='ocrx_word' id='word_1_560' title='bbox 2757 3777 2851 3830; x_wconf 77' lang='grc' dir='ltr'><strong>καὶ</strong></span> <span class='ocrx_word' id='word_1_561' title='bbox 2909 3778 3055 3829; x_wconf 80' lang='grc' dir='ltr'>πᾶσα</span> <span class='ocrx_word' id='word_1_562' title='bbox 3111 3774 3371 3847; x_wconf 82' lang='grc' dir='ltr'>ἀνισότης</span> <span class='ocrx_word' id='word_1_563' title='bbox 3433 3778 3469 3847; x_wconf 76' lang='grc' dir='ltr'><strong>ἡ</strong></span> <span class='ocrx_word' id='word_1_564' title='bbox 3511 3781 3653 3830; x_wconf 64' lang='grc' dir='ltr'>κατὰ</span> 
     </span>
    </p>
   </div>
   <div class='ocr_carea' id='block_1_83' title="bbox 2041 3866 3650 3944">
    <p class='ocr_par' dir='ltr' id='par_1_83' title="bbox 2041 3866 3650 3944">
     <span class='ocr_line' id='line_1_83' title="bbox 2041 3866 3650 3944; baseline -0.003 -18"><span class='ocrx_word' id='word_1_565' title='bbox 2041 3873 2138 3944; x_wconf 81' lang='grc' dir='ltr'>τὴν</span> <span class='ocrx_word' id='word_1_566' title='bbox 2177 3872 2431 3943; x_wconf 76' lang='grc' dir='ltr'>στέρησιν</span> <span class='ocrx_word' id='word_1_567' title='bbox 2467 3872 2568 3940; x_wconf 78' lang='grc' dir='ltr'>τῆς</span> <span class='ocrx_word' id='word_1_568' title='bbox 2609 3870 2851 3941; x_wconf 83' lang='grc' dir='ltr'>ἰσότητος</span> <span class='ocrx_word' id='word_1_569' title='bbox 2893 3866 3213 3938; x_wconf 80' lang='grc' dir='ltr'>ἐξορίζεται.</span> <span class='ocrx_word' id='word_1_570' title='bbox 3240 3868 3386 3936; x_wconf 82' lang='grc' dir='ltr'><strong>Ὅρα</strong></span> <span class='ocrx_word' id='word_1_571' title='bbox 3410 3868 3494 3930; x_wconf 79' lang='grc' dir='ltr'><strong>δὲ,</strong></span> <span class='ocrx_word' id='word_1_572' title='bbox 3518 3871 3650 3921; x_wconf 74' lang='grc' dir='ltr'>πηέα</span> 
     </span>
    </p>
   </div>
   <div class='ocr_carea' id='block_1_84' title="bbox 2042 3961 3649 4036">
    <p class='ocr_par' dir='ltr' id='par_1_84' title="bbox 2042 3961 3649 4036">
     <span class='ocr_line' id='line_1_84' title="bbox 2042 3961 3649 4036; baseline -0.005 -16"><span class='ocrx_word' id='word_1_573' title='bbox 2042 3966 2297 4036; x_wconf 87' lang='grc' dir='ltr'>ἀνισότης</span> <span class='ocrx_word' id='word_1_574' title='bbox 2339 3963 2661 4036; x_wconf 80' lang='grc' dir='ltr'>ὲξορίζεται,</span> <span class='ocrx_word' id='word_1_575' title='bbox 2702 3961 2940 4033; x_wconf 86' lang='grc' dir='ltr'>δηλονότι</span> <span class='ocrx_word' id='word_1_576' title='bbox 2978 3963 3011 4031; x_wconf 81' lang='grc' dir='ltr'>ἡ</span> <span class='ocrx_word' id='word_1_577' title='bbox 3060 3962 3198 4014; x_wconf 86' lang='grc' dir='ltr'><strong>κατά</strong></span> <span class='ocrx_word' id='word_1_578' title='bbox 3238 3961 3510 4031; x_wconf 80' lang='grc' dir='ltr'>στέρησιν</span> <span class='ocrx_word' id='word_1_579' title='bbox 3548 3965 3649 4032; x_wconf 69' lang='grc' dir='ltr'>τῆς</span> 
     </span>
    </p>
   </div>
   <div class='ocr_carea' id='block_1_85' title="bbox 2045 4053 3648 4131">
    <p class='ocr_par' dir='ltr' id='par_1_85' title="bbox 2045 4053 3648 4131">
     <span class='ocr_line' id='line_1_85' title="bbox 2045 4053 3648 4131; baseline -0.003 -20"><span class='ocrx_word' id='word_1_580' title='bbox 2045 4059 2321 4131; x_wconf 82' lang='grc' dir='ltr'>ίσότητος’</span> <span class='ocrx_word' id='word_1_581' title='bbox 2362 4057 2477 4109; x_wconf 81' lang='grc' dir='ltr'>ἔστι</span> <span class='ocrx_word' id='word_1_582' title='bbox 2516 4055 2627 4127; x_wconf 83' lang='grc' dir='ltr'>γὰρ</span> <span class='ocrx_word' id='word_1_583' title='bbox 2660 4055 2918 4125; x_wconf 85' lang='grc' dir='ltr'>ἀνισότης</span> <span class='ocrx_word' id='word_1_584' title='bbox 2941 4054 3033 4106; x_wconf 74' lang='grc' dir='ltr'><strong>καὶ</strong></span> <span class='ocrx_word' id='word_1_585' title='bbox 3068 4055 3100 4124; x_wconf 80' lang='grc' dir='ltr'>ἡ</span> <span class='ocrx_word' id='word_1_586' title='bbox 3140 4054 3198 4105; x_wconf 82' lang='grc' dir='ltr'>ὲν</span> <span class='ocrx_word' id='word_1_587' title='bbox 3238 4053 3318 4123; x_wconf 79' lang='grc' dir='ltr'>τῷ</span> <span class='ocrx_word' id='word_1_588' title='bbox 3341 4055 3514 4106; x_wconf 75' lang='grc' dir='ltr'>παντὶ</span> <span class='ocrx_word' id='word_1_589' title='bbox 3535 4056 3648 4106; x_wconf 68' lang='grc' dir='ltr'><strong>τῶν</strong></span> 
     </span>
    </p>
   </div>
   <div class='ocr_carea' id='block_1_86' title="bbox 2039 4145 3646 4220">
    <p class='ocr_par' dir='ltr' id='par_1_86' title="bbox 2039 4145 3646 4220">
     <span class='ocr_line' id='line_1_86' title="bbox 2039 4145 3646 4220; baseline -0.002 -17"><span class='ocrx_word' id='word_1_590' title='bbox 2039 4150 2176 4203; x_wconf 81' lang='grc' dir='ltr'>ὅλων</span> <span class='ocrx_word' id='word_1_591' title='bbox 2200 4149 2336 4220; x_wconf 86' lang='grc' dir='ltr'>πρὸς</span> <span class='ocrx_word' id='word_1_592' title='bbox 2387 4148 2485 4201; x_wconf 85' lang='grc' dir='ltr'>ὅλα</span> <span class='ocrx_word' id='word_1_593' title='bbox 2527 4146 2780 4216; x_wconf 72' lang='grc' dir='ltr'>διαφορὰ,</span> <span class='ocrx_word' id='word_1_594' title='bbox 2828 4146 2949 4199; x_wconf 87' lang='grc' dir='ltr'>καθ’</span> <span class='ocrx_word' id='word_1_595' title='bbox 2978 4145 3044 4215; x_wconf 79' lang='grc' dir='ltr'>ἣν</span> <span class='ocrx_word' id='word_1_596' title='bbox 3101 4145 3351 4215; x_wconf 78' lang='grc' dir='ltr'>διαφέρει</span> <span class='ocrx_word' id='word_1_597' title='bbox 3403 4145 3646 4199; x_wconf 76' lang='grc' dir='ltr'>ἕκαστον</span> 
     </span>
    </p>
   </div>
   <div class='ocr_carea' id='block_1_87' title="bbox 2040 4234 3643 4310">
    <p class='ocr_par' dir='ltr' id='par_1_87' title="bbox 2040 4234 3643 4310">
     <span class='ocr_line' id='line_1_87' title="bbox 2040 4234 3643 4310; baseline -0.002 -19"><span class='ocrx_word' id='word_1_598' title='bbox 2040 4241 2293 4293; x_wconf 76' lang='grc' dir='ltr'>ἑκάστου.</span> <span class='ocrx_word' id='word_1_599' title='bbox 2333 4239 2443 4310; x_wconf 87' lang='grc' dir='ltr'>Τὴν</span> <span class='ocrx_word' id='word_1_600' title='bbox 2471 4238 2603 4308; x_wconf 78' lang='grc' dir='ltr'>γοῦν</span> <span class='ocrx_word' id='word_1_601' title='bbox 2652 4236 2908 4307; x_wconf 86' lang='grc' dir='ltr'>τοιαύτην</span> <span class='ocrx_word' id='word_1_602' title='bbox 2958 4234 3250 4305; x_wconf 86' lang='grc' dir='ltr'>ἀνισότητα</span> <span class='ocrx_word' id='word_1_603' title='bbox 3294 4236 3327 4303; x_wconf 81' lang='grc' dir='ltr'><strong>ή</strong></span> <span class='ocrx_word' id='word_1_604' title='bbox 3376 4235 3476 4287; x_wconf 80' lang='grc' dir='ltr'><strong>τοῦ</strong></span> <span class='ocrx_word' id='word_1_605' title='bbox 3502 4235 3643 4288; x_wconf 73' lang='grc' dir='ltr'>Θεοῦ</span> 
     </span>
    </p>
   </div>
   <div class='ocr_carea' id='block_1_88' title="bbox 2040 4324 3642 4402">
    <p class='ocr_par' dir='ltr' id='par_1_88' title="bbox 2040 4324 3642 4402">
     <span class='ocr_line' id='line_1_88' title="bbox 2040 4324 3642 4402; baseline -0.004 -17"><span class='ocrx_word' id='word_1_606' title='bbox 2040 4331 2356 4401; x_wconf 79' lang='grc' dir='ltr'>δικαιοσύνη</span> <span class='ocrx_word' id='word_1_607' title='bbox 2401 4332 2646 4402; x_wconf 85' lang='grc' dir='ltr'>φρουρεῖ,</span> <span class='ocrx_word' id='word_1_608' title='bbox 2670 4330 2764 4382; x_wconf 74' lang='grc' dir='ltr'><strong>καὶ</strong></span> <span class='ocrx_word' id='word_1_609' title='bbox 2807 4329 2906 4381; x_wconf 86' lang='grc' dir='ltr'><strong>ούκ</strong></span> <span class='ocrx_word' id='word_1_610' title='bbox 2938 4324 3189 4396; x_wconf 78' lang='grc' dir='ltr'>ἐξορίζει·</span> <span class='ocrx_word' id='word_1_611' title='bbox 3218 4325 3276 4377; x_wconf 84' lang='grc' dir='ltr'><strong>ού</strong></span> <span class='ocrx_word' id='word_1_612' title='bbox 3304 4327 3417 4396; x_wconf 83' lang='grc' dir='ltr'><strong>γὰρ</strong></span> <span class='ocrx_word' id='word_1_613' title='bbox 3446 4328 3642 4389; x_wconf 72' lang='grc' dir='ltr'>ἁπλῶς</span> 
     </span>
    </p>
   </div>
   <div class='ocr_carea' id='block_1_89' title="bbox 351 4418 1941 4495">
    <p class='ocr_par' dir='ltr' id='par_1_89' title="bbox 351 4419 1930 4493">
     <span class='ocr_line' id='line_1_89' title="bbox 351 4419 1930 4493; baseline 0.005 -20"><span class='ocrx_word' id='word_1_614' title='bbox 351 4419 566 4475; x_wconf 89' lang='lat' dir='ltr'><strong>litatem</strong></span> <span class='ocrx_word' id='word_1_615' title='bbox 607 4420 791 4474; x_wconf 91' lang='lat' dir='ltr'><strong>divina</strong></span> <span class='ocrx_word' id='word_1_616' title='bbox 824 4423 1040 4493; x_wconf 85' lang='lat' dir='ltr'><strong>justitia</strong></span> <span class='ocrx_word' id='word_1_617' title='bbox 1080 4425 1422 4490; x_wconf 89' lang='lat' dir='ltr'><strong>custodit,et</strong></span> <span class='ocrx_word' id='word_1_618' title='bbox 1447 4441 1553 4481; x_wconf 92' lang='lat' dir='ltr'><strong>non</strong></span> <span class='ocrx_word' id='word_1_619' title='bbox 1576 4431 1930 4493; x_wconf 85' lang='lat' dir='ltr'><strong>exterminat;</strong></span> 
     </span>
    </p>
   </div>
   <div class='ocr_carea' id='block_1_90' title="bbox 2129 4418 3642 4495">
    <p class='ocr_par' dir='ltr' id='par_1_90' title="bbox 2129 4418 3642 4494">
     <span class='ocr_line' id='line_1_90' title="bbox 2129 4418 3642 4494; baseline -0.002 -17"><span class='ocrx_word' id='word_1_620' title='bbox 2129 4425 2458 4494; x_wconf 70' lang='grc' dir='ltr'>’ἀνισότητα</span> <span class='ocrx_word' id='word_1_621' title='bbox 2484 4422 2823 4494; x_wconf 78' lang='grc' dir='ltr'>ὲξορίζεσθαί</span> <span class='ocrx_word' id='word_1_622' title='bbox 2872 4439 3055 4491; x_wconf 80' lang='grc' dir='ltr'>φησιν,</span> <span class='ocrx_word' id='word_1_623' title='bbox 3085 4419 3219 4472; x_wconf 85' lang='grc' dir='ltr'><strong>ἀλλά</strong></span> <span class='ocrx_word' id='word_1_624' title='bbox 3263 4418 3365 4489; x_wconf 79' lang='grc' dir='ltr'><strong>τὴν</strong></span> <span class='ocrx_word' id='word_1_625' title='bbox 3416 4422 3479 4473; x_wconf 82' lang='grc' dir='ltr'>ὲν</span> <span class='ocrx_word' id='word_1_626' title='bbox 3521 4426 3642 4485; x_wconf 79' lang='grc' dir='ltr'>τοῖς</span> 
     </span>
    </p>
   </div>
   <div class='ocr_carea' id='block_1_91' title="bbox 351 4516 1938 4587">
    <p class='ocr_par' dir='ltr' id='par_1_91' title="bbox 351 4516 1938 4587">
     <span class='ocr_line' id='line_1_91' title="bbox 351 4516 1938 4587; baseline 0.002 -17"><span class='ocrx_word' id='word_1_627' title='bbox 351 4531 459 4570; x_wconf 88' lang='lat' dir='ltr'><strong>non</strong></span> <span class='ocrx_word' id='word_1_628' title='bbox 498 4516 644 4569; x_wconf 90' lang='lat' dir='ltr'><strong>enim</strong></span> <span class='ocrx_word' id='word_1_629' title='bbox 699 4516 1026 4586; x_wconf 87' lang='lat' dir='ltr'><strong>simpliciter</strong></span> <span class='ocrx_word' id='word_1_630' title='bbox 1076 4518 1498 4586; x_wconf 62' lang='lat' dir='ltr'><strong>inaequalitatem</strong></span> <span class='ocrx_word' id='word_1_631' title='bbox 1555 4521 1938 4587; x_wconf 82' lang='lat' dir='ltr'><strong>exterminari,</strong></span> 
     </span>
    </p>
   </div>
   <div class='ocr_carea' id='block_1_92' title="bbox 350 4609 1936 4681">
    <p class='ocr_par' dir='ltr' id='par_1_92' title="bbox 350 4609 1936 4681">
     <span class='ocr_line' id='line_1_92' title="bbox 350 4609 1936 4681; baseline 0.002 -17"><span class='ocrx_word' id='word_1_632' title='bbox 350 4609 447 4664; x_wconf 90' lang='lat' dir='ltr'><strong>sed</strong></span> <span class='ocrx_word' id='word_1_633' title='bbox 489 4624 607 4664; x_wconf 89' lang='lat' dir='ltr'><strong>eam</strong></span> <span class='ocrx_word' id='word_1_634' title='bbox 648 4625 770 4679; x_wconf 77' lang='lat' dir='ltr'><strong>qua:</strong></span> <span class='ocrx_word' id='word_1_635' title='bbox 812 4610 867 4665; x_wconf 91' lang='lat' dir='ltr'><strong>in</strong></span> <span class='ocrx_word' id='word_1_636' title='bbox 907 4611 1138 4681; x_wconf 80' lang='lat' dir='ltr'><strong>singulis</strong></span> <span class='ocrx_word' id='word_1_637' title='bbox 1171 4612 1378 4676; x_wconf 84' lang='lat' dir='ltr'><strong>existit,</strong></span> <span class='ocrx_word' id='word_1_638' title='bbox 1420 4613 1471 4667; x_wconf 92' lang='lat' dir='ltr'><strong>id</strong></span> <span class='ocrx_word' id='word_1_639' title='bbox 1512 4624 1598 4669; x_wconf 90' lang='lat' dir='ltr'><strong>est</strong></span> <span class='ocrx_word' id='word_1_640' title='bbox 1632 4614 1936 4668; x_wconf 88' lang='lat' dir='ltr'><strong>secundum</strong></span> 
     </span>
    </p>
   </div>
   <div class='ocr_carea' id='block_1_93' title="bbox 349 4701 1934 4775">
    <p class='ocr_par' dir='ltr' id='par_1_93' title="bbox 349 4701 1934 4775">
     <span class='ocr_line' id='line_1_93' title="bbox 349 4701 1934 4775; baseline 0.001 -20"><span class='ocrx_word' id='word_1_641' title='bbox 349 4716 515 4772; x_wconf 87' lang='lat' dir='ltr'><strong>quam</strong></span> <span class='ocrx_word' id='word_1_642' title='bbox 557 4701 839 4771; x_wconf 84' lang='lat' dir='ltr'><strong>quodlibet</strong></span> <span class='ocrx_word' id='word_1_643' title='bbox 878 4718 1068 4757; x_wconf 86' lang='lat' dir='ltr'><strong>eorum</strong></span> <span class='ocrx_word' id='word_1_644' title='bbox 1109 4718 1231 4772; x_wconf 62' lang='lat' dir='ltr'><strong>qua:</strong></span> <span class='ocrx_word' id='word_1_645' title='bbox 1252 4715 1400 4767; x_wconf 87' lang='lat' dir='ltr'><strong>sunt,</strong></span> <span class='ocrx_word' id='word_1_646' title='bbox 1449 4705 1595 4759; x_wconf 89' lang='lat' dir='ltr'><strong>baud</strong></span> <span class='ocrx_word' id='word_1_647' title='bbox 1632 4705 1934 4775; x_wconf 65' lang='lat' dir='ltr'><strong>aequaliter,</strong></span> 
     </span>
    </p>
   </div>
   <div class='ocr_carea' id='block_1_94' title="bbox 352 4792 1936 4861">
    <p class='ocr_par' dir='ltr' id='par_1_94' title="bbox 352 4792 1936 4861">
     <span class='ocr_line' id='line_1_94' title="bbox 352 4792 1936 4861; baseline 0.001 -16"><span class='ocrx_word' id='word_1_648' title='bbox 352 4808 530 4861; x_wconf 90' lang='lat' dir='ltr'><strong>neque</strong></span> <span class='ocrx_word' id='word_1_649' title='bbox 570 4792 829 4847; x_wconf 86' lang='lat' dir='ltr'><strong>similiter</strong></span> <span class='ocrx_word' id='word_1_650' title='bbox 866 4793 920 4848; x_wconf 92' lang='lat' dir='ltr'><strong>in</strong></span> <span class='ocrx_word' id='word_1_651' title='bbox 981 4793 1218 4847; x_wconf 86' lang='lat' dir='ltr'><strong>naturali</strong></span> <span class='ocrx_word' id='word_1_652' title='bbox 1280 4794 1566 4848; x_wconf 88' lang='lat' dir='ltr'><strong>identitate</strong></span> <span class='ocrx_word' id='word_1_653' title='bbox 1603 4794 1936 4857; x_wconf 88' lang='lat' dir='ltr'><strong>consistunt,</strong></span> 
     </span>
    </p>
   </div>
   <div class='ocr_carea' id='block_1_95' title="bbox 351 4884 1936 4954">
    <p class='ocr_par' dir='ltr' id='par_1_95' title="bbox 351 4884 1936 4954">
     <span class='ocr_line' id='line_1_95' title="bbox 351 4884 1936 4954; baseline 0.001 -17"><span class='ocrx_word' id='word_1_654' title='bbox 351 4898 676 4954; x_wconf 86' lang='lat' dir='ltr'><strong>permanere</strong></span> <span class='ocrx_word' id='word_1_655' title='bbox 728 4884 884 4940; x_wconf 90' lang='lat' dir='ltr'><strong>dicit.</strong></span> <span class='ocrx_word' id='word_1_656' title='bbox 942 4884 1077 4939; x_wconf 84' lang='lat' dir='ltr'><strong>Cum</strong></span> <span class='ocrx_word' id='word_1_657' title='bbox 1131 4900 1260 4939; x_wconf 88' lang='lat' dir='ltr'><strong>vero</strong></span> <span class='ocrx_word' id='word_1_658' title='bbox 1316 4886 1484 4940; x_wconf 84' lang='lat' dir='ltr'><strong>sciret</strong></span> <span class='ocrx_word' id='word_1_659' title='bbox 1546 4886 1684 4940; x_wconf 88' lang='lat' dir='ltr'><strong>duos</strong></span> <span class='ocrx_word' id='word_1_660' title='bbox 1726 4886 1936 4949; x_wconf 84' lang='lat' dir='ltr'><strong>modos,</strong></span> 
     </span>
    </p>
   </div>
   <div class='ocr_carea' id='block_1_96' title="bbox 351 4979 1936 5050">
    <p class='ocr_par' dir='ltr' id='par_1_96' title="bbox 351 4979 1936 5050">
     <span class='ocr_line' id='line_1_96' title="bbox 351 4979 1936 5050; baseline -0.002 -18"><span class='ocrx_word' id='word_1_661' title='bbox 351 4980 655 5035; x_wconf 86' lang='lat' dir='ltr'><strong>secundum</strong></span> <span class='ocrx_word' id='word_1_662' title='bbox 691 4993 829 5049; x_wconf 91' lang='lat' dir='ltr'><strong>quos</strong></span> <span class='ocrx_word' id='word_1_663' title='bbox 868 4980 1214 5050; x_wconf 64' lang='lat' dir='ltr'><strong>inaequalitas</strong></span> <span class='ocrx_word' id='word_1_664' title='bbox 1255 4979 1475 5042; x_wconf 89' lang='lat' dir='ltr'><strong>dicitur,</strong></span> <span class='ocrx_word' id='word_1_665' title='bbox 1537 4980 1672 5033; x_wconf 89' lang='lat' dir='ltr'><strong>duos</strong></span> <span class='ocrx_word' id='word_1_666' title='bbox 1691 4979 1936 5047; x_wconf 83' lang='lat' dir='ltr'><strong>exponit,</strong></span> 
     </span>
    </p>
   </div>
   <div class='ocr_carea' id='block_1_97' title="bbox 350 5066 1938 5140">
    <p class='ocr_par' dir='ltr' id='par_1_97' title="bbox 350 5066 1938 5140">
     <span class='ocr_line' id='line_1_97' title="bbox 350 5066 1938 5140; baseline -0.001 -16"><span class='ocrx_word' id='word_1_667' title='bbox 350 5080 407 5124; x_wconf 88' lang='lat' dir='ltr'><strong>et</strong></span> <span class='ocrx_word' id='word_1_668' title='bbox 443 5071 544 5133; x_wconf 89' lang='lat' dir='ltr'><strong>ait,</strong></span> <span class='ocrx_word' id='word_1_669' title='bbox 583 5066 753 5125; x_wconf 87' lang='lat' dir='ltr'><strong>Deum</strong></span> <span class='ocrx_word' id='word_1_670' title='bbox 793 5080 1022 5127; x_wconf 89' lang='lat' dir='ltr'><strong>eatenus</strong></span> <span class='ocrx_word' id='word_1_671' title='bbox 1066 5074 1172 5126; x_wconf 79' lang='lat' dir='ltr'><strong>dici</strong></span> <span class='ocrx_word' id='word_1_672' title='bbox 1196 5072 1493 5140; x_wconf 88' lang='lat' dir='ltr'><strong>justitiam,</strong></span> <span class='ocrx_word' id='word_1_673' title='bbox 1531 5080 1802 5140; x_wconf 88' lang='lat' dir='ltr'><strong>quatenus</strong></span> <span class='ocrx_word' id='word_1_674' title='bbox 1822 5086 1938 5123; x_wconf 87' lang='lat' dir='ltr'><strong>om-</strong></span> 
     </span>
    </p>
   </div>
   <div class='ocr_carea' id='block_1_98' title="bbox 349 5162 1938 5235">
    <p class='ocr_par' dir='ltr' id='par_1_98' title="bbox 349 5162 1938 5235">
     <span class='ocr_line' id='line_1_98' title="bbox 349 5162 1938 5235; baseline -0.003 -16"><span class='ocrx_word' id='word_1_675' title='bbox 349 5178 479 5219; x_wconf 88' lang='lat' dir='ltr'><strong>nem</strong></span> <span class='ocrx_word' id='word_1_676' title='bbox 522 5162 893 5233; x_wconf 67' lang='lat' dir='ltr'><strong>mqualitatem</strong></span> <span class='ocrx_word' id='word_1_677' title='bbox 936 5177 1245 5232; x_wconf 87' lang='lat' dir='ltr'><strong>mensurat,</strong></span> <span class='ocrx_word' id='word_1_678' title='bbox 1287 5177 1341 5221; x_wconf 93' lang='lat' dir='ltr'><strong>et</strong></span> <span class='ocrx_word' id='word_1_679' title='bbox 1379 5165 1681 5235; x_wconf 90' lang='lat' dir='ltr'><strong>quamlibet</strong></span> <span class='ocrx_word' id='word_1_680' title='bbox 1702 5163 1938 5231; x_wconf 66' lang='lat' dir='ltr'><strong>inaequa-</strong></span> 
     </span>
    </p>
   </div>
   <div class='ocr_carea' id='block_1_99' title="bbox 350 5259 1938 5330">
    <p class='ocr_par' dir='ltr' id='par_1_99' title="bbox 350 5259 1938 5330">
     <span class='ocr_line' id='line_1_99' title="bbox 350 5259 1938 5330; baseline 0 -18"><span class='ocrx_word' id='word_1_681' title='bbox 350 5259 560 5315; x_wconf 90' lang='lat' dir='ltr'><strong>litatem</strong></span> <span class='ocrx_word' id='word_1_682' title='bbox 608 5261 960 5314; x_wconf 82' lang='lat' dir='ltr'><strong>exterminat.</strong></span> <span class='ocrx_word' id='word_1_683' title='bbox 1020 5261 1451 5330; x_wconf 65' lang='lat' dir='ltr'><strong>Inaequalitatem</strong></span> <span class='ocrx_word' id='word_1_684' title='bbox 1509 5276 1642 5316; x_wconf 88' lang='lat' dir='ltr'><strong>vero</strong></span> <span class='ocrx_word' id='word_1_685' title='bbox 1679 5259 1938 5329; x_wconf 81' lang='lat' dir='ltr'><strong>intelligit</strong></span> 
     </span>
    </p>
   </div>
   <div class='ocr_carea' id='block_1_100' title="bbox 350 5350 1935 5423">
    <p class='ocr_par' dir='ltr' id='par_1_100' title="bbox 350 5350 1935 5423">
     <span class='ocr_line' id='line_1_100' title="bbox 350 5350 1935 5423; baseline -0.001 -18"><span class='ocrx_word' id='word_1_686' title='bbox 350 5366 472 5405; x_wconf 88' lang='lat' dir='ltr'><strong>eam</strong></span> <span class='ocrx_word' id='word_1_687' title='bbox 512 5367 631 5421; x_wconf 77' lang='lat' dir='ltr'><strong>qua:</strong></span> <span class='ocrx_word' id='word_1_688' title='bbox 669 5365 769 5419; x_wconf 85' lang='lat' dir='ltr'><strong>per</strong></span> <span class='ocrx_word' id='word_1_689' title='bbox 821 5352 1185 5420; x_wconf 83' lang='lat' dir='ltr'><strong>privationem</strong></span> <span class='ocrx_word' id='word_1_690' title='bbox 1251 5354 1582 5423; x_wconf 57' lang='lat' dir='ltr'><strong>a&#39;qnalitatis</strong></span> <span class='ocrx_word' id='word_1_691' title='bbox 1619 5352 1838 5417; x_wconf 90' lang='lat' dir='ltr'><strong>accidit,</strong></span> <span class='ocrx_word' id='word_1_692' title='bbox 1883 5350 1935 5404; x_wconf 90' lang='lat' dir='ltr'><strong>id</strong></span> 
     </span>
    </p>
   </div>
   <div class='ocr_carea' id='block_1_101' title="bbox 352 5440 1936 5515">
    <p class='ocr_par' dir='ltr' id='par_1_101' title="bbox 352 5440 1936 5515">
     <span class='ocr_line' id='line_1_101' title="bbox 352 5440 1936 5515; baseline -0.001 -19"><span class='ocrx_word' id='word_1_693' title='bbox 352 5452 440 5497; x_wconf 89' lang='lat' dir='ltr'><strong>est</strong></span> <span class='ocrx_word' id='word_1_694' title='bbox 478 5442 922 5499; x_wconf 86' lang='lat' dir='ltr'><strong>redundantiam.</strong></span> <span class='ocrx_word' id='word_1_695' title='bbox 965 5444 1218 5499; x_wconf 84' lang='lat' dir='ltr'><strong>Alterum</strong></span> <span class='ocrx_word' id='word_1_696' title='bbox 1259 5460 1476 5515; x_wconf 86' lang='lat' dir='ltr'><strong>quoque</strong></span> <span class='ocrx_word' id='word_1_697' title='bbox 1516 5447 1735 5499; x_wconf 90' lang='lat' dir='ltr'><strong>modum</strong></span> <span class='ocrx_word' id='word_1_698' title='bbox 1776 5440 1936 5495; x_wconf 85' lang='lat' dir='ltr'><strong>affert</strong></span> 
     </span>
    </p>
   </div>
   <div class='ocr_carea' id='block_1_102' title="bbox 353 5534 1935 5607">
    <p class='ocr_par' dir='ltr' id='par_1_102' title="bbox 353 5534 1935 5607">
     <span class='ocr_line' id='line_1_102' title="bbox 353 5534 1935 5607; baseline 0.001 -20"><span class='ocrx_word' id='word_1_699' title='bbox 353 5534 753 5604; x_wconf 66' lang='lat' dir='ltr'><strong>inmqualitatis</strong></span> <span class='ocrx_word' id='word_1_700' title='bbox 800 5556 814 5591; x_wconf 90' lang='lat'><strong>:</strong></span> <span class='ocrx_word' id='word_1_701' title='bbox 858 5538 1009 5593; x_wconf 90' lang='lat' dir='ltr'><strong>novit</strong></span> <span class='ocrx_word' id='word_1_702' title='bbox 1045 5538 1215 5603; x_wconf 89' lang='lat' dir='ltr'><strong>enim,</strong></span> <span class='ocrx_word' id='word_1_703' title='bbox 1273 5538 1508 5607; x_wconf 88' lang='lat' dir='ltr'><strong>aliquos,</strong></span> <span class='ocrx_word' id='word_1_704' title='bbox 1568 5535 1935 5604; x_wconf 78' lang='lat' dir='ltr'><strong>intelligibiles</strong></span> 
     </span>
    </p>
   </div>
   <div class='ocr_carea' id='block_1_103' title="bbox 352 5621 1935 5696">
    <p class='ocr_par' dir='ltr' id='par_1_103' title="bbox 352 5621 1935 5696">
     <span class='ocr_line' id='line_1_103' title="bbox 352 5621 1935 5696; baseline 0 -16"><span class='ocrx_word' id='word_1_705' title='bbox 352 5621 802 5696; x_wconf 70' lang='lat' dir='ltr'><strong>et&#39;ineorporeas</strong></span> <span class='ocrx_word' id='word_1_706' title='bbox 840 5629 1047 5685; x_wconf 89' lang='lat' dir='ltr'><strong>formas</strong></span> <span class='ocrx_word' id='word_1_707' title='bbox 1084 5640 1139 5685; x_wconf 90' lang='lat' dir='ltr'><strong>et</strong></span> <span class='ocrx_word' id='word_1_708' title='bbox 1180 5629 1439 5692; x_wconf 90' lang='lat' dir='ltr'><strong>unitates,</strong></span> <span class='ocrx_word' id='word_1_709' title='bbox 1483 5629 1587 5683; x_wconf 89' lang='lat' dir='ltr'><strong>hoc</strong></span> <span class='ocrx_word' id='word_1_710' title='bbox 1619 5637 1701 5682; x_wconf 90' lang='lat' dir='ltr'><strong>est</strong></span> <span class='ocrx_word' id='word_1_711' title='bbox 1721 5627 1935 5696; x_wconf 90' lang='lat' dir='ltr'><strong>simpli-</strong></span> 
     </span>
    </p>
   </div>
   <div class='ocr_carea' id='block_1_104' title="bbox 356 5716 1933 5794">
    <p class='ocr_par' dir='ltr' id='par_1_104' title="bbox 356 5716 1933 5794">
     <span class='ocr_line' id='line_1_104' title="bbox 356 5716 1933 5794; baseline -0.001 -22"><span class='ocrx_word' id='word_1_712' title='bbox 356 5731 448 5775; x_wconf 83' lang='lat' dir='ltr'><strong>ces</strong></span> <span class='ocrx_word' id='word_1_713' title='bbox 487 5716 844 5787; x_wconf 76' lang='lat' dir='ltr'><strong>substantias,</strong></span> <span class='ocrx_word' id='word_1_714' title='bbox 884 5721 1249 5794; x_wconf 83' lang='lat' dir='ltr'><strong>aequalitatem</strong></span> <span class='ocrx_word' id='word_1_715' title='bbox 1289 5730 1343 5777; x_wconf 90' lang='lat' dir='ltr'><strong>et</strong></span> <span class='ocrx_word' id='word_1_716' title='bbox 1384 5721 1725 5778; x_wconf 88' lang='lat' dir='ltr'><strong>identitatem</strong></span> <span class='ocrx_word' id='word_1_717' title='bbox 1764 5719 1933 5775; x_wconf 85' lang='lat' dir='ltr'><strong>nomi-</strong></span> 
     </span>
    </p>
   </div>
   <div class='ocr_carea' id='block_1_105' title="bbox 2045 4513 3636 4585">
    <p class='ocr_par' dir='ltr' id='par_1_105' title="bbox 2045 4513 3636 4585">
     <span class='ocr_line' id='line_1_105' title="bbox 2045 4513 3636 4585; baseline -0.002 -14"><span class='ocrx_word' id='word_1_718' title='bbox 2045 4518 2166 4571; x_wconf 83' lang='grc' dir='ltr'>καθ’</span> <span class='ocrx_word' id='word_1_719' title='bbox 2193 4517 2443 4579; x_wconf 72' lang='grc' dir='ltr'>ἕκαστον,</span> <span class='ocrx_word' id='word_1_720' title='bbox 2492 4515 2738 4569; x_wconf 81' lang='grc' dir='ltr'>τουτέστι</span> <span class='ocrx_word' id='word_1_721' title='bbox 2766 4515 2827 4566; x_wconf 89' lang='grc' dir='ltr'><strong>τὸ</strong></span> <span class='ocrx_word' id='word_1_722' title='bbox 2854 4513 2928 4585; x_wconf 76' lang='grc' dir='ltr'>μὴ</span> <span class='ocrx_word' id='word_1_723' title='bbox 2962 4513 3091 4577; x_wconf 68' lang='grc' dir='ltr'>ἴσως</span> <span class='ocrx_word' id='word_1_724' title='bbox 3141 4513 3236 4565; x_wconf 77' lang='grc' dir='ltr'>καὶ</span> <span class='ocrx_word' id='word_1_725' title='bbox 3269 4513 3475 4581; x_wconf 81' lang='grc' dir='ltr'>ὁμοίως</span> <span class='ocrx_word' id='word_1_726' title='bbox 3500 4514 3636 4568; x_wconf 76' lang='grc' dir='ltr'>ἕκα-</span> 
     </span>
    </p>
   </div>
   <div class='ocr_carea' id='block_1_106' title="bbox 2047 4604 3631 4678">
    <p class='ocr_par' dir='ltr' id='par_1_106' title="bbox 2047 4604 3631 4678">
     <span class='ocr_line' id='line_1_106' title="bbox 2047 4604 3631 4678; baseline -0.002 -14"><span class='ocrx_word' id='word_1_727' title='bbox 2047 4628 2167 4664; x_wconf 90' lang='grc' dir='ltr'>στον</span> <span class='ocrx_word' id='word_1_728' title='bbox 2196 4610 2303 4664; x_wconf 80' lang='grc' dir='ltr'><strong>τῶν</strong></span> <span class='ocrx_word' id='word_1_729' title='bbox 2332 4611 2629 4678; x_wconf 86' lang='grc' dir='ltr'>γεγονότων</span> <span class='ocrx_word' id='word_1_730' title='bbox 2686 4611 2745 4661; x_wconf 84' lang='grc' dir='ltr'>ὲν</span> <span class='ocrx_word' id='word_1_731' title='bbox 2792 4607 3080 4676; x_wconf 82' lang='grc' dir='ltr'>ταύτότητι</span> <span class='ocrx_word' id='word_1_732' title='bbox 3140 4609 3205 4676; x_wconf 78' lang='grc' dir='ltr'>τῇ</span> <span class='ocrx_word' id='word_1_733' title='bbox 3257 4604 3398 4659; x_wconf 76' lang='grc' dir='ltr'>κατὰ</span> <span class='ocrx_word' id='word_1_734' title='bbox 3444 4606 3631 4674; x_wconf 77' lang='grc' dir='ltr'>φύσιν.</span> 
     </span>
    </p>
   </div>
   <div class='ocr_carea' id='block_1_107' title="bbox 2041 4695 3633 4771">
    <p class='ocr_par' dir='ltr' id='par_1_107' title="bbox 2041 4695 3633 4771">
     <span class='ocr_line' id='line_1_107' title="bbox 2041 4695 3633 4771; baseline -0.003 -16"><span class='ocrx_word' id='word_1_735' title='bbox 2041 4702 2335 4771; x_wconf 81' lang='grc' dir='ltr'>διαμένειν.</span> <span class='ocrx_word' id='word_1_736' title='bbox 2387 4701 2489 4754; x_wconf 86' lang='grc' dir='ltr'>Δύο</span> <span class='ocrx_word' id='word_1_737' title='bbox 2513 4701 2568 4753; x_wconf 85' lang='grc' dir='ltr'><strong>δὲ</strong></span> <span class='ocrx_word' id='word_1_738' title='bbox 2601 4701 2836 4771; x_wconf 86' lang='grc' dir='ltr'>τρόπους</span> <span class='ocrx_word' id='word_1_739' title='bbox 2863 4698 2983 4751; x_wconf 83' lang='grc' dir='ltr'>καθ’</span> <span class='ocrx_word' id='word_1_740' title='bbox 3005 4696 3100 4761; x_wconf 78' lang='grc' dir='ltr'><strong>οὓς</strong></span> <span class='ocrx_word' id='word_1_741' title='bbox 3131 4697 3385 4767; x_wconf 85' lang='grc' dir='ltr'>ἀνισότης</span> <span class='ocrx_word' id='word_1_742' title='bbox 3410 4695 3633 4767; x_wconf 73' lang='grc' dir='ltr'>λέγεται</span> 
     </span>
    </p>
   </div>
   <div class='ocr_carea' id='block_1_108' title="bbox 2044 4789 3629 4861">
    <p class='ocr_par' dir='ltr' id='par_1_108' title="bbox 2044 4789 3629 4861">
     <span class='ocr_line' id='line_1_108' title="bbox 2044 4789 3629 4861; baseline -0.004 -13"><span class='ocrx_word' id='word_1_743' title='bbox 2044 4794 2220 4859; x_wconf 84' lang='grc' dir='ltr'>εἰδὼς,</span> <span class='ocrx_word' id='word_1_744' title='bbox 2246 4795 2373 4858; x_wconf 80' lang='grc' dir='ltr'>τοὺς</span> <span class='ocrx_word' id='word_1_745' title='bbox 2397 4793 2489 4847; x_wconf 88' lang='grc' dir='ltr'><strong>δύο</strong></span> <span class='ocrx_word' id='word_1_746' title='bbox 2508 4793 2802 4861; x_wconf 85' lang='grc' dir='ltr'>διατρανοῖ,</span> <span class='ocrx_word' id='word_1_747' title='bbox 2836 4790 2927 4843; x_wconf 86' lang='grc' dir='ltr'><strong>καί</strong></span> <span class='ocrx_word' id='word_1_748' title='bbox 2956 4806 3143 4859; x_wconf 77' lang='grc' dir='ltr'>φησιν,</span> <span class='ocrx_word' id='word_1_749' title='bbox 3164 4790 3248 4842; x_wconf 83' lang='grc' dir='ltr'><strong>ὅτι</strong></span> <span class='ocrx_word' id='word_1_750' title='bbox 3296 4789 3441 4843; x_wconf 87' lang='grc' dir='ltr'><strong>κατά</strong></span> <span class='ocrx_word' id='word_1_751' title='bbox 3472 4789 3629 4842; x_wconf 74' lang='grc' dir='ltr'>τοῦτο</span> 
     </span>
    </p>
   </div>
   <div class='ocr_carea' id='block_1_109' title="bbox 2041 4880 3629 4955">
    <p class='ocr_par' dir='ltr' id='par_1_109' title="bbox 2041 4880 3629 4955">
     <span class='ocr_line' id='line_1_109' title="bbox 2041 4880 3629 4955; baseline -0.004 -16"><span class='ocrx_word' id='word_1_752' title='bbox 2041 4884 2352 4955; x_wconf 85' lang='grc' dir='ltr'>δικαιοσύνη</span> <span class='ocrx_word' id='word_1_753' title='bbox 2401 4884 2616 4951; x_wconf 82' lang='grc' dir='ltr'>λέγεται</span> <span class='ocrx_word' id='word_1_754' title='bbox 2656 4886 2685 4937; x_wconf 88' lang='grc' dir='ltr'><strong>ὁ</strong></span> <span class='ocrx_word' id='word_1_755' title='bbox 2730 4883 2880 4946; x_wconf 84' lang='grc' dir='ltr'>Θεὸς,</span> <span class='ocrx_word' id='word_1_756' title='bbox 2934 4880 3067 4934; x_wconf 86' lang='grc' dir='ltr'>καθὸ</span> <span class='ocrx_word' id='word_1_757' title='bbox 3117 4880 3209 4933; x_wconf 69' lang='grc' dir='ltr'>καὶ</span> <span class='ocrx_word' id='word_1_758' title='bbox 3252 4880 3352 4949; x_wconf 79' lang='grc' dir='ltr'><strong>τὴν</strong></span> <span class='ocrx_word' id='word_1_759' title='bbox 3408 4881 3629 4949; x_wconf 71' lang='grc' dir='ltr'>ἰσότητα</span> 
     </span>
    </p>
   </div>
   <div class='ocr_carea' id='block_1_110' title="bbox 2040 4972 3625 5047">
    <p class='ocr_par' dir='ltr' id='par_1_110' title="bbox 2040 4972 3625 5047">
     <span class='ocr_line' id='line_1_110' title="bbox 2040 4972 3625 5047; baseline -0.006 -17"><span class='ocrx_word' id='word_1_760' title='bbox 2040 4978 2150 5030; x_wconf 79' lang='grc' dir='ltr'>τῶν</span> <span class='ocrx_word' id='word_1_761' title='bbox 2216 4979 2433 5033; x_wconf 86' lang='grc' dir='ltr'>πάντων</span> <span class='ocrx_word' id='word_1_762' title='bbox 2489 4977 2793 5047; x_wconf 83' lang='grc' dir='ltr'>ὲπιμετρεῖ,</span> <span class='ocrx_word' id='word_1_763' title='bbox 2857 4974 2951 5027; x_wconf 74' lang='grc' dir='ltr'>καὶ</span> <span class='ocrx_word' id='word_1_764' title='bbox 3002 4973 3101 5043; x_wconf 80' lang='grc' dir='ltr'><strong>τὴν</strong></span> <span class='ocrx_word' id='word_1_765' title='bbox 3159 4972 3451 5040; x_wconf 82' lang='grc' dir='ltr'>ἀνισότητα</span> <span class='ocrx_word' id='word_1_766' title='bbox 3508 4973 3625 5035; x_wconf 63' lang='grc' dir='ltr'>ἐνὸς</span> 
     </span>
    </p>
   </div>
   <div class='ocr_carea' id='block_1_111' title="bbox 2041 5060 3623 5139">
    <p class='ocr_par' dir='ltr' id='par_1_111' title="bbox 2041 5060 3623 5139">
     <span class='ocr_line' id='line_1_111' title="bbox 2041 5060 3623 5139; baseline -0.006 -17"><span class='ocrx_word' id='word_1_767' title='bbox 2041 5069 2270 5122; x_wconf 82' lang='grc' dir='ltr'>ἑκάστου</span> <span class='ocrx_word' id='word_1_768' title='bbox 2326 5067 2575 5139; x_wconf 73' lang='grc' dir='ltr'>ἐξορίζει.</span> <span class='ocrx_word' id='word_1_769' title='bbox 2658 5066 2971 5135; x_wconf 85' lang='grc' dir='ltr'>Ἀνισότητα</span> <span class='ocrx_word' id='word_1_770' title='bbox 3026 5063 3081 5117; x_wconf 87' lang='grc' dir='ltr'><strong>δὲ</strong></span> <span class='ocrx_word' id='word_1_771' title='bbox 3149 5062 3295 5129; x_wconf 78' lang='grc' dir='ltr'>λέγει</span> <span class='ocrx_word' id='word_1_772' title='bbox 3350 5060 3446 5131; x_wconf 77' lang='grc' dir='ltr'>τὴν</span> <span class='ocrx_word' id='word_1_773' title='bbox 3484 5065 3623 5114; x_wconf 75' lang='grc' dir='ltr'><strong>κατά</strong></span> 
     </span>
    </p>
   </div>
   <div class='ocr_carea' id='block_1_112' title="bbox 2044 5152 3621 5234">
    <p class='ocr_par' dir='ltr' id='par_1_112' title="bbox 2044 5152 3621 5234">
     <span class='ocr_line' id='line_1_112' title="bbox 2044 5152 3621 5234; baseline -0.008 -19"><span class='ocrx_word' id='word_1_774' title='bbox 2044 5161 2297 5234; x_wconf 80' lang='grc' dir='ltr'>στέρησιν</span> <span class='ocrx_word' id='word_1_775' title='bbox 2334 5160 2434 5230; x_wconf 81' lang='grc' dir='ltr'><strong>τῆς</strong></span> <span class='ocrx_word' id='word_1_776' title='bbox 2488 5159 2732 5227; x_wconf 76' lang='grc' dir='ltr'>ἰσότητος</span> <span class='ocrx_word' id='word_1_777' title='bbox 2774 5155 3199 5227; x_wconf 77' lang='grc' dir='ltr'>συμϐαίνουσαν,</span> <span class='ocrx_word' id='word_1_778' title='bbox 3228 5152 3476 5204; x_wconf 79' lang='grc' dir='ltr'>τουτέστι</span> <span class='ocrx_word' id='word_1_779' title='bbox 3522 5152 3621 5221; x_wconf 76' lang='grc' dir='ltr'><strong>τὴν</strong></span> 
     </span>
    </p>
   </div>
   <div class='ocr_carea' id='block_1_113' title="bbox 2041 5244 3623 5320">
    <p class='ocr_par' dir='ltr' id='par_1_113' title="bbox 2041 5244 3623 5320">
     <span class='ocr_line' id='line_1_113' title="bbox 2041 5244 3623 5320; baseline -0.008 -14"><span class='ocrx_word' id='word_1_780' title='bbox 2041 5252 2369 5317; x_wconf 82' lang='grc' dir='ltr'>πλεονεξίαν.</span> <span class='ocrx_word' id='word_1_781' title='bbox 2421 5249 2701 5320; x_wconf 80' lang='grc' dir='ltr'>Ἐπιφέρει</span> <span class='ocrx_word' id='word_1_782' title='bbox 2756 5247 2813 5300; x_wconf 85' lang='grc' dir='ltr'>δὲ</span> <span class='ocrx_word' id='word_1_783' title='bbox 2879 5251 2974 5300; x_wconf 78' lang='grc' dir='ltr'>καὶ</span> <span class='ocrx_word' id='word_1_784' title='bbox 3044 5246 3135 5297; x_wconf 88' lang='grc' dir='ltr'><strong>τὸν</strong></span> <span class='ocrx_word' id='word_1_785' title='bbox 3186 5244 3375 5315; x_wconf 73' lang='grc' dir='ltr'>ἕτερον</span> <span class='ocrx_word' id='word_1_786' title='bbox 3423 5244 3623 5314; x_wconf 73' lang='grc' dir='ltr'>τρόπον</span> 
     </span>
    </p>
   </div>
   <div class='ocr_carea' id='block_1_114' title="bbox 2039 5335 3620 5415">
    <p class='ocr_par' dir='ltr' id='par_1_114' title="bbox 2039 5335 3620 5415">
     <span class='ocr_line' id='line_1_114' title="bbox 2039 5335 3620 5415; baseline -0.007 -18"><span class='ocrx_word' id='word_1_787' title='bbox 2039 5346 2136 5415; x_wconf 78' lang='grc' dir='ltr'>τῆς</span> <span class='ocrx_word' id='word_1_788' title='bbox 2174 5346 2519 5415; x_wconf 84' lang='grc' dir='ltr'>ἀνισότητος·</span> <span class='ocrx_word' id='word_1_789' title='bbox 2571 5343 2664 5395; x_wconf 76' lang='grc' dir='ltr'>καὶ</span> <span class='ocrx_word' id='word_1_790' title='bbox 2707 5339 2815 5410; x_wconf 84' lang='grc' dir='ltr'>γὰρ</span> <span class='ocrx_word' id='word_1_791' title='bbox 2861 5335 2970 5392; x_wconf 80' lang='grc' dir='ltr'><strong>οἷδέ</strong></span> <span class='ocrx_word' id='word_1_792' title='bbox 3012 5354 3165 5400; x_wconf 86' lang='grc' dir='ltr'>τινας</span> <span class='ocrx_word' id='word_1_793' title='bbox 3217 5336 3288 5388; x_wconf 88' lang='grc' dir='ltr'><strong>τά</strong></span> <span class='ocrx_word' id='word_1_794' title='bbox 3330 5338 3426 5406; x_wconf 80' lang='grc' dir='ltr'><strong>μὲν</strong></span> <span class='ocrx_word' id='word_1_795' title='bbox 3458 5336 3620 5404; x_wconf 75' lang='grc' dir='ltr'>νοητὰ</span> 
     </span>
    </p>
   </div>
   <div class='ocr_carea' id='block_1_115' title="bbox 2042 5425 3621 5508">
    <p class='ocr_par' dir='ltr' id='par_1_115' title="bbox 2042 5425 3621 5508">
     <span class='ocr_line' id='line_1_115' title="bbox 2042 5425 3621 5508; baseline -0.008 -20"><span class='ocrx_word' id='word_1_796' title='bbox 2042 5438 2135 5490; x_wconf 77' lang='grc' dir='ltr'><strong>καὶ</strong></span> <span class='ocrx_word' id='word_1_797' title='bbox 2181 5437 2447 5508; x_wconf 79' lang='grc' dir='ltr'>ἀσώματα</span> <span class='ocrx_word' id='word_1_798' title='bbox 2484 5433 2622 5504; x_wconf 81' lang='grc' dir='ltr'>εῖδη,</span> <span class='ocrx_word' id='word_1_799' title='bbox 2686 5433 2780 5485; x_wconf 74' lang='grc' dir='ltr'><strong>καὶ</strong></span> <span class='ocrx_word' id='word_1_800' title='bbox 2842 5432 2942 5493; x_wconf 87' lang='grc' dir='ltr'><strong>τάς</strong></span> <span class='ocrx_word' id='word_1_801' title='bbox 2983 5428 3197 5491; x_wconf 85' lang='grc' dir='ltr'>ὲνάδας,</span> <span class='ocrx_word' id='word_1_802' title='bbox 3243 5428 3489 5493; x_wconf 81' lang='grc' dir='ltr'>τουτέστι</span> <span class='ocrx_word' id='word_1_803' title='bbox 3523 5425 3621 5488; x_wconf 76' lang='grc' dir='ltr'>τὰς</span> 
     </span>
    </p>
   </div>
   <div class='ocr_carea' id='block_1_116' title="bbox 2042 5521 3613 5597">
    <p class='ocr_par' dir='ltr' id='par_1_116' title="bbox 2042 5521 3613 5597">
     <span class='ocr_line' id='line_1_116' title="bbox 2042 5521 3613 5597; baseline -0.008 -14"><span class='ocrx_word' id='word_1_804' title='bbox 2042 5532 2217 5595; x_wconf 80' lang='grc' dir='ltr'>ἁπλᾶς</span> <span class='ocrx_word' id='word_1_805' title='bbox 2257 5532 2464 5593; x_wconf 79' lang='grc' dir='ltr'>οὐσίας,</span> <span class='ocrx_word' id='word_1_806' title='bbox 2508 5528 2729 5597; x_wconf 78' lang='grc' dir='ltr'>ἰσότητα</span> <span class='ocrx_word' id='word_1_807' title='bbox 2760 5526 2853 5579; x_wconf 72' lang='grc' dir='ltr'><strong>καὶ</strong></span> <span class='ocrx_word' id='word_1_808' title='bbox 2889 5524 3195 5592; x_wconf 76' lang='grc' dir='ltr'>ταύτότητα</span> <span class='ocrx_word' id='word_1_809' title='bbox 3227 5521 3613 5591; x_wconf 57' lang='grc' dir='ltr'>ὀνομάσαντας</span> 
     </span>
    </p>
   </div>
   <div class='ocr_carea' id='block_1_117' title="bbox 2039 5616 3619 5696">
    <p class='ocr_par' dir='ltr' id='par_1_117' title="bbox 2039 5616 3619 5696">
     <span class='ocr_line' id='line_1_117' title="bbox 2039 5616 3619 5696; baseline -0.009 -18"><span class='ocrx_word' id='word_1_810' title='bbox 2039 5626 2106 5678; x_wconf 78' lang='grc' dir='ltr'>τὰ</span> <span class='ocrx_word' id='word_1_811' title='bbox 2140 5624 2195 5678; x_wconf 76' lang='grc' dir='ltr'><strong>δὲ</strong></span> <span class='ocrx_word' id='word_1_812' title='bbox 2227 5623 2483 5696; x_wconf 84' lang='grc' dir='ltr'>αἰσθητὰ,</span> <span class='ocrx_word' id='word_1_813' title='bbox 2536 5623 2571 5674; x_wconf 77' lang='grc' dir='ltr'>ὃ.</span> <span class='ocrx_word' id='word_1_814' title='bbox 2612 5622 2705 5673; x_wconf 72' lang='grc' dir='ltr'><strong>καὶ</strong></span> <span class='ocrx_word' id='word_1_815' title='bbox 2774 5618 3009 5689; x_wconf 84' lang='grc' dir='ltr'>μεριστά</span> <span class='ocrx_word' id='word_1_816' title='bbox 3061 5620 3167 5669; x_wconf 76' lang='grc' dir='ltr'>εἱσι</span> <span class='ocrx_word' id='word_1_817' title='bbox 3212 5616 3307 5668; x_wconf 72' lang='grc' dir='ltr'><strong>καὶ</strong></span> <span class='ocrx_word' id='word_1_818' title='bbox 3357 5617 3413 5667; x_wconf 84' lang='grc' dir='ltr'>ὲν</span> <span class='ocrx_word' id='word_1_819' title='bbox 3458 5631 3619 5683; x_wconf 81' lang='grc' dir='ltr'>μετα-</span> 
     </span>
    </p>
   </div>
   <div class='ocr_carea' id='block_1_118' title="bbox 2041 5706 3617 5788">
    <p class='ocr_par' dir='ltr' id='par_1_118' title="bbox 2041 5706 3617 5788">
     <span class='ocr_line' id='line_1_118' title="bbox 2041 5706 3617 5788; baseline -0.01 -19"><span class='ocrx_word' id='word_1_820' title='bbox 2041 5719 2166 5788; x_wconf 77' lang='grc' dir='ltr'>ϐολῇ</span> <span class='ocrx_word' id='word_1_821' title='bbox 2208 5717 2300 5770; x_wconf 67' lang='grc' dir='ltr'><strong>καὶ</strong></span> <span class='ocrx_word' id='word_1_822' title='bbox 2343 5714 2571 5784; x_wconf 72' lang='grc' dir='ltr'>διαφορᾷ</span> <span class='ocrx_word' id='word_1_823' title='bbox 2610 5711 2746 5783; x_wconf 76' lang='grc' dir='ltr'>πρὸς</span> <span class='ocrx_word' id='word_1_824' title='bbox 2784 5708 3003 5780; x_wconf 78' lang='grc' dir='ltr'>ἄλληλα,</span> <span class='ocrx_word' id='word_1_825' title='bbox 3045 5708 3334 5775; x_wconf 81' lang='grc' dir='ltr'>ἀνισότητα</span> <span class='ocrx_word' id='word_1_826' title='bbox 3376 5706 3468 5759; x_wconf 82' lang='grc' dir='ltr'><strong>καί</strong></span> <span class='ocrx_word' id='word_1_827' title='bbox 3510 5706 3617 5756; x_wconf 77' lang='grc' dir='ltr'>ἐτε-</span> 
     </span>
    </p>
   </div>
  </div>
