3768 6300
109 292 211 350 909

1215 298 1304 354 DE
1340 298 1596 356 DIVINIS
1628 302 2024 371 NOMINIBUS,
2056 306 2208 361 CAP.
2249 307 2336 362 IX.

3290 310 3391 367 9l0

110 409 337 481 ρότητα.
410 410 573 479 Λέγει
629 406 761 474 οὗν,
826 411 932 465 κᾶν
985 412 1189 483 ταύτην
1241 416 1341 485 τὴν
1405 418 1598 468 άνισότι

1906 435 1993 485 se;
2036 420 2261 476 sensilia
2304 434 2435 474 vero
2472 436 2592 489 quae
2640 423 2807 477 etiam
2832 423 3125 478 divisihilia
3169 432 3298 477 sunt
3334 433 3392 478 et

107 498 324 569 νοήσειέ
360 516 449 563 τις
494 501 594 571 τὴν
642 500 905 573 διαφοράν
970 501 1079 554 τῶν
1118 503 1411 573 αἰσθητῶν,
1464 504 1576 558 ἀλλ’
1608 501 1701 557 οὖν

1804 513 2105 575 mutabilia,
2145 523 2201 567 et
2254 514 2321 567 ab
2380 512 2608 568 invicem
2669 515 2909 581 diversa,
2954 517 3383 588 inaequalitatem

105 592 199 643 καὶ
234 590 447 662 ταύτης
474 593 572 664 τῆς
606 594 919 665 ἀνισότητος
958 595 987 645 ὁ
1024 593 1153 657 Θεὸς
1194 597 1427 667 φρουρός
1462 599 1593 661 ἐστι1

1910 602 2305 659 diversitatem.
2364 606 2504 659 Dicit
2561 606 2774 676 itaque,
2832 610 2936 663 etsi
2993 610 3189 680 aliquis
3248 611 3389 664 hanc

104 682 210 736 ὲῶν
238 685 308 737 τά
364 686 585 739 ἐναντία
640 688 720 751 εἰς
780 686 838 741 ἓν
894 686 1252 757 συναχθῆναι,
1310 690 1404 741 καὶ
1458 688 1545 741 διὰ
1604 690 1702 758 τῆς

102 775 323 844 φύσεως
362 779 447 841 εἰς
487 778 693 849 φθοράν
732 777 939 831 ὲλθεῖν·
999 778 1075 842 ὡς
1130 777 1239 850 γάρ
1306 779 1595 850 παρήγαγε
1632 780 1701 833 τὰ

101 868 302 933 πάντα,
345 870 492 923 οὕτω
532 873 789 943 συντηρεῖ
827 870 991 935 αὐτὰ,
1030 870 1107 935 ὡς
1144 872 1238 925 καί
1267 873 1372 924 εἰσι
1405 872 1497 924 καὶ
1533 871 1609 936 ὡς
1642 873 1702 940 ἐξ

100 960 279 1031 ἀρχῆς
308 962 579 1031 ἐγένοντο.

1804 694 2235 764 inaaqnalitatem
2274 696 2604 753 intellexerit
2663 699 3026 757 dill'erentiam
3065 706 3379 766 sensilium,

1808 784 2160 841 nihilominus
2212 786 2379 840 etiam
2456 788 2619 841 Deum
2695 788 2925 858 hujusce
2999 793 3384 861 intequalitatis

1808 877 2088 931 custodem
2127 877 2385 941 existere,
2431 882 2555 934 dum
2615 896 2721 935 non
2777 884 3047 951 permittit
3103 886 3386 939 contraria

1806 965 1863 1020 in
1902 983 2066 1022 unutn
2111 970 2474 1035 commisceri,
2516 979 2573 1025 et
2628 975 2953 1029 naturaliter
2984 975 3039 1029 in
3074 978 3385 1047 corruptio-

101 1070 223 1109 nem
261 1055 558 1120 devenire;
635 1064 695 1110 ut
733 1057 875 1111 enim
913 1057 1093 1111 omnia
1116 1056 1394 1127 produxit,
1417 1056 1495 1111 sic
1516 1056 1681 1111 etiam
1722 1056 1839 1127 ipsa
1875 1070 2187 1127 conservat,
2231 1070 2289 1115 ut
2325 1071 2381 1117 et
2418 1062 2526 1117 sint
2565 1064 2707 1118 sicut
2745 1066 2798 1120 in
2838 1067 3105 1135 principio
3144 1067 3383 1121 luerunt.

130 1216 3364 1248 ._______________._______.______________________

492 1308 1139 1394 ΚΕΦΑΛΑΙΟΝ
1170 1307 1293 1398 Θ.

98 1453 262 1526 118pr
271 1453 570 1523 μεγάλου,
610 1455 859 1526 μικροῦ,
903 1456 1143 1519 ταύτοῦ,
1197 1457 1426 1525 ἐτέρου,
1461 1458 1689 1526 ὁμοίου,

235 1525 551 1594 ἀνομοίου,
576 1525 870 1593 στάσεως,
903 1526 1216 1593 κινήσεως,
1249 1525 1543 1596 ἰσότητος.

2167 1299 2330 1371 4⁸⁵
2368 1320 2752 1410 CAPUT
2829 1324 3005 1411 1x.

1816 1461 1894 1516 De
1940 1479 2157 1534 magno,
2194 1484 2380 1535 parvo,
2431 1469 2647 1533 eodem,
2682 1470 2813 1540 alio,
2858 1472 3059 1538 simili,
3104 1474 3377 1540 dissimili,

2219 1548 2388 1605 statu,
2420 1549 2587 1607 motu,
2619 1538 2942 1609 wquulitate.

1388 1676 1729 1735 SYNOPSIS
1762 1680 2053 1739 CAPITIS.

96 1787 137 1842 Ι.
172 1791 335 1856 Dicit,
368 1792 536 1847 Deum
560 1795 613 1847 in
634 1795 947 1873 §_cripturis
978 1796 1157 1849 vocari
1197 1811 1735 1873 magpgngparvum,
1762 1799 2022 1873 eumdem,
2055 1802 2240 1873 alium,
2274 1811 2379 1857 etc.
2410 1802 2473 1859 ΙΙ.
2508 1803 2779 1873 Explicat,
2802 1822 2906 1872 quo
2930 1822 3085 1859 sensu
3123 1806 3261 1859 Deus
3289 1807 3373 1859 di-

169 1872 329 1915 catur
354 1881 599 1932 magnus.
633 1865 719 1921 ΙΙΙ.

804 1882 870 1944 uo
906 1882 1059 1944 sensu
1081 1882 1297 1944 parvus.
1328 1865 1571 1944 IV_..Quo
1594 1885 1750 1922 sensu
1777 1870 1936 1944 idem.
1963 1870 2026 1924 ν.
2062 1869 2178 1944 Quo
2208 1888 2364 1925 sensu
2385 1874 2561 1937 aliud,
2587 1865 2635 1927 et
2668 1865 2932 1944 quomodo
2969 1877 3277 1943 accipienda
3308 1877 3376 1929 sit

168 1934 222 2015 in
262 1932 379 1987 Deo
406 1935 983 2015 longitudo,_luti.tudlo,
1006 1932 1346 2015 promulgarit.
1381 1935 1466 1989 VI.
1501 1937 1617 2001 Quo
1640 1955 1802 2015 sensu
1827 1932 2444 2015 dicaturpeuisimilis,
2479 1932 2595 1995 cuin
2628 1932 2803 1997 ta'men
2832 1932 3117 1998 causarum
3151 1948 3221 1997 ad
3254 1946 3379 2015 elle-

161 2012 278 2056 αυτ
314 2021 421 2081 non
452 2006 520 2057 sit
545 2004 1099 2081 praprie_siiiiilitudo.
1129 2004 1249 2081 _Vll.
1282 2005 1398 2070 Quo
1428 2023 1582 2081 sensu
1617 2009 1828 2081 dicatur
1852 2010 2150 2081 dissimilis.
2179 2011 2309 2081 Ylll.
2335 2004 2450 2076 Quo
2474 2029 2629 2066 sensu
2649 2026 2789 2067 stare
2815 2016 2888 2068 vel
2909 2016 3110 2069 sedere.
3139 2015 3234 2070 IX.
3257 2004 3375 2081 duo

162 2091 321 2128 sema
347 2075 563 2129 dicatur
588 2075 804 2139 mereri,
833 2086 881 2127 et
910 2077 1172 2145 quomodo
1195 2074 1307 2130 Deo
1332 2080 1602 2132 conveniat
1625 2078 1817 2148 triplex
1846 2092 2039 2133 motus.
2081 2080 2146 2133 Χ.
2172 2079 2289 2145 Quo
2317 2074 2471 2137 simu
2494 2084 2699 2138 dicatur
2720 2083 2961 2153 (aqualis.

1651 2237 1769 2311 ξι.

173 2379 393 2450 Ἐπειδὴ
427 2377 483 2430 δὲ
516 2378 609 2432 καὶ
654 2378 714 2431 τὸ
760 2379 899 2449 μέγα
932 2380 1026 2432 καὶ
1062 2378 1123 2431 τὸ
1163 2378 1356 2449 μικρὸν
1403 2378 1661 2431 ἀνατέθει-

1881 2380 2123 2447 )uoniam
2158 2396 2287 2435 vero
2327 2382 2491 2435 etiam
2542 2398 2796 2452 magnum
2828 2394 2882 2440 et
2929 2399 3161 2453 parvum
3208 2388 3369 2440 attri-

97 2488 179 2523 ται
208 2470 249 2500 ⁶¹
291 2468 373 2538 τῷ
422 2468 637 2522 πάντων
679 2468 853 2538 αἰτίῳ,
888 2469 1074 2522 καὶτὸ
1117 2468 1312 2521 ταύτὸν
1341 2468 1433 2521 καὶΙ
1465 2468 1526 2520 τὸ
1566 2470 1683 2521 ἓτε-

92 2580 205 2633 ρον,
230 2562 325 2615 καὶ
355 2561 418 2613 τὸ
452 2562 637 2631 ὅμοιον
666 2563 760 2614 καὶ
788 2560 848 2613 τὸ
877 2561 1149 2632 ἀνόμοιον,
1175 2560 1268 2613 καὶ
1302 2560 1335 2631 ἡ
1368 2560 1554 2624 στάσις
1588 2562 1678 2613 καὶ

92 2658 121 2726 ἡ
158 2656 394 2726 κίνησις,
431 2654 561 2724 φέρε
594 2655 685 2707 καὶ
715 2654 918 2707 τούτων
944 2654 1052 2707 τῶν
1086 2652 1401 2724 θεωνυμιῶν
1428 2654 1472 2685 ⁶¹
1510 2652 1679 2722 ἀγαλ-

88 2746 295 2818 μάτων,
333 2746 438 2799 ὅσα
482 2749 614 2817 ἡμῖν
657 2747 897 2817 ἐμφανῆ,
932 2746 1315 2818 θεωρήσωμεν.
1353 2746 1543 2814 Μέγας
1579 2746 1677 2817 μὲν

80 2832 179 2888 οὖν
217 2838 245 2889 ὁ
276 2835 413 2898 Θεὸς
460 2835 519 2887 ὲν
568 2840 678 2899 τοῖς
724 2835 923 2905 λογίοις
958 2838 1226 2907 ὑμνεῖται,
1263 2835 1355 2889 καὶ
1402 2837 1459 2889 ἐν
1512 2835 1677 2907 μεγέ-

86 2930 189 2993 θει,
221 2931 315 2983 καὶ
363 2932 422 2981 ὲν
452 2928 596 3000 αὔρᾳ
639 2929 808 3001 λεπτῇ
842 2930 941 2999 τὴν
975 2929 1123 2981 θείαν
1174 2928 1512 2999 ὲμφαινούσῃ
1555 2946 1679 2998 σμι-

86 3022 357 3091 κρότητα’
398 3022 495 3074 καὶ
538 3021 752 3085 ταὺτὸς,
785 3022 913 3074 ὃταν
961 3023 1033 3092 φῇ
1077 3020 1144 3073 τὰ
1189 3019 1361 3089 λόγια,
1412 3019 1496 3073 Σὺ
1538 3018 1605 3073 δὲ
1647 3022 1679 3072 ό

86 3113 268 3179 αὐτὸς
307 3113 395 3166 εἷ·
440 3113 535 3167 καὶ
582 3113 802 3184 ἕτερος,
860 3113 1022 3185 ἡνίκα
1069 3112 1145 3176 ὡς
1192 3110 1541 3182 πολύσχημος
1586 3111 1679 3163 καὶ

87 3206 369 3275 πολυειδὴς
403 3206 509 3257 ὑπὸ
541 3205 648 3257 τῶν
681 3206 859 3259 αὐτῶν
910 3206 1104 3275 λογίων
1136 3207 1546 3262 διαπλάττεται’
1585 3205 1679 3257 καὶ

82 3314 284 3372 ὅμοιος,
307 3301 385 3363 ὡς
417 3301 619 3370 ὁμοίων
649 3302 743 3356 καὶ
764 3300 1077 3371 ὁμοιότητος
1112 3301 1419 3371 ὑποστάτης
1438 3315 1451 3328 ’
1477 3298 1568 3351 καὶ⁵
1585 3297 1679 3351 άν-

86 3395 265 3465 ὑμοιος
312 3395 504 3455 πᾶσιν,
537 3392 613 3455 ὡς
661 3393 761 3445 οὐκ
812 3392 963 3456 ὄντος
1010 3392 1157 3464 αὐτῷ
1203 3393 1297 3445 τοῦ
1330 3391 1545 3463 ὁμοίων
1584 3388 1679 3444 καὶ

87 3485 273 3551 ἑστὼς,
311 3486 408 3539 καὶ
438 3484 713 3557 ἀκίνητος,
751 3485 846 3539 καὶ
879 3486 1185 3557 καθήμενος
1219 3489 1297 3549 εἰς
1344 3485 1435 3539 τὸν
1482 3484 1674 3543 αἰῶνα.

80 3578 175 3629 καὶ
228 3576 582 3646 κινούμενος,
632 3575 708 3640 ὼς
770 3576 863 3629 ἐπὶ
908 3577 1085 3630 πάντα
1143 3577 1537 3648 πορευόμενοςο
1588 3577 1678 3629 καὶ

79 3670 198 3721 ὅσαι
232 3668 390 3722 ἄλλαι
437 3668 663 3733 ταύταις
702 3669 1027 3741 ὀμοδύναμοι
1062 3668 1355 3740 θεωνυμίαι
1390 3668 1525 3737 πρὸς
1570 3668 1677 3723 τῶν

86 3758 297 3829 Λογίων
331 3758 652 3830 ὑμνοῦνται.

1789 2473 1975 2527 buitur
1996 2471 2238 2525 omnium
2274 2471 2507 2536 auctori,
2536 2483 2591 2527 et
2627 2473 2767 2526 idem
2800 2480 2853 2526 et
2893 2472 3062 2537 aliud,
3096 2483 3150 2526 et
3185 2474 3367 2529 simile

1780 2575 1833 2617 et
1876 2563 2179 2629 dissimile,
2216 2573 2272 2617 et
2312 2573 2489 2618 status
2519 2573 2575 2618 et
2614 2575 2825 2629 mutus,
2876 2568 3105 2636 agedum
3155 2580 3372 2637 quoque

1781 2656 1897 2709 hate
1920 2655 2226 2707 divinorum
2257 2658 2537 2709 nominum
2565 2655 2882 2723 simulacra,
2907 2666 3176 2726 quatenus
3208 2660 3366 2711 nobis

1781 2755 1992 2814 patent,
2038 2746 2374 2801 intueamur.
2416 2746 2641 2815 Magnus
2680 2749 2902 2816 quidem
2937 2748 3081 2803 Deus
3121 2750 3173 2803 in
3208 2747 3366 2805 Scri-

1781 2838 1955 2907 pturis
1988 2838 2261 2904 laudatur,
2292 2848 2346 2891 et
2383 2839 2431 2891 in
2470 2839 2874 2907 magnitudine,
2908 2850 2963 2894 et
2995 2842 3046 2894 in
3097 2858 3231 2895 aura
3284 2854 3367 2897 tc-

1782 2928 1874 2983 nui
1914 2944 2035 2999 qua:
2070 2929 2309 2983 divinam
2356 2929 2593 2983 insinuet
2637 2931 2998 2998 parvitatem;
3046 2934 3186 2987 idem
3229 2951 3367 3003 quo-

1780 3037 1907 3089 que,
1934 3032 1991 3075 ut
2021 3022 2074 3074 in
2120 3021 2212 3075 ille
2248 3020 2663 3089 Scripturarum
2696 3020 2814 3076 loco
2850 3043 2861 3077 :
2900 3022 2977 3075 Tu
3003 3033 3178 3078 autem
3222 3027 3364 3079 idem

1780 3113 1889 3182 ipse
1918 3130 1970 3167 es
2006 3111 2059 3178 1;
2093 3123 2146 3167 et
2178 3112 2317 3166 alius
2364 3128 2427 3166 ac
2476 3113 2755 3177 diversus,
2799 3126 2857 3168 nt
2889 3133 3013 3169 cum
3064 3117 3362 3173 multarunt

1782 3208 2078 3276 ﬁgurarum
2106 3220 2170 3260 ac
2203 3204 2501 3260 formarum
2540 3205 2611 3258 ab
2643 3207 2834 3259 eadem
2880 3206 3162 3277 Scriptura
3214 3210 3367 3281 ﬁngi-

1782 3310 1900 3364 tur;
1935 3309 1986 3353 et
2018 3298 2234 3362 similis,
2266 3307 2325 3351 ut
2358 3298 2619 3350 similittut
2663 3313 2727 3350 ac
2760 3298 3139 3354 similitudinis
3172 3303 3364 3356 condi-

1782 3398 1899 3453 tor;
1929 3397 1983 3441 et
2013 3386 2300 3441 dissimilis
2330 3382 2607 3450 omnibus,
2646 3395 2704 3438 ut
2738 3386 2829 3439 cui
2877 3403 2982 3440 non
3028 3390 3098 3441 sit
3129 3388 3358 3454 similis;

1780 3489 1932 3534 stans
1966 3480 2130 3534 etiam
2162 3488 2216 3532 et
2255 3477 2573 3542 immobilis,
2602 3492 2669 3532 ac
2717 3479 2914 3533 sedens
2949 3478 3003 3533 in
3055 3480 3357 3545 saeculum;

1779 3582 1835 3626 et
1872 3571 2110 3629 mobilis.
2142 3579 2201 3623 ut
2230 3572 2323 3640 qtti
2357 3586 2452 3641 per
2484 3572 2668 3625 omnia
2701 3584 2979 3638 penetret;
3014 3582 3067 3626 ct
3102 3586 3364 3640 quaecun-

1780 3680 1886 3735 que
1914 3663 2019 3717 alia
2067 3663 2251 3717 divina
2288 3662 2509 3716 nomina
2562 3663 2647 3716 his
2697 3662 3100 3732 a'quipollentia
3134 3680 3164 3716 a
3210 3663 3363 3717 Scri-

1780 3757 1954 3827 pturis
1986 3756 2358 3811 celebrantur.

1638 3919 1666 3989 ξ
1710 3915 1790 3974 ιι.

141 4065 339 4133 Μέγας
377 4062 478 4133 μὲν
510 4055 604 4114 οὖν
635 4062 665 4114 ὸ
695 4060 826 4123 Θεὸς
858 4060 1201 4131 ὀνομάζεται,
1238 4059 1378 4114 κατὰ
1410 4060 1471 4113 τὸ
1519 4059 1629 4113 ἰδίω

1866 4072 1916 4113 tc
1959 4069 2186 4126 magnus
2233 4054 2453 4125 quidem
2503 4059 2645 4112 Deus
2690 4054 3019 4124 appellatur,
3053 4058 3354 4113 secundum

77 4156 244 4212 αὐτοῦ
294 4156 462 4227 μέγα,
496 4154 559 4206 τὸ
590 4154 723 4206 πᾶσι
764 4155 876 4215 τοῖς
912 4152 1165 4222 μεγάλοις
1210 4152 1403 4205 ἑαυτοῦ
1452 4151 1668 4223 μεταδι-

10 4245 31 4309 3
75 4249 223 4311 δρῦν.
259 4249 356 4302 καὶ
389 4246 589 4308 παντὸς
620 4244 879 4315 μεγέθους
915 4242 1112 4307 ἔξωθεν
1144 4244 1541 4315 ὑπερχεόμενον
1574 4243 1668 4296 καὶ

79 4337 619 4410 ὑπερεκτεινόμενον,
684 4335 864 4387 πάντα
924 4333 1087 4386 τόπον
1154 4334 1424 4404 περιέχον,
1491 4333 1667 4386 πάντα

78 4428 310 4501 ἀριθμὸν
345 4426 703 4498 ὑπερϐάλλον,
740 4425 918 4476 πᾶσαν
961 4423 1215 4493 ἀπειρίαν
1247 4422 1536 4487 διαϐαῖνον,
1574 4424 1667 4476 καὶ

77 4520 221 4575 κατὰ
265 4521 329 4573 τὸ
375 4518 729 4590 ὑπρπλῆρες
775 4515 939 4569 αὐτοῦ
988 4516 1081 4567 καὶ
1136 4516 1528 4587 μεγαλουργὸν,
1572 4516 1667 4569 καὶ

79 4616 171 4679 τὰς
220 4612 467 4685 πηγαίας
519 4610 684 4663 αὑτοῦ
724 4608 954 4680 δωρεάς,
997 4608 1119 4661 καθ’
1160 4609 1281 4661 ὅσον
1334 4604 1492 4661 αὗται
1533 4606 1667 4677 πρὸς

74 4707 297 4761 πάντων
363 4701 722 4777 μετεχόμεναι
785 4700 927 4755 κατὰ
986 4699 1352 4770 ἀπειρόδωρον
1401 4698 1445 4729 ⁸³
1491 4697 1665 4769 χύσιν,

73 4806 343 4878 άμειωτοι
394 4796 672 4862 παντελῶς
720 4802 860 4861 εἰσι,
910 4798 1005 4851 καὶ
1064 4796 1160 4868 τὴν
1223 4796 1391 4866 αὐτὴν
1454 4796 1667 4867 ἔχουσιν

72 4896 561 4969 ὑπερπληρὸτητα,
592 4895 687 4947 καὶ
722 4890 822 4943 οὐκ
855 4887 1201 4941 ἐλαττοῦνται
1232 4888 1352 4947 ταῖς
1390 4887 1663 4956 μετοχαῖς,

72 4991 212 5045 ἀλλὰ
265 4990 367 5043 καὶ
420 4986 617 5057 μᾶλλον
670 4983 1086 5055 ὑπερϐλύζουσι.
1123 4982 1196 5033 Τὸ
1247 4978 1473 5051 μέγεθος
1510 4979 1668 5031 τοῦτο

72 5084 168 5137 καὶ
202 5079 433 5151 ἄπειρόν
483 5080 619 5140 ἐστι,
654 5079 749 5130 καὶ
791 5076 1013 5139 ἇποσον,
1060 5074 1154 5128 καὶ
1201 5072 1525 5143 ἀνάριθμον·
1571 5072 1667 5124 καὶ

68 5174 235 5230 τοῦτό
294 5174 447 5225 ἐστιν
494 5171 528 5240 ἡ
576 5168 844 5239 ὑπεροχὴ,
909 5166 1049 5220 κατά
1113 5166 1210 5236 τὴν
1274 5164 1538 5218 άπόλυτον
1571 5166 1668 5217 καὶ

70 5264 525 5337 ὑπερτεταμένην
556 5262 656 5332 τῆς
697 5261 1067 5331 άπεριλήπτου
1119 5259 1535 5329 μεγαλειότητος
1574 5257 1670 5327 χύ-

72 5377 158 5413 σιν
195 5361 263 5413 ⁵⁸.

265 5558 281 5597 ι
324 5556 474 5612 Psal.
509 5570 584 5623 cu,
619 5553 710 5608 28.

1770 4150 1871 4206 sibi
1906 4150 2180 4219 prepriam
2208 4147 2664 4217 magnitudinem,
2697 4164 2821 4217 qua:
2856 4150 3067 4218 magnis
3097 4152 3354 4207 omnibus

1771 4246 1838 4300 de
1862 4258 1920 4299 se
1944 4242 2332 4309 communicat,
2358 4251 2414 4296 et
2441 4241 2587 4295 omni
2619 4242 2981 4311 magnitudini
3008 4244 3355 4298 extrinsecus

1784 4337 2199 4408 superfunditur
2240 4346 2296 4391 et
2346 4333 2862 4405 supraexpanditur,
2913 4335 3090 4390 locum
3134 4353 3351 4391 omnem

1773 4428 2164 4498 complectens,
2216 4443 2437 4480 omnem
2477 4443 2762 4481 numerum
2796 4428 3089 4493 excedens,
3136 4445 3351 4484 omnem

1774 4520 2088 4575 transiliens
2124 4518 2486 4583 inﬁnitatem,
2531 4528 2585 4572 et
2614 4516 2770 4585 juxta
2844 4532 3176 4590 supraqnam
3235 4521 3351 4589 ple-

1772 4614 2073 4669 nitudinem
2126 4626 2279 4665 suam
2332 4626 2397 4665 ac
2456 4612 2957 4680 magniﬁcentiam,
3012 4612 3351 4679 fontalcsqne

1771 4722 1901 4762 snas
1932 4704 2372 4766 distributiones,
2412 4713 2683 4770 quatenus
2721 4703 2805 4757 Ine
2852 4704 3106 4756 omnibus
3142 4703 3350 4755 inlinita

1772 4799 2086 4869 prolusione
2138 4793 2584 4860 communiCatze,
2632 4806 2851 4848 manent
2896 4809 3122 4862 prorsus
3166 4794 3351 4846 inuni-

1774 4900 1939 4956 nutaz,
1970 4899 2025 4943 et
2070 4887 2315 4943 eamdem
2366 4887 2575 4940 habent
2625 4898 2789 4954 supra
2834 4899 2996 4954 quam
3055 4884 3350 4954 plenitudi—

1776 4998 1924 5048 nem,
1953 4995 2128 5051 neque
2168 4977 2682 5048 partieipationibus
2722 4976 3064 5041 minuuntur,
3104 4976 3351 5045 quinimo

1774 5075 1948 5145 magis
1986 5073 2310 5129 redundant.
2352 5070 2479 5125 ιιωο
2526 5068 2846 5138 magnitudo
2891 5079 2947 5123 et
2990 5068 3198 5122 infinita
3246 5078 3351 5133 est,

1774 5176 1831 5220 et
1891 5164 2214 5235 quantitatis
2273 5178 2335 5216 ac
2401 5162 2615 5214 numeri
2689 5175 2935 5228 expers:
2986 5171 3041 5213 et
3102 5160 3218 5213 hmc
3266 5171 3353 5213 est

1777 5256 2101 5312 excellentia
2129 5254 2427 5309 secundum
2468 5251 2787 5307 ell'usionem
2830 5253 3132 5308 absolutam
3165 5265 3221 5307 et
3255 5269 3351 5306 sn-

1774 5363 2039 5418 praquant
2127 5356 2409 5401 extensum
2478 5342 2900 5414 magniﬁcentiae
2946 5360 3053 5399 non
3097 5360 3347 5413 compre-

1772 5438 1977 5494 hensaa.

1373 5640 1605 5697 νΑιιιλΕ
1646 5642 2054 5701 LECTIONES.

140 5767 187 5801 ⁸⁸
225 5763 564 5832 ἀνατίθεται,
603 5762 661 5818 S.
735 5759 778 5791 ⁶²
812 5754 1162 5827 θεωνυμικῶν
1196 5756 1327 5830 lege.
1358 5830 1369 5836 Α
1411 5760 1455 5793 ⁸³
1488 5758 1938 5833 ἁπειροδύναμον,

2062 5765 2103 5799 ⁸³
2140 5763 2317 5838 φύσιν,
2352 5760 2418 5821 1).
2458 5762 2517 5819 S.
