3768 6294
378 270 474 325 9H

1559 282 1615 337 S.
1650 279 1950 338 DIONYSII
1986 279 2452 338 AREOPAGITE
2550 282 2557 289 ’

3581 287 3668 340 9η

1942 428 1969 500 g
2010 424 2125 485 ιιι.

451 604 681 660 Parvum
728 620 857 660 vero
887 606 1002 663 sive
1033 607 1253 675 subtile,
1302 608 1355 663 in
1404 610 1521 681 ipso
1565 611 1785 678 dicitur,
1821 612 1951 680 quoc‘

2143 609 2385 681 Σμικρὸν
2426 609 2483 664 δὲ
2532 610 2651 681 ἦτοι
2698 609 2911 676 λεπτὸν,
2960 610 3049 664 ἐπ’
3095 611 3262 665 αὐτοῦ
3312 612 3565 682 λέγεται,
3616 619 3659 669 τ)

372 712 594 753 omnem
640 697 835 753 molem
861 708 917 753 et
946 700 1264 755 distantiam
1293 701 1502 773 eﬂ'ngit,
1530 712 1585 757 et
1612 706 1817 773 absque
1856 705 1959 759 im-

376 790 684 857 pedimento
708 789 879 862 486
909 802 1107 846 cuncta
1139 794 1409 863 pervadit.
1440 796 1602 866 Atqui
1636 796 1802 851 etiam
1843 812 1962 851 om-

376 880 523 933 nium
550 880 899 937 elementaris
923 898 1085 937 causa
1109 894 1191 938 est
1224 885 1353 939 illud
1384 902 1641 955 parvum;
1680 904 1958 958 nunquam

372 972 515 1023 enim
548 969 781 1026 formam
819 974 967 1042 parvi
1000 976 1242 1044 reperies
1271 994 1377 1031 non
1413 980 1816 1049 participatam.
1866 980 1958 1036 Sic

371 1061 533 1132 igitur
562 1064 615 1117 in
656 1063 769 1119 Deo
792 1067 1164 1134 accipiendum
1200 1080 1283 1122 est
1314 1084 1563 1139 parvum,
1592 1081 1647 1125 ut
1682 1072 1734 1125 in
1772 1073 1957 1127 omnia

368 1164 423 1208 et
459 1170 553 1224 per
584 1158 767 1212 omnia
799 1161 1053 1229 expedite
1080 1176 1290 1228 means,
1315 1172 1367 1216 et
1398 1178 1650 1231 operans,
1679 1174 1734 1219 et
1766 1179 1959 1235 perva-

369 1250 506 1305 dens
552 1268 717 1322 usque
751 1256 820 1306 ad
871 1256 1181 1309 divisionem
1226 1256 1420 1308 anima:
1448 1264 1499 1307 et
1534 1256 1774 1324 spiritus,
1817 1272 1958 1309 com-

364 1358 558 1410 pagum
592 1360 798 1415 quoque
839 1355 886 1399 et
923 1346 1308 1411 medullarum,
1362 1346 1717 1401 discretivum
1752 1362 1954 1402 concu-

364 1436 758 1503 piscentiarum
796 1450 843 1492 et
871 1440 1250 1508 cogitationum
1284 1439 1460 1492 cordis
1486 1480 1502 1504 ,
1551 1440 1660 1493 imo
1709 1439 1951 1494 omnium

2062 703 2264 767 παντὸς
2293 702 2459 771 ὄγκου
2492 705 2586 756 καὶ
2613 703 2980 776 διαστήματος
3008 706 3338 776 ὲκΰεόηκὸς,
3372 708 3476 760 καὶ
3503 709 3563 761 τὸ
3591 708 3665 763 διὰ

2063 795 2283 848 πάντων
2323 794 2618 859 ἀκωλύτως
2651 796 2879 867 χωροῦν.
2914 798 3110 850 Καίτοι
3147 798 3243 851 καὶ
3273 799 3510 853 πάντων
3544 818 3665 853 στοι-

2064 896 2346 965 χειωτικὸν
2371 897 2415 928 ⁸⁸
2449 896 2623 950 αἴτιόν
2666 898 2782 950 ἐστι
2828 897 2888 949 τὸ
2935 898 3196 969 σμικρόν·
3247 899 3471 970 οὐδαμῆ
3492 900 3537 930 ⁸⁸
3568 900 3664 971 γὰρ

2065 988 2321 1059 εὑρήσεις
2364 989 2463 1059 τὴν
2501 990 2594 1042 τοῦ
2648 990 2882 1061 σμικροῦ
2936 990 3079 1043 ίδὲαν
3112 991 3447 1061 ἀμέϐεκτον.
3492 991 3663 1056 Οὕτως

2065 1076 2158 1133 οὖν
2177 1080 2268 1133 ἐπὶ
2300 1080 2435 1134 Θεοῦ
2456 1082 2519 1134 τὸ
2554 1083 2783 1154 σμικρὸν
2802 1080 3210 1152 ὲκληπτέον,ὼς
3238 1084 3337 1136 ἐπὶ
3372 1084 3557 1137 πάντα
3579 1084 3663 1136 καὶ

2062 1174 2150 1228 διὰ
2172 1174 2386 1228 πάντων
2406 1176 2814 1246 ἀνεμποδίστως
2831 1177 3059 1249 χωροῦν,
3082 1176 3177 1231 καὶ
3196 1177 3470 1248 ἐνεργοῦν
3488 1176 3532 1208 ⁶⁷
3546 1216 3561 1241 ,
3578 1179 3661 1230 καὶ

2062 1264 2479 1336 διικνούμενον
2498 1267 2637 1335 ἄχρι
2668 1269 2961 1337 μερισμοῦ
2987 1268 3197 1338 ψυχῆς
3227 1285 3295 1321 τε
3346 1268 3453 1322 καί
3487 1268 3657 1320 πνεύ-

2055 1372 2268 1429 ματος,
2292 1359 2495 1431 ἁρμῶν
2516 1376 2580 1414 τε
2605 1359 2651 1391 ⁸⁸
2676 1359 2773 1411 καὶ
2790 1358 3054 1428 μυελῶν,
3081 1361 3179 1413 καὶ
3205 1360 3656 1428 κριτικὸν-ἐνθυ-

2053 1448 2304 1517 μήσεων
2330 1451 2429 1503 καὶ
2458 1450 2709 1504 ἐννοιῶν
2733 1451 2998 1519 καρδίας,
3022 1452 3223 1523 μᾶλλον
3255 1452 3315 1505 δὲ
3342 1451 3462 1505 τῶν
3501 1452 3656 1504 όντων

366 1543 489 1596 qua:
518 1539 675 1596 sunt,
704 1547 807 1584 non
839 1531 983 1584 enim
1028 1542 1101 1585 est
1127 1540 1369 1584 creatura
1417 1534 1528 1584 ulla
1577 1532 1853 1586 invisibilis
1895 1549 1949 1585 ιη

2129 1541 2306 1594 άντων
2325 1558 2338 1569 ο
2355 1543 2427 1595 οὐ
2440 1541 2547 1612 γάρ
2560 1541 2691 1595 ἐστι
2707 1543 2903 1608 κτίσις
2918 1542 3159 1612 ἀφανὴς
3172 1542 3445 1597 ἐνώπιον
3454 1543 3650 1595 αὐτοῦ.

366 1631 641 1688 conspectu
669 1623 782 1691 ejus
810 1634 871 1677 ιη.
900 1623 1015 1677 Hoc
1066 1638 1292 1693 parvum
1339 1631 1423 1678 est
1466 1624 1584 1678 sine
1629 1626 1951 1693 quantitate,

364 1710 484 1762 sine
530 1711 823 1778 qualitate,
875 1714 993 1766 sine
1048 1713 1393 1777 inbibitione,
1438 1713 1738 1777 inﬁnitum,
1779 1714 1953 1767 incir-

364 1803 778 1871 cumscriptum,
811 1806 991 1858 omnia
1021 1805 1514 1876 eomprehendens,
1552 1806 1727 1876 ipsum
1760 1820 1891 1861 vero
1921 1820 1952 1859 a

363 1888 512 1947 nullo
536 1894 928 1963 comprehendi
961 1905 1165 1965 potest.

2062 1631 2233 1685 Τοῦτο
2264 1633 2325 1683 τὸ
2358 1632 2588 1703 σμικρὸν
2621 1632 2823 1686 ἀποσόν
2856 1635 2992 1696 ἐστι,
3026 1634 3119 1686 καὶ
3148 1633 3453 1705 ἀπήλικον,
3490 1634 3653 1703 ἀκραο

2060 1724 2171 1787 τὲς,
2227 1723 2472 1795 ἄπειρον,
2508 1722 2776 1794 ἀόριστον,
2822 1722 3214 1795 περιληπτικὸν
3248 1725 3501 1781 πάντων.
3536 1722 3654 1776 αὐτὸ

2062 1814 2119 1867 δὲ
2153 1815 2547 1885 ἀπερίληπτον.

1914 2065 1943 2137 §
1987 2062 2097 2122 1v.

430 2223 575 2279 idem
620 2235 804 2281 autem
838 2227 1013 2298 ipsum
1042 2237 1129 2284 est
1158 2230 1762 2300 supersubstantialiter
1789 2240 1951 2284 mter-

357 2329 512 2381 nnm,
548 2318 992 2386 ineonvertibile,
1018 2322 1319 2375 secundum
1350 2324 1539 2379 eadem
1564 2323 1618 2377 in
1651 2324 1947 2392 semetipso

356 2424 587 2464 manens
628 2424 864 2481 semper,
910 2423 966 2466 et
1008 2414 1200 2469 eodem
1252 2415 1414 2470 modo
1464 2430 1524 2470 se
1554 2415 1795 2479 habens,
1823 2429 1945 2469 om-

356 2500 517 2553 nibus
560 2515 714 2569 asque
742 2516 1002 2570 praesens,
1053 2514 1219 2572 atque
1251 2504 1426 2573 ipsum
1459 2519 1556 2574 per
1585 2518 1646 2558 se
1679 2514 1733 2558 et
1762 2505 1815 2558 in
1859 2518 1947 2558 se-

356 2589 478 2659 ipso
523 2591 753 2647 ﬁrmiter
795 2602 851 2647 et
895 2594 1221 2649 intemerate
1251 2596 1303 2649 in
1335 2594 1721 2666 pulcherrimis
1753 2610 1944 2667 supra-

354 2683 663 2737 essentialis
705 2700 815 2739 suae
861 2686 1166 2741 identitatis
1198 2688 1400 2743 ﬁnibus
1434 2688 1695 2752 locatum,
1743 2687 1943 2742 immu-

356 2775 545 2841 tabile,
573 2775 759 2847 lapsus
790 2793 1005 2847 expers,
1059 2794 1407 2848 permanens.
1455 2779 1801 2843 invariabile,
1833 2793 1940 2833 non

2129 2229 2203 2282 Τὸ
2245 2228 2301 2282 δὲ
2349 2229 2546 2283 ταύτὸν
2592 2228 2932 2301 ὑπερουσίως
2976 2226 3166 2293 ἀΐδιον,
3216 2226 3524 2299 ἄτρεπτον,
3572 2228 3646 2298 ἐφ’

2056 2320 2253 2374 ἑαυτοῦ
2310 2322 2490 2392 μένον,
2516 2310 2633 2376 ’ἀεὶ
2666 2322 2710 2353 ⁸³
2744 2320 2886 2373 κατά
2929 2320 2998 2374 τά
3054 2320 3195 2374 αὐτά
3244 2322 3347 2373 καὶ
3394 2320 3645 2384 ὡσαύτως

2054 2410 2195 2480 ἔχον,
2239 2412 2404 2465 πᾶσιν
2448 2411 2710 2475 ὡσαύτως
2755 2411 2949 2482 παρὸν,
2998 2412 3092 2465 καὶ
3138 2411 3274 2465 αὐτὸ
3320 2412 3450 2466 καθ’
3500 2412 3646 2464 ἑαυτὸ

2052 2505 2141 2572 ἐφ’
2173 2503 2366 2558 ἑαυτοῦ
2404 2503 2680 2576 παϐερῶς
2725 2506 2818 2557 καὶ¹
2865 2504 3149 2576 ἀχράντως
3194 2506 3254 2557 ὲν
3301 2506 3425 2567 τοῖς
3472 2504 3644 2557 καλλί-

2052 2612 2196 2659 στοις
2230 2596 2427 2667 πέρασι
2457 2596 2558 2667 τῆς
2606 2594 2930 2667 ύπερουσίου
2973 2594 3305 2664 ταύτότητος
3346 2594 3641 2665 ἱδρυμένον,

2048 2687 2446 2759 ἀμετάϐλητον,
2494 2688 2907 2758 ἀμετάπτωτον,
2955 2686 3217 2758 ἀρρεπὲς,
3264 2685 3641 2746 ἀναλλοίωτον,

2047 2782 2264 2852 ἀμιγὲς,
2314 2782 2496 2847 ἄῦλον,
2546 2780 2937 2845 ἁπλούστατον,
2991 2779 3332 2850 ἀπροσδεὲς,
3388 2779 3641 2844 ἀναυξὲς,

352 2869 700 2936 permistuin,
749 2884 947 2938 expers
982 2871 1249 2933 materiae,
1300 2870 1792 2942 simplicissimum,
1827 2886 1933 2925 non

2129 2875 2307 2927 είωτον
2333 2914 2348 2939 ,
2399 2874 2660 2946 ἀγένητον
2690 2913 2705 2938 ,
2745 2874 2843 2944 οὐχ
2884 2874 2959 2936 ὡς
3009 2873 3176 2943 μήπω
3223 2871 3564 2942 γενόμενον,
3609 2870 3640 2939 ἦ

352 2961 621 3029 indigens,
668 2977 775 3016 non
803 2977 1124 3032 augescens,
1165 2979 1272 3019 non
1317 2964 1693 3030 imminutum,
1724 2964 1941 3034 ingeni-

357 3061 496 3118 tum,
530 3069 637 3107 non
673 3062 933 3124 tanquam
978 3058 1219 3109 nondum
1268 3054 1496 3123 factum,
1542 3066 1636 3111 aut
1686 3056 1940 3127 imperfe-

350 3153 523 3210 ctum,
568 3154 663 3199 aut
693 3147 761 3201 ab
795 3148 900 3202 boc
930 3156 1025 3201 aut
1065 3148 1168 3203 hoc
1199 3164 1305 3202 non
1350 3149 1573 3214 factum,
1607 3164 1782 3218 neque
1815 3160 1935 3203 tan-

350 3253 515 3305 quam
569 3239 720 3293 nullo
755 3242 915 3295 modo
948 3241 1222 3305 existens;
1276 3242 1370 3295 sed
1411 3252 1667 3310 tanquam
1710 3242 1935 3297 omnino

350 3327 669 3398 ingenitum,
706 3339 757 3384 et
796 3330 1044 3385 absolute
1096 3330 1421 3400 ingenitum,
1468 3340 1522 3384 et
1552 3345 1770 3400 semper
1812 3332 1931 3386 exi—

350 3430 518 3482 stens,
560 3429 615 3474 et
643 3435 740 3490 per
782 3435 842 3475 se
872 3420 1202 3491 perfectum,
1248 3429 1413 3490 atque
1446 3422 1587 3475 idem
1636 3422 1933 3476 secundum

349 3523 431 3575 se,
473 3521 640 3579 atque
667 3527 696 3564 a
725 3511 910 3581 seipso
942 3513 1296 3567 uniformiter
1321 3523 1375 3567 et
1406 3514 1594 3567 eadem
1627 3515 1811 3583 specie
1842 3514 1935 3569 de-

352 3604 729 3669 terminatum,
772 3614 937 3674 atque
971 3605 1097 3659 illud
1147 3606 1289 3659 idem
1331 3606 1497 3661 etiam
1540 3606 1791 3660 onmibus
1820 3605 1937 3673 ejus

350 3691 713 3762 participandi
747 3695 1041 3762 capacibus
1075 3694 1284 3760 amans,
1330 3705 1387 3751 et
1432 3694 1705 3751 aﬂluentia
1738 3697 1935 3751 identi-

352 3782 503 3847 tatis,
548 3794 603 3839 et
637 3799 801 3838 causa
834 3786 940 3839 alia
973 3787 1097 3841 aliis
1144 3788 1495 3852 coordinans,
1546 3798 1601 3842 et
1638 3788 1930 3844 identidem

2041 2966 2381 3031 ἀτελείωτον,
2418 2967 2451 3038 ἢ
2486 2967 2592 3020 ὑπὸ
2624 2966 2777 3020 τοῦδε
2830 2966 2862 3037 ἢ
2896 2966 3014 3019 τόδε
3052 2965 3126 3036 μὴ
3181 2964 3506 3034 γενόμενον,
3539 2962 3640 3047 οὐδ’

2038 3056 2114 3120 ὡς
2150 3057 2376 3129 μηδαμῆ
2412 3057 2677 3129 μηδαμῶς
2710 3057 2789 3125 ὃν,
2810 3058 2926 3111 ἀλλ’
2956 3056 3146 3127 ὥσπερ
3176 3053 3636 3125 παναγὲνητον⁷⁰,

2040 3151 2133 3203 καὶ
2166 3148 2451 3213 ἀπολύτως
2497 3150 2783 3218 ἀγένητον,
2818 3150 2915 3203 καὶ
2948 3151 3034 3203 ἀεὶ
3082 3148 3161 3214 ὃν,
3211 3147 3309 3201 καὶ
3358 3146 3637 3209 αὐτοτελὲς

2036 3242 2115 3305 δν,
2154 3242 2247 3293 καὶ
2279 3242 2475 3294 ταύτὸν
2510 3241 2568 3295 ὃν
2603 3240 2724 3294 καθ’
2758 3242 2919 3295 ἑαυτὸ
2940 3243 3007 3307 ⁷⁸,
3042 3242 3138 3295 καὶ
3181 3240 3275 3310 ὑφ’
3311 3239 3513 3293 ἑαυτοῦ
3548 3255 3635 3309 μο-

2035 3333 2249 3399 νοειδῶς
2281 3335 2376 3387 καὶ
2405 3334 2725 3398 ταύτοειδῶς
2772 3332 3183 3405 ἀφοριζόμενον,
3219 3334 3319 3385 καὶ
3351 3332 3416 3384 τὸ
3448 3330 3633 3385 ταύτὸν

2041 3424 2102 3489 ἐξ
2130 3425 2324 3479 ἑαυτοῦ
2358 3429 2493 3481 πᾶσι
2524 3430 2638 3490 τοῖς
2672 3426 2919 3497 μετέχειν
2952 3424 3281 3496 ἐπιτηδείοις
3304 3422 3629 3493 ἐπιλάμπον,

2041 3520 2137 3571 καὶ
2166 3520 2235 3573 τὰ
2266 3520 2428 3591 ἕτερα
2468 3524 2581 3584 τοῖς
2614 3519 2820 3591 ἑτέροις
2854 3516 3167 3579 συντάττον,
3205 3516 3499 3587 περιουσία
3544 3514 3631 3566 καὶ

2041 3610 2188 3664 αἰτία
2232 3613 2578 3683 ταύτότητος,
2615 3615 2672 3666 ὲν
2705 3609 2883 3681 ἑαυτῷ
2916 3611 3009 3664 καὶ
3053 3607 3121 3661 τὰ
3169 3608 3397 3660 ἐναντία
3425 3604 3630 3666 ταύτῶς

2040 3703 2271 3775 προέχον
2289 3707 2334 3737 ⁷³
2360 3705 2501 3760 κατά
2533 3704 2631 3775 τὴν
2668 3704 2797 3775 μίαν
2830 3704 2925 3757 καὶ
2955 3701 3137 3773 ἑνικὴν
3160 3701 3259 3772 τῆς
3280 3700 3413 3770 ὅλης
3443 3696 3624 3751 ταύτό-

2041 3809 2204 3865 τητος
2238 3796 2612 3866 ὑπερέχουσαν
2646 3795 2845 3848 αἰτίαν.

361 3872 416 3925 in
449 3874 747 3944 semetipso
775 3892 836 3931 ea
867 3894 988 3948 quae
1021 3880 1164 3933 inter
1190 3895 1250 3935 se
1284 3882 1559 3937 contraria
1613 3891 1742 3936 sunt
1799 3883 2176 3953 superbabens
2225 3890 2525 3944 secundum
2553 3905 2715 3943 unam
2743 3898 2907 3958 atque
2939 3886 3155 3941 unicam
3221 3900 3448 3939 causam
3499 3880 3623 3937 emi-

351 3976 571 4021 nentem
604 3968 769 4023 totius
794 3970 1115 4027 identitatis.

1900 4115 2052 4189 §V.

416 4273 576 4327 Aliud
608 4286 810 4340 autem,
856 4278 982 4346 quia
1025 4280 1238 4335 cunctis
1270 4280 1615 4350 providentia
1647 4295 1746 4337 sua
1784 4282 1926 4339 Deus

2129 4284 2177 4337 Γὸ
2220 4284 2277 4337 δὲ
2325 4284 2530 4352 ἕτερον,
2576 4280 2763 4353 ἐπειδὴ
2809 4282 2941 4333 πᾶσι
2993 4275 3370 4349 προνοητικῶς
3417 4276 3446 4326 ὀ
3495 4272 3617 4335 Θεὸς

346 4367 520 4428 adest,
549 4374 607 4419 et
637 4376 859 4435 propter
891 4370 1133 4424 omnium
1161 4374 1627 4428 conservationem
1662 4374 1719 4428 ﬁt
1747 4377 1927 4430 omnia

345 4460 398 4512 in
430 4456 706 4522 omnibus,
745 4459 871 4512 dum
919 4460 972 4513 in
1019 4465 1316 4532 semetipso
1349 4466 1681 4536 propriaque
1726 4468 1927 4523 identi-

346 4558 456 4603 tate
496 4551 880 4605 inemananter
908 4567 1260 4620 permanens.
1312 4564 1367 4612 et
1412 4560 1712 4614 secundum
1763 4574 1925 4614 unam

344 4639 712 4695 incessantem
760 4643 1135 4713 operationem
1190 4648 1293 4702 sibi
1328 4650 1426 4719 ipsi
1472 4651 1774 4719 adlucrens,
1819 4654 1931 4706 vir-

344 4738 457 4783 tute
491 4733 725 4800 quadam
756 4734 1103 4790 indeﬁciente
1143 4740 1435 4807 semetipso
1470 4740 1654 4805 tradit,
1688 4742 1754 4793 ad
1788 4740 1929 4795 divi-

341 4838 465 4876 nam
513 4824 744 4880 formam
790 4831 1079 4884 conversis
1126 4830 1590 4900 imprimendam;
1642 4832 1921 4887 variarum

339 4929 521 4971 autem
572 4918 693 4985 Dei,
726 4921 1025 4976 secundum
1080 4922 1446 4978 multiformes
1485 4924 1746 4989 visiones,
1787 4923 1921 4994 ligu-

414 5151 453 5178 ω
488 5141 657 5196 Hebr.
695 5157 771 5207 tv,
812 5143 899 5195 12.

406 5413 451 5444 ⁵⁵
477 5414 816 5491 αῖτιόνβοςτι,
835 5412 952 5491 sine
975 5410 1239 5491 adjectivo
1265 5417 1685 5491 στοιχειωτικόν,
1708 5421 1897 5491 legitur
1944 5419 1951 5471 i

2145 5420 2202 5475 S.
2254 5420 2344 5474 Sc.
2396 5419 2518 5473 Sar.

2033 4376 2291 4448 πάρεστι,
2328 4375 2422 4428 καὶ
2454 4375 2632 4428 πάντα
2663 4374 2721 4425 ὲν
2755 4374 2890 4425 πᾶσι
2938 4371 3026 4423 διά
3066 4369 3164 4439 τὴν
3198 4368 3419 4421 πάντων
3454 4382 3616 4435 σωτη-

2033 4470 2155 4539 ρίαν
2188 4469 2453 4537 γίγνεται,
2494 4468 2653 4537 μένον
2674 4466 2720 4496 ⁷³
2755 4467 2841 4533 ἐφ’
2887 4461 3078 4516 ἑαυτοῦ
3121 4460 3217 4513 καὶ
3265 4459 3368 4529 τῆς
3416 4456 3612 4517 οἰκείας

2030 4559 2355 4627 ταύτότητος
2390 4556 2797 4627 ἀνεκφοιτήτως
2830 4556 2951 4607 κατ’
2993 4553 3275 4623 ἐνέργειαν
3326 4551 3475 4622 μίαν,
3526 4546 3611 4599 καὶ

2032 4648 2308 4702 ἄπαυστον
2372 4646 2618 4717 ἑστηκὼς
2641 4686 2655 4709 ,
2712 4644 2808 4697 καὶ
2869 4642 3056 4695 ἑαυτὸν
3100 4639 3373 4701 ἐπιδιδοὺς
3420 4634 3609 4701 ἀκλίτῳ

2031 4738 2261 4808 δυνάμει
2307 4737 2444 4809 πρὸς
2511 4736 2775 4790 ὲκθέωσιν
2820 4734 2928 4788 τῶν
2978 4730 3478 4802 ἐπεστραμμένωνό
3526 4724 3609 4778 καὶ

2034 4830 2131 4902 τὴν
2165 4830 2458 4901 ἑτερότητα
2490 4829 2597 4882 τῶν
2631 4827 2889 4882 ποικίλων
2922 4825 3015 4878 τοῦ
3046 4822 3181 4875 Θεοῦ
3217 4820 3360 4875 κατά
3392 4818 3490 4882 τὰς
3520 4834 3608 4869 πο-

2031 4921 2259 4984 λυειδεῖς
2290 4921 2506 4990 ὁράσεις
2554 4920 2847 4990 σχημάτων
2881 4917 2960 4981 ⁷⁸,
2996 4914 3159 4985 ἕτερά
3189 4930 3316 4967 τινα
3346 4916 3458 4976 τοῖς
3489 4926 3604 4979 (pat-

1658 5259 1889 5315 VARle
1930 5258 2333 5315 LECTIONES.

2915 5415 2973 5479 ῦ,
3013 5412 3071 5467 S.
3112 5410 3179 5465 P.
3282 5410 3325 5441 ⁵⁷
3361 5405 3597 5479 ἐναργές.

2627 5418 2672 5449 ⁸⁸
2705 5418 2837 5471 ούδα

341 5494 382 5522 οη
418 5499 476 5558 τε
513 5498 619 5535 non
659 5476 862 5535 habent
900 5483 986 5558 l)._
1012 5476 1096 5558 Si”
1116 5483 1193 5558 Ρ.Δ
1221 5493 1286 5535 ut
1332 5476 1432 5558 nec
1473 5490 1637 5542 verba
1672 5476 1812 5558 'qukz'e
1862 5500 2198 5557 sequuntur,
2240 5491 2334 5543 καὶ
2366 5488 2609 5558 κριτικὸν
2656 5476 3595 5558 ἐνθυμήσεων.--ΑεΙδιὶριιΙιιηιιιῇὃς.

341 5553 574 5629 et_Sar.,
597 5566 727 5629 qua:
759 5560 939 5629 tamen
976 5551 1032 5629 in
1065 5550 1255 5629 Paulo,
1282 5552 1440 5629 cujus
1471 5566 1596 5610 sunt
1629 5550 1959 5629 bar-civerba',
1993 5550 2246 5629 leguntur
2275 5563 2341 5612 ad

2433 5561 2545 5614 ebr.
2581 5574 2652 5612 Iv.
2736 5547 2874 5611 θ’θ’.
2918 5557 2955 5610 Ρ
3010 5547 3385 5617 distinguunt,
3430 5547 3595 5619 μόνον,

342 5623 451 5701 ἀεὶ,
482 5614 721 5701 κατὰ-τὰ
744 5622 909 5701 “quid.
976 5622 1034 5701 -7°
1068 5624 1195 5701 πᾶν,
1233 5614 1519 5700 ἀγένητον.
1557 5629 1614 5681 S.
1646 5631 1703 5683 υ.
1734 5628 1857 5683 Sar.
1933 5614 1973 5659 ⁷’¹
2012 5614 2132 5683 κᾶθ’
2168 5629 2361 5683 ἑαυτοῦ
2396 5629 2454 5685 Ρ,
2534 5631 2577 5661 ⁷³
2597 5628 2871 5701 περιέχον,
2912 5630 2967 5681 I).
3047 5622 3091 5652 ⁷³
3129 5614 3308 5691 μένων
3346 5614 3487 5690 1θὸἓὶ
3526 5614 3595 5668 il“

345 5694 474 5744 Cod.
513 5692 663 5744 \"ten.
744 5692 787 5719 7‘
824 5692 879 5743 ὃ.
907 5691 1180 5762 sulnnngit
1205 5691 1451 5763 popgtbv.
