3768 6318
105 419 209 477 913

1190 419 1280 475 DE
1314 419 1569 477 DIVINIS
1602 419 2001 491 NOMINIBUS,
2032 423 2183 480 CAP.
2225 421 2317 477 IX.

3270 416 3387 472 9”»

101 530 349 601 νομένοις
397 532 526 606 παρ’
569 532 598 587 ὃ
644 532 954 602 φαίνονται,
1010 533 1296 605 σημαίνειν
1342 535 1567 606 οἰητέον.

1900 552 1989 592 um
2027 536 2366 601 diversitate,
2394 533 2639 605 qua'dam
2668 532 2775 588 alia
2807 531 2872 587 ab
2904 531 2970 586 iis
2995 544 3115 601 quae
3144 530 3273 585 visis
3302 532 3384 584 in-

102 629 205 694 γὰρ
238 627 289 677 εἰ
336 624 438 697 τὴν
481 624 655 697 ψυχὴν
702 624 870 695 αὐτὴν
921 627 1297 696 σωματοειδῶς
1328 629 1356 680 ό
1390 627 1545 696 λόγος
1588 626 1696 679 διέ-

100 717 323 782 πλαττε,
360 718 458 771 καὶ
506 717 646 789 μέρη
691 716 977 787 σωματικά
1019 721 1086 788 τῇ
1120 719 1317 789 ἀμερεῖ
1364 720 1696 791 περιέπλατ-

100 824 217 869 τεν,
269 806 479 878 ἑτέρως
533 806 790 877 ένοοῦμεν
841 808 927 860 ἐπ’
977 809 1112 879 αὐτῇ
1176 808 1245 861 τὰ
1309 810 1695 882 περιτιθέμενα

100 896 237 966 μέρη
260 935 275 959 ,
311 899 380 967 τῇ
417 898 654 968 ἀμερείᾳ
685 901 751 968 τῇ
794 898 937 951 κατά
967 898 1144 971 ψυχὴν
1183 902 1426 965 οἰκείως
1463 903 1559 956 καὶ
1603 921 1694 957 κε-

96 990 273 1062 φαλὴν
330 992 431 1061 μὲν
463 993 554 1046 τὸν
596 993 739 1055 νοῦν,
775 993 978 1064 αὐχένα
1021 994 1076 1047 δὲ
1116 995 1215 1066 τὴν
1259 993 1440 1061 δόξαν,
1492 996 1585 1067 (ὡς
1636 1001 1693 1050 ὲν

98 1083 247 1154 μέσῳ
279 1084 446 1153 λόγου
478 1086 572 1138 καὶ
603 1086 877 1157 άλογίας·)
912 1087 1105 1157 στῆθος
1137 1088 1192 1141 δὲ
1226 1087 1415 1159 θυμὸν,
1450 1091 1693 1162 γαστέρα

93 1175 148 1228 δὲ
170 1174 271 1246 τὴν
302 1175 623 1247 ἐπιθυμίαν,
647 1177 811 1250 σκέλη
846 1179 902 1231 δὲ
936 1181 1028 1232 καὶ
1062 1179 1230 1244 πόδας
1261 1181 1358 1253 τὴν
1392 1181 1552 1251 φύσιν
1586 1184 1693 1236 ἐλέ-

94 1280 284 1334 γομεν,
322 1268 439 1330 τοῖς
471 1266 578 1321 τῶν
614 1269 795 1339 μερῶν
827 1270 1053 1341 ὀνόμασι
1098 1272 1206 1325 τῶν
1238 1273 1522 1344 δυνάμεων
1556 1293 1693 1346 συμ-

95 1357 270 1421 ϐόλοις
306 1358 613 1431 χρώμενοι·
651 1361 829 1433 πολλῷ
861 1381 924 1432 γε
970 1366 1165 1436 μᾶλλον
1208 1368 1300 1422 ἐπὶ
1345 1368 1438 1423 τοῦ
1472 1370 1691 1425 πάντων

93 1449 359 1504 ἐπέκεινα
390 1451 488 1523 τὴν
522 1453 814 1525 ἑτερότητα
844 1456 953 1510 τῶν
990 1458 1213 1531 μορφῶν
1263 1461 1357 1514 καὶ
1404 1462 1512 1515 τῶν
1560 1481 1692 1535 σχη-

95 1539 304 1608 μάτων,
345 1542 521 1611 ἱεραῖς
570 1543 663 1596 καί
709 1542 1035 1615 θεοπρεπέσι
1084 1548 1178 1601 καὶ
1228 1554 1517 1621 μυστικαῖς
1557 1554 1689 1606 ἀνα-

91 1627 354 1693 πτύξεσιν
376 1630 839 1704 ἀνακαθαίρεσθαι
864 1636 988 1707 χρή.
1008 1638 1117 1693 Καὶ
1138 1641 1186 1691 εἰ
1211 1638 1388 1710 βούλει
1410 1641 1477 1695 τὰ
1499 1644 1689 1714 τριττά

89 1716 196 1770 τῶν
219 1719 500 1789 σωμάτων
534 1724 786 1794 σχήματα
828 1725 906 1796 τῷ
938 1727 1135 1796 ἀναιρεῖ
1165 1731 1261 1784 καὶ
1293 1733 1689 1806 ἀσχηματίστῳ

91 1808 208 1879 Θεῷ
240 1811 535 1881 περιάψαι,
572 1813 772 1879 πλάτος
808 1817 905 1887 μὲν
958 1817 1098 1872 θεῖον
1134 1823 1325 1893 ῥητέον
1371 1824 1469 1896 τὴν
1520 1826 1689 1896 ὑπερ-

1796 629 2111 699 sinuantur,
2149 627 2451 696 signiﬁcari
2502 628 2802 695 putandum
2848 633 2951 679 est.
2998 622 3371 690 Quemadmo-

1796 722 1922 776 dum
1965 722 2109 776 enim
2142 722 2185 775 si
2220 721 2344 790 quis
2370 720 2665 791 cogitando
2704 720 2939 773 animam
2977 719 3043 771 ad
3095 729 3376 785 corporete

1797 813 1980 883 ﬁgura:
2014 813 2231 867 modum
2264 812 2433 880 ipsam
2469 820 2905 881 repraesentaret,
2934 817 2989 864 et
3026 809 3104 863 rei
3137 807 3381 879 partium

1795 881 2005 975 expei'ti
2053 915 2235 974 partes
2280 918 2580 973 corporeas
2618 902 2919 972 allingeret,
2957 902 3065 955 alio
3111 900 3269 955 modo
3317 898 3374 951 in
3436 960 3437 963 η

1794 1012 1856 1050 ea
1902 1005 2106 1065 partes,
2148 1010 2267 1064 qua:
2296 995 2371 1049 illi
2420 995 2696 1051 attributae
2722 994 2886 1066 487
2918 1003 3125 1055 essent,
3171 990 3376 1045 intelli-

1793 1103 2065 1159 geremus,
2099 1097 2263 1158 prout
2292 1088 2546 1141 nimirum
2577 1087 2833 1142 convenit
2861 1084 3031 1154 ipsius
3077 1081 3375 1137 individui-

1797 1181 1921 1243 tati;
1954 1188 2009 1235 et
2038 1191 2202 1249 caput
2226 1181 2443 1249 quidem
2475 1179 2915 1249 intelligentiam,
2939 1176 3208 1231 cervicem
3237 1188 3371 1228 vero

1793 1272 2103 1340 opinionem
2150 1272 2375 1339 (utpote
2424 1270 2657 1324 mediam
2710 1270 2855 1323 inter
2899 1267 3165 1321 rationem
3213 1276 3376 1333 atque

1793 1361 2378 1432 irrationabilitatem)
2425 1372 2621 1430 pectus
2671 1368 2854 1413 autem
2903 1358 3079 1423 iram,
3125 1363 3372 1409 ventrem

1792 1472 1923 1511 vero
1949 1456 2321 1525 cupiditatem,
2352 1470 2515 1507 crura
2545 1453 2782 1521 denique
2814 1466 2879 1507 ac
2924 1451 3089 1521 pedes
3121 1459 3373 1504 naturam

1792 1548 2122 1611 diceremus,
2166 1547 2394 1601 istarmn
2442 1545 2679 1614 partium
2725 1544 3043 1600 nominibus
3074 1558 3173 1613 pro
3201 1541 3376 1597 facul-

1793 1648 1963 1693 tatum
2002 1638 2265 1709 symbolis
2302 1637 2536 1705 utendo;
2570 1638 2644 1691 ita
2678 1637 2846 1690 multo
2877 1650 3013 1694 sane
3042 1633 3241 1705 potiori
3287 1648 3375 1686 ra-

1792 1731 1958 1797 tione,
1986 1731 2039 1784 in
2070 1746 2134 1784 eo
2156 1730 2246 1799 (lui
2275 1729 2529 1784 omnibus
2557 1729 2783 1793 eminet,
2812 1728 3104 1783 diversitas
3129 1725 3217 1779 illa
3264 1724 3377 1778 for-

1791 1838 2001 1877 marum
2032 1834 2195 1891 atque
2240 1822 2563 1891 ﬁgurarum,
2605 1820 2777 1874 sacris
2807 1819 3132 1889 quibusdam
3171 1833 3234 1872 ac
3266 1816 3381 1870 Deo

91 1904 313 1970 ευρεῖαν
348 1903 443 1955 ἐπὶ
476 1904 652 1958 πάντα
682 1907 776 1959 τοῦ
810 1908 944 1961 Θεοῦ
979 1911 1234 1981 πρόοδον·
1275 1916 1448 1987 μῆκος
1479 1917 1556 1983 δὲ,

1887 1915 2049 1986 igruis
2108 1915 2467 1984 rnysticisque
2514 1911 3031 1980 explauationibus,
3076 1907 3375 1977 anagogice

91 1994 619 2068 ὑπερεκτεινομένην
641 1999 708 2053 τὰ
737 1998 835 2055 ὅλα
856 2002 1105 2075 δύναμινο
1139 2006 1301 2077 βάθος
1322 2009 1399 2073 δὲ,
1422 2010 1519 2081 τὴν
1549 2029 1579 2063 τι

1910 2007 2289 2061 describenda.
2334 2005 2401 2060 Et
2433 2007 2480 2059 si
2523 2005 2829 2074 tripartitas
2874 2002 3123 2071 corporis
3171 2000 3379 2063 ﬁguras

87 2088 198 2149 τοῖς
230 2082 386 2140 οὖσιν
436 2089 806 2161 ἀπερίληπτον
852 2096 1193 2169 κρυφιότητα
1243 2102 1336 2154 καὶ
1384 2102 1677 2171 ἀγνωσίαν.

101 2175 237 2230 Ἀλλ’
257 2180 413 2243 ὅπως
447 2180 522 2251 μὴ
553 2180 801 2253 λάθωμεν
835 2185 1058 2251 ἑαυτοὺς
1078 2190 1143 2243 ὲκ
1162 2190 1263 2261 τῆς
1289 2192 1398 2245 τῶν
1431 2195 1685 2267 ὲτεροίων

90 2269 389 2341 σχημάτων
423 2273 517 2325 καὶ
553 2276 774 2345 μορφῶν
819 2279 1191 2348 ἀναπτύξεως,
1226 2283 1327 2349 τὰς
1356 2286 1685 2358 ἀσωμάτους

88 2358 402 2449 θεωνυμίας
433 2364 555 2427 ταῖς
602 2365 690 2419 διὰ
726 2369 1010 2438 συμϐόλων
1058 2374 1333 2447 αἰσθητῶν
1369 2377 1682 2449 συμφύρον-

85 2462 195 2511 τες,
228 2447 313 2501 διὸ
366 2450 498 2520 περὶ
548 2452 647 2521 μὲν
700 2456 904 2513 τούτων
937 2462 995 2513 ὲν
1026 2464 1092 2533 τῇ
1140 2447 1452 2535 Συμϐολικῇγ
1501 2447 1679 2521 θεολο-

85 2538 180 2611 γίᾳ
211 2541 294 2573 ⁷⁸*
331 2541 431 2595 νῦν
461 2542 519 2596 δὲ
564 2546 696 2600 αὐτὸ
743 2549 841 2620 τὴν
893 2550 1042 2606 θείαν
1092 2554 1410 2627 ἑτερότητα,
1469 2556 1543 2629 μὴ
1588 2558 1687 2610 ἀλ-

85 2628 300 2687 λοίωσίν
358 2652 483 2689 τινα
532 2639 630 2709 τῆς
692 2634 1098 2714 ὑὲτερατρέπτου
1160 2647 1486 2717 ταύτότητος
1534 2628 1685 2701 νὺπο-

86 2723 437 2797 πτεύσωμεν,
468 2730 605 2784 ἀλλά
637 2732 728 2787 τὸν
760 2736 957 2792 ἑνιαῖον
991 2736 1154 2791 αὑτοῦ
1179 2726 1675 2810 πολυπλασιασμὸν,

84 2815 181 2959 2;:
211 2817 316 2882 τάς
352 2822 647 2890 μονοειδεῖς
676 2826 776 2897 τῆς
822 2829 915 2882 ἐπὶ
949 2829 1128 2882 πάντα
1172 2828 1498 2898 πολυγονίας
1546 2848 1681 2901 προ-

173 2925 258 2959 υς.

173 2925 258 2971 υς.

1786 2099 1892 2170 ipsi
1926 2099 2054 2163 Deo,
2084 2100 2173 2168 qui
2217 2097 2363 2167 tangi
2410 2114 2474 2152 ac
2526 2096 2749 2167 ﬁgurari
2803 2095 3031 2164 nequit,
3076 2092 3377 2146 attribuere

1791 2189 2056 2255 volueris;
2091 2189 2272 2241 divina
2323 2188 2546 2256 quidem
2592 2185 2830 2241 latitudo
2877 2181 3106 2239 dicenda
3145 2189 3250 2247 est,
3296 2180 3376 2232 la-

1792 2281 2094 2337 tissima-ad
2128 2282 2411 2334 universas
2438 2294 2525 2334 res
2557 2276 2899 2348 progressio;
2946 2274 3229 2344 longitudo
3275 2287 3381 2324 au-

1794 2383 1925 2439 tem,
1966 2374 2214 2443 potentia
2256 2387 2379 2443 qua:
2420 2386 2586 2441 supra
2617 2371 2799 2426 omnia
2844 2367 3209 2438 expanditur;
3249 2377 3376 2433 pro-

1785 2466 2012 2523 fundum
2055 2484 2207 2532 vero,
2239 2482 2509 2521 arcanum
2542 2465 2672 2520 illud
2705 2463 2958 2517 omnibus
2997 2460 3372 2519 inaccessum,

1792 2560 2149 2630 ejusdemque
2194 2556 2715 2629 ignoratio.'Verum
2746 2572 2812 2611 ne
2851 2554 3105 2608 fallamus
3140 2558 3376 2607 nosmet-

1788 2651 1974 2721 ipsos,
2018 2652 2146 2705 dum
2195 2650 2366 2704 variis
2417 2649 2604 2718 ﬁguris
2671 2646 2977 2715 {omnisque
3027 2641 3377 2712 explicandis

1787 2744 2112 2808 insistimus,
2161 2744 2473 2797 divinarum
2506 2755 2691 2795 rerum
2738 2742 3090 2808 incorporeas
3134 2735 3377 2806 appella-

1787 2837 1967 2891 tiones
2003 2852 2127 2889 cum
2172 2837 2455 2906 signorum
2518 2833 2861 2887 sensibilium
2912 2829 3376 2900 appellationibus

1785 2926 2198 2993 confundeudo,
2245 2926 2312 2979 de
2372 2925 2459 2979 his
2505 2925 2558 2979 in
2588 2923 2893 2996 Symbolica
2948 2921 3221 2990 theologia
3262 2920 3375 2973 dis—

84 3001 390 3069 seruimus;
443 3021 587 3062 nunc
636 3017 816 3064 autem
886 3012 1123 3068 divinam
1179 3014 1581 3081 diversitatem,
1625 3030 1692 3071 ne
1763 3019 2122 3074 mutationem
2204 3019 2496 3089 quamdam
2568 3017 2722 3086 ejus,
2789 3014 2883 3086 qui
2948 3011 3376 3069 immutabiliter

85 3095 229 3150 idem
294 3107 405 3165 est,
451 3114 572 3155 esse
614 3104 976 3173 suspicemur,
1021 3108 1120 3162 sed
1167 3108 1348 3177 potius
1411 3108 1920 3179 multiplicationem
1975 3112 2353 3183 singularem,
2422 3120 2476 3167 et
2544 3106 2923 3165 emanationes
2985 3105 3262 3178 simplices
3307 3105 3375 3160 ad

84 3189 294 3247 omnia.

1644 3354 1817 3429 §Vl.

151 3544 388 3617 Ὅμοιον
418 3544 477 3598 δὲ
510 3545 602 3599 τὸν
633 3545 765 3599 Θεὸν
799 3549 847 3600 εἰ
885 3548 983 3618 μὲν
1028 3549 1103 3612 ὼς
1148 3550 1344 3605 ταύτὸν
1378 3550 1522 3605 εἴποι
1567 3568 1639 3614 τις

1887 3552 2110 3609 Similem
2143 3567 2273 3608 vero
2311 3552 2479 3607 Deum
2510 3552 2555 3608 si
2591 3551 2715 3622 quis
2748 3551 2897 3606 dicat
2929 3562 2990 3606 ut
3019 3553 3296 3616 eumdem,
3323 3561 3375 3607 et

83 3636 155 3701 ὼς
186 3636 311 3690 ὅλον
346 3635 524 3689 διόλου
577 3636 754 3707 ἑαυτῷ
789 3639 1031 3709 μονίμως
1064 3639 1156 3692 καὶ
1188 3640 1499 3711 άμερίστως
1551 3640 1680 3693 ὄντα

83 3730 293 3799 ὅμοιον,
327 3728 431 3782 οὐκ
462 3728 790 3798 ἀτιμαστέον
824 3732 956 3800 ἡμῖν
989 3729 1087 3800 τὴν
1119 3730 1212 3782 τοῦ
1257 3730 1443 3800 ὁμοίου
1477 3731 1680 3785 θεωνυ-

88 3823 238 3890 μίαν.
276 3822 338 3877 υἱ
370 3820 428 3872 δὲ
462 3820 700 3889 θεολόγοι
730 3821 821 3874 τὸν
855 3823 995 3894 ὑπὲρ
1030 3823 1205 3877 πάντα
1236 3823 1389 3887 Θεὸν,
1493 3826 1676 3886 αὐτὸς,

84 3912 265 3967 οὐδενί
298 3929 463 3980 φασιν
495 3909 634 3965 εἶναι
677 3914 885 3983 ὅμοιον,
920 3916 1082 3968 αὑτὸν
1113 3915 1170 3967 δὲ
1203 3916 1496 3987 ὁμοιότητα
1529 3915 1680 3970 θείαν

84 4004 377 4076 δωρεῖσθαι
422 4006 535 4065 τοῖς
570 4003 655 4056 ἐπ’
689 4005 852 4057 αὑτὸν
903 4007 1405 4077 ἐπιστρεφομένοις,
1440 4010 1503 4077 τῇ
1540 4006 1681 4062 κατά

82 4097 316 4167 δύναμιν
370 4098 600 4168 μιμήσει
642 4098 731 4149 τὸν
766 4098 810 4126 ⁷⁸
857 4098 996 4169 ὑπὲρ
1042 4098 1223 4151 πάντα
1266 4100 1362 4152 καὶ
1417 4101 1540 4170 ὅρον
1587 4099 1682 4153 καὶ

81 4189 265 4256 λόγον.
301 4190 411 4243 Καὶ
444 4188 597 4241 ἔστιν.
625 4190 657 4259 ἡ
690 4188 789 4259 τῆς
823 4188 972 4254 θείας
1004 4190 1319 4261 ὁμοιότητος
1352 4191 1606 4261 δύναμις,
1647 4193 1680 4263 ἠ

80 4282 154 4334 τὰ
189 4283 550 4353 παραγόμενα
583 4282 760 4335 πάντα
794 4282 929 4354 πρὸς
961 4283 1022 4335 τὸ
1055 4283 1225 4336 αἴτιον
1258 4284 1678 4354 ἐπιστρέφουσα.

82 4373 279 4427 Ταῦτα
309 4375 440 4442 γοῦν
475 4374 667 4445 ῥητέον
699 4374 863 4444 ὅμοια
893 4373 970 4444 τῷ
990 4375 1032 4404 ⁷⁷
1053 4374 1192 4444 Θεῷ,
1230 4376 1322 4428 καὶ
1355 4375 1497 4429 κατά
1531 4374 1680 4429 θείαν

78 4460 274 4512 εἰκόνα
333 4463 428 4514 καὶ
492 4461 783 4531 ὁμοίωσιν·
833 4461 955 4513 οὐδὲ
1000 4461 1109 4534 γάρ
1156 4464 1339 4528 αὐτοῖς
1399 4465 1490 4517 τὸν
1551 4466 1683 4519 Θεὸν

79 4552 293 4622 ὅμοιον,
336 4554 419 4605 ὃτι
470 4552 603 4623 μηδὲ
656 4554 941 4626 ἄνθρωπος
988 4558 1052 4626 τῇ
1104 4555 1208 4626 ἰδίᾳ
1252 4557 1420 4609 εἰκόνι
1465 4558 1678 4628 ὅμοιος·

78 4644 181 4695 ἐπὶ
223 4642 334 4714 γὰρ
367 4645 411 4675 ⁷⁸
444 4646 553 4695 τῶν
597 4645 881 4715 ὁμοταγῶν
932 4646 1154 4699 δυνατὸν
1200 4647 1295 4700 καί¹
1338 4650 1500 4718 ὅμοια
1546 4649 1684 4702 αὑτά

78 4736 343 4807 ἀλλήλοις
386 4734 548 4799 εἶναι,
599 4739 694 4791 καὶ
740 4739 1115 4810 ἁντιστρέφειν
1162 4743 1247 4809 ἐφ’
1296 4744 1534 4815 ἑκάτερα
1579 4745 1682 4814 τὴν

76 4831 401 4901 ὁμοιότητα,
452 4832 546 4884 καὶ
600 4826 740 4884 εἶναι
791 4832 957 4903 ἄμφω
1010 4833 1260 4905 ἀλλήλοις
1319 4838 1483 4906 ὅμοια
1544 4836 1685 4890 κατὰ

1784 3655 1844 3699 ιιι
1877 3653 2049 3700 totum
2083 3660 2180 3714 per
2208 3653 2383 3699 totum
2424 3643 2525 3697 sibi
2570 3643 2719 3697 unite
2744 3650 2799 3696 et
2830 3642 3272 3711 impartiabiliter
3300 3641 3376 3694 si-

1783 3736 1989 3800 milem,
2007 3753 2111 3791 non
2132 3745 2216 3791 est
2241 3734 2654 3804 improbandum
2680 3750 2879 3789 nomen
2897 3735 3138 3789 divinum
3158 3732 3377 3791 similis.

1785 3826 2044 3895 Tlieologi
2080 3837 2260 3880 tamen
2303 3827 2492 3889 Deum,
2524 3825 2615 3893 qui
2658 3835 2743 3878 est
2786 3841 2949 3893 supra
2993 3825 3201 3886 omnia,
3235 3840 3373 3893 qua-

1786 3924 1943 3969 tenus
1982 3915 2100 3983 ipse
2149 3924 2273 3980 est,
2317 3914 2517 3968 nullius
2561 3913 2795 3968 similem
2855 3929 2978 3968 esse
3041 3916 3226 3978 aiunt,
3277 3914 3374 3967 sed

1784 4004 1961 4074 ipsum
1996 4005 2237 4059 divinam
2290 4003 2706 4057 similitudinem
2754 4003 2886 4058 dare
2920 4004 2986 4057 iis
3018 4004 3107 4071 qui
3140 4003 3208 4057 ad
3249 4018 3373 4057 eum

1783 4105 2205 4163 convertuntur,
2246 4097 2372 4150 dum
2432 4109 2558 4149 cum
2606 4111 2773 4164 supra
2818 4109 3035 4148 omnem
3081 4095 3374 4150 terminum

1785 4207 1849 4245 ac
1891 4191 2158 4244 rationem
2200 4205 2299 4258 pro
2332 4189 2544 4242 viribus
2584 4188 2891 4242 imitantur.
2920 4190 3100 4257 Atque
3134 4189 3250 4242 lucc
3284 4199 3371 4242 est

1786 4284 1983 4339 divina)
2028 4283 2399 4338 similitudinis
2432 4281 2543 4349 vis,
2578 4291 2649 4335 .ut
2698 4283 2883 4336 omnia
2929 4298 3051 4352 quae
3102 4283 3372 4351 producta

1784 4375 2028 4441 suut,ad
2061 4385 2338 4429 auctorem
2368 4388 2527 4428 suum
2558 4384 2867 4428 convertat.
2905 4373 3010 4426 Ista
3047 4372 3214 4442 igitur
3258 4373 3369 4425 Deo

1786 4469 1982 4522 similia
2015 4468 2241 4522 dicenda
2274 4478 2423 4532 sunt,
2449 4478 2509 4520 ut
2538 4466 2603 4541 ad
2641 4465 2758 4536 ejus
2793 4464 3085 4535 imaginem
3116 4480 3181 4517 ac
3216 4464 3371 4517 simi-

1788 4563 2072 4617 litudinem
2104 4560 2313 4626 eﬁicta;
2349 4575 2454 4614 non
2506 4570 2685 4614 autem
2747 4560 2889 4613 Deus
2935 4558 3002 4611 iis
3040 4556 3237 4610 similis
3286 4554 3373 4607 dio

1787 4656 1992 4712 centius
2021 4665 2126 4715 est,
2156 4654 2280 4723 quia
2312 4670 2379 4708 ne
2421 4655 2638 4723 quidem
2675 4654 2837 4706 homo
2871 4660 2954 4704 est
2996 4649 3219 4719 imagini
3258 4662 3372 4701 sua:

1787 4750 2009 4814 similis;
2054 4747 2316 4818 quoniam
2349 4760 2470 4815 qua:
2499 4746 2729 4813 aequalia
2783 4751 2931 4806 sunt,
2980 4749 3210 4810 possunt
3250 4739 3373 4807 qui-

1788 4842 1910 4895 dem
1958 4840 2061 4895 sibi
2104 4839 2337 4893 invicem
2369 4854 2491 4894 esse
2544 4838 2766 4901 similia,
2800 4845 2856 4889 et
2889 4836 2954 4887 ad
2990 4844 3222 4902 utraque
3270 4848 3369 4901 po-

76 4924 501 4993 ⁴προηγούμενον
547 4925 735 4993 ὁμοίου
781 4923 955 4991 εἶδος·
991 4927 1085 4981 ἐπὶ
1129 4928 1184 4981 δὲ
1227 4928 1323 4981 τοῦ
1367 4929 1539 4982 αἰτίου

1882 4943 1897 4987 ι
1929 4936 2029 4987 ista
2068 4931 2367 4987 similitudo
2400 4929 2754 5000 reciprocari,
2787 4938 2847 4982 ut
2875 4927 2987 4980 sint
3017 4928 3181 4979 ambo
3227 4926 3370 4979 invi-

72 5015 194 5067 τῶν
228 5017 489 5069 αἰτιατῶν
521 5016 621 5068 οὐκ
653 5018 1023 5090 ἀποδεξόμεθα
1054 5020 1152 5092 τὴν
1184 5022 1564 5093 ἀντιστροφὴν.
1602 5024 1677 5075 Οὐ

76 5108 197 5178 γὰρ
233 5108 415 5178 μόνοις
448 5110 621 5161 τοῖσδε
658 5109 690 5181 ἣ
722 5111 897 5164 τοῖσδε
929 5114 990 5166 τὸ
1020 5116 1219 5185 ὁμοίως
1239 5115 1283 5147 ⁷³
1318 5111 1455 5169 εἶναι
1486 5116 1677 5187 δωρεῖ-

75 5216 210 5261 ται,
249 5200 383 5251 πᾶσι
432 5200 488 5251 δὲ
537 5203 649 5263 τοῖς
699 5203 1014 5274 ὁμοιότητος
1063 5207 1345 5277 μετέχουσι
1390 5206 1484 5259 τοῦ
1538 5204 1678 5260 εἶναι

77 5290 298 5359 ὁμοίοις
328 5292 357 5343 ό
379 5291 512 5354 Θεὸς
545 5292 718 5356 αἴτιος
752 5293 1019 5361 γίγνεται,
1038 5298 1132 5350 καὶ
1165 5298 1277 5350 ἔστι
1310 5297 1405 5350 καὶ
1438 5298 1608 5367 αὐτῆς
1632 5300 1676 5330 ⁸ο

80 5384 187 5453 τῆς
208 5383 665 5454 αὐτοομοιότητος
688 5385 1018 5459 ὑποστάτης,
1044 5391 1138 5457 καὶ
1156 5391 1217 5444 τὸ
1238 5392 1294 5444 ὲν
1315 5390 1481 5443 πᾶσιν
1494 5393 1681 5462 ὅμοιον

1788 5041 1906 5080 cem
1953 5024 2150 5079 similia
2196 5021 2494 5076 secundum
2538 5018 2889 5089 principalem
2942 5018 3179 5085 speciem
3209 5016 3371 5069 simi-

1789 5118 2075 5183 litudinis;
2125 5117 2177 5170 in
2226 5131 2391 5171 causa
2442 5128 2571 5168 vero
2624 5113 2692 5166 ad
2740 5109 2971 5165 ell‘ectus
3024 5123 3371 5177 nequaquam

1786 5214 2136 5267 admittemus
2209 5209 2512 5265 istiusmodi
2585 5204 3101 5273 reciprocationem.
3175 5201 3371 5271 Neque

1787 5305 1933 5359 enim
1968 5305 2101 5358 solis
2149 5304 2235 5357 his
2280 5311 2377 5355 aut
2421 5300 2529 5354 illis
2561 5300 2655 5354 dat
2699 5297 2842 5352 Deus
2888 5306 2946 5349 ut
2991 5294 3189 5365 similia
3236 5294 3373 5358 sint,

1787 5397 1881 5453 sed
1929 5411 2094 5452 causa
2138 5406 2221 5451 cst
2258 5410 2353 5450 cur
2396 5393 2593 5448 similia
2638 5392 2749 5447 sint
2792 5389 3000 5453 omnia,
3044 5390 3371 5457 quibuscum

1419 5562 1657 5650 nam
1687 5595 2090 5656 LECTIONES.

158 5724 205 5758 ⁷⁸
238 5725 422 5781 subdit
468 5724 551 5793 1).,
576 5727 853 5850 εἰρήσεται
879 5768 890 5789 ,
931 5726 989 5778 P.
1028 5727 1260 5797 εἴρηται,

158 5814 209 5850 ιε’.
306 5799 350 5827 ⁷⁹
377 5796 604 5850 ὁμοίοις.
656 5802 690 5850 ³.
720 5798 808 5850 Sc.
838 5800 959 5850 Sar.
1037 5799 1080 5829 ⁸ο
1115 5799 1208 5850 καί
1244 5818 1260 5850 ε

656 5802 668 5825 ἱ

75 5792 209 5881 ξπ.
306 5799 350 5827 ⁷⁹
377 5792 695 5865 ὁμοίοιςίν.⁷
720 5798 808 5852 Sc.
838 5800 959 5851 Sar.
1037 5792 1090 5829 ⁸⁰’
1115 5792 1208 5852 καὶ
1244 5802 1401 5869 αὐτή,
1440 5804 1495 5857 S.
1527 5805 1619 5857 Sc.

1346 5732 1389 5761 “⁶
1422 5732 1550 5792 τῶν,
1587 5731 1645 5785 Ρ.
1682 5736 1738 5789 S.
1768 5738 1857 5796 Sc,

1943 5742 1985 5773 ⁷ῖ
2020 5742 2095 5811 τῷ
2131 5758 2232 5796 non
2265 5751 2347 5796 cst
2386 5743 2438 5796 in
2479 5739 2537 5796 S.
2570 5741 2631 5797 Ι).
2712 5740 2752 5771 ⁷⁸
2789 5739 2883 5794 ἐπὶ
2922 5740 3005 5806 μὲι.
3052 5736 3178 5807 γάρι
3214 5733 3274 5786 Ρο
3306 5732 3366 5785 D-
