3742 6304
121 307 241 363 921
716 306 804 361 DE
842 305 1095 363 DlVlNlS
1132 307 1531 378 NOMINIBUS,
1572 308 1725 369 CAP.
1767 309 1859 366 IX.
1901 343 1968 351 —
2014 311 2362 367 PARAPHR.
2403 312 2877 374 PACHYMER/E.
3322 319 3431 373 9:22

129 442 267 478 rom
300 426 572 479 communi
601 427 963 500 modorsicut
986 430 1243 499 qntelibet
1278 446 1367 487 res
1418 428 1822 498 quodammodo
1857 428 2025 500 estin
2063 430 2267 499 seipsa.
2310 430 2363 500 in
2390 438 2654 500 quantum
2697 433 3014 487 continuatur
3046 431 3189 485 inl'ra
3229 435 3427 489 termi-

133 513 252 550 nos
281 504 495 569 naturae
527 512 669 569 sum;
713 499 808 551 sed
856 502 1209 569 singulariter
1241 511 1324 555 est
1351 501 1579 567 simplex
1616 500 1667 551 in
1697 499 1898 567 seipse.
1931 499 2023 553 Sic
2048 500 2193 555 enim
2223 501 2325 554 sibi
2352 499 2456 569 ipsi
2492 503 2770 566 innititur,
2810 510 2867 554 ut
2901 517 2929 555 a
2966 502 3115 555 nullo
3173 505 3281 557 alio
3328 505 3427 557 tle-

130 568 405 633 pendeat,
433 576 488 619 et
514 568 584 640 sit
615 568 773 624 ﬁxus.
808 578 861 621 rt
887 568 1141 625 omnibus
1179 572 1572 639 superlocatns.
1600 569 1873 633 Secundo,
1902 571 2081 638 quoad
2104 568 2502 637 operationem,
2536 584 2589 625 et
2617 574 2721 628 hoc
2756 582 2838 625 est
2869 574 3011 640 quod
3053 574 3186 629 dicit
3247 575 3424 629 Deum

126 640 439 711 secundum
467 638 668 697 eadem,
696 640 747 693 itl
780 650 865 693 est
894 645 1192 696 secundum
1226 638 1476 697 eamdem
1503 640 1867 711 sapientiam,
1918 641 2177 694 virtutem
2230 650 2285 693 et
2337 641 2634 697 bonitatem
2675 653 2729 697 et
2779 638 3127 711 bujnsmotli:
3171 654 3223 698 et
3268 647 3424 699 circa

132 709 293 761 idem
341 708 535 783 ipsum,
565 723 829 783 quantum
876 711 943 766 ad
992 714 1265 782 objectnm
1317 728 1427 767 sine
1467 710 1829 779 operationis,
1870 713 1995 783 quia
2042 726 2261 783 semper
2294 711 2411 779 ejus
2453 715 2707 780 operatio
2754 708 3029 767 est'circa
3062 716 3326 783 seipsnm,
3362 716 3415 770 in

129 786 419 851 quantum
446 778 826 851 intelligendo
859 795 913 837 et
953 778 1186 838 amando
1224 799 1281 837 se
1304 778 1819 849 omniaoperatur;
1861 790 1908 835 et
1950 781 2202 835 similiter
2252 778 2551 836 secundum
2601 786 2820 837 modum
2872 778 3277 851 operatioiinm,
3307 802 3414 840 non

128 850 298 922 enim
336 849 776 922 debilitatur'ant
818 856 1212 909 corroboratur
1256 855 1308 907 in
1358 853 1588 922 agendo.
1622 851 1851 922 Tertio,
1882 866 1978 918 per
2027 852 2386 905 remotionem
2417 854 2599 908 omnis
2643 849 2919 921 passionis
2947 856 3031 907 vel
3080 864 3417 909 transmuta-

133 919 318 991 tionis
342 920 411 991 ab
450 920 588 988 ipso,
614 937 740 976 cum
778 926 894 978 ait:
919 926 1148 979 Omnino
1187 942 1299 980 esse
1339 941 1370 977 a
1400 919 1578 991 'seipso
1607 921 1987 975 immutabilem
2019 931 2067 975 et
2108 938 2211 975 non
2236 939 2386 988 posse
2425 919 2770 978 transmoveri
2792 934 2838 976 et
2862 941 2975 978 esse
3002 940 3066 978 ex
3090 936 3198 978 toto
3225 927 3417 979 immo-

133 989 331 1063 bilem,
365 990 416 1042 id
444 1002 549 1063 est,
587 992 729 1058 quod
773 1011 876 1047 non
929 997 1128 1050 habeat
1157 1012 1221 1050 ex
1266 995 1446 1063 seipso
1487 989 1727 1061 aliquam
1763 1006 1987 1063 causam
2022 1006 2132 1045 sure
2177 994 2677 1059 transmutationis,
2705 1004 2763 1048 et
2806 996 2949 1061 quod
3006 1010 3109 1049 non
3146 998 3319 1063 possit
3350 998 3419 1051 ab

131 1059 340 1134 aliquo
371 1062 630 1134 esteriori
684 1066 887 1118 moveri
937 1068 987 1118 in
1038 1059 1396 1129 contrarium,
1431 1065 1523 1117 sed
1572 1059 1642 1117 sit
1689 1061 1933 1134 totaliter
1984 1062 2299 1134 immobilis.
2339 1064 2506 1134 Atque
2552 1066 2665 1117 Ιιίιοε
2711 1059 2944 1131 quidem,
3002 1059 3200 1132 inquit,
3251 1082 3415 1132 supra

130 1131 548 1195 substantiam;
594 1134 719 1200 quia
764 1136 1019 1189 nimirum
1069 1147 1154 1191 est
1204 1152 1369 1191 causa
1420 1135 1599 1187 onmis
1644 1132 1897 1187 stationis
1928 1142 1981 1187 et
2025 1132 2291 1187 sessionis
2322 1131 2441 1201 qua:
2476 1136 2527 1188 in
2577 1136 2738 1190 rebus
2779 1134 2985 1189 creatis
3031 1131 3331 1201 invenitur,
3361 1138 3415 1190 in

134 1211 422 1266 quantum
461 1213 544 1253 est
586 1219 749 1271 super
792 1222 1010 1261 omnem
1060 1208 1363 1261 seSsionem
1412 1218 1468 1259 et
1513 1204 1803 1258 stationem
1839 1214 1897 1257 et
1947 1206 2130 1257 omnia
2172 1204 2531 1261 stabiliuntur
2565 1206 2616 1258 in
2671 1205 2812 1273 ipso,
2845 1205 2936 1274 qui
2970 1205 3219 1260 custodit
3252 1222 3316 1261 ea
3347 1222 3415 1261 ne

133 1282 603 1345 cnttttttoveantnr
632 1292 660 1325 a
695 1278 954 1339 statione.
980 1289 1034 1331 et
1059 1287 1422 1345 permaneant
1451 1276 1501 1328 in
1532 1275 1769 1343 propriis
1794 1274 1984 1345 bonis.

223 1340 250 1411 §
280 1340 368 1394 IX.
410 1338 502 1395 Pie
524 1346 777 1416 siquidem
799 1338 1092 1416 putandum
1115 1360 1188 1401 est
1217 1347 1380 1400 Deum
1411 1338 1739 1407 πιστὰ-ἕξεις
1792 1342 1945 1399 llnnc
1977 1345 2155 1399 locum
2192 1342 2504 1416 edisserens
2546 1345 2604 1399 S.
2637 1346 2939 1400 Maximus:
2972 1364 2991 1397 ι
3021 1344 3185 1413 Deus,
3210 1347 3412 1416 inquit,

138 1427 262 1486 non
306 1422 552 1486 movetur
579 1415 761 1486 aliquo
791 1434 855 1472 ex
898 1419 1015 1471 istis
1062 1419 1353 1486 generibus
1382 1426 1581 1479 motus,
1608 1418 1740 1481 quin
1774 1416 1955 1483 potius
1997 1425 2178 1469 motus
2208 1415 2524 1477 immobilis,
2554 1426 2607 1469 et
2636 1420 2829 1470 eodem
2878 1418 3040 1470 modo
3072 1432 3132 1471 se
3162 1415 3417 1472 habentis

133 1482 409 1557 yolontas
429 1482 555 1557 ejus
595 1485 817 1557 dicitur,
849 1504 954 1555 qua
983 1482 1099 1542 vult
1127 1503 1248 1543 esse
1277 1485 1442 1557 492
1471 1502 1532 1539 ea
1561 1501 1680 1557 qua),
1712 1482 1865 1557 sunt,
1892 1496 1945 1540 et
1968 1487 2242 1539 emanatio
2270 1486 2633 1557 providentiae
2664 1489 2731 1540 ad
2760 1486 2968 1541 omnia.
3004 1489 3080 1540 Ex
3124 1488 3208 1541 bis
3243 1498 3414 1557 patet,

136 1551 323 1605 Deum
352 1552 495 1607 nulla
534 1570 599 1609 ex
634 1555 702 1610 iis
732 1551 1091 1621 motionibus,
1120 1574 1256 1627 quas
1301 1551 1598 1627 Iliobysius
1649 1556 1929 1626 ingeniose
1970 1555 2341 1627 enumeravit,
2378 1559 2604 1621 moveri,
2638 1558 2728 1611 illa
2767 1565 2977 1610 tantmn
3010 1551 3264 1624 excepta,
3298 1551 3417 1626 quae

130 1632 377 1697 querna
425 1633 528 1690 est,
553 1634 608 1678 et
642 1642 746 1694 qua
781 1638 1069 1683 creaturas
1120 1626 1215 1697 per
1257 1644 1385 1683 suas
1419 1626 1634 1681 divinas
1686 1629 2066 1697 emanationes
2102 1626 2380 1697 produxit,
2418 1627 2847 1697 multiplicatus,
2891 1636 2944 1682 et
2993 1629 3311 1694 dispertitus
3351 1640 3416 1683 ac

129 1692 498 1757 distributus,
539 1692 955 1768 non‘quatenus
988 1692 1248 1768 ipse'cst,
1276 1699 1371 1752 sed
1408 1710 1952 1768 quatenusmanens
1990 1692 2283 1750 immobilis
2310 1707 2368 1768 et
2408 1694 2793 1768 impartihilis,
2833 1707 2887 1751 et
2930 1692 3410 1766 multiplicationis

130 1777 370 1837 expers,
403 1775 455 1817 et
496 1766 686 1837 eodem
708 1766 868 1837 prius
896 1780 951 1823 et
992 1766 1183 1837 postea
1232 1780 1418 1823 tenore
1459 1767 1574 1819 sola
1628 1766 1912 1821 voluntate
1956 1768 2141 1821 omnia
2188 1767 2463 1837 produxit,
2499 1783 2679 1835 neque
2720 1771 2852 1823 sica
2887 1770 3071 1835 seipso
3097 1768 3208 1821 ullo
3251 1770 3418 1821 modo

134 1836 439 1909 [θερείαις.
481 1836 599 1902 Quo
635 1836 778 1892 enim
833 1836 1166 1902 moveretur,
1208 1842 1298 1908 qui
1348 1842 1528 1893 omnia
1576 1839 1882 1909 substantia
1927 1854 2021 1891 sua
2081 1837 2295 1905 replet?
2338 1836 2470 1898 lino,
2520 1838 2698 1908 inquit
2746 1839 3179 1909 Cyparissiotus,
3229 1838 3274 1891 si
3312 1854 3416 1891 una

130 1902 323 1979 [acies
360 1917 597 1979 maneat,
642 1910 798 1979 cujus
830 1909 1006 1964 forma
1060 1912 1204 1963 nulla
1226 1902 1413 1978 'parte
1462 1917 1517 1959 et
1570 1907 1720 1979 nullo
1750 1908 1911 1979 modo
1958 1902 2221 1979 varietur,
2253 1916 2308 1960 et
2340 1902 2610 1975 ponamus
2659 1902 2863 1961 multas
2895 1910 3107 1963 circum
3142 1906 3314 1962 facies
3342 1924 3408 1961 ex

128 1972 362 2049 {ulgore
406 1977 549 2049 illius
589 1972 851 2043 emicare,
889 1982 1076 2035 videor
1118 1972 1269 2034 mibi'
1293 1997 1358 2036 ex
1392 1980 1501 2049 hac
1526 1977 1673 2049 tenui
1706 1976 1942 2045 imagine
1971 1996 2035 2034 ac
2082 1972 2439 2049 similitudine
2476 1981 2851 2049 conjecturam
2877 1980 2944 2033 de
2979 1979 3063 2032 his
3096 1979 3303 2031 facere.
3334 1981 3415 2030 Ad

128 2043 303 2098 hunc
347 2048 753 2119 modnmirecte
796 2051 919 2119 quis
969 2052 1138 2116 dicat,
1174 2066 1284 2105 non
1330 2048 1611 2119 distribui,
1653 2056 1746 2119 aut
1797 2043 2042 2116 partititn
2092 2047 2445 2119 multiplicari
2480 2043 2673 2115 Deum,
2705 2054 2800 2104 sed
2857 2064 2957 2103 nos
2995 2049 3176 2116 potius
3208 2050 3277 2102 ab
3323 2065 3413 2109 eo,

134 2123 417 2193 tanquam
442 2116 918 2193 similitudineset
953 2122 1223 2193 imagines
1262 2118 1612 2193 exemplar-int

1948 2122 2144 2193 tinctos
2178 2132 2243 2171 ac
2294 2118 2534 2193 variatos
2558 2135 2700 2183 esse,
2734 2130 2791 2173 et
2824 2119 3347 2193 titultiplicatimiem_
3362 2127 3419 2173 et

127 2188 499 2260 partitionem
536 2190 805 2257 subiisse;
842 2187 1147 2260 hujusmodi
1180 2195 1328 2246 enim
1368 2188 1686 2260 aﬂectiones
1735 2190 2209 2252 similitudinibus,
2242 2188 2520 2260 non_Deo,
2552 2193 2905 2244 conveniunt.
2938 2190 3031 2243 Sic
3057 2206 3087 2241 a
3117 2187 3412 2260 Dionysio,

129 2270 335 2332 rerum
367 2258 680 2332 divinarum
717 2256 1072 2329 peritissimo,
1104 2265 1218 2317 lucc
1251 2278 1372 2332 qua:
1401 2263 1452 2314 in
1499 2256 1607 2313 Deo

1940 2260 2171 2332 liseretiu
2202 2258 2409 2328 appella
2423 2270 2474 2332 ta
2501 2272 2583 2332 est
2617 2283 2627 2315 :
2656 2262 2871 2314 videtur
2897 2263 3070 2324 enim,
3114 2256 3319 2325 inquit,
3361 2271 3418 2313 et

127 2326 349 2379 dicitur
393 2331 558 2382 unius
602 2330 694 2403 Dei
718 2326 995 2388 discretio
1021 2326 1076 2388 et
1117 2326 1533 2403 multiplicatio;
1578 2326 1875 2385 esttamen
1918 2326 2632 2403 nihilominusprincipium
2668 2332 2978 2403 divinitatis
3005 2342 3171 2399 supra
3198 2344 3417 2403 omnem

132 2406 413 2516 naturain
442 2414 584 2480 mnis
626 2400 769 2456 Deus
799 2403 1156 2472 intpartibilis
1194 2405 1247 2458 itt
1281 2399 1568 2474 partilibus
1623 2409 1680 2455 et
1709 2413 1897 2454 secum
1928 2402 2045 2471 ipse
2087 2403 2401 2470 copulatus,
2428 2410 2482 2453 et
2510 2402 2890 2469 permistiouis
2918 2401 3154 2470 plurium
3186 2413 3251 2454 ac
3274 2399 3413 2454 mul-

132 2477 227 2516 ιιι)
256 2478 509 2516 tt'attoms
540 2485 761 2516 expers-

132 2470 509 2535 tiplirationis
540 2485 761 2535 expers.

217 2487 509 2523 illl’alIOIIIS
540 2487 605 2523 ex
650 2487 761 2525 er'.

217 2536 339 2607 §X.
370 2536 570 2614 Ut‘per
611 2487 667 2614 spe
709 2491 1031 2612 lqualitatis
1068 2546 1366 2614 effectorem
1404 2542 1690 2595 secundum
1713 2558 1898 2611 quam,
1926 2554 2034 2597 etc.
2083 2541 2141 2595 In
2188 2541 2586 2614 elementorum
2622 2542 2839 2597 scilicet
2874 2543 3134 2598 mistione
3163 2547 3421 2614 versam?

132 2607 463 2687 hujusmodi
496 2607 801 2679 inqualitas,
836 2632 956 2684 quae
990 2617 1034 2669 si
1070 2607 1176 2669 non
1204 2625 1372 2678 esset,
1401 2629 1505 2665 non
1540 2607 1735 2687 liuent
1766 2614 2157 2680 generationes
2189 2614 2242 2665 in
2277 2613 2501 2666 mundo.
2522 2616 2593 2666 δι
2629 2615 2778 2668 enitn
2826 2614 3047 2683 aliquod
3077 2628 3149 2669 ex
3177 2612 3417 2666 elemen-

136 2684 549 2755 tis__e_x_superet
578 2695 642 2734 ac
681 2686 972 2755 redundet,
1006 2689 1381 2755 corrumpitur
1410 2684 1912 2755 quodgeueratur.

221 2747 425 2829 Ibidem
453 2765 467 2802 :
501 2747 568 2803 Ut
608 2754 852 2829 quodque
893 2747 1074 2823 aptum
1102 2767 1203 2819 est,
1235 2747 1342 2810 etc.
1384 2747 1500 2809 Hoc
1529 2747 1664 2829 dicit
1690 2764 1915 2829 propter
1936 2752 2306 2829 :equalitatem
2330 2754 2723 2825 proportionis,
2760 2754 2873 2808 sive
2898 2769 3019 2829 qua:
3047 2760 3177 2809 sunt
3211 2761 3411 2829 natura

133 2820 310 2883 ﬁant,
343 2820 458 2894 sive
488 2837 584 2887 per
612 2820 881 2892 gratiam;
913 2820 971 2878 ut
1001 2843 1105 2880 non
1135 2839 1328 2882 omnes
1368 2822 1653 2894 aequaliter
1695 2820 2083 2877 illuminantur
2114 2843 2144 2879 a
2179 2820 2450 2891 solefnec
2487 2839 2680 2879 omnes
2730 2820 3023 2893 aequaliter
3062 2825 3421 2880 sanctiﬁcan-

133 2900 261 2965 tur,
284 2890 393 2965 sed
416 2890 799 2965 proportione,
837 2890 894 2949 nt
925 2898 1033 2965 apti
1065 2906 1213 2961 sunt,
1255 2907 1350 2952 aut
1375 2890 1524 2964 digni
1559 2896 1851 2949 habentur.
2304 2890 2309 2891 γ
2570 2963 2577 2965 λ
2794 2890 2812 2893 “
3239 2962 3250 2965 Α
3280 2956 3317 2965 _.

217 2960 249 3031 ξ
280 2960 482 3038 ibidem
505 2960 817 3038 ;_Quatenus
850 2960 1055 3020 omnem
1102 2960 1480 3035 wqualitateui,
1504 2966 1702 3036 νοητὴν
1742 2966 1838 3017 καὶ
1871 2967 2088 3038 νοεράν,
2115 2966 2165 3019 id
2197 2977 2279 3021 est
2302 2963 2661 3021 intellectilem
2709 2974 2757 3019 et
2802 2962 3291 3038 intelligentem,_id
3332 2968 3419 3016 est

131 3032 602 3109 angelicatntbjic
642 3037 789 3109 enim
823 3052 1025 3109 vocare
1047 3032 1185 3092 solet
1215 3040 1439 3107 angelos
1474 3032 1609 3109 νοητε

1938 3032 2103 3109 ιρούς,
2142 3040 2270 3106 quia
2305 3040 2507 3109 habent
2548 3038 2687 3109 inira
2727 3051 2787 3091 se
2811 3052 2840 3109 a
2868 3032 3069 3106 quibus
3098 3034 3416 3109 intelligan-

134 3113 260 3167 tur,
303 3112 356 3155 et
376 3101 491 3179 lipsi
526 3104 860 3179 intelligunt,
890 3108 1087 3161 anima:
1114 3101 1433 3163 autem'non
1470 3101 1645 3162 solsol
1677 3101 1859 3162 vocari
1885 3101 2097 3179 νοήταί,
2128 3101 2178 3161 id
2220 3118 2305 3163 est
2346 3106 2694 3168 intellectiles,
2726 3108 2858 3179 quia
2884 3101 3008 3161 'non
3044 3106 3246 3159 habent
3276 3101 3419 3156 intra

131 3187 262 3251 sca
296 3172 493 3240 quibus
535 3172 934 3251 intelligantur,
967 3180 1063 3231 sed
1096 3179 1352 3251 dicuntur
1389 3179 1812 3242 ratiocinantes,
1842 3189 1897 3233 et
1928 3172 2113 3251 νὸεραί
2147 3180 2339 3241 etiam,
2369 3181 2418 3232 id
2452 3188 2537 3230 est
2581 3172 2953 3251 intelligentes,
2986 3180 3079 3251 sed
3133 3192 3238 3229 non
3286 3188 3419 3251 pro-

132 3243 267 3318 prie
309 3252 365 3295 ut
395 3244 599 3318 angeli.
634 3243 955 3301 Sentientem
990 3264 1122 3301 vero
1164 3250 1533 3318 aequalitatem
1577 3258 1737 3303 vocat
1761 3266 1883 3318 qua:
1932 3254 1984 3305 in
2026 3243 2367 3303 animalibus
2416 3250 2715 3315 reperitur;
2748 3243 3176 3313 substantialem,
3207 3244 3415 3318 quzein

130 3314 607 3391 substantiattbus
636 3319 739 3385 (sic
768 3329 925 3371 vocat
951 3335 1070 3387 qua:
1099 3314 1245 3372 sum—
1266 3322 1384 3375 sine
1413 3336 1575 3375 sensu
1606 3332 1661 3374 et
1712 3314 1919 3391 mutu);
1950 3323 2277 3385 naturalem,
2311 3336 2433 3390 qua:
2478 3314 2531 3371 in
2581 3320 2929 3372 naturalibus
2970 3318 3089 3387 (illa
3131 3315 3413 3391 intelligit,

132 3398 269 3461 quae
300 3384 738 3461 qualemcunque
772 3384 1066 3461 motionem
1108 3392 1340 3452 habent;
1384 3402 1576 3448 natura
1630 3394 1777 3445 enim
1818 3384 1913 3445 est.
1953 3384 2283 3461 principium
2330 3384 2515 3444 inotus
2544 3400 2598 3441 et
2632 3391 2892 3457 quietis);
2933 3384 3327 3461 voluntariam,
3361 3387 3415 3438 in

139 3455 217 3505 iis
246 3460 340 3519 qui
378 3454 661 3530 voluntate
700 3460 907 3523 praediti
939 3470 1087 3524 sunt,
1126 3463 1221 3529 qui
1253 3463 1440 3515 volunt
1466 3465 1615 3530 jnste
1648 3464 1830 3515 vivere
1857 3480 1871 3515 :
1895 3454 2108 3529 justitia
2136 3454 2281 3515 enim
2317 3472 2399 3516 est
2424 3454 2671 3528 quaedam
2710 3454 3017 3529 inqualitas.
3053 3460 3227 3513 Omne
3254 3472 3419 3526 porro

132 3539 322 3599 genus
352 3527 683 3603 arqualitatis
709 3531 1041 3603 habetDeus
1072 3527 1430 3599 aniicipatum
1467 3527 1520 3585 in
1557 3552 1613 3589 se
1661 3536 1779 3601 ipso
1806 3527 2153 3603 simpliciter,
2183 3545 2443 3603 tanquam
2476 3533 2531 3586 in
2563 3532 2698 3586 ideis
2738 3527 2793 3585 et
2826 3532 3235 3601 exetnplaribus
3261 3541 3420 3582 atter-

134 3610 344 3662 utsqne
369 3612 484 3652 suis
512 3600 849 3654 nationibus.
884 3602 961 3654 ita
990 3613 1216 3657 sant-tus
1241 3605 1534 3659 Maxumus.

1751 3752 1822 3763 ——.

1232 3871 1719 3926 PARAPHRASIS
1755 3872 2205 3927 PACHYME‘RA‘Z
2241 3872 2381 3943 (45).

215 3989 313 4060 ςι.
351 3988 568 4059 Ἐπειδὴ
606 3990 700 4042 καὶ
743 3988 811 4042 τὰ
856 3989 1192 4061 προκείμενα
1236 3990 1477 4061 ὀνόματα
1520 3992 1578 4042 ὲν
1614 3992 1693 4042 cal

1940 3994 1947 4061 ξ
1979 3993 2017 4048 l.
2040 3990 2177 4047 Cum
2211 3989 2488 4063 proposita
2515 4002 2733 4059 quoque
2752 3986 2973 4042 nomina
3006 3985 3059 4038 in
3118 3983 3418 4051 Scripturis

134 4084 393 4155 Γραφαῖς
422 4081 804 4153 ὲμφαίνονται·
841 4084 1035 4153 μέγας,
1067 4084 1143 4146 ὡς
1182 4084 1277 4136 τό·
1313 4082 1514 4153 Μέγας
1551 4087 1583 4138 ὀ
1616 4084 1733 4137 Κύ-

118 4194 273 4245 ινιος
310 4174 498 4242 ἡμῶν,
542 4175 639 4227 καὶ
688 4174 923 4243 μεγάλη
962 4176 1000 4243 ή
1041 4175 1221 4244 ἰσχὺς
1252 4176 1471 4229 αὐτοῦ’
1517 4178 1730 4247 μικρὸς,

133 4270 219 4332 ὡς
240 4271 299 4320 ὲν
321 4271 386 4339 τῇ
418 4268 577 4340 τρίτῃ
604 4267 711 4320 τῶν
730 4268 1047 4331 Βασιλειῶν,
1073 4268 1245 4337 Φωνὴ
1270 4270 1459 4336 αὔρας
1477 4268 1731 4337 λεπτῆς,

135 4360 324 4415 κάκεῖ
354 4362 594 4426 Κύριος’
634 4361 849 4425 ταὺτὸς,
894 4361 969 4425 ὡς
1015 4362 1095 4426 τὸ,
1134 4360 1281 4431 Ἐγώ
1310 4366 1447 4432 εἰμι,
1489 4364 1587 4417 καὶ
1619 4367 1733 4417 οὐκ

134 4453 510 4521 ἡλλοίωμαι·
551 4452 738 4524 ἕτερος
761 4494 775 4517 ,
807 4456 895 4507 ὅτε
928 4455 1101 4519 ἄλλως
1143 4458 1238 4511 καὶ
1275 4457 1450 4523 ἄλλως
1481 4459 1632 4531 παρὰ
1656 4460 1734 4532 τῷ

152 4544 419 4617 Ἱεζεκιὴλ
447 4546 727 4614 φαίνεται·
756 4548 963 4617 ὅμοιος,
987 4549 1076 4601 ὅτε
1121 4550 1243 4604 καθ’
1268 4552 1563 4624 ὁμοιότητα
1598 4554 1733 4606 ἰδίαν

133 4639 501 4707 δημιουργεῖν
540 4638 630 4691 τὸν
682 4638 969 4710 ἄνθρωπον
1003 4640 1251 4709 λέγεται·
1294 4644 1568 4715 ἀνόμοιος,
1602 4647 1734 4699 ὅταν

134 4729 284 4800 λέγῃ
330 4730 387 4778 ὲν
420 4726 639 4798 Ἡσαΐᾳ,
687 4729 805 4781 Τίνι
853 4728 934 4797 μὲ
1002 4730 1381 4798 ὡμοιώσατε;
1430 4734 1524 4786 ἆτε
1567 4734 1734 4804 μηδὲν

137 4820 289 4891 ἔχων
326 4821 511 4889 ὅμοιον
532 4836 545 4849 ·
576 4819 768 4885 ἑστὼς,
807 4822 897 4873 ὅτε
944 4820 1092 4890 λέγει
1134 4824 1271 4894 πρὸς
1301 4826 1571 4895 Μωῦσῆψ
1604 4819 1731 4878 Ὧδε

136 4912 262 4982 ἐγὼ
292 4912 499 4981 ἕστηκα
530 4912 637 4984 πρὸ
674 4913 769 4965 τοῦ
813 4931 871 4966 σε
920 4916 1065 4966 ἐκεῖ·
1095 4914 1426 4986 καθήμενος,
1469 4917 1545 4980 ὡς
1572 4919 1601 4969 ὁ
1628 4917 1734 4969 Ba-

139 5008 304 5077 ροϋχ,
356 5006 482 5058 ὅταν
516 5005 670 5077 λέγῃ,
710 5006 793 5058 Σὺ
837 5005 1172 5075 καθήιωνος
1219 5010 1306 5072 εἰς
1359 5007 1467 5059 τὸν
1514 5007 1728 5061 αἰῶνω

139 5101 241 5153 καὶ
288 5097 544 5168 ἀλλαχοῦ,
602 5099 663 5151 '0
726 5098 1059 5167 καθήμενος
1119 5098 1218 5150 ἐπὶ
1279 5098 1397 5150 τῶν
1452 5100 1733 5169 χερουϐὶμ

136 5190 469 5261 ἑμφάνηθι·
510 5190 846 5261 κινούμενος,
888 5190 965 5252 ὡς
1005 5191 1085 5253 τὸ,
1130 5190 1343 5259 Ἑπέϐη
1380 5192 1480 5244 ἐπὶ
1527 5204 1733 5258 κερου-

140 5284 265 5351 ιδίμ.
314 5282 533 5354 Ἐπειδὴ
565 5283 696 5351 γοῦν
720 5283 894 5336 ταῦτα
923 5287 981 5335 ἐν
1010 5286 1129 5347 ταῖς
1161 5285 1406 5355 Γραφικὴ
1440 5288 1568 5355 περὶ
1595 5285 1730 5339 Θεοῦ

143 5374 520 5444 εὑρίσκονται,
566 5375 666 5444 ἄγε
711 5376 773 5446 δὴ
824 5377 916 5429 καὶ
959 5376 1059 5441 τὰς
1103 5377 1358 5440 τοιαύτας
1395 5377 1725 5449 θεωνυμίας,

220 5562 247 5588 ο
286 5550 430 5603 Psal.
459 5552 704 5617 cxt.vt,5.

783 5562 809 5603 ι)
836 5552 896 5607 Ill
919 5552 1178 5623 Regius,
1214 5557 1301 5611 12.

141 5627 199 5679 ὖ.
282 5635 306 5661 ιι
357 5626 487 5675 Dan.
540 5639 621 5689 ιιι,
658 5624 748 5678 53.

826 5634 852 5660 ν
893 5623 1034 5678 i’sal.
1072 5642 1218 5683 XVII.
1256 5631 1335 5683 Η.

1381 5570 1407 5609 ιι
1447 5560 1671 5615 Malacb.
1693 5577 1775 5628 ιιι,
1794 5561 1847 5620 0.

1837 4086 2178 4140 ιιιΐρτειιιιυττ
2211 4083 2455 4152 Magnus,
2484 4080 2639 4147 juxta
2680 4081 2838 4143 illud,
2882 4078 3111 4147 Magnus
3160 4079 3416 4133 Dominus

1838 4188 2035 4240 noster,
2059 4186 2105 4229 et
2130 4191 2324 4245 magna
2363 4178 2534 4228 virtus
2555 4174 2672 4242 ejus
2696 4180 2745 4230 °.
2780 4170 3013 4239 Parvus,
3042 4172 3186 4227 sicut
3214 4174 3265 4227 in
3301 4179 3417 4227 te:-

1839 4270 1912 4323 tio
1945 4271 2151 4338 Regum
2182 4289 2194 4324 :
2232 4269 2342 4323 Vox
2362 4286 2508 4323 aura:
2530 4271 2702 4322 tenuis
2724 4279 2771 4322 et
2793 4268 2864 4321 ibi
2889 4267 3150 4321 Dominus
3172 4276 3223 4319 ι).
3248 4265 3415 4333 Idem,

1832 4361 1985 4430 juxta
2018 4362 2152 4417 illud
2188 4381 2200 4416 :
2227 4362 2339 4431 Ego
2361 4380 2477 4415 sum
2516 4372 2563 4415 et
2592 4378 2695 4415 non
2721 4374 2897 4414 mutor
2915 4370 2963 4413 (ι.
2995 4361 3171 4423 Alius,
3200 4358 3421 4429 quando

1838 4456 2001 4508 aliter
2036 4465 2199 4523 atque
2227 4457 2387 4508 aliter
2429 4466 2655 4524 apparet
2686 4454 2829 4523 apud
2858 4454 3221 4508 Ezechielem.
3255 4452 3421 4506 Simi-
3482 4484 3497 4493 ι

1837 4548 1927 4609 lis,
1952 4550 2171 4615 quando
2207 4548 2478 4601 hominem
2513 4548 2579 4600 ad
2605 4563 2760 4602 suam
2783 4548 3194 4601 similitudinem
3228 4559 3421 4600 creare

1838 4640 2043 4694 dicitur
2068 4647 2112 4688 ι’.
2143 4637 2453 4703 Dissimilis,
2483 4641 2703 4708 quando
2741 4641 2877 4694 dicit
2910 4641 2960 4692 in
2998 4638 3131 4692 Isaia
3160 4652 3170 4684 :
3201 4636 3302 4689 Cui
3336 4652 3419 4688 me

1836 4730 2262 4784 assimilastis'?
2290 4729 2360 4785 Ut
2400 4734 2492 4799 qui
2531 4731 2666 4783 nihil
2715 4731 2911 4783 habeat
2961 4728 3162 4784 simile.
3226 4735 3418 4789 Stans,

1835 4825 2057 4894 quando
2082 4826 2157 4877 ait
2189 4824 2259 4877 ad
2283 4822 2523 4892 Moysem
2553 4842 2563 4875 :
2592 4821 2691 4875 llic
2720 4836 2820 4889 ego
2849 4821 3002 4885 steti,
3033 4829 3323 4885 antequam
3361 4827 3417 4867 tu

1836 4934 1987 4974 esses
2022 4918 2151 4972 illic.
2206 4918 2437 4979 Sedens,
2478 4916 2635 4983 juxta
2684 4913 2919 4975 Barnelt,
2968 4927 3090 4964 cum
3136 4906 3421 4963 dicit:Tu

1836 5014 1984 5065 sedes
2019 5013 2074 5064 in
2110 5011 2486 5079 sempiternum
2519 5011 2560 5072 ί,
2603 5014 2657 5061 et
2702 5005 2829 5059 alibi
2872 5022 2885 5057 :
2932 5004 3037 5069 Qui
3076 5003 3222 5056 sedes
3261 5016 3421 5067 super

1836 5106 2108 5157 cherubim
2144 5119 2339 5172 appare
2362 5114 2409 5156 ιι.
2436 5101 2634 5164 Motus,
2658 5100 2811 5167 juxta
2846 5098 2974 5151 illud
3001 5114 3013 5149 :
3042 5095 3294 5149 Ascendit
3327 5110 3421 5145 su—

1834 5214 1925 5265 per
1970 5199 2239 5251 cherubim
2261 5205 2307 5250 ν.
2340 5196 2473 5250 Cum
2528 5199 2707 5265 itaque
2740 5195 2857 5249 haec
2903 5193 2955 5245 in
3020 5193 3322 5257 Scripturts
3351 5192 3422 5239 de

1839 5289 1949 5342 Deo
1991 5291 2356 5359 reperiantur,
2382 5290 2637 5358 agedum,
2665 5290 2831 5341 etiam
2880 5283 3190 5339 istiusmodi
3232 5280 3423 5337 divina

1837 5388 2083 5449 nomina,
2118 5383 2298 5452 quoad
2338 5383 2489 5449 licet,
2518 5380 2681 5455 493
2719 5379 3172 5450 contemplemur.
3208 5378 3418 5432 Dictio-

3032 5561 3051 5595 ί
3076 5557 3310 5614 Barncb.
3334 5569 3415 5622 ιιι,

1928 5572 1949 5600 ι’
1981 5562 2177 5619 Gehcs.
2203 5564 2433 5633 1,2637.
2514 5576 2535 5606 ε
2564 5563 2685 5621 lsai.
2714 5578 2858 5630 ηνι,
2894 5561 2947 5617 5.

221 5783 339 5854 (43)
375 5785 507 5839 Vide
557 5784 687 5839 St‘il.
740 5784 795 5837 S.
858 5783 1079 5840 Maxim.
1134 5797 1263 5843 tom.
1308 5786 1370 5854 Il,
1419 5804 1537 5857 cap.
1578 5790 1609 5843 9
1665 5788 1737 5841 De
1769 5789 1935 5844 divin.
1969 5791 2165 5843 nomin.
