3768 6298
427 341 532 395 9‘25

1598 341 1655 398 S.
1692 341 1992 399 DlONYSll
2028 343 2493 400 AREOPAGITAS

3605 353 3700 407 92$

428 476 550 515 nem
584 468 767 514 autem
795 461 1217 516 simulacrorum
1245 475 1274 514 a
1306 461 1603 530 gentilibus
1628 462 1696 517 ad
1719 463 1987 516 veritateu‘

2107 465 2336 518 καθόσον
2360 467 2497 530 ἐστι,
2520 465 2908 538 θεωρήσωμεν.
2927 468 3038 538 Τὴν
3054 469 3110 524 δὲ
3135 469 3283 536 λέξιν
3302 471 3419 526 τῶν
3451 475 3698 546 ἀγαλμάο

427 553 706 617 traduxit;
735 553 809 606 ilh
838 556 980 607 enim
1007 555 1159 622 quasi
1182 555 1444 624 quasdam
1473 565 1684 610 statuas
1709 556 2000 620 faciebant,

425 643 678 697 manibus
717 641 1056 713 pedibusque
1088 645 1402 711 destitutas,
1435 648 1532 702 has
1579 658 1760 703 autem
1797 651 2002 722 Ἑρμᾶς

422 752 516 787 seu
555 732 903 790 Mercuriales
943 738 1310 807 appellabant,
1334 741 1535 811 quippe
1559 741 1714 806 fixas,
1747 746 2001 799 quoniam

421 831 700 896 quadratae
729 841 922 894 erant;
959 831 1042 884 vel
1081 847 1264 886 rerum
1317 835 1682 902 quarumdam
1744 835 1954 890 indices
1985 852 1998 888 :

419 921 594 991 ὲρμῆς
625 919 769 975 enim
815 922 923 975 vim
959 923 1232 978 sermonis
1278 923 1538 992 explicat,
1571 925 1769 995 quippe
1816 925 2000 996 profe-

419 1028 544 1067 rens
575 1014 624 1066 id
659 1014 803 1083 quod
839 1014 1064 1069 insitum
1099 1024 1154 1069 et
1186 1015 1489 1072 internum.
1545 1016 1847 1071 Faciebant
1907 1019 2002 1073 ita-

415 1118 520 1171 que
568 1104 684 1158 illas
728 1120 1000 1160 concavas
1043 1116 1231 1175 portas
1283 1107 1567 1172 habentes,
1614 1117 1777 1178 atque
1808 1109 1859 1161 in
1894 1108 2001 1163 illis

414 1193 703 1247 simulacra
741 1193 1088 1249 collocabant
1132 1194 1356 1249 deorum
1391 1212 1530 1266 quos
1571 1198 1993 1263 venerabantur,

414 1285 617 1338 deforis
658 1294 839 1338 autem
874 1285 995 1340 illas
1027 1285 1379 1344 claudebant.
1417 1287 1562 1343 Viles
1605 1304 1736 1359 ergo
1769 1304 1998 1359 appare-

412 1375 545 1428 bant
569 1378 876 1430 istiusmodi
924 1377 1202 1442 Mercurii,
1229 1394 1418 1432 verum
1457 1381 1599 1432 intra
1632 1397 1692 1434 se
1723 1381 1993 1450 ipsorum-

410 1476 519 1521 met
546 1469 770 1521 deorum
799 1479 1055 1522 ornatum
1102 1469 1481 1525 continebant.
1517 1471 1783 1526 Similiter
1816 1481 1872 1526 et
1902 1471 1993 1527 hic

409 1561 505 1621 ait,
538 1561 756 1614 nomina
797 1561 1016 1630 quidem
1053 1561 1339 1630 ipsiusmet
1393 1563 1686 1616 existentis
1720 1579 1783 1617 ac
1819 1565 1992 1620 solius

407 1653 520 1706 veri
557 1653 672 1716 Dei,
704 1669 826 1722 qua:
877 1655 934 1708 in
986 1652 1276 1722 Scriptura
1323 1666 1708 1720 recensentur,
1736 1656 1992 1712 videntur

404 1745 624 1811 quidem
658 1745 884 1811 indigna
914 1746 1054 1810 Deo;
1091 1761 1278 1798 verum
1311 1746 1601 1814 explicata,
1635 1748 1852 1818 dignam
1883 1751 1990 1804 Deo

2109 573 2215 608 των
2245 557 2303 622 ἐξ
2347 558 2609 630 Ἐλλήνων
2657 562 2750 613 ἐπὶ⁵
2792 561 2854 613 τὸ
2887 560 3084 631 ἀληθὲς
3119 565 3443 635 μετήγαγεν
3464 585 3477 596 ’
3506 571 3698 624 ἐκεῖνοι

2107 650 2215 720 γὰρ
2245 645 2356 702 οἷόν
2378 667 2527 714 τινας
2553 652 2874 723 ἀνδριάντας
2902 655 3139 718 ἐποίουν,
3171 659 3312 727 μήτε
3341 663 3537 732 χεῖρας
3569 668 3695 736 μήτε

2107 741 2270 806 πόδας
2301 742 2520 813 ἔχοντας
2543 761 2554 772 ·
2585 743 2806 810 τούτους
2833 746 2890 799 δὲ
2937 747 3141 818 Ἑρμᾶς
3169 750 3428 816 ἐκάλουν,
3458 754 3694 824 δηλονότι

2107 837 2386 906 στερροὺς,
2426 837 2757 908 τετράγωνοι
2797 838 2907 908 γὰρ
2935 834 3108 910 ἦσαν·
3142 840 3174 910 ἢ
3219 843 3571 912 ἐμφατικούς
3617 867 3691 902 τι·

2103 942 2238 978 νωνο
2277 925 2482 998 Ἐρμῆς
2507 927 2616 997 γάρ
2652 929 2686 999 ἡ
2715 928 2810 980 τοῦ
2851 929 3008 998 λόγου
3040 931 3302 1002 ἔμφασις,
3334 935 3414 998 ὡς
3441 953 3694 1010 προφορι-

2103 1017 2197 1081 κὸς
2237 1018 2329 1070 τοῦ
2373 1020 2680 1073 ἐνδιαθέτου
2730 1023 2825 1075 καὶ
2865 1023 3163 1096 ἐνδοτέρου.
3219 1029 3473 1083 Ἐποίουν
3522 1034 3692 1087 τοίνυν

2100 1111 2296 1174 αὐτοὺς
2331 1111 2614 1176 διακένους
2664 1113 2833 1185 θύρας
2869 1115 3114 1186 ἔχοντας,
3152 1121 3250 1174 καὶ
3281 1121 3494 1176 ἔσωθεν
3521 1126 3691 1180 αὐτῶν

2101 1204 2349 1260 ἐτίθεσαν
2398 1206 2692 1277 ἀγάλματα
2747 1203 2822 1262 ὧν
2867 1210 3116 1263 ἐσέϐοντο
3184 1214 3346 1280 θεῶν,
3396 1217 3600 1281 ἔξωθεν
3639 1220 3688 1272 δὲ

2098 1297 2390 1350 ἀπέκλειον
2431 1301 2558 1363 τοὺς
2611 1301 2836 1372 Ἑρμᾶς.
2894 1303 3205 1371 Ἐφαίνοντο
3246 1303 3343 1360 οὖν
3386 1311 3435 1361 οί
3502 1310 3688 1382 Ἑρμαῖ

2097 1389 2353 1454 εὐτελεῖς,
2390 1390 2590 1443 ἔσωθεν
2640 1392 2696 1445 δὲ
2724 1393 2849 1456 τοὺς
2886 1394 2994 1447 τῶν
3019 1395 3154 1448 θεῶν
3184 1397 3370 1452 αὐτῶν
3415 1400 3686 1453 καλλωπι-

2099 1481 2268 1551 σμοὺς
2298 1478 2460 1551 εἶχον.
2501 1479 2656 1534 Οὕτω
2691 1483 2754 1554 δὴ
2802 1483 3079 1538 κάνταῦθά
3121 1503 3257 1556 φησι
3297 1487 3368 1540 τά
3428 1490 3528 1559 μὲν
3569 1491 3688 1559 περὶ

2094 1572 2189 1624 τοῦ
2217 1572 2368 1637 ὄντος
2406 1575 2500 1626 καὶ
2533 1575 2694 1644 μόνου
2718 1575 2973 1646 ἀληθινοῦ
3001 1576 3136 1629 Θεοῦ
3163 1581 3222 1630 ἐν
3248 1582 3318 1650 τῇ
3351 1581 3545 1651 Γραφῇ
3575 1582 3684 1632 ὀνό-

2098 1684 2242 1737 ματα
2276 1667 2471 1732 ἀνάξια
2501 1665 2640 1720 εἶναι
2684 1670 2811 1739 περὶ
2850 1669 2985 1721 Θεοῦ
3019 1670 3312 1741 λεγόμενα,
3344 1673 3681 1725 ἀναπτυσσό-

2099 1776 2234 1828 μενα
2261 1759 2338 1822 δέ,
2372 1761 2466 1812 καὶ
2496 1760 2665 1826 ἀξίως
2703 1758 2838 1812 Θεοῦ
2881 1761 3300 1832 ἐρμηνεύονται,
3348 1765 3446 1817 καὶ
3489 1763 3683 1817 ἔσωθεν

405 1839 918 1908 interpretationem
986 1840 1213 1906 habent,
1271 1851 1326 1896 et
1389 1843 1535 1896 intra
1591 1859 1649 1896 se
1697 1844 1987 1898 simulacra

2095 1852 2277 1921 έχουσι
2313 1852 2380 1904 τὰ
2426 1853 2737 1923 ἀγάλματα,
2777 1854 2869 1906 καὶ
2928 1855 3054 1916 τοὺς
3109 1853 3292 1917 θείους
3339 1854 3547 1918 τύπους
3590 1856 3684 1925 τῆς

401 1935 647 2002 quasdam
677 1933 1000 2004 divitiasque
1024 1936 1224 2002 ﬁguras
1242 1936 1439 1990 divinze
1466 1937 1652 2008 glorize
1679 1940 1981 1996 continent.

471 2025 498 2094 §
535 2025 596 2080 ll.
639 2027 866 2097 Magnus
903 2029 1044 2082 Deus
1088 2029 1417 2098 appellatur,
1453 2030 1550 2084 sed
1605 2046 1711 2084 non
1757 2032 1987 2088 alterius

397 2120 848 2186 comparatione,
887 2120 981 2175 sed
1035 2122 1338 2174 secundum
1391 2121 1494 2176 sibi
1547 2125 1824 2193 propriam
1871 2141 1988 2179 ma-

396 2212 770 2282 gnitudinem;
808 2211 951 2267 sicut
1005 2213 1228 2273 coelum,
1267 2225 1327 2267 ut
1375 2213 1455 2268 sic
1489 2215 1690 2282 dicam,
1727 2233 1984 2289 magnum

395 2305 597 2359 dicitur
632 2321 738 2359 non
776 2315 1030 2374 respectu
1061 2305 1290 2360 alterius
1315 2307 1441 2360 coeli
1472 2306 1705 2374 alicujus
1735 2311 1983 2376 minoris,

392 2407 447 2450 ct
496 2397 577 2451 sol
624 2398 853 2462 lucidus,
891 2413 998 2450 non
1033 2399 1101 2470 ad
1137 2397 1365 2466 aliquid,
1403 2399 1495 2452 sed
1551 2405 1852 2454 secundum
1901 2417 1980 2458 se.

393 2490 578 2558 Itaque
613 2491 753 2545 Deus
787 2507 1016 2559 magnus
1047 2491 1274 2554 dicitur,
1302 2506 1406 2546 non
1432 2507 1530 2560 per
1561 2494 1786 2548 alterius
1819 2497 1985 2549 colla-

394 2587 620 2649 tionem,
643 2587 737 2639 sed
762 2594 983 2655 propter
1006 2585 1492 2653 incomparabilem
1527 2596 1582 2640 et
1614 2602 1743 2641 vere
1779 2588 1984 2643 incom-

393 2679 818 2748 prehensibilem
848 2680 1045 2733 divina:
1066 2679 1461 2749 magnitudinis
1484 2681 1986 2737 excellentiam.Di-

394 2771 538 2823 citur
557 2785 687 2840 ergo
727 2786 982 2842 magnus,
1009 2778 1272 2838 tanquam
1312 2768 1402 2837 qui
1445 2785 1504 2824 se
1537 2770 1790 2826 omnibus
1826 2772 1985 2828 rebus

389 2863 603 2931 magnis
638 2863 1031 2927 communicet;
1058 2861 1192 2915 nihil
1215 2861 1361 2916 enim
1386 2861 1439 2915 in
1462 2865 1623 2918 rebus
1657 2865 1859 2919 creatis
1889 2881 1986 2920 ne-

387 2969 494 3021 que
521 2956 663 3008 mole
698 2968 874 3022 neque
908 2954 1111 3007 virtute
1154 2968 1433 3022 magnum,
1458 2957 1602 3024 quod
1633 2970 1738 3009 non
1769 2956 1985 3010 dicatur

391 3063 641 3117 magnum
658 3048 956 3101 secundum
983 3047 1454 3116 participationem
1479 3047 1593 3115 eius
1611 3048 1701 3116 qui
1717 3050 1860 3102 omni
1881 3066 1986 3102 ma-

386 3137 658 3205 gnitudini
684 3136 1120 3207 superfunditur,
1149 3152 1234 3189 om
1248 3152 1482 3206 nemque
1507 3136 1682 3192 locum
1713 3138 1980 3201 continet,

2089 1943 2219 2012 περί
2249 1941 2384 1994 Θεοῦ
2415 1940 2588 2012 δόξης.

2163 2032 2190 2103 §
2235 2033 2297 2086 ll.
2339 2032 2530 2101 Μέγας
2557 2035 2586 2085 6
2614 2032 2746 2097 Θεὸς
2779 2033 3121 2105 ὀνομάζεται,
3152 2034 3270 2087 ἀλλ’
3305 2036 3367 2088 οὐ
3401 2038 3538 2108 πρὸς
3566 2038 3683 2106 σύγ-

2089 2140 2268 2193 κρισιν
2292 2123 2500 2194 ἐτέρου,
2535 2124 2669 2178 ἀλλά
2693 2124 2833 2177 κατά
2871 2125 2932 2177 τὸ
2961 2125 3107 2188 ίδίως
3137 2125 3306 2179 αὑτοῦ
3343 2129 3487 2197 μέγα
3507 2146 3520 2158 ·
3551 2129 3625 2192 ὡς
3655 2130 3681 2181 6

2087 2215 2332 2286 οὐρανὸς,
2376 2212 2486 2270 οἷον
2534 2217 2665 2288 φέρε
2711 2220 2902 2282 εἰπεῖν,
2941 2217 3158 2286 λέγεται
3203 2219 3403 2289 μέγας,
3448 2223 3509 2274 οὐ
3552 2224 3680 2293 πρὸς

2087 2306 2244 2360 ἄλλον
2275 2308 2503 2380 οὐρανὸν
2541 2310 2880 2381 μικρότερον,
2919 2311 3012 2363 καὶ
3038 2313 3066 2363 6
3107 2311 3262 2382 ἦλιος
3296 2315 3579 2380 φωτεινὸς,
3620 2314 3675 2366 οὐ

2088 2400 2224 2470 πρός
2249 2418 2322 2465 τι,
2351 2401 2486 2454 ἀλλά
2513 2401 2632 2454 καθ’
2662 2402 2842 2454 αὐτόν.
2874 2405 2932 2455 ὐ
2947 2403 3076 2471 γοῦν
3101 2403 3236 2466 Θεὸς
3264 2404 3446 2473 μέγας
3472 2404 3674 2472 λέγεται

2085 2493 2146 2545 οὐ
2175 2491 2308 2564 πρὸς
2336 2492 2756 2564 ἀντιπαράθεσιν
2785 2492 2991 2563 ἐτέρου,
3031 2492 3164 2546 άλλά
3196 2493 3293 2546 διὰ
3316 2496 3379 2547 τὸ
3409 2497 3676 2568 ἀπαράθε-

2086 2601 2176 2637 τον
2209 2584 2304 2636 καὶ
2327 2583 2493 2647 ὅντως
2522 2582 2900 2652 ἀκατάληπτον
2929 2586 3026 2656 τῆς
3059 2585 3212 2650 θείας
3243 2587 3674 2657 μεγαλειότητος.

2087 2676 2314 2744 Λέγεται
2339 2675 2469 2744 γοῦν
2495 2677 2688 2747 μέγας,
2718 2679 2792 2742 ὼς
2838 2677 3150 2746 μεταδιδοὺς
3180 2678 3382 2731 ἐαυτοῦ
3412 2681 3544 2732 πᾶσι
3572 2683 3673 2742 τοῖς

2090 2767 2378 2838 μεγάλοις*
2420 2768 2570 2821 οὐδὲν
2600 2767 2709 2838 γάρ
2753 2768 2894 2839 μέγα
2938 2767 3061 2821 οὔτε
3098 2771 3253 2842 ποσῷ
3297 2771 3427 2825 οὔτε
3477 2771 3578 2843 μὴν
3613 2775 3670 2841 τῇ

2085 2857 2311 2929 δυνάμει
2344 2860 2566 2914 ἐπὶτῶν
2597 2860 2932 2929 κτισμάτων,
2974 2861 3112 2932 ὅπερ
3154 2863 3216 2914 οὐ
3251 2864 3399 2916 κατά
3453 2864 3670 2935 μετοχὴν

2085 2951 2296 3004 ἐκείνου
2338 2951 2554 3020 λέγεται
2597 2952 2772 3022 μέγα,
2823 2953 3224 3024 ὑπερχεομένου
3272 2957 3483 3019 παντὸς
3525 2957 3669 3026 μεγέ-

2087 3042 2232 3106 θους,
2269 3045 2365 3095 καὶ
2395 3043 2569 3095 πάντα
2611 3043 2776 3096 τόπον
2807 3043 3172 3113 περιέχοντος,
3204 3047 3302 3098 καὶ
3343 3048 3524 3100 πάντα
3562 3048 3668 3116 ἀρι-

2087 3134 2222 3206 θμὸν
2251 3135 2701 3206 ὑπερϐάλλοντος.
2737 3133 2953 3205 Ἐπειδὴ
2984 3133 3093 3204 γὰρ
3115 3135 3176 3187 τὸ
3215 3137 3363 3206 μέγα
3391 3139 3486 3191 ἐπὶ
3517 3138 3663 3191 ποσοῦ

381 3242 715 3296 omnemque
751 3243 1040 3282 numerum
1088 3228 1332 3282 excedit.
1370 3229 1505 3282 Cum
1541 3229 1686 3283 enim
1722 3244 1978 3298 magnum

2095 3227 2320 3293 λέγεται,
2351 3226 2437 3280 διὰ
2475 3226 2635 3279 τοῦτο
2664 3225 3055 3297 περιλαμϐάνει
3087 3226 3322 3295 μέγεθος
3376 3229 3541 3282 τόπον
3585 3231 3664 3281 καὶ

383 3317 452 3369 de
505 3319 817 3386 quantitate
870 3321 1105 3386 dicatur,
1163 3320 1368 3374 idcirco
1439 3320 1813 3390 magnitudine
1870 3329 1976 3372 tam

385 3407 563 3461 locum
612 3423 776 3476 quam
826 3425 1113 3464 numerum
1161 3412 1618 3480 comprehcndit,
1679 3424 1799 3478 qum
1849 3418 1978 3464 sunt

385 3501 599 3569 species
633 3503 977 3569 quantitatis,
1013 3503 1448 3570 magnitudinem
1501 3504 1720 3573 quidem
1774 3521 1873 3574 pro
1911 3505 1972 3558 ii-

385 3607 512 3658 nea,
567 3593 856 3662 superficie
905 3602 959 3648 et
1002 3609 1231 3663 corpore
1273 3609 1534 3660 sumens;
1584 3605 1796 3665 tempus
1846 3611 1976 3650 vero

384 3700 803 3754 sermonemque
847 3687 1085 3740 vocalem
1155 3688 1321 3741 missa
1374 3687 1580 3742 faciens
1609 3730 1625 3755 ,
1665 3689 1794 3743 illud
1849 3691 1972 3758 qui-

384 3779 528 3840 dem,
566 3779 694 3848 quia
732 3789 1037 3847 temporum
1071 3788 1156 3834 est
1189 3780 1463 3844 conditor,
1495 3781 1639 3836 hunc
1666 3797 1816 3847 vero,
1842 3783 1969 3851 quia

381 3873 449 3926 de
483 3872 602 3940 ipso
635 3881 794 3925 antea
831 3872 994 3926 verba
1039 3871 1207 3937 fecit,
1264 3872 1315 3925 in
1351 3882 1612 3942 quantum
1661 3873 1802 3928 Deus
1841 3873 1970 3928 Ver-

380 3965 510 4018 hum
547 3963 869 4033 appellatur.
905 3963 1109 4019 Locum
1157 3965 1343 4032 itaque
1399 3966 1813 4034 comprehendit
1849 3977 1971 4020 tan-

379 4069 543 4123 quam
578 4055 983 4122 incorporeum,
1017 4056 1452 4124 magnitudinem
1483 4071 1613 4111 vcro
1649 4072 1968 4111 numerum-

380 4163 511 4216 que,
546 4147 692 4215 quod
727 4146 817 4200 illa
850 4148 1068 4215 quidem
1106 4149 1158 4201 in
1196 4147 1468 4201 infinitum
1499 4147 1694 4214 dividi,
1720 4150 1810 4204 hic
1837 4165 1968 4204 vero

381 4241 503 4294 sine
539 4240 772 4292 termino
806 4241 992 4307 augeri
1031 4240 1227 4308 possit.
1265 4239 1401 4293 Nam
1439 4241 1648 4294 idcirco
1680 4242 1842 4294 etiam
1871 4243 1966 4295 ad-

379 4331 460 4383 dit
509 4349 523 4383 :
581 4327 808 4383 Omnem
868 4331 1184 4386 transiliens
1241 4333 1588 4385 infinitatem.
1645 4331 1966 4386 Mirabiliter

380 4434 564 4475 autem
599 4423 772 4491 ponit,
807 4421 1036 4477 Onmem
1073 4423 1249 4477 locum
1296 4425 1607 4488 continens,
1644 4427 1775 4495 quia
1813 4425 1964 4481 locus

378 4513 644 4578 continet,
675 4528 780 4566 non
817 4515 1149 4581 continetur,
1190 4519 1454 4571 terminus
1485 4518 1632 4570 enim
1665 4527 1751 4572 est
1785 4520 1960 4572 conti—
1994 4552 2036 4605 Β

380 4609 593 4674 uentis;
671 4609 814 4663 Deus
885 4618 1067 4663 autem
1134 4611 1422 4680 plusquam
1485 4609 1654 4682 494
1718 4612 1962 4664 inﬁnitus

378 4699 588 4762 existit,
619 4700 745 4767 quia
783 4702 934 4770 regni
971 4700 1087 4768 ejus
1137 4718 1242 4756 non
1277 4711 1362 4755 est
1412 4704 1555 4758 ﬁnis.
1593 4703 1735 4770 Quin
1794 4703 1961 4756 etiam

375 4808 538 4860 supra
592 4807 808 4848 onmem
865 4809 1150 4848 numerum
1203 4796 1423 4861 existit;
1473 4797 1575 4850 etsi
1625 4797 1772 4850 enim
1822 4795 1966 4850 Deus

375 4889 590 4941 dicatur
623 4904 759 4942 unus
793 4897 851 4942 et
886 4905 1074 4952 unum,
1110 4899 1192 4943 est
1229 4899 1408 4942 tamen
1442 4889 1608 4942 etiam
1645 4887 1766 4957 plus
1798 4904 1960 4957 quam

377 4994 580 5043 unum,
618 4981 838 5050 proprie
871 4983 1018 5034 enim
1055 4986 1220 5035 unum
1257 4983 1654 5035 connexionem
1699 4982 1860 5034 habet
1891 4984 1957 5035 ad

379 5071 578 5125 multos
627 5089 881 5128 numeros
913 5089 978 5127 ex
1016 5075 1132 5142 ipso
1165 5075 1486 5136 existentes,
1522 5084 1578 5125 et
1631 5072 1954 5141 principium

375 5174 458 5218 est
493 5165 871 5220 multitudinis.
909 5166 1107 5220 Verum
1154 5167 1295 5220 Deus
1349 5180 1514 5218 unum
1560 5165 1780 5228 dicitur,
1829 5165 1954 5232 quia

376 5258 604 5327 simplex
639 5267 744 5322 est,
778 5269 833 5312 et
867 5258 1228 5324 individuum,
1257 5265 1312 5312 et
1344 5258 1784 5325 incompositum.
1815 5256 1954 5322 Quin

375 5359 432 5402 et
466 5348 546 5402 sic
577 5348 699 5418 plus
727 5363 890 5416 quam
945 5349 1152 5415 unitur,
1189 5358 1245 5402 et
1287 5347 1408 5417 plus
1441 5362 1604 5415 quam
1641 5363 1806 5400 unum
1841 5355 1951 5409 est;

377 5441 575 5493 dicitur
607 5441 752 5496 enim
786 5442 852 5497 de
886 5441 1002 5510 ipso
1038 5458 1050 5495 :
1092 5440 1157 5493 Et
1185 5440 1420 5494 scientia:
1448 5437 1563 5506 ejus
1601 5454 1704 5491 non
1745 5446 1819 5490 est
1853 5453 1954 5488 nu—

2081 3318 2331 3389 ἀριθμὸν,
2350 3318 2492 3389 άπερ
2515 3319 2630 3370 ἐστί
2657 3316 2751 3370 τοῦ
2777 3316 2932 3368 ποιοῦ
2968 3315 3108 3387 είδη,
3130 3317 3193 3370 τὸ
3219 3319 3322 3388 μὲν
3346 3320 3573 3390 μέγεθος
3591 3320 3663 3372 λα·

2080 3410 2189 3462 ϐὼν
2210 3411 2326 3463 ἀντὶ
2346 3411 2983 3482 γραμμῆς,,ἐπιφανείας,
3003 3411 3099 3462 καὶ
3114 3409 3393 3480 σώματος·
3421 3413 3600 3484 χρόνον
3615 3413 3661 3464 δὲ

2079 3503 2173 3554 καὶ
2201 3501 2356 3570 λόγον
2385 3503 2543 3570 ἀφεὶς
2572 3503 2662 3555 τὸν
2693 3502 3028 3574 προφορικόν
3052 3520 3064 3532 ·
3099 3501 3161 3556 τὸ
3187 3503 3314 3572 μὲν,
3342 3506 3428 3557 ὅτι
3453 3504 3660 3574 ποιητὴς

2077 3594 2302 3664 χρόνων,
2331 3595 2392 3646 τὸ
2417 3593 2496 3658 δὲ,
2523 3595 2607 3648 ὅτι
2635 3597 2762 3666 περὶ
2788 3595 2951 3649 αὑτοῦ
2992 3597 3309 3668 ἔμπροσθεν
3346 3594 3492 3660 εἷπε,
3537 3595 3660 3648 κατά

2074 3687 2124 3739 τί
2153 3687 2306 3755 λόγος
2334 3687 2395 3739 τὸ
2413 3687 2566 3740 Θεῖον
2593 3688 2829 3756 λέγεται.
2856 3689 2959 3742 Τὸν
2985 3689 3118 3757 γοῦν
3154 3689 3324 3742 τόπον
3353 3708 3422 3743 πε
3433 3689 3658 3762 ριέλαϐεν

2072 3778 2146 3840 ὡς
2174 3777 2483 3849 ἀσώματον,
2509 3779 2569 3830 τὸ
2595 3779 2652 3832 δὲ
2695 3778 2921 3850 μέγεθος
2963 3781 3057 3832 καὶ
3101 3779 3192 3832 τὸν
3230 3780 3488 3851 ἀριθμὸν,
3513 3781 3584 3842 ὡς
3607 3779 3656 3828 τὸ

2076 3871 2172 3940 μὲν
2199 3870 2285 3923 ἐπ’
2315 3871 2540 3940 ἄπειρον
2567 3871 2854 3940 διαιρετὸν,
2884 3871 2978 3924 τὸν
3018 3871 3075 3923 δὲ
3109 3871 3196 3924 ἐπ’
3235 3871 3468 3941 ἄπειρον
3506 3870 3652 3934 αὐξα-

2072 3962 2312 4031 νόμενον.
2341 3962 2440 4014 Διά
2480 3961 2636 4016 τοῦτο
2675 3961 2783 4033 γὰρ
2809 3963 2902 4014 καὶ
2942 3961 3301 4033 προστίθησι’
3337 3964 3449 4014 Καὶ
3492 3964 3649 4014 πᾶσαν

2070 4055 2325 4126 ἀπειρίαν
2353 4055 2646 4108 διαϐαῖνον.
2693 4055 3019 4125 Θαυμασίως
3060 4054 3116 4106 δὲ
3153 4054 3344 4127 τίθησι
3371 4054 3454 4116 τὸ,
3486 4055 3650 4107 Πάντα

2068 4148 2231 4200 τόπον
2283 4149 2571 4219 περιέχον
2610 4149 2640 4199 6
2684 4147 2792 4218 γὰρ
2835 4147 2998 4210 τόπος
3044 4146 3328 4216 περιέχει,
3373 4147 3434 4198 οὐ
3478 4143 3646 4215 περιέ-

2068 4258 2248 4311 χεται,
2296 4241 2468 4311 πέρας
2511 4241 2619 4311 γάρ
2659 4243 2776 4294 ἐστι
2823 4239 2916 4292 τοῦ
2961 4240 3344 4310 περιέχοντος’
3379 4243 3409 4292 6
3450 4239 3503 4292 δὲ
3532 4239 3647 4298 Θεὸς

2068 4333 2434 4403 ὑπεράπειρός
2489 4335 2642 4395 ἐστι,
2701 4333 2797 4404 τῆς
2861 4330 3138 4402 βασιλείας
3192 4329 3305 4400 γὰρ
3351 4329 3516 4382 αὑτοῦ
3559 4329 3645 4379 οὐκ

2066 4421 2180 4472 ἔστι
2267 4422 2461 4491 πέρας.
2545 4421 2703 4473 Ἀλλά
2777 4422 2871 4474 καὶ
2953 4419 3094 4490 ὑπὲρ
3182 4420 3366 4472 πάντα
3433 4416 3642 4489 ἀριθμόν

2067 4515 2246 4564 ἐστιν·
2307 4513 2354 4562 εί
2418 4510 2528 4582 γὰρ
2586 4513 2680 4565 καὶ
2724 4511 2940 4580 λέγεται
2995 4512 3024 4563 6
3071 4510 3205 4573 Θεὸς
3277 4508 3361 4573 εἷς
3422 4511 3512 4563 καὶ
3559 4509 3636 4568 ἓν,

2065 4601 2178 4655 ἀλλ’
2221 4597 2313 4654 οὖν
2356 4603 2450 4655 καὶ
2497 4604 2638 4674 ὑπὲρ
2683 4604 2743 4657 τὸ
2797 4603 2855 4656 ἐν
2899 4606 3032 4655 ἐστι’
3084 4603 3292 4673 κυρίως
3341 4601 3452 4673 γάρ
3501 4601 3556 4653 τὸ
3590 4598 3638 4649 ἒν

2067 4696 2248 4765 σχέσιν
2275 4693 2387 4764 ἔχει
2430 4696 2566 4766 πρὸς
2603 4696 2734 4760 τοὺς
2783 4695 2842 4760 ἐξ
2886 4695 3048 4748 αὑτοῦ
3092 4694 3322 4758 πολλοὺς
3369 4693 3634 4765 ἀριθμοὺς,

2065 4789 2157 4840 καὶ
2185 4787 2420 4858 πλήθους
2460 4789 2606 4841 ἐστὶν
2643 4790 2804 4860 ἀρχή.
2841 4789 3030 4857 Ὅμως
3077 4787 3299 4855 λέγεται
3337 4788 3366 4838 6
3406 4786 3532 4848 6:6;
3570 4783 3633 4846 ἓν,

2064 4881 2252 4953 ἐπειδὴ
2280 4879 2484 4934 ἁπλοῦν
2515 4884 2654 4945 ἐστι,
2681 4883 2775 4934 καὶ
2804 4881 3028 4952 ἀμερὲς,
3061 4881 3156 4932 καὶ
3186 4878 3501 4932 ἀσύνθετον.
3537 4876 3633 4928 Ἀλ-

2063 4975 2132 5027 λά
2156 4976 2252 5028 καὶ
2290 4973 2462 5037 οὓτως
2504 4975 2870 5045 ὑπερήνωται,
2917 4973 3012 5026 καὶ
3047 4971 3189 5041 ὑπὲρ
3212 4988 3272 5023 το
3302 4971 3361 5023 ἓν
3393 4974 3535 5024 ἐστι’
3560 4968 3630 5019 λέ-

2064 5085 2218 5134 γεται
2260 5065 2368 5137 γὰρ
2407 5067 2533 5138 περὶ
2571 5066 2766 5119 αὐτοῦ’
2809 5065 2918 5119 Καὶ
2961 5063 3066 5132 τῆς
3112 5064 3431 5130 συνέσεως
3467 5057 3628 5116 αὐτοῦ

2062 5163 2175 5213 οὐκ
2218 5161 2391 5213 ἐστιν
2430 5159 2697 5228 ἀριθμός.
2743 5159 2972 5226 Λέγεται
3029 5160 3122 5212 καὶ
3169 5158 3346 5228 μέγας
3399 5156 3533 5211 κατὰ
3579 5151 3626 5203 τὸ

2063 5250 2415 5322 ὑπερπλῆρες
2440 5249 2602 5303 αὑτοῦ
2633 5252 2726 5303 καὶ
2749 5248 3226 5321 μεγαλουργὸν,ὃτι
3254 5249 3310 5300 αἱ
3340 5247 3508 5318 πηγαὶ
3536 5240 3624 5294 τῶν

2061 5345 2277 5417 δωρεῶν
2310 5343 2494 5408 αὑτοῦ,
2531 5343 2679 5414 παρά
2719 5343 2932 5397 πάντων
2967 5341 3352 5411 μετεχὸμεναι,
3390 5330 3623 5410 ἀμείωτοί

2064 5454 2190 5490 εισι.

378 5548 553 5586 merus
599 5541 648 5585 ι.
707 5534 916 5586 Dicitur
961 5533 1125 5586 etiam
1179 5543 1448 5596 magnus,
1525 5527 1825 5582 secundum
1877 5524 2165 5596 plusquam
2217 5526 2606 5598 plenitudinem
2651 5543 2717 5585 ac
2769 5525 3234 5598 magniﬁcentiam
3275 5541 3454 5592 suam,
3508 5533 3621 5592 quo-

381 5625 524 5680 niam
561 5625 738 5680 fontes
771 5640 1056 5680 munerum
1105 5625 1278 5694 ipsius
1319 5622 1386 5676 ab
1428 5622 1681 5676 omnibus
1731 5619 2032 5688 participati
2071 5620 2292 5677 minime
2324 5621 2670 5678 minuuntur.

455 5797 479 5825 ι
515 5780 657 5839 Psal.
699 5800 842 5854 CLVI,
871 5784 922 5840 5.
