3768 6304
169 356 281 414 οεδ

740 356 827 412 DE
860 355 1113 414 DIVINIS
1145 357 1544 424 NOMINIBUS,
1583 358 1737 416 CAP.
1779 357 1870 414 IX.
1911 390 1976 400 —
2005 325 2348 414 PARAPHR'.
2385 357 2858 417 PACllYMERIE.

3351 355 3457 412 926

247 474 277 548 ς
320 472 407 528 lll.
448 475 660 546 Μικρὸν
688 475 744 528 δὲ
793 476 954 530 πάλιν
983 478 1222 546 λέγεται,
1252 476 1329 542 ὡς
1374 478 1565 531 οὐδένα
1605 477 1770 546 ὄγκον

1949 475 1977 548 §
2022 473 2110 530 Ill.
2165 475 2398 528 Parvum
2451 491 2641 531 rursus
2682 476 2904 541 dicitur,
2953 485 3010 531 ut
3058 477 3200 545 quod
3251 472 3456 527 nullam

169 567 204 638 ἢ
235 568 515 638 διάστημα
546 566 806 637 πεφυκὼς
833 568 1110 635 δέξασθαι,
1139 570 1252 623 ἀλλ’
1283 571 1423 642 ὑπὲρ
1455 570 1626 624 ταῦτα
1657 568 1732 624 ὥν
1751 588 1764 600 ·

170 659 271 711 καὶ
311 657 510 722 ἄλλως,
554 659 687 713 διότι
733 659 820 713 διὰ
869 661 1087 716 πάντων
1137 661 1432 726 ἀκωλύτως
1469 665 1656 734 χωρεῖ.
1696 661 1771 714 Τὸ

171 748 284 818 γὰρ
328 749 562 820 σμικρὸν
605 751 1048 824 ἀρχοειδέστερὸν
1082 756 1200 808 ἐστι
1245 754 1495 808 πάντων
1533 755 1670 808 καθὸ
1705 757 1771 809 ὲκ

170 840 268 894 τοῦ
313 841 513 913 μικροῦ
555 843 689 914 πρὸς
720 843 782 897 τὸ
818 844 1001 915 μεῖζον
1025 847 1240 910 πρόεισι
1279 846 1457 902 πάντα
1495 846 1564 900 τὰ
1608 851 1665 901 ὲν
1702 850 1769 918 τῇ

172 933 430 1005 αὐξήσει,
462 936 556 988 καὶ
589 935 749 989 πάλιν
775 939 840 990 ἐκ
889 936 1135 1007 μείζονος
1166 941 1301 1011 πρὸς
1326 940 1387 993 τὸ
1423 939 1615 1010 μικρὸν
1642 957 1772 992 κατ-

172 1029 314 1099 αντᾷ
348 1027 419 1082 τὰ
460 1031 518 1082 ἐν
551 1030 618 1099 τῇ
679 1027 924 1100 μειώσει.
974 1032 1246 1102 Στοιχεῖον
1289 1032 1344 1085 δέ
1389 1035 1561 1094 ὲστιν,
1611 1030 1669 1098 ἐξ
1709 1025 1770 1085 οῦ

174 1120 270 1172 καὶ
307 1119 624 1173 συνίσταταί
657 1137 731 1182 τι,
767 1121 861 1174 καὶ
894 1123 974 1185 είς
1006 1121 1034 1174 ὃ
1067 1122 1374 1178 ἀναλύεται.
1415 1124 1484 1176 Ἦ
1530 1122 1660 1191 γοῦν
1685 1120 1772 1174 διὰ

171 1211 336 1264 τοῦτο
381 1213 783 1281 στοιχειωτικόν
842 1215 956 1266 ἐστι
1015 1214 1076 1266 τὸ
1133 1214 1397 1286 σμικρὸν,
1460 1215 1492 1286 ἢ
1551 1217 1633 1268 ὅτι
1681 1217 1773 1269 καὶ

175 1305 233 1356 ὲν
285 1302 367 1372 τῷ
419 1303 625 1373 μείζονι
677 1304 738 1357 τὸ
776 1305 968 1375 μικρὸν
1018 1305 1325 1377 θεωρεῖται,
1359 1309 1416 1359 ἐν
1447 1307 1503 1360 δὲ
1555 1307 1632 1378 τῷ
1681 1326 1771 1379 μι-

176 1395 296 1467 κρῷ
337 1396 403 1450 τὸ
459 1399 642 1468 μεῖζον
706 1397 787 1451 οῦ.
844 1399 930 1462 Ὠς
987 1398 1118 1467 γοῦν
1173 1402 1230 1453 ἐν
1278 1399 1356 1470 τῷ
1417 1401 1655 1471 συνθὲτῳ
1703 1401 1772 1455 τὰ

175 1489 326 1543 ἁπλᾶ
365 1490 742 1560 ὲμφαίνονται,
768 1493 826 1546 ὲν
851 1490 907 1543 δὲ
945 1494 1057 1555 τοῖς
1114 1491 1302 1554 ἁπλοῖς
1328 1492 1509 1544 οὐκέτι
1551 1492 1612 1545 τὸ
1644 1491 1772 1545 σύν·-

174 1580 354 1642 θετον,
386 1582 481 1634 καὶ
523 1582 581 1633 ὲν
617 1584 738 1644 ταῖς
769 1581 1060 1646 συλλαϐαῖς
1106 1582 1344 1652 δηλονότι
1388 1583 1456 1636 τὰ
1513 1587 1769 1654 στοιχεῖα,

172 1673 234 1725 ού
307 1674 417 1746 μὴν
496 1676 554 1728 ὲν
607 1677 722 1737 τοῖς
784 1675 1066 1744 στοιχείοις
1134 1677 1190 1728 αἱ
1261 1676 1553 1730 συλλαϐαί’
1601 1676 1772 1740 οὕτως

176 1762 420 1816 ἐνταῦθα
460 1764 520 1816 τὸ
563 1763 756 1834 μικρὸν
807 1763 1210 1832 στοιχειωτικὸν
1252 1765 1488 1834 λέγεται,
1520 1767 1602 1820 ὅτι
1641 1766 1774 1820 αὐτὸ

178 1855 279 1923 μὲν
308 1857 369 1908 ἐν
396 1854 474 1925 τῷ
505 1856 709 1926 μείζονι
736 1857 1078 1927 ἐμφαίνεται,
1103 1860 1162 1912 οὐ
1211 1859 1316 1930 μὴν
1337 1859 1392 1912 δὲ
1426 1860 1518 1912 καὶ
1548 1860 1609 1913 τὸ
1637 1860 1769 1912 ἀνά-

176 1945 358 1999 παλιν.
386 1946 543 2000 Οῦτω
579 1947 793 2016 λέγεται
836 1950 929 2002 καὶ
954 1951 1046 2002 ἐπὶ
1084 1949 1218 2003 Θεοῦ
1265 1950 1325 2002 τὸ
1359 1950 1572 2022 μικρὸν,
1604 1950 1672 2002 δι’
1696 1943 1770 2003 ὧν

171 2040 392 2112 τίθησιν
421 2041 793 2094 ἀποστολικῶν
826 2043 1105 2114 ῥημάτων,
1132 2045 1191 2110 ἐξ
1233 2037 1310 2098 ὧν
1339 2044 1400 2098 τὸ
1430 2046 1769 2118 ὑπεροξύπο-

177 2149 271 2202 ρον
297 2134 399 2203 τῆς
422 2133 518 2186 τοῦ
546 2132 681 2187 Θεοῦ
706 2135 800 2188 καὶ
835 2136 927 2189 ἐπὶ
953 2136 1020 2190 τά
1049 2136 1314 2207 ἀσώματα
1351 2138 1644 2211 χωρήσεως
1681 2139 1771 2210 δη-

173 2225 387 2280 λοῦται.
420 2225 492 2280 Τὸ
521 2226 630 2297 γὰρ
668 2227 986 2282 διικνεῖσθαι
1021 2230 1114 2284 τὸν
1152 2230 1284 2284 Θεὸν
1326 2231 1453 2302 ἄχρι
1491 2231 1584 2284 καὶ
1617 2248 1771 2302 μερι-

178 2317 321 2390 σμοῦ
351 2317 533 2389 ψυχῆς
566 2320 658 2372 καὶ
695 2319 996 2391 πνεύματος
1027 2322 1337 2392 ἀποφαίνει,
1381 2323 1464 2376 ὅτι
1507 2324 1600 2377 καὶ
1641 2323 1772 2376 αὐτὸ

175 2409 238 2462 τὸ
281 2407 577 2479 ἀσώματον
615 2410 715 2482 τῆς
756 2411 933 2483 ψυχῆς
962 2413 1054 2467 καὶ
1091 2413 1318 2477 ἐνοειδὲς
1357 2413 1462 2467 ὑπὸ
1501 2413 1594 2467 τοῦ
1636 2413 1771 2467 Θεοῦ

176 2500 510 2572 διαιρεῖσθαι
539 2501 780 2557 δύναται.
815 2503 905 2556 Διὸ
947 2505 1041 2558 καὶ
1066 2504 1164 2568 τὰς
1205 2504 1412 2568 ἐννοίας
1459 2507 1486 2559 ὁ
1522 2505 1654 2569 Θεὸς
1693 2500 1772 2558 οἷ·-

176 2592 288 2656 δεν,
321 2592 526 2663 μεταξὺ
548 2595 657 2667 γὰρ
690 2596 781 2649 νοῦ
812 2597 905 2650 καὶ
932 2598 1170 2668 νοήσεως
1205 2597 1232 2649 ὁ
1257 2596 1389 2661 Θεὸς
1420 2599 1608 2668 χωρεῖ,
1638 2595 1774 2650 καθὸ

178 2683 400 2755 εἴρηται
417 2701 430 2716 ⁶
458 2685 544 2739 Σὺ
569 2687 755 2755 ἔγνως
780 2686 920 2753 τοὺς
945 2686 1374 2756 διαλογισμούς
1391 2706 1509 2756 μου
1535 2687 1650 2741 ἀπὸ
1669 2704 1776 2756 μα-

179 2776 420 2842 κρόθεν,
457 2775 591 2829 ἀλλὰ
615 2777 709 2830 καὶ
733 2777 933 2850 μεταξὺ
961 2777 1139 2849 ψυχῆς
1162 2779 1256 2832 καὶ
1287 2779 1614 2849 πνεύματος,
1642 2783 1701 2834 ἐν
1730 2773 1775 2848 ᾧ

179 2865 246 2937 δὴ
285 2867 558 2937 πνεύματι
597 2868 695 2932 τάς
734 2869 1011 2940 αἰσθήσεις
1048 2871 1514 2941 ὲπεστηριγμένας
1559 2871 1774 2942 ἔχομεν,

179 2955 247 3007 δι’
282 2951 346 3010 οὗ
375 2957 470 3009 καὶ
497 2956 776 3030 αἰσθητοῖς
814 2960 846 3029 ἡ
886 2957 1029 3029 ψυχὴ
1066 2959 1392 3030 προσϐάλλει
1435 2961 1529 3014 καὶ
1568 2961 1628 3014 τὸ
1656 2961 1774 3014 δια-

181 3049 436 3118 νοητικὸν
471 3049 580 3102 τῶν
617 3050 860 3120 σκέψεων
910 3051 1126 3122 ἔχομεν.
1166 3051 1335 3105 Τοῦτο
1360 3053 1418 3106 δὲ
1446 3051 1508 3105 τὸ
1539 3051 1774 3122 πνεῦμα,

180 3142 435 3211 δύναμιν.
485 3142 580 3195 καὶ
614 3143 776 3194 οἱονεὶ
811 3142 1070 3213 δευτέραν
1105 3142 1282 3214 ψυχὴν
1327 3142 1647 3213 αἰσθητικὴν
1672 3181 1686 3203 ,
1727 3143 1776 3194 οί

141 3215 146 3226 ’
183 3236 318 3304 παρ’
358 3233 585 3304 Ἕλλησι
630 3233 852 3287 καλοῦσι
882 3233 1052 3304 σοφοί.
1103 3233 1167 3288 Ἡ
1196 3232 1288 3289 οῦν
1327 3234 1614 3306 αἰσθητικὴ
1641 3233 1778 3304 αῦτη

181 3326 331 3397 ψυχή
365 3327 516 3378 ἐστιν
549 3327 581 3397 ἡ
625 3326 786 3398 μέχρι
834 3326 1048 3398 μυελῶν
1083 3328 1178 3380 καὶ
1225 3326 1434 3396 φλεϐῶν
1480 3328 1575 3380 καὶ
1613 3328 1782 3398 ἀρτη-

187 3419 320 3489 ριῶν
366 3416 463 3471 καὶ
501 3419 722 3483 ὀστέων,
755 3419 849 3472 καὶ
893 3418 989 3471 τοῦ
1028 3419 1150 3472 ὅλου
1186 3417 1438 3489 σώματος
1480 3417 1778 3482 διικνοῦσα,

183 3509 251 3562 δι’
283 3503 361 3563 ὧν
381 3509 640 3564 ἁπάντων
672 3510 954 3564 διικνεῖται
988 3513 1016 3564 ὁ
1039 3511 1170 3575 Θεὸς
1192 3510 1507 3575 ἀκωλύτως,
1531 3513 1644 3574 τοῖς
1683 3509 1781 3580 μὲν

185 3601 364 3666 διδοὺς
389 3601 668 3668 σύστασιν,
699 3607 811 3668 τοῖς
839 3604 895 3657 δὲ
921 3601 1256 3673 ἐμϐατεύων,
1279 3602 1355 3666 ὡς
1383 3601 1650 3673 μηδεμίαν
1675 3601 1784 3654 κτί-

190 3711 296 3756 σιν,
326 3693 512 3764 ἀφανῆ
536 3689 675 3748 εἶναι
691 3693 920 3748 ἐνώπιον
935 3693 1120 3748 αὐτοῦ.
1139 3695 1451 3766 Σημείωσαι
1468 3695 1522 3748 δὲ
1544 3695 1779 3764 περὶτοῦ

190 3785 527 3856 πνεύματος,
558 3787 640 3840 ὅτι
663 3786 791 3840 ἄλλο
819 3788 937 3840 ἐστὶ
960 3785 1022 3839 τὸ
1046 3785 1332 3856 λεγόμενον
1355 3785 1570 3856 πνεῦμα
1590 3785 1782 3838 ενταῦ-

190 3879 282 3942 θα,
306 3880 447 3950 ὄπερ
474 3880 653 3950 φαμὲν
677 3879 771 3934 καὶ
795 3879 1113 3950 αἰσθητικὴν
1139 3878 1338 3949 ψυχὴν,
1363 3880 1457 3932 καὶ
1479 3878 1606 3931 ἄλλο
1634 3880 1780 3931 ἐκεῖ·⁹

189 3989 249 4024 νο
267 3972 330 4024 τὸ
354 3971 595 4042 πνεῦμα,
626 3972 754 4044 περὶ
776 3965 835 4025 οῦ
861 3973 888 4025 ὁ
916 3971 1087 4041 μέγας
1109 3969 1321 4034 Παῦλός
1349 3987 1513 4041 φησιν
1533 3985 1547 3999 ο
1587 3970 1649 4022 '0
1673 3972 1784 4038 ψυ-

190 4065 357 4135 χικὸς
402 4064 714 4133 ἅνθρωπος
752 4066 824 4118 οὐ
865 4063 1102 4135 δέχεται
1146 4063 1219 4118 τὰ
1270 4063 1377 4118 τοῦ
1421 4063 1779 4132 πνεύματος.

195 4161 423 4232 Πνεῦμα
465 4159 575 4230 γὰρ
614 4161 790 4214 ἐκεῖσε
826 4160 888 4213 τὸ
928 4159 1297 4231 πνευματικόν
1333 4175 1466 4228 φησι
1518 4159 1780 4230 χάρισμα,

191 4255 333 4325 ὅπερ
368 4255 436 4306 ἐκ
473 4251 568 4304 τοῦ
605 4252 749 4305 θείου
787 4251 1161 4323 βαπτίσματος
1199 4251 1545 4322 λαμϐάνομεν
1573 4253 1620 4304 οἱ
1661 4268 1786 4304 πισ-

191 4346 299 4408 τοὶ,
351 4344 648 4416 καρτερίας
691 4344 925 4415 πνεῦμα,
964 4343 1263 4412 ὑπομονῆς,
1301 4343 1627 4415 πραότητος,
1680 4359 1784 4412 μα-

193 4436 522 4510 κροθυμίας,
551 4436 830 4499 συντονίας
853 4437 933 4498 εἰς
960 4435 1021 4487 τὸ
1063 4435 1284 4504 ἀγαθὸν,
1312 4433 1447 4488 καθὸ
1479 4435 1592 4497 τοῖς
1624 4435 1786 4504 ψυχι-

1872 569 2070 623 molem
2108 568 2193 621 vel
2227 567 2543 622 distantiam
2578 569 2859 636 suscipere
2911 569 3103 638 possit,
3157 569 3252 622 sed
3287 580 3454 633 supra

1872 659 1987 714 haec
2027 659 2252 725 existat;
2289 667 2345 713 et
2400 659 2581 722 aliter,
2632 659 2760 728 quia
2812 659 3017 729 absque
3064 659 3456 727 impedimento

1870 758 2066 803 cuncta
2115 757 2381 818 penetrat.
2436 748 2673 802 Parvum
2737 749 2928 811 enim,
2977 749 3307 818 principium
3369 755 3456 802 est

1871 844 2156 906 euntium;
2204 841 2460 909 quoniam
2510 843 2696 895 omnia
2741 855 2861 911 quae
2921 841 3310 895 incrementum
3354 853 3456 892 su-

1873 945 2045 1000 munt,
2070 947 2137 987 ex
2173 948 2335 1002 parvo
2361 934 2413 987 in
2458 948 2712 1003 magnum
2757 933 3017 997 evadunt,
3050 941 3104 987 et
3149 947 3364 986 rtu'sum
3397 930 3452 985 in

1873 1027 2240 1090 decremento,
2275 1041 2344 1079 ex
2380 1025 2569 1092 majori
2613 1024 2683 1077 ad
2732 1025 2784 1078 id
2837 1026 2980 1093 quod
3030 1025 3207 1079 minus
3240 1017 3458 1078 estred-

1874 1123 2025 1172 eunt.
2096 1117 2435 1171 Elementum
2470 1127 2650 1170 autem
2684 1126 2768 1172 est
2802 1117 2875 1179 id,
2912 1131 2978 1170 ex
3014 1130 3122 1185 quo
3155 1115 3319 1169 etiam
3354 1113 3457 1168 ali-

1873 1207 2005 1276 quid
2033 1207 2402 1276 componitur,
2428 1217 2482 1261 et
2517 1207 2566 1259 in
2591 1208 2733 1275 quod
2773 1205 3086 1259 resolvitur.
3121 1204 3212 1259 Vel
3251 1205 3456 1258 idciroo

1875 1299 2040 1368 igitur
2086 1299 2248 1353 etiam
2303 1313 2530 1368 parvum
2581 1307 2666 1352 est
2713 1297 3065 1358 elementare,
3099 1295 3181 1349 vel
3218 1295 3342 1363 quia
3400 1295 3455 1349 in

1876 1387 2064 1454 majori
2109 1401 2331 1456 parvum
2366 1388 2766 1451 consideratur,
2803 1403 2909 1440 non
2965 1395 3148 1440 autem
3197 1401 3454 1455 magnum

1877 1480 1928 1533 in
1958 1494 2148 1550 parvo.
2184 1479 2339 1534 Sicut
2372 1494 2502 1548 ergo
2548 1481 2599 1531 in
2635 1478 2936 1548 composito
2970 1478 3238 1546 simplicia
3285 1491 3457 1546 appa-

1883 1583 2026 1637 rent,
2065 1587 2167 1625 non
2207 1581 2388 1625 autem
2424 1573 2477 1625 in
2513 1572 2856 1641 simplicibus
2880 1572 3262 1639 compositum,
3313 1579 3367 1623 et
3403 1569 3455 1622 in

1877 1662 2100 1733 syllabis
2135 1679 2186 1717 ν.
2223 1678 2275 1732 g.
2326 1663 2616 1728 elementa,
2655 1679 2760 1717 non
2810 1678 2940 1717 vero
2987 1662 3206 1732 syllaba:
3248 1661 3300 1715 in
3349 1660 3459 1715 ele-

1887 1756 2118 1821 mentis;
2167 1755 2240 1808 ita
2277 1755 2386 1819 hic,
2435 1770 2660 1824 parvum
2711 1755 2765 1808 id
2817 1755 2960 1824 quod
3007 1753 3337 1808 elementare
3377 1760 3460 1806 est

1877 1848 2098 1914 dicitur,
2134 1848 2390 1916 quoniam
2428 1847 2600 1916 ipsum
2633 1847 2848 1916 quidem
2883 1847 2938 1900 in
2991 1845 3180 1914 majori
3216 1853 3455 1914 apparet,

1879 1957 1985 1996 non
2021 1949 2197 1994 autem
2225 1955 2256 1994 e
2289 1949 2496 1995 contra.
2534 1939 2624 1994 Sic
2658 1941 2859 1994 dicitur
2888 1941 3052 1993 etiam
3089 1940 3155 1993 de
3191 1939 3301 1993 Deo
3336 1952 3461 2008 par-

1878 2049 2026 2096 vum,
2061 2043 2286 2102 propter
2319 2034 2462 2102 quod
2496 2033 2796 2102 apostolica
2831 2032 2997 2087 verba
3036 2031 3224 2096 refert,
3262 2031 3462 2100 quibus

1880 2128 2295 2181 demonstratur
2325 2125 2588 2181 velocitas
2639 2140 2966 2196 progressus
3015 2124 3110 2179 Dei
3139 2125 3206 2178 ad
3244 2137 3331 2178 res
3373 2123 3461 2177 in-

1880 2230 2197 2285 corporeas.
2231 2216 2384 2284 Quod
2410 2216 2553 2270 enim
2595 2220 2869 2289 pertingat
2924 2231 3095 2286 usque
3129 2217 3197 2271 ad
3232 2216 3462 2271 divisio-

1882 2325 2002 2364 nem
2038 2309 2233 2363 animae
2264 2318 2314 2364 et
2349 2310 2572 2378 spiritus
2605 2309 2844 2362 declarat
2888 2310 3058 2378 ipsam
3104 2323 3318 2379 quoque
3367 2307 3460 2362 in-

1877 2401 2302 2468 corporeitatem
2337 2409 2389 2452 et
2425 2398 2854 2453 uniformitatem
2907 2399 3100 2452 anima:
3134 2413 3161 2450 a
3219 2397 3328 2452 Deo
3375 2397 3462 2451 di-

1883 2493 1991 2544 vidi
2026 2506 2211 2560 posse.
2257 2490 2412 2546 Unde
2448 2493 2588 2545 Deus
2623 2506 2838 2559 quoque
2868 2490 3223 2558 cogitationes
3259 2487 3463 2542 intelli-

1887 2584 1983 2651 git,
2021 2584 2278 2652 quoniam
2320 2584 2461 2637 Deus
2494 2583 2662 2637 etiam
2700 2597 2872 2651 usque
2905 2581 2972 2634 ad
3024 2582 3360 2636 intellectum
3408 2588 3465 2633 et

1882 2675 2304 2729 intellectionem
2341 2676 2509 2744 ipsam
2545 2683 2832 2744 penetrat,
2893 2674 3034 2728 sicut
3087 2673 3288 2727 dictum
3338 2680 3462 2724 est:

1882 2768 1961 2822 Tu
2011 2768 2314 2822 intellexisti
2363 2770 2703 2838 cogitationes
2754 2785 2896 2822 meas
2953 2769 3016 2820 de
3060 2767 3296 2835 longer;
3334 2765 3464 2835 quin

1878 2871 1934 2915 et
1968 2862 2106 2917 inter
2141 2863 2377 2916 animam
2414 2871 2468 2915 et
2501 2863 2777 2929 spiritum,
2825 2863 2880 2914 in
2917 2875 3024 2930 quo
3059 2860 3314 2914 nimirum
3358 2857 3469 2928 spi-

1881 2958 1986 3012 ritu
2026 2971 2220 3012 sensus
2274 2956 2537 3011 habemus
2572 2956 2886 3020 stabilitas,
2936 2971 3032 3025 per
3086 2970 3246 3023 quem
3300 2954 3466 3007 etiam

1880 3048 2062 3101 anima
2096 3047 2389 3101 sensilibus
2421 3047 2674 3111 intendit,
2720 3058 2776 3099 et
2811 3047 2919 3100 vim
2958 3045 3224 3099 habemus
3269 3043 3468 3098 intelli-

1805 3184 1847 3242 Ο
1881 3141 2041 3210 gendi
2072 3140 2491 3208 speculationes.
2531 3138 2687 3194 Hunc
2723 3148 2904 3193 autem
2941 3139 3189 3208 spiritum
3233 3137 3467 3207 gentiles

1884 3235 2154 3303 sapientes
2210 3244 2405 3287 vocant
2457 3233 2808 3303 facultatem.
2870 3241 2925 3286 et
2965 3232 3129 3285 veluti
3173 3231 3466 3284 secundum

1882 3325 2120 3378 animam
2171 3325 2484 3378 sensitivam
2521 3325 2738 3377 animae.
2777 3323 2917 3394 Ergo
2951 3324 3130 3376 anima
3192 3321 3308 3375 haec
3343 3337 3468 3375 sett-

1883 3420 2040 3474 sitiva
2069 3427 2318 3487 penetrat
2352 3432 2522 3486 usque
2557 3417 2622 3471 ad
2661 3417 2942 3485 medullas,
2976 3425 3029 3471 et
3064 3429 3254 3480 venas,
3292 3424 3344 3468 et
3378 3431 3468 3467 ar-
3519 3446 3523 3450 -

1885 3513 2074 3576 terias,
2113 3519 2167 3565 et
2218 3525 2365 3574 ossa,
2401 3520 2456 3564 et
2504 3518 2678 3564 totum
2727 3525 2964 3578 corpus,
3018 3507 3083 3560 ad
3139 3505 3301 3579 495
3350 3521 3472 3576 qua:

1882 3605 2064 3661 omnia
2114 3604 2258 3658 Deus
2316 3603 2520 3671 absque
2568 3602 2957 3670 impedimento
3007 3600 3300 3668 pertingit;
3349 3597 3473 3652 aliis

1883 3699 2100 3767 quidem
2133 3705 2333 3751 statum
2369 3694 2711 3765 impertiens,
2751 3694 2875 3747 aliis
2905 3706 3036 3747 vero
3069 3708 3127 3745 se
3159 3691 3466 3756 insinuans,

1883 3789 1957 3842 ita
1997 3797 2056 3841 ut
2088 3786 2236 3840 nulla
2272 3795 2529 3840 creatura
2565 3786 2638 3838 sit
2667 3783 2881 3837 oeculta
2921 3783 2973 3835 in
3005 3789 3297 3850 conspectu
3333 3777 3468 3846 ejus.

1883 3877 2022 3932 Nota
2058 3892 2188 3931 vero
2215 3877 2359 3930 circa
2411 3875 2664 3944 spiritum
2691 3912 2708 3938 ,
2751 3873 2917 3925 alium
2976 3885 3103 3924 esse
3154 3869 3471 3937 praedictum

1885 3971 2160 4040 spiritttm,
2197 3982 2360 4037 quem
2401 3967 2566 4020 etiam
2619 3967 2857 4019 animam
2914 3963 3236 4018 sensitivam
3289 3959 3475 4030 appel~

1884 4064 2084 4124 lamus.
2119 4069 2173 4115 et
2205 4061 2369 4115 alium
2402 4075 2522 4114 esse
2551 4058 2702 4112 illum
2739 4055 3095 4126 spiritum,de
3116 4071 3225 4124 quo
3245 4068 3475 4122 magnus

1885 4154 2083 4210 Paulus
2120 4154 2198 4208 ait
2233 4170 2248 4207 :
2289 4149 2545 4207 Animalia
2579 4149 2732 4203 homo
2771 4166 2876 4202 non
2917 4149 3055 4215 capit
3095 4163 3155 4199 ea
3194 4163 3310 4216 quae
3349 4154 3472 4199 sunt

1886 4250 2104 4319 spiritus
2134 4257 2179 4301 ι.
2217 4245 2480 4316 Spiritum
2515 4245 2658 4297 enim
2712 4242 2786 4297 ibi
2823 4249 2982 4296 vocat
3025 4241 3258 4311 gratiam
3310 4237 3472 4306 spiri-

1889 4344 2073 4407 talem,
2110 4357 2273 4411 quam
2311 4339 2497 4394 ﬁdeles
2530 4337 2582 4391 in
2620 4337 2890 4406 baptismo
2933 4333 3234 4402 accipimus
3260 4373 3274 4396 ,
3311 4333 3475 4399 spiri-

1891 4447 2002 4490 tum
2038 4431 2400 4497 fortitudinis,
2453 4429 2829 4492 sustiuentiaz,
2867 4425 3319 4487 mansuetudinis,
3353 4424 3470 4477 lou-

194 4533 314 4593 κοῖς
338 4529 389 4581 οἱ
413 4527 772 4597 πνευματικοὶ
799 4526 1159 4598 μωραίνοντες
1183 4525 1484 4592 φαίνονται,
1514 4524 1618 4578 κᾶν
1640 4523 1783 4576 ἐκεῖ·

1933 4526 2254 4593 animitatis,
2289 4523 2608 4577 intentionis
2657 4522 2724 4574 ad
2753 4520 2977 4585 bonum,
3003 4522 3162 4589 juxta
3198 4515 3341 4585 quod
3373 4516 3474 4570 viri

194 4639 277 4674 νοι
306 4623 402 4672 του
431 4616 664 4688 ἀληθοῦς
705 4616 1053 4693 ὲξέρχωντᾳι,
1095 4613 1279 4679 καθὼς
1322 4616 1416 4669 καὶ
1444 4612 1635 4686 πρώην
1663 4611 1781 4666 ὲλέυ

193 4728 388 4782 γομεν.

270 4914 299 4986 §
344 4913 431 4969 IV.
476 4913 659 4967 Πάντα
678 4911 746 4966 τὰ
772 4911 848 4982 τῷ
872 4909 990 4982 Θεῷ
1011 4913 1287 4982 προσεῖναι
1324 4910 1591 4980 λεγόμενα
1615 4911 1786 4982 ὑπερ-

194 5009 398 5072 ουσίως
437 5007 685 5075 λέγονται
708 5022 721 5036 ⁸
759 5007 880 5060 ὅθεν
919 5007 1014 5059 καὶ
1053 5001 1248 5056 ταύτὸν
1293 5003 1505 5072 λέγεται
1560 5004 1792 5074 ὑπερου-

199 5104 334 5168 σίως
375 5104 459 5156 ὅτι
499 5102 585 5171 ἐφ’
622 5101 814 5155 ἑαυτοῦ
857 5103 1040 5173 μένει,
1082 5103 1176 5154 καὶ
1217 5099 1357 5154 κατὰ
1396 5097 1465 5152 τὰ
1507 5097 1646 5151 αὐτὰ
1697 5098 1792 5151 καὶ

196 5195 466 5258 ὡσαύτως
493 5194 603 5264 ἔχει
630 5193 908 5264 ἱδρυμένον
931 5195 990 5246 ἐν
1014 5195 1125 5256 τοῖς
1151 5191 1452 5255 καλλίστοις
1475 5191 1674 5262 πέρασι
1695 5189 1794 5259 τῆς

200 5289 334 5360 περὶ
360 5288 461 5358 τὴν
484 5285 673 5339 οὐσίαν
702 5285 1032 5356 φαινομένης
1074 5285 1419 5354 ταύτότητος.
1464 5284 1559 5336 Ἐκ
1599 5281 1656 5336 δὲ
1683 5281 1794 5336 τῶν

200 5382 461 5452 περάτων
483 5379 827 5450 ἐμφαίνεται,
869 5378 952 5430 ὅτι
986 5377 1104 5448 οὐχί
1143 5379 1259 5430 ἐστι
1315 5377 1413 5448 μὲν
1453 5373 1547 5428 νῦν
1575 5374 1789 5438 ταύτὸν,

199 5475 416 5542 πέφυκε
445 5472 503 5524 δέ
528 5488 659 5525 ποτε
687 5471 984 5540 ἐκχυθῆναι
1014 5472 1093 5533 εἰς
1121 5468 1414 5541 ἑτερότητα
1436 5484 1448 5499 ι
1480 5469 1655 5520 ἐκεῖνο
1681 5465 1792 5537 γὰρ

200 5561 543 5635 ἑτεροιοῦται
592 5560 849 5623 πολλάκις
906 5561 969 5612 ἐκ
1008 5561 1106 5630 τῆς
1141 5559 1486 5629 ταύτότητος,
1519 5558 1656 5627 ὅπερ
1694 5557 1794 5626 ούχ

201 5655 418 5725 ἵδρυται
451 5655 509 5706 ἐν
537 5655 650 5715 τοῖς
689 5653 786 5720 τῆς
823 5650 1145 5720 ταύτότητος
1185 5652 1432 5723 πέρασιν.
1476 5651 1534 5702 Ὀ
1569 5649 1625 5702 δὲ
1665 5647 1794 5712 Θεὸς

289 5841 316 5880 ῖ
353 5831 501 5889 Psal.
537 5845 799 5899 cxxxvtn,
834 5829 887 5884 5.
969 5838 989 5864 ι
1027 5828 1043 5883 I
1079 5829 1205 5884 Cor.
1245 5844 1304 5895 ιι,
1345 5829 1429 5883 Μ.

1887 4621 2162 4693 spiritales
2193 4616 2504 4672 hominibus
2547 4615 2874 4670 animalibus
2927 4613 3171 4667 insanire
3199 4613 3475 4674 videntur,

1887 4713 2233 4784 quantumvis
2271 4710 2485 4780 ipsimet
2523 4725 2554 4763 a
2597 4709 2826 4763 veritate
2857 4708 3112 4762 aberrent
3137 4745 3152 4770 ,
3194 4705 3271 4757 uti
3311 4717 3477 4772 snpe-

1887 4804 2369 4874 rius,dicehamus.

1962 4897 1993 4968 ᾗ
2032 4897 2120 4950 ιν.
2164 4895 2288 4949 Ηιὲῡ
2339 4894 2519 4950 omnia
2563 4909 2684 4963 qua:
2735 4893 2844 4948 Deo
2901 4893 3081 4946 inesse
3131 4891 3280 4946 dicta
3327 4900 3476 4954 sunt,

1892 4987 2492 5061 suprasubstantialiter
2523 4988 2818 5053 dicuntur;
2845 4987 2988 5040 unde
3016 4985 3185 5039 etiam
3214 4984 3266 5038 id
3301 4983 3476 5052 ipsum

1894 5079 2496 5152 suprasubstantialiter
2550 5077 2774 5142 dicitur,
2824 5079 2968 5147 quod
3023 5078 3076 5130 in
3133 5077 3314 5146 seipso
3365 5092 3479 5130 ma-

1897 5187 2044 5246 neat,
2080 5187 2134 5233 et
2167 5176 2463 5233 secundum
2499 5177 2689 5231 eadem
2737 5173 3036 5240 eodemque
3077 5171 3236 5225 modo
3269 5169 3480 5225 stabili-

1900 5283 2066 5327 tatem
2101 5271 2301 5324 habeat
2345 5270 2397 5323 in
2437 5266 2828 5337 pulcherrimis
2861 5262 3108 5318 terminis
3153 5263 3300 5317 circa
3351 5265 3475 5317 sub-

1899 5371 2155 5425 stantiam
2186 5368 2502 5436 apparentis
2545 5363 2870 5420 identitatis.
2899 5361 2978 5415 Ex
3016 5357 3264 5415 terminis
3298 5365 3478 5410 autem

1901 5472 2142 5534 apparet,
2179 5461 2325 5533 quod
2375 5475 2482 5515 non
2538 5459 2610 5514 sit
2660 5455 2820 5511 modo
2873 5454 3091 5525 quidem
3146 5452 3330 5514 idem,
3381 5448 3481 5502 ali-

1900 5553 2116 5622 quando
2142 5567 2270 5606 vero
2305 5551 2475 5620 possit
2500 5550 2552 5604 in
2587 5546 2916 5601 alteritatem
2945 5542 3180 5606 cll'undi;
3216 5539 3478 5611 quoniam

1904 5647 1954 5701 id
2004 5645 2318 5715 frequenter
2367 5659 2432 5698 ex
2488 5639 2770 5698 identitate
2817 5639 2871 5692 in
2927 5635 3160 5690 alterum
3213 5641 3456 5688 mutatur
