3768 6328
363 349 470 406 927
1543 339 1601 395 S.
1645 337 1855 395 DIONY
1865 337 1948 394 Sil
1977 335 2447 394 AREOPAGITxE
3549 339 3647 395 9'18

365 468 512 538 quod
563 467 616 519 in
667 461 914 518 terminis
964 460 1267 521 idenlitatis
1312 474 1418 513 non
1473 459 1770 516 stabiliter.
1810 459 1850 513 D

2158 459 2249 528 τῆς
2282 455 2610 534 ταύτότητος
2639 452 3038 524 ,πριλαμῦἀνει
3076 452 3321 524 πέρατα,
3371 453 3492 517 πῶς
3526 454 3646 521 γοῦν

367 565 549 606 autem
615 550 907 604 identitatis
960 549 1222 603 terminos
1303 549 1751 618 comprehendit,
1817 566 1850 619 q

2159 557 2211 625 ίη
2239 557 2369 609 ποτὲ
2393 555 2455 609 τὸ
2476 554 2700 624 ἓτερον;
2731 555 2846 608 Οὐκ
2871 550 2993 607 εἶπε
3030 553 3088 607 δὲ
3130 552 3274 606 κατὰ
3320 551 3388 606 τὸ
3431 551 3647 620 σύνηθες

365 647 530 700 modo
588 660 717 713 ergo
779 643 928 695 aliud
1009 641 1307 711 aliquando
1381 641 1677 697 admittere
1749 658 1853 712 pos:

2160 648 2205 718 ᾦ
2230 649 2289 700 ὲν
2317 649 2428 710 τοῖς
2465 646 2647 709 ἄλλοις
2672 646 2774 717 τὴν
2795 646 3067 717 ὑπεροχὴν
3084 646 3324 713 λέγοντι,
3355 644 3467 706 ὅτι,
3495 643 3648 714 ὑπερ-

365 736 482 791 Non
537 736 672 789 dixit
724 743 904 787 autem
956 749 1052 803 pro
1102 751 1253 788 more
1298 734 1550 803 loquendi
1603 750 1724 799 suo,
1789 745 1848 788 nt

2159 759 2196 793 »ν
2239 740 2308 792 τὰ
2336 739 2550 811 πέρατα
2593 738 2694 808 τῆς
2722 739 3084 810 ταύτότητος·
3115 739 3366 792 ὲκκλινεί
3405 738 3519 808 γὰρ
3557 739 3647 808 τῆς

365 828 485 881 aliis
551 842 649 897 per
715 840 1038 888 excessum,
1089 835 1146 878 ut
1208 827 1354 894 quod
1407 829 1633 880 ext-edat
1697 827 1851 880 termi

2158 831 2402 901 τὸτητος,
2433 833 2526 884 καὶ
2554 834 2636 896 εἰς
2676 832 2865 902 ἓτερον
2907 831 3225 901 μεταπέσοι,
3261 830 3432 901 εἴπερ
3457 831 3646 901 639t-

364 921 702 976 identitatis:
731 923 989 990 quoniam
1037 923 1299 978 deﬁceret
1345 925 1412 978 ab
1457 925 1761 986 idenlitate,
1814 936 1852 979 el

2161 924 2259 993 τῆς
2282 923 2629 992 ταύτότητος.
2658 924 2829 977 Είωθε
2873 923 3003 991 γοῦν
3046 924 3076 974 6
3109 922 3308 994 Πατὴρ
3339 924 3402 974 ὲν
3431 922 3647 984 ἐκείνοις

363 1014 507 1067 aliud
546 1015 834 1078 incideret,
862 1016 907 1069 si
944 1015 1284 1070 identitatem
1318 1017 1638 1070 excederet.
1675 1015 1825 1071 Solet

2159 1032 2233 1068 ειν
2261 1016 2359 1086 τὴν
2390 1016 2682 1087 ὑπεροχὴν,
2731 1019 2790 1070 ὲν
2827 1010 2908 1078 οἷς
2953 1017 2987 1085 ἡ
3023 1014 3268 1086 ὑπεροχὴ
3314 1014 3425 1067 οὐκ
3470 1013 3647 1082 ἀφανί-

362 1121 468 1175 que
505 1107 592 1160 hic
627 1105 786 1161 Pater
822 1107 872 1159 in
912 1107 1018 1160 illis
1063 1121 1352 1165 excessum
1390 1109 1699 1172 nominare,
1738 1109 1789 1162 in
1829 1127 1850 1177 ς

2164 1107 2232 1160 τὰ
2260 1107 2338 1177 τῷ
2381 1105 2500 1178 Θεῷ
2541 1108 2853 1178 πρέποντα·
2888 1110 2948 1162 ὲν
2983 1104 3066 1171 οἷς
3139 1105 3198 1159 δὲ
3274 1105 3528 1159 τοιοῦτόν
3596 1123 3641 1158 τι

363 1198 466 1252 bus
497 1212 762 1252 excessus
810 1199 1037 1254 minime
1086 1200 1419 1254 exterminat
1472 1200 1560 1252 illa
1619 1216 1740 1268 quae
1785 1201 1851 1254 De

2159 1197 2440 1262 Ξυνεύεται,
2474 1198 2654 1250 ἱκανὸν
2679 1199 2896 1268 ἡγεῖται
2921 1196 3019 1267 τὴν
3060 1196 3329 1268 περιοχὴν
3371 1196 3478 1249 τοῦ
3519 1196 3647 1266 πρά-

362 1290 593 1352 decent;
626 1289 680 1343 in
713 1291 915 1358 quibus
949 1307 1079 1344 vero
1116 1291 1220 1345 tale
1253 1293 1383 1362 quid
1428 1293 1652 1360 periculi
1684 1303 1788 1358 est,
1820 1309 1850 1346 ε

2157 1305 2261 1351 ιτος
2308 1289 2656 1360 μαρτυρῆσαι
2679 1289 2773 1342 ἐπὶ
2817 1287 2974 1341 Θεοῦ.
3023 1289 3211 1340 Ἔστιν
3262 1283 3363 1340 οὖν
3389 1287 3455 1338 τὸ
3508 1285 3645 1339 Θεῖον

358 1398 478 1436 esse
512 1391 666 1449 putat
693 1398 967 1436 summam
996 1385 1062 1440 de
1095 1385 1206 1438 Deo
1232 1385 1441 1440 testari.
1479 1385 1572 1438 Est
1597 1385 1779 1454 itaque
1813 1385 1846 1437 D

2159 1379 2453 1450 :éﬂntov,
2488 1381 2582 1433 καὶ
2623 1379 2764 1434 κατὰ
2793 1381 2971 1432 πᾶσαν
3002 1378 3219 1448 κίνησιν
3258 1378 3549 1447 ἀκίνητον.
3572 1378 3647 1428 El-

359 1474 736 1537 immutahilis,
757 1485 813 1530 et
844 1477 1144 1530 secundum
1163 1491 1378 1530 (llllllP-lll
1398 1488 1602 1532 motum
1635 1478 1847 1531 imtnobl

2162 1489 2171 1518 ν
2216 1470 2273 1523 δὲ
2313 1469 2632 1540 ἀγένητον,
2674 1469 2862 1539 ἐπειδὴ
2903 1467 3187 1537 πολλαχῶς
3231 1467 3577 1538 λαμϐάνεται
3598 1467 3650 1520 τὸ

360 1567 561 1621 Dicens
582 1577 764 1621 autem
792 1569 1106 1636 ingenitum,
1136 1583 1261 1621 cum
1315 1567 1499 1623 multis
1519 1569 1694 1623 modis
1730 1569 1834 1623 hoc

2157 1577 2347 1628 νητον
2369 1600 2384 1625 ,
2415 1559 2514 1624 τὰς
2563 1561 2954 1631 παλιμφήμους
2982 1561 3282 1633 ἑρμηνείας
3320 1559 3423 1611 τοῦ
3460 1558 3645 1628 ὀνόμα-

357 1672 481 1710 ιηοιι
503 1659 821 1728 accipiatur,
844 1659 1179 1712 eelebriores
1210 1659 1326 1725 ejus
1344 1660 1826 1730 interpretationes

2170 1652 2529 1722 ἀποκαθαίρει
2548 1669 2561 1683 ·
2592 1652 2805 1721 λέγεται
2831 1652 2939 1724 γὰρ
2964 1653 2997 1724 ῆ
3028 1653 3089 1705 τὸ
3139 1653 3312 1723 μήπω
3340 1651 3646 1720 γενόμενον,

359 1747 561 1816 plicat;
610 1750 810 1802 dicitur
843 1750 990 1804 enim
1028 1750 1323 1818 ingenitum
1351 1789 1366 1814 ,
1419 1751 1501 1806 vel
1534 1753 1678 1820 quod
1716 1753 1847 1806 need

2160 1744 2413 1814 ησόμενον
2442 1743 2520 1807 δὲ,
2554 1743 2629 1808 ὡς
2657 1747 2690 1814 ἡ
2721 1745 2904 1816 Σάρρα
2931 1740 3052 1796 εἷπε
3082 1745 3165 1806 τὸ,
3199 1743 3378 1796 Οὔπω
3427 1743 3530 1813 μέν
3571 1759 3648 1811 μοι

359 1842 627 1910 genitum,
674 1842 766 1896 sed
804 1842 1133 1912 gignendum
1169 1854 1272 1906 est,
1307 1853 1366 1896 ut
1404 1843 1540 1897 Sara
1587 1845 1763 1898 dixit:
1798 1842 1844 1897 N

2157 1850 2275 1886 ονεν
2298 1850 2312 1863 ·
2353 1833 2385 1903 ἢ
2414 1833 2489 1896 ὡς
2527 1833 2865 1897 ἀτελείωτον,
2895 1831 2970 1894 ὡς
3002 1833 3030 1883 ὁ
3053 1833 3112 1884 ὲν
3142 1829 3375 1902 Χαλάνῃ
3417 1830 3645 1899 πύργος·

357 1933 485 1986 ιΙιιιιι
515 1935 732 2002 quidem
761 1935 893 1987 mihi
937 1944 1097 1988 natus
1139 1945 1221 1988 est
1254 1947 1311 2000 l;
1350 1935 1432 1986 vel
1465 1936 1609 2005 quod
1688 1933 1845 2002 itnpel

2162 1925 2270 1989 δὼς
2291 1925 2388 1994 οὐχ
2427 1925 2532 1977 ὑπὸ
2575 1924 2750 1986 τοῦδε,
2774 1924 2849 1988 ὡς
2891 1924 2971 1986 τὸ,
3013 1922 3258 1987 Παῦλος
3306 1922 3650 1984 ἀπόστολος

359 2036 505 2080 etum
523 2037 626 2093 est,
642 2027 785 2080 sicut
822 2028 989 2081 turris
1023 2027 1072 2080 in
1101 2027 1342 2082 Chalane
1370 2029 1433 2093 b;
1471 2029 1553 2082 vel
1590 2030 1658 2082 ab
1688 2029 1789 2083 hoc
1841 2046 1847 2081 |

2193 2016 2262 2081 ἐξ
2299 2015 2654 2083 ἀνθρώπων·
2701 2017 2735 2086 ἢ
2779 2017 2854 2079 ὡς
2903 2017 2962 2069 ού
2994 2015 3134 2078 τόδε,
3178 2014 3277 2078 ὡς,
3327 2015 3388 2068 '0
3431 2013 3650 2074 Ἰοῦστος

354 2113 579 2179 factum,
609 2127 668 2170 ut
695 2135 710 2171 :
753 2116 958 2172 Paulus
989 2118 1256 2188 apostolus
1304 2137 1407 2172 non
1438 2121 1503 2173 ab
1548 2120 1842 2174 hominibus

2163 2106 2242 2174 εἷς
2265 2109 2372 2162 τῶν
2387 2109 2614 2162 δὼδεκα’
2637 2110 2669 2181 ἢ
2696 2111 2770 2174 ὼς
2797 2109 3022 2182 μηδαμῆ
3050 2109 3324 2180 μηδαμῶς
3352 2109 3440 2173 ὃν,
3459 2109 3535 2171 ὡς
3561 2109 3649 2160 ὅσα

355 2207 440 2260 vel
488 2224 594 2262 non
630 2210 733 2263 hoc
767 2211 969 2264 factum
997 2251 1013 2272 ,
1064 2211 1207 2266 sicut
1242 2229 1258 2265 :
1293 2211 1480 2266 Justus
1531 2229 1640 2265 non
1690 2229 1831 2267 unus

2161 2201 2431 2255 ιτεύονται
2463 2201 2743 2272 Ἕλληνες,
2788 2200 3050 2263 Σκύλλαν,
3082 2199 3178 2252 καὶ
3220 2200 3534 2270 Χίμαιραν,
3566 2198 3649 2250 καὶ

355 2295 686 2362 duodecim;
718 2298 804 2352 vel
845 2299 896 2352 id
931 2300 1077 2366 quod
1119 2301 1338 2368 penitus
1377 2301 1524 2355 nullo
1569 2302 1729 2356 modo
1755 2312 1843 2356 est.

2158 2295 2338 2364 ὃμοια.
2388 2293 2592 2357 Ίδικῶς
2649 2293 2778 2361 γοῦν
2823 2295 2916 2347 καὶ
2964 2292 3251 2355 ἀπολύτως
3298 2292 3449 2360 ὑπὲρ
3490 2289 3646 2342 ταῦτα

354 2400 479 2454 qua:
537 2385 745 2456 ﬁngunt
792 2387 1024 2458 gentiles
1086 2387 1323 2458 Scyllam
1377 2400 1432 2444 et
1477 2389 1841 2455 Chimaeram,

2159 2403 2229 2440 τα
2265 2386 2359 2440 ἐπὶ
2405 2384 2542 2438 Θεοῦ
2593 2384 2654 2438 τὸ
2717 2383 2981 2453 ἀγένητον
3006 2400 3020 2415 ο
3074 2381 3372 2453 μονοειδῶς
3414 2380 3525 2451 γὰρ
3562 2379 3647 2432 καὶ

351 2477 572 2531 similia.
597 2477 900 2548 Speciatim
919 2479 1082 2550 igitur
1097 2489 1153 2534 et
1165 2481 1435 2545 absolute,
1449 2497 1610 2551 supra
1636 2482 1750 2536 hac
1764 2499 1839 2536 οιι

2157 2479 2372 2542 τοειδῶς
2412 2475 2764 2549 ἀφορίζεταν
2817 2475 3105 2546 μονοειδῶς
3144 2473 3236 2527 διὰ
3275 2473 3342 2526 τὸ
3381 2471 3645 2532 παντελῶς

351 2568 650 2637 ingenitmn
675 2570 726 2622 in
765 2570 875 2624 Deo
909 2572 1146 2635 dicitur;
1172 2587 1281 2626 uno
1301 2573 1449 2627 enim
1473 2583 1526 2627 et
1551 2573 1720 2646 593
1751 2590 1839 2629 eat

2156 2570 2432 2641 ιράὸλητον
2472 2569 2571 2639 τῆς
2613 2568 2764 2632 θείας
2807 2568 3058 2636 φύσεωςο
3097 2565 3431 2628 ταύτοειδῶς
3477 2563 3562 2616 διὰ
3593 2563 3644 2614 τὸ

351 2659 514 2714 modo
538 2660 812 2714 delinitur.
834 2661 951 2717 Uno
984 2663 1165 2723 modo,
1201 2673 1428 2732 propter
1451 2664 1819 2718 omnimodam

2155 2659 2425 2712 λλοίωτον.
2444 2657 2860 2730 Ἀφοριζόμενον
2894 2656 2950 2710 δὲ
2975 2657 3036 2710 τὸ
3056 2656 3438 2726 δεικνύμενον,
3457 2655 3531 2717 ὡς
3549 2653 3643 2706 ἀπὸ

351 2751 876 2818 comparabilitatem
903 2753 1102 2806 divinae
1125 2763 1353 2816 naturaz,
1378 2756 1566 2809 eodem
1603 2755 1764 2809 modo
1790 2771 1839 2824 ;ι

2160 2744 2430 2822 ὁρίζειν,ἢ
2447 2751 2508 2803 τὸ
2534 2749 2866 2824 ἐξῃρημένον
2895 2749 2985 2802 καὶ
3003 2746 3444 2819 κεχωρισμένον.
3472 2744 3576 2799 Καὶ
3590 2744 3641 2795 τὸ

349 2854 472 2912 pter
505 2844 1023 2898 immuabilitatem.
1065 2845 1478 2916 Ἀφοριζόμενον
1505 2861 1632 2901 vero
1652 2856 1738 2900 est
1757 2847 1837 2902 del

2184 2842 2377 2895 ταύτὸν
2420 2843 2515 2895 καὶ
2543 2841 2805 2904 ὡσαύτως
2845 2839 2966 2910 ἔχον
3004 2841 3034 2892 ό
3064 2839 3219 2904 Θεὸς,
3251 2839 3513 2909 δωρεῖται
3541 2838 3640 2899 τοῖς

351 2945 462 2988 ιιιιιι
504 2951 598 2990 seu
631 2937 1086 3002 demonstratum,
1136 2955 1164 2990 a
1203 2938 1366 2992 verbo
1407 2938 1630 3009 ὁρίζειν,
1662 2938 1742 2992 vel
1764 2954 1839 2993 ex:

2147 2951 2312 3004 σμασι
2340 2935 2401 2986 τὸ
2427 2936 2484 2987 ὲν
2501 2934 2787 3004 ταύτότητι
2802 2932 3098 3002 διαμένειν.
3117 2932 3348 2996 Ταύτῶς
3367 2928 3463 2985 οὖν
3480 2932 3635 2984 ᾶπαν-

350 3035 500 3098 ptum
531 3037 587 3080 et
615 3039 950 3096 separattnn.
993 3028 1056 3081 Et
1089 3029 1346 3098 quoniam
1383 3028 1524 3084 Deus
1570 3045 1786 3099 semper
1809 3031 1838 3084 it

2167 3026 2354 3080 καὶτὰ
2393 3026 2468 3097 μὴ
2497 3029 2556 3080 ὲν
2595 3028 2881 3096 ταύτότητι
2919 3025 3021 3095 τῆς
3050 3024 3290 3093 φύσεως,
3323 3025 3386 3077 ἐν
3426 3023 3505 3094 τῷ
3536 3022 3636 3091 Θεῷ

349 3119 610 3172 eteodem
629 3120 789 3173 modo
815 3134 874 3172 se
907 3120 1091 3183 habet,
1115 3121 1304 3173 tribuit
1331 3122 1619 3186 creaturis,
1648 3123 1778 3174 utin
1799 3122 1837 3174 it‘

2148 3120 2368 3186 ›ρεῖται⁶
2416 3119 2634 3172 πάντων
2681 3118 2791 3188 γὰρ
2831 3117 2940 3170 τῶν
2981 3116 3154 3169 ὄντων
3202 3117 3446 3182 ταύτῶς,
3490 3119 3636 3187 ﬁrmat

355 3167 404 3171 __
427 3167 782 3173 --_---.-_--_-
815 3167 872 3172 _-
1116 3167 1304 3173 --η-.-
1335 3167 1619 3186 -----------,

350 3210 502 3263 titate
534 3221 909 3278 permaneant.
939 3211 1138 3265 Eodem
1175 3213 1338 3264 modo
1363 3211 1526 3278 igitur
1553 3213 1760 3278 omnia,
1785 3228 1838 3268 et

1222 3213 1338 3264 lOllO
1363 3211 1526 3278 igitur
1553 3213 1760 3278 omnia,
1785 3215 1950 3268 etiam
1975 3167 2025 3230 Ο
2053 3208 2276 3278 ὁμοίως,
2302 3209 2475 3273 αἴτιος
2503 3211 2532 3263 ὁ
2560 3209 2710 3274 Θεὸς·

348 3320 470 3375 qnze
508 3322 612 3357 non
662 3314 788 3358 sunt
837 3306 890 3358 in
926 3305 1117 3370 eadem
1157 3317 1380 3367 natura,
1418 3305 1469 3358 in
1513 3305 1624 3358 Deo
1668 3308 1950 3373 videntur;

349 3395 614 3463 siquidem
652 3395 791 3448 Deus
825 3404 908 3448 est
942 3395 1130 3448 eodem
1165 3394 1354 3456 modo,
1391 3395 1507 3448 sive
1553 3396 1831 3461 similiter,
1866 3413 1952 3451 re-

352 3499 470 3537 runt
499 3484 742 3536 omnium
772 3499 961 3537 causa.

421 3573 554 3647 δν.
616 3577 774 3630 Aliud
831 3587 1012 3632 autem
1093 3576 1406 3647 significare
1468 3569 1763 3645 putandum
1826 3589 1909 3634 est

2147 3601 2155 3668 ᾖ
2201 3599 2265 3653 V.
2309 3602 2381 3654 Τὸ
2404 3601 2460 3654 δὲ
2487 3601 2673 3673 ἕτερον
2718 3603 3002 3674 σημαίνειν
3033 3604 3249 3673 οἰητέον
3273 3622 3288 3634 ο
3326 3607 3452 3658 καθ’
3483 3607 3635 3677 ὑπερ-

350 3669 695 3723 constructio
721 3670 866 3721 enim
917 3670 1030 3722 haec
1068 3685 1164 3738 per
1217 3669 1590 3738 trajectionem
1631 3670 1698 3722 ad
1747 3683 1838 3740 put

2145 3653 2154 3669 .
3042 3653 3239 3673 νυν-η
3327 3653 3428 3658 ηπ
3488 3653 3608 3677 --σντ

2145 3693 2210 3746 ’ὸν
2258 3695 2368 3766 γὰρ
2408 3697 2442 3765 ὴ
2486 3693 2736 3762 σύνταξις
2779 3696 2914 3765 πρὸς
2958 3695 3020 3746 τὸ
3062 3697 3277 3766 οἰητέον
3318 3698 3518 3767 ἔχουσα
3550 3703 3633 3767 τὴν

351 3761 480 3814 dum
518 3759 840 3814 relationem
884 3761 1086 3825 habet;
1121 3764 1379 3831 quoniam
1415 3762 1556 3816 Deus
1596 3761 1648 3816 in
1684 3764 1839 3834 seipsi

2144 3782 2321 3838 ἱδοσιν·
2350 3786 2432 3837 ὅτι
2461 3785 2635 3855 μένων
2663 3787 2745 3854 ἐφ’
2779 3785 2968 3838 ἑαυτοῦ
3010 3789 3106 3838 καὶ
3144 3788 3246 3857 τῆς
3281 3791 3490 3853 οἰκείας
3515 3789 3632 3840 ταύ-

348 3851 565 3922 propria
609 3853 889 3906 identitate
935 3867 1284 3922 permanens,
1328 3853 1671 3922 providentia
1719 3870 1816 3908 sua

2146 3890 2296 3944 ητος,
2324 3874 2394 3928 τὰ
2424 3874 2601 3928 πάντα
2631 3878 2689 3928 ἐν
2716 3877 2848 3928 πᾶσι
2878 3877 3258 3946 προνοητικῶς
3284 3878 3377 3931 διὰ
3398 3880 3496 3950 τὴν
3521 3880 3632 3932 πᾶν·

347 3947 530 4000 omnia
567 3945 619 3997 in
656 3945 909 3997 omnibus
945 3955 1165 4014 propter
1187 3945 1430 3997 omnium
1461 3945 1714 4012 salutem,
1742 3961 1835 4001 seu

2143 3967 2471 4038 νσωτηρίαν
2524 3967 2766 4035 γίνεται,
2823 3967 3016 4020 ἑαυτὸν
3056 3969 3324 4033 ποικίλως
3379 3971 3631 4031 ἐπιδιδοὺς

349 4036 526 4106 ipsum
579 4037 946 4090 diversimode
989 4037 1307 4105 impertiens
1350 4039 1414 4090 ad
1451 4053 1640 4092 eorum
1687 4039 1776 4108 qui
1813 4054 1837 4092 c

2143 4059 2188 4118 ὣς
2217 4036 2479 4108 ἐκθέωσιν
2519 4057 2629 4110 τῶν
2669 4056 3154 4127 ἐπεστραμμένων.
3199 4059 3302 4112 Διὰ
3351 4060 3512 4113 τοῦτο
3536 4060 3631 4130 γὰρ

349 4129 488 4182 versi
505 4138 628 4182 sunt
649 4128 1069 4183 dcilicationem.
1095 4127 1300 4183 Idcirco
1315 4130 1456 4182 etaim
1475 4130 1792 4184 multimoda
1811 4147 1837 4200 q

2171 4147 2508 4217 πολύτροπος
2556 4149 2708 4220 ἡτοῦ
2751 4148 2884 4201 Θεοῦ
2927 4149 3086 4216 σοφία
3123 4149 3374 4218 λέγεται·
3422 4155 3515 4206 καὶ
3544 4127 3629 4204 uti;

348 4237 452 4290 que
504 4221 706 4274 dicitur
751 4221 843 4274 Dei
891 4221 1185 4290 sapientia;
1227 4231 1282 4274 et
1323 4223 1609 4290 ipsammet
1663 4225 1836 4274 variat

2140 4237 2274 4308 ’τὴν
2301 4238 2410 4290 τῶν
2453 4240 2714 4292 ποικίλων
2757 4239 3052 4310 σχημάτων
3091 4241 3417 4310 ἑτερότητα,
3448 4243 3508 4295 τὸ
3545 4242 3628 4296 ἆλ-

348 4315 648 4380 ligurarum
701 4313 1074 4366 diversitatem
1123 4314 1433 4382 signiﬁcare
1477 4315 1774 4382 putandum
1829 4337 1836 4365 ι

2139 4344 2150 4388 ;
2175 4327 2268 4380 καὶ
2290 4326 2463 4390 ἄλλως
2494 4329 2584 4380 τὸν
2611 4329 2744 4382 Θεὸν
2769 4331 2828 4383 ἐν
2845 4332 2957 4392 τοῖς
2996 4333 3307 4400 προφήταις
3335 4333 3627 4400 φαίνεσθαι,

346 4408 489 4475 quod
513 4407 565 4459 in
591 4406 871 4475 prophetis
899 4408 1036 4461 Deus
1067 4407 1228 4461 aliter
1255 4418 1420 4477 atque
1448 4408 1608 4462 aliter
1631 4425 1832 4479 appare

2141 4436 2199 4471 το
2227 4418 2439 4488 οἰητέον
2467 4421 2776 4490 σημαίνειν,
2808 4422 2889 4474 ὅτι
2921 4420 3049 4473 ἄλλο
3068 4422 3121 4473 τί
3164 4423 3284 4474 ἐστι
3312 4427 3446 4495 παρ’
3470 4425 3499 4477 ὃ
3523 4425 3629 4493 φαί-

345 4500 606 4570 qnoniam
643 4500 786 4553 aliud
818 4500 945 4569 quid
979 4509 1062 4553 est
1111 4501 1180 4554 ab
1227 4517 1292 4555 eo
1335 4502 1480 4569 quod
1524 4513 1771 4572 apparet,
1806 4520 1833 4558 c

2140 4527 2212 4573 αι,
2242 4511 2439 4578 ἐπίσης
2465 4508 2605 4580 έχων
2626 4512 2695 4564 τὰ
2722 4513 2901 4565 πάντα
2920 4511 3176 4583 ἀλλότρια
3201 4514 3421 4567 ἑαυτοῦ.
3448 4517 3510 4568 Εἰ
3534 4516 3628 4584 γὰρ

346 4593 631 4660 aequaliter
662 4593 844 4646 oninia
882 4592 994 4644 sint
1045 4592 1112 4646 ab
1148 4593 1264 4661 ipso
1289 4595 1525 4648 diversa.
1555 4594 1611 4649 Si
1643 4596 1787 4649 enim
1829 4614 1834 4647 :

2141 4603 2242 4672 τῆς
2276 4602 2335 4665 ἐξ
2382 4602 2607 4656 ἐκείνων
2638 4604 2747 4657 τῶν
2793 4604 3034 4675 μορφῶν,
3072 4605 3158 4657 ἵνα
3204 4605 3257 4657 τί
3293 4607 3370 4679 μὴ
3403 4609 3469 4661 δι’
3503 4609 3628 4660 ἐκεί-

345 4701 453 4753 qna
483 4701 551 4739 ex
583 4684 690 4737 illis
714 4695 836 4738 erat
874 4683 1087 4749 formis,
1122 4695 1179 4738 ut
1206 4688 1334 4754 quid
1365 4703 1468 4740 non
1501 4703 1602 4757 per
1640 4688 1782 4742 illam
1830 4728 1833 4738 ς

2171 4694 2424 4762 ἐφαίνετο
2457 4694 2685 4747 πάντοτε
2733 4696 2851 4758 οἵας
2901 4713 2960 4746 τε
3010 4693 3180 4764 οὔσης
3228 4697 3628 4766 καταλαμῶνε-

345 4779 591 4847 parebat.
646 4792 772 4833 cum
823 4779 1047 4830 omnino
1103 4787 1285 4845 posset
1333 4780 1762 4848 comprehendi,
1812 4779 1826 4834 l

2137 4803 2188 4849 ιι,
2223 4784 2358 4838 ἀλλὰ
2389 4785 2456 4838 δι’
2489 4785 2654 4858 ἄλλης
2688 4789 2782 4840 καὶ
2814 4787 3013 4856 ἄλληςς
3060 4789 3148 4852 Ὡς
3191 4789 3302 4862 γὰρ
3351 4790 3404 4844 ἐξ
3454 4808 3625 4861 περιε-

348 4885 446 4939 per
481 4868 642 4922 aliam
672 4879 836 4938 atque
859 4868 1057 4921 aliam?
1090 4867 1552 4934 Quemadmodmn
1583 4872 1726 4924 enim
1774 4873 1818 4925 si

2138 4881 2352 4950 ὶττομεν
2395 4881 2461 4950 τῇ
2514 4881 2712 4952 ἀμερεί
2763 4881 2906 4953 ψυχῇ
2961 4885 3144 4936 οἰκεῖα
3205 4889 3328 4949 ταῖς
3377 4887 3626 4957 δυνάμεσι

347 4961 640 5015 divisibilis
672 4963 870 5016 anima:
902 4963 1199 5017 virtutibus
1241 4966 1490 5033 proprias
1529 4962 1714 5034 pa'rtes
1743 4982 1835 5020 eor

2138 4988 2190 5041 aq
2246 4970 2614 5041 σωματοειδῆ,
2655 4972 2950 5042 ὀφείλομεν
2997 4975 3214 5040 οἰκείως
3268 4981 3336 5050 τῇ
3408 4977 3626 5049 ἀμερείᾳ

347 5067 469 5105 reas
501 5052 906 5122 adiungeremus,
941 5055 1240 5107 secundum
1292 5055 1785 5112 indivisibilitatem
1826 5078 1835 5111 ι

2140 5065 2190 5114 ἰν
2235 5061 2302 5115 τὰ
2353 5061 2642 5132 λεγόμενα,
2673 5065 2814 5118 κατὰ
2844 5083 2964 5119 τινα
3007 5068 3304 5140 ἀναγωγὴν
3334 5073 3431 5123 καὶ
3475 5071 3625 5134 ἀλλη-

347 5141 469 5202 illas
506 5143 806 5213 intelligere
853 5145 1216 5212 deberemus,
1255 5161 1352 5216 per
1401 5149 1696 5214 quamdam
1743 5165 1835 5202 ana

2136 5155 2262 5220 :iav,
2293 5154 2391 5206 τὸν
2439 5154 2565 5207 νοῦν
2619 5158 2719 5226 μὲν
2767 5158 3014 5226 λέγοντες
3047 5160 3312 5232 κεφαλὴν,
3346 5163 3432 5216 ὃτι
3458 5165 3486 5215 ὁ
3515 5161 3624 5223 νοῦς

347 5250 467 5301 gem
502 5244 556 5288 et
581 5235 924 5306 allegoriam,
971 5246 1208 5291 mentem
1261 5239 1481 5307 quidem
1529 5241 1775 5297 dicentes
1819 5257 1835 5294 ε

2164 5249 2409 5313 κρεῖττον
2457 5245 2552 5298 καὶ
2599 5248 3084 5320 περιεκτικὼτερον
3117 5251 3214 5320 τῆς
3246 5251 3449 5323 ψυχῆς,
3484 5254 3554 5316 ὡς
3593 5254 3622 5321 ἡ

347 5333 537 5394 caput,
569 5327 829 5394 quoniam
865 5342 1018 5380 mens
1050 5337 1134 5380 est
1167 5330 1364 5382 animze
1415 5333 1745 5400 prmcipuum
1781 5343 1831 5386 at

2133 5337 2261 5410 Ιταλὴ
2285 5338 2378 5391 τοῦ
2404 5337 2675 5408 σώματος’
2699 5341 2797 5412 την
2817 5341 2871 5394 δὲ
2892 5342 3068 5408 δόξαν,
3094 5343 3320 5413 αὐχένα,
3344 5347 3428 5398 ὅτι
3449 5345 3621 5412 ὥσπερ

351 5421 887 5487 pnestantissimmn,
921 5423 1065 5475 sicut
1106 5433 1270 5491 caput
1314 5427 1597 5493 corporis;
1630 5425 1834 5494 opinio:

2131 5431 2282 5501 ιύχὴν
2303 5471 2319 5494 ,
2361 5431 2522 5501 μέσον
2554 5434 2655 5504 τῆς
2689 5435 2929 5505 κεφαλῆς
2962 5437 3057 5488 καὶ
3095 5435 3188 5489 τοῦ
3225 5437 3418 5506 ἐτέρου
3452 5436 3619 5505 σώμα-

354 5523 484 5562 vero
517 5513 812 5578 cervicem,
855 5514 981 5581 quia
1026 5516 1168 5569 sicut
1213 5516 1399 5568 cervix
1451 5519 1626 5571 media
1672 5525 1756 5571 est
1801 5518 1842 5570 ii:

2126 5541 2161 5587 ;,
2196 5524 2368 5588 οὕτως
2401 5526 2434 5595 ή
2467 5525 2593 5591 δόξα
2627 5527 2792 5597 μέσον
2833 5529 2927 5582 τοῦ
2975 5529 3065 5582 νοῦ
3111 5532 3205 5582 καὶ
3247 5531 3349 5600 τῆς
3393 5530 3614 5598 ἀλογίας,

357 5615 519 5673 caput
549 5605 927 5674 reliquumque
971 5622 1190 5679 corpus,
1225 5612 1304 5664 sic
1333 5621 1387 5662 et
1423 5609 1609 5677 opinio
1658 5608 1830 5665 media

2152 5615 2259 5685 γὰρ
2307 5618 2408 5687 τῆς
2449 5618 2685 5686 διανοίας
2738 5623 3176 5693 συμπεράσματα
3222 5624 3429 5695 ἀλόγως
3468 5619 3610 5677 οἶδεν·

508 5791 528 5815 ο
568 5779 706 5833 Gen.
743 5795 902 5834 mu.
980 5781 1006 5822 ιι
1043 5782 1177 5837 ῦοπτ.
1218 5800 1244 5836 x
1281 5795 1332 5838 et
1368 5801 1445 5839 ιιι.
1515 5796 1534 5823 α
1577 5786 1696 5839 Gal.
1738 5803 1772 5851 I,
1811 5789 1857 5842 l.
