3768 6318
102 328 199 385 929

676 335 764 390 DE
788 334 1040 391 DlVlNlS
1076 332 1475 400 NOMINIBUS,
1500 333 1653 391 CAP.
1692 333 1781 392 IX.
1823 369 1893 379 ——
1926 339 2270 396 PAllAPllR.
2310 339 2782 398 PACHYMERIE.

3294 340 3397 397 9'50
3438 402 3441 405 ς

99 441 187 493 τὸν
217 440 277 493 δὲ
316 442 493 515 θυμὸν
526 445 843 519 στῆθος,ὅτι
875 447 969 500 καὶ
1000 446 1061 499 τὸ
1098 446 1326 517 θυμικὸν
1359 448 1419 499 ἐν
1457 445 1537 517 τῷ
1575 448 1704 517 στή-
1735 459 1779 512 Α
1808 447 1954 504 inter
2000 453 2267 506 rationem

1887 466 1954 504 .cr
2000 453 2267 506 rationem
2313 462 2367 505 et
2412 452 2972 520 irrationabilitatcm,
3045 454 3431 525 ntelligentiat.

100 535 177 588 θει
212 538 388 602 φασὶν
421 534 562 592 εἶναι
580 557 594 569 ·
620 539 720 611 τὴν
761 540 820 593 δὲ
846 539 1141 611 ἐπιθυμίαν
1168 540 1429 611 γαστέρα,
1464 539 1588 592 ἐπεὶ⁸
1613 541 1707 593 καὶ

99 628 231 695 περὶ
260 629 366 700 τὴν
400 631 643 703 γαστέρα
671 631 764 683 τοῦ
796 629 1045 702 σώματος
1076 630 1137 683 τὸ
1179 630 1574 701 ἐπιθυμητικὸν
1606 648 1705 683 πε-

104 737 459 794 ριγραφουσι·
508 722 608 794 τὴν
638 722 694 775 δὲ
729 721 913 792 φύσιν,
944 722 1107 794 σκέλη
1141 723 1236 775 καὶ
1268 722 1456 787 πόδας,
1491 721 1710 792 δηλοῦν-

100 830 190 877 τες
232 813 495 867 ἐντεῦθεν
538 815 601 867 τὸ
645 814 877 885 βάσιμον
919 815 1013 868 καὶ
1054 814 1266 887 ἑδραῖον
1317 816 1415 887 τῆς
1457 814 1703 885 φύσεωςο

101 905 281 977 πολλῷ
298 924 365 975 γε
390 906 591 978 μᾶλλον
606 909 698 962 ἐπὶ
713 907 847 962 Θεοῦ
862 907 957 962 τοῦ
976 910 1194 963 πάντων
1210 909 1465 963 ἐπέκεινα
1482 909 1709 981 θεοπρε-

100 1000 218 1064 πῶς
233 1000 532 1073 ὀφείλομεν
547 1001 932 1066 ἀναπτύσσειν,
952 1002 1048 1056 καὶ
1064 1002 1474 1074 ἀνακαθαίρειν,
1493 1003 1708 1057 καὶτῶν

102 1093 441 1163 σωματικῶν
469 1092 833 1146 ἀπαλλάττειν
860 1093 922 1146 τὸ
938 1092 1330 1165 θεωρούμενον.
1351 1094 1462 1147 Καὶ
1491 1093 1622 1146 αὐτὸ
1652 1093 1709 1146 δέ

100 1188 160 1240 τὸ
173 1188 339 1259 τριχῆ
357 1187 664 1251 διαστατὸν,
683 1187 821 1257 ὅπερ
836 1186 929 1240 ἐπὶ
957 1185 1066 1240 τῶν
1098 1186 1366 1258 σωμάτων
1393 1186 1538 1250 ἰδίως
1568 1186 1706 1249 ἐστὶ,

102 1280 162 1333 τὸ
194 1280 401 1351 μῆκος,
434 1280 496 1333 τὸ
516 1279 742 1342 πλάτος,
780 1278 876 1332 καὶ
904 1278 965 1331 τὸ
996 1278 1178 1348 βάθος,
1217 1278 1266 1331 εί
1302 1276 1589 1348 βουληθείη
1626 1293 1711 1339 τις

105 1374 378 1446 περιάψαι
396 1374 477 1445 τῷ
494 1374 667 1444 Θείῳ,
702 1372 1021 1444 θεοπρεπῶς
1036 1371 1238 1440 ὀφείλει
1265 1370 1424 1424 τοῦτο
1451 1371 1705 1442 ποιῆσαι·

104 1467 196 1519 καὶ
238 1465 440 1536 νοῆσαι
474 1465 571 1535 μὲν
614 1462 816 1527 πλάτος
856 1463 954 1535 τὴν
995 1462 1358 1535 ὑπερεύρειαν
1411 1464 1493 1526 είς
1534 1463 1709 1516 πάντα

104 1557 195 1611 τοῦ
226 1556 369 1610 Θεοῦ
416 1555 642 1627 πρόοδον
685 1556 767 1619 είς
795 1555 856 1608 τὸ
899 1558 1265 1625 παραγαγεῖν,
1297 1555 1378 1617 εἰς
1417 1555 1479 1607 τὸ
1506 1554 1707 1625 κυϐερ-

104 1652 222 1719 νᾷν,
255 1651 339 1712 είς
370 1649 436 1701 τὸ
480 1648 758 1719 προνοεῖν·
809 1648 982 1719 μῆκος
1022 1648 1078 1701 δὲ
1107 1648 1205 1720 τὴν
1236 1647 1605 1718 ὑπερέχουσαν
1640 1646 1708 1701 τά

108 1742 289 1795 πάντα
332 1739 602 1811 δύναμιν·
649 1739 812 1810 βάθος
852 1740 912 1793 δὲ
955 1740 1053 1812 τὴν
1084 1740 1454 1811 ἀπερίληπτον
1484 1740 1709 1812 κρυφιό-

1809 542 1953 597 enim
1988 546 2250 599 terminos
2279 546 2397 600 sine
2427 546 2845 601 ratiocinatione
2874 546 3058 613 novit;
3092 548 3230 602 iram
3264 536 3429 602 vero

1809 642 2022 703 pectus,
2055 636 2311 704 quoniam
2347 635 2451 690 vim
2504 635 2831 691 irascibilem
2879 637 2931 691 in
2964 649 3185 708 pectore
3230 640 3394 694 sitam

1809 738 1929 780 esse
1976 726 2164 794 aiunt;
2208 727 2707 796 concupiscentiam
2755 741 2887 783 vero
2934 738 3223 794 ventrem,
3269 744 3393 782 cum

1808 829 1906 885 per
1950 827 2194 871 ventrem
2239 831 2455 887 quoque
2512 819 2759 887 corporis
2816 819 2898 875 vis
2957 819 3393 889 concupiscihilis

1810 908 2158 975 designetur;
2193 900 2441 962 naturain
2474 925 2605 963 vero
2635 926 2797 965 crura
2832 913 3127 981 pedesque,
3148 927 3244 981 per
3275 912 3394 967 haec

1810 998 2069 1053 nimirum
2118 1008 2324 1054 natura!
2371 1001 2733 1055 constantiam
2765 1003 3189 1071 ﬁrmitatemque
3219 1002 3392 1072 signi-

1811 1092 2027 1147 ﬁcando
2062 1111 2076 1147 :
2112 1092 2281 1146 multo
2312 1094 2488 1164 magis
2519 1097 2705 1166 utique
2750 1095 2801 1148 in
2847 1096 2956 1150 Deo
2978 1137 2993 1157 ,
3028 1096 3191 1150 rebus
3221 1097 3389 1149 omni-

1809 1185 1911 1238 bus
1942 1183 2328 1249 eminentiore,
2349 1200 2413 1238 eo
2441 1202 2548 1255 quo
2582 1188 2749 1241 Deum
2780 1187 2939 1242 decet
2970 1190 3128 1242 modo
3159 1186 3391 1258 mystico

1809 1274 1928 1329 haec
1955 1274 2249 1343 explicare,
2297 1284 2352 1329 et
2399 1275 2450 1329 id
2500 1278 2643 1345 quod
2692 1278 3093 1342 consideratur,
3140 1278 3209 1331 ab
3253 1277 3400 1331 omni

1812 1375 1872 1415 re
1898 1377 2160 1433 corporea
2195 1362 2432 1417 liberare
2462 1375 2517 1419 et
2562 1367 2883 1421 abstrahere
2914 1368 3195 1422 debemus.
3229 1367 3400 1421 Porro

1812 1455 2078 1523 triplicem
2099 1456 2575 1526 distantiam,quaz
2609 1459 2661 1512 in
2694 1460 3017 1529 corporibus
3042 1463 3265 1530 proprie
3294 1471 3398 1519 est.

1811 1543 2091 1615 longitudo
2111 1555 2159 1599 et
2190 1547 2443 1610 latitudo,
2475 1558 2531 1602 et
2558 1548 2921 1617 profunditas,
2956 1551 3001 1605 si
3034 1553 3156 1618 quis
3186 1552 3294 1605 Deo
3311 1567 3401 1605 ac-

1812 1636 2163 1691 commodare
2184 1638 2433 1704 voluerit,
2451 1655 2513 1693 ea
2532 1655 2637 1708 qua
2661 1640 2826 1695 Deum
2847 1640 3175 1713 deccthg']
3197 1644 3403 1697 ratione

1814 1724 1867 1777 id
1889 1724 2197 1780 faciendum
2224 1738 2328 1796 est;
2348 1737 2397 1782 et
2419 1730 2768 1798 intelligenda
2789 1731 3006 1801 quidem
3037 1733 3289 1796 latitudo,
3310 1750 3403 1787 su-

104 1849 262 1903 τητα.
296 1830 463 1883 Ἀλλὰ
494 1830 731 1894 δέδοικα,
771 1830 844 1901 μὴ
873 1810 1123 1901 λάθωμεν
1153 1810 1380 1895 ἑαυτοὺς
1407 1810 1717 1903 συμιρύρον-
1750 1810 1793 1870 Β
1820 1830 2087 1885 Ρτδίῖυτπη
2137 1829 2276 1872 εκῑει

1892 1831 2087 1885 aquam
2137 1829 2360 1874 extensa
2392 1819 2479 1874 illa
2514 1820 2608 1873 Dei
2641 1821 2708 1874 ad
2740 1837 2828 1875 res
2872 1837 3061 1875 omnes
3095 1825 3404 1893 progressio

102 1939 193 1986 τες
236 1924 309 1976 τά
357 1923 490 1993 περὶ
532 1921 667 1974 Θεοῦ
723 1922 1033 1993 ἁσωμάτως
1098 1921 1421 1993 ὀφειλόμενα
1474 1923 1713 1977 νοεῖσθαι

101 2017 221 2078 ταῖς
275 2014 369 2067 διὰ
416 2013 702 2085 ωμὸόλων
757 2014 1032 2084 αἰσθητῶν
1086 2014 1469 2080 ἀναπτύξεσιν.
1506 2017 1714 2084 Ἤγουν

103 2105 531 2176 ἁναπτύσσομεν
559 2104 619 2158 τὸ
662 2105 882 2171 πλάτος,
916 2106 949 2176 ἢ
979 2106 1039 2159 τὸ
1071 2107 1263 2177 μῆκος,
1294 2107 1327 2177 ἢ
1375 2107 1435 2159 τὸ
1464 2106 1646 2177 βάθος,
1678 2108 1712 2179 ἢ

104 2196 323 2258 ἇλλοτι,
348 2194 668 2267 βουλδμενοι
697 2196 889 2263 ἀνάξαι
919 2197 1057 2250 αὐτὰ
1085 2196 1195 2250 ἀπὸ
1220 2198 1329 2251 τῶν
1361 2198 1707 2268 σωματικῶν·

106 2288 200 2341 καὶ
230 2288 421 2351 πάλιν,
461 2290 536 2359 μὴ
567 2289 742 2352 ἄλλως
771 2288 985 2359 ἔχοντες
1012 2288 1193 2358 λέγειν
1211 2329 1225 2353 ,
1260 2289 1389 2359 περὶ
1417 2289 1485 2342 τὰ
1525 2306 1713 2359 σωμα-

104 2382 230 2435 τικὰ
278 2381 680 2452 καταντῶμεν,
724 2372 955 2453 πρόοδον
998 2381 1246 2450 λέγοντες
1282 2381 1536 2452 δύναμιν,
1579 2400 1712 2455 κρυ-

106 2474 357 2544 φιότητα,
406 2474 503 2527 καὶ
532 2474 600 2527 τὰ
628 2473 888 2537 τοιαῦτα,
920 2474 956 2528 ἃ
997 2474 1061 2545 δὴ
1103 2476 1198 2529 καὶ
1239 2475 1379 2527 αὐτὰ
1424 2475 1712 2545 σωματικά

106 2567 267 2629 εἰσιν,
302 2568 353 2618 εί
372 2566 472 2619 καὶ
503 2565 815 2637 ὑψηλότερα
844 2565 955 2619 τῶν
988 2568 1270 2639 προτέρων
1290 2585 1302 2598 ·
1335 2568 1415 2620 διὸ
1444 2568 1572 2638 περὶ
1594 2568 1712 2622 τού-

106 2673 213 2709 των
242 2659 304 2709 ὲν
350 2657 535 2720 ἄλλοις
579 2657 816 2728 εἴρηται.
869 2656 985 2709 Νῦν
1024 2656 1081 2709 δὲ
1124 2658 1421 2729 ἑτερότητα
1459 2657 1711 2726 λέγοντες

107 2748 195 2800 ἐπὶ
227 2747 394 2813 Θεοῦ,
431 2748 506 2819 μὴ
540 2747 999 2817 ὑποπτεύσωμεν,
1030 2748 1112 2801 ὅτι
1144 2749 1223 2811 είς
1253 2748 1439 2817 ἕτερον
1467 2748 1562 2801 καὶ
1589 2749 1711 2801 ἓτε-

111 2856 197 2908 ρον
226 2838 541 2891 ἀλλοιοῦται
570 2838 632 2891 τὸ
661 2838 836 2903 Θεῖον,
868 2836 1004 2890 ἀλλὰ
1034 2837 1115 2901 τὸ,
1152 2839 1211 2889 ἐν
1239 2840 1305 2908 τῇ
1338 2839 1513 2910 οἰκείᾳ
1540 2838 1737 2892 ἀπλό-·

109 2946 228 2999 τητι
277 2930 514 3000 μένοντα
551 2929 645 2984 τὸν
687 2929 841 2992 Θεὸν,
888 2928 958 2981 τὰ
999 2929 1219 2981 ποικίλα
1260 2931 1356 2983 καὶ
1395 2930 1711 2985 παντοδαπὰ

108 3025 219 3095 είδη
252 3024 354 3095 τῆς
395 3024 629 3086 κτίσεως
659 3024 1028 3092 παραγαγεῖν.
1064 3020 1438 3093 ἐμφαίνομεν·
1483 3022 1710 3094 πρόοδον

109 3116 213 3185 γὰρ
243 3115 398 3184 λέγει
429 3115 531 3186 τὴν
562 3115 697 3185 πρὸς
724 3114 786 3167 τὸ
816 3115 1002 3176 κτίσαι⁴
1029 3113 1098 3167 τὰ
1134 3114 1309 3167 πάντα
1353 3113 1514 3167 οἱονεὶ
1555 3114 1712 3184 κίνη-

109 3223 188 3261 σιν
218 3208 317 3261 καὶ
344 3208 550 3279 ὁρμήν.

111 3301 411 3369 permutari
450 3339 466 3364 ,

112 3389 419 3457 producere
476 3388 853 3458 signiﬁcamus
898 3406 911 3442 :

110 3482 355 3536 omnium
390 3483 732 3535 creationem

173 3575 203 3646 ξ
238 3573 328 3628 VI.
370 3574 598 3645 Ὅμοιον
629 3575 686 3627 δὲ
717 3574 810 3627 τὸν
842 3576 973 3628 Θεὸν
1005 3577 1055 3629 εί
1091 3576 1189 3647 μὲν
1216 3576 1291 3640 ὠς
1324 3576 1484 3629 αὐτὸν
1530 3575 1707 3646 ἐαυτῷ

110 3668 221 3719 ὅλον
256 3666 327 3719 δι’
360 3666 488 3718 ὅλου
524 3666 670 3719 εἴποι
703 3684 807 3730 τις,
842 3668 943 3720 οὐκ
989 3668 1320 3738 ἁτιμαοτέον
1364 3667 1462 3737 τὴν
1509 3668 1710 3720 θεωνυο

115 3758 257 3826 μίαν.
298 3758 527 3829 Ὅμοιον
574 3757 632 3809 δέ
676 3774 783 3810 τινι
826 3758 937 3812 τῶν
980 3759 1151 3812 ὄντων
1186 3759 1305 3822 πῶς
1353 3760 1416 3815 τὸ
1447 3759 1599 3812 Θεῖον
1631 3759 1712 3811 λε-

113 3847 405 3919 χθήσεταις
443 3846 568 3900 ἐπεί
600 3847 683 3899 τοί
715 3864 777 3914 γε
799 3850 832 3918 ἡ
856 3847 975 3900 θεία
1009 3848 1220 3919 Γραφὴ,
1256 3848 1333 3911 ὼς
1366 3848 1452 3901 ἀεὶ
1484 3848 1576 3900 τὸν
1609 3848 1708 3900 αὐ-

113 3938 196 3989 τὸν
229 3936 613 3999 ἁναλλοιώτως
645 3936 806 4001 ὄντα,
841 3937 1096 4009 ἀνόμοιον
1130 3937 1262 3990 πᾶσί
1299 3954 1486 4007 φησιν,
1522 3940 1580 3990 ἐν
1611 3937 1710 4009 τῷ,

120 4030 210 4094 Τίς
232 4028 440 4097 ὅμοιός
469 4045 569 4081 σοι
597 4028 667 4080 ἐν
700 4028 879 4093 θεοῖς,
910 4029 1090 4096 Κύριε
1107 4044 1126 4091 ;
1158 4029 1254 4081 καὶ
1286 4028 1471 4092 πάλιν,
1501 4029 1619 4080 Τίνι
1638 4045 1716 4096 με

115 4117 493 4187 ὡμοιώσατε;
517 4118 682 4189 λέγει
710 4120 948 4186 Κύριοςο
974 4120 1069 4171 καὶ
1090 4120 1269 4173 πάλιν·
1304 4119 1444 4188 Ἐγὼ
1473 4119 1716 4188 ὁράσεις

113 4210 450 4276 ἐπλήθυνα,
474 4211 574 4264 καὶ
603 4211 674 4263 ἐν
692 4211 865 4280 χερσὶ
900 4210 1020 4264 τῶν⁹
1040 4210 1364 4281 προφητῶν
1386 4210 1710 4280 ὠμοιώθηνυ

114 4304 377 4365 τουτέσιν,
427 4304 488 4357 Ὁ
520 4304 688 4367 αὐτὸς
720 4302 832 4371 ἐγὼ
853 4302 1096 4374 ἐμαυτῷ,
1131 4303 1208 4366 ὡς
1240 4304 1533 4373 Εἰρηναῖος
1565 4302 1714 4371 λέγει

1819 1922 1940 1961 cum
1963 1908 2016 1961 in
2039 1911 2533 1977 producendo,tum
2555 1912 2606 1965 in
2626 1911 3000 1981 gubernando,
3021 1924 3132 1967 tum
3153 1915 3203 1969 in
3226 1915 3405 1986 provi—

1816 1999 2025 2066 dendo;
2059 2001 2336 2072 longitudo
2365 2017 2516 2068 vero,
2548 2005 2793 2072 potentia
2825 2004 2916 2058 illa
2948 2022 3067 2076 qua}
3098 2021 3185 2061 res
3213 2021 3405 2062 omnes

1813 2107 2062 2163 Superat;
2099 2098 2443 2167 profunditas
2502 2117 2670 2169 vero,
2729 2120 2989 2161 arcanum
3062 2107 3192 2162 illud
3246 2107 3401 2176 quod

1817 2202 2201 2269 comprehendi
2236 2203 2445 2273 nequit.
2480 2202 2587 2259 Sed
2620 2219 2812 2258 vereor
2843 2220 2909 2259 ne
2943 2221 3041 2260 nos
3073 2207 3219 2275 ipsos
3247 2210 3403 2279 igno-

1817 2307 2026 2359 remus,
2055 2308 2118 2348 ea
2150 2311 2273 2363 qua:
2299 2297 2365 2350 de
2398 2296 2508 2350 Deo
2538 2297 2861 2365 incorporeo
2905 2301 3069 2353 modo
3101 2299 3401 2371 intelligere

1817 2384 2078 2441 debemus
2148 2388 2430 2442 sensilium
2503 2390 2876 2460 symbolorum
2950 2392 3406 2462 explicationibus

1817 2478 2253 2533 commiscentes.
2308 2480 2662 2549 Explicamus
2710 2482 2877 2550 igitur
2910 2482 3284 2549 latitudinem,
3319 2486 3405 2540 vel

1814 2567 2244 2640 longitudinem,
2290 2573 2372 2627 vel
2420 2573 2881 2642 profunditatem,
2926 2575 3009 2628 vel
3053 2575 3198 2630 aliud
3249 2577 3407 2645 quiil-

1815 2663 1983 2730 piam,
2019 2664 2144 2717 dum
2178 2680 2207 2716 a
2257 2664 2419 2719 rebus
2469 2666 2750 2733 corporeis
2782 2667 2869 2718 illa
2908 2667 3159 2722 volumus
3191 2669 3406 2722 abstra-

1815 2754 1983 2820 here;
2014 2764 2068 2808 et
2117 2770 2240 2808 cum
2274 2755 2435 2809 aliter
2477 2756 2674 2811 ell‘erre
2724 2772 2830 2811 non
2865 2759 3161 2827 possimus,
3194 2774 3405 2814 rursum

1815 2845 1882 2898 ad
1915 2859 2177 2913 corporea
2210 2846 2635 2913 redimusldum
2686 2862 3001 2917 processum
3034 2850 3270 2904 dicimus
3300 2852 3413 2905 vir-

1816 2942 2012 2999 tutem,
2046 2950 2332 3002 arcanum,
2368 2946 2424 2992 et
2452 2938 2679 3004 similia,
2712 2956 2833 3007 qua:
2875 2943 3063 3009 utique
3097 2943 3261 2997 etiam
3292 2943 3410 3013 ipsa

1813 3040 2076 3096 corporea
2107 3038 2258 3092 sunt,
2292 3028 2422 3084 licet
2474 3030 2753 3099 prioribus
2803 3032 3151 3087 sublimiora.
3209 3034 3409 3089 Verum

1814 3116 1880 3170 de
1913 3116 1998 3171 his
2028 3116 2155 3171 alibi
2188 3118 2420 3171 dictum.
2455 3118 2614 3172 Modo
2658 3134 2790 3174 vero
2819 3121 3149 3176 alteritatem
3182 3124 3251 3179 de
3298 3124 3411 3179 Deo

1735 3189 1779 3247 ο
1812 3208 2083 3272 dicentes,
2117 3223 2185 3263 ne
2213 3210 2558 3278 suspicemur
2595 3212 2761 3267 Deum
2793 3214 2847 3267 in
2880 3214 3027 3268 aliud
3057 3228 3224 3284 atque
3255 3218 3404 3271 aliud

528 3299 625 3353 sed
694 3298 748 3351 in
820 3297 1042 3368 propria
1113 3296 1462 3366 simplicitate
1524 3304 1985 3366 permanentem,
2029 3298 2275 3353 diversas
2338 3307 2396 3353 et
2468 3302 2813 3357 omnimodas
2871 3306 3082 3374 species
3146 3318 3413 3361 creaturae

960 3403 1311 3459 progressqu
1374 3389 1519 3443 enim
1582 3388 1718 3443 dicit
1769 3388 1944 3458 ipsam
2000 3390 2168 3446 veluti
2201 3393 2497 3447 motionem
2547 3403 2598 3447 et
2635 3397 3061 3466 prOpensionem
3115 3399 3182 3452 ad
3230 3414 3412 3453 rerum

1887 3569 1915 3641 ς
1955 3568 2042 3624 Vl.
2090 3568 2334 3623 Similem
2368 3584 2498 3623 vero
2544 3570 2711 3625 Deum
2765 3571 2808 3625 si
2860 3571 2981 3641 quis
3028 3573 3249 3639 dixerit,
3293 3584 3411 3629 tan-

1813 3677 1975 3731 quam
2034 3662 2135 3716 sihi
2189 3671 2363 3715 totum
2397 3677 2496 3730 per
2528 3672 2702 3717 totum
2752 3664 3119 3729 conl'onttem,
3171 3664 3276 3719 tale
3316 3681 3416 3719 no-

1816 3769 1938 3808 men
1966 3753 2064 3807 Dei
2093 3754 2318 3808 minime
2348 3754 2754 3822 aspernandmn
2793 3763 2897 3809 est.
2946 3757 3232 3821 Quomodo
3281 3770 3414 3809 vero

1816 3845 1965 3900 Deus
2005 3845 2167 3899 alicui
2199 3846 2275 3898 rei
2310 3845 2506 3899 similis
2539 3847 2642 3898 dici
2683 3845 2902 3914 possit?
2938 3846 3202 3913 quoniam
3230 3847 3412 3899 divina

1824 3936 2143 4006 Scriptura,
2200 3947 2457 4004 tanquam
2508 3951 2724 4004 semper
2773 3936 3029 3990 eumdem
3074 3937 3194 3990 sine
3241 3948 3416 3991 muta-

1821 4030 1990 4091 tione,
2022 4026 2277 4082 onmibus
2326 4026 2645 4082 dissimilem
2694 4028 2851 4091 dicit,
2897 4036 2957 4081 ut
3001 4028 3054 4081 in
3100 4028 3235 4082 illo:
3278 4028 3412 4094 Quis

1817 4119 2008 4173 similis
2051 4117 2148 4171 tibi
2182 4120 2237 4170 in
2269 4118 2396 4182 diis,
2424 4117 2686 4171 Domine?
2717 4116 2743 4155 ἀ
2778 4133 2843 4172 at:
2889 4119 3084 4172 iterum
3128 4137 3141 4173 :
3193 4121 3289 4173 Cui
3331 4136 3414 4174 me

1816 4210 2196 4264 assimilastis?
2241 4211 2412 4278 inquit
2471 4209 2730 4263 Dominus
2770 4221 2830 4275 ος
2879 4219 2935 4264 ct
2990 4226 3180 4265 rursus
3234 4227 3249 4266 :
3298 4209 3414 4280 Ego

1816 4304 2043 4355 visiones
2075 4301 2442 4368 multiplicari,
2472 4310 2518 4354 et
2544 4302 2596 4353 in
2629 4302 2874 4355 manibus
2900 4303 3279 4371 prapltetarum
3324 4320 3415 4356 as-

113 4395 167 4446 ὲν
198 4397 315 4457 τοῖς
336 4395 503 4449 Κατὰ
530 4394 835 4462 αἱρέσεως.
860 4395 1015 4447 Οὕτω
1030 4394 1108 4457 δὲ,
1127 4395 1203 4458 ὼς
1234 4396 1334 4448 οὐκ
1365 4395 1513 4448 ἔστιν
1537 4396 1722 4466 ὅμοιος
1754 4407 1799 4462 ι)
1826 4396 2089 4450 similatus
2118 4394 2199 4461 [ui
2231 4392 2249 4429 τ
2271 4410 2276 4457 ς

1887 4396 2089 4447 mitam:
2118 4394 2199 4461 [ui
2231 4392 2286 4457 f;
2339 4394 2390 4447 id
2421 4402 2528 4459 est,
2564 4394 2705 4447 idem
2740 4410 2840 4463 ego
2872 4396 3008 4449 mihi
3036 4396 3167 4464 ipsi,
3216 4405 3273 4449 ut
3303 4398 3415 4449 lrc-

114 4485 307 4550 οὺδενὶ,
359 4486 623 4557 δωρεῖται
654 4485 752 4556 τὴν
797 4485 1093 4557 ὁμοιότητα
1126 4489 1239 4549 τοῖς
1271 4487 1358 4539 ἐπ’
1393 4488 1556 4541 αὐτὸν
1588 4490 1710 4540 ἐπι-ι

116 4576 526 4647 στρεφομένοις.
584 4574 742 4639 Πῶς;
778 4575 936 4628 Κατὰ
987 4576 1219 4646 μίμησιν
1251 4576 1351 4647 τὴν
1383 4577 1524 4630 κατὰ
1557 4578 1712 4631 δύνα-

118 4680 207 4731 μιν
253 4664 362 4717 τῶν
414 4664 581 4718 θείων
625 4664 851 4718 ἐκείνων
898 4665 993 4717 καὶ
1040 4666 1181 4737 ὑπὲρ
1230 4667 1406 4719 πάντα
1456 4668 1582 4739 ὅρον
1620 4670 1715 4720 καὶ

114 4756 270 4826 λόγον
304 4758 686 4829 ὑπαρχόντων,
723 4758 863 4811 κατὰ
895 4759 975 4823 τὸ,
1010 4760 1270 4813 Γίνεσθε
1312 4758 1527 4813 τέλειοι
1548 4800 1562 4825 ,
1596 4762 1711 4821 καὶ,

116 4852 371 4905 Γίνεσθε
397 4852 773 4921 οἶκτίρμονες
796 4854 876 4918 ὡς
898 4857 929 4907 ό
946 4851 1147 4920 Πατὴρ
1161 4852 1330 4921 ὑμῶν
1355 4856 1389 4906 ό
1412 4853 1707 4921 οὐράνιος·

118 4944 262 5013 amp
295 4944 386 4995 ἐπί
417 4943 557 4996 Θεοῦ
594 4944 693 5014 μὲν
744 4946 953 5015 κυρίως
1000 4944 1096 4998 καὶ
1146 4944 1289 5016 ὑπὲρ
1334 4946 1515 5013 πάντα
1556 4946 1711 5013 λόγον

1819 4500 1967 4539 meus
2016 4484 2150 4537 dicit
2202 4483 2253 4536 in
2306 4483 2460 4537 libris
2516 4482 2714 4537 Contra
2753 4485 3001 4540 haereses.
3052 4487 3186 4540 Cum
3232 4498 3414 4541 autent

1820 4593 1926 4632 non
1964 4576 2037 4629 sit
2080 4575 2280 4630 similis
2330 4573 2443 4637 ulli,
2470 4575 2884 4630 similitudinem
2926 4579 2994 4631 ad
3041 4591 3101 4631 se
3133 4578 3417 4632 conversis

1819 4669 2107 4737 elargitur.
2170 4667 2501 4733 Quomodo?
2548 4669 2861 4722 Secundmu
2937 4669 3303 4723 imitationem
3359 4679 3417 4723 ct

1820 4762 2079 4815 virtutem
2139 4761 2371 4813 istarum
2422 4777 2605 4815 rerum
2637 4760 2945 4814 divinarum
2980 4775 3101 4828 qua?
3138 4762 3414 4815 rationem

1818 4866 2036 4908 Omnem
2073 4851 2480 4915 terutinumque
2512 4850 2985 4917 exccdttnt,juxta
3015 4850 3147 4903 illud
3180 4867 3195 4905 :
3232 4849 3417 4903 Estote

1816 4943 2031 5012 perfecti
2064 4944 2129 5010 ες
2169 4952 2223 4997 et
2261 4964 2273 4996 :
2308 4940 2490 4994 Estote
2519 4943 2881 4995 misericordes
2927 4943 3062 4995 sicut
3114 4942 3281 4995 Pater
3331 4955 3418 4992 ve-

117 5034 209 5087 καὶ
239 5035 386 5105 ὃρονυ
422 5034 547 5088 οὐδὲ
580 5035 692 5106 γὰρ
743 5037 896 5089 τόσον
929 5038 962 5108 ἦ
995 5038 1150 5090 τόσον
1196 5038 1343 5090 ἐστὶν
1394 5038 1481 5091 ἐπ’
1515 5038 1709 5107 ἐκείνῳ
1808 5048 1920 5093 ster
1935 5036 2154 5089 rwlestis
2193 5036 2244 5089 δ.

1887 5036 2154 5091 ’τεωιεειὶε
2193 5036 2244 5089 δ.
2292 5036 2423 5100 Quae
2466 5034 2518 5087 in
2570 5037 2682 5088 Deo
2727 5033 2944 5103 quidem
2977 5036 3198 5105 proprie
3235 5042 3417 5088 etsu-

116 5125 176 5177 τὸ
206 5126 494 5197 οίκτίρμον
527 5126 561 5195 ἤ
593 5126 656 5179 τὸ
685 5127 910 5191 τέλειον,
946 5128 1059 5180 ἀλλ’
1092 5128 1492 5200 ἀπεριόριστον·
1528 5132 1620 5183 ἐπὶ
1651 5130 1707 5183 δὲ

116 5216 224 5269 τῶν
256 5219 576 5288 κτισμάτων
624 5218 768 5272 κατὰ
815 5220 914 5291 τὴν
959 5221 1190 5274 ἑκάστου
1226 5222 1459 5294 σπουδὴν
1492 5225 1586 5276 κα)⁸
1616 5223 1705 5276 δύ-

120 5327 302 5379 ναμιν.
338 5311 419 5363 Τὰ
452 5311 586 5379 γοῦν
621 5313 983 5383 παραγόμενα
1020 5314 1211 5385 ῥητέον
1243 5315 1403 5385 ὅμοια
1436 5315 1575 5385 Θεῷ,
1611 5316 1710 5367 αὐ-

119 5407 229 5466 τοῖς
261 5404 319 5457 δὲ
350 5406 443 5458 τὸν
477 5404 613 5457 Θεὸν
645 5405 830 5475 ὅμοιον
855 5406 916 5458 οὐ
954 5408 1165 5477 ῥητέον,
1181 5408 1263 5460 ὅτι
1296 5407 1418 5460 οὐδὲ
1448 5409 1477 5459 ὁ
1509 5407 1716 5478 ἄνθρω-

122 5513 223 5561 πος
252 5500 437 5569 ὅμοιος
469 5503 541 5571 τῇ
574 5500 746 5553 εἰκόνι
779 5499 966 5563 αὑτοῦ,
992 5502 1025 5570 ἡ
1047 5500 1103 5553 δὲ
1138 5500 1301 5554 εἰκὼν
1334 5502 1496 5571 ὁμοία
1527 5500 1604 5571 τῷ
1626 5502 1717 5553 άν-

393 5591 519 5644 Ἐπὶ
551 5588 664 5661 γὰρ
695 5590 803 5643 τῶν
836 5591 1121 5659 ὁμοταγῶν
1155 5594 1251 5645 καὶ
1282 5591 1570 5661 ὁμοφύλων
1616 5591 1720 5644 Πέ-

195 5782 223 5821 ει
260 5783 396 5839 l‘sal.
433 5800 637 5849 Lxxxv,
669 5789 729 5841 7.
808 5797 831 5824 ε
868 5786 990 5841 lsai.
1030 5802 1173 5854 XLVI,
1212 5790 1264 5843 5.

1834 5142 1930 5196 pra
1974 5142 2194 5184 omnem
2246 5127 2538 5182 terminum
2571 5136 2624 5178 et
2653 5127 2953 5192 rationem;
2992 5144 3096 5181 non
3123 5127 3266 5181 enim
3301 5137 3413 5179 tan-

1817 5234 1932 5279 tum
1959 5221 2046 5276 vel
2090 5232 2298 5276 tantmn
2343 5223 2395 5275 in
2445 5222 2537 5275 illo
2564 5231 2649 5276 est
2691 5222 3070 5277 misericordia
3093 5222 3180 5276 vel
3239 5217 3423 5287 perle-

1817 5317 1947 5381 ctio,
1970 5314 2065 5368 sed
2111 5314 2357 5380 inﬁnita;
2402 5316 2454 5369 in
2499 5314 2773 5369 creaturis
2823 5329 2954 5369 vero
2998 5330 3098 5385 pro
3149 5311 3418 5380 cujusque

1826 5405 2008 5459 studio
2038 5414 2096 5460 et
2134 5406 2417 5462 facultate.
2456 5405 2581 5460 Haec
2616 5408 2803 5474 itaque
2836 5421 2957 5476 quae
3002 5407 3233 5459 adducta
3264 5411 3419 5466 sunt,

1823 5498 2055 5553 dicenda
2104 5509 2232 5555 sunt
2288 5499 2401 5555 Deo
2458 5500 2686 5564 similia,
2723 5515 2830 5555 non
2882 5508 3062 5555 autem
3119 5500 3186 5553 iis
3224 5495 3422 5551 similis

1824 5590 2093 5647 dicendus
2137 5603 2221 5648 est
2279 5593 2456 5656 Deus;
2504 5593 2763 5661 quoniam
2807 5607 2982 5663 nequc
3016 5592 3183 5649 homo
3217 5588 3421 5648 similis

1349 5790 1368 5827 τ
1406 5788 1544 5843 Ose.‘
1569 5803 1669 5853 xit,
1709 5787 1796 5844 10.
1866 5789 1890 5827 ⁸
1925 5785 2117 5845 Matth.
2154 5806 2207 5855 γ,
2244 5791 2334 5847 48.
2412 5793 2437 5832 h
2474 5792 2608 5848 Luc.
2648 5806 2720 5857 vr,
2757 5789 2845 5845 '56.
