3768 6326
377 306 476 365 951

1556 306 1613 361 S.
1661 306 1962 363 DIONYSII
2002 308 2468 367 AREOPAGITAE
3559 324 3647 380 952

377 430 462 477 est
492 418 713 489 imagini
743 433 875 485 sua),
924 419 1016 474 sed
1052 418 1233 489 imago
1257 418 1454 474 similis
1497 430 1582 473 est
1615 421 1842 475 homini.

2126 439 2197 473 >0u
2253 426 2413 496 τυχὸν
2459 427 2553 479 καὶ
2602 426 2816 482 Παύλου
2838 470 2852 493 ,
2898 430 3122 485 δυνατὸν
3171 432 3555 504 ἀντιστρέφειν
3597 437 3647 490 τὸ

379 507 604 579 quidem
630 508 682 560 in
712 507 779 560 iis
810 522 929 575 qua:
961 506 1205 575 ejusdem
1231 508 1443 563 ordinis
1471 518 1529 562 et
1550 510 1775 578 aequalia
1798 509 1872 581 ιε

2126 536 2273 583 ιοιον,
2308 520 2403 571 καὶ
2437 522 2799 591 προηγεῖσθαι
2831 523 3057 593 θάτερον
3091 524 3347 597 θατέρου.

379 608 532 663 sunt,
574 600 755 665 Petro,
798 599 949 654 verbi
988 599 1187 669 gratia,
1234 610 1291 655 et
1336 600 1523 663 Paulo,
1558 612 1736 672 potest
1771 604 1967 659 simili-

378 695 509 747 tudo
535 691 885 760 reciprocari,
922 692 1241 747 alterutrum
1274 693 1523 749 alterutri
1558 697 1821 765 praeferri.

447 783 474 854 §
503 783 609 836 VII.
674 784 731 837 In
772 799 939 838 causa
971 800 1103 838 vero
1132 785 1198 839 ad
1228 786 1457 840 effectus
1494 802 1838 857 nequaquam
1870 791 1967 844 ad-

378 877 653 931 mittemus
690 878 1001 934 istiusmodi
1054 881 1566 950 reciprocationem,
1600 884 1694 936 sed
1734 883 1964 938 eli'ectus

2138 781 2165 853 §
2202 781 2308 836 VII.
2359 783 2480 835 Ἐπὶ
2512 783 2568 836 δὲ
2600 784 2695 837 τοῦ
2742 786 2913 839 αἰτίου
2959 788 3053 840 καὶ
3101 788 3210 841 τῶν
3262 790 3535 844 αίτιατῶν
3563 793 3646 845 οὐκ

2066 876 2438 948 ἀποδεξόμεθα
2470 878 2567 948 τὴν
2600 878 2996 951 ἀντιστροφὴν,
3032 881 3167 934 ἀλλά
3202 881 3272 935 τά
3309 884 3415 952 μὲν
3450 885 3645 939 αίτιατά

375 968 591 1034 quidem
625 969 805 1024 causis
851 986 972 1025 esse
1013 971 1239 1037 similes,
1302 988 1529 1027 causam
1582 989 1712 1029 vero
1758 974 1872 1029 eﬂ‘ec

2126 984 2231 1020 ιοια
2279 966 2357 1037 τῷ
2402 969 2559 1040 αἰτίῳ
2608 970 2888 1040 εἴποιμεν,
2938 971 3001 1023 τὸ
3031 971 3087 1023 δὲ
3120 968 3299 1025 αἴτιον
3334 974 3440 1044 οὐχ
3483 975 3647 1045 ὅμοιον

378 1058 609 1113 similem
638 1076 980 1131 nequaquam
1014 1062 1271 1127 dicimus;
1308 1064 1433 1131 quia
1467 1077 1574 1117 non
1613 1074 1697 1118 est
1718 1064 1961 1133 :eqnalis,

372 1150 468 1204 sed
502 1151 675 1221 major
701 1160 785 1205 est
821 1153 915 1222 qui
942 1152 1035 1204 dat
1065 1168 1228 1221 quam
1253 1168 1373 1222 quae
1410 1155 1737 1224 participant
1772 1174 1786 1210 :
1824 1157 1961 1211 Deus

371 1254 502 1295 vero
534 1244 777 1297 omnium
808 1246 987 1313 quoad
1022 1246 1306 1300 entitatem
1344 1246 1604 1300 similium
1637 1263 1803 1301 causa
1851 1256 1959 1312 est,

369 1344 423 1387 et
454 1334 623 1403 ipsius
675 1351 771 1405 per
804 1353 863 1392 se
897 1339 1277 1393 similitudinis
1326 1338 1571 1393 eil‘ector.
1617 1340 1769 1395 Solet
1812 1344 1958 1397 enim

370 1425 462 1479 hic
508 1424 671 1482 Pater
718 1430 887 1483 Deum
920 1430 1105 1485 dicere
1149 1430 1199 1484 id
1245 1432 1389 1500 quod
1419 1446 1513 1500 per
1537 1445 1596 1486 se
1626 1440 1730 1497 est,
1760 1442 1815 1487 et
1844 1431 1960 1501 ejus

368 1520 514 1587 quod
568 1535 664 1589 per
718 1537 777 1577 se
830 1532 916 1577 est
958 1524 1319 1588 conditorem,
1382 1535 1438 1577 et
1481 1541 1577 1593 per
1603 1540 1662 1579 se
1688 1527 1878 1590 vitam,
1904 1536 1960 1580 et

367 1626 467 1681 per
491 1628 549 1667 se
584 1614 708 1667 vita:
750 1623 1081 1669 creatorem.
1115 1614 1240 1670 Ilaec
1269 1625 1450 1670 autem
1483 1616 1638 1682 dicit,
1663 1634 1768 1671 non
1812 1619 1958 1688 quod

371 1700 522 1755 dicat
546 1701 715 1755 Deum
744 1703 1017 1757 diversam
1047 1704 1267 1773 quidem
1298 1719 1419 1758 esse
1462 1704 1653 1768 vitam,
1684 1720 1749 1760 ac
1777 1706 1956 1760 diver-

2062 1061 2174 1121 τοῖς
2206 1059 2488 1123 αίτιατοῖςο
2524 1061 2643 1113 οὐδὲ
2676 1061 2785 1131 γάρ
2829 1062 3099 1127 ὲξισάζει,
3144 1064 3259 1116 ἀλλ’
3295 1066 3394 1118 ἐπὶ
3445 1067 3598 1120 πλέον
3622 1070 3647 1121 6

2062 1152 2239 1216 διδοὺς
2284 1152 2393 1206 τῶν
2430 1155 2762 1224 μετεχόντων
2822 1155 2957 1208 ἐστί.
3008 1157 3147 1209 Πᾶσι
3193 1156 3307 1229 γάρ
3371 1158 3472 1211 τοῦ
3524 1156 3643 1212 εἶναι

2060 1245 2267 1315 ὁμοίοις
2301 1246 2472 1309 αἴτιος
2503 1249 2531 1300 6
2574 1246 2726 1309 Θεὸς,
2752 1248 2843 1300 καὶ
2876 1248 3047 1319 αὐτῆς
3066 1250 3163 1319 τῆς
3196 1251 3644 1322 αύτοομοιότητος

2063 1334 2388 1405 ὑποστάτης.
2430 1335 2591 1398 Ἔθος
2623 1336 2730 1407 γάρ
2750 1337 2827 1406 τῷ
2861 1338 3034 1407 Πατρὶ
3066 1339 3155 1390 τὸν
3178 1338 3315 1392 Θεὸν
3349 1339 3535 1406 λέγειν
3565 1340 3645 1392 καὶ

2061 1427 2271 1492 αύτοὸν,
2301 1427 2395 1480 καὶ
2426 1428 2519 1480 τοῦ
2553 1428 2822 1481 αύτοεῖναι
2858 1430 3188 1499 ὑποστάτην,
3224 1432 3323 1483 καὶ
3356 1431 3643 1500 αύτοξωὴν,

2060 1520 2153 1573 καὶ
2182 1520 2283 1591 τῆς
2315 1520 2592 1591 αύτοζωῆς
2626 1522 2953 1592 ὑποστάτην.
2976 1522 3113 1593 Φησὶ
3144 1522 3202 1574 δὲ
3234 1522 3440 1585 ταῦτα,
3478 1525 3645 1593 ούχώς

2058 1610 2252 1683 ἑτέραν
2288 1612 2385 1682 μὲν
2418 1612 2645 1680 φάσκων
2678 1611 2822 1682 ζωὴν
2855 1612 3021 1664 αὐτὸν
3053 1612 3143 1664 τὸν
3175 1612 3335 1677 Θεὸν,
3374 1614 3568 1684 ἑτέραν
3597 1615 3646 1667 δὲ

2060 1702 2340 1774 παρῆχθαι
2374 1701 2518 1773 ζωὴν
2550 1701 2783 1772 ούσιώδη
2802 1703 2895 1756 καὶ
2928 1702 3089 1755 οἱονεὶ
3120 1703 3497 1760 ένυπὸστατον
3529 1705 3643 1775 περὶ

365 1808 484 1846 sam
514 1792 582 1845 ab
624 1806 689 1846 eo
735 1794 908 1846 vitam
951 1794 1297 1848 essentialem
1345 1794 1513 1848 fuisse
1545 1795 1867 1862 productam

2126 1813 2144 1845 ν
2191 1794 2346 1859 Θεὸν,
2381 1789 2449 1865 ἧς
2499 1794 2714 1864 μετέχει
2760 1792 2828 1845 τά
2878 1793 3024 1863 ζωῆς
3074 1794 3395 1864 μετέχον-ια’
3435 1794 3547 1847 ἀλλ’
3578 1794 3643 1857 ὡς

366 1883 523 1950 quasi
576 1884 963 1937 subsistentem
1016 1884 1069 1939 in
1124 1885 1255 1949 Deo,
1316 1900 1480 1954 quam
1524 1887 1857 1955 participent
1887 1902 1952 1942 ea

363 1989 485 2043 qua:
510 1974 684 2028 vitam
729 1976 1103 2046 participant;
1162 1978 1280 2041 sed,
1316 1979 1459 2032 sicut
1495 1978 1734 2048 seipsqu
1778 1980 1953 2049 expli-

364 2074 455 2120 cat
488 2070 667 2135 capite
700 2069 1011 2132 undecimo,
1044 2070 1189 2124 Deus
1232 2070 1431 2124 dicitur
1466 2071 1581 2139 ipsa
1620 2072 1752 2138 vita,
1792 2083 1954 2141 atque

362 2157 486 2228 ipsa
543 2160 737 2224 virtus,
790 2170 956 2230 atque
1002 2160 1115 2230 ipsa
1168 2161 1491 2227 similitudo,
1543 2172 1797 2231 tanquam
1848 2163 1955 2218 hoc

360 2250 607 2305 existens
644 2266 740 2320 per
779 2252 998 2305 modum
1049 2252 1326 2321 principii,
1372 2265 1429 2307 et
1486 2263 1546 2305 ut
1594 2252 1756 2317 Deus,
1794 2262 1851 2307 et
1896 2264 1955 2307 ut

362 2356 528 2395 causa
568 2356 584 2394 :
643 2342 759 2396 haec
805 2343 950 2395 enim
984 2334 1117 2410 ipse
1167 2345 1345 2414 reipsa
1396 2352 1502 2398 est.
1560 2343 1731 2413 Ipsius
1772 2355 1950 2397 autem

362 2430 750 2485 similitudinis
796 2441 854 2487 et
902 2433 1159 2487 similium
1203 2435 1457 2488 conditor
1491 2444 1597 2499 est,
1638 2444 1696 2488 ut
1740 2436 1829 2503 qui
1863 2450 1951 2490 re-

360 2522 464 2577 bus
495 2524 695 2577 donum
747 2525 852 2579 boc
887 2526 1149 2595 primario
1178 2528 1654 2595 participantibus,
1694 2538 1751 2581 ut
1781 2529 1833 2581 id
1873 2530 1949 2598 ip-

359 2630 479 2670 sum
515 2616 860 2685 participem,
916 2616 1180 2687 elargitur
1236 2656 1251 2671 .
1313 2619 1584 2689 siquidem
1627 2619 1811 2673 omnia
1852 2635 1952 2689 pro

360 2719 523 2775 captu
555 2724 656 2761 suo
700 2710 829 2762 talia
863 2709 1217 2779 participant,
1272 2713 1447 2780 prima
1494 2712 1713 2778 quidem
1760 2726 1952 2780 supre-

362 2816 473 2866 ma,
504 2818 603 2871 per
653 2805 870 2857 modum
906 2805 1187 2875 principii,
1213 2815 1410 2860 caetera
1448 2821 1579 2861 vero
1609 2822 1951 2875 consequeno

360 2902 445 2948 ter
495 2894 737 2948 inferiori
786 2898 975 2966 gradu.
1005 2896 1120 2952 Nan
1166 2913 1322 2953 secus
1363 2914 1493 2952 vero
1522 2900 1809 2954 dicendum
1844 2908 1950 2963 est,

358 2984 525 3039 Deum
556 3002 771 3055 quoque
821 3004 942 3043 esse
970 2990 1313 3044 conditorem
1359 2991 1585 3045 rationis
1610 2992 1949 3060 exemplaris

2056 1887 2220 1951 αὐτὸς
2254 1887 2446 1940 ἑαυτὸν
2493 1885 2783 1958 έρμηνεύει
2830 1887 2888 1938 ὲν
2920 1885 2996 1956 τῷ
3030 1887 3306 1957 ἑνδεκάτῳ
3346 1889 3644 1957 κεφαλαίῳ,

2055 1976 2303 2050 αύτοζωὴ
2354 1979 2447 2031 καὶ
2478 1977 2839 2047 αύτοδύναμις
2870 1978 2964 2030 καὶ
2997 1976 3399 2049 αύτοομοιὸτης
3441 1978 3646 2047 λέγεται

2053 2076 2082 2128 6
2113 2073 2264 2136 Θεὸς,
2298 2072 2374 2136 ὡς
2407 2070 2650 2142 ἀρχικῶς
2682 2070 2839 2122 τοῦτο
2872 2069 2946 2122 ὢν
2971 2070 3065 2122 καὶ
3084 2069 3306 2132 θεῖκῶς,
3346 2071 3449 2123 καὶ
3482 2073 3645 2122 αἰτια-

2054 2165 2182 2228 τῶς’
2217 2164 2389 2217 ταῦτα
2420 2163 2529 2233 γάρ
2576 2163 2738 2225 αὐτὸς
2780 2162 2857 2232 τῷ
2888 2162 2999 2213 ὄντι
3032 2162 3171 2213 ὲστί.
3208 2163 3327 2232 Τῆς
3374 2162 3435 2215 δὲ
3471 2163 3643 2215 αὐτοε-

2057 2256 2337 2326 μοιότητὸς
2383 2257 2532 2307 ἐστιν
2580 2252 2921 2320 ὑποστάτης,
2970 2251 3063 2304 καὶ
3108 2251 3217 2303 τῶν
3249 2251 3541 2317 τοιούτων,
3577 2252 3642 2316 ὡς

2057 2346 2363 2418 μεθεκτιῖκ,
2400 2346 2583 2407 αὑτοῖς
2616 2346 2727 2405 τοῖς
2760 2341 2990 2413 πρώτως
3023 2343 3082 2395 ὲν
3113 2345 3226 2405 τοῖς
3258 2338 3385 2395 οὖσι
3420 2344 3518 2412 τῆς
3549 2344 3642 2396 δω-

2055 2442 2185 2511 ρεάς
2216 2438 2419 2507 ταύτης
2456 2436 2743 2507 μετέχουσι
2777 2434 3044 2505 χορηγῶν*
3084 2435 3264 2487 πάντα
3297 2435 3414 2505 γὰρ
3441 2436 3641 2497 οἰκείως

2054 2530 2266 2590 ἑαυτοῖς
2305 2525 2521 2597 μετέχει
2556 2524 2664 2577 τῶν
2696 2524 2969 2586 τοιούτων,
3009 2525 3063 2575 αί
3106 2524 3204 2593 μὲν
3254 2525 3480 2594 πρῶται
3505 2530 3520 2546 ⁸
3558 2524 3641 2577 καὶ

2054 2620 2374 2691 ὑπέρταται,
2411 2615 2672 2686 ἀρχικῶς,
2697 2614 2764 2667 τά
2782 2615 2837 2668 δὲ
2854 2614 2999 2684 ἑξῆς,
3036 2614 3415 2680 ύποϐατικῶς.
3454 2618 3527 2669 Οὐ
3543 2620 3641 2687 χεῖ-

2056 2730 2148 2784 ρον
2195 2713 2251 2764 δὲ
2304 2712 2511 2774 εἰπεῖν,
2552 2710 2633 2760 ὃτι
2668 2708 2761 2760 καὶ
2795 2706 2956 2759 αὐτοῦ
2990 2705 3083 2759 τοῦ
3132 2708 3639 2779 παραδειγματικοῦ

2052 2804 2149 2875 τῆς
2177 2803 2490 2873 ὁμοιότητος
2518 2800 2674 2867 λόγου
2700 2800 3008 2867 ὑποστάτης
3042 2799 3191 2864 ἐστὶν
3223 2801 3253 2851 6
3287 2800 3450 2864 Θεὸς,
3485 2802 3558 2864 ὡς
3588 2804 3638 2853 ἐν

2054 2899 2231 2969 ἑαυτῷ
2280 2898 2417 2969 ἔχων
2467 2898 2553 2949 άεὶ
2590 2894 2717 2957 τοὺς
2763 2894 2955 2960 λόγους
2989 2895 3206 2947 πάντων
3246 2894 3512 2965 ἀνάρχως
3556 2896 3640 2947 καὶ

2053 2972 2269 3055 ἑνιαίως
2302 2989 2744 3061 προῦφεστῶτας,
2778 2986 2870 3050 οὓς
2901 2987 2993 3039 καὶ
3027 2987 3405 3056 προορισμοὺς
3445 2988 3637 3059 ςερολα-

358 3077 755 3144 similitudinis,
811 3091 865 3133 ut
898 3082 990 3151 qui
1052 3082 1106 3135 in
1155 3098 1213 3137 se
1251 3083 1368 3137 sine
1410 3085 1679 3153 principio
1709 3095 1765 3138 et
1801 3101 1869 3138 un

2126 3109 2166 3144 »ν
2194 3090 2405 3161 εἴρηκε.
2456 3086 2626 3139 Τοῦτο
2656 3085 2786 3154 γοῦν
2818 3084 2878 3137 τὸ
2920 3085 2981 3135 ὲν
3033 3086 3199 3136 πᾶσιν
3229 3086 3423 3154 ὅμοιον
3471 3088 3504 3156 ἡ
3543 3087 3640 3138 τῶν

354 3184 573 3241 semper
622 3174 821 3228 habeat
857 3190 1036 3228 rerum
1096 3176 1338 3229 omnium
1389 3178 1629 3231 rationes
1680 3179 1946 3247 pr.eexis-

354 3269 576 3327 tentes,
623 3280 760 3333 quas
792 3276 846 3319 et
893 3266 1361 3334 praedeﬁnitiones
1409 3269 1662 3337 superius
1707 3269 1947 3338 appella-

355 3352 453 3405 vit.
494 3352 584 3407 Illa
615 3356 780 3423 igitur
806 3358 1051 3410 omnium
1083 3357 1407 3425 similitudo,
1443 3374 1561 3426 quae
1592 3368 1675 3413 est
1702 3360 1942 3414 omnium

356 3448 563 3513 unitas,
615 3463 712 3515 per
750 3450 1226 3518 participationem
1285 3450 1475 3519 prima:
1512 3465 1715 3515 causa},
1761 3451 1814 3505 id
1860 3460 1945 3506 est

353 3539 513 3608 quasi
569 3540 799 3608 vestigio
853 3541 1087 3609 quodam
1146 3542 1605 3611 participationis,
1654 3542 1944 3613 participat

355 3628 485 3683 illud
531 3631 677 3699 quod
710 3632 1009 3686 secundum
1038 3633 1230 3686 eadem
1257 3644 1311 3685 et
1350 3636 1539 3687 eodem
1575 3635 1735 3687 modo
1770 3648 1827 3686 se
1854 3635 1945 3687 lia-

352 3719 466 3773 bet.
512 3720 627 3774 IIoc
676 3721 859 3790 itaque
892 3722 1096 3785 simile,
1140 3723 1288 3792 quod
1322 3724 1620 3777 secundum
1666 3724 1856 3778 eadem
1888 3733 1944 3777 et

350 3813 543 3867 eodem
596 3815 755 3869 modo
808 3828 869 3869 se
929 3815 1112 3880 habet,
1174 3815 1441 3870 dissimile
1498 3825 1603 3880 est,
1651 3830 1942 3884 rerumque

353 3906 600 3961 omnium
639 3908 1088 3978 compositionem
1130 3909 1353 3978 respuit,
1406 3908 1486 3962 uti
1536 3918 1765 3962 testatur
1790 3905 1938 3961 Scri-

352 4010 511 4068 ptura
544 4001 733 4057 dicens
759 4020 772 4055 :
802 3998 925 4054 Non
956 4010 1030 4054 est
1068 4002 1258 4055 similis
1285 4002 1377 4054 tibi
1408 4002 1463 4055 in
1495 4001 1622 4065 diis,
1650 4000 1870 4054 Domine
1900 3998 1940 4050 ί.

352 4090 468 4145 Non
498 4103 583 4147 est
613 4094 804 4163 utique
850 4094 952 4148 hoc
994 4094 1333 4149 contrarium
1372 4095 1440 4147 iis
1470 4108 1590 4161 quae
1616 4093 1757 4146 dicta
1795 4101 1943 4157 sunt,

352 4198 479 4240 cum
514 4188 775 4252 diximus,
809 4188 992 4243 omnia
1024 4187 1136 4242 Deu
1165 4203 1284 4241 esse
1314 4188 1535 4251 similia,
1566 4186 1735 4239 Deum
1765 4193 1944 4237 autem

2051 3181 2187 3235 ὅλων
2211 3179 2419 3248 ἑνότης,
2442 3176 2534 3230 τοῦ
2569 3174 2709 3228 κατά
2740 3174 2806 3226 τά
2840 3172 2977 3226 αύτά
3012 3175 3103 3225 καὶ
3136 3174 3409 3239 ὡσαύτως
3438 3176 3640 3245 ἔχοντος

2056 3273 2292 3342 μετέχει,
2342 3268 2483 3323 κατά
2521 3266 2810 3338 μετουσίαν
2842 3264 2937 3317 τοῦ
2983 3262 3201 3334 πρώτου
3250 3266 3457 3318 αἰτίου·
3493 3266 3640 3318 τοῦτο

2050 3364 2158 3434 γάρ
2178 3365 2293 3415 ὲστι
2323 3362 2385 3414 τὸ
2417 3362 2554 3431 ίχνει
2586 3360 2691 3412 τινί¹
2722 3358 2885 3412 οἱονεὶ
2902 3358 3183 3428 μετουσίᾳ.
3212 3356 3392 3409 Τοῦτο
3425 3356 3558 3423 γοῦν
3586 3355 3641 3408 τὸ

2050 3451 2191 3505 κατά
2222 3451 2290 3503 τά
2322 3449 2463 3503 αύτά
2495 3450 2591 3501 κα)⁸
2621 3447 2884 3511 ὡσαύτως
2918 3448 3038 3519 ἔχον
3079 3446 3260 3515 ἑαυτῷ
3293 3447 3507 3515 ὅμοιον,
3540 3446 3641 3499 ἀνό-

2054 3560 2223 3614 μοιον,
2255 3546 2353 3596 καί
2382 3544 2496 3605 τοῖς
2522 3543 2688 3594 πᾶσιν
2721 3540 3056 3594 ἀσύντακτον
3088 3541 3122 3609 ὴ
3156 3538 3279 3591 θεία
3315 3539 3513 3609 Γραφή
3548 3555 3642 3607 φη-

2053 3653 2157 3700 σιν,
2186 3636 2306 3687 Οὐκ
2335 3634 2505 3687 ἐστιν
2530 3632 2731 3701 ὅμοιός
2751 3645 2848 3685 σοι
2874 3630 2944 3682 ἐν
2969 3628 3144 3695 θεοῖς,
3166 3629 3372 3695 Κύριε,
3392 3628 3641 3695 λέγουσα.

2051 3725 2163 3776 Ούκ
2195 3722 2309 3775 ἐστι
2342 3721 2471 3789 γοῦν
2494 3720 2735 3774 ἐναντίον
2761 3719 2918 3772 τοῦτο
2948 3720 3061 3781 τοῖς
3103 3718 3528 3788 προρρηθεῖσιν,
3556 3718 3638 3769 ὅτε

2048 3812 2307 3882 ἐλέγομεν
2337 3810 2405 3863 τὰ
2438 3811 2614 3864 πάντα
2647 3811 2806 3880 ὃμοια
2832 3807 2909 3877 τῷ
2940 3806 3079 3877 Θεῷ,
3109 3808 3172 3861 οὐ
3214 3807 3325 3878 μὴν
3357 3807 3417 3860 δὲ
3449 3810 3480 3859 ὁ
3512 3806 3635 3868 Θεὸς

2045 3904 2261 3966 τούτοις
2292 3904 2501 3973 ὅμοιος⁸
2540 3901 2609 3953 τὰ
2640 3900 2751 3971 γάρ
2782 3899 2920 3953 αὐτά
2953 3902 3049 3952 καὶ
3081 3900 3245 3970 ὅμοια
3278 3898 3359 3969 τῷ
3401 3898 3524 3967 Θεῷ
3554 3897 3641 3950 καὶ

2048 3998 2296 4066 ἀνόμοια’
2344 3995 2406 4047 τὸ
2430 3996 2548 4065 μὲν,
2587 3994 2726 4047 κατὰ
2766 3995 2865 4066 τὴν
2897 3993 3255 4064 ἐνδεχομένην
3294 3992 3554 4063 μίμησιν,
3584 3991 3639 4043 ού

2048 4090 2158 4159 γάρ
2186 4089 2406 4150 τελείως
2439 4092 2472 4157 ἡ
2510 4087 2759 4159 μίμησις·
2795 4086 2856 4139 τὸ
2892 4085 2968 4151 δὲ,
3002 4087 3085 4139 ὅτι
3134 4086 3365 4157 μέτροις
3398 4086 3640 4156 ἀπείροις

2050 4185 2143 4236 καὶ
2165 4181 2516 4252 ἀσυγκρίτοις
2546 4180 2615 4232 τά
2648 4178 2866 4233 αίτιατὰ
2899 4177 2993 4230 τοῦ
3022 4176 3195 4231 αἰτίου
3230 4177 3635 4230 ἀπολείπονται.

352 4297 459 4336 non
491 4296 615 4335 esse
654 4280 746 4333 ulli
789 4281 1057 4346 similem;
1093 4281 1361 4350 siquidem
1401 4280 1589 4333 eadem
1641 4292 1695 4335 et
1743 4279 1940 4336 similia
1971 4287 2027 4331 et
2061 4276 2346 4330 dissimilia
2376 4284 2503 4329 sunt
2533 4274 2675 4338 Deo;
2736 4271 2866 4326 illud
2903 4272 3123 4341 quidem
3198 4272 3510 4326 secundum
3562 4270 3637 4320 in-

350 4373 560 4427 dnltam
588 4372 781 4441 cuique
827 4372 1208 4437 imitationem,
1265 4388 1370 4427 non
1406 4373 1553 4427 enim
1588 4373 1828 4442 perfecta
1858 4381 1946 4425 est
1981 4368 2253 4434 imitatio;
2285 4367 2389 4421 hoc
2420 4381 2569 4425 vero.
2636 4365 2892 4435 quoniam
2946 4362 3177 4418 elIectus
3222 4379 3252 4416 a
3307 4362 3496 4417 causis
3523 4359 3640 4414 inii-

352 4463 479 4516 nitis
507 4473 562 4517 et
589 4461 1112 4532 iucomparabilibus
1143 4464 1458 4533 parasangis
1483 4451 1766 4518 delicium:

427 4559 455 4630 §
494 4555 625 4612 VIII.
672 4555 887 4609 Statum
916 4570 981 4609 ac
1023 4558 1204 4610 sedem
1236 4572 1333 4625 pro
1365 4557 1555 4610 eodem
1612 4556 1831 4623 accipit,
1862 4570 1872 4606 ι

2126 4549 2148 4619 §
2184 4547 2311 4601 VIII.
2345 4546 2540 4599 Στάσιν
2570 4545 2663 4598 καὶ
2692 4543 2958 4613 καθέδραν
2986 4541 3049 4593 τὸ
3073 4541 3208 4593 αὐτὸ
3234 4540 3478 4611 δέχεται,
3514 4543 3638 4611 7:96;

350 4652 592 4721 spiciens
618 4651 685 4704 ad
719 4648 1052 4703 immobilem
1085 4649 1421 4703 identitatem
1465 4649 1769 4718 utriusque.
1812 4648 1941 4701 Sta-

351 4752 465 4795 tum
495 4742 641 4796 enim
674 4757 778 4795 non
825 4739 993 4811 499
1029 4741 1151 4794 dico
1200 4740 1373 4803 illum,
1428 4754 1536 4809 quo
1580 4740 1702 4808 quis
1759 4748 1941 4792 rectus

350 4839 411 4890 lit
451 4845 736 4905 postquam
763 4834 815 4888 in
850 4836 981 4888 sede
1011 4833 1190 4886 fuerat
1220 4834 1560 4899 incurvatus,
1609 4830 1701 4885 sed
1732 4829 1941 4883 inﬂexi-

350 4930 615 4984 bilitatem
658 4938 715 4983 et
765 4927 1263 4982 immutabilitalem
1318 4925 1435 4989 Dei,
1483 4925 1696 4977 ﬁrmum
1732 4932 1937 4976 statum

349 5022 670 5092 appellavit;
699 5021 844 5075 sicut
874 5023 1040 5073 etiam
1079 5020 1271 5074 sedere
1298 5026 1612 5086 perpetuam
1645 5024 1699 5069 et
1726 5018 1936 5068 incom-

352 5111 775 5182 preliensibilem
815 5110 1055 5179 quietem
1112 5108 1315 5161 habere
1367 5106 1421 5158 in
1461 5104 1575 5158 basi
1625 5100 1934 5156 innnmina-

350 5204 445 5259 bili
491 5226 502 5259 :
535 5203 713 5256 omnis
741 5202 887 5256 enim
943 5207 1117 5255 status
1153 5212 1217 5252 ac
1264 5198 1408 5251 sedis
1450 5211 1611 5250 causa
1645 5204 1730 5248 est
1759 5194 1848 5258 iis,
1878 5194 1933 5245 in

350 5310 458 5365 quo
488 5298 669 5352 omnia
708 5294 761 5348 in
796 5292 954 5348 bonis
994 5290 1232 5361 propriis
1281 5289 1556 5344 custodita
1605 5285 1931 5340 consistunt.

427 5477 579 5549 §IX.
623 5473 852 5542 Quando
899 5489 1030 5530 vero
1069 5476 1235 5529 etiam
1275 5484 1481 5529 motum
1531 5468 1836 5539 reperimus
1880 5468 1934 5522 in

355 5569 465 5627 Deo
484 5572 708 5634 dictum,
729 5570 884 5638 juxta
907 5568 1036 5624 illud
1065 5591 1077 5623 :
1103 5568 1311 5622 lnclina
1335 5567 1509 5630 (mlas,
1548 5574 1595 5618 et
1617 5561 1866 5616 descende
1885 5560 1936 5627 ιι,

436 5750 453 5789 ι
493 5746 640 5799 Psal.
676 5762 874 5807 ωηεν,
913 5749 965 5800 7.
1053 5753 1074 5785 κ
1112 5748 1253 5801 Psal.
1296 5763 1427 5812 XVII,
1469 5747 1557 5799 I0.

2046 4640 2143 4710 τὴν
2172 4639 2424 4709 ἀκίνητον
2454 4636 2757 4705 ταύτότητα
2786 4633 3045 4704 ἑκάτερον
3074 4633 3418 4697 ἀναπτύξας.
3451 4635 3637 4687 Στάσιν

2046 4732 2155 4803 γὰρ
2185 4732 2245 4783 ού
2276 4730 2376 4800 τὴν
2398 4731 2476 4792 είς
2496 4728 2557 4781 τὸ
2585 4727 2742 4799 ὀρθὸν
2772 4725 3025 4794 γενέσθαι
3058 4725 3167 4777 άπὸ
3195 4725 3293 4777 τοῦ
3326 4726 3635 4795 συγκεκάμ·

2045 4822 2176 4891 φΘαι
2202 4825 2269 4892 τῇ
2299 4820 2538 4892 καθέδρᾳ
2565 4839 2638 4891 φη
2648 4820 2728 4890 μὶ,
2751 4819 2884 4871 ἀλλά
2912 4818 2974 4869 τὸ
3002 4818 3303 4888 ἀκλόνητον
3323 4820 3421 4871 καὶ
3439 4819 3636 4889 ἀμετά-

2046 4931 2309 4984 στρεπτον
2337 4912 2432 4964 τοῦ
2463 4912 2621 4977 Θεοῦ,
2657 4911 2878 4981 βεϐαίαν
2906 4910 3097 4963 στάσιν
3127 4910 3411 4963 ἐκάλεσεν·
3444 4912 3523 4973 ὡς
3551 4909 3636 4961 καὶ

2042 5008 2103 5059 τὸ
2134 5006 2405 5075 καθῆσθαι
2434 5006 2496 5057 τὸ
2527 5006 2583 5057 ὲν
2624 5002 2977 5073 ἀνονομάστῳ
3008 5002 3163 5071 βάσει
3194 5003 3293 5054 καὶ
3334 5002 3634 5056 ἀναπαύσει

2042 5100 2279 5171 διαρκῶς
2326 5100 2420 5151 καὶ
2460 5098 2860 5167 ἀκαταλήπτως
2901 5095 3065 5163 ἔχειν’
3100 5094 3265 5157 αύτὸς
3293 5095 3407 5167 γάρ
3436 5098 3582 5148 ἐστιν
3607 5092 3633 5143 6

2042 5194 2142 5263 τῆς
2170 5193 2386 5245 πάντων
2418 5191 2659 5253 στάσεως
2688 5190 2780 5243 καὶ
2819 5188 2981 5258 ἕδρας
3027 5188 3220 5249 αἴτιος,
3271 5189 3332 5239 ἐν
3370 5182 3418 5256 ᾧ
3465 5189 3634 5240 πάντα

2046 5286 2375 5354 συνέστηκεν
2439 5286 2499 5337 ὲν
2547 5286 2662 5346 τοῖς
2718 5282 2941 5343 οἰκείοις
3000 5278 3230 5347 ἀγαθοῖς
3286 5278 3635 5350 διαφυλαττό-

2047 5394 2199 5446 μενά.

2114 5468 2139 5538 §
2161 5470 2251 5521 IX.
2276 5468 2442 5521 Ὅταν
2470 5468 2633 5521 δὲκαὶ
2652 5466 2863 5535 κίνησιν
2884 5463 3135 5535 εὕρωμεν
3153 5464 3249 5517 ἐπὶ
3265 5464 3404 5518 Θεοῦ
3421 5462 3637 5532 λεγομέο

2042 5577 2138 5631 νην
2159 5560 2299 5614 κατὰ
2326 5560 2408 5625 τὸ,
2447 5560 2671 5616 Κλῖνον
2692 5556 3008 5627 οὐρανοὺς,
3034 5556 3132 5611 καὶ
3164 5557 3477 5622 κατάϐηθι,
3519 5556 3633 5608 θεο-
