3768 6284
99 258 198 315 933

675 256 763 311 DE
790 254 1047 312 DlVlNIS
1081 255 1483 318 NOMINIBUS.
1524 256 1678 313 CAP.
1717 256 1807 312 IX.
1845 286 1911 296 —-
1950 256 2302 314 PARAPHR.
2335 254 2810 313 PACHYMEIUE.

3278 261 3384 316 954
3438 340 3441 343 Α

99 372 326 448 πρεπῶς
350 373 452 446 τὴν
469 375 684 446 κίνησιν
705 373 1071 445 ὲκληψόμεθα·
1092 376 1321 427 κινεῖται
1351 373 1461 444 γὰρ
1476 373 1537 426 οὐ
1559 392 1587 426 κ

1957 376 2099 444 ligne
2137 386 2344 429 motum
2391 375 2755 445 accipiemus:
2799 387 2907 428 non
2952 373 3098 429 enim
3133 388 3386 431 movetur
3438 360 3445 367 ’

96 486 215 524 τινα
260 468 376 520 τῶν
430 468 489 532 ἒξ
529 467 678 539 παρά
716 466 1024 536 φιλοσόφοις
1056 466 1342 537 κινήσεων,
1390 463 1513 518 οὔτε
1556 464 1697 518 κατά

95 563 335 631 γένεσιν,
358 561 485 614 οῦτε
513 560 656 615 κατά
684 559 918 632 φθορὰν,
957 558 1081 612 οὔτε
1113 558 1255 612 κατά
1287 558 1534 632 αὔξησιν,
1571 558 1695 613 οὕτε

96 656 237 710 κατά
270 656 528 726 μείωσιν,
563 654 685 707 οὔτε
728 653 868 708 κατά
902 652 1096 717 τόπον,
1126 651 1251 705 οῦτε
1284 651 1426 705 κατά
1474 651 1696 705 ἀλλοίω-

98 769 197 805 σιν.
234 750 354 802 Καὶ
383 749 567 812 πάλιν,
598 748 718 799 ἐπεὶ
744 747 1009 818 ήκίνησις
1036 744 1236 817 τριχῶς
1266 744 1498 813 γίνεται,
1518 744 1550 815 ἢ
1573 746 1693 797 κατ’

94 842 337 905 εὐθεῖαν,
373 842 407 913 ἦ
440 841 583 895 κατὰ
616 840 834 902 κύκλον,
868 839 901 910 ἢ
936 839 993 906 ἐξ
1021 840 1224 909 ἀμφοῖν
1259 837 1584 902 ἐλικοειδῶς,
1618 838 1694 901 ὡς

94 940 121 989 ὁ
151 937 299 1004 ὄφις,
338 936 437 989 καὶ
467 936 501 1004 ἡ
540 935 598 987 ὲν
629 937 742 998 τοῖς
780 932 933 986 ὕδασι
962 932 1092 995 ναῦς
1113 972 1129 997 ,
1158 932 1277 985 οὐδὲ
1319 932 1461 985 κατὰ
1491 931 1694 995 ταύτας

94 1031 352 1081 κινεῖται.
404 1026 541 1080 Ἀλλ’
585 1026 703 1078 οὐδὲ
746 1025 945 1096 νοητὴν
978 1026 1189 1095 κίνησιν
1222 1027 1450 1078 κινεῖται
1471 1064 1485 1087 ,
1520 1025 1635 1077 οἵαν
1666 1028 1694 1078 ό

92 1120 216 1183 νοῦς
244 1122 332 1183 είς
361 1119 559 1172 ἑαυτὸν
590 1118 1050 1189 συνελισσόμενος,
1086 1117 1180 1170 καὶ
1212 1119 1293 1180 εἰς
1321 1118 1533 1187 νοήσεις
1567 1117 1692 1170 πολ-

92 1212 626 1284 λαπλασιαζόμενος.
665 1212 739 1265 Ού
783 1212 1039 1283 ψυχικὴν,
1115 1212 1233 1264 οἵαν
1274 1214 1503 1264 κινεῖται
1546 1211 1689 1283 ψυχὴ

90 1305 455 1377 διανοουμένη
504 1323 563 1358 τε
612 1306 705 1359 καὶ
747 1303 1063 1369 δοξάζουσα.
1100 1304 1172 1355 Οῦ
1206 1304 1462 1375 φυσικὴν,
1506 1304 1622 1356 οἵαν
1656 1305 1689 1375 ἡ

89 1398 251 1467 φύσις
282 1394 451 1452 κινεῖ·
489 1399 631 1470 ἀρχὴ
670 1397 779 1470 γὰρ
812 1398 1079 1468 κινήσεως
1118 1397 1211 1449 καὶ
1249 1394 1486 1467 ἠρεμίας
1519 1396 1685 1449 ἐστίν.

102 1490 263 1545 Ἀλλά
293 1491 517 1563 κίνησις
545 1490 639 1543 τοῦ
660 1491 916 1559 ἀκινήτου
950 1487 1210 1551 ὡσαύτως
1231 1487 1445 1558 ἔχοντος
1473 1487 1688 1556 λέγεται

88 1583 120 1652 ή
152 1586 234 1647 εἰς
254 1583 331 1636 τὰ
360 1584 493 1636 ὄντα
524 1582 775 1654 βούλησις
804 1582 989 1635 αὐτοῦ’
1027 1582 1121 1635 καὶ
1153 1582 1208 1636 αἱ
1242 1581 1457 1651 πρόοδοι
1478 1581 1578 1651 τῆς
1610 1583 1688 1644 είς

40 1676 45 1679 ⁴
88 1675 275 1728 πάντα
313 1676 579 1747 προνοίας
608 1673 794 1738 αὐτοῦ,
823 1674 881 1729 ὲν
907 1673 985 1744 τῷ
1016 1678 1269 1746 παρεῖναι
1284 1676 1415 1727 πᾶσι
1446 1677 1511 1745 τῇ
1552 1674 1688 1727 πάν-

1799 469 2094 521 secuudum
2128 467 2362 536 aliquem
2400 481 2431 519 e
2473 480 2564 521 sex
2597 462 2861 530 motibus,
2891 466 2958 519 de
2985 467 3182 536 quibus
3208 470 3386 537 pltilo-

1798 558 1954 626 sophi
2007 566 2195 628 agunt,
2248 571 2422 625 neque
2472 557 2767 610 secundum
2812 559 3248 625 generationem,
3286 575 3386 614 nc-

1796 665 1901 719 que
1941 650 2240 705 secundum
2270 649 2698 718 corruptionem,
2735 662 2910 717 neque
2953 651 3251 705 secundum
3295 666 3386 705 ac-

1797 744 2119 806 cretionem,
2166 757 2341 811 neque
2369 742 2665 817 secundum
2712 742 3170 809 imminutionem,
3208 759 3385 814 neque

1796 836 2093 889 secundum
2144 833 2344 897 locum,
2378 848 2551 902 neque
2581 836 2875 888 secundum
2924 836 3381 891 immutationem.

1794 927 1863 982 Et
1890 943 2125 992 rursum,
2154 942 2276 981 cum
2310 935 2493 981 motus
2523 926 2812 994 tripliciter
2837 926 2948 990 liat,
2973 928 3054 983 vel
3084 930 3381 983 secundmn

1795 1020 1993 1075 lineam
2040 1031 2267 1083 rectam,
2322 1020 2407 1075 vel
2460 1020 2758 1073 secundum
2823 1020 3109 1081 circulum,
3173 1022 3259 1075 vel
3315 1036 3382 1077 ex

1793 1114 2041 1182 utrisque
2083 1112 2322 1181 oblique,
2358 1112 2498 1167 sicut
2542 1127 2789 1180 serpens,
2840 1122 2894 1165 et
2924 1112 2975 1164 in
3008 1112 3167 1181 aquis
3197 1114 3381 1178 navis,

1793 1223 1969 1277 neque
2004 1206 2167 1260 etiam
2218 1206 2518 1259 secundum
2574 1206 2673 1258 bos
2724 1205 2914 1259 modos
2966 1215 3237 1260 movetur.
3272 1204 3381 1260 Sed

1794 1310 1968 1363 neque
2002 1304 2149 1348 motu
2201 1293 2504 1349 iutellectili
2558 1292 2755 1356 cietur,
2810 1294 2950 1347 sicut
2984 1309 3137 1349 meus
3187 1296 3239 1348 in
3288 1310 3377 1349 se-

1792 1385 1964 1455 ipsam
1984 1386 2303 1449 revolvitur,
2323 1395 2375 1438 et
2395 1386 2448 1438 in
2469 1385 2931 1440 iutellectionibus
2960 1386 3378 1455 multiplicatur.

1790 1476 1908 1533 Non
1936 1475 2099 1530 etiam
2128 1487 2277 1530 motu
2309 1477 2549 1543 animali,
2582 1477 2727 1547 quali
2759 1486 3008 1532 movetur
3042 1480 3221 1533 anima
3252 1480 3378 1533 dum

1790 1567 2047 1638 intelligit
2082 1576 2137 1623 et
2170 1568 2442 1639 opinatur.
2502 1568 2621 1623 Non
2653 1570 2909 1633 naturali,
2945 1569 3160 1638 qualem
3186 1582 3378 1624 natura

1790 1660 1920 1724 ciet,
1951 1660 2207 1730 quoniam
2243 1661 2359 1715 liazc
2386 1670 2467 1715 est
2501 1661 2830 1729 principium
2858 1672 3039 1715 motus
3068 1672 3122 1716 et
3153 1662 3379 1729 quietis.

88 1784 194 1819 των
205 1768 437 1838 ἀσχέτῳ
456 1768 551 1821 καὶ
579 1766 833 1838 ἀπολύτῳ
853 1767 948 1821 καὶ
965 1767 1232 1835 ἀσυναφεῐ
1247 1770 1475 1838 περιοχῇ
1490 1808 1501 1819 .
1522 1767 1576 1818 Ἀ

1889 1753 1898 1803 l
1929 1760 2107 1805 motus
2141 1750 2458 1815 immobilis,
2485 1761 2540 1805 et
2566 1753 2758 1806 eodem
2790 1752 2949 1806 modo
2990 1767 3049 1807 se
3103 1752 3377 1817 habentis,

86 1860 369 1932 γορεύσας
396 1860 455 1913 δὲ
481 1860 581 1924 τὰς
598 1860 853 1923 τοιαύτας
882 1860 1123 1930 κινήσεις
1152 1860 1244 1912 ἐπὶ
1274 1858 1409 1912 Θεοῦ
1432 1900 1446 1923 ,
1486 1858 1686 1929 μᾶλλον

83 1952 136 2005 δὲ
164 1953 269 2016 τὰς
303 1951 648 2023 σωματικὰς,
683 1952 779 2023 τὴν
814 1950 1018 2021 κύκλῳ,
1049 1950 1147 2022 τὴν
1170 1953 1291 2003 κατ’
1325 1951 1559 2014 εύοεῖαν,
1592 1952 1687 2003 καὶ

82 2044 180 2115 τὴν
232 2044 549 2115 ἑλικοειδῆ,
602 2045 749 2107 ὅπως
781 2044 886 2115 χρὴ
930 2042 1248 2115 θεοπρεπῶς
1289 2044 1502 2115 κίνησιν
1548 2045 1685 2096 νοεῖν

83 2138 176 2190 ἐπὶ
207 2137 355 2190 Θεοῦ
390 2136 711 2208 σαφηνίζει,
746 2136 843 2200 τὰς
872 2136 1137 2206 αἰσθητὰς
1153 2137 1210 2189 ὲν
1242 2136 1319 2207 τῷ
1340 2137 1501 2189 παντὶ
1530 2137 1684 2207 κινή-

84 2246 137 2281 σε
150 2247 197 2291 ις
225 2228 603 2297 ἀναγωγικῶς
636 2228 972 2301 ἑρμηνεύων.
1008 2229 1119 2299 Τὴν
1148 2226 1278 2296 γοῦν
1308 2229 1429 2280 κατ’
1471 2226 1684 2280 εὐθεῖαν

83 2322 304 2393 κίνησιν
347 2320 581 2391 νοοῦμεν
612 2321 703 2374 ἐπὶ
735 2320 869 2373 Θεοῦ
898 2362 911 2385 ,
942 2320 1030 2373 διὰ
1058 2320 1119 2372 τὸ
1151 2319 1279 2373 εὐθὺ
1309 2320 1403 2373 καὶ
1445 2319 1681 2382 ἀκλινὲς,

80 2415 177 2467 καὶ⁹
204 2416 313 2485 τὴν
346 2414 407 2479 ἐξ
427 2413 593 2467 αὐτοῦ
623 2414 731 2466 τῶν
760 2414 897 2467 ὅλων
926 2414 1157 2481 γένεσιν·
1192 2413 1417 2466 αὐτόθεν
1450 2412 1559 2484 γὰρ
1592 2414 1685 2466 καὶ

81 2505 292 2569 εὐθέως
328 2508 363 2576 ή
398 2505 613 2573 γένεσις
641 2506 700 2572 ἐξ
730 2505 894 2559 αὑτοῦ
934 2506 1071 2567 ἐστι,
1105 2506 1200 2560 κοιλ⁵
1219 2506 1278 2557 ού
1308 2504 1396 2558 διά
1413 2521 1573 2559 τινων
1605 2507 1684 2569 είς

77 2596 244 2653 τοῦτο
281 2597 684 2651 συντελούντων
728 2598 909 2668 τυχόν.
946 2597 1116 2650 Τοῦτο
1146 2598 1201 2651 δὲ
1233 2598 1555 2670 κρειττόνως
1589 2615 1685 2653 σα-

78 2690 378 2759 φηνίζεται
401 2730 416 2753 ,
465 2691 625 2753 εἴτις
662 2690 769 2743 ἀπὸ
799 2690 907 2743 τῶν
928 2689 1189 2743 αἱτιατῶν
1217 2690 1520 2762 ἀρξάμενος
1554 2709 1682 2745 σκο-

76 2783 235 2855 ποίη.
275 2784 349 2837 Εἴ
376 2801 430 2835 τι
480 2782 590 2854 γὰρ
628 2783 735 2835 τῶν
788 2783 955 2836 ὄντων
1006 2782 1099 2836 ἐπὶ
1145 2783 1268 2837 νοῦν
1311 2784 1496 2847 λάϐοις
1524 2825 1539 2847 ,
1592 2786 1684 2838 ἐπὶ

76 2886 170 2929 τὸν
207 2877 450 2948 ποιητὴν
486 2876 650 2929 αὐτοῦ
680 2876 996 2947 ἀνατρέχεις
1028 2876 1249 2941 εὐθέως,
1284 2876 1423 2930 ὥστε
1453 2877 1560 2930 ἀπὸ
1588 2877 1682 2930 τοῦ

74 2971 260 3024 αἰτίου
298 2968 508 3031 εὐθέως
540 2971 618 3031 είς
648 2969 709 3022 τὸ
738 2968 977 3022 αἰτιατὸν
1007 2971 1039 3038 ὴ
1082 2970 1180 3039 τῆς
1212 2956 1477 3037 γενέσεως
1507 2968 1682 3021 ἔννοια

76 3063 359 3133 πρόεισιν.
401 3062 473 3113 ’Ἦ
503 3061 597 3113 καὶ
628 3060 821 3125 ἄλλως,
851 3060 933 3113 ὅτι
961 3061 1060 3132 τὴν
1094 3059 1235 3113 κατά
1276 3061 1490 3129 γένεσιν
1532 3061 1683 3132 κίνη-
1710 3091 1753 3149 C

75 3171 163 3207 σιν
199 3153 427 3207 εὐθεῖάν
474 3169 674 3221 φασιν,
717 3152 793 3215 ὡς
838 3151 1039 3216 εὐθέως
1083 3152 1375 3224 ἐφιεμένης
1417 3153 1515 3223 τῆς
1550 3151 1684 3223 ὕλης

74 3246 173 3299 τοῦ
210 3246 394 3308 εἴδους
422 3245 517 3297 καὶ
551 3243 671 3297 καθ’
702 3245 851 3298 αὐτὰ
887 3244 965 3296 διὸ
998 3244 1091 3296 καὶ
1127 3245 1188 3297 τὸ
1229 3239 1387 3307 εἶδος,
1431 3239 1490 3298 οῦ
1520 3244 1683 3297 ἕνεκα

74 3338 306 3408 λέγεται
328 3379 342 3402 ,
381 3338 546 3390 οἱονεὶ⁸
587 3337 647 3389 τὸ
678 3336 829 3400 τέλος
862 3338 997 3408 πρὸς
1041 3338 1178 3407 ὅπερ
1219 3339 1252 3408 ἡ
1287 3336 1447 3405 φύσις
1481 3336 1683 3401 εὐθέως

74 3433 296 3502 τρέχει,
338 3431 415 3502 μὴ
466 3432 547 3493 είς
593 3428 725 3483 ἄλλα
768 3429 862 3483 καὶ
898 3429 1030 3483 ἄλλα
1071 3429 1413 3501 ἑλισσομένη,
1447 3429 1561 3483 ἀλλ’
1602 3432 1683 3494 είς

74 3525 218 3577 αὐτὸ
252 3523 519 3594 ἁφορῶσα
556 3522 617 3574 τὸ
651 3521 1083 3592 σκοπιμώτατον.
1134 3523 1283 3575 Ἐπεὶ
1310 3522 1439 3590 γοῦν
1471 3525 1504 3595 ή
1541 3523 1683 3577 κατὰ

71 3616 299 3684 γένεσιν
334 3616 554 3685 κίνησις
581 3614 783 3678 εύοέως
810 3615 1040 3682 γίνεται,
1069 3614 1160 3667 τὸν
1186 3615 1286 3684 τῆς
1313 3614 1577 3683 γενέσεως
1598 3616 1682 3668 αῖ-

69 3724 191 3761 τιον
224 3706 550 3777 Θεοπρεπῶς
580 3707 698 3757 κατ’
732 3706 942 3759 εὐθεῖαν
972 3706 1235 3760 κινεῖσθαί
1265 3723 1463 3777 φαμεν.
1494 3708 1603 3779 Τὴν
1625 3707 1680 3760 δὲ

73 3800 362 3871 σταθερὰν
394 3798 624 3870 πρόοδον
654 3800 748 3852 καὶ
776 3800 876 3869 τὴν
920 3799 1143 3870 γόνιμον
1188 3798 1377 3851 στάσιν
1414 3798 1680 3869 ἑλικοειδῆ

74 3910 289 3964 φαμεν·
330 3894 365 3963 ἡ
401 3892 627 3962 τοιαύτη
656 3892 765 3964 γὰρ
798 3893 1034 3963 κίνησις,
1064 3892 1158 3944 καὶ
1175 3891 1235 3944 τὸ
1255 3890 1514 3962 σταθερὸν
1544 3891 1677 3961 ἔχει,

68 3987 183 4051 ὃτι,
222 3988 270 4038 εί
300 3986 400 4039 καὶ
432 3984 701 4037 ἐκκλίνειν
735 3986 910 4048 ποιεῖ,
942 3983 1103 4036 πάλιν
1145 3986 1224 4047 εἰς
1242 3983 1303 4035 τὸ
1334 3983 1467 4036 αὐτὸ
1499 3985 1592 4036 καὶ
1619 3984 1680 4037 τὸ

69 4080 265 4145 ὲξίσου
294 4081 412 4140 τοῖς
444 4076 731 4148 προτέροις
752 4078 893 4130 κατὰ
922 4076 990 4130 τά
1018 4075 1176 4135 αὐτὰ,
1195 4076 1288 4129 καὶ
1316 4078 1561 4127 κοινωνεῖ
1588 4092 1681 4128 κα-

64 4172 141 4225 τὰ
173 4170 343 4224 τοῦτο
376 4172 442 4240 τῇ
471 4168 723 4238 κυκλικῇ,
754 4170 848 4221 καὶ
879 4168 979 4239 τὴν
1012 4167 1237 4239 πρόοδον
1276 4166 1410 4237 ἔχει,
1458 4166 1578 4219 καθ’
1612 4167 1678 4238 ἢν

69 4264 337 4317 κοινωνεῖ
365 4265 433 4332 τῇ
469 4261 589 4314 κατ’
620 4260 834 4313 εὐθεῖαν
864 4262 1094 4329 κινήσει.
1146 4260 1296 4312 Ἐπεὶ
1327 4258 1457 4327 γοῦν
1491 4261 1523 4329 ή
1555 4260 1675 4312 κατ’

65 4355 285 4408 εὐθεῖαι
339 4354 554 4423 κίνησις
587 4354 679 4405 ἐπὶ
708 4351 843 4404 Θεοῦ
886 4351 972 4403 διὰ
1008 4352 1106 4423 τὴν
1136 4354 1214 4414 εἰς
1254 4351 1465 4419 γένεσιν
1499 4350 1676 4403 αἰτίαν

1792 1843 1991 1899 dicitur
2017 1843 2184 1913 ipsius
2211 1842 2462 1897 voluntas
2491 1844 2639 1898 circa
2688 1858 2750 1897 ea
2800 1859 2921 1912 qua:
2974 1853 3123 1909 sunt,
3154 1853 3207 1899 et
3254 1860 3381 1913 pro-

1790 1952 2011 2008 gressus
2049 1937 2405 2007 providentia
2448 1939 2617 2009 ipsius
2651 1939 2719 1993 ad
2752 1938 3031 2003 universa,
3064 1938 3193 1991 dmn
3224 1940 3383 1993 adest

1790 2028 2041 2083 omnibus
2074 2042 2169 2097 per
2210 2029 2452 2083 omnium
2502 2028 3117 2096 incomprelieusibilem
3174 2039 3229 2083 et
3277 2033 3378 2084 ali-

1789 2122 2021 2176 solutam
2066 2135 2119 2176 et
2161 2123 2463 2177 intactilem
2504 2123 3072 2188 comprehensionem.
3099 2124 3232 2178 Cum
3284 2140 3381 2178 ue-

1790 2224 1971 2285 gasset
2010 2214 2317 2285 istiusmodi
2374 2218 2425 2268 in
2470 2215 2578 2268 Deo
2630 2217 2918 2281 motiones,
2973 2218 3211 2271 maxime
3248 2235 3379 2273 vero

1789 2318 2108 2378 corporeus,
2142 2317 2198 2361 ut
2226 2308 2574 2373 circularem,
2605 2319 2831 2375 rectam,
2864 2320 2919 2363 et
2949 2310 3252 2379 obliquam,
3278 2314 3375 2365 de-

1794 2401 1973 2458 clarat
2002 2402 2272 2470 quomodo
2302 2402 2691 2457 convenienter
2748 2402 2877 2470 Deo,
2921 2403 3266 2473 intelligenda
3308 2407 3380 2459 sit

1788 2495 1842 2547 in
1874 2492 1986 2548 Deo
2017 2495 2203 2558 motio,
2233 2495 2524 2549 sensitivas
2568 2496 2618 2548 in
2652 2495 2907 2549 universo
2951 2498 3216 2551 motiones
3248 2515 3379 2551 aua—

1788 2584 1978 2654 gogice
2008 2585 2335 2653 explauans.
2366 2586 2444 2639 Ac
2479 2594 2687 2639 rectum
2731 2587 2949 2655 quidem
2986 2597 3189 2641 motum
3223 2587 3380 2641 intel-

1788 2675 2006 2746 ligimus
2042 2675 2094 2729 in
2131 2674 2261 2742 Deo,
2307 2686 2529 2745 propter
2575 2676 2961 2732 rectitudinem
3009 2688 3063 2731 et
3108 2679 3379 2733 inﬂexibi-

1788 2767 2019 2833 litatetn,
2075 2779 2131 2822 et
2191 2770 2567 2823 universorum
2621 2785 2687 2824 ex
2741 2771 2857 2838 ipso
2891 2772 3375 2839 procreationem;

1788 2874 1885 2931 per
1924 2875 1983 2916 se
2030 2860 2175 2915 enim
2223 2870 2279 2914 et
2306 2877 2374 2915 ex
2406 2870 2647 2929 tempore
2680 2861 2887 2915 creatio
2918 2878 2983 2915 ex
3017 2862 3131 2929 ipso
3167 2864 3375 2927 existit,

1788 2964 1844 3008 et
1874 2969 1979 3009 non
2010 2969 2109 3022 per
2130 2954 2331 3025 aliqua,
2361 2970 2481 3024 qua":
2505 2956 2570 3007 ad
2611 2954 2783 3022 ipsam
2812 2953 3121 3023 disponant,
3154 2955 3374 3011 accidit.

1790 3045 1903 3101 Hoc
1947 3058 2126 3101 autem
2177 3046 2371 3101 melius
2422 3047 2754 3110 declaratur,
2805 3047 2849 3100 si
2902 3046 3025 3114 quis
3057 3044 3126 3098 ab
3164 3043 3375 3099 ellcctis

1789 3139 2099 3209 incipiendo
2157 3137 2489 3209 speculetur.
2540 3137 2673 3191 Nam
2736 3138 2781 3192 si
2829 3137 2961 3207 quid
3010 3150 3201 3191 eorum
3255 3152 3376 3204 qua:

1788 3240 1915 3285 sunt
1945 3231 1998 3284 in
2032 3240 2268 3285 mentem
2312 3231 2481 3299 capis,
2530 3239 2675 3284 recte
2720 3232 2786 3284 ad
2827 3240 3102 3283 auctorem
3135 3227 3253 3297 ejus
3284 3246 3374 3281 ae-

1783 3324 1981 3386 curris,
2040 3322 2110 3375 ita
2150 3332 2209 3375 ut
2256 3337 2287 3376 a
2319 3335 2485 3376 causa
2526 3321 2712 3375 statim
2763 3320 2831 3375 ad
2860 3320 3114 3375 elfectum
3146 3335 3374 3390 genera-

1786 3414 1951 3469 tionis
1991 3412 2290 3467 intellectio
2331 3412 2622 3482 pertiugat.
2660 3410 2754 3464 Vel
2800 3412 2964 3464 etiam
3023 3409 3209 3475 aliter,
3243 3410 3373 3479 quia

1782 3517 1987 3562 motuin
2018 3506 2316 3559 secundum
2346 3505 2754 3575 generationem
2802 3512 3010 3556 rectum
3040 3516 3162 3555 esse
3198 3501 3375 3564 aiunt,

1783 3600 1913 3655 dum
1948 3598 2177 3653 materia
2211 3612 2406 3666 nempe
2448 3605 2600 3651 recta
2635 3606 2690 3650 et
2728 3610 2826 3665 per
2860 3610 2917 3649 se
2953 3597 3182 3647 formam
3218 3610 3379 3663 appe-

1785 3690 1882 3754 tit;
1911 3704 2082 3759 quare
2124 3688 2288 3741 etiam
2322 3685 2518 3751 forma,
2569 3682 2724 3751 cujus
2768 3686 2942 3753 gratia
2984 3696 3105 3735 esse
3150 3680 3372 3744 dicitur,

1781 3784 1935 3850 quasi
1962 3782 2086 3835 linis
2106 3782 2176 3834 sit
2194 3777 2355 3848 500
2379 3777 2445 3831 ad
2466 3792 2626 3845 quem
2652 3787 2845 3829 natura
2877 3784 3022 3830 recta
3050 3782 3258 3838 currat,
3280 3788 3375 3826 ne-

1781 3890 2053 3945 quaquam
2086 3874 2207 3928 aliis
2230 3885 2396 3942 atque
2428 3872 2551 3926 aliis
2584 3886 2643 3925 se
2690 3868 3038 3937 implectens,
3071 3867 3165 3920 sed
3196 3864 3263 3918 ad
3320 3866 3372 3918 id

1782 3971 1925 4040 quod
1976 3969 2215 4023 maxime
2249 3968 2587 4038 propositum
2621 3974 2705 4020 est
2737 3967 2973 4017 intuens.
3020 3961 3153 4015 Cum
3187 3962 3373 4029 itaque

1782 4071 1961 4117 motus
2017 4062 2084 4127 is,
2139 4062 2233 4131 qui
2276 4061 2575 4115 secundum
2622 4050 3031 4128 generationem
3069 4064 3173 4119 est,
3224 4067 3371 4108 reeta

1782 4156 1898 4219 liat,
1956 4164 2232 4207 auctorem
2272 4150 2661 4221 generationis,
2715 4163 2780 4201 eo
2816 4162 2925 4216 quo
2972 4146 3083 4200 Deo
3115 4146 3370 4200 convenit

1782 4246 1967 4308 modo,
2003 4258 2151 4299 recta
2187 4243 2389 4298 moveri
2439 4240 2690 4295 dicimus.
2728 4239 2990 4293 Stabilem
3027 4248 3207 4291 autem
3240 4252 3369 4306 pro-

1780 4353 2030 4409 gressum
2083 4346 2139 4390 et
2182 4336 2474 4390 fecundum
2524 4341 2725 4385 statum
2774 4332 3007 4385 dicimus
3059 4331 3369 4401 obliquum;

64 4448 171 4500 καὶ
209 4422 885 4517 πρόοδονίέξελαμόάνετο,
920 4422 1266 4513 λαμϐάνομεν
1302 4443 1397 4495 καὶ
1442 4444 1539 4514 τὴν

1883 4442 1909 4480 s
1943 4426 2089 4478 enim
2142 4436 2322 4479 motus
2369 4432 2423 4477 et
2466 4424 2818 4477 stabilitatem
2872 4422 3056 4482 liabet,
3113 4424 3367 4491 quoniam

62 4539 268 4609 κοειδῆ
308 4539 529 4608 κίνησιν
552 4577 565 4600 ,
618 4536 694 4606 πῆ
740 4538 837 4607 μὲν
857 4574 871 4599 ,
905 4536 982 4599 ὡς
1013 4538 1095 4599 είς
1124 4536 1257 4589 αὐτὸ
1299 4533 1674 4597 καταντῶσαν,

62 4632 165 4685 διὰ
194 4632 258 4685 τὸ
288 4630 575 4701 σταθερὸν,
614 4630 689 4699 πῆ
718 4629 793 4694 δὲ,
833 4630 909 4692 ὡς
940 4628 1346 4700 προερχομένην
1387 4627 1447 4693 ἐξ
1479 4627 1679 4695 ἑαυτῆς

1786 4520 1913 4576 licet
1940 4517 2203 4572 inclinare
2248 4517 2429 4579 faciat,
2474 4532 2687 4569 rursum
2735 4516 2787 4568 in
2839 4516 3053 4577 eodem,
3091 4516 3256 4568 etiam
3299 4531 3367 4568 e3;

1784 4624 1961 4679 atquo,
2008 4610 2287 4677 prioribus
2319 4610 2619 4663 secundum
2669 4609 2858 4662 eadem
2911 4618 2965 4661 et
3003 4608 3370 4667 communicat

1784 4701 1964 4771 quoad
2016 4700 2121 4754 hoc
2182 4716 2304 4752 cum
2341 4698 2620 4764 circulari,
2673 4709 2728 4753 et
2789 4714 3135 4768 progressum
3184 4698 3367 4763 habet,

1783 4789 2082 4846 secundum
2115 4804 2273 4859 quem
2301 4792 2670 4845 communicat
2697 4807 2819 4844 cum
2856 4801 3001 4844 tnotu
3038 4798 3202 4843 recto.
3233 4791 3365 4843 Cum

1784 4882 1967 4952 itaque
1999 4895 2182 4937 motus
2226 4893 2409 4937 rectus
2448 4883 2500 4936 in
2542 4884 2652 4937 Deo
2691 4898 2855 4936 causa
2884 4882 3259 4952 generationis
3287 4891 3369 4933 at-

1782 4990 1889 5044 que
1934 4976 2296 5043 processiouis
2350 4986 2605 5044 acceptus
2652 4976 2746 5040 sit,
2798 4976 3097 5043 accipimus
3149 4988 3368 5043 quoque

1783 5077 1990 5122 motum
2040 5069 2366 5139 obliquum,
2419 5069 2616 5138 partim
2672 5069 2927 5137 quidem,
2983 5077 3238 5136 tauquam
3310 5071 3365 5123 in

1782 5161 1925 5214 idem
1985 5171 2359 5225 remeantem,
2408 5173 2633 5231 propter
2688 5160 3093 5225 constantiam;
3163 5159 3365 5227 partim

1781 5269 1911 5309 vero
1941 5264 2197 5324 tauquam
2230 5270 2297 5308 ex
2342 5254 2521 5321 seipso
2552 5254 2933 5322 prodeuntem,
2958 5262 3178 5321 pr0pter
3208 5266 3365 5304 crea-

1782 5359 2029 5403 turarum
2082 5349 2494 5403 fecunditatem.
2526 5345 2760 5400 Rursum
2799 5346 3125 5399 circularem
3158 5352 3366 5397 motum

1782 5443 2017 5497 dicimus
2058 5452 2279 5511 propter
2303 5440 2641 5495 identitatem
2669 5479 2684 5505 ,
2713 5448 2768 5493 et
2804 5438 2950 5509 quod
2976 5438 3157 5493 omnia
3190 5436 3366 5491 couti-

1782 5545 1930 5589 neat.
1964 5534 2100 5588 Nota
2126 5534 2292 5598 enim,
2333 5533 2619 5602 superiora
2650 5531 2932 5586 continere
2978 5530 3069 5585 illa
3119 5546 3239 5599 quae
3279 5530 3366 5583 in-

59 4728 167 4781 διὰ
198 4728 259 4780 τὸ
291 4729 374 4788 εἰς
393 4726 462 4778 τὰ
496 4727 776 4796 ποιήματα
797 4724 1039 4793 γόνιμον.
1086 4722 1255 4773 Πάλιν
1290 4721 1390 4789 τὴν
1420 4719 1560 4773 κατά
1582 4719 1679 4772 κύ-

61 4822 209 4874 κλον
237 4819 473 4889 λέγομεν
504 4816 740 4887 κίνησιν,
770 4815 857 4869 διὰ
888 4815 952 4867 τὸ
978 4813 1192 4874 ταύτὸν,
1222 4813 1315 4865 καὶ
1348 4812 1429 4864 ὅτι
1465 4811 1677 4880 συνέχει

56 4912 282 4965 πάντα.
315 4910 633 4981 Σημείωσαι
662 4907 792 4978 γὰρ,
821 4909 902 4961 ὅτι
933 4906 999 4959 τά
1034 4902 1445 4976 ὑπερόεόηκότα
1490 4902 1677 4971 περιέ-

57 5022 158 5076 χει
192 5004 261 5056 τά
290 5002 695 5072 ύποῦεὕηκότα.
734 5002 912 5072 ’Λκρα
940 5000 1069 5068 γοῦν
1103 4998 1256 5051 καλεί
1282 4995 1381 5058 τὰς
1418 4994 1678 5047 ἀνωτάτω

54 5097 338 5166 δυνάμεις
368 5096 465 5148 καὶ
495 5092 902 5164 πλησιαζούσας
947 5091 1085 5161 Θεῷ,
1121 5091 1291 5162 μέσας
1329 5088 1385 5140 δὲ
1415 5086 1514 5149 τὰς
1560 5088 1677 5156 μεττ

54 5188 297 5250 ὲκείνας
320 5188 443 5257 μὲν,
462 5186 571 5238 τῶν
586 5185 642 5237 δὲ
658 5183 931 5253 αἰσθητῶν
964 5182 1218 5236 ἁπάντων
1248 5176 1672 5249 ὑπερκειμένας.

60 5282 138 5333 Αἱ
182 5280 281 5350 μὲν
308 5275 406 5331 οὖν
435 5275 707 5333 ἀνώταται
738 5275 1052 5345 περιέχουσι
1070 5276 1166 5335 τὰς
1202 5270 1391 5342 μέσας,
1422 5266 1548 5320 αἰδὲ
1579 5267 1675 5336 μέ-

60 5390 171 5425 σαι
200 5370 271 5423 τά
301 5368 558 5439 αἰσθητά.
603 5368 661 5420 Ὀ
694 5366 873 5435 μέντοι
902 5365 1033 5427 Θεὸς
1074 5365 1287 5417 ἅπαντα
1324 5359 1565 5430 περιέχει
1598 5358 1674 5419 ὡς

58 5463 279 5526 κύκλος
310 5462 381 5515 τὰ
411 5461 563 5522 ἐντὸς
595 5456 759 5512 αὑτοῦ
777 5457 975 5519 πάντα,
1008 5456 1097 5507 καὶ
1127 5456 1205 5517 εἰς
1222 5450 1412 5506 ἑαυτὸν
1442 5450 1518 5512 ὡς
1537 5449 1675 5518 πρὸς

59 5558 252 5609 αἴτιον
269 5552 615 5624 ἐπιστρέφει.

55 5649 285 5703 fet-iura
346 5619 499 5699 sunt.
548 5643 805 5696 Extrema
850 5639 1014 5707 igitur
1059 5646 1219 5691 vocat
1274 5646 1561 5705 supremas
1600 5630 1720 5683 illas
1753 5628 1984 5681 virtutes
2031 5626 2247 5693 Dcoque
2289 5625 2646 5694 prapiuquas,
2687 5622 2893 5675 medias
2939 5636 3068 5675 vero
3126 5636 3247 5689 qua!
3284 5619 3365 5687 ιν.

55 5758 175 5799 sas
204 5750 518 5811 sequntur,
562 5736 848 5791 inferiores
880 5732 1145 5801 denique,
1181 5739 1401 5785 naturas
1453 5726 1699 5782 omnium
1738 5720 2043 5779 sensilium.
2090 5720 2368 5790 Supreuue
2406 5720 2589 5788 itaque
2626 5715 2918 5770 continent
2971 5713 3211 5773 medias,
3244 5723 3363 5765 me-
