3768 6304
381 306 490 362 935

1544 298 1603 359 S.
1643 299 1943 357 DIONYSII
1978 299 2447 358 AREOPAGITA‘I
3583 302 3668 357 936

383 425 488 480 dim
519 437 651 479 vero
677 435 764 478 res
799 421 1054 477 scnsiics.
1088 420 1262 477 Porro
1296 420 1440 476 Deus
1467 421 1655 474 omnia
1703 421 1981 487 continet,
2014 421 2159 475 sicut
2209 407 2451 474 cireulus
2501 419 2685 472 omnia
2747 432 2868 488 qua:
2910 419 2963 473 in
3003 418 3120 486 ipso
3161 425 3320 483 sunt,
3368 426 3427 474 et
3466 417 3534 472 ad
3579 420 3666 471 sci-

381 531 539 586 psum
579 529 838 587 tanquam
869 516 935 570 ad
959 531 1182 571 causam
1213 517 1504 571 convertit.

457 612 484 682 §
516 612 582 666 X.
616 609 886 677 Denique,
918 610 964 664 si
997 611 1122 678 quis
1148 610 1290 666 idem
1326 619 1382 664 et
1406 609 1616 680 justum
1652 626 1752 681 pro
1778 609 1945 680 :Pqual

2205 605 2273 658 X.
2311 604 2374 656 Εἰ
2402 602 2460 657 δέ
2491 619 2576 667 τις
2603 603 2664 657 τὸ
2695 603 2890 658 ταύτὸν
2920 605 3015 658 καὶ
3046 603 3335 657 τὸδίκαιον
3369 604 3460 668 είς
3483 603 3544 657 τὺ
3570 605 3665 660 ίσον

383 705 615 773 accipiat
658 702 950 772 (siquidem
1000 702 1142 756 idem
1189 705 1491 757 secundum
1531 703 1715 757 omnia
1764 702 1974 773 aequale

384 812 449 852 ac
472 796 650 851 simile
678 805 780 859 est,
808 806 862 850 et
888 796 1103 866 justitia
1137 794 1422 849 distribuit
1448 794 1844 865 mqualitatem)
1872 795 1974 850 hoc

381 889 546 945 etiam
577 889 866 945 dicendum
908 899 1015 953 est,
1053 887 1217 942 Deum
1250 887 1517 958 aequalem
1565 887 1695 952 dici,
1734 903 1840 942 non
1879 902 1974 941 so-

383 984 491 1038 lum
522 993 580 1037 ut
623 985 857 1052 partimn
893 991 1174 1051 expertem
1214 983 1393 1052 (quod
1439 982 1584 1037 enim
1631 981 1834 1051 aliquid
1884 997 1974 1035 se-

380 1077 616 1129 cundum
660 1084 832 1129 totum
862 1085 1140 1144 exzeqnat,
1175 1093 1281 1130 non
1329 1074 1494 1129 habet
1529 1083 1740 1143 partem
1773 1087 1973 1128 secun-

381 1166 506 1219 dum
539 1181 699 1234 quam
740 1167 822 1219 vel
858 1167 1141 1228 redundet,
1190 1165 1273 1218 vel
1310 1165 1550 1235 deﬁciat)
1588 1179 1776 1219 verum
1803 1162 1970 1217 etiam

381 1256 534 1324 quasi
569 1272 634 1309 ex
668 1272 826 1324 :equo
855 1266 1050 1310 cuncta
1084 1257 1354 1326 pervadit,
1381 1267 1436 1310 ct
1477 1267 1736 1325 tanquam
1771 1254 1968 1323 ipsius-

379 1359 492 1403 met
531 1348 873 1417 arqnalitatis
903 1348 1130 1402 etTeetor
1172 1347 1273 1418 (uti
1327 1348 1560 1403 diximus
1603 1347 1755 1417 prius
1801 1345 1970 1414 ipsius

379 1440 777 1500 similitudinis)
815 1439 1113 1494 secundum
1143 1454 1308 1508 quam
1351 1449 1594 1494 mutuam
1629 1439 1971 1508 penetratio—

376 1547 503 1586 nem
533 1547 598 1586 ex
631 1549 787 1601 aequo
813 1543 1089 1602 procurrat,
1139 1541 1197 1586 ut
1243 1532 1295 1585 in
1341 1531 1652 1598 elementis,
1699 1530 1966 1599 siquidem

380 1625 575 1680 horum
623 1625 810 1678 mistio
859 1640 924 1678 cx
971 1640 1128 1695 mquo
1171 1625 1252 1690 tit,
1295 1633 1350 1678 et
1391 1625 1516 1679 dmn
1563 1625 1614 1680 in
1650 1623 1967 1692 compositis

380 1731 488 1770 non
523 1717 962 1786 pr‘rponderaut,
1013 1716 1198 1770 mundi
1241 1716 1406 1771 eilicit
1451 1717 1862 1787 generationes.
1908 1716 1966 1771 Si

380 1807 525 1861 enim
562 1807 781 1875 aliquod
829 1807 1154 1861 elementum
1199 1808 1487 1873 redundet,
1533 1808 1584 1862 id
1628 1809 1771 1876 quod
1818 1807 1966 1879 geni-

381 1907 494 1952 tum
546 1913 631 1954 eSt
673 1900 1062 1968 corrumpitur.
1113 1900 1247 1955 Cum
1301 1914 1434 1954 vero
1487 1899 1622 1954 dicit
1665 1900 1964 1970 participa-

381 1991 581 2045 tionem
613 1991 900 2060 arqualitcr
943 1990 1418 2062 participantium,
1471 2007 1542 2045 ne
1579 1994 1665 2046 cui
1716 1993 1970 2046 videatur

378 2082 581 2146 dicere,
633 2082 778 2151 quod
834 2082 1018 2136 omnia
1077 2083 1363 2151 aequaliter
1410 2082 1859 2152 sanctiﬁccntur,
1914 2093 1971 2140 et

376 2173 662 2243 aequaliter
710 2173 1105 2237 illumineutur,
1161 2175 1514 2243 semetipsum
1559 2173 1844 2243 explicuit,
1881 2173 1965 2226 di-

375 2280 507 2320 cens
549 2282 566 2319 :
617 2266 929 2320 Secundum
972 2265 1239 2335 cujusque
1278 2254 1638 2334 capacitatem
1687 2273 1742 2318 et
1795 2264 1970 2330 digni-

381 2356 508 2411 tatis
537 2357 927 2425 :equalitatem.
963 2357 1028 2410 Et
1060 2371 1252 2409 rursus
1276 2356 1574 2410 secundum
1606 2355 1771 2408 alium
1807 2354 1963 2424 501

379 2446 599 2500 modum
648 2448 792 2501 Deus
841 2446 1066 2515 aequalis
1105 2445 1321 2509 dicitur,
1357 2455 1626 2514 quatenus
1671 2447 1967 2500 secundum

379 2537 638 2592 virtutem
679 2537 1012 2606 aqualitatis
1053 2535 1389 2592 etfectriccm
1435 2553 1652 2591 omnem
1684 2537 1967 2607 :equalita-

383 2636 492 2681 tem
536 2628 895 2697 anticipavit,
936 2627 1096 2696 juxta
1145 2629 1634 2698 prwdctinitioncm
1676 2629 1806 2684 alibi
1851 2639 1967 2683 tra-

379 2722 580 2787 dilallt;
617 2723 1015 2790 intellectilem,
1057 2738 1179 2792 quae
1220 2725 1320 2777 sub
1361 2738 1582 2778 seusnm
1635 2738 1742 2778 non
1795 2723 1965 2789 cadit,

377 2815 588 2870 Scilicet
642 2815 994 2886 angelorum;
1042 2816 1464 2884 intclligentem,
1519 2831 1640 2886 quae
1684 2815 1967 2886 simplices

377 2919 432 2963 et
456 2911 657 2966 liberas
701 2913 868 2966 habet
912 2913 1330 2976 intellectioues,
1371 2915 1486 2969 sive
1529 2917 1726 2972 mentis
1770 2931 1968 2972 secun-

377 3002 503 3056 dum
539 3018 632 3068 se;
666 3004 1012 3071 rationalem,
1038 3020 1158 3075 quae
1190 3022 1286 3076 per
1319 3007 1585 3061 rationem
1619 3015 1676 3061 et
1716 3009 1965 3076 specula-

378 3094 579 3150 tionem
614 3112 795 3151 rerum
833 3098 1080 3152 notiones
1111 3099 1360 3167 suscipit,
1406 3099 1712 3153 animarum
1754 3099 1967 3156 scilicet

378 3185 762 3253 rationalium;
806 3189 1160 3254 sentientem,
1206 3204 1327 3258 qua:
1371 3189 1472 3244 sub
1529 3205 1748 3244 sensum
1793 3191 1957 3256 cadit,

2081 695 2510 767 μεταλαμϐάνει,
2547 695 2763 767 (ταύτὸν
2793 697 2902 768 γὰρ
2929 694 2991 749 τὸ
3022 696 3166 750 κατὰ
3225 696 3415 749 πάντα
3451 698 3563 750 ἴσον
3591 697 3666 751 καὶ

2074 791 2282 862 ὅμοιον,
2316 789 2410 844 καὶ
2439 789 2755 860 δικαιοσύνη
2782 792 2815 861 ἡ
2847 788 2941 842 τοῦ
2976 788 3094 842 ῐσου
3138 788 3554 860 διανεμητικήο)
3589 795 3666 862 ῥη-

2074 882 2196 935 τέον
2225 882 2320 935 καὶ
2351 880 2530 945 τοῦτο,
2565 883 2645 934 ότι
2678 880 2792 944 ἴσος
2819 880 3035 948 λέγεται
3062 883 3091 934 ὁ
3125 881 3283 945 Θεὸς,
3316 882 3382 934 οὐ
3421 881 3581 952 μόνον
3606 885 3667 947 ὡς

2073 974 2308 1046 ἀμερὴς,
2341 973 2423 1044 (τὸ
2466 973 2575 1045 γάρ
2606 971 2852 1038 ἑξισάζρν
2881 973 2949 1026 δι’
2976 973 3098 1026 ὅλου
3133 973 3276 1044 πρός
3313 991 3396 1038 τι,
3448 975 3546 1028 οὐκ
3575 977 3666 1046 ἔχει

2077 1066 2243 1137 μέρος
2298 1065 2434 1119 καθὸ
2473 1066 2506 1137 ἢ
2553 1066 2936 1138 πλεονεκτήσει
2973 1064 3005 1138 ἢ
3058 1067 3511 1138 μειονεκτήσει·)

2073 1158 2168 1210 καὶ
2199 1157 2275 1221 ὡς
2303 1158 2501 1228 ἐπίσης
2531 1159 2624 1211 ἐπὶ
2653 1158 2829 1212 πάντα
2859 1158 3060 1227 φοιτῶν
3084 1199 3099 1223 ,
3131 1159 3229 1212 καὶ
3261 1159 3341 1222 ῶς
3376 1161 3664 1230 ὑποστάτης

2071 1250 2171 1321 τῆς
2212 1250 2613 1320 αὐτοῖσότητος,
2659 1249 2755 1320 (ὡς
2782 1249 3041 1320 ἐλέγομεν
3062 1250 3334 1322 πρότερον
3365 1251 3472 1321 τῆς
3500 1252 3664 1305 αὑτοο-

2075 1341 2408 1414 μοιότητος,)
2451 1343 2573 1397 καθ’
2607 1345 2674 1414 ἢν
2711 1344 2952 1414 ίσουργεϊ
2989 1343 3090 1415 τὴν
3119 1343 3186 1396 δι’
3219 1343 3478 1415 ἀλλήλων
3505 1344 3662 1416 χώρη-

2076 1451 2182 1497 σιν,
2216 1433 2292 1498 ὡς
2325 1435 2420 1487 ἐπὶ
2447 1435 2557 1488 τῶν
2589 1436 2889 1506 στοιχείων·
2911 1436 2944 1504 ἡ
2966 1434 3075 1506 γὰρ
3104 1436 3309 1506 ἐπίσης
3343 1438 3546 1508 κρᾶσις
3561 1441 3664 1489 τού-

2073 1545 2204 1590 των,
2238 1528 2331 1580 καὶ
2362 1527 2424 1580 τὸ
2459 1528 2532 1600 μὴ
2570 1527 3056 1599 ὑπερταλαντευειν
3091 1529 3148 1581 ὲν
3194 1532 3312 1591 τοῖς
3342 1530 3662 1600 συγκρίμασι

2069 1619 2169 1682 τὰς
2187 1620 2426 1687 γενέσεις
2455 1619 2548 1672 τοῦ
2584 1619 2791 1690 κόσμου
2845 1621 3006 1672 ποιεῖ.
3053 1619 3116 1672 El
3149 1619 3261 1691 γάρ
3295 1638 3350 1673 τι
3386 1620 3497 1673 τῶν
3544 1638 3662 1672 στοι-

2070 1710 2232 1782 χείων
2263 1710 2600 1774 πλεονάσειε,
2639 1710 2920 1782 φθείρεται
2952 1711 3013 1763 τὸ
3045 1709 3358 1782 γινόμενον.
3411 1711 3593 1764 Είπὼν
3619 1712 3665 1764 δὲ

2067 1804 2166 1876 τὴν
2196 1803 2305 1856 τῶν
2354 1803 2878 1874 μεταλαμϐανόντων
2921 1802 3121 1874 ἐπίσης
3166 1802 3447 1875 panthv,
3491 1804 3576 1857 ἵνα
3604 1804 3664 1873 μή

2069 1913 2177 1950 τινι
2208 1896 2336 1970 δόξῃ
2362 1897 2540 1965 λέγειν
2568 1897 2650 1950 ὃτι
2670 1895 2868 1968 ἐπίσης
2896 1895 2967 1948 τά
2996 1895 3175 1950 πάντα
3193 1896 3560 1965 άγιάζονται,
3588 1900 3670 1952 καὶ

2005 1970 2044 2023 Β
2071 1989 2272 2061 ἐπίσης
2300 1990 2647 2058 φωτίζονται,
2679 1989 3059 2061 ὲπεξηγήσατο
3091 1989 3316 2053 ἑαυτὸν,
3353 1990 3668 2044 είπὼΨΚα-

2072 2080 2142 2134 τὰ
2175 2082 2278 2152 τὴν
2311 2082 2541 2135 ἑκάστου
2576 2081 2989 2153 ἐπιτηδειότητα
3010 2083 3104 2135 καὶ
3122 2078 3184 2134 τὸ
3218 2084 3336 2135 ῐσον
3368 2082 3473 2153 τῆς
3504 2083 3664 2148 ἀξίας.

2073 2174 2184 2227 Καὶ
2214 2176 2334 2231 κατ’
2368 2175 2525 2230 ἄλλον
2560 2174 2720 2228 πάλιν
2753 2175 2955 2246 τρόπον
3003 2175 3116 2228 τσον
3147 2173 3211 2228 τὸ
3242 2175 3407 2228 Θεῖον
3440 2174 3664 2244 λέγεται,

2071 2265 2209 2320 διότι
2242 2268 2382 2320 κατὰ
2409 2267 2507 2339 τὴν
2538 2268 2746 2322 ἑαυτῶν
2784 2266 3071 2338 ποιητικὴν
3104 2267 3204 2337 τῆς
3237 2267 3494 2338 ἰσότητος
3523 2267 3666 2320 δύνα-

2075 2377 2167 2430 μιν
2206 2360 2384 2413 πᾶσαν
2417 2360 2638 2432 ἰσότητα
2670 2359 2989 2430 προείληφε,
3021 2359 3167 2412 κατὰ
3181 2359 3275 2412 τὸν
3295 2361 3393 2413 καὶ
3409 2361 3470 2412 ὲν
3502 2359 3662 2422 ἄλλοις

2074 2449 2308 2522 ρηθέντα
2342 2453 2698 2524 προορισμόν·
2737 2450 2954 2522 νοητὴν,
2991 2451 3089 2522 τὴν
3123 2452 3384 2522 αἰσθήσει
3412 2453 3513 2522 οὐχ
3548 2453 3660 2504 ὑπο-

2072 2545 2394 2607 πίπτουσαν,
2444 2541 2541 2613 τὴν
2585 2544 2697 2596 τῶν
2738 2543 2986 2612 ἀγγέλων
3038 2542 3264 2614 δηλαδή·
3312 2543 3534 2614 νοερὰν,
3579 2544 3660 2614 τὴν

2072 2634 2260 2699 ἁπλῶς
2292 2635 2386 2689 καὶ⁵
2415 2635 2698 2699 ἀπολύτως
2728 2635 2828 2698 τὰς
2862 2636 3076 2707 νοήσεις
3107 2635 3366 2706 ἔχουσαν,
3390 2638 3562 2708 ἤγουν
3575 2636 3658 2706 τήν

2069 2727 2163 2780 τοῦ
2197 2728 2316 2791 νοὸς
2345 2729 2466 2781 κατ’
2487 2728 2668 2781 αὐτόν’
2689 2727 2937 2805 λογικήν,
2968 2727 3068 2799 τὴν
3098 2728 3190 2782 διὰ
3217 2729 3382 2798 λόγου
3415 2730 3514 2783 καὶ
3542 2730 3657 2783 θεων

2072 2819 2193 2891 ρῖας
2220 2818 2322 2884 τὰς
2352 2819 2458 2873 τῶν
2475 2821 2644 2874 όντων
2665 2821 2896 2890 γνώσεις
2927 2821 3227 2892 δεχομένην
3247 2861 3263 2886 ,
3297 2823 3411 2876 τῶν
3437 2823 3656 2891 λογικῶν

2067 2913 2255 2983 ψυχῶν
2281 2913 2543 2984 δηλονότι’
2576 2913 2860 2985 αἰσθητὴν,
2907 2914 3006 2985 τὴν
3049 2917 3116 2986 τῇ
3167 2915 3424 2988 αἰσθήσει
3473 2915 3655 2969 ὑποπί-

2069 3023 2329 3067 πτουσαν,
2353 3005 2530 3059 εἴτουν
2553 3005 2650 3077 τὴν
2670 3005 2778 3058 τῶν
2797 3004 2978 3076 μερῶν
2994 3005 3086 3058 τοῦ
3111 3006 3345 3077 κόσμου,
3364 3008 3510 3078 άπερ
3533 3007 3652 3058 διαιο

2071 3097 2288 3171 ροῦνται
2317 3100 2396 3162 είς
2425 3097 2656 3168 οὗσιώδη
2685 3099 2785 3151 καὶ
2828 3097 3055 3167 φυσικὰ,
3086 3099 3372 3152 τουτέστιν
3403 3100 3486 3164 εἷς
3513 3117 3570 3152 τε
3598 3099 3656 3150 τά

2067 3192 2410 3262 ἀναισθήτως
2442 3193 2536 3244 καὶ
2568 3191 2744 3262 πάντη
2768 3191 3041 3262 ἀκινήτως
3073 3193 3225 3254 ὄντα,
3250 3194 3346 3245 καὶ
3365 3194 3447 3256 εἰς
3478 3194 3547 3245 τά
3569 3197 3654 3260 τὴν

376 3277 490 3331 sive
521 3279 758 3347 partium
795 3281 1010 3346 mumli,
1051 3297 1173 3351 qua:
1215 3282 1531 3335 dividuntur
1560 3283 1612 3336 in
1641 3284 1864 3336 essentia

2164 3283 2354 3338 ιιανοῦν
2389 3283 2581 3355 ἔχοντα
2615 3284 2849 3354 κίνησιν·
2897 3283 2996 3355 τὴν
3040 3282 3152 3354 γάρ
3182 3282 3348 3352 φύσιν
3379 3283 3556 3353 ἀρχὴν
3583 3299 3652 3333 κι-

376 3381 443 3422 ac
477 3369 777 3433 naturales,
814 3370 864 3423 id
904 3380 986 3424 est
1029 3372 1084 3424 in
1133 3387 1220 3424 res
1257 3371 1607 3426 insensibiles
1636 3387 1699 3426 ac
1742 3389 1965 3442 prorsus

378 3457 710 3523 immobiles,
743 3469 798 3512 ct
837 3475 930 3514 cas
971 3475 1092 3528 qntc
1133 3460 1422 3530 aliqnalem
1469 3474 1675 3515 motum
1721 3463 1958 3529 habent;

377 3557 631 3603 naturam
659 3555 804 3605 enim
839 3553 1110 3606 dctiniunt
1137 3554 1463 3623 principium
1505 3567 1684 3611 motus
1719 3565 1773 3611 et
1807 3558 1962 3626 quie-

2071 3375 2280 3446 νήσεως
2322 3377 2416 3427 καὶ
2451 3373 2688 3445 ἠρεμίας
2732 3373 3025 3444 όρίζονται’
3075 3372 3308 3443 θελητὴν
3350 3373 3408 3425 δὲ
3448 3373 3652 3440 ἰσότητα

2067 3469 2167 3539 τὴν
2203 3469 2595 3540 προαιρετικὴν
2625 3482 2811 3537 φησιν,
2851 3465 2918 3535 ἣν
2964 3464 3210 3530 θέλοντες
3252 3465 3349 3518 καὶ
3382 3467 3449 3519 ὲκ
3477 3480 3652 3536 προαι-

2069 3560 2274 3632 ρέσεως
2304 3559 2748 3632 κατορθούμενοι,
2769 3557 2839 3609 τὰ
2869 3555 3051 3609 δίκαια
3081 3556 3451 3628 ἐργαζόμεθα.

376 3640 478 3703 lis;
515 3642 878 3697 voluntariam
919 3661 1049 3700 vero
1085 3647 1450 3716 :rqualitatem
1481 3657 1676 3701 vocant
1697 3665 1819 3703 eam
1849 3666 1972 3720 quae
2000 3662 2179 3719 potest
2215 3652 2439 3723 eligere,
2481 3666 2646 3720 quam
2713 3649 2936 3719 quando
2979 3648 3254 3716 volumus,
3297 3662 3354 3704 et
3406 3664 3479 3704 ex
3516 3649 3652 3704 arbi-

376 3733 467 3788 trii
497 3733 753 3790 libertate
800 3747 946 3792 recte
979 3740 1325 3807 ordinanms,
1370 3757 1431 3796 ea
1477 3757 1598 3812 qua:
1639 3742 1786 3812 justa
1847 3753 1977 3798 sunt
2032 3745 2262 3815 agimus.

403 3914 3628 3944 ___._______________.._____________________________________.

810 4031 818 4040 ’
891 4047 1278 4137 CAPUT
1347 4050 1474 4137 Χ.

377 4177 452 4234 De
483 4183 838 4236 omnitenente
863 4224 877 4248 ,
919 4186 1139 4253 antiquo
1169 4185 1415 4250 dierum;
1461 4188 1516 4239 in
1553 4203 1654 4256 quo
1696 4188 1858 4241 etiam
1889 4187 1955 4241 de

694 4270 802 4308 aevo
851 4271 943 4308 seu
979 4257 1273 4309 wteruitute
1302 4267 1348 4309 et
1377 4268 1629 4325 tempore.

2475 4035 3128 4127 ΚΕΦΑΛΛΙΟΝ
3166 4031 3264 4121 Ι’.

2064 4186 2203 4252 Περὶ
2229 4181 2724 4252 παντοκράτορος)
2770 4175 3031 4252 παλαιοῦ
3074 4175 3346 4252 ἡμερῶν·
3379 4173 3450 4228 ἐν
3477 4171 3526 4237 ᾧ
3558 4170 3646 4224 καὶ

2454 4246 2835 4319 ἓτερὶάὶῶνος
2874 4246 2970 4300 καὶ
3017 4250 3267 4317 χρόνου.

1680 4410 2017 4468 SYNOPSIS
2059 4408 2354 4466 CAl’lTlS.

377 4551 420 4610 l.
451 4550 614 4614 Dicit,
645 4552 783 4604 unde
819 4550 964 4605 Deus
997 4553 1209 4605 dicatur
1238 4552 1635 4622 παντοκράτωρ
1658 4568 1749 4605 seu
1785 4552 2134 4604 omnilenem.
2169 4547 2231 4601 ll.
2267 4544 2421 4622 Unde
2441 4545 2616 4599 dictus
2655 4545 2722 4598 sit
2746 4544 2996 4613 antiquus
3025 4542 3262 4596 dierum.
3292 4539 3382 4595 Ill.
3418 4538 3558 4606 Quid
3585 4537 3643 4588 διε

1233 4616 1476 4691 tempus,
1513 4633 1560 4676 et
1591 4616 1860 4676 tutemitus
1888 4638 1981 4676 seu
2011 4636 2202 4676 meum.
2233 4628 2282 4671 et
2305 4616 2497 4686 quibus
2527 4627 2806 4683 competat.

1936 4737 2058 4812 ει.

447 4881 554 4936 Sed
622 4891 838 4948 tempus
885 4889 971 4935 est
1018 4882 1272 4936 oratione
1317 4895 1503 4940 nostra
1554 4886 1721 4941 Deum
1768 4886 1954 4941 mnlti-
1988 4889 2032 4943 D

371 4973 643 5037 nomium,
673 4983 733 5026 ut
760 4973 1216 5037 omnitenentcm,
1243 4983 1298 5028 et
1325 4986 1383 5027 ut
1411 4977 1694 5046 antiquum
1717 4977 1948 5044 dierum,

372 5064 726 5132 prmdicandi.
761 5065 839 5117 Ac
869 5064 1219 5118 omnitenens
1264 5066 1484 5131 quidem
1532 5069 1755 5136 dicitur,
1806 5071 1951 5139 quod

374 5158 489 5224 ipse
520 5155 592 5207 sit
613 5155 856 5209 omnium
882 5154 1062 5217 sedes,
1091 5156 1272 5209 onmia
1297 5157 1583 5212 continens
1615 5170 1779 5228 atque
1807 5176 1951 5214 com-

370 5247 632 5316 plectens,
676 5257 732 5300 et
776 5258 969 5300 cuncta
1011 5245 1334 5310 stabiliens,
1369 5247 1604 5304 fundatis
1628 5261 1790 5319 atque
1821 5268 1952 5306 con-

291 5378 294 5381 λ
368 5340 664 5408 stringens,
701 5347 759 5395 et
794 5339 1107 5393 universum
1151 5339 1441 5395 insolubile
1493 5343 1546 5396 in
1591 5346 1771 5414 seipso
1807 5361 1950 5414 pra:-

371 5438 542 5495 staus,
571 5441 626 5484 et
653 5445 721 5484 ex
741 5445 819 5495 se,
845 5430 1008 5482 veluti
1033 5443 1101 5482 ex
1126 5429 1497 5486 oumilenente
1522 5437 1722 5499 radice,
1752 5451 1947 5492 cuncta

372 5522 720 5588 produceus,
784 5532 946 5590 atque
989 5521 1055 5574 ad
1086 5535 1144 5574 se
1171 5561 1185 5586 ,
1248 5532 1505 5591 tanquam
1555 5529 1620 5581 ad
1672 5527 1942 5594 fundum,

2135 4884 2273 4956 Ὦρα
2303 4882 2368 4953 δὴ
2400 4881 2477 4953 τῷ
2510 4881 2652 4951 λόγῳ
2684 4882 2774 4934 τὸν
2809 4875 3163 4948 πολυώνυμον
3197 4877 3331 4931 Θεὸν
3350 4916 3366 4941 ,
3411 4877 3488 4940 ὡς
3521 4893 3639 4928 παν-

2058 4977 2396 5048 τοκράτορα,
2447 4975 2541 5028 καὶ
2583 4974 2659 5036 ὡς
2706 4971 2930 5025 παλαιὸν
2989 4970 3220 5042 ἡμερῶν
3279 4971 3532 5041 ὑμνῆσαι.
3576 4965 3639 5018 Τὸ

2063 5067 2162 5138 μὲν
2194 5067 2303 5139 γάρ
2335 5065 2554 5134 λέγεται
2583 5063 2672 5117 διὰ
2701 5063 2762 5115 τὸ
2803 5061 3021 5114 πάντων
3069 5060 3232 5112 αὑτὸν
3278 5055 3415 5110 εἷναι
3463 5073 3640 5110 παντο-

2060 5157 2390 5232 κρατορικὴν
2435 5157 2629 5228 ἕδραν,
2681 5154 3007 5224 συνέχουσαν
3055 5151 3152 5204 καὶ
3194 5150 3551 5221 περιέχουσαν
3578 5149 3638 5200 τὰ

2057 5252 2186 5316 ὅλα,
2223 5251 2318 5305 καὶ
2361 5247 2746 5320 ἐνιδρύουσαν,
2796 5245 2891 5298 καὶ
2934 5240 3330 5312 θεμελιοῦσαν,
3374 5244 3464 5294 καὶ
3497 5257 3638 5311 περι-

2059 5347 2426 5417 σφίγγουσαν,
2474 5342 2568 5396 καὶ
2615 5338 2852 5412 ἀῤῥαγὲς
2899 5337 2956 5388 ὲν
3007 5337 3178 5406 ἑαυτῇ
3207 5336 3252 5367 ⁸³
3287 5336 3350 5387 τὸ
3383 5337 3489 5387 πᾶν
3519 5334 3640 5385 ἁπο-

2053 5437 2334 5500 τελοῦσαν,
2370 5436 2462 5488 καί
2494 5432 2553 5497 ἐξ
2585 5433 2752 5502 αὐτῆς
2787 5428 2858 5482 τά
2899 5427 3030 5489 ὅλα,
3084 5427 3341 5498 καθάπερ
3386 5429 3450 5479 ἐκ
3497 5426 3638 5495 ῥίζης

2054 5527 2580 5600 παντοκρατορικῆς,
2617 5524 2979 5595 προάγουσαν,
3035 5521 3130 5573 καὶ
3163 5522 3242 5582 εἰς
3278 5519 3476 5590 ἑαυτὴν
3503 5517 3545 5547 ⁵ο
3577 5509 3640 5564 τὰ

1677 5643 1913 5698 VARI/13
1954 5643 2358 5700 LECTIONES.

453 5748 497 5777 ⁸³
530 5749 586 5798 ἐν
615 5746 777 5821 αὑτῇ,
805 5757 863 5809 1).
951 5760 997 5789 ὀ
1032 5760 1109 5821 εἰς
1143 5760 1331 5830 αὐτὴν,
1369 5761 1422 5812 S.
1455 5759 1512 5811 Ι).
