3768 6306
105 309 211 365 937

1190 319 1278 374 DE
1313 318 1562 375 DlVlNiS
1594 319 1990 389 NOMINIBUS,
2028 322 2182 380 CAP.
2239 324 2303 382 Χ.

3252 330 3359 386 938

101 427 288 479 πάντα
316 467 332 491 ,
392 428 646 504 καθάπερ
696 434 775 498 είς
848 434 1094 505 πυθμένα
1154 436 1649 508 παντοκρατορικὸν

1800 441 2161 506 omniteneus,
2193 442 2448 499 universa
2478 453 2837 510 convertens,
2868 451 2924 501 et
2950 449 3237 503 continens
3257 488 3271 511 ,
3304 458 3363 502 ut

100 520 548 593 ἐπιστρέφουσαν
603 527 695 579 καὶ
747 528 1073 600 συνέχουσαν
1122 529 1260 583 αὐτὰ
1285 570 1300 594 ,
1348 530 1423 593 ὼς
1475 529 1693 583 πάντων

98 612 269 683 ἓδραν
316 618 643 689 παγκρατῑμ
690 619 759 673 τὰ
805 621 1133 691 συνεχόμενα
1171 622 1346 675 πάντα
1376 621 1515 674 κατὰ
1562 623 1691 692 μίαν

99 704 486 778 ὑπερέχουσαν
520 712 696 766 πάντα
730 712 956 784 συνοχὴν
980 712 1437 787 ἀσφαλιζομένην,
1469 715 1561 768 καὶ
1589 716 1689 769 οὐκ

98 795 283 850 ἐῶσαν
318 799 463 852 αὐτά
492 800 841 856 διεκπεσόντα
887 804 1117 876 ἑαυτῆς,
1164 805 1240 868 ὡς
1284 807 1349 858 ἐκ
1395 806 1691 870 παντελοῦς

99 886 293 951 ἑστίας
328 891 643 963 κινούμενα,
681 895 1112 965 παραπολέσθαι.
1151 896 1380 964 Λέγεται
1412 898 1469 951 δὲ
1490 916 1688 951 παντο-

98 979 332 1052 κράτωρ
366 984 399 1053 ἡ
437 983 665 1055 θεαρχία
718 986 810 1039 καὶ
855 986 931 1050 ὡς
973 987 1189 1041 πάντων
1232 986 1541 1059 κρατοῦσα,
1593 988 1689 1041 καὶ⁵

96 1071 321 1142 ἀμιγῶς
354 1078 469 1139 τοῖς
496 1077 884 1150 διοικουμένοις
924 1080 1323 1150 ἐπάρχουσαθί,
1358 1080 1452 1133 καὶ
1475 1081 1551 1143 ὼς
1580 1082 1687 1133 πᾶ-

100 1180 186 1215 σιν
232 1166 407 1237 ἐφετὴ
441 1169 535 1221 καὶ
578 1170 879 1239 ἐπέραστος
917 1166 1051 1224 οὖσα
1075 1211 1090 1235 ,
1135 1173 1228 1225 καὶ
1268 1171 1627 1225 ὲπιὸἀλλουσα
1643 1174 1688 1205 θ’

97 1256 236 1309 πᾶσι
269 1257 404 1321 τοὺς
430 1259 764 1325 ἐθελουσίους
797 1261 1014 1331 ζυγοὺς,
1047 1262 1141 1316 καὶ
1170 1262 1269 1327 τὰς
1285 1264 1539 1333 γλυκείας
1563 1264 1688 1317 ὠδῖ-

96 1366 197 1413 νας
227 1350 327 1403 τοῦ
355 1352 504 1405 θείου
535 1356 629 1408 καὶ
655 1356 1157 1430 παντοκρατορικοῦ
1184 1357 1277 1412 καὶ
1304 1355 1501 1413 ἀλύτου
1515 1360 1563 1391 ³³
1586 1358 1689 1429 τῆς

96 1442 445 1516 ἀγαθὸτητος
470 1445 642 1518 αὐτῆς
672 1446 892 1519 ἔρωτος.

1795 532 2035 586 omnium
2085 533 2241 588 sedes
2284 536 2643 607 omnicapax,
2694 538 2878 594 omnia
2932 548 3192 593 contenta
3253 555 3359 593 una

1795 626 2124 695 praecellenti
2162 630 2502 685 connexione
2542 632 2938 695 communiens,
2966 647 3143 702 neque
3172 630 3362 688 sinens

1776 729 1857 769 ea
1883 715 1986 771 sibi
2014 716 2283 781 excidere,
2318 732 2408 781 ne,
2440 726 2697 788 tanquam
2728 719 2967 789 perfecta
2998 723 3161 776 domo
3190 731 3356 775 mota.

1795 807 2127 875 dispereant.
2191 808 2401 864 Dicitur
2445 821 2624 866 autem
2676 813 3023 867 omniteneus
3067 811 3249 876 Deus,
3301 821 3360 864 ut

1791 901 1973 956 omnia
2002 901 2286 957 dominatu
2329 917 2428 957 suo
2466 915 2687 969 tenens,
2715 915 2770 961 et
2793 908 2884 975 qui
2919 908 2987 961 i‘is
3018 922 3137 975 qua:
3162 908 3359 977 guber-

1794 1002 1888 1046 nat
1915 1002 2111 1062 prmest
2139 993 2394 1059 immiste,
2421 1002 2559 1048 etut
2584 996 2835 1052 omnibus
2874 997 3254 1054 desiderabilis
3300 1009 3359 1051 et

1791 1083 2061 1150 amabilis,
2092 1096 2149 1140 et
2172 1086 2382 1140 cunctis
2423 1087 2552 1157 juga
2602 1088 2907 1143 voluntaria
2956 1090 3273 1160 imponens,
3304 1100 3360 1143 et

1788 1177 1978 1231 dulces
2005 1180 2391 1246 parturitiones
2419 1179 2623 1233 amoris
2646 1181 2815 1236 divini
2848 1191 2904 1237 et
2935 1183 3355 1249 omnitenentis,

1792 1277 1849 1324 et
1873 1267 2174 1323 insolubilis
2198 1268 2369 1338 ipsius
2403 1270 2684 1327 bonitatis.

1662 1570 1690 1645 ι
1726 1568 1806 1630 ιι.

177 1706 444 1780 Ἦμερῶν
475 1708 532 1763 δὲ
569 1709 796 1776 παλαιὸς
825 1713 854 1765 ὁ
877 1710 1010 1776 Θεὸς
1041 1713 1290 1784 ὑμνεῖται
1321 1712 1412 1768 διὰ
1448 1712 1510 1767 τὸ
1549 1713 1665 1767 πάν

1854 1706 2013 1779 502
2050 1706 2326 1764 Laudatur
2361 1716 2540 1764 autem
2582 1708 2727 1765 Deus
2771 1710 2839 1765 ab
2889 1709 3208 1781 antiquitate
3243 1712 3357 1767 dic-

92 1815 203 1852 των
236 1799 405 1853 αὐτὸν
451 1797 587 1855 εἶναι
633 1802 729 1857 καὶ
774 1804 980 1870 αἰῶνα,
1027 1806 1122 1858 καὶ
1167 1804 1391 1877 χρόνον,
1439 1806 1534 1859 καὶ
1578 1804 1685 1875 πρὸ

93 1889 363 1961 ἡμερῶν,
401 1893 497 1945 καὶ
529 1892 635 1965 πρὸ
680 1893 907 1961 αἰῶνος,
948 1898 1042 1950 καὶ
1091 1897 1300 1969 χρόνου.
1350 1897 1543 1950 Καίτοι
1590 1897 1684 1950 καὶ

94 1982 313 2053 χρόνον,
350 1986 446 2038 καὶ
478 1986 720 2058 ἡμέραν,
755 1989 847 2042 καὶ
880 1990 1101 2061 καιρὸν,
1136 1991 1228 2043 καὶ
1260 1990 1428 2044 αἰῶνα
1460 1989 1683 2061 θεοπρε-

93 2071 215 2136 πῶς
247 2074 420 2128 αὑτὸν
450 2078 804 2149 προσρητέον,
843 2080 918 2145 ὡς
948 2081 1077 2135 ὄντα
1100 2082 1241 2136 κατά
1266 2085 1446 2137 πᾶσαν
1470 2083 1681 2155 κίνησιν

92 2164 480 2238 ἀμετάϐλητον
514 2171 606 2223 καὶ
638 2170 892 2243 ἀκίνητον
911 2213 925 2236 ,
976 2175 1068 2228 καὶ
1100 2177 1157 2228 ὲν
1189 2174 1265 2246 τῷ
1298 2176 1384 2230 ἀεὶ
1416 2175 1681 2229 κινεῖσθαι

94 2257 331 2326 μένοντα
363 2261 451 2329 ἐφ’
485 2262 699 2328 ἑαυτοῦ,
734 2264 828 2319 καὶ
858 2267 934 2331 ὡς
967 2269 1181 2334 αἰῶνος,
1215 2270 1308 2324 καὶ
1343 2270 1555 2342 χρόνου,
1589 2272 1682 2326 καὶ

90 2349 325 2421 ἡμερῶν
356 2351 551 2405 αἴτιον.
587 2352 678 2407 Διὸ
709 2356 803 2408 καὶ
836 2358 892 2411 ὲν
925 2360 1045 2422 ταῖς
1073 2360 1246 2430 ἱεραῖς
1268 2359 1376 2413 τῶν
1405 2363 1682 2431 μυστικῶν

88 2443 340 2512 ὀράσεων
374 2445 715 2515 θεοφανείαις
748 2450 841 2503 καὶ
875 2450 1055 2516 πολιὸς
1069 2452 1117 2485 ’⁸
1150 2454 1242 2507 καὶ
1288 2455 1405 2518 νέος
1451 2455 1682 2509 πλάττε-

87 2550 215 2587 ται·
251 2536 349 2589 τοῦ
387 2537 487 2607 μὲν
520 2540 782 2611 προτέρου
800 2542 846 2574 ⁸⁵
878 2542 970 2595 τὸν
1008 2544 1231 2616 ἀρχαῖον
1276 2546 1367 2598 καὶ
1412 2545 1540 2599 ὄντα
1585 2548 1678 2601 ἀπ’

88 2627 302 2699 ἀρχῆς,
340 2628 438 2682 τοῦ
480 2632 747 2704 νεωτέρου
779 2634 836 2686 δὲ
865 2633 957 2688 τὸν
989 2636 1180 2706 ἀγήρω
1226 2638 1607 2708 σημαίνοντος·
1643 2639 1677 2710 ἢ

86 2717 299 2787 ἀμφοῖν
332 2718 396 2771 τὸ
428 2719 488 2787 ἐξ
521 2721 695 2792 ἀρχῆς
727 2723 813 2776 διὰ
861 2724 1075 2778 πάντων
1118 2726 1243 2797 ἄχρι
1288 2726 1474 2791 τέλους
1519 2727 1679 2781 αὑτὸν

86 2810 338 2881 προῐέναι
373 2811 765 2869 διδασκόντων·
804 2814 859 2887 ἢ,
894 2816 969 2880 ὡς
1000 2819 1028 2870 ό
1061 2818 1201 2881 θεῖος
1233 2818 1390 2890 ἡμῶν
1425 2821 1680 2891 ἱεροτελε-

88 2904 226 2975 στής
260 2922 398 2976 φησι
418 2945 432 2970 ,
468 2906 561 2959 τοῦ
594 2907 854 2981 ἐκατέρου
891 2910 990 2982 τὴν
1034 2911 1369 2981 ἀρχαιότητα
1399 2911 1497 2983 τὴν
1530 2912 1679 2967 θείαν

86 2994 523 3068 ὑποδηλοῦντος,
570 3000 663 3052 τοῦ
700 3000 798 3070 μὲν
845 3001 1209 3073 πρεσϐυτέρου
1253 3003 1314 3057 τὸ
1360 3005 1574 3076 πρῶτον
1619 3007 1677 3058 ὲν

85 3086 268 3157 χρόνῳ
287 3126 304 3151 ,
335 3085 436 3139 τοῦ
470 3088 731 3165 νεωτέρου
764 3089 820 3143 δὲ
852 3090 911 3143 τὸ
944 3091 1086 3145 κατὰ
1115 3092 1343 3164 ἀριθμὸν
1388 3074 1673 3164 ἀρχαιότε-
1702 3074 1745 3131 C

88 3180 464 3252 pov-Exowog'
499 3184 730 3256 ἐπείπερ
763 3186 796 3256 ἡ
830 3187 996 3256 μονὰς
1047 3189 1142 3241 καὶ
1187 3188 1256 3241 τά
1288 3188 1416 3259 περὶ
1470 3188 1671 3259 μονάδα

85 3272 195 3326 τῶν
241 3274 339 3329 ἐπὶ
391 3273 527 3330 πολὺ
574 3277 1013 3349 προεληλυθότων
1060 3276 1310 3353 ἀριθμῶν
1360 3281 1673 3353 ἀρχηγικώ-

83 3380 242 3438 τερα.

1786 1800 2068 1868 rum,quia
2089 1800 2201 1868 ipse
2217 1810 2300 1855 est
2314 1801 2553 1855 omnium
2572 1816 2742 1855 avum
2761 1813 2815 1857 et
2833 1812 3064 1869 tempus,
3078 1804 3355 1869 antedies,

1783 1904 1908 1948 ante
1948 1908 2163 1957 aevum,
2211 1902 2338 1947 ante
2378 1901 2622 1962 tempus;
2678 1904 2732 1946 et
2773 1893 2993 1962 quidem
3039 1905 3254 1964 tempus
3296 1906 3354 1949 et

1783 1986 1897 2042 dies
1926 1997 1979 2040 et
2007 1985 2402 2055 tempestivitas
2432 1985 2784 2055 appellandus
2820 1998 2903 2039 est
2933 1986 3068 2054 ipse,
3098 1998 3155 2041 ut
3185 1987 3351 2041 Deum

1784 2081 1958 2141 decet,
1993 2090 2248 2149 tanquam
2272 2080 2361 2147 qui
2389 2080 2535 2134 011ιηί
2582 2088 2727 2133 motu
2771 2087 2856 2134 est
2900 2078 3255 2133 immutabilis
3299 2089 3354 2133 et

1785 2170 2105 2235 immobilis,
2130 2181 2185 2225 et
2213 2185 2429 2240 semper
2479 2182 2728 2225 movetur
2747 2210 2763 2234 ,
2800 2187 3023 2225 manens
3052 2170 3106 2225 in
3130 2171 3307 2238 seipse
3332 2208 3348 2233 ,

1781 2271 1839 2316 et
1888 2271 2142 2331 tauquam
2191 2274 2381 2317 auctor
2424 2264 2525 2318 aevi
2580 2273 2634 2317 et
2690 2264 2950 2332 temporis
3002 2274 3058 2318 et
3114 2264 3346 2319 dierum.

1783 2352 2150 2422 Quamobrem
2194 2356 2359 2409 etiam
2405 2356 2456 2408 in
2501 2355 2675 2409 sacris
2703 2356 3053 2425 tnysticarum
3078 2355 3347 2408 visionum

1782 2444 2218 2515 apparitionibus
2282 2454 2338 2498 et
2404 2446 2663 2512 antiquus
2728 2453 2784 2498 et
2853 2460 3024 2499 novus
3093 2445 3347 2515 ﬁngitur;

1780 2552 2013 2606 quorum
2062 2536 2214 2606 prior
2256 2536 2470 2605 quidem
2511 2547 2750 2591 veterem
2797 2547 2850 2590 et
2880 2551 3005 2590 eum
3039 2537 3244 2604 quiest
3283 2537 3351 2591 ab

1782 2630 2165 2697 initio,juuior
2194 2638 2372 2683 autem
2416 2629 2858 2685 insenescibilem
2905 2630 3213 2700 signiﬁcat;
3260 2640 3352 2683 aut

1779 2734 2073 2790 utrumque
2099 2737 2224 2776 eum
2273 2722 2344 2775 ab
2373 2722 2530 2775 initio
2560 2724 2818 2780 adJiuem
2865 2737 2962 2791 per
3001 2723 3182 2777 omnia
3228 2739 3355 2791 pro-

1778 2815 1930 2882 gredi
1974 2814 2257 2869 declarat:
2302 2813 2409 2879 vel,
2459 2824 2517 2867 ut
2563 2814 2779 2868 divinus
2816 2826 3000 2868 noster
3046 2824 3353 2883 przeceptor

1778 2907 1874 2970 ait,
1928 2919 2223 2976 utrumque
2263 2906 2507 2960 divinam
2552 2906 2929 2976 antiquitatem
2976 2905 3216 2972 indicat,
3272 2906 3348 2961 ita

1781 3010 1961 3056 tamen
1988 3044 2003 3067 ,
2045 3009 2103 3053 ut
2132 3013 2300 3053 senex
2333 2998 2386 3052 id
2423 2999 2567 3069 quod
2616 2999 2849 3069 primum
2878 3009 2963 3054 est
2990 2998 3180 3054 ordine
3208 3006 3349 3054 tem-

1778 3096 1950 3167 poris,
1993 3093 2209 3162 juvenis
2259 3102 2440 3148 autem
2464 3134 2479 3155 ,
2532 3094 2645 3147 sive
2678 3107 2870 3158 novus,
2904 3092 2956 3147 id
2989 3092 3126 3160 quod
3157 3090 3209 3144 in
3245 3108 3350 3144 nu-

1781 3203 1930 3243 mero
1980 3195 2064 3242 est
2110 3185 2457 3255 praestantius
2523 3186 2836 3250 contineat;
2905 3183 3346 3254 quandoquidem

1779 3278 1979 3344 unitas,
2038 3289 2265 3346 quaeque
2310 3275 2358 3329 ei
2410 3275 2590 3329 vicina
2636 3283 2789 3341 sunt,
2840 3274 3084 3330 numeris
3137 3272 3350 3343 longius

1782 3369 2087 3443 progressis
2115 3378 2393 3439 praestent.

1612 3516 1641 3590 θ
1684 3511 1797 3578 Ill.

153 3650 279 3724 Χρὴ
312 3650 407 3715 δὲ,
443 3651 519 3717 ὡς
552 3648 734 3725 οἶμαι,
769 3654 865 3709 καὶ
897 3656 1086 3729 χρόνου
1133 3657 1228 3711 καὶ
1264 3657 1456 3721 αἰῶνος
1506 3651 1665 3722 φύσιν

83 3745 148 3797 ὲκ
178 3744 294 3797 τῶν
328 3744 529 3812 λογίων
561 3745 755 3801 εἰδέναι
777 3765 791 3778 ⁸
826 3748 921 3801 καὶ
965 3750 1074 3821 γὰρ
1117 3750 1178 3803 οὐ
1217 3750 1289 3804 τὰ
1334 3751 1512 3804 πάντα
1571 3749 1668 3803 καὶ

84 3836 375 3915 ἀπολύτως
425 3837 665 3909 ἀγένητα
709 3839 803 3893 καὶ
844 3840 1013 3904 ὅντως
1055 3841 1200 3895 ἀΐδια
1243 3841 1516 3913 πανταχοῦ
1564 3860 1670 3915 φη-

76 3908 171 3981 σιν
217 3926 448 3993 αἰώνια,
499 3908 593 3983 καῖ
623 3930 693 3983 τά
722 3930 974 4004 ἄφθαρτα
1004 3933 1094 4000 δὲ,
1140 3935 1234 3988 καὶ
1265 3908 1538 3999 ἀθάνατα,
1573 3908 1667 3988 καὶ

81 4019 455 4085 ἀναλλοίωτα,
501 4019 594 4073 καὶ
633 4020 763 4074 ὄντα
805 4021 1095 4086 ὡσαύτως’
1135 4022 1211 4086 ὡς
1250 4023 1376 4075 ὃταν
1407 4021 1540 4095 λέγῃ
1570 4022 1662 4075 τό*

96 4110 452 4179 Ἐπάρθητε,
488 4112 673 4165 πύλαι
704 4112 944 4178 ultimm,
979 4115 1072 4167 καὶ
1098 4114 1166 4167 τὰ
1191 4116 1369 4185 ὃμοια.
1402 4114 1667 4177 Πολλάκις

80 4203 139 4256 δὲ
168 4205 265 4257 καλ⁵
297 4203 368 4257 τά
399 4200 789 4274 ἀρχαιότατα⁹⁶
820 4206 884 4275 τῇ
918 4205 1012 4258 τοῦ
1046 4206 1237 4269 αἰῶνος
1269 4205 1551 4276 ἐπωνυμίᾳ
1573 4223 1670 4276 χα-

84 4293 432 4366 ρακτηρίζει,
470 4296 564 4348 καὶ
593 4294 691 4367 τὴν
721 4296 848 4368 ὃλην
878 4296 935 4350 δὲ
968 4292 1122 4361 αὖθις
1155 4296 1265 4349 ἐσθ’
1297 4298 1384 4350 ὅτε
1415 4295 1509 4350 τοῦ
1545 4296 1668 4350 καθ’

80 4387 234 4457 ἡμᾶς
272 4387 471 4457 χρόνου
514 4389 820 4459 παράτασιν
862 4389 1033 4442 αἰῶνα
1070 4389 1496 4462 προσαγορεύει,
1543 4390 1667 4443 καθ’

77 4478 207 4531 ὅσον
251 4479 346 4531 καὶ
395 4478 593 4549 ἰδιότης
639 4479 980 4547 αἱῶνόςὲστι
1011 4481 1072 4534 τὸ
1105 4484 1325 4554 ἀρχαῖον
1367 4484 1458 4537 καὶ
1505 4484 1667 4537 ἀναλ-

1842 3652 2034 3723 Operae
2058 3652 2289 3723 pretium
2319 3660 2500 3706 autem
2530 3653 2688 3717 duco,
2740 3658 2799 3705 ut
2843 3649 3104 3720 temporis
3146 3659 3203 3706 et
3245 3652 3345 3708 τετί

1772 3759 1868 3799 seu
1896 3746 2218 3799 aeternitatis
2255 3754 2504 3800 naturam
2534 3757 2600 3796 ex
2628 3741 2929 3811 Scripturis
2956 3741 3129 3797 sacris
3159 3743 3345 3797 addis-

1772 3849 1995 3897 camus;
2043 3849 2219 3903 neque
2259 3834 2404 3888 enim
2433 3832 2657 3887 omnino
2681 3842 2737 3887 et
2767 3831 3013 3886 absolute
3038 3840 3164 3886 sunt
3195 3833 3347 3903 inge-

1775 3927 1885 3982 nita
1910 3940 2145 3995 vereque
2168 3930 2521 3996 sempiterna.
2555 3941 2675 3995 quae
2698 3926 2898 3995 passim
2923 3933 3123 3977 aeterna
3148 3935 3347 3979 vocant

1772 4027 1826 4074 et
1848 4018 2180 4087 incorrupta,
2212 4017 2652 4086 immortaliaque
2682 4026 2736 4071 et
2767 4014 3147 4081 immutabilia,
3180 4023 3345 4084 atque

1771 4111 1959 4165 eodem
2003 4111 2162 4166 modo
2189 4124 2247 4164 se
2277 4109 2564 4175 habentia;
2596 4108 2737 4163 sicut
2774 4122 2898 4161 cum
2927 4106 3121 4173 aiunt,
3155 4106 3341 4162 Eleva-

1772 4203 1926 4268 mini,
1952 4213 2118 4270 porta:
2164 4198 2476 4256 ωιενηαιεει
2508 4241 2524 4265 ,
2572 4210 2628 4254 et
2679 4198 2898 4253 similia.
2954 4197 3344 4268 Saepenumero

1772 4296 1937 4351 etiam
1958 4295 2340 4364 antiquissima
2368 4309 2599 4365 quaeque
2631 4292 2954 4348 aeternitatis
2977 4290 3342 4362 appellatione

1772 4388 2101 4459 significant,
2127 4397 2188 4442 ut
2217 4403 2341 4442 cum
2378 4388 2687 4441 universam
2738 4386 2998 4455 temporis
3034 4384 3205 4439 nostri
3241 4384 3342 4439 du-

1772 4484 2037 4537 rationem
2082 4480 2445 4535 aeternitatem
2492 4487 2729 4544 vocant,
2767 4489 3040 4550 quatenus
3089 4478 3344 4532 videlicet

79 4570 330 4633 λοίωτον,
365 4571 462 4624 καὶ
492 4572 553 4624 τὸ
580 4571 805 4626 καθόλου
835 4571 897 4626 τὸ
929 4569 1065 4628 εἶναι
1100 4578 1337 4645 μετρεῖν.
1373 4574 1576 4645 Χρόνον
1607 4575 1665 4628 δὲ

1807 4574 2048 4643 ntiquom
2103 4586 2223 4627 esse
2272 4581 2327 4625 et
2377 4569 2714 4626 immutabile
2744 4610 2760 4633 ,
2815 4578 3094 4637 totumque
3154 4581 3337 4621 rerum

79 4664 245 4717 καλεῖ
272 4664 366 4716 τὸν
399 4665 459 4716 ὲν
491 4664 699 4733 γενέσει
732 4665 825 4719 καὶ
849 4666 1023 4737 φθορᾷ
1044 4706 1061 4731 ,
1095 4666 1188 4719 καὶ
1219 4666 1533 4731 ἀλλοιώσει,
1568 4670 1664 4722 καὶ

78 4753 276 4806 ἄλλοτε
328 4752 504 4816 ἀλλως
559 4752 779 4824 ἔχοντα’
834 4756 913 4809 διὸ
966 4757 1059 4809 καὶ
1106 4758 1252 4828 ἡμᾶς
1292 4757 1478 4811 ἐνθάδε
1524 4758 1663 4812 κατὰ

78 4852 279 4923 χρόνον
332 4852 681 4923 ὁριζομένους
735 4855 927 4920 αἰῶνος
994 4854 1295 4927 μεθέξειν⁰⁷
1342 4859 1374 4927 ή
1421 4858 1665 4929 θεολογία

79 4945 274 5016 φησὶν,
315 4945 484 5017 ήνίκα
501 4945 594 4998 τοῦ
630 4947 906 5019 ἀφθάρτου
936 4950 1031 5002 καὶ
1050 4949 1136 5002 ἀεὶ
1160 4948 1419 5014 ὡσαύτως
1453 4952 1667 5023 ἔχοντος

80 5035 283 5100 αἰῶνος
310 5034 649 5107 ὲφικώμεθα.
680 5038 804 5102 Τοῖς
837 5038 1038 5108 λογίοις
1074 5039 1129 5092 δὲ
1172 5040 1281 5093 ἐσθ’
1320 5042 1409 5095 ὅτε
1442 5045 1535 5098 καὶ
1573 5046 1665 5115 ἔγ-

78 5141 279 5197 χρονος
311 5123 447 5179 αἰὼν
479 5125 789 5191 δοξάζεται,
826 5129 920 5181 καὶ
963 5129 1176 5193 αἰώνιος
1217 5132 1433 5202 χρόνος’
1478 5135 1528 5185 εἰ
1573 5136 1668 5188 καὶ

78 5215 292 5285 μᾶλλον
338 5215 499 5287 ῖσμεν
537 5217 754 5281 αὐτοῖς,
798 5218 893 5271 καὶ
945 5219 1272 5291 κυριώτερον
1313 5221 1383 5275 τὰ
1424 5221 1553 5276 ὄντα
1591 5225 1669 5295 τῷ

161 5393 179 5432 ι
218 5392 365 5448 Psal.
404 5407 563 5457 mn,
598 5390 652 5459 7,
688 5390 741 5446 9.

1768 4674 1970 4718 statum
1999 4675 2315 4716 mensurare
2343 4662 2753 4729 proprium'est
2795 4657 3143 4712 mteruitatis.
3177 4655 3340 4710 Tem-

1770 4773 1869 4828 pus
1897 4771 2022 4811 vero
2051 4753 2322 4823 appellant
2356 4754 2408 4807 id
2442 4753 2583 4821 quod
2616 4759 2896 4806 mensurat
2923 4748 3334 4819 generationem

1768 4860 1824 4904 et
1854 4847 2257 4917 corruptionem
2293 4855 2455 4914 atque
2486 4845 2891 4906 alterationem,
2919 4844 3172 4912 quodque
3199 4839 3338 4893 alias

1770 4943 1931 4997 aliter
1963 4956 2023 4996 se
2052 4939 2252 5003 habet;
2294 4946 2457 5005 atque
2508 4937 2577 4990 ita
2631 4951 2769 4999 nos,
2814 4948 2950 5003 quos
2985 4932 3074 4986 hic
3124 4941 3339 4999 tempus

1772 5037 2035 5092 delinitet
2064 5033 2488 5097 circumscribit,
2536 5030 2894 5085 aeternitatem
2945 5035 3339 5080 consecuturos

1772 5143 1892 5183 esse
1941 5128 2219 5196 Scriptura
2273 5125 2477 5190 tradit,
2532 5138 2655 5177 cum
2698 5121 2763 5174 ad
2804 5119 3166 5174 aeternitatem
3217 5130 3338 5184 qua:

1773 5237 1879 5276 non
1930 5222 2149 5288 interit,
2201 5220 2296 5275 sed
2327 5230 2543 5287 seraper
2590 5214 2779 5270 eodem
2828 5210 2987 5267 modo
3035 5224 3096 5264 se
3148 5209 3333 5271 habet,

1380 5547 1617 5608 VARIA‘Z
1660 5547 2063 5608 LECTIONES.

159 5698 203 5729 ’ί
241 5691 596 5766 ὲπαρκοῆσα,
634 5690 690 5746 S.
733 5690 810 5766 P_._
827 5689 916 5742 Sc.
994 5689 1040 5766 ξι
1074 5685 1503 5766 περιϐάλλουσα,
1661 5690 1707 5766 ’_'
1741 5691 1835 5745 καὶ
1878 5687 2200 5766 ἀλόπουκὸ.
2238 5684 2401 5766 ἀΰλου
2436 5686 2761 5766 legisse_$_c.
2805 5688 3038 5766 videtur.

765 5760 812 5794 ⁸⁸
845 5759 1211 5831 πρεσϐυτέρου
1232 5799 1246 5827 ,
1285 5762 1340 5817 S.
1366 5761 1423 5817 P.
1453 5761 1511 5816 Ι).
1537 5761 1629 5816 Sc.
1668 5760 1789 5816 Sar.
1863 5763 1909 5795 "
1944 5761 2265 5832 ἀρχαιότερα
2289 5798 2303 5822 ,
2342 5760 2402 5814 D.

82 5768 235 5831 λαιός
254 5806 269 5830 ,
310 5761 366 5821 δῖ
393 5766 452 5818 Ρ.
480 5764 538 5815 D.
566 5761 654 5816 Sc.

376 5855 649 5915 l‘ATuOL.
695 5851 812 5913 Gn.
855 5848 964 5909 ιιι,

3146 5689 3191 5723 ’δ
3228 5702 3335 5730 ⁸191.

2478 5703 2632 5752 egisse
2671 5702 2761 5742 ac.
2805 5702 3038 5745 vmetur.
3146 5702 3191 5723 "
3228 5702 3331 5741 πα-

2478 5761 2522 5793 ⁹⁷
2561 5757 2792 5831 μεθέξει,
2829 5758 2888 5814 Ρ.
2929 5760 3169 5830 μέθεξιν,
3237 5758 3331 5815 Sc.

2981 5859 3059 5917 30
