3768 6302
58 359 155 415 θιι
774 356 862 414 DE
896 354 1148 413 DIVINIS
1178 351 1546 410 NOMINIBUS

1812 352 1861 408 ἰ.
1896 383 1965 392 -
1996 350 2318 408 CORDERII
2358 352 2585 408 NOTAE.
3195 350 3300 404 9H

62 477 343 541 interpres
370 472 649 534 vertisset,
680 472 841 539 hujus
866 474 987 534 aevi,
1008 474 1123 527 sive
1150 472 1491 534 aeternitatis,
1515 469 1700 524 Graece
1726 469 1937 534 αἰῶνος.
1962 469 2133 541 Exodi
2165 484 2288 521 xxi:
2320 469 2433 541 Erit
2455 473 2503 523 ei
2522 485 2701 523 servus
2724 487 2778 524 m
2804 469 3074 531 swculum,
3101 469 3215 524 sive
3245 472 3297 524 iu

62 539 360 600 aeternum.
386 541 541 596 Hanc
566 542 732 612 igitur
757 556 915 597 vocat
951 544 1234 612 Scriptura
1264 543 1614 612 temporalem
1647 539 2204 612 mternitatem,sicut
2235 542 2373 607 apud
2399 539 2621 612 Paulum
2649 542 2870 612 dicitur,
2903 551 3111 607 tempus
3134 551 3299 595 zeli-r-

64 630 215 670 Iium.
244 613 285 667 ιι
324 612 468 667 Tim.
511 629 524 665 ι
556 631 571 667 :
600 610 749 665 VAnte
787 622 1022 681 tempora
1056 610 1365 673 circularin.
1393 610 1581 666 Graece
1631 620 1714 664 est
1745 610 1959 675 αἰώνια,
1998 611 2048 665 id
2093 619 2174 662 est
2200 619 2425 681 inermi.
2459 611 2525 665 Et
2551 612 2617 665 ad
2658 610 2768 666 Tit.
2799 622 2816 661 ι
2844 628 2857 665 :
2888 611 3021 665 Ante
3062 620 3300 676 tempom

64 682 376 747 swcularia,
407 682 594 737 Graece
616 681 828 746 αἰώνια,
861 678 910 737 id
937 693 1020 737 est
1045 694 1268 738 aeterna.
1296 682 1362 737 Et
1392 683 1547 737 Rom.
1580 696 1704 751 xvi:
1741 681 2040 735 Secundum
2073 678 2437 751 revelationem
2459 681 2694 751 mysterii
2731 681 3047 749 temporibus
3091 684 3299 736 a'ternis

66 754 258 823 taciti;
299 754 442 807 idem
480 754 799 808 vocabulum
829 764 911 807 est
944 754 1161 819 Graece,
1195 757 1338 823 quod
1373 754 1422 806 in
1457 753 1556 805 hoc
1584 750 1998 823 locointerpres
2023 750 2183 823 vertit
2219 750 2582 823 teternum,et
2612 752 2662 804 in
2691 752 2817 823 aliis
2842 753 3123 807 saeculare.

141 822 260 877 Non
286 834 370 876 est
399 824 635 878 alienum
665 825 733 877 ab
759 826 861 879 hoc
894 826 1074 891 capite
1099 864 1115 889 ,
1163 820 1230 879 ei
1276 824 1543 877 Turriatio
1575 823 1626 876 iii
1680 822 2035 891 Cyparissioti
2078 821 2271 891 decad.
2312 820 2345 875 8
2365 864 2377 882 ,
2425 836 2543 889 cap.
2574 824 2607 875 5
2634 861 2650 887 ,
2679 822 2955 889 explicare
2978 863 2995 888 ,
3026 823 3299 891 quomodo

66 895 485 963 intelligendum
516 894 603 956 sit,
634 896 780 961 quod
810 890 1047 959 pontifex
1078 895 1354 949 Romanus
1385 893 1619 963 credidit
1655 893 1721 947 de
1758 893 2035 963 creatione
2062 890 2379 963 angelorum
2406 931 2421 953 ,
2453 902 2508 963 et
2538 894 2605 946 ad
2636 893 2965 946 credendum
3000 890 3300 947 catholicis

109 961 357 1034 ruposuit
401 965 452 1017 iu
478 980 600 1033 cap.
632 963 905 1030 Firmiter,
936 968 1002 1020 de
1027 980 1240 1020 summa
1267 964 1550 1017 Trinitate.
1578 961 1694 1014 Non
1743 962 1890 1015 enim
1917 961 2215 1034 discrepat
2262 961 2555 1017 Decretalis
2608 964 2677 1017 ab
2728 977 2791 1015 eo
2819 964 2975 1034 _quod
3016 966 3102 1018 hic
3136 965 3303 1018 tradit

109 983 357 1034 I'OPOSIIII
401 983 452 1017 In
478 983 600 1033 (κιρ.
632 983 905 1030 ινιτιηιιεν,
936 983 1002 1020 ue
1027 983 1240 1020 summa
1275 983 1550 1017 ιιίιιιιειιθ.
1580 983 1694 1014 L‘tlll
1743 983 1890 1015 CIIII"
1940 983 2215 1029 alscrcpat
2262 983 2555 1017 υυυτθιθιιδ
2608 983 2677 1017 au
2728 983 2791 1015 80
2834 983 2974 1029 (IIIOU
3016 983 3102 1018 DIC
3136 983 3302 1018 ιτιιυιι

66 983 387 1105 ιὀιοιιγείιιιῑ,
419 1035 529 1087 imo
556 1036 830 1097 convenit.
864 1052 987 1091 cum
1020 1039 1118 1100 ait,
1148 1052 1311 1089 unum
1336 1035 1717 1105 universorum
1751 1033 2077 1105 principium
2106 1072 2122 1094 ,
2163 1040 2381 1105 creator
2427 1034 2669 1105 omnium
2710 1032 3003 1087 visibilium
3033 1045 3090 1088 et
3112 1035 3302 1088 invisi-

66 1102 284 1167 liiliuin,
314 1106 407 1169 qui
436 1120 532 1158 sua
561 1108 931 1173 omnipotente
959 1108 1155 1159 virtute
1184 1106 1344 1159 simul
1371 1107 1436 1157 ali
1489 1103 1642 1155 initio
1690 1102 1947 1173 temporis
2003 1110 2286 1173 utramque
2334 1102 2398 1154 de
2451 1104 2621 1157 nihilo
2664 1104 2903 1158 condidit
2944 1115 3256 1159 creaturam
3282 1144 3299 1171 ,

62 1174 413 1244 spiritualeiii
463 1183 522 1226 et
566 1172 900 1242 corporalem
925 1214 941 1238 ,
988 1176 1293 1243 angelieam
1343 1174 1590 1227 videlicet
1633 1183 1687 1228 ct
1727 1172 2055 1244 mundanam
2085 1211 2101 1236 ,
2154 1183 2211 1244 et
2244 1172 2438 1244 deinde
2480 1174 2769 1227 humanam
2797 1217 2809 1237 ,
2845 1174 2999 1242 quasi
3047 1189 3299 1229 commu-

62 1241 190 1370 z'gn
234 1260 303 1299 ex
349 1245 544 1314 Spiritu
598 1241 674 1298 et,
706 1260 939 1316 corpore
991 1241 1369 1302 constitutam.
1437 1243 1710 1299 Hactenus
1766 1242 2087 1297 Decretalis.
2152 1241 2258 1297 Sed
2318 1242 2628 1299 dilataiidus
2678 1252 2763 1299 est
2816 1241 3153 1313 aliquantum
3210 1245 3303 1300 hic

153 1331 236 1370 iis.

153 1331 236 1370 IIS.

137 1386 347 1451 Quaerit
385 1383 449 1440 Β.
489 1384 817 1456 Athanasius
859 1387 916 1440 in
959 1386 1345 1451 {lucrationibus
1388 1385 1457 1439 ad
1500 1384 1812 1439 Antiochum
1846 1385 2173 1456 principem,
2217 1391 2410 1454 quaest.
2436 1383 2514 1456 ιι
2538 1382 2762 1456 Quando
2784 1425 2798 1446 .
2831 1395 2885 1439 et
2906 1387 3211 1456 quomodo,
3243 1398 3304 1444 et

64 1457 211 1510 unde
243 1456 374 1509 facti
410 1456 519 1509 sint
547 1454 719 1524 angeli
745 1473 760 1520 ;
787 1464 841 1509 et
859 1460 1149 1526 respondet
1177 1460 1243 1510 ad
1272 1456 1657 1526 quaestionem;
1697 1456 1805 1526 Nec
1848 1455 2067 1526 quando
2091 1495 2107 1521 ,
2143 1455 2555 1526 necquomodo
2594 1455 2720 1509 facti
2762 1456 2870 1509 sint
2894 1454 2937 1520 ,ἡ
2962 1459 3029 1511 ab
3062 1458 3297 1511 humana

64 1536 265 1579 natura
291 1526 399 1581 dici
424 1541 604 1593 posse,
631 1524 991 1646 preterquam
1016 1526 1117 1581 hoc
1153 1524 1348 1586 solum.
1376 1528 1550 1581 factos
1577 1540 1697 1579 esse
1746 1524 1924 1579 \‘erho
1956 1524 2048 1578 Dei
2081 1541 2149 1580 ex
2196 1525 2386 1580 nihilo.
2425 1524 2651 1590 Quando
2700 1527 2869 1581 vero?
2899 1527 2988 1580 alii
3018 1566 3035 1593 ,
3084 1528 3301 1597 inquit,

65 1597 223 1646 aiunt
255 1597 436 1646 primo
465 1597 572 1646 die.
600 1610 628 1646 a
656 1595 689 1646 ii
717 1606 845 1646 ante
878 1597 1107 1646 mimum
1137 1598 1301 1646 diem-
1329 1596 1555 1646 Creatos
1584 1611 1714 1646 vero
1740 1609 1863 1646 esse
1890 1604 2121 1646 testatur
2149 1634 2164 1646 .
2211 1595 2385 1646 innuit
2410 1592 2676 1646 Propheta
2702 1634 2717 1646 .
2748 1612 2871 1646 cum
2905 1598 3018 1646 ait:
3067 1596 3301 1646 Laudare

65 1597 223 1650 aiunt
255 1592 436 1663 primo
465 1597 572 1658 die,
600 1592 689 1648 alii
717 1592 863 1665 ante
878 1597 1107 1665 primum
1137 1598 1301 1655 diem.
1329 1596 1555 1652 Creatos
1584 1611 1714 1649 vero
1740 1609 1863 1649 esse
1890 1604 2121 1649 testatur
2149 1634 2165 1658 ,
2211 1595 2385 1664 inquit
2410 1592 2676 1663 Propheta
2702 1634 2717 1658 .
2748 1612 2871 1651 cuin
2905 1598 2983 1651 ait
3005 1592 3027 1651 :7
3067 1592 3304 1654 Laudaie

61 1683 211 1733 eum,
250 1682 433 1720 omnes
470 1665 649 1736 gangeli
675 1664 824 1736 ejus;
854 1664 1098 1736 quoniam
1122 1669 1228 1734 ipse
1251 1669 1406 1734 dixit,
1437 1676 1485 1721 et
1508 1666 1649 1735 facta
1674 1676 1830 1729 sunt;
1872 1666 1981 1730 ipse
2003 1666 2281 1736 mandavit
2306 1705 2321 1728 ,
2358 1674 2410 1718 et
2444 1677 2621 1719 creata
2658 1678 2777 1719 sunt
2800 1677 2863 1720 ω.
2894 1666 3113 1736 Moysen
3156 1669 3301 1723 enim

61 1683 211 1733 eum,
250 1682 433 1720 omnes
478 1682 648 1735 angeli
675 1682 824 1733 ejus;
854 1682 1098 1736 quoniam
1122 1683 1228 1734 ipse
1251 1682 1406 1734 dixit,
1437 1682 1485 1721 et
1508 1682 1649 1735 (acta
1674 1682 1830 1729 sum;
1872 1682 1981 1730 ipse
2016 1682 2281 1718 manaavu
2306 1705 2321 1728 ,
2358 1682 2410 1718 et
2444 1682 2621 1719 creata
2658 1682 2777 1719 sunt
2800 1682 2863 1720 ω.
2894 1682 2977 1719 ιιιο
3017 1684 3113 1723 sen
3156 1682 3301 1723 enim

61 1738 165 1796 ait,
190 1737 321 1803 quia
351 1735 560 1790 sciebat
586 1734 801 1789 .ludieos
823 1752 944 1790 esse
978 1736 1293 1792 idololatria:
1323 1739 1535 1791 deditos
1560 1776 1576 1797 ,
1612 1736 1815 1790 idcirco
1859 1752 1962 1806 non
1994 1735 2184 1790 fecisse
2207 1749 2512 1806 sermonem
2538 1737 2602 1790 de
2634 1736 2841 1806 angelis
2872 1738 2922 1791 in
2960 1682 3158 1791 genesi
3188 1778 3204 1801 ,
3238 1755 3304 1791 ne

62 1823 163 1862 eos
189 1822 289 1861 ceu
324 1807 458 1860 deos
487 1806 747 1869 colerent,
780 1815 836 1858 ut
862 1807 1111 1877 iuvitulu
1145 1809 1279 1862 etin
1311 1808 1432 1861 aliis
1479 1806 1659 1877 idolis
1681 1814 1862 1874 postea
1906 1805 2151 1877 fecerunt
2170 1816 2218 1860 η.
2253 1805 2405 1877 Quod
2456 1819 2587 1875 ergo
2633 1805 3053 1877 exlScriptnriﬁs
3098 1810 3305 1862 sanctis

63 1877 203 1931 disci
235 1887 476 1945 poterat,
511 1885 801 1943 utramque
823 1876 1035 1931 scilicet
1057 1888 1389 1941 creaturam,
1421 1876 1751 1945 spiritualeui
1779 1886 1834 1928 et
1858 1874 2216 1941 corporalem,
2246 1875 2404 1945 simul
2437 1886 2491 1931 et
2517 1874 2583 1929 ex
2614 1875 2783 1931 nihilo
2805 1874 2925 1932 esse
2952 1893 2981 1931 a
3013 1876 3126 1931 Deo
3171 1894 3306 1933 con-

65 1944 274 2013 ditant;
304 1946 499 1999 Omnia
524 1946 666 1999 enim
697 1961 789 2013 per
807 1946 975 2012 ipsum
1007 1946 1147 2014 facta
1170 1958 1289 2001 sunt
1311 1955 1359 2000 ο.
1386 1944 1479 2001 Et:
1497 1946 1598 2009 Qui
1624 1946 1744 1999 vivit
1774 1946 1825 1998 in
1848 1956 2101 1998 wternum
2126 1984 2143 2009 ,
2182 1946 2257 1999 ait
2296 1944 2710 2002 Ecclesiasticus
2733 1984 2751 2011 ,
2791 1949 2985 2001 creavit
3014 1949 3194 2001 omnia
3222 1950 3302 2002 si-

66 2018 177 2069 mul
199 2029 250 2069 ν.
294 2015 600 2084 Utrumque
630 2016 819 2069 horum
846 2014 1142 2072 Decretalis
1170 2018 1450 2072 catholica:
1479 2017 1599 2069 lidei
1628 2014 1876 2083 subjecit.
1907 2014 2037 2068 Illud
2063 2028 2189 2070 vero
2228 2016 2387 2069 simul
2424 2015 2488 2068 ab
2531 2016 2683 2069 initio
2733 2020 2980 2085 temporis
3003 2057 3018 2078 .
3061 2017 3207 2071 sicut
3235 2020 3302 2073 ad

66 2095 381 2157 creaturam
418 2086 781 2157 corporalem,
816 2086 866 2138 id
896 2095 980 2140 est
1013 2088 1078 2141 ad
1106 2087 1362 2157 mundum
1384 2087 1475 2157 qui
1503 2086 1743 2140 cernitur
1765 2126 1780 2151 ,
1819 2094 1868 2139 et
1901 2100 2233 2157 quaecunque
2261 2087 2313 2139 in
2346 2099 2422 2157 eo
2442 2086 2794 2141 continentur
2819 2126 2835 2151 ,
2886 2087 3081 2141 referri
3110 2087 3299 2153 voluit,

65 2158 193 2225 quia
221 2156 492 2224 scriptum
522 2166 641 2225 est:
674 2154 740 2207 In
776 2158 1029 2224 principio
1058 2157 1250 2211 creavit
1286 2154 1426 2211 Deui
1455 2157 1638 2209 caelum
1673 2165 1720 2208 et
1757 2165 2033 2221 terramQ;
2065 2156 2145 2210 sic
2170 2158 2238 2210 ad
2270 2154 2569 2223 angelicam
2624 2166 2872 2211 naturam
2922 2173 3026 2211 non
3080 2171 3303 2213 necesse

65 2224 173 2289 est,
203 2228 512 2296 secundum
538 2224 903 2294 Scripturani,
939 2226 1131 2281 referri
1161 2227 1415 2291 voluisse,
1439 2228 1585 2296 quia,
1617 2234 1675 2278 ut
1701 2227 1860 2294 paulo
1885 2232 2011 2296 ante
2055 2224 2238 2279 aiebat
2263 2226 2595 2279 Athanasius
2619 2264 2634 2289 ,
2670 2228 2887 2296 quando
2917 2227 3095 2294 angeli
3129 2230 3301 2283 creati

71 2296 296 2358 fuerint,
332 2295 574 2349 humana
608 2305 804 2366 natura
842 2298 1023 2351 dicere
1063 2312 1167 2351 non
1199 2305 1395 2366 potest.
1430 2299 1535 2352 Sed
1566 2296 1691 2365 quia
1727 2295 2070 2349 duratioiiem
2093 2297 2443 2366 angelorum,
2477 2311 2596 2364 qua:
2625 2295 2729 2351 non
2762 2307 2847 2351 est
2883 2297 3123 2365 subjecta
3161 2304 3305 2352 tem-

68 2378 205 2435 pori,
235 2367 367 2435 quia
394 2375 476 2419 est
511 2375 620 2419 tota
650 2365 807 2418 simul
834 2376 893 2436 _et
923 2365 1260 2421 invariabilis
1284 2404 1301 2428 ,
1329 2382 1448 2436 quae
1476 2376 1559 2419 est
1586 2377 1642 2419 et
1668 2366 1867 2420 dicitur
1897 2366 1949 2419 iii
1980 2368 2150 2420 sacris
2196 2365 2415 2421 Litteris
2456 2380 2628 2419 aevum
2657 2406 2672 2428 ,
2729 2382 2836 2422 non
2880 2382 3167 2436 possumus
3212 2382 3305 2422 co-

69 2434 364 2506 gnoscere,
401 2448 506 2507 nec
530 2436 651 2507 aliis
675 2434 1042 2500 manifestare,
1074 2438 1176 2491 nisi
1206 2452 1303 2507 per
1335 2434 1712 2492 extensioueui
1749 2436 2204 2507 nostriteuiporis
2235 2451 2303 2490 ex
2330 2437 2720 2507 horis,diebus
2763 2446 2821 2491 et
2853 2434 3012 2491 annis
3035 2448 3300 2492 constan-

69 2505 197 2571 teiu,
228 2521 415 2577 quain
434 2505 727 2577 Scriptura
744 2520 917 2577 aevum
951 2523 1163 2576 quoque
1208 2505 1501 2576 aliquando
1550 2516 1744 2572 vocat,
1785 2518 1843 2560 ut
1884 2506 2164 2577 Dionysius
2216 2507 2459 2572 notavit;
2508 2506 2707 2560 idcirco
2748 2507 2990 2576 pontifex
3023 2509 3306 2577 proposuit

68 2581 137 2647 ad
168 2574 542 2639 credendum,
572 2574 728 2628 simul
755 2575 822 2647 ab
851 2574 1006 2632 initio
1036 2574 1605 2647 teniporis'utranique
1634 2586 1982 2647 creaturam,
2023 2576 2365 2647 spiritualein
2389 2588 2441 2631 et
2466 2574 2827 2645 corporalem,
2858 2574 3131 2631 condiiain
3162 2593 3303 2632 esse.

68 2646 299 2718 Nomine
324 2649 512 2718 itaque
550 2645 808 2718 temporis
831 2662 1003 2699 aevum
1027 2656 1083 2701 et
1106 2645 1318 2717 tempus
1340 2647 1751 2718 comprehendit
1776 2645 2043 2718 pontifex,
2072 2646 2316 2718 imitatus
2344 2646 2679 2718 Dionysium.
2709 2650 2889 2713 Quare
2917 2661 3023 2700 non
3056 2648 3308 2718 prohibet

69 2720 182 2771 haec
214 2715 544 2778 Decretahs,
569 2716 697 2785 quin
725 2715 884 2769 liceat
908 2720 1109 2771 sentire
1132 2757 1148 2779 ,
1180 2715 1321 2786 quod
1351 2715 1715 2785 apostolorum
1748 2716 1999 2784 discipuli
2030 2756 2045 2781 ,
2084 2716 2335 2771 Clemens
2376 2726 2431 2770 et
2466 2715 2785 2786 Dionysius,
2831 2732 2970 2786 quos
3010 2717 3167 2771 multi
3211 2720 3305 2773 alii

69 2799 256 2860 postea
278 2786 459 2839 seculi
494 2797 654 2860 sunt,
691 2798 978 2860 senserunt
1019 2798 1233 2860 creatos
1266 2786 1429 2841 fuisse
1456 2787 1674 2860 angelus
1698 2797 1827 2860 ante
1853 2788 2130 2860 niuuduin.
2160 2787 2236 2841 De
2260 2788 2645 2860 angeliseiiiiii
2669 2787 3064 2860 interpretatur
3103 2788 3308 2860 Diony—

69 2855 180 2909 sius
206 2857 417 2910 dictum
447 2870 568 2909 esse
602 2855 731 2908 illud
757 2878 768 2909 ;
800 2856 1123 2922 Elevamini,
1152 2868 1321 2927 portw
1344 2855 1617 2910 (τίει-καὶαι
1641 2866 1661 2893 ι’
1687 2874 1702 2921 ;
1742 2858 1865 2925 quia
1890 2857 2179 2927 antiquum
2225 2868 2280 2910 et
2314 2855 2663 2920 iuvariabile,
2695 2865 2750 2911 et
2787 2858 2963 2911 metiri
3006 2855 3305 2911 secundum

70 2938 240 2981 totum
272 2941 433 2989 esse,
457 2928 845 2994 proprietatem
867 2929 966 2980 aevi
996 2943 1118 2982 esse
1143 2925 1295 2982 dicit.
1320 2927 1499 2993 Quare
1521 2930 1564 2981 si
1589 2942 1762 2981 aevum
1789 2925 2068 2993 antiquius
2096 2936 2182 2981 est
2227 2936 2467 2994 tempore
2490 2968 2506 2991 ,
2558 2936 2612 2980 et
2634 2942 2811 2981 aevum
2857 2927 3058 2981 dicitur
3076 2964 3093 2990 ,
3133 2937 3187 2980 et
3221 2938 3307 2982 est

69 2999 286 3051 duratio
312 2998 673 3066 angelorum:
707 3007 832 3050 sunt
860 2998 1025 3065 igitur
1046 2999 1221 3064 angeli
1255 3010 1382 3052 ante
1414 3008 1645 3067 tempus,
1671 3006 1724 3051 et
1748 3006 1874 3050 ante
1894 3011 1957 3049 ea
1984 3012 2106 3065 quae
2129 3006 2266 3051 sunt
2292 2998 2345 3049 in
2369 3007 2617 3066 tempore
2645 2998 2837 3052 creati.
2872 2996 3013 3050 ldein
3051 2998 3216 3051 sentit
3243 3000 3304 3051 ὃ.

69 3067 340 3120 Maximus
367 3069 423 3119 in
448 3066 623 3135 prima
652 3067 895 3121 centuria
922 3068 1248 3137 tlieol0gica.
1281 3068 1339 3121 Si
1370 3068 1512 3121 enim
1528 3066 1766 3137 angelos
1790 3083 1894 3121 non
1928 3078 2172 3122 creasset
2194 3075 2319 3121 ante
2344 3075 2556 3135 tempus
2582 3083 2705 3121 cum
2728 3082 2837 3136 quo
2859 3077 3010 3122 ortus
3032 3077 3116 3121 est
3143 3084 3305 3122 inun-

68 3143 189 3201 dus,
214 3141 508 3205 antiquius
534 3138 733 3191 vii-tute
754 3138 965 3202 fuisset,
1001 3154 1103 3191 non
1135 3153 1255 3192 esse
1279 3138 1568 3204 virtutem;
1594 3150 1649 3192 et
1677 3138 1917 3193 bonitate
1941 3138 2216 3205 antiquius
2237 3178 2252 3203 ,
2285 3150 2389 3190 non
2413 3152 2532 3192 esse
2556 3138 2853 3191 bonitatem
2874 3178 2891 3201 ,
2921 3151 3041 3205 qna:
3069 3140 3304 3192 absurda

70 3213 126 3264 δ,
152 3208 396 3263 Maximo
423 3221 546 3260 esse
580 3208 848 3262 videntur.
878 3210 970 3262 Sic
997 3209 1162 3262 etiam
1190 3209 1594 3277 intelligendum
1626 3224 1766 3275 esse,
1791 3208 1932 3276 quod
1963 3206 2319 3276 Epiphanius,
2351 3207 2631 3277 disputans
2655 3219 2842 3261 contra
2877 3208 3129 3261 haeresim
3153 3206 3307 3264 Pauli

71 3279 445 3339 Sainosateiii,
471 3280 573 3340 ait,
604 3293 709 3332 non
737 3294 861 3332 esse
891 3279 1112 3348 angelos
1136 3291 1264 3333 ante
1286 3280 1483 3332 οωιιιιιι
1511 3290 1567 3332 et
1591 3290 1788 3332 terrain
1815 3286 2058 3348 creatos.
2087 3279 2219 3333 Cum
2262 3279 2441 3345 plane,
2487 3279 2696 3347 inquit,
2742 3282 2845 3332 lioc
2872 3280 3075 3333 dictum
3104 3293 3211 3332 non
3234 3284 3309 3334 sit

71 3352 357 3413 mutabile,
389 3350 535 3415 quod
561 3359 686 3401 ante
709 3350 906 3403 eteluin
934 3344 990 3403 ei.
1019 3359 1223 3403 terrain
1248 3350 1383 3403 nihil
1406 3359 1523 3403 erat
1552 3364 1617 3403 ex
1644 3352 1880 3412 creatis;
1909 3344 2067 3417 505
2096 3363 2217 3401 nam
2243 3344 2297 3400 in
2326 3344 2585 3417 principio
2611 3347 2735 3416 fecit
2761 3348 2901 3402 Deus
2923 3348 3111 3402 calum
3133 3360 3180 3403 et
3203 3360 3313 3404 ter-

72 3436 181 3471 ram
202 3426 222 3453 ⁸
243 3459 260 3481 ,
298 3430 362 3471 ιιι
393 3419 724 3488 principium
755 3421 845 3484 sit,
874 3430 928 3473 et
956 3420 1089 3473 nihil
1114 3435 1182 3474 ex
1215 3421 1416 3474 creatis
1443 3428 1567 3473 ante
1593 3422 1696 3474 hoc
1725 3420 1897 3489 ipsum
1924 3432 2015 3470 sit.
2047 3419 2320 3474 tlacteiius
2352 3421 2704 3488 Epiphanius.

141 3489 505 3544 Verissimqu
536 3497 640 3561 est,
677 3500 804 3543 ante
832 3492 1031 3543 cailum
1066 3502 1126 3545 et
1157 3500 1356 3544 terram
1388 3489 1523 3544 nihil
1528 3490 1714 3561 [uisse
1738 3488 1805 3545 ex
1836 3491 2061 3555 creatis,
2089 3489 2301 3544 scilicet
2325 3489 2378 3541 iii
2405 3498 2651 3558 tempore
2679 3488 2784 3559 (sic
2811 3490 2953 3543 enim
2983 3490 3308 3561 intelligen-

70 3562 191 3633 dum
226 3565 367 3629 est),
401 3560 586 3628 angeli
632 3568 814 3614 autem
863 3562 917 3614 in
941 3575 1059 3614 aevo
1092 3561 1280 3617 'creati
1315 3569 1462 3615 sunt.
1507 3558 1700 3615 IEvuin
1745 3563 1888 3617 enim
1926 3572 2012 3619 est
2062 3573 2316 3616 mensura
2361 3574 2552 3615 eorum
2590 3576 2715 3629 qua:
2749 3574 2855 3615 non
2899 3571 3028 3617 sunt
3073 3558 3309 3633 Ienfpori

70 3630 303 3685 subiecta
314 3669 329 3682 .

136 3645 469 3772 liliiifquod
508 3702 621 3754 haec
651 3699 974 3765 Decretalis,
1012 3701 1147 3755 dixit
1168 3701 1322 3771 prius
1366 3701 1619 3769 synodica
1651 3700 1879 3771 epistola
1910 3700 2202 3772 Sophrouii
2249 3701 2581 3772 patriarcha:
2604 3699 3112 3772 HJCI‘OSOlylllilalli,
3147 3704 3311 3772 inissa

72 3771 135 3823 ad
165 3770 476 3824 Honorium
510 3772 550 3837 I,
582 3780 638 3825 et
672 3786 777 3825 non
805 3774 872 3825 ad
909 3769 1884 3841 bergiuin'Constautinopoliianum,
1933 3769 2242 3825 ut'i’hotiiis
2272 3772 2323 3823 in
2356 3786 2453 3824 sua
2493 3769 2821 3825 Bibliotheca
2859 3769 3109 3825 testatur.
3144 3771 3309 3826 Reci-

75 3851 178 3895 tata
223 3842 332 3894 l’iiit
356 3844 754 3912 Ahaecgepistola
789 3844 851 3899 in.
892 3840 1046 3895 sexui
1086 3844 1312 3912 synodo,
1352 3844 1491 3895 etin
1521 3841 1814 3912 undecima
1860 3844 2077 3912 actione
2121 3840 2407 3912 collocata.
2454 3841 2704 3912 Loquens
2735 3854 2881 3912 ergo
2920 3842 3312 3912 deucreatione

74 3914 249 3964 Iiiunili
284 3926 316 3963 a
352 3910 466 3963 Deo
494 3908 665 3977 facta,
696 3912 777 3965 sic
799 3913 1091 3966 coulitetur
1112 3908 1453 3980 Sophronius
1477 3929 1491 3965 :
1518 3913 1562 3964 Κ

1822 3913 1967 3965 πᾶσιν
1993 3911 2193 3981 ὥρισεν
2212 3909 2386 3981 ἀρχὴν
2407 3910 2665 3981 χρονικήν
2690 3926 2705 3963 :
2733 3910 2785 3964 id
2810 3908 2896 3964 est
2920 3924 2937 3963 :
2966 3908 3037 3962 Et
3067 3912 3310 3964 omnibus

72 3983 289 4034 decrevit
316 3981 650 4050 principium
692 3984 939 4048 temporis
964 3996 983 4034 .'
1017 3982 1143 4049 quia
1174 3985 1375 4051 angeli,
1412 3983 1538 4036 licet
1563 3984 1897 4037 immortales
1926 3986 2057 4048 sint,
2084 3982 2185 4051 hoc
2214 3982 2415 4033 habent
2441 3994 2731 4034 commune
2757 3996 2878 4035 cum
2913 3981 2987 4051 iis
3017 3995 3139 4049 qua
3183 3994 3315 4051 sunt

74 4052 121 4104 iu
154 4062 433 4120 tempore,
469 4057 613 4119 quod
642 4052 771 4105 facti
806 4062 953 4115 sunt,
989 4052 1196 4106 idcirco
1243 4050 1454 4122 tempus
1498 4053 1580 4107 eis
1622 4053 1896 4107 attribuit.
1936 4052 2095 4106 Hunc
2123 4050 2535 4122 planeusecutus
2561 4056 2646 4122 est
2685 4050 2929 4122 pontifex
2978 4050 3033 4104 in
3062 4065 3173 4122 sua
3204 4050 3311 4105 De-

74 4124 281 4197 cretali,
306 4132 367 4197 et
392 4122 750 4197 Sophronias
773 4132 992 4197 secutus
1029 4124 1195 4191 plane
1224 4120 1568 4197 Dionysium,
1601 4138 1762 4191 quem
1802 4124 1861 4178 in
1889 4123 2082 4178 eadem
2125 4120 2386 4191 synodica
2414 4122 2553 4174 citat
2593 4120 2685 4190 (ue
2713 4121 2841 4191 quis
2877 4122 3026 4176 dicat
3059 4120 3309 4191 ignotum

73 4191 232 4247 fuisse
266 4192 592 4261 Dionysium
626 4193 980 4263 Sophronia).

137 4262 271 4335 Esse
302 4258 474 4335 igitur
505 4258 731 4335 angelos
762 4273 894 4335 ante
931 4258 1369 4335 inuiiduiuhunc
1404 4278 1729 4335 corporeum
1769 4273 2007 4335 creatos,
2040 4258 2531 4335 tradit‘pionysius
2576 4261 2677 4316 hoc
2720 4261 2865 4324 loco.
2916 4271 2973 4317 et
3012 4262 3311 4335 apostolica

66 4330 341 4386 Doctrina
366 4334 462 4385 lib.
495 4345 589 4385 vui
635 4333 971 4403 Clementis,
1028 4350 1145 4403 cap.
1191 4333 1280 4401 12,
1324 4343 1381 4388 et
1425 4330 1543 4388 eant
1587 4346 1806 4389 secutus
1858 4333 2155 4401 Gregorius
2206 4330 2592 4403 Nazianzenus
2637 4335 2687 4386 in
2726 4349 2978 4403 sermone
3026 4330 3091 4387 de
3121 4334 3315 4387 Notati

73 4404 289 4468 Christi,
319 4412 378 4457 et
407 4404 462 4456 in
489 4406 732 4473 secundo
762 4404 827 4456 de
864 4402 1178 4473 Pascha,et
1207 4405 1349 4458 hunc
1384 4415 1607 4460 secutus
1633 4404 2000 4459 Daiuascenus
2026 4404 2121 4455 lib.
2159 4417 2196 4456 Ii
2272 4402 2347 4454 De
2377 4402 2481 4469 ﬁde
2527 4402 2845 4457 orthodoxa.
2892 4402 3039 4457 idem
3090 4419 3314 4473 quoque

75 4475 225 4528 ducet
252 4475 496 4542 Magnus
523 4472 755 4527 Basilius
785 4475 837 4526 in
899 4472 1222 4527 Hexaemero
1264 4486 1321 4529 et
1346 4475 1493 4529 illum
1526 4484 1748 4531 secutus
1786 4476 2125 4544 Philoponus
2148 4474 2245 4529 lib.
2278 4486 2295 4524 I
2362 4474 2439 4527 De
2466 4475 2730 4528 creatione
2763 4475 2947 4527 mundi
2982 4516 2994 4530 .
3024 4472 3147 4545 cap.
3176 4472 3235 4539 8,
3255 4478 3310 4541 9,

76 4545 153 4604 tu,
180 4547 271 4596 ubi
313 4544 784 4611 Mopsuesteuuui,
815 4544 899 4597 cui
931 4548 1264 4598 contrarium
1293 4546 1583 4609 sentiebat,
1618 4545 1831 4601 refellit.

138 4617 434 4679 Quomodo
467 4628 595 4667 vero
630 4616 1033 4684 intelligendum
1081 4627 1151 4666 sit
1179 4628 1466 4670 creaturas
1497 4618 1814 4686 spirituales
1851 4624 1905 4669 et
1932 4613 2246 4686 corporales
2269 4612 2432 4669 simul
2455 4624 2669 4668 creatas
2699 4628 2847 4679 esse,
2874 4616 2994 4670 illas
3018 4629 3141 4686 cum
3170 4628 3307 4675 aevo.

76 4682 165 4756 has
196 4698 330 4756 cum
366 4693 633 4756 tempore,
671 4695 729 4737 ut
755 4682 856 4739 huc
887 4698 1115 4756 quoque
1145 4699 1251 4741 non
1283 4682 1696 4754 praetereamus,
1726 4682 2043 4756 explanavit
2079 4684 2221 4739 idem
2263 4686 2598 4739 Athanasius
2630 4686 2727 4739 lib.
2772 4699 2832 4738 ιιι
2883 4695 3068 4756 contra
3100 4685 3310 4756 Arium,

78 4755 285 4809 intuens
319 4754 379 4807 in
414 4754 564 4807 illum
596 4756 772 4808 locum
805 4754 1176 4810 Ecclesiastici
1220 4771 1344 4825 cap.
1386 4770 1563 4811 xviii:
1603 4757 1708 4821 Qui
1744 4754 1865 4811 vivit
1905 4759 1961 4809 in
1999 4764 2279 4819 internum,
2327 4756 2522 4807 creavit
2551 4757 2731 4807 omnia
2762 4755 2942 4808 simul.
2987 4754 3136 4809 Nihil
3164 4756 3309 4808 enim

78 4836 145 4875 ait
168 4839 233 4878 ex
275 4825 450 4877 rebus
475 4826 677 4879 creatis
714 4837 840 4877 ante
869 4827 975 4878 alia
1001 4826 1087 4879 sui
1124 4840 1342 4892 generis
1371 4828 1651 4881 conditum
1697 4842 1842 4891 esse,
1872 4826 1967 4880 sed
1993 4826 2175 4879 omnia
2206 4826 2371 4878 simul
2398 4839 2505 4877 uno
2528 4828 2833 4892 eodemque
2866 4826 3123 4879 mandato
3168 4825 3311 4879 facta

76 4908 205 4947 esse.
237 4896 306 4948 Et
330 4894 499 4962 paulo
523 4905 649 4948 ante
679 4896 851 4964 magis
874 4897 1053 4949 adhuc
1084 4895 1339 4964 esplicat,
1368 4911 1493 4950 cuni
1525 4898 1623 4961 ait,
1650 4896 1785 4949 nihil
1813 4911 1935 4951 esse
1960 4897 2013 4949 in
2048 4896 2208 4949 rebus
2230 4893 2431 4948 creatis
2453 4896 2598 4961 quod
2626 4896 2801 4964 ipsum
2837 4910 3001 4964 unum
3034 4905 3089 4948 et
3111 4897 3312 4958 solum,

77 4976 124 5016 et
149 4968 397 5034 primum
431 4975 563 5019 ante
590 4966 720 5031 alia,
751 4963 962 5020 scilicet
990 4964 1071 5018 sui
1102 4963 1341 5034 generis,
1385 4966 1590 5021 factum
1622 4967 1716 5032 sit,
1740 4970 1835 5022 sed
1861 4981 1985 5021 cum
2015 4967 2270 5021 omnibus
2302 4964 2485 5030 simul,
2517 4964 2657 5017 κατὰ
2692 4963 2848 5032 γένος
2878 4963 2911 5034 ἢ
2945 4964 3122 5031 τάξιν,
3156 4966 3208 5019 id
3232 4977 3318 5020 est

78 5050 188 5088 cuiu
216 5036 487 5089 omnibus
524 5036 607 5089 sui
645 5036 980 5107 geiierisvel
1004 5037 1237 5091 ordinis.
1266 5053 1285 5087 ι
1316 5036 1536 5091 Nullum
1566 5038 1735 5103 enim,
1769 5039 1968 5107 inquit,
2004 5051 2072 5091 ex
2116 5040 2301 5105 astris,
2340 5044 2437 5087 aut
2476 5051 2543 5088 ex
2566 5036 2796 5107 magnis
2836 5036 3205 5107 luininaribus
3238 5037 3314 5089 ita

78 5112 349 5177 apparuit,
388 5116 450 5158 ut
478 5111 584 5160 hoc
614 5121 788 5174 prius,
839 5106 970 5160 illud
1001 5108 1272 5177 posterius
1305 5107 1359 5161 in
1393 5123 1574 5161 rerum
1610 5105 1863 5161 naturain
1907 5117 2273 5177 emergeret,
2307 5106 2403 5158 sed
2428 5106 2609 5159 omnia
2639 5108 2831 5160 eodem
2875 5105 2962 5159 die
3008 5108 3316 5175 eodemque

74 5174 217 5239 jussu
245 5189 440 5231 urtqu
471 5188 757 5245 ceperunt,
788 5174 1040 5243 quamvis
1065 5176 1169 5230 alia
1200 5180 1268 5231 ab
1301 5179 1424 5231 aliis
1469 5179 1759 5245 splendore
1784 5174 2369 5233 dill'erautfe'iiuiliter
2401 5178 2450 5230 in
2483 5177 2951 5245 quadrupedibus.
2980 5174 3313 5236 volucribus.

79 5246 333 5313 piscibus,
381 5250 700 5316 pecoribus,
747 5248 1030 5315 stirpibus.
1069 5248 1358 5314 Similiter,
1406 5251 1617 5316 inquit,
1650 5250 1821 5302 Adam
1851 5289 1868 5315 ,
1916 5264 2226 5317 quanquam
2268 5248 2414 5300 solus
2450 5262 2481 5300 e
2528 5256 2672 5317 terra
2709 5247 2976 5299 l'orniatus
3026 5256 3131 5312 est,
3166 5247 3317 5301 fuere

84 5327 247 5373 tanien
274 5322 333 5373 in
366 5333 435 5372 eo
466 5318 633 5372 etiam
665 5328 811 5389 tunc
832 5320 1073 5389 rationes
1109 5320 1475 5374 successionis
1516 5316 1964 5389 posteritatisque
2007 5316 2229 5373 huinaui
2261 5321 2500 5387 generis.
2543 5316 2836 5386 Subjungit
2868 5317 3064 5389 deinde
3094 5336 3109 5370 :
3144 5319 3211 5371 Et
3248 5331 3317 5369 ex

80 5392 355 5461 creatione
384 5387 846 5461 quiidihvisibilis
884 5388 1331 5461 invisibiliaejus
1366 5387 1609 5460 (angelos
1651 5390 1804 5461 dicit)
1852 5387 1956 5445 huc
1995 5398 2163 5444 etiam
2204 5404 2411 5460 genere
2451 5404 2703 5458 operum,
2762 5388 2962 5461 inquit,
3006 5387 3152 5441 facta
3197 5403 3319 5461 esse

82 5456 456 5530 intelligimus,
505 5458 943 5527 colligiiuusque,
970 5476 1038 5512 ne
1072 5462 1123 5512 in
1157 5456 1260 5514 illis
1290 5456 1510 5530 quidem
1547 5456 1845 5530 quidquam
1873 5476 2121 5515 seorsum
2155 5456 2439 5528 in'geuere
2473 5456 2582 5530 suo
2608 5470 2700 5513 aut
2730 5458 2886 5529 prius
2913 5469 3007 5511 aut
3045 5459 3320 5529 posterius

81 5529 309 5587 creatum
356 5546 509 5599 esse,
550 5533 647 5585 sed
672 5530 857 5584 omnia
894 5530 1054 5584 simul
1084 5545 1205 5600 qua:
1233 5529 1480 5601 ejusdem
1520 5529 1859 5586 conditionis
1887 5542 2018 5586 sunt
2046 5533 2342 5587 exstitisse.
2383 5550 2403 5584 ι
2440 5529 2557 5586 Non
2584 5532 2732 5585 enim
2766 5530 3016 5589 singulas
3071 5540 3158 5580 res
3185 5538 3321 5578 enu-

143 5767 176 5788 ἰ
210 5758 356 5814 Psal.
393 5771 626 5814 CXLVIII.
704 5764 731 5793 ι
768 5738 940 5811 Exod.
977 5771 1148 5813 χχιιι.
1226 5763 1249 5799 ³
1280 5756 1440 5813 Joan.
1472 5773 1515 5825 ι,
1551 5759 1573 5813 ἒ

85 5836 102 5863 ⁸
134 5830 259 5885 Ceu.
299 5850 341 5886 I.
371 5840 420 5886 i.

1829 5758 1909 5814 cli.
1960 5773 2113 5824 xviii,
2152 5756 2201 5813 i.
2278 5765 2305 5806 ει
2340 5755 2471 5814 Gen.
2510 5771 2547 5825 i,
2587 5756 2641 5812 1.
2746 5763 2766 5792 τ
2802 5750 2942 5811 Psal.
2982 5769 3141 5819 xxiii,
3175 5755 3231 5822 7,
3264 5756 3317 5808 υ.

174 5847 259 5885 eu.
299 5850 341 5898 i,
371 5847 420 5886 I.
