3768 6326
449 378 556 436 943
1631 381 1686 434 S.
1726 378 1927 434 DIONY

2178 377 2518 434 ΞΟΡΑΟΙΤΑΞ
3580 379 3666 435 9η

454 491 682 548 meravit
711 489 1023 563 Apostolus,
1053 498 1111 543 ut
1146 491 1198 544 in
1235 491 1378 546 hunc
1404 493 1621 546 mndmu
1651 495 1858 547 diceret
1894 512 1906 545 :
1939 495 2065 550 Sive
2097 493 2323 563 angelus
2353 493 2646 561 quispiam,
2675 492 2792 563 sive
2828 492 3058 547 thronus
3108 491 3329 561 aliquis,
3372 491 3492 563 sive
3522 492 3669 546 domi-

455 565 600 618 natio
633 563 741 624 illa,
775 570 865 633 aut
913 560 1026 633 illa,
1056 572 1151 633 aut
1197 563 1310 616 haec
1357 565 1437 616 vel
1470 565 1556 616 illa
1607 580 1672 617 ex
1706 565 2088 633 potestatibus,
2140 560 2233 618 sed
2284 560 2572 616 universos
2616 562 2797 624 simul,
2834 564 2926 631 qui
2973 560 3217 632 ejusdem
3268 562 3486 616 ordinis
3508 576 3667 628 erant,

453 632 884 702 comprehendit.
917 631 1064 694 Sive,
1109 632 1306 697 inquit,
1339 634 1536 694 throni,
1573 636 1676 687 sive
1709 631 2114 698 dominationes,
2157 636 2263 686 sive
2303 633 2651 699 principatus,
2690 633 2796 685 sive
2838 631 3115 697 potestates
3158 634 3207 696 ³,
3257 645 3372 687 etc.
3422 633 3669 688 Hactenus

451 703 821 772 Athanasius:
861 721 878 750 ι
929 703 1131 756 Omnes
1174 703 1356 772 itaque
1390 705 1675 758 chrrubini
1711 706 1870 757 simul
1913 708 2084 757 creati
2122 715 2266 767 sunt,
2310 704 2472 756 simul
2507 704 2634 756 item
2670 703 2977 765 serapltini,
3009 713 3063 758 et
3095 705 3254 757 simul
3289 705 3498 765 throni,
3545 706 3670 760 simi-

452 776 574 826 liter
608 771 917 844 inreliquis
942 773 1251 844 ordinibus,
1270 771 1334 828 in
1361 776 1580 842 quibus,
1608 775 1750 844 quod
1776 776 1840 827 ad
1866 778 2199 827 creationem
2227 775 2486 842 pertinet,
2516 789 2621 825 non
2647 784 2732 828 est
2759 774 3056 838 Quidquam
3086 777 3237 842 prius
3263 785 3358 827 aut
3395 777 3666 844 posterius,

452 844 582 898 licet
633 843 804 911 gloria
844 852 898 895 et
933 841 1154 914 honore
1185 845 1327 898 inter
1378 841 1436 898 Se
1474 841 1747 902 diil‘er'ant.
1804 863 1821 895 ›
1871 845 1962 899 Sic
2004 846 2194 914 probat
2230 841 2574 898 Athanasius
2617 855 2805 898 contra
2858 841 3226 911 Ariurupnon
3273 841 3407 898 esse
3455 842 3667 898 Verbum

449 923 780 968 creaturam.
827 930 844 963 ι
883 913 1157 980 Alioquin,
1209 915 1402 983 inquit,
1434 931 1658 969 necesse
1695 927 1815 969 erat
1877 927 1931 968 ut
1967 913 2124 969 simul
2162 931 2285 968 cum
2327 915 2448 966 aliis
2490 930 2556 968 ex
2599 915 2791 967 ordine
2816 916 3080 968 virtutum
3131 926 3451 977 crearetur,
3485 923 3538 967 et
3580 932 3668 968 non

450 997 598 1047 ante,
631 984 760 1038 licet
801 984 969 1055 gloria
1013 987 1228 1038 caeteris
1266 987 1638 1039 antecelleret.
1690 1005 1705 1038 ι
1747 987 1818 1039 Ex
1855 1002 1960 1054 quo
2003 1001 2210 1038 rursus
2237 987 2412 1045 lieret,
2453 996 2509 1038 ut
2561 1001 2667 1037 non
2707 994 2892 1054 posset
2945 1000 3066 1038 esse
3100 987 3336 1055 primum
3385 993 3442 1038 et
3481 985 3669 1037 initium

449 1056 706 1118 aliorum,
753 1065 816 1107 ut
863 1054 1052 1108 Ariani
1103 1056 1372 1109 volebant.
1417 1055 1732 1109 Tradebant
1768 1058 1910 1110 enim
1966 1068 2209 1110 creatqu
2258 1070 2378 1109 esse
2406 1055 2665 1117 Verbum,
2699 1067 2751 1108 ut
2799 1072 2894 1125 per
2941 1054 3115 1123 ipsum
3167 1059 3310 1108 Deus
3347 1055 3536 1108 omnia
3584 1058 3671 1108 alia

448 1135 685 1188 crearet,
724 1126 880 1194 quasi
915 1140 1019 1177 non
1058 1135 1203 1180 esset
1235 1127 1300 1178 de
1338 1142 1564 1180 numero
1595 1129 1838 1180 muniunt
1870 1145 1883 1191 ;
1917 1143 2037 1179 cum
2075 1137 2256 1179 tamen
2292 1126 2396 1180 tale
2439 1126 2763 1194 principium
2802 1126 3071 1192 omniqu,
3116 1126 3196 1179 ait
3232 1126 3593 1187 Athanasius,
3623 1126 3667 1178 iu

448 1195 706 1250 omnibus
738 1197 1184 1253 convinceretur.
1227 1206 1388 1263 atque
1419 1197 1490 1248 ita
1521 1197 1820 1258 concludit,
1851 1197 2069 1249 dilierre
2106 1197 2335 1250 Verbum
2367 1198 2672 1249 substantia
2707 1206 2762 1249 et
2796 1208 2985 1249 natura
3019 1212 3047 1248 a
3077 1196 3374 1259 creaturis,
3414 1196 3676 1264 solumque

449 1268 627 1335 ipsum
655 1281 780 1319 esse
812 1267 982 1319 solius
1010 1268 1122 1319 veri
1161 1267 1253 1320 Dei
1291 1268 1604 1337 imaginem.
1642 1268 1715 1319 lix
1762 1269 1958 1335 quibus
1993 1277 2148 1335 patet
2188 1267 2409 1335 angelos
2444 1267 2784 1334 antiquiores
2814 1282 2934 1320 esse
2978 1269 3140 1320 rebus
3173 1268 3575 1334 tetuporane‘is.
3604 1279 3674 1317 ut-

447 1346 575 1404 pote
616 1337 930 1400 :cviternos,
964 1351 1086 1389 cum
1116 1352 1288 1389 aevum
1323 1349 1565 1406 tempore
1595 1339 1870 1406 antiquius
1895 1339 1984 1400 sit,
2017 1352 2121 1388 non
2148 1353 2267 1390 esse
2296 1349 2472 1390 tamen
2507 1339 2615 1390 Deo
2643 1349 2970 1400 cmeternos,
2995 1354 3116 1390 cum
3151 1339 3446 1390 aeternitas
3470 1353 3562 1390 sua
3594 1338 3673 1404 ipsi

451 1409 669 1476 propria
706 1409 798 1469 sit,
826 1422 925 1460 nec
953 1406 1042 1457 ulli
1081 1407 1233 1461 alteri
1269 1408 1740 1461 conuunnicabilis
1767 1416 2050 1460 creaturae.
2083 1407 2154 1459 Ex
2183 1423 2288 1476 quo
2315 1408 2660 1461 manifestum
2688 1409 2764 1467 lit.
2796 1408 2928 1460 nihil
2961 1423 3134 1476 neque
3157 1418 3502 1475 temporum,
3528 1423 3676 1474 neque

448 1478 799 1540 saeculorum,
839 1493 936 1529 nec
963 1479 1258 1544 quidquam
1304 1493 1490 1530 eorum
1538 1493 1657 1546 qua:
1687 1479 1739 1530 in
1789 1477 1921 1545 ipsis
1959 1479 2294 1545 temporibus
2323 1489 2418 1531 aut
2462 1479 2678 1532 saeculis
2717 1490 2863 1539 sunt,
2911 1489 3242 1532 eoa-ternum
3271 1493 3402 1533 esse
3440 1476 3676 1530 inlinitali

449 1547 568 1608 Dei,
603 1563 720 1613 quae
745 1549 988 1600 omnium
1028 1563 1195 1601 causa
1230 1557 1336 1609 est,
1372 1558 1424 1601 et
1469 1563 1632 1614 supra
1659 1552 1842 1600 omnia
1868 1557 1969 1610 est,
2005 1561 2060 1599 et
2106 1547 2264 1612 cujus
2288 1551 2566 1601 voluntate
2602 1553 2782 1601 omnia
2813 1563 2876 1601 ex
2922 1549 3092 1601 nihilo
3127 1549 3274 1600 facta
3310 1563 3474 1612 sunt,
3519 1548 3622 1600 sive
3654 1563 3676 1594 ει

450 1627 720 1686 tempore,
747 1618 863 1670 sive
896 1633 924 1670 a
953 1619 1154 1669 saeculo
1179 1635 1270 1672 seu
1296 1633 1410 1671 aevo
1436 1629 1611 1670 ortum
1651 1619 1928 1677 duxerint.
1963 1619 2137 1671 Simul
2167 1619 2333 1672 etiam
2367 1621 2568 1672 decens
2595 1621 2832 1682 videtur,
2870 1629 2930 1672 ut
2970 1619 3071 1672 illa:
3117 1619 3498 1685 perfectiones
3520 1633 3627 1686 quae
3656 1632 3678 1666 ει

447 1687 558 1740 Deo
600 1698 846 1748 manant,
881 1702 1000 1756 qua:
1028 1702 1055 1738 a
1090 1691 1357 1741 creaturis
1392 1689 1672 1752 αἰτιατῶς,
1715 1690 1764 1741 id
1796 1698 1883 1740 est
1924 1703 2114 1757 create,
2155 1689 2570 1756 participantur,
2603 1691 2941 1755 antiquiores
2976 1690 3084 1742 siut
3122 1690 3238 1756 ipso
3270 1699 3546 1757 tempore,
3577 1703 3680 1740 cum

447 1773 556 1826 quo
593 1768 859 1811 creatura:
883 1760 1110 1828 tempori
1137 1759 1391 1824 subjectae
1418 1760 1535 1812 illas
1563 1761 1975 1828 participaruut.
2011 1756 2194 1827 Itaque
2218 1772 2480 1813 sanctitas
2515 1771 2569 1812 et
2597 1760 2834 1824 bonitas,
2870 1764 3133 1818 charitas.
3165 1760 3303 1821 vita,
3331 1756 3606 1828 sapientia
3638 1766 3680 1806 et

448 1831 568 1880 aliae
599 1828 962 1896 perfectiones
987 1827 1082 1881 Dei
1124 1844 1190 1882 ex
1235 1831 1341 1881 Deo
1373 1827 1686 1892 αἰτιατικῶς
1713 1869 1726 1888 ,
1768 1831 1818 1882 id
1853 1838 1935 1882 est
1977 1830 2274 1897 eﬂictenter,
2326 1833 2441 1884 sive
2483 1832 2783 1883 causaliter
2847 1831 3207 1899 participatte,
3260 1846 3373 1883 non
3408 1827 3683 1897 ceperunt

447 1899 622 1952 creari
654 1913 778 1952 cum
815 1899 1099 1971 creatione
1143 1901 1398 1971 hominis,
1431 1903 1527 1954 sed
1565 1901 1868 1970 antiquius,
1901 1910 2030 1954 ante
2069 1909 2284 1970 tempus
2316 1902 2549 1966 scilicet,
2576 1915 2702 1955 cuiu
2738 1902 2911 1971 angeli
2953 1900 3208 1966 αἰωνίως,
3246 1900 3303 1954 id
3348 1911 3440 1956 est
3484 1917 3537 1954 in
3574 1916 3685 1961 ww.

445 1979 503 2025 et
531 1984 640 2025 non
666 1980 962 2036 comtet'ne,
994 1967 1161 2023 Deum
1194 1968 1510 2025 laudabant.

2053 2111 2119 2122 -ο

1441 2241 1602 2312 506
1639 2239 2120 2294 PARAPIIRASIS
2159 2237 2606 2294 PACHYMER/E
2638 2238 2772 2311 (46).

513 2381 541 2452 §
573 2379 614 2435 l.
638 2379 876 2448 Tempus
904 2387 987 2434 est
1010 2380 1174 2433 etiam
1200 2378 1410 2433 dicendi
1444 2379 1512 2432 de
1537 2378 1930 2442 omnitenentc,
1959 2388 2001 2432 el

2195 2382 2210 2448 ξ
2265 2379 2302 2432 l.
2355 2380 2562 2449 Καιρός
2606 2381 2721 2431 ἐστι
2761 2379 2856 2432 καὶ
2906 2379 3035 2450 περὶ
3075 2382 3551 2451 παντοκράτορος,
3603 2383 3683 2436 καὶ

440 2475 711 2542 quomodo
749 2489 776 2525 a
826 2471 1047 2527 Daniele
1084 2471 1222 2527 Deus
1264 2472 1524 2538 antiquus
1569 2473 1777 2525 dierum
1823 2473 2015 2542 appel-

442 2566 603 2620 lelur.
641 2566 848 2619 Dicitur
880 2565 1062 2633 itaque
1088 2566 1431 2619 omnitenens
1457 2580 1484 2616 a
1527 2566 1838 2632 metaphora
1869 2563 2016 2618 radi-

443 2669 580 2713 cataa
611 2674 677 2713 ac
705 2660 906 2713 nativae
931 2669 1118 2728 petrze,
1148 2659 1200 2712 in
1229 2674 1332 2728 qua
1362 2657 1764 2712 fundamentum
1805 2659 2016 2713 aedilicii

446 2751 740 2822 ipsumque
795 2753 1084 2806 aedificium
1131 2750 1410 2805 fundatur.
1462 2750 1663 2805 Deinde
1708 2766 1830 2804 cum
1881 2751 2018 2804 dixit

440 2844 620 2898 sedem
653 2843 838 2896 omnia
871 2843 1262 2908 conlinentem,
1301 2857 1369 2896 ne
1412 2841 1535 2913 quis
1563 2843 1882 2910 Opinaretur
1931 2842 2015 2910 ip—

440 2950 557 2989 sum
597 2935 698 2989 hoc
738 2934 960 2997 dixisse,
1006 2935 1149 3002 quod
1195 2935 1358 2987 rebus
1405 2933 1534 3002 ipsis
1583 2934 1785 2987 creatis
1837 2934 2020 2988 coexi-

441 3027 656 3089 stendo,
684 3027 834 3092 juxta
877 3026 1142 3079 rationem
1179 3035 1343 3093 petrae
1370 3024 1422 3076 in
1456 3024 1704 3092 exemplo
1733 3024 1930 3089 allatze,
1965 3033 2019 3078 et

442 3134 549 3174 non
582 3121 926 3174 extrinsecus
969 3119 1112 3187 ipsas
1145 3118 1445 3182 cculineat,
1497 3120 1679 3173 subdit
1722 3120 1884 3174 etiam
1932 3136 2018 3175 se-

440 3222 672 3280 quentes
701 3213 988 3266 dictiones.
1030 3211 1314 3280 Siquidem
1365 3215 1430 3267 de
1467 3223 1616 3282 petra
1661 3228 1765 3266 non
1794 3213 2016 3280 dicitur,

441 3305 585 3373 quod
613 3315 767 3373 petra
798 3305 1096 3365 contineat.
1132 3304 1216 3358 vel
1253 3303 1459 3370 fundet,
1489 3304 1555 3358 de
1588 3305 1696 3359 Deo
1727 3315 1909 3359 autem
1936 3307 2017 3360 di-

442 3396 604 3459 citur,
631 3395 771 3460 quod
823 3394 893 3448 sit
931 3410 1092 3448 causa
1131 3394 1389 3458 elﬁciens,
1424 3412 1490 3450 ex
1521 3411 1651 3466 qua,
1696 3413 1792 3452 ceu
1834 3398 2016 3453 radice

441 3485 732 3549 elﬁcieute,
758 3486 940 3539 omnia
989 3488 1386 3555 producuntur,
1421 3500 1476 3542 et
1510 3491 1576 3543 ad
1601 3505 1784 3558 quem,
1823 3506 1919 3544 ceu
1948 3493 2015 3548 ad

442 3577 668 3632 fumium
696 3577 1018 3632 elﬁcientem
1043 3594 1105 3632 ac
1141 3579 1426 3648 providum
1457 3590 1869 3635 convertuntur.
1916 3581 2018 3637 Se-

441 3665 680 3724 cundum
705 3682 864 3720 unam
891 3678 1071 3722 autem
1101 3670 1596 3737 supereminentem
1623 3672 2011 3727 continentiam

2120 2472 2267 2534 ὅπως
2291 2470 2515 2534 παλαιὸς
2532 2473 2639 2541 ήμε
2649 2469 2755 2540 ρῶν
2777 2469 2924 2540 παρά
2946 2469 3022 2542 τῷ
3044 2471 3240 2542 Δανιὴλ
3263 2471 3490 2540 λέγεται
3511 2476 3538 2525 ό
3556 2474 3687 2536 Θεὸς,

2120 2565 2312 2615 εἰπεῖν.
2344 2561 2575 2630 Λέγεται
2613 2561 2790 2614 τοίνυν
2824 2562 3216 2632 παντοκράτωρ
3243 2563 3358 2615 ἀπὸ
3397 2568 3687 2636 μεταφορᾶς

2118 2646 2492 2727 ἐρριζωμένης
2519 2655 2613 2707 καὶ
2652 2653 2931 2724 συμφύτου
2957 2655 3186 2726 πέτρας,
3217 2656 3303 2723 ἐφ’
3347 2650 3420 2726 ἦς
3460 2659 3490 2710 ὃ
3523 2675 3580 2710 τε
3618 2659 3688 2710 ita.

2123 2749 2305 2819 μέλιος
2347 2747 2440 2800 τοῦ
2487 2747 2916 2817 οἰκοδομήματος
2953 2749 3045 2800 καὶ
3087 2749 3220 2800 αὐτὸ
3261 2749 3326 2800 τὸ
3369 2751 3686 2820 οἰκοδόμημα

2119 2839 2420 2910 ἐδράζεται.
2453 2833 2584 2890 Εἶτα
2611 2834 2778 2889 εἰπὼν
2807 2836 3133 2906 συνέχουσαν
3160 2836 3262 2907 τὴν
3293 2837 3486 2910 ἕδραν,
3521 2841 3601 2892 ἵνα
3625 2843 3685 2910 μή

2117 2949 2198 2995 τις
2235 2931 2531 3002 ὑπονοήσῃ,
2559 2931 2644 2982 ὃτι
2671 2925 2829 2980 τοῦτο
2864 2923 2985 2980 εἷπε
3018 2927 3106 2981 διὰ
3131 2929 3194 2980 τὸ
3222 2931 3284 2981 ἐν
3312 2931 3398 3000 τῷ
3430 2927 3569 2984 εἶναι
3608 2935 3688 2984 σὺν

2119 3025 2301 3086 αὐτοῖς
2326 3026 2440 3085 τοῖς
2483 3023 2745 3092 κτίσμασι
2778 3022 3042 3090 συνέχειν,
3082 3021 3341 3093 καθάπερ
3373 3024 3480 3094 τὴν
3519 3041 3688 3094 προτε·

2119 3115 2300 3167 θεῖσαν
2333 3115 2411 3176 είς
2448 3112 2842 3182 ὑπώείγματος
2873 3111 3027 3180 λόγον
3054 3113 3286 3182 πέτραν,
3320 3117 3420 3168 καὶ
3450 3116 3551 3169 οὐκ
3581 3117 3688 3181 ἔξω·

2120 3208 2241 3271 θεν,
2281 3208 2529 3278 ἐπιφέρει
2577 3207 2670 3258 καὶ
2707 3205 2806 3268 τὰς
2841 3205 3152 3268 ἐπιλοίπους
3205 3204 3411 3270 λέξεις.
3449 3209 3571 3262 Ἐπὶ
3599 3209 3688 3276 γὰρ

2116 3301 2216 3371 τῆς
2242 3301 2445 3371 πέτρας
2473 3300 2534 3354 οὐ
2561 3299 2797 3368 λέγεται,
2827 3299 2909 3351 ὅτι
2932 3300 2965 3369 ἡ
2999 3299 3180 3370 πέτρα
3209 3301 3469 3370 περιέχει
3495 3301 3530 3371 ἢ
3553 3301 3688 3370 θεμεο

2117 3394 2253 3446 λιοῖ·
2290 3394 2382 3446 ἐπὶ
2411 3392 2467 3444 δὲ
2499 3391 2593 3444 τοῦ
2627 3390 2761 3444 Θεοῦ
2804 3391 3042 3460 λέγεται,
3079 3391 3163 3443 ὅτι
3198 3393 3494 3462 ποιητικὸς
3542 3394 3689 3454 αἴτιός

2116 3489 2284 3550 ἐστιν,
2335 3486 2394 3551 ἐξ
2423 3480 2485 3540 οὗ
2531 3486 2624 3540 καὶ
2670 3486 2746 3549 ὡς
2784 3487 2851 3539 ἐκ
2890 3485 3045 3557 ῥίζης
3081 3488 3385 3558 ποιητικῆς
3415 3489 3488 3541 τά
3534 3491 3689 3544 πάντα

2118 3579 2465 3651 προάγονται,
2493 3581 2586 3632 καὶ
2613 3580 2692 3641 είς
2714 3578 2792 3642 ὃν,
2815 3577 2892 3640 ὡς
2918 3581 2998 3642 είς
3025 3578 3280 3650 πυθμένα
3307 3582 3596 3651 ποιητικὸν
3616 3582 3691 3635 καὶ

2119 3671 2495 3746 προνοητικὸν,
2515 3670 2951 3746 ἐπιστρέφονται.
2980 3672 3136 3724 Κατά
3168 3673 3302 3743 μίαν
3335 3674 3398 3727 δὲ
3419 3675 3693 3747 ὑπερέχου-

439 3762 622 3817 omnia
663 3760 875 3827 munit;
918 3763 1178 3830 quoniam
1212 3764 1390 3816 omnis
1429 3764 1710 3832 processio
1745 3763 1859 3830 Dei,
1895 3767 1927 3819 s‘

2205 3785 2212 3812 l
2242 3765 2468 3835 συνοχὴν
2493 3763 2558 3816 τὰ
2601 3764 2777 3816 πάντα
2806 3761 3251 3831 ἐξασφαλίζεται,
3291 3767 3378 3819 ὅτι
3406 3770 3560 3822 πᾶσα
3583 3768 3693 3838 πρὸ·

440 3849 510 3902 ad
551 3850 870 3914 creandum,
918 3850 1035 3904 sive
1079 3851 1144 3902 ad
1185 3850 1603 3918 providendum,
1645 3854 1801 3908 unica
1840 3865 1922 3909 est
1960 3865 2014 3910 et

437 3943 696 4011 simplex,
725 3943 938 3998 tametsi
975 3958 1060 3997 res
1083 3957 1283 3999 creata:
1305 3961 1368 4000 ac
1396 3949 1626 4015 provisae
1649 3948 2014 4005 diversimode

441 4037 556 4090 lnec
590 4051 819 4090 munera
865 4037 1217 4106 participent.
1257 4038 1468 4093 Dicitur
1503 4040 1668 4094 etiam
1709 4039 1818 4094 alio
1853 4043 2014 4097 modo

439 4129 808 4191 omnitenens,
844 4130 970 4197 quia
1000 4130 1256 4183 omnibus
1287 4131 1542 4199 imperat,
1575 4142 1630 4186 et
1667 4133 2013 4199 dominatur,

440 4230 498 4275 et
525 4219 722 4277 sulﬁcit
752 4230 992 4290 potestas
1019 4222 1135 4292 ejus
1162 4223 1413 4278 omnibus
1435 4225 1525 4293 qui
1565 4226 1632 4279 ab
1664 4225 1782 4296 ipso
1820 4229 2017 4297 guber-

442 4322 676 4378 nantur;
706 4313 849 4381 quod
881 4312 934 4366 in
968 4314 1184 4382 regibus
1213 4316 1443 4370 terrenis
1473 4316 1652 4369 locum
1687 4333 1790 4372 non
1820 4319 2010 4384 habet,

443 4404 705 4470 quoniam
736 4404 869 4457 viris
916 4404 1386 4472 priestautioribns
1414 4421 1551 4473 opus
1576 4406 1775 4463 habent
1808 4413 1874 4464 ad
1912 4427 2015 4479 gu-

440 4492 809 4546 bernandum.
837 4492 987 4558 Quod
1020 4494 1061 4548 si
1098 4509 1227 4548 vero
1250 4503 1304 4547 et
1332 4496 1433 4564 ipsi
1464 4495 1676 4564 aliquos
1712 4513 1808 4567 per
1837 4514 1894 4554 se
1927 4516 2016 4554 re-

441 4596 589 4659 gant,
621 4587 852 4655 negotiis
876 4588 1276 4655 quodammodo
1303 4604 1360 4643 se
1391 4590 1694 4660 implicare,
1718 4604 1773 4649 et
1801 4611 1921 4663 qua:
1949 4598 2014 4650 ad

439 4694 532 4732 eos
571 4685 821 4748 spectant
867 4677 1080 4733 discere
1134 4681 1358 4746 debent,
1404 4692 1463 4736 ut
1504 4697 1696 4739 secure
1745 4686 2012 4753 prtesint:

438 4786 628 4825 verum
669 4769 813 4826 Deus
847 4771 1258 4841 omnipOteuter
1296 4774 1636 4840 dominatur,
1673 4786 1728 4830 et
1782 4779 2016 4834 immiste

439 4874 657 4936 praeest.
682 4865 892 4920 Dicitur
920 4867 1260 4922 omnitenens
1289 4868 1476 4933 etiam,
1498 4879 1553 4922 ut
1587 4870 1839 4925 omnibus
1863 4887 2016 4924 ama-

439 4958 567 5013 bilis
603 4967 658 5013 et
697 4958 1113 5025 desiderabilis;
1147 4959 1407 5026 quoniam
1441 4959 1509 5013 ab
1551 4962 1669 5030 ipso
1697 4964 1882 5017 omnia
1915 4980 2014 5018 vo-

439 5050 677 5105 luntarie
711 5051 1113 5120 gubernantur,
1150 5060 1205 5104 et
1236 5067 1361 5120 erga
1396 5052 1571 5121 ipsum
1611 5054 1798 5109 divino
1830 5071 2016 5111 amore

440 5144 708 5207 feruntur,
743 5143 815 5196 ita
847 5151 904 5194 ut
933 5143 1079 5195 nulla
1108 5144 1310 5197 existat
1338 5144 1634 5212 dissensio,
1667 5148 1812 5201 nulla
1844 5147 2011 5204 invita

438 5248 495 5292 et
523 5237 759 5290 violenta
793 5234 1011 5299 traCtio,
1032 5246 1364 5305 quapropter
1385 5237 1809 5294 omnitenentem
1833 5241 2010 5312 digni-

441 5340 608 5384 tatem
636 5328 842 5382 habere
889 5327 1241 5396 perhibetur;
1295 5327 1426 5381 nihil
1461 5331 1606 5384 enim
1637 5332 1880 5388 habenas
1920 5350 2014 5388 ex-

439 5422 600 5484 cutit,
638 5417 774 5473 nihil
806 5418 1168 5480 contravenit,
1200 5418 1332 5472 nihil
1361 5421 1566 5485 obstat,
1600 5422 1732 5476 nihil
1761 5434 2010 5477 coactum

440 5511 766 5575 succumbit,
795 5511 888 5564 sed
919 5511 1100 5565 omnia
1129 5519 1382 5579 tauquam
1407 5522 1675 5568 creatura:
1707 5530 1825 5583 quae
1849 5516 2011 5572 Crea-

521 5652 537 5685 ι
574 5650 784 5703 Coloss.
822 5668 859 5716 ι,
900 5651 982 5703 16.

2113 3860 2228 3922 οδος
2250 3858 2343 3911 ἐπὶ
2362 3857 2519 3920 Θεοῦ,
2538 3856 2642 3909 κᾶν
2665 3858 2744 3919 εἰς
2768 3855 2828 3908 τὸ
2857 3855 3083 3919 κτίζειν,
3108 3857 3215 3910 κᾶν
3239 3861 3324 3923 εἰς
3347 3861 3413 3913 τὸ
3439 3863 3691 3931 προνοεῖν,

2114 3953 2287 4005 ἐνιαία
2317 3951 2411 4004 καὶ
2447 3948 2592 4019 ἁπλῆ
2624 3951 2792 4012 ἐστιν,
2837 3951 2884 4002 εί
2929 3951 3020 4002 καὶ
3053 3949 3124 4002 τὰ
3167 3951 3483 4023 κτιζόμενα
3519 3955 3608 4007 καὶ
3637 3952 3691 4004 τὰ

2114 4045 2483 4118 προνοούμενα
2509 4042 2776 4113 διαφόρως
2801 4041 2911 4095 τῶν
2941 4041 3160 4112 δωρεῶν
3185 4044 3509 4115 μετέχουσι.
3550 4047 3695 4112 Λέγε-

2112 4156 2203 4192 ται
2224 4136 2614 4207 παντοκράτωρ
2644 4136 2738 4187 καὶ
2765 4134 2886 4187 καθ’
2910 4134 2996 4186 ἐτε
3006 4151 3096 4204 ρον
3117 4135 3351 4206 τρόπον,
3385 4139 3471 4190 ὅτι
3499 4139 3693 4191 πάντων

2114 4231 2323 4298 κρατεῖ,
2357 4228 2450 4280 καὶ
2471 4225 2793 4290 ἐξουσιάζει,
2821 4227 2915 4278 καὶ
2939 4227 3176 4295 ἐπαρκεῖ
3209 4229 3244 4298 ἡ
3278 4225 3508 4292 ἐξουσία
3547 4225 3691 4282 αὖτοῦ

2112 4323 2226 4380 τοῖς
2250 4319 2638 4389 διοικουμένοις
2669 4319 2892 4381 ἅπασιν,
2920 4318 3056 4388 ὅπερ
3082 4318 3177 4370 ἐπὶ
3205 4319 3320 4371 τῶν
3347 4323 3444 4374 ἐπὶ
3483 4325 3583 4392 γῆς
3611 4320 3692 4388 βαι

2118 4410 2310 4463 σιλέων
2337 4411 2437 4463 οὐκ
2460 4409 2599 4472 ἔστι,
2623 4407 2704 4462 διὸ
2729 4409 2826 4462 καὶ⁵
2858 4408 2966 4460 τῶν
3007 4408 3496 4480 συνδιαφερόντων
3533 4413 3692 4470 αὐτοῖς

2072 4514 2074 4516 ’
2113 4503 2216 4574 τὴν
2251 4502 2426 4573 ἀρχὴν
2457 4500 2685 4553 δέονται.
2717 4500 2779 4552 Ei
2802 4498 2859 4550 δέ
2899 4514 3061 4550 τινων
3097 4499 3194 4551 καὶ
3237 4499 3335 4568 ἀφ’
3379 4499 3589 4552 ἑαυτῶν
3613 4496 3692 4565 ἆρ-

2117 4611 2318 4664 χουσιν,
2348 4590 2462 4645 ἀλλ’
2491 4586 2583 4644 οὖν
2617 4590 2933 4661 μιγνύμενοι
2975 4584 3086 4643 οἷον
3121 4591 3239 4654 τοῖς
3272 4592 3590 4662 πράγμασι,
3615 4587 3692 4639 καὶ

2119 4684 2478 4756 μανθάνοντες
2498 4681 2566 4734 τὰ
2593 4683 2722 4753 περὶ
2750 4677 2981 4744 τούτων,
3001 4679 3178 4744 οὕτως
3214 4681 3490 4751 ἀσφαλῶς
3521 4681 3693 4751 ἀρχουο

2119 4795 2220 4830 σιν.
2263 4777 2319 4828 ’0
2344 4775 2400 4829 δὲ
2427 4775 2560 4838 Θεὸς
2603 4774 2935 4847 παγκρατῶς
2965 4773 3301 4840 ἐξουσιάζει,
3337 4777 3439 4829 καὶ
3483 4771 3693 4844 ἐπαρκεῖ

2117 4869 2351 4941 ἀμιγῶς.
2377 4869 2610 4938 Λέγεται
2635 4868 3027 4940 παντοκράτωρ
3081 4870 3176 4921 καὶ
3205 4869 3284 4933 ὡς
3321 4874 3494 4926 πᾶσιν
3524 4867 3692 4939 ἐφετδς

2117 4965 2211 5017 καὶ
2255 4962 2586 5032 ἐπέραστος·
2627 4962 2708 5014 διὸ
2739 4961 2848 5032 γὰρ
2887 4961 3210 5025 ἐθελουσίως
3252 4962 3327 5016 τά
3360 4965 3544 5017 πάντα
3582 4961 3690 5030 παρ’

2119 5054 2282 5108 αὑτοῦ
2305 5056 2581 5126 ἄρχονται,
2606 5056 2700 5108 καὶ
2728 5055 2870 5106 θεῖον
2910 5052 3089 5122 ἔρωτα
3113 5053 3258 5124 πρὸς
3281 5055 3456 5108 αὑτὸν
3481 5057 3688 5125 ἔχουσιν,

2119 5148 2370 5219 οὐδεμιᾶς
2409 5148 2728 5218 δυσμενείας
2761 5145 2946 5216 οὔσης,
2989 5144 3109 5198 οὐδέ
3149 5146 3420 5200 ἀκουσίου
3458 5148 3594 5210 τινὸς
3615 5142 3689 5196 καὶ

2124 5239 2297 5310 βιαίου
2324 5238 2510 5307 ὁλκῆς,
2555 5236 2641 5288 διὰ
2678 5235 2835 5288 τοῦτο
2863 5235 2923 5287 τὸ
2962 5241 3476 5309 παντοκρατορικὸν
3501 5238 3690 5304 λέγεται

2121 5334 2262 5403 ἔχειν
2281 5330 2496 5400 ἀξίωμα
2519 5347 2531 5358 ·
2558 5330 2706 5381 οὐδὲν
2731 5328 2840 5398 γὰρ
2860 5328 3175 5398 ἀφηνιάξει,
3199 5330 3361 5383 οὐδὲν
3390 5329 3687 5385 ἀντιϐαίνει.

2117 5425 2272 5477 οὐδὲν
2305 5423 2643 5484 ἀνθίσταται,
2671 5420 2821 5472 οὐδὲν
2847 5418 3169 5491 βιαζόμενον
3213 5423 3546 5487 ὑποπίπτει,

2121 5517 2318 5579 πάντα,
2344 5514 2418 5578 ὼς
2444 5516 2723 5584 ποιήματα
2743 5511 2832 5565 τὸν
2857 5513 3198 5583 πιραγωγέα
3222 5515 3431 5584 εἰδότα,
3457 5517 3546 5570 τὸν
3574 5510 3686 5581 πρὸς

515 5806 627 5876 (46)
674 5805 809 5862 Vide
835 5807 963 5863 Sch.
1004 5806 1062 5861 S.
1086 5805 1327 5873 Maximi,
1359 5814 1487 5861 tom.
1525 5805 1590 5875 ll,
1625 5822 1745 5878 cap.
1770 5807 1836 5863 l0
1901 5808 1979 5864 De
2007 5809 2168 5863 divin.
2206 5807 2407 5869 nomin.
