3768 6306
130 315 238 371 943

711 312 797 367 DE
830 311 1080 367 DlVlNIS
1113 310 1507 375 NOMINIBUS,
1544 309 1700 365 CAP.
1739 306 1803 363 Χ.
1840 337 1911 349 ς-
1943 306 2288 362 PARAPHR.
2324 304 2795 362 PACHYMERE.

124 434 288 487 αὐτὸν
324 433 473 487 θεῖον
502 432 779 488 ώδίνουσιν
817 432 1013 503 ἔρωτα.
1060 434 1124 486 Ἦ
1154 433 1211 486 δὲ
1244 431 1408 498 λέξις,
1447 431 1553 485 ἀπὸ
1595 429 1698 482 τῶν

1829 440 1979 481 orem
2007 434 2294 498 agnoscant
2333 425 2575 478 divinum
2605 438 2731 492 erga
2765 422 2938 491 ipsum
2970 435 3208 477 amorem
3243 437 3369 484 par-

123 525 508 595 κυῖσκομένων
529 525 812 595 ληφθεῖσα,
840 525 992 596 δηλοῖ
1023 524 1119 595 τὴν
1158 519 1268 577 οἷον
1298 524 1355 575 έν
1382 524 1516 593 ἡμῖν
1545 537 1701 589 φυσι-

124 616 226 688 κὴν
263 616 531 681 διάθεσιν,
557 617 650 670 καὶ
677 616 769 685 ἀφ’
793 615 950 687 ήμῶν
973 614 1204 686 φυσικὴν
1235 614 1409 687 ὁρμὴν
1450 613 1585 684 πρὸς
1612 613 1702 666 τὸν

121 707 463 779 δημιουργὸν
486 709 577 761 καὶ
599 707 829 778 κίνησιν.
873 707 962 772 Ὠς
986 707 1095 778 γὰρ
1125 709 1158 777 ὴ
1178 706 1271 777 γῆ,
1303 704 1700 776 θερμαινομένη

121 799 199 870 τῷ
233 798 396 870 ἡλίῳ,
430 799 566 872 πρὸς
596 799 789 863 ὠδῖνας
816 798 1158 871 διεγείρεται,
1196 796 1336 851 οὕτω
1382 796 1474 849 καὶ
1500 797 1532 866 ὴ
1563 810 1700 865 καρ-

118 892 229 954 δία,
277 892 344 945 τὸ
381 891 613 965 εραστὸν
654 893 713 945 έν
754 892 922 963 ἑαυτῇ
960 890 1348 963 περιφέρουσα,
1392 888 1569 942 ώδίνει
1608 886 1701 941 τὸν

118 981 330 1056 ἔρωτα.

187 1180 216 1252 ς
253 1182 326 1234 ll.
366 1179 605 1245 Παλαιὸς
631 1181 688 1236 δὲ
716 1182 939 1254 ἡμερῶν
965 1183 1215 1254 ὑμνεῖται
1271 1183 1300 1236 6
1341 1181 1472 1246 Θεὸς
1513 1181 1602 1235 διὰ
1638 1180 1700 1235 τὸ

117 1267 257 1325 εἶναι
279 1273 378 1326 τὸν
402 1273 564 1326 αὐτὸν
595 1271 766 1327 αἰῶνα
784 1275 894 1327 τῶν
920 1274 1151 1328 αἰωνίων
1177 1275 1420 1344 ἀγγέλων
1439 1290 1452 1304 ·
1479 1273 1699 1337 τούτους

117 1364 228 1435 γὰρ
264 1360 391 1418 εἷπε
430 1365 693 1437 πρότερον
714 1367 985 1433 αἰωνίους,
1020 1367 1096 1432 ὡς
1129 1366 1324 1432 αἰῶνος
1353 1367 1695 1438 μετέχοντας,

117 1455 177 1507 οὐ
219 1454 331 1526 μὴν
360 1455 421 1508 δὲ
444 1454 521 1519 ώς
552 1456 841 1528 ἀνάρχους.
868 1457 1075 1527 Χρόνον
1103 1456 1159 1511 δὲ
1192 1457 1303 1511 τῶν
1344 1457 1450 1511 ὑπὸ
1489 1457 1695 1528 χρόνον,

118 1547 380 1603 ἁπάντων
408 1547 649 1618 δηλονότι
673 1548 781 1603 τῶν
810 1550 1112 1619 γεγονότων
1144 1550 1280 1622 μετὰ
1311 1549 1411 1622 τὴν
1441 1567 1700 1622 παραγω-

110 1638 218 1709 γὴν
255 1637 357 1692 τοῦ
385 1640 636 1709 ούρανοῦ,
678 1636 739 1695 οὗ
782 1644 849 1712 τῇ
883 1643 1095 1713 κινήσει
1124 1644 1152 1696 6
1181 1643 1368 1713 χρόνος
1397 1642 1694 1711 εἰσάγεται.

116 1730 353 1799 Λέγεται
396 1730 455 1783 δὲ
489 1731 583 1784 καὶ
614 1732 804 1802 χρόνος
838 1734 932 1787 καὶ
969 1732 1103 1787 αἰὼν
1143 1735 1237 1787 καί
1274 1736 1458 1806 ἡμέρα
1492 1738 1521 1789 6
1563 1735 1698 1801 Θεὸς

114 1822 464 1894 θεοπρεπῶς,
490 1822 565 1887 ὡς
594 1823 987 1895 ἀμετάϐλητος,
1010 1825 1093 1878 ὅτι
1118 1825 1186 1879 τὰ
1214 1826 1390 1879 πάντα
1411 1830 1469 1880 έν
1489 1828 1696 1892 τούτοις

118 1913 586 1983 μεταϐάλλονται·
624 1915 763 1969 αύτά
808 1915 865 1969 δὲ
900 1916 1253 1989 ἀμετάϐλητα
1293 1920 1510 1990 μένουσι
1557 1921 1698 1976 κατὰ

113 2004 177 2058 τὸ
214 2001 360 2059 εἰναι
397 2005 623 2077 χρόνους
661 2007 755 2059 καὶ
791 2006 1026 2078 ἡμέρας.
1070 2008 1134 2062 Εἰ
1171 2007 1281 2081 γὰρ
1317 2010 1699 2081 μετεϐάλλοντο

114 2097 237 2149 κατ’
263 2096 328 2149 ού
338 2096 481 2162 σίαν,
518 2099 666 2152 πᾶσα
698 2097 755 2151 δὲ
787 2099 1056 2171 μεταϐολὴ
1085 2102 1144 2154 έν
1170 2101 1366 2173 χρόνῳ,
1391 2102 1580 2173 ἔμελλε
1603 2104 1697 2158 καὶ

115 2186 151 2257 ἡ
188 2187 470 2259 μεταϐολὴ
493 2188 589 2241 τοῦ
620 2189 811 2260 χρόνου
840 2192 898 2245 ὲν
929 2192 1104 2264 χρόνῳ
1139 2194 1403 2262 γίνεσθαι,
1434 2196 1527 2250 καὶ
1559 2196 1699 2268 ποίῳ

112 2276 292 2349 τούτῳ
314 2279 419 2332 οὐκ
439 2274 557 2334 οἰδα
574 2297 588 2311 ·
621 2281 762 2335 κατά
800 2281 863 2336 τὸ
892 2280 1032 2338 εἶναι
1064 2284 1121 2338 δὲ
1153 2286 1341 2357 χρόνον
1370 2287 1463 2340 καί
1490 2287 1698 2358 ἡμέρας

115 2365 237 2423 εἰπε
284 2369 353 2422 τὸ
394 2371 573 2425 αὐτῶν
622 2373 1020 2446 ἀμετάϐλητον.
1079 2375 1231 2431 Ἑπεί
1278 2378 1633 2449 παρακατιὼν
1667 2382 1697 2434 6

115 2460 272 2528 ᾶγιος
315 2462 378 2515 ἐν
408 2461 691 2518 ἀλλοιώσει
729 2464 872 2519 εἴποι
906 2467 1000 2521 τὸν
1028 2468 1220 2540 χρόνον
1241 2486 1254 2499 ·
1291 2469 1320 2523 6
1359 2472 1453 2525 ml.
1481 2471 1693 2526 δοτέον·

112 2546 276 2619 θέρος
307 2548 423 2621 γὰρ
455 2552 551 2606 καὶ
590 2553 707 2625 ἔαρ,
740 2554 1078 2629 φθινόπωρον
1110 2560 1201 2612 καί
1242 2559 1467 2631 χειμὼν,
1510 2565 1566 2616 αἰ
1600 2563 1695 2617 τοῦ

114 2643 315 2713 χρόνου
352 2642 684 2708 ἀλλοιώσεις.
710 2645 866 2701 Ούτω
892 2648 1022 2717 γοῦν
1046 2649 1363 2723 θεοπρεπῶς
1398 2654 1492 2707 καί⁸
1515 2656 1543 2707 6
1563 2653 1697 2719 Θεὸς

113 2732 201 2787 ἀεὶ
249 2732 571 2804 κινούμενος
615 2736 703 2806 ἐφ’
746 2739 939 2793 ἑαυτοῦ
977 2740 1148 2811 μένει.
1199 2743 1310 2795 Καὶ
1358 2744 1563 2815 τρίτον,
1611 2748 1696 2801 ὅτι

113 2826 210 2879 καὶ
240 2826 323 2891 ώς
354 2826 529 2893 αἴτιος
560 2830 740 2886 αὐτῶν
759 2849 774 2863 ·
821 2833 1083 2905 ἐλέγομεν
1129 2836 1237 2909 γάρ
1269 2840 1360 2892 καὶ
1409 2840 1695 2914 πρότερον,

109 2918 194 2971 ὅτι
227 2917 300 2973 τὰ
335 2918 521 2974 πάντα
564 2921 780 2991 λέγεται
811 2927 841 2979 6
871 2924 1005 2991 Θεὸς
1034 2927 1111 2991 ὡς
1142 2928 1314 2994 αἴτιος
1362 2932 1428 2985 ἐκ
1469 2931 1578 2986 τῶν
1610 2933 1696 2985 αἰ·-

108 3007 341 3075 τιατῶν,
377 3012 428 3064 εἰ
459 3013 553 3067 καὶ
585 3014 723 3085 ὑπὲρ
752 3015 927 3070 πάντα
959 3019 1095 3072 ἐστί.
1131 3020 1223 3073 Διὸ
1254 3022 1349 3074 καὶ
1381 3021 1561 3085 πολιὸς
1597 3023 1696 3093 μὲν

107 3100 274 3202 ὤφθη
308 3100 389 3172 τῷ
421 3104 640 3202 favni-3‘1,
675 3106 871 3202 λεύκην
892 3109 1055 3202 -έχων
1086 3111 1329 3183 κεφαλὴν
1360 3113 1491 3166 ώσεί
1523 3113 1690 3185 ἔριον,
1722 3144 1763 3202 C

108 3189 403 3256 νεανίσκος
423 3191 481 3245 δὲ
514 3194 674 3249 πάλιν
693 3196 772 3268 τῷ
815 3199 1096 3272 Ἀϐραάμ·
1131 3203 1192 3257 τὸ
1221 3204 1341 3274 μὲν,
1371 3205 1447 3268 ώς
1479 3207 1695 3260 πάντων

108 3282 176 3334 ὲκ
210 3281 351 3336 Θεοῦ
384 3299 445 3336 τε
478 3284 647 3341 ὄντων
680 3290 774 3344 καί
810 3292 927 3362 μετ’
960 3292 1143 3359 αὐτὸν,
1167 3296 1260 3348 καὶ
1291 3284 1696 3369 νειυτέρωνάύ-

107 3370 205 3425 τοῦ
227 3388 243 3403 ·
277 3373 342 3426 τὸ
372 3374 454 3439 δὲ,
488 3376 571 3432 ὅτι
602 3379 661 3432 έν
685 3380 899 3454 ἀκμαία
929 3385 1024 3437 καί
1054 3385 1311 3439 εύσταθεῖ
1336 3388 1694 3460 μακαριότητι

107 3461 468 3528 άπαλαίωτός
500 3466 646 3521 ὲστιν
664 3483 677 3498 ·
705 3467 740 3538 ἢ
764 3468 831 3522 δι’
860 3470 1206 3544 ἀμφοτέρων,
1235 3472 1331 3528 τοῦ
1363 3491 1424 3529 τε
1456 3474 1697 3546 πρεσϐύ-

106 3570 208 3608 του
242 3554 340 3608 καὶ
370 3555 467 3609 τοῦ
500 3556 618 3610 νέου
639 3597 655 3624 ,
684 3559 935 3631 δηλοῦται
966 3563 1027 3616 τὸ
1059 3564 1117 3630 ἐξ
1149 3565 1321 3637 ἀρχῆς
1351 3566 1479 3638 ἄχρι
1510 3567 1695 3633 τέλους

107 3645 202 3701 διά
234 3646 459 3701 πάντων
489 3648 596 3703 τῶν
628 3654 939 3723 κτισμάτων
988 3656 1233 3727 προϊέναι
1277 3657 1437 3711 αὐτόν
1460 3674 1475 3689 ·
1510 3657 1544 3729 ἢ
1576 3659 1696 3730 τρί-

109 3752 230 3800 τον,
264 3739 455 3803 καθὼς
488 3742 581 3795 καὶ
624 3743 653 3795 ὁ
700 3745 1071 3819 ἰεροτελεστὴς
1103 3749 1196 3801 καὶ
1240 3749 1555 3815 διδάσκαλος
1601 3752 1694 3805 τοῦ

113 3828 337 3900 Πατρὸς
382 3830 637 3903 Ἱερόθεός
686 3852 870 3907 φησιν,
903 3839 986 3893 ὅτι
1016 3841 1085 3894 δι’
1133 3842 1460 3913 ἀμφοτέρων
1489 3846 1523 3914 ὴ
1576 3843 1695 3897 θεία

112 3917 422 3990 ἀρχαιότης
470 3921 742 3993 δηλοῦται,
776 3926 863 3982 διά
900 3929 999 4000 μὲν
1031 3930 1125 3984 τοῦ
1172 3934 1566 4005 πρεσϐυτέρου,
1613 3936 1721 3988 ac"

110 4007 176 4061 τὸ
208 4009 444 4080 ἀρχαῖον
502 4014 597 4066 καί
641 4016 856 4087 πρῶτον
887 4020 1038 4092 δηλοῖ
1066 4022 1127 4075 τὸ
1172 4023 1537 4096 πρεσϐύτερον
1560 4043 1573 4057 ·
1608 4026 1695 4081 διὰ

110 4100 171 4153 δὲ
203 4100 301 4154 τοῦ
333 4104 620 4176 νεωτέρου,
654 4109 883 4182 ἐπείπερ
908 4112 983 4176 ὡς
1015 4115 1074 4167 ὲν
1095 4115 1346 4185 ἀριθμοῖς
1378 4117 1695 4188 ἀρχηγικώ-

111 4208 276 4265 τερον
312 4195 413 4265 μὲν
458 4196 492 4266 ἡ
528 4199 714 4268 μονὰς,
750 4203 844 4255 καὶ
903 4205 1023 4257 κατ’
1071 4206 1305 4277 ἀριθμὸν
1350 4208 1632 4277 νεώτερον,
1668 4213 1697 4265 ὁ

112 4282 173 4335 δὲ
207 4285 440 4357 ἀριθμός
473 4290 588 4342 ἐστι
617 4290 695 4362 τῷ
727 4293 917 4365 πλήθει
944 4297 1283 4368 φαινόμενος,
1319 4300 1442 4353 ὅσον
1473 4300 1699 4366 αὐξάνε-

112 4388 206 4427 ται
228 4413 243 4437 ,
299 4375 539 4446 ἔμφασιν
575 4379 989 4453 ὑστεροχρονίας
1036 4384 1168 4457 ἕχει.
1207 4388 1305 4442 Διά
1347 4388 1503 4445 τοῦτο
1533 4392 1561 4444 ό
1597 4392 1697 4461 μὲν

1806 516 2035 570 turiunt.
2094 512 2427 569 Vocabulum
2473 522 2655 568 autem
2705 512 2809 566 hoc
2860 527 2891 566 a
2942 511 3371 582 parturientibus

1802 617 2110 675 acceptum,
2141 605 2387 661 declarat
2412 607 2816 676 quodammodo
2854 604 2907 657 in
2939 604 3095 658 nobis
3124 602 3372 660 all‘ectio-

1803 714 1926 752 nem
1956 699 2281 761 naturalem,
2320 708 2375 752 et
2404 714 2433 751 a
2460 709 2653 753 natura
2691 699 2850 751 nobis
2881 696 3098 752 insitam
3137 712 3371 767 propeno

1801 792 2006 848 sionem
2059 806 2124 847 ac
2174 791 2466 845 motionem
2512 791 2581 844 ad
2634 790 2972 849 Creatorem.
3021 788 3175 848 Sicut
3222 791 3368 845 enim

1802 890 1944 937 terra
1973 882 2087 937 sole
2110 880 2368 935 calefacta
2404 881 2472 934 ad
2515 881 2859 951 paritudincs
2889 890 3249 951 provocatur;
3285 880 3368 936 sic

1799 982 1855 1029 et
1878 988 1998 1038 cor,
2035 973 2087 1027 id
2115 972 2260 1042 quod
2284 971 2519 1027 amabile
2550 980 2633 1027 est
2663 972 2716 1025 in
2750 972 2927 1042 seipso
2954 970 3367 1038 circumferens,

1800 1080 2042 1120 amorem
2070 1063 2331 1134 parturit.

1872 1178 2029 1249 507
2053 1177 2080 1249 ς
2109 1176 2175 1232 ll.
2194 1177 2470 1247 Antiqnus
2490 1191 2622 1231 vero
2643 1176 2851 1230 dierum
2874 1174 3183 1230 celebratur
3201 1174 3367 1241 Deus,

1796 1272 1927 1340 quia
1973 1270 2092 1340 ipse
2123 1277 2207 1324 est
2249 1282 2424 1324 atvum
2455 1267 2772 1337 angelorum
2803 1266 3227 1331 mviternorum;
3270 1265 3368 1320 hos

1798 1365 1945 1419 enint
1969 1373 2134 1419 antea
2162 1371 2398 1416 aeternos
2426 1360 2664 1423 dixerat,
2686 1359 2829 1428 quod
2857 1359 3182 1429 participem
3211 1366 3371 1411 teter-

1800 1459 2046 1522 nitatem,
2104 1472 2212 1512 non
2259 1468 2394 1509 vero
2439 1453 2582 1524 quod
2633 1450 2888 1522 principii
2930 1462 3180 1522 expertes
3235 1452 3365 1507 sint.

1798 1548 2035 1618 Tempus
2059 1558 2240 1605 autem
2279 1561 2470 1601 eorum
2502 1558 2623 1613 quae
2663 1551 2792 1598 sunt
2831 1541 3079 1610 subjecta
3115 1541 3364 1610 tempori,

1797 1640 1852 1694 id
1880 1648 1966 1695 est
1994 1654 2187 1694 eorum
2220 1637 2464 1691 omnium
2497 1651 2618 1704 qum
2652 1634 2796 1688 facta
2831 1643 2956 1688 sunt
2986 1642 3109 1701 post
3147 1632 3367 1697 ctelum,

1797 1749 1862 1789 ex
1898 1731 2050 1801 cujus
2083 1740 2230 1785 motu
2278 1728 2465 1783 existit
2498 1738 2730 1797 tempus.
2765 1725 2972 1781 Dicitur
3006 1734 3190 1781 autem
3228 1725 3369 1778 Deus

1797 1834 1853 1881 et
1881 1836 2129 1892 tempus,
2163 1834 2219 1878 et
2246 1837 2447 1885 arvum,
2497 1830 2552 1876 et
2596 1820 2715 1875 dies
2752 1832 2817 1873 eo
2849 1817 3010 1873 modo
3045 1831 3153 1886 quo
3199 1815 3368 1870 Deum

1798 1918 1974 1985 decet,
2004 1925 2276 1988 quatenus
2316 1912 2679 1970 immutabilis
2719 1920 2838 1976 est;
2886 1909 3144 1980 quoniam
3184 1907 3370 1962 omnia

1796 2028 1917 2083 quae
1952 2019 2080 2067 sunt
2125 2011 2180 2064 in
2232 2009 2317 2063 his
2369 2005 2721 2062 mutationem
2758 2004 3003 2074 capiunt,
3049 2001 3166 2070 ipsa
3210 2013 3366 2064 vero,

1797 2115 2064 2176 quatenus
2104 2111 2347 2172 tempora
2382 2109 2438 2156 et
2473 2098 2595 2153 dies
2640 2108 2788 2160 sunt,
2828 2096 3112 2148 immutata
3149 2105 3367 2162 perma-

1798 2206 1949 2253 nent.
1972 2195 2105 2250 Nam
2137 2195 2181 2249 si
2213 2193 2512 2250 secundum
2544 2190 2831 2246 essentiam
2857 2195 3212 2251 mutarentur.
3244 2199 3365 2239 cum

1795 2286 1972 2342 omnis
2004 2285 2231 2340 mutatio
2270 2285 2323 2338 in
2363 2292 2607 2353 tempore
2640 2280 2756 2344 ﬁat,
2791 2279 3016 2334 deberet
3044 2278 3211 2331 etiam
3242 2289 3365 2329 mu—

1798 2377 1933 2431 tatio
1981 2374 2243 2445 temporis
2287 2372 2342 2426 in
2381 2382 2630 2441 tempore
2669 2368 2808 2435 ﬁeri,
2844 2365 2992 2438 quali
3025 2374 3209 2420 autem
3252 2363 3367 2428 illo,

1797 2484 1906 2523 non
1936 2469 2085 2535 scio;
2124 2475 2392 2537 quatenus
2434 2476 2617 2519 autem
2654 2461 2771 2516 dies
2813 2471 3023 2528 tempus
3054 2467 3201 2524 sunt,
3232 2456 3370 2512 dixit

1798 2560 1865 2616 iis
1885 2575 2102 2631 quoque
2122 2567 2431 2628 competere
2450 2552 2966 2611 immutabilitatem.
2993 2551 3125 2607 Cum
3161 2549 3212 2603 in
3242 2563 3373 2617 pro-

1798 2668 1985 2723 gressu
2032 2652 2121 2707 hic
2164 2660 2385 2707 sanctus
2432 2649 2651 2713 dixerit,
2702 2654 2911 2713 tempus
2960 2645 3012 2697 in
3061 2641 3365 2696 mutatione

1799 2747 2140 2811 consistere;
2174 2744 2276 2799 hoc
2306 2744 2472 2798 etiam
2503 2739 2908 2796 concedendum
2940 2747 3026 2791 εει
3055 2752 3069 2788 :
3102 2733 3366 2804 siquidem

1799 2847 1961 2893 astas
2002 2846 2060 2892 et
2104 2851 2219 2903 ver,
2276 2844 2569 2889 autumnus
2620 2840 2676 2887 et
2725 2832 2900 2886 hiems
2931 2835 3059 2883 sunt
3111 2823 3369 2894 temporis

1799 2930 2147 2985 mutationes.
2190 2928 2283 2982 Sic
2325 2927 2510 2995 itaque
2535 2924 2699 2979 etiam
2728 2922 2889 2986 Deus,
2916 2919 3077 2974 modo
3102 2917 3211 2971 Deo
3237 2930 3367 2968 con-

1801 3016 2061 3080 venienti,
2094 3029 2311 3085 semper
2354 3024 2531 3067 tnotus
2582 3012 2636 3066 in
2679 3012 2859 3081 seipso
2892 3016 3192 3079 permanet.
3234 3004 3367 3060 Ter-

1800 3109 1875 3163 tio
1897 3108 2058 3164 etiam
2089 3119 2343 3176 tanquam
2381 3116 2574 3158 auctor
2602 3117 2828 3167 eorum;
2864 3100 3178 3155 dicebamus
3220 3095 3365 3150 enim

1798 3209 1979 3266 antea,
2021 3199 2187 3254 Deum
2222 3196 2406 3252 omnia
2435 3195 2541 3250 dici
2576 3206 2833 3263 tanquam
2878 3204 3095 3245 causam
3126 3203 3194 3242 ex
3233 3185 3365 3241 effe-

1797 3293 1920 3357 ctis,
1957 3290 2175 3345 tametsi
2216 3305 2378 3359 supra
2411 3288 2591 3343 omnia
2634 3287 2728 3342 sit.
2763 3283 2945 3352 Quare
2988 3280 3197 3336 Danieli
3237 3294 3363 3348 qut-

1798 3386 1919 3439 dem
1950 3398 2118 3438 canus
2150 3381 2428 3452 apparuit,
2463 3378 2758 3433 candidum
2794 3375 3002 3430 habens
3035 3371 3367 3443 caputvelut

1798 3478 2005 3543 lanam,
2040 3492 2256 3531 rursum
2292 3491 2421 3531 vero
2444 3473 2663 3541 juvenis
2688 3470 3005 3525 Abrahamo
3036 3485 3051 3522 :
3085 3466 3216 3520 illud
3244 3464 3367 3536 qui-

1797 3571 1942 3633 dem,
1968 3570 2109 3640 quod
2132 3567 2313 3622 omnia
2337 3582 2407 3621 ex
2435 3567 2543 3621 Deo
2564 3566 2695 3630 sint,
2728 3571 2784 3618 et
2812 3570 2935 3632 post
2962 3561 3161 3629 ipsum,
3190 3570 3366 3626 eoque

1794 3661 2047 3733 juniora;
2084 3662 2187 3716 hoc
2224 3675 2376 3723 vero,
2412 3658 2554 3728 quod
2603 3658 2657 3711 in
2695 3654 2945 3727 vigorosa
2979 3649 3366 3718 constantique

1797 3752 2134 3806 beatitudine
2176 3752 2249 3806 sit
2293 3750 2432 3804 senii
2474 3763 2704 3815 expers;
2760 3745 2845 3800 vel
2902 3758 3000 3815 per
3047 3752 3362 3808 utrumque,

1795 3858 1917 3896 cum
1976 3856 2162 3896 senem
2214 3851 2324 3895 tum
2368 3840 2659 3906 juvenem,
2707 3835 3068 3905 signiﬁcatur,
3114 3832 3285 3900 ipsum
3331 3842 3365 3882 a

1796 3931 2065 4002 principio
2088 3944 2261 3999 usque
2292 3928 2359 3980 ad
2388 3928 2549 3979 linem
2588 3918 2699 3993 per
2718 3931 3002 3977 creaturas
3022 3933 3212 3973 omnes
3241 3931 3367 3986 per-

1799 4019 2022 4085 venire;
2048 4018 2131 4073 vel
2158 4018 2337 4080 tertio,
2373 4026 2431 4069 ut
2460 4016 2673 4069 divinus
2714 4012 2875 4080 hujus
2908 4008 3085 4063 Patris
3120 4007 3366 4061 initialor

1798 4127 1862 4167 ac
1896 4120 2194 4183 praeceptor
2224 4109 2547 4163 Hierothens
2572 4107 2671 4170 ait,
2716 4105 2860 4174 quod
2900 4112 3133 4171 utroque
3177 4099 3362 4153 divina

1795 4205 1915 4273 ejus
1946 4203 2242 4274 antiquitas
2266 4200 2558 4264 indicetur,
2595 4199 2670 4252 ita
2711 4210 2770 4252 ut
2802 4211 2899 4267 per
2928 4209 3113 4249 senem
3144 4192 3362 4262 quidem

1799 4297 1851 4353 id
1881 4295 2024 4365 quod
2058 4295 2340 4363 antiquum
2381 4302 2438 4347 et
2477 4292 2711 4361 primum
2749 4297 2832 4343 est
2872 4286 3219 4351 declaretur;
3268 4299 3367 4353 per

1792 4386 2048 4457 juvenem
2077 4400 2227 4452 vero,
2259 4385 2515 4454 quoniam
2563 4382 2707 4438 sicut
2738 4382 2791 4435 in
2820 4378 3061 4434 numeris
3086 4377 3367 4449 principa-

113 4465 273 4530 Θεὸς,
307 4466 383 4531 ώς
418 4468 586 4535 αἴτιος
614 4472 723 4526 τῶν
756 4477 1090 4546 κτισμάτων,
1126 4478 1302 4550 ἀρχῆς
1336 4484 1429 4536 καὶ
1465 4486 1691 4552 μονάδος

1827 4484 1900 4535 lor
1930 4479 2149 4549 quidem
2185 4486 2269 4535 est
2300 4479 2505 4543 unitas,
2532 4491 2654 4532 cum
2691 4476 2763 4530 sit
2799 4474 2852 4529 in
2886 4471 3129 4526 numeris
3167 4484 3361 4524 recen-

3265 305 3442 362 946.

111 4555 275 4625 λόγον
309 4558 556 4628 ἐπέχων·
602 4562 671 4615 τά
704 4563 761 4617 δὲ
793 4564 1085 4635 κτίσματα,
1137 4568 1213 4631 ὡς
1256 4571 1352 4623 ἀπ’
1402 4572 1568 4626 αὐτοῦ
1601 4575 1698 4629 καὶ

1827 4574 1927 4637 ior,
1958 4588 2217 4627 numerus
2238 4581 2419 4627 autem
2447 4572 2501 4625 in
2528 4570 2872 4625 multitudine
2894 4579 3184 4635 apparens,
3204 4572 3363 4631 prout

111 4646 336 4701 αἰτιατά
369 4649 625 4721 πλήθους,
672 4655 894 4719 εἰκότως
924 4658 953 4710 6
987 4657 1083 4727 μὲν
1112 4658 1172 4711 τὸ
1204 4660 1427 4731 ἀρχαῖον
1458 4662 1588 4730 ἕξει,
1623 4665 1693 4719 τὰ

1827 4674 2056 4733 lugetur,
2088 4664 2550 4734 posterioritatetn
2591 4659 2847 4729 temporis
2882 4657 3113 4711 obtinet.
3155 4652 3364 4707 Idcirco

112 4740 173 4849 δὲ
254 4742 531 4814 κτίσματα
603 4746 665 4799 τὸ
745 4748 888 4818 μετὰ
964 4749 1137 4804 ταῦτα
1210 4752 1311 4823 τῆς
1366 4755 1539 4826 ἀρχῆς
1596 4759 1691 4813 καὶ

1827 4758 1942 4812 Deus
1986 4754 2233 4825 quidem,
2276 4764 2535 4823 tanquam
2567 4766 2734 4807 causa
2771 4758 3171 4810 creaturarum,
3212 4744 3364 4814 prin-

113 4852 368 4906 υπερον.

117 4944 206 4994 ro,
283 4940 541 4999 tanquam
586 4931 655 4988 ab
698 4932 817 5000 ipso
859 4943 916 4989 et
947 4950 1111 4991 causa
1159 4937 1560 5004 multitudinis;
1622 4940 1737 5010 ipse

113 5033 252 5072 vero
283 5019 336 5072 id
395 5021 540 5090 quod
577 5031 699 5090 post
726 5022 1052 5099 principium
1078 5038 1133 5089 et
1154 5031 1432 5098 posterius
1474 5030 1686 5086 existit.

185 5127 218 5202 ς
266 5131 362 5182 111.
398 5131 682 5187 Εἰσϐάλλει
728 5137 856 5209 περί
904 5139 1069 5194 αὑτοῦ
1114 5140 1207 5197 τοῦ
1254 5141 1445 5214 χρόνου
1477 5141 1697 5196 καὶτοῦ

111 5223 319 5288 αἰῶνος
373 5225 584 5292 εἰπεῖν,
658 5228 941 5297 σοφώτατα
1010 5235 1542 5306 κατασφαλιξόμενος
1602 5236 1697 5291 τὸν

111 5315 399 5387 ἀκροατὴν
447 5317 528 5380 εἰς
577 5318 879 5385 εὐσέϐειαν,
932 5324 1024 5377 καὶ
1069 5325 1315 5391 φάσκων,
1371 5328 1447 5400 μὴ
1497 5328 1692 5400 χρῆναι

112 5407 371 5459 ὑπονοεῖν
400 5407 470 5461 τὰ
512 5407 776 5481 λεγόμενα
806 5413 996 5467 αἰώνια
1045 5417 1183 5471 κατὰ
1213 5418 1371 5473 τοῦτο
1416 5420 1509 5472 καὶ
1559 5437 1685 5473 συν-

114 5498 267 5551 αἶδια
323 5493 464 5552 εἶναι
510 5499 631 5571 Θεῷ
661 5502 737 5572 τῷ
783 5503 887 5574 πρὸ
931 5506 1159 5562 αἰώνων.
1209 5511 1289 5564 Τά
1338 5511 1468 5579 γοῦν
1516 5512 1692 5583 πάντη

114 5590 213 5642 καὶ
243 5589 529 5654 άπολύτως
549 5592 786 5663 ἀγένητα
822 5598 913 5649 καὶ
947 5598 1091 5651 άῖδια
1118 5600 1186 5652 τά
1210 5603 1301 5653 ἐπὶ
1330 5602 1463 5655 Θεοῦ
1491 5603 1692 5674 κυρίως

114 5680 348 5736 αἰώνια·
398 5684 449 5736 οἰ
498 5682 555 5737 δὲ
606 5684 867 5754 ἄφθαρτοι
921 5689 1137 5759 ἄγγελοι
1189 5692 1391 5749 αἰώνιοι
1442 5694 1689 5763 λέγονται

1795 4851 1925 4921 cipii
1955 4861 2117 4918 atque
2148 4850 2374 4904 unitatis
2406 4849 2673 4902 rationem
2704 4847 2943 4909 habens;
2974 4850 3239 4897 creaturae
3275 4856 3365 4894 ve-

1797 4943 2017 5012 quidem
2071 4941 2294 4997 habebit
2338 4939 2392 4995 id
2438 4937 2583 5008 quod
2629 4934 2907 5004 antiquius
2943 4941 3052 4999 est,
3100 4942 3365 4987 creaturae

1871 5142 1899 5215 §
1924 5141 2010 5199 ill.
2041 5140 2237 5212 Incipit
2265 5139 2332 5195 de
2362 5139 2479 5210 ipso
2509 5144 2752 5207 tempore
2780 5144 2835 5192 et
2863 5135 3171 5193 aeternitate
3198 5140 3361 5195 verba
3410 5152 3413 5153 '

1800 5234 2005 5303 facere,
2029 5233 2433 5306 sapientissime
2455 5245 2710 5285 securum
2735 5232 2967 5287 reddens
2984 5231 3288 5288 auditorem
3308 5234 3362 5289 in

1797 5326 2093 5397 religione,
2122 5326 2286 5401 508
2319 5341 2382 5379 ac
2406 5323 2594 5379 dicens
2622 5337 2726 5378 non
2746 5322 2943 5378 debere
2960 5322 3261 5378 existimari
3299 5339 3362 5379 ea

1796 5432 1918 5489 quae
1943 5427 2145 5473 {eterna
2180 5418 2457 5480 dicuntur,
2496 5415 2616 5469 ideo
2641 5429 2762 5469 esse
2792 5414 2904 5470 Deo
2933 5423 3230 5482 coaaterna,
3268 5417 3363 5486 qui

1795 5519 1880 5565 est
1903 5520 2029 5566 ante
2059 5508 2276 5565 sarcula.
2316 5509 2388 5563 Ea
2415 5507 2621 5575 itaque,
2645 5521 2764 5574 quae
2787 5504 3009 5560 omnino
3032 5515 3089 5560 et
3116 5507 3364 5563 absolute

1796 5602 2035 5672 ingenita
2069 5611 2124 5657 et
2148 5601 2481 5670 sempiterna
2517 5606 2646 5651 sunt
2674 5598 2727 5652 in
2755 5597 2887 5659 Deo,
2914 5597 3132 5667 proprie
3155 5608 3358 5654 aeterna

1796 5704 1960 5761 sunt;
1993 5693 2169 5763 angeli
2201 5708 2332 5749 vero
2371 5689 2835 5760 incorruptibiles,
2862 5690 3052 5745 aeterni
3079 5680 3357 5756 dicuntur,
