3742 6330
22 338 169 391 μετ)

1144 338 1231 393 DE
1268 337 1518 396 DIVINIS
1563 341 1973 407 NOMINIBUS,
2007 342 2160 397 CAP.
2200 340 2287 396 XI.

3241 343 3345 398 950

21 451 284 515 παντὸς
331 451 566 524 πόλεμον
604 451 828 523 ἐνούσης
869 455 949 517 είς
987 456 1206 527 ὁμοειδῆ
1255 459 1499 511 συνοικία

1866 468 1916 514 at
1959 459 2223 514 unitatem
2248 496 2265 521 ,
2307 467 2472 527 atque
2517 458 2838 514 intestinum
2870 457 3070 513 bellum
3099 458 3344 515 universi

22 545 288 615 ιετοχῇ
334 544 433 615 τῆς
480 544 631 607 θείας
671 546 893 616 εἰρήνης
931 548 985 599 αἱ
1024 546 1155 615 γοῦν
1211 548 1579 621 πρεσϐύτεραι
1602 549 1670 581 too

21 632 173 686 τῶν
207 634 550 705 συναγωγῶν
577 636 858 708 δυνάμεων
892 639 1051 692 αὐταί
1080 656 1141 693 τε
1161 641 1182 671 ¹’
1202 641 1337 713 πρὸς
1359 641 1557 705 ἑαυτὰς
1579 643 1673 697 καὶ

21 728 210 799 πρὸς
246 728 490 801 ἀλλήλας
512 730 755 785 ἑνοῦνται
775 772 790 796 ,
832 732 926 785 καὶ
953 734 1089 805 πρὸς
1112 734 1210 804 τὴν
1244 733 1371 805 μίαν
1396 733 1504 788 τῶν
1534 734 1670 788 ὅλων

21 818 455 889 εἰρηναρχίαν,
475 819 567 872 καὶ
596 819 664 872 τά
694 821 781 889 ὑφ’
814 822 1011 887 ἑαυτὰς
1045 822 1254 877 ἑνοῦσιν
1284 824 1422 878 αὐτά
1452 841 1509 877 τε
1536 825 1670 895 πρὸς

21 911 275 975 ἑαυτὰ,
314 913 407 966 καὶ
438 913 573 985 πρὸς
611 914 835 986 ἄλληλα,
867 916 960 970 καὶ
982 916 1117 989 πρὸς
1139 916 1237 988 τὴν
1263 918 1391 989 μίαν
1413 919 1505 971 καὶ⁸
1534 936 1670 971 παν·

21 1003 197 1075 τελῆ
225 1006 333 1076 τῆς
354 1006 572 1061 πάντων
592 1009 811 1079 εἰρήνης
830 1008 1004 1081 ἀρχὴν
1036 1010 1130 1063 καὶ
1145 1009 1342 1073 αἰτίαν,
1366 1011 1508 1080 ἥτις,
1536 1010 1669 1080 ἀμε-

21 1096 181 1164 ρῶς
227 1100 595 1170 ἑπιϐεϐηκυῖα
627 1104 743 1165 τοῖς
781 1102 924 1165 ὅλοις
948 1142 963 1166 ,
994 1101 1185 1173 ὥσπερ
1211 1104 1323 1156 τισὶ
1360 1102 1666 1174 κλείθροις’

21 1190 178 1243 τῶν
222 1192 577 1265 διῃρημένων
620 1196 1089 1264 συμπτυκτικοῖς,
1126 1194 1195 1247 τὰ
1238 1194 1416 1248 πάντα
1460 1192 1662 1266 ἐρίζει,

21 1283 159 1335 καὶ
202 1285 475 1353 περατοῖ,
513 1286 608 1337 καὶ
645 1283 998 1353 ἀσφαλίζεται
1023 1326 1037 1348 ,
1080 1287 1174 1339 καὶ
1212 1287 1311 1340 οὐκ
1349 1287 1414 1357 ἑᾷ
1456 1286 1663 1358 διαιρε-

21 1374 238 1427 θέντα
265 1376 492 1446 χυθῆναι
521 1377 657 1448 πρὸς
680 1376 741 1430 τδ
772 1378 995 1449 ἄπειρον
1016 1380 1110 1433 καὶ¹
1138 1378 1408 1449 ἀόριστον,
1431 1377 1660 1442 ἄτακτα,

22 1467 158 1518 καὶ
202 1466 501 1537 ἀνίδρυτα,
555 1469 650 1521 καὶ
686 1469 869 1542 ἔρημα
903 1471 1037 1524 Θεοῦ
1076 1470 1397 1542 γιγνόμενα,
1437 1470 1529 1522 καὶ
1566 1470 1665 1540 τῆς

22 1557 288 1610 ἑαυτῶν
325 1559 573 1625 ἑνώσεως
611 1562 842 1627 ἐξιόντα,
868 1563 962 1616 καὶ
997 1565 1055 1616 ἑν
1088 1563 1336 1635 ἀλλήλοις
1361 1560 1663 1633 παμμιγῶς

23 1651 495 1723 συμφυρόμενα.
538 1654 675 1726 Περὶ
718 1655 814 1726 μὲν
856 1652 949 1708 οὖν
987 1655 1192 1727 αὐτῆς,
1235 1655 1263 1707 ὅ
1295 1672 1349 1708 τι
1382 1654 1512 1707 ποπτὲ
1547 1657 1661 1707 ἑστι

28 1742 163 1811 τῆς
202 1741 361 1806 Θείας
400 1744 623 1815 είρήνης
660 1745 755 1797 καὶ⁵
792 1745 1041 1816 ήσυχίας,
1067 1746 1136 1817 ἢν
1172 1745 1201 1797 ό
1242 1745 1384 1816 ἱερὸς
1434 1744 1662 1807 Ἰοῦστος

24 1831 376 1900 ἀφΘεγξίαν
425 1833 611 1900 καλεῖ,
673 1836 768 1889 καὶ
823 1837 916 1889 ἑπὶ
968 1837 1153 1890 πᾶσαν
1208 1836 1658 1907 γιγνωσκομένην

28 1924 302 1994 πρόοδον
359 1925 681 1998 ἀκινησίαν,
732 1927 879 1991 ὅπως
927 1944 985 1979 τε
1029 1929 1245 1998 ἠρεμεῖ,
1290 1928 1383 1981 καὶ
1430 1927 1657 1999 ἡσυχίαν

28 2018 230 2085 ἄγει,
282 2017 374 2070 καὶ
402 2020 552 2082 ὅπως
599 2019 656 2072 ἑν
709 2020 870 2090 ἑαυτῆ
919 2020 1016 2073 καὶ
1066 2019 1198 2073 εἴσω
1249 2020 1449 2089 ἑαυτῆς
1500 2022 1657 2081 ὲστι,

30 2109 156 2161 καὶ
232 2108 372 2179 πρὸς
419 2110 589 2181 αὐτὴν
634 2111 765 2183 ὅλην
814 2112 909 2183 ὅλη
955 2112 1342 2183 ὑπερήνωται,
1392 2112 1487 2165 καὶ
1530 2109 1653 2164 οὔτε

1775 552 1843 606 ad
1890 551 2219 607 concordem
2275 550 2496 606 inducat
2548 551 3055 606 commorationem.
3103 550 3246 616 Quin
3287 559 3344 604 et

1772 642 1970 698 divinae.
2016 643 2169 713 pacis
2211 642 2630 712 participatione
2681 643 2871 711 prima:
2918 643 3153 698 virtutes
3200 658 3337 698 con-

1772 736 2096 799 ciliatrices,
2126 744 2181 789 et
2210 749 2394 789 secum
2440 734 2568 804 ipsa:
2603 744 2658 789 et
2689 734 2834 788 inter
2865 748 2944 801 se,
2988 744 3042 789 et
3081 751 3203 789 cum
3234 750 3341 788 una

1772 828 1961 883 mundi
2014 841 2151 898 paco
2206 826 2379 897 prima
2451 826 2902 897 coniunguntur;
2973 827 3341 895 inferioraque

1772 927 1886 973 tum
1938 919 2054 988 ipsa
2102 932 2288 973 secum
2355 925 2467 970 tum
2520 917 2666 971 inter
2710 932 2771 971 se
2825 916 3178 987 coojungnnt,
3228 926 3339 971 tum

1771 1028 1892 1067 cum
1926 1027 2055 1076 uno,
2086 1024 2261 1080 eoque
2300 1008 2543 1080 perfecto
2574 1009 2818 1063 omnium
2872 1010 3023 1078 pacis
3065 1009 3340 1079 principio

1768 1114 1825 1159 et
1861 1112 2121 1169 auctore,
2173 1102 2269 1172 qui
2318 1101 2384 1156 ad
2435 1101 2619 1156 omnia
2670 1100 2949 1155 individue
3002 1116 3126 1155 cum
3166 1098 3336 1165 venit,

1768 1194 1926 1264 quasi
1977 1193 2237 1248 claustris
2281 1208 2347 1249 ac
2393 1193 2564 1262 septis
2612 1193 2937 1262 quibusdam
2987 1206 3108 1261 quae
3160 1192 3334 1246 divisa

1766 1295 1893 1342 sunt
1919 1284 2159 1355 copulat,
2184 1284 2368 1339 omnia
2398 1284 2613 1349 delinit,
2645 1284 2997 1348 determinat,
3033 1290 3091 1337 et
3127 1283 3332 1349 munit;

1767 1395 1943 1448 neque
1982 1379 2250 1449 permittit
2296 1378 2468 1434 divisa
2516 1380 2567 1433 in
2619 1379 2891 1433 inﬁnitum
2938 1379 3056 1432 sine
3105 1376 3338 1431 termino

1765 1470 2015 1537 diﬂ'undi,
2048 1485 2226 1540 neque
2264 1470 2593 1535 inordinata,
2632 1480 2688 1523 et
2728 1468 2859 1523 sede
2899 1467 3168 1534 carentia,
3202 1467 3336 1521 Deo-

1765 1579 1870 1634 que
1901 1562 2181 1625 destituta,
2208 1577 2361 1617 suam
2385 1562 2651 1615 unitatem
2681 1574 2923 1631 egressa,
2964 1558 3067 1613 sibi
3104 1558 3333 1613 invicem

1767 1657 1999 1714 confuse
2051 1657 2296 1712 misceri.
2342 1655 2420 1711 De
2470 1658 2583 1726 ipsa
2641 1656 2807 1727 igitur
2851 1656 3038 1711 divina
3093 1669 3226 1723 pare
3271 1668 3335 1708 ac

1765 1752 2007 1811 silentio.
2053 1766 2217 1821 quam
2263 1761 2488 1805 sanctus
2529 1748 2717 1805 Justus
2756 1757 2920 1804 vocat
2970 1748 3331 1803 insonantiam

1760 1853 1817 1899 et
1866 1842 2298 1897 immobilitatem
2352 1842 2418 1895 ad
2472 1855 2691 1896 omnem
2755 1837 3159 1894 emanutionem
3214 1851 3334 1907 qua:

1759 1931 2128 1998 cognoscitur,
2153 1930 2413 1997 quidnam
2446 1932 2665 1983 tandem
2693 1928 2789 1994 sit,
2817 1938 2872 1982 et
2892 1928 3163 1997 quomodo
3191 1926 3333 1981 Deus

1758 2022 2009 2090 quiescat
2046 2031 2103 2076 et
2129 2022 2310 2086 sileat,
2338 2031 2391 2076 et
2422 2023 2692 2090 quomodo
2723 2020 2775 2074 in
2804 2033 2865 2075 se
2894 2029 2949 2075 et
2985 2020 3124 2074 intra
3154 2034 3214 2073 se
3238 2020 3330 2083 sit,

1759 2121 1815 2165 et
1844 2117 1989 2165 totus
2016 2126 2201 2167 secum
2228 2112 2313 2167 sit
2338 2125 2502 2181 supra
2539 2126 2698 2180 quam
2723 2111 2931 2177 unitos,
2964 2118 3019 2165 et
3052 2124 3150 2164 nec
3183 2109 3237 2163 in
3271 2124 3332 2164 se

32 2200 138 2260 εἰς
190 2198 394 2269 ἑαυτὴν
423 2200 727 2264 ἐίσιοῦσα,
783 2204 877 2256 καὶ
938 2202 1479 2267 πολλαπλασιάζουσα

1855 2202 2068 2257 rediens
2093 2240 2110 2265 ,
2155 2210 2210 2257 et
2253 2216 2310 2256 se
2347 2203 2463 2271 ipse
2508 2200 2876 2271 multiplicans
2916 2202 3134 2256 deserat
3174 2202 3330 2256 unio-

30 2291 163 2362 τὴν
191 2290 485 2344 ἀπολείπει
507 2292 606 2363 τὴν
644 2294 844 2365 ἑαυτῆς
873 2294 1086 2359 ἕνωσιν,
1117 2295 1250 2348 ἀλλά
1280 2296 1373 2348 καὶ
1410 2292 1654 2365 πρόεισιν

36 2383 159 2436 ἐπὶ
197 2383 380 2437 πάντα
409 2384 556 2440 ἔνδον
579 2386 674 2458 ὅλη
714 2389 946 2459 μένουσα
968 2390 1036 2442 δι’
1064 2389 1368 2461 ὑπερϐολὴν
1394 2388 1490 2459 τῆς
1519 2387 1657 2441 πάν-

35 2493 123 2529 τα
163 2477 546 2552 ὑπερεχούσης
575 2481 840 2545 ἑνὼσεως,
870 2482 994 2536 οὔτε
1022 2484 1217 2546 εἰπεῖν,
1251 2480 1378 2534 οῦτε
1407 2480 1655 2553 ἐννοῆσαί

36 2583 170 2619 τινι
198 2567 311 2622 τῶν
336 2569 525 2635 ὅντων,
553 2570 675 2625 οὔτε
701 2571 921 2643 Θεμιτὺν
955 2571 1077 2625 οὔτε
1109 2572 1346 2641 ἐφικτόν.
1402 2570 1538 2623 Ἀλλ’
1577 2570 1654 2634 ὡς

39 2660 377 2729 ἄφθεγκτον
421 2663 715 2727 καὶτοῦτο,
758 2666 850 2718 καὶ
888 2665 1163 2733 ἄγνωστον
1201 2665 1289 2718 ἐπ’
1316 2664 1483 2736 αὐτὴν
1526 2664 1653 2717 ἀνα-

40 2752 274 2816 θέντες,
300 2752 376 2817 ὼς
414 2754 629 2808 πάντων
662 2750 827 2809 οὖσαν
867 2755 1121 2809 ἐπέκεινα
1142 2796 1156 2820 ,
1193 2755 1294 2820 τὰς
1319 2754 1514 2825 νοητὰς
1545 2754 1643 2806 αῦ-

39 2843 167 2913 τῆς
215 2846 311 2897 καὶ
362 2846 534 2917 ῥητὰς
594 2848 918 2917 μετουσίας,
965 2848 1059 2901 καὶ
1104 2848 1261 2902 τοῦτο
1301 2848 1377 2912 ὡς
1425 2845 1646 2901 δυνατὸν

43 2934 294 3006 ἀνδράσι
320 2976 334 3001 ,
377 2938 469 2991 καὶ
507 2940 638 3009 ήμῖν
678 2938 887 2993 πολλῶν
925 2940 1135 3011 ἀνδρῶν
1173 2939 1393 3009 ἀγαθῶν
1424 2939 1645 2993 ἀπολει-

47 3028 326 3098 τοομὲνοις
348 3068 364 3095 ,
404 3029 866 3104 ἐπισκοπήσωμεν
884 3033 925 3087 ³.

1763 2312 1922 2361 nem;
1956 2296 2085 2365 quin
2126 2295 2307 2364 potius
2345 2296 2412 2348 ad
2450 2295 2632 2349 omnia
2677 2295 2957 2364 egreditur
3005 2302 3149 2346 totus
3184 2293 3328 2346 intus

1760 2401 2009 2452 manens,
2064 2397 2289 2456 propter
2320 2385 2705 2440 excellentiam
2752 2384 2969 2439 unionis
3007 2384 3191 2439 omnia
3240 2399 3332 2437 su-

1756 2481 2024 2552 perantis,
2065 2494 2243 2549 neque
2285 2479 2467 2534 dicere
2506 2490 2683 2548 neque
2719 2477 2962 2545 cogitare
3004 2476 3096 2530 ulli
3139 2490 3328 2530 eorum

1756 2573 1851 2641 qui
1899 2581 2030 2627 sunt
2079 2572 2163 2626 fas
2205 2580 2308 2636 est,
2358 2587 2535 2641 neque
2587 2569 2862 2642 possibile.
2911 2569 3017 2624 Sed
3060 2584 3181 2624 cum
3228 2568 3332 2621 hoc

1755 2664 1996 2732 alioquin
2076 2664 2259 2733 eloqui
2344 2680 2453 2719 non
2537 2663 2845 2734 possimus,
2936 2675 3037 2715 nec
3110 2660 3327 2729 assequi

1753 2755 1916 2827 510
1942 2753 2292 2824 intelligendo
2324 2794 2340 2819 ,
2395 2754 2462 2808 ad
2503 2754 2672 2823 ipsam
2720 2761 2896 2807 tamen
2954 2750 3192 2827 divinam
3232 2763 3331 2817 pa-

1750 2866 1904 2913 cem,
1956 2858 2018 2903 ut
2066 2849 2210 2903 ultra
2265 2847 2447 2903 omnia
2499 2847 2731 2916 positam
2776 2884 2792 2910 ,
2854 2860 3071 2900 sursum
3128 2821 3325 2909 evecti,

1748 2942 2197 3014 participationes
2225 2941 2366 3008 ejus,
2398 2954 2518 3010 quae
2545 2939 2918 3008 intelliguntur
2944 2947 2999 2993 et
3032 2937 3325 2991 nominan-

1752 3018 1863 3105 tur,
1902 3038 2097 3108 idque,
2123 3047 2387 3107 quantum
2434 3034 2684 3090 homines
2727 3035 2804 3103 (et
2872 3048 2972 3088 nos
3020 3032 3323 3104 prasertim

1755 3131 1850 3202 qui
1899 3128 2086 3184 multis
2126 3128 2285 3183 bonis
2327 3126 2459 3182 viris
2515 3126 2753 3197 impares
2803 3124 3013 3193 sumus)
3064 3120 3323 3193 consequi

1749 3235 2061 3295 possumus,
2095 3220 2466 3275 attendamus.

1617 3364 1646 3439 ς
1690 3363 1769 3424 u.

135 3482 247 3535 Καὶ
270 3482 485 3551 πρῶτόν
521 3500 585 3552 γε
621 3484 780 3539 τοῦτο
810 3485 1023 3558 ῥητέον,
1046 3488 1129 3542 ὅτι
1155 3487 1257 3559 τῆς
1284 3490 1608 3561 αὐτοειρήνη

1843 3491 1897 3542 lc
1926 3487 2163 3556 primum
2206 3484 2424 3554 quidem
2463 3482 2569 3539 hoc
2610 3481 2896 3537 dicendum
2944 3490 3028 3535 est
3052 3522 3067 3546 ,
3103 3488 3162 3535 ut
3199 3495 3321 3535 eum

57 3574 161 3625 ml
190 3573 292 3643 τῆς
328 3574 457 3643 ὅλης
493 3577 588 3629 κα)⁸
622 3577 720 3647 τῆς
750 3577 872 3631 καθ’
901 3579 1130 3633 ἑκαστόν
1153 3582 1301 3633 ἑστιν
1327 3581 1642 3646 ὑποστάτις,

59 3666 164 3719 καὶ
200 3667 283 3719 ὅτι
323 3668 497 3721 πάντα
538 3670 673 3740 πρὸς
704 3670 905 3743 ἄλληλα
943 3674 1333 3742 συγκεράννυσι
1371 3674 1511 3727 κατά
1548 3674 1645 3745 τὴν

61 3754 371 3826 ἀσύγχυτον
408 3757 588 3812 αὐτῶν
626 3759 851 3825 ἕνωσιν,
893 3761 1015 3815 καθ’
1043 3762 1109 3832 ἢν
1144 3763 1466 3834 ἀδιαιρέτως
1503 3765 1645 3833 ήνω·

65 3844 229 3916 μένα,
257 3846 350 3900 καὶ⁵
370 3848 704 3915 ἀδιαστάτως
725 3852 874 3923 ὅμως
898 3854 1177 3925 ἀκραιφνῆ
1205 3854 1342 3907 κατὰ
1368 3855 1428 3907 τὸ
1449 3857 1645 3909 οἰκεῖον

63 3937 274 3990 ἕκαστα
310 3937 450 4003 εἶδος
500 3940 728 4012 ἕστηκεν
753 3983 768 4007 ,
810 3944 909 3997 οὐκ
959 3945 1349 4017 ἑπιθολούμενα
1405 3946 1493 3999 διὰ
1544 3946 1645 4016 τῆς

64 4028 205 4100 πρὸς
243 4027 306 4082 τὰ
346 4031 696 4103 ἀντικείμενα
733 4036 982 4106 κράσεως
1005 4076 1019 4100 ,
1060 4037 1180 4091 οὐδὲ
1219 4037 1647 4108 ἀπαμϐλύνοντά

63 4140 119 4176 τι
157 4124 255 4193 τῆς
291 4124 554 4195 ἑνωτικῆς
591 4127 876 4198 ἀκριϐείας
921 4129 1015 4182 καὶ
1053 4129 1443 4202 καθαρότητος.
1495 4130 1642 4187 Μίαν

64 4208 161 4265 οὖν
186 4228 308 4265 τινα
350 4213 445 4266 καὶ
481 4214 660 4285 ἁπλῆν
697 4217 796 4286 τῆς
835 4220 1117 4289 εἰρηνικῆς
1156 4219 1401 4285 ἑνώσεως
1436 4221 1647 4293 θεωρή-

68 4321 254 4375 σωμεν
290 4304 484 4374 φύσιν,
525 4308 750 4363 ἐνοῦσαν
801 4312 1016 4365 ἅπαντα
1065 4314 1231 4384 ἑαυτῇ
1289 4314 1381 4367 καὶ
1436 4314 1644 4380 ἑαυτοῖς

67 4397 165 4450 καὶ
201 4395 444 4468 ἀλλήλοις
466 4438 481 4461 ,
522 4400 615 4452 καὶ
643 4400 1010 4466 διασώζουσαν
1050 4405 1225 4459 πάντα
1263 4408 1320 4459 ἑν
1356 4406 1645 4478 ἀσυγχύτῳ

70 4487 285 4541 πάντων
356 4492 567 4561 συνοχῇ
625 4492 719 4544 καὶ
784 4494 960 4564 ἀμιγῆ
1028 4496 1124 4549 καὶ
1195 4498 1637 4569 συγκεκραμένα.

71 4581 149 4634 Δι’
188 4581 252 4651 ὴν
285 4582 333 4634 οἱ
371 4581 505 4635 θεῖοι
538 4583 655 4648 νόες
689 4586 967 4657 ἑνούμενοι
1004 4591 1122 4652 ταῖς
1148 4591 1395 4659 νοήσεσιν
1436 4590 1642 4643 ἑαυτῶν

70 4668 308 4721 ἑνοῦνται
358 4670 455 4723 καὶ
508 4675 622 4736 τοῖς
666 4675 1003 4745 νοουμένοις·
1043 4680 1137 4731 καὶ
1192 4675 1347 4744 αὖθις
1403 4681 1495 4735 ἑπὶ
1543 4680 1642 4752 τὴν

71 4760 339 4826 ἄγνωστον
368 4762 716 4816 ἀναϐαίνουσι
744 4765 851 4819 τῶν
880 4767 1019 4837 ὑπὲρ
1047 4767 1170 4821 νοῦν
1194 4771 1495 4842 ἱδρυμένων
1523 4791 1640 4827 συν-

76 4851 236 4920 αφὴν.
254 4851 328 4904 Δι’
367 4852 435 4922 ἢν
459 4853 713 4925 αίψυχαὶ,
740 4858 867 4920 τοὺς
899 4859 1267 4925 παντοδαπους
1299 4864 1477 4917 αὐτῶν
1500 4864 1522 4897 ⁴
1555 4866 1641 4919 λό-

73 4955 198 5007 γους
247 4939 493 5003 ἐνοῦσαι,
543 4945 635 4997 καὶ
685 4945 821 5016 πρὸς
871 4947 1000 5018 μίαν
1059 4949 1251 5021 νοεράν
1312 4953 1639 5022 συνάγουσαι

74 5029 441 5101 καθαρότητα,
494 5034 876 5105 προϐαίνουσιν
930 5039 1144 5103 οἰκείως
1191 5042 1442 5107 ἑαυταῖς,
1495 5044 1598 5115 ὁδῷ
1620 5088 1635 5111 ,

75 5122 165 5175 καὶ
200 5122 344 5186 τάξει
381 5123 471 5177 διὰ
509 5125 611 5195 τῆς
648 5126 811 5181 ἀΰλου
853 5129 946 5182 καὶ
992 5130 1233 5203 ἀμεροῦς
1270 5134 1506 5205 νοήσεως
1544 5138 1637 5191 ἑπὶ

73 5214 168 5285 τήν
206 5215 337 5286 ὑπὲρ
374 5218 558 5289 νόησιν
596 5218 809 5273 ἕνωσιν.
852 5223 932 5275 Δι’
968 5224 1034 5294 ἣν
1070 5226 1103 5295 ή
1148 5225 1246 5296 μία
1283 5228 1379 5281 καὶ
1416 5228 1635 5283 ἀδιάλυ-

75 5323 159 5371 τος
193 5309 395 5363 πάντων
434 5311 719 5383 συμπλοκὴ
757 5313 897 5368 κατά
934 5316 1032 5387 τὴν
1070 5316 1219 5372 θείαν
1256 5320 1427 5391 αὐτῆς
1464 5324 1635 5394 ἁρμο-

86 5398 186 5451 νίαν
221 5397 539 5469 ὑφίσταται,
577 5405 672 5458 καὶ
710 5406 1068 5477 ἑναρμόζεται
1108 5412 1397 5485 συμφωνίᾳ
1437 5432 1635 5469 παντε-

78 5488 154 5542 λεῖ
188 5493 270 5545 καὶ
299 5493 522 5566 ὁμονοίᾳ
562 5495 656 5550 καὶ
691 5498 956 5568 ωμφυῖᾳ,
988 5502 1327 5574 συναγομένη
1366 5520 1426 5556 τε
1464 5506 1636 5575 ἀσυγ-

1750 3593 1848 3648 per
1888 3592 1948 3632 se
1986 3576 2174 3646 pacis,
2223 3584 2334 3630 tum
2392 3574 2717 3629 universalis
2760 3589 2821 3627 ac
2844 3572 3190 3644 particularis
3229 3586 3324 3639 pa-

1750 3670 1831 3725 cis
1859 3709 1874 3733 .
1919 3668 2145 3723 ell'ector
2188 3667 2259 3721 sit
2298 3667 2412 3736 ipse
2444 3667 2616 3730 Deus,
2662 3676 2719 3721 et
2763 3675 2822 3719 ut
2860 3664 3044 3719 omnia
3092 3664 3237 3718 inter
3262 3678 3323 3717 se

1749 3770 1959 3821 mutuo,
2000 3759 2222 3812 minime
2266 3757 2494 3812 confusa
2553 3758 2792 3827 ipsorum
2838 3756 2984 3811 inter
3025 3770 3085 3810 se
3132 3764 3322 3807 mutuo

1746 3850 2149 3917 coniunctione,
2180 3850 2565 3914 commisceat;
2599 3864 2703 3916 qua
2734 3846 3114 3915 conjunctione
3142 3848 3322 3900 cohae-

1748 3942 1926 3996 rentia
1970 3941 2089 3996 sine
2133 3940 2406 3994 divisione
2450 3948 2504 3993 et
2549 3938 2829 3998 distantia.
2875 3935 3086 4004 singula
3135 3943 3316 3990 tamen

1746 4034 2045 4088 secundum
2087 4031 2360 4103 propriam
2398 4029 2633 4099 speciem
2671 4043 2804 4097 pura
2846 4027 3190 4091 consistunt,
3220 4041 3319 4094 per

1746 4122 2154 4180 concretionem
2218 4122 2613 4177 contrariorum
2673 4120 2899 4174 minime
2965 4118 3314 4188 perturbata,

1746 4217 2010 4287 quoniam
2060 4225 2312 4271 exactam
2378 4216 2538 4270 istam
2605 4214 2859 4269 unionem
2914 4228 2977 4267 ac
3024 4212 3318 4283 puritatem

1747 4310 1880 4364 nihil
1917 4310 2285 4380 interrumpit.
2319 4307 2493 4364 Unam
2536 4307 2700 4379 igitur
2739 4320 2969 4376 eamque
3010 4304 3317 4372 simplicem

1745 4413 2005 4456 naturam
2040 4403 2280 4473 pacilicze
2315 4401 2537 4456 unionis
2579 4401 3032 4471 contemplemur,
3068 4396 3173 4452 sibi
3214 4394 3318 4463 ipsi

1745 4507 1797 4553 et
1828 4496 1935 4551 illis
1965 4496 2097 4565 ipsis
2126 4507 2292 4566 atquc
2326 4496 2559 4550 invicem
2591 4495 2773 4551 omnia
2820 4492 3184 4562 copulantem,
3218 4503 3321 4544 nec

1746 4612 1850 4651 non
1888 4597 2141 4650 universa
2169 4590 2451 4659 complexu
2489 4591 2722 4660 quodam
2753 4589 2994 4643 omnium
3029 4586 3317 4640 inconfuso

1742 4695 2149 4756 contemperata
2208 4684 2413 4753 pariter
2472 4694 2636 4753 atque
2697 4681 3031 4751 impermista
3084 4693 3313 4734 conser-

1747 4789 1986 4834 vantem.
2032 4778 2134 4834 Per
2173 4778 2315 4833 hanc
2359 4778 2557 4833 divinae
2602 4783 2811 4830 mentes
2857 4773 3159 4843 ecpulatm,
3201 4772 3315 4825 suis

1747 4870 1877 4939 ipsae
1896 4885 2017 4924 cum
2044 4869 2419 4939 intelligentiis
2447 4878 2559 4923 tum
2586 4865 2748 4921 rebus
2775 4863 3065 4917 intellectis
3086 4859 3314 4927 conjun-

1748 4970 1973 5030 gnntur,
2015 4968 2177 5028 atque
2213 4960 2392 5015 denuo
2433 4958 2698 5012 scandunt
2737 4957 2805 5009 ad
2849 4952 3182 5023 incognitum
3223 4966 3318 5004 eo-

1751 5066 1866 5104 rum
1898 5066 2018 5120 quze
2052 5049 2218 5104 menti
2251 5049 2655 5117 supereminent
2682 5052 3015 5099 contactum.
3046 5041 3148 5096 Per
3174 5041 3317 5094 hanc

1745 5142 1964 5208 animm,
2001 5141 2331 5211 multigenas
2374 5154 2504 5193 suas
2534 5136 2777 5192 rationes
2808 5133 3203 5196 connectendo,
3246 5132 3315 5185 ad

1743 5234 2034 5303 quamdam
2100 5232 2396 5303 spiritalem
2452 5229 2747 5300 puritatem
2803 5227 3076 5288 redactae,
3122 5238 3317 5293 proce-

1744 5327 1901 5388 dunt,
1928 5326 2027 5380 sibi
2067 5324 2284 5394 pr0pria
2324 5325 2404 5377 via
2440 5332 2497 5377 et
2523 5323 2735 5382 ordine.
2767 5334 2863 5388 per
2896 5314 3310 5373 immaterialetn

1743 5428 1906 5488 atque
1942 5417 2228 5472 indivisam
2274 5415 2712 5486 intelligentiam,
2745 5414 2813 5468 ad
2845 5412 3096 5467 unionem
3122 5421 3315 5477 quam-

1744 5508 1868 5563 dam
1901 5509 2253 5579 intelligentia
2278 5510 2638 5581 superiorem.
2660 5507 2763 5563 Per
2781 5507 2920 5562 lianc
2942 5518 3045 5557 una
3067 5494 3311 5556 omnium

1322 5658 1559 5716 VARUE
1599 5663 2005 5721 LECTIONES.

147 5765 206 5795 ¹⁰⁰
236 5766 447 5891 εὲιήνης
481 5768 538 5820 αί
574 5768 955 5848 πρεσϐύτεραι,
993 5772 1049 5826 S.
1081 5772 1139 5827 D.
1167 5772 1223 5831 Ρ.
1251 5774 1340 5831 Sc.
1368 5776 1489 5837 Sur.

82 5832 132 5891 ὃ.
162 5833 240 5891 Sc.
301 5854 379 5891 at“.
455 5838 476 5869 ⁸
509 5839 734 5891 ἑαυτων.
775 5842 829 5891 l'.
856 5845 974 5891 δίη.

77 5839 132 5894 ὃ.
162 5839 240 5891 Sc.
261 5839 379 5892 δίη.
455 5839 476 5869 ⁸
509 5839 734 5904 ἑαυτῶν,
775 5839 974 5897 ίὶδειτ.

1571 5782 1583 5810 ¹
1622 5772 1778 5837 αὗταί
1810 5799 1866 5835 τε
1888 5823 1901 5848 ,
1940 5783 1994 5837 S.
2022 5782 2079 5838 P.
2108 5782 2165 5838 D.

2276 5786 2295 5817 ²
2331 5784 2550 5856 κλήροις
2574 5823 2587 5848 ,
2624 5783 2680 5839 S.
2772 5782 2790 5815 ³
2828 5779 3311 5851 ἐπισκοπήσομεν,
