3768 6338
389 321 488 378 931

1551 316 1609 373 S.
1645 315 1943 373 DIONYSII
1974 314 2439 373 AREOPAGITE

3542 304 3649 361 952

391 453 448 496 et
501 435 893 493 indissolubilis
948 434 1247 501 connexio,
1291 434 1448 505 juxta
1496 436 1740 491 divinam
1790 437 1996 506 ipsius,

2125 454 2269 498 ιτως,
2310 431 2629 503 ἀδιαιρέτως
2666 448 2726 483 τε
2766 428 3093 501 συνεχομένη
3113 428 3158 478 ³.
3200 424 3398 495 Διήκει
3449 424 3567 494 γὰρ
3615 427 3649 494 ἠ

390 530 841 600 congruentiam,
890 529 1115 592 existit,
1167 537 1223 584 et
1279 529 1525 600 perfecto
1576 540 1844 585 concentu
1891 545 1956 585 ac

2058 527 2158 595 τῆς
2196 523 2489 585 παντελοῦς
2524 523 2746 591 εἰρήνης
2783 520 2970 589 ὁλότης
3019 518 3113 571 ἑπὶ
3152 517 3340 569 πάντα
3374 511 3447 565 τὰ
3483 512 3647 567 ὅντα.

392 623 677 681 concordia
739 620 1209 689 consensioneque
1278 630 1596 690 coaptatur,
1656 622 1786 676 dum
1843 622 1961 675 sine

2125 619 2201 671 ιτᾶ
2238 617 2336 687 τὴν
2373 614 2749 686 ἁπλουστάτην
2786 613 2954 682 αὐτῆς
2994 610 3091 663 καὶ
3142 606 3329 678 ἀμιγῆ
3381 605 3483 674 τῆς
3541 604 3650 655 ἑνο-

394 714 713 771 confusione
750 712 1047 781 colligitur,
1082 728 1145 766 ac
1173 713 1291 767 sine
1321 713 1679 768 dissolutione
1709 716 1959 768 contine-

2125 709 2217 762 »ιοῦ
2254 708 2534 779 δυνάμεως
2569 705 2888 778 παρουσίαν,
2916 702 3109 781 ἑνούσα
3139 700 3323 754 πάντα
3347 738 3363 760 ,
3390 698 3487 750 καὶ
3530 713 3651 748 συν.

398 816 503 859 tur.
546 804 831 875 lntegritas
861 803 1119 858 nimirum
1152 803 1403 872 perfectae
1430 806 1604 873 pacis,
1632 820 1728 874 per
1756 805 1963 873 simpli-

396 899 674 954 cissimam
712 912 867 951 suam
898 912 1212 965 meramque
1237 897 1454 950 virtutis
1488 896 1701 951 uniﬁca:
1726 912 1963 967 praesen-

396 990 551 1053 tiam,
575 989 642 1042 ad
674 1005 736 1042 ea
773 1006 893 1055 quae
922 1000 1049 1044 sunt
1086 990 1265 1043 omnia
1310 990 1591 1058 pertingit,
1619 989 1801 1043 omnia
1837 1004 1966 1043 con-

391 1080 646 1150 iungens,
672 1089 725 1134 et
750 1081 1013 1135 extremis
1038 1090 1282 1137 extrema
1310 1096 1407 1149 per
1437 1082 1609 1135 media
1640 1091 1965 1137 connectens

398 1174 696 1227 secundum
729 1172 944 1228 unicam
990 1172 1405 1227 eonnaturalem
1440 1172 1735 1226 amicitiam
1759 1187 1966 1238 coagu-

398 1263 543 1329 lata;
581 1265 711 1332 quin
760 1273 815 1319 et
855 1265 937 1319 sui
967 1278 1185 1333 quoque
1216 1263 1300 1317 vel
1340 1263 1599 1319 extremis
1649 1264 1817 1319 latius
1849 1262 1969 1317 uni-

402 1351 540 1405 versi
585 1353 831 1406 terminis
861 1354 1073 1406 fruendi
1122 1354 1330 1423 copiam
1382 1352 1536 1416 facit,
1566 1353 1747 1410 omnia
1780 1369 1972 1409 conso-

400 1442 553 1498 cians
595 1445 931 1510 nnitatihus,
984 1445 1397 1511 identitatibus,
1453 1446 1783 1512 unionihus,
1842 1461 1970 1502 con-

401 1536 845 1604 gregationibus,
882 1540 1011 1591 dum
1056 1537 1267 1592 scilicet
1318 1538 1498 1593 divina
1550 1555 1650 1608 pax
1704 1539 1972 1595 indivulsa

404 1628 683 1695 persistit,
716 1635 771 1683 et
794 1628 844 1682 in
867 1644 973 1682 uno
998 1638 1193 1683 cuncta
1219 1629 1578 1699 demonstrat,
1603 1640 1657 1685 et
1697 1633 1765 1684 ad
1792 1632 1974 1686 omnia

2062 803 2253 856 δέουσα
2301 800 2369 853 τὰ
2395 777 2561 869 νᾶκρα
2597 777 2685 850 διὰ
2722 796 2831 849 τῶν
2872 777 3052 866 μέσών
3085 794 3201 854 τοῖς
3241 790 3476 861 ἄκροις.
3517 786 3650 839 κατὰ

2068 895 2192 965 μίαν
2218 893 2429 965 ὁμοφυῆ
2452 889 2855 959 συζευγνύμενα
2873 889 2893 919 ⁶
2910 886 3091 956 φιλίαν
3107 901 3123 915 ⁸
3150 883 3249 936 καὶ
3267 882 3333 935 τὸ
3356 879 3651 933 ἀπολαύειν

2064 988 2231 1058 αὐτῆς
2250 985 2562 1057 δωρουμένη
2605 983 2699 1036 καὶ
2712 984 2828 1045 ταῖς
2849 979 3105 1050 ἑσχάταις
3119 976 3217 1030 τοῦ
3236 973 3445 1036 παντὸς
3461 975 3654 1025 ἀποτε-

2070 1082 2369 1153 ρατὼσεσι,
2408 1081 2502 1134 καὶ
2538 1079 2713 1133 πάντα
2748 1077 2974 1147 όμόγνια
2996 1072 3228 1127 ποιοῦσα
3261 1071 3391 1132 ταῖς
3423 1067 3653 1135 ἑνότησι,

2068 1178 2185 1239 ταῖς
2242 1174 2528 1244 ταύτότησι
2551 1213 2567 1238 ,
2618 1174 2736 1234 ταῖς
2785 1168 3048 1236 ἑνώσεσι,
3105 1167 3232 1227 ταῖς
3274 1162 3653 1228 συναγωγαῖς,

2070 1266 2386 1338 ἀδιαιρέτως
2421 1263 2622 1335 δηλαδὴ
2652 1263 2750 1332 τῆς
2790 1260 2939 1324 θείας
2973 1259 3200 1329 εἰρήνης
3239 1252 3495 1324 ἑστώσης
3515 1292 3532 1316 ,
3570 1252 3657 1303 καὶ

2072 1361 2131 1411 ἑν
2168 1358 2250 1411 ἑνὶ
2287 1357 2463 1410 πάντα
2501 1354 2848 1423 δεικνυούσης
2867 1392 2882 1416 ,
2923 1350 3017 1403 καὶ
3068 1348 3159 1402 διὰ
3200 1346 3432 1400 πάντων
3473 1340 3656 1412 φοιτώ-

2075 1469 2174 1523 σης
2200 1491 2215 1517 ,
2255 1450 2350 1504 καὶ
2386 1450 2485 1519 τῆς
2521 1446 2725 1511 οἰκείας
2753 1444 3077 1515 ταύτότητος
3114 1441 3218 1494 οὐκ
3262 1435 3654 1505 ἑξιπαμὲνης·

2075 1543 2286 1613 πρόεισι
2323 1540 2432 1612 γὰρ
2471 1539 2563 1592 ἑπὶ
2601 1538 2779 1591 πάντα
2801 1576 2816 1600 ,
2857 1535 2952 1588 καὶ
3006 1530 3341 1603 μεταδίδωσι
3390 1528 3558 1579 πᾶσιν
3592 1525 3660 1574 oi-

2076 1633 2239 1696 κείως
2266 1632 2449 1693 αὐτοῖς
2488 1629 2683 1699 ἑαυτῆς
2703 1668 2718 1692 ,
2759 1626 2854 1679 καὶ⁹
2891 1620 3223 1695 ύπερόλύζει
3250 1616 3549 1689 περιουσία
3571 1614 3660 1682 τῆς

408 1720 699 1788 pertingit,
750 1731 805 1775 et
853 1736 883 1774 a
925 1721 1139 1791 propria
1186 1738 1449 1793 nusquam
1500 1724 1785 1778 identitate
1829 1738 1978 1778 rece-

2125 1724 2359 1796 ,ρηνικῆς
2397 1721 2750 1791 γονιμότητος
2774 1734 2787 1746 °
2818 1718 2910 1769 καὶ
2937 1716 3087 1787 μένει
3125 1713 3197 1766 δι’
3238 1708 3522 1781 ὑπεροχὴν
3543 1705 3662 1758 ἑνώ-

407 1810 524 1875 dit;
562 1826 684 1864 nam
729 1813 794 1865 ad
830 1814 1011 1866 omnia
1060 1815 1327 1883 procedit,
1368 1816 1562 1884 suique
1602 1815 1980 1886 participatio-

2262 1815 2362 1884 ὅλη
2388 1812 2523 1885 πρὸς
2554 1811 2683 1877 ὃλην
2725 1809 2819 1863 καὶ
2848 1807 2973 1863 καθ’
3000 1807 3131 1878 ὅλην
3168 1802 3380 1874 ἑαυτὴν
3401 1803 3419 1832 ⁷
3471 1802 3663 1869 ὑπερη-

410 1912 530 1952 nem
583 1902 832 1957 omnibus
880 1904 1119 1975 indulget
1178 1905 1473 1961 secundum
1532 1904 1795 1975 cujusque
1849 1924 1977 1977 pro-

2086 1908 2326 1979 νωμένη.

410 1992 715 2058 prietatem,
745 2010 844 2049 nec
888 2013 992 2049 non
1030 1998 1267 2067 paciﬁca:
1310 1998 1667 2053 redundantia
1718 2000 1979 2055 bonitatis
2007 2002 2300 2067 exuberat,
2341 1999 2499 2070 511
2558 2006 2719 2069 atque
2758 2003 2939 2052 manet
2981 2009 3081 2065 per
3123 2004 3429 2049 excessum
3464 1985 3665 2042 unionis

412 2091 520 2137 tota
552 2085 620 2139 ad
662 2094 849 2153 totam,
878 2088 1044 2144 etiam
1073 2090 1369 2145 secundum
1404 2090 1641 2159 seipsam
1674 2099 1843 2148 totam
1869 2093 2099 2163 desuper
2124 2094 2295 2147 unita.

1958 2229 1986 2303 §
2029 2228 2138 2289 ιιι.

485 2365 593 2421 Sed
672 2367 965 2435 quomodo,
1044 2367 1191 2424 dicet
1268 2368 1485 2439 aliquis,
1547 2370 1727 2425 omnia
1795 2385 1984 2441 pacem

414 2458 714 2526 appetunt?
758 2474 882 2512 cum
919 2474 1005 2515 res
1038 2459 1286 2529 plurimae
1319 2461 1639 2517 diversitate
1693 2478 1758 2517 ac
1792 2463 1987 2518 distin-

413 2548 595 2603 ctione
627 2550 920 2619 gaudeant,
970 2566 1145 2621 neque
1196 2569 1432 2623 unquam
1464 2564 1657 2622 sponte
1691 2570 1786 2609 sua
1820 2556 1988 2610 velint

417 2639 722 2707 quiescere.
771 2641 938 2710 Atqui
973 2642 1018 2696 si
1057 2643 1434 2698 diversitatem
1486 2652 1650 2712 atque
1683 2644 1987 2700 distinctio-

418 2744 542 2783 nem
566 2768 583 2795 ,
617 2732 707 2799 qui
744 2732 825 2787 sic
860 2732 1127 2801 loquitur,
1187 2734 1454 2804 cujusque
1486 2736 1562 2789 rei
1599 2736 1985 2804 proprietatem

420 2835 545 2876 esse
590 2832 834 2888 asserat,
884 2840 1007 2877 cum
1060 2840 1148 2880 res
1200 2826 1385 2893 nulla,
1431 2829 1557 2881 dum
1610 2828 1665 2881 in
1699 2842 1797 2883 suo
1842 2837 1987 2881 statu

420 2923 732 2980 permanet,
767 2931 887 2970 eam
922 2918 1104 2986 perire
1139 2919 1289 2984 velit,
1326 2934 1424 2974 nos
1458 2919 1531 2973 illi
1569 2921 1793 2975 minime
1828 2936 1991 2991 repu-

422 3004 742 3073 gnabimus,
780 3009 873 3061 sed
920 3009 971 3065 id
1020 3010 1193 3074 ipsum
1230 3027 1444 3081 quoque
1478 3014 1629 3083 pacis
1661 3014 1989 3068 desiderium

421 3110 545 3152 esse
584 3106 910 3154 statuemus.
965 3104 1169 3155 Amant
1216 3102 1363 3155 enim
1408 3103 1589 3157 omnia
1637 3120 1762 3159 eum
1793 3114 1993 3159 semet-

2160 2370 2286 2436 Πῶς
2312 2371 2391 2435 δὲ,
2424 2370 2557 2443 φαίη
2589 2388 2692 2435 τις,
2725 2368 2935 2440 ἑφίεται
2955 2368 2976 2400 ⁸
2996 2366 3177 2420 πάντα
3206 2366 3480 2436 εἰρήνηςς
3512 2360 3665 2415 πολλὰ

2087 2462 2197 2535 γὰρ
2219 2464 2496 2534 ἑτερότητι
2534 2464 2628 2516 καὶ
2653 2460 2923 2532 διακρίσει
2944 2459 3124 2530 χαίρει
3149 2500 3167 2525 ,
3200 2458 3305 2511 καὶ
3333 2458 3436 2509 οὐκ
3457 2458 3521 2510 ἂν
3549 2472 3665 2508 ποτε

2088 2556 2281 2608 ἑκόντα
2316 2558 2542 2627 ἠρεμεῖν
2576 2555 2836 2625 ὲθελήσοι.
2864 2552 2974 2605 Καὶ
3007 2554 3055 2604 εἰ
3105 2552 3208 2621 μὲν
3253 2551 3551 2621 ἑτερότητα
3582 2550 3665 2601 καὶ

2087 2648 2360 2717 διάκρισιν
2386 2649 2415 2700 ὁ
2436 2648 2605 2701 ταῦτα
2626 2647 2798 2715 λέγων
2824 2647 2956 2715 φησι
2983 2644 3082 2715 τὴν
3112 2644 3357 2697 ἑκάστου
3385 2644 3493 2695 τῶν
3515 2643 3665 2695 ὄντων

2097 2740 2355 2809 ἰδιότητα,
2373 2741 2468 2793 κει)⁵
2487 2741 2569 2793 ὅτι
2592 2738 2793 2810 ταύτην
2824 2738 2944 2791 οὐδὲ
2972 2738 3030 2789 ἓν
3052 2737 3161 2789 τῶν
3190 2737 3370 2790 όντων
3395 2737 3457 2789 δν
3490 2776 3506 2799 ,
3546 2736 3665 2805 ὁτπρ

2095 2831 2266 2894 ἐστὶν,
2300 2830 2471 2883 ἐθέλει
2495 2830 2622 2883 ποτὲ
2649 2829 2952 2894 ἀπολλύειν,
2975 2829 3075 2881 οὐκ
3099 2829 3167 2881 ἂν
3197 2829 3327 2881 οὐδὲ
3358 2830 3517 2899 ἡμεῖς
3548 2827 3666 2896 πρὸς

2094 2922 2251 2974 τοῦτο
2292 2923 2657 2993 άντιφήσομεν
2676 2924 2720 2989 ⁸,
2750 2920 2884 2975 ἀλλὰ
2922 2922 3014 2973 καὶ
3043 2920 3257 2989 ταύτην
3289 2922 3518 2991 εἰρήνης
3556 2919 3665 2986 ἑφε-

2099 3029 2183 3066 σιν
2228 3013 2670 3083 άποφανούμεθα.
2727 3013 2910 3066 Πάντα
2948 3012 3056 3081 γὰρ
3101 3012 3301 3083 ἀγαπᾷ
3336 3012 3478 3081 πρὸς
3519 3010 3665 3064 ἑαυτὰ

2098 3105 2403 3177 εἰρηνεύειν
2434 3124 2492 3159 τε
2524 3106 2617 3159 καὶ
2641 3105 2899 3176 ἡνῶσθαι,
2933 3105 3028 3157 καί
3054 3104 3270 3156 ἑαυτῶν
3301 3104 3529 3157 καὶτῶν
3558 3106 3665 3155 ἑαυ·

424 3190 556 3265 ipsis
588 3205 775 3258 pacem
811 3192 1031 3257 habere,
1066 3204 1228 3263 atque
1260 3208 1379 3248 esse
1411 3195 1719 3264 conjuncta,
1755 3212 1853 3251 nec
1888 3214 1990 3251 non

2127 3200 2201 3252 ῶν
2244 3201 2474 3271 ἀκίνητα
2513 3200 2607 3253 καὶ
2650 3199 2871 3251 ἄπτωτα
2914 3193 3071 3250 εἶναι.
3123 3198 3239 3250 Καί⁵
3283 3198 3403 3251 ἑστι
3466 3199 3555 3250 καὶ⁸
3583 3195 3664 3265 τῆς

424 3294 486 3333 se
516 3294 724 3348 suaque
758 3282 940 3335 omnia
994 3283 1220 3337 immota
1253 3295 1308 3338 et
1343 3284 1506 3338 illaesa
1557 3286 1871 3355 persistere.
1930 3288 1993 3340 Et

426 3376 514 3422 est
556 3368 798 3437 perfecta
861 3371 952 3423 illa
1006 3386 1111 3439 pax
1164 3374 1589 3444 uniuscujusque
1646 3377 1996 3443 proprietatis

427 3461 781 3529 impermista:
837 3464 1250 3529 conservatrix,
1288 3480 1383 3534 per
1428 3468 1802 3534 providentias
1848 3486 1996 3537 suas,

2095 3291 2214 3344 καθ’
2237 3292 2472 3345 ἑκαστον
2512 3289 2743 3361 ἀμιγοῦς
2790 3290 3047 3359 ἰδιότητος
3093 3292 3126 3360 ἠ
3167 3290 3450 3363 παντελὴς
3498 3292 3662 3361 εἰρήνη

2098 3384 2442 3455 φυλακτικὴ,
2485 3386 2607 3447 ταῖς
2657 3382 3033 3453 εἰρηνοδώροις
3070 3383 3246 3453 αὐτῆς
3300 3384 3579 3455 προνοίαις
3609 3382 3664 3433 τὰ

2097 3476 2274 3529 πάντα
2294 3474 2631 3529 ἀστασίαστα
2664 3473 2757 3526 καὶ
2785 3471 3115 3543 ἀσύμφυρτα
3139 3475 3281 3543 πρὸς
3300 3488 3364 3524 τε
3399 3471 3564 3525 ἑαυτά
3588 3470 3665 3521 καὶ

430 3552 584 3619 pacis
617 3551 946 3620 largitrices,
996 3554 1178 3607 omnia
1231 3554 1373 3607 inter
1422 3555 1601 3623 seipsa
1636 3567 1692 3611 et
1724 3573 1845 3611 cum
1880 3561 1996 3616 aliis

2125 3570 2232 3641 πρὸς
2262 3568 2464 3637 ἄλληλα
2492 3564 2829 3629 διασώζουσα
2851 3606 2865 3627 ,
2889 3565 2985 3618 καὶ
3021 3564 3201 3618 πάντα
3232 3567 3297 3617 ἑν
3327 3563 3565 3635 σταθερᾷ
3589 3561 3666 3616 καὶ

431 3644 552 3698 sine
610 3644 880 3698 seditione
942 3654 998 3698 et
1050 3645 1370 3701 confusione
1424 3650 1784 3715 custodiens,
1836 3662 1998 3721 atque

428 3734 612 3789 omnia
659 3734 838 3791 stabili
885 3746 939 3791 et
973 3752 1239 3805 nusquam
1285 3738 1592 3794 declinante
1642 3743 1883 3809 potentia
1929 3746 1997 3799 ad

429 3827 675 3900 ipsorum
707 3841 896 3899 pacem
931 3827 1476 3901 immobilitatemque
1508 3832 1823 3889 stabiliens.

2101 3658 2302 3728 ἀκλίτῳ
2327 3658 2552 3727 δυνάμει
2588 3655 2720 3727 πρὸς
2746 3654 2843 3725 τὴν
2867 3654 3074 3708 ἑαυτῶν
3101 3655 3335 3727 εἰρήνην
3367 3656 3466 3709 καὶ
3502 3656 3659 3723 ἀκινη-

2103 3751 2223 3804 σίαν
2246 3748 2467 3803 ἱστῶσα.

1982 3978 2010 4051 §
2059 3976 2168 4038 IV.

501 4112 562 4167 Si
641 4123 833 4170 cuneta
927 4131 1092 4186 porro
1182 4132 1306 4187 qua:
1377 4131 1697 4188 moventur,
1772 4122 2001 4178 minime

429 4207 738 4273 quiescere,
772 4207 866 4262 sed
900 4209 1031 4263 cieri
1066 4224 1283 4279 semper
1311 4226 1412 4266 suo
1448 4224 1596 4267 motu
1632 4214 1800 4267 velint
1835 4215 1916 4269 vel
1953 4214 1999 4269 is

432 4297 550 4364 ipse
583 4301 831 4354 movendi
867 4316 927 4355 se
959 4304 1232 4371 appetitus
1264 4305 1331 4358 ad
1363 4305 1599 4359 divinam
1636 4306 1781 4360 illam
1812 4323 1998 4377 pacem

432 4390 797 4445 universalem
855 4393 1122 4460 pertinet,
1177 4410 1300 4464 qua;
1352 4396 1535 4451 omnia
1588 4398 1639 4451 in
1686 4400 1882 4468 seipsis
1932 4414 2001 4453 ne

431 4479 720 4535 elahantur
774 4494 976 4547 servat,
1013 4496 1177 4554 atque
1207 4487 1448 4541 omnium
1484 4505 1672 4543 eorum
1709 4507 1831 4560 quae
1884 4508 2003 4546 mo-

2178 4125 2290 4177 Καὶ
2318 4126 2368 4177 εἰ
2394 4122 2465 4175 τὰ
2500 4122 2793 4192 κινούμενα
2820 4119 2996 4173 πάντα
3039 4118 3115 4189 μὴ
3146 4118 3409 4189 ἠρεμεῖν,
3438 4116 3566 4172 ἀλλὰ
3598 4134 3665 4169 κιο

2108 4215 2313 4269 νεῖσθαι
2358 4215 2447 4268 ἀεὶ
2480 4213 2579 4284 τὴν
2625 4211 2830 4265 ἑαυτῶν
2878 4211 3091 4281 κίνησιν
3133 4209 3352 4273 ἑθέλοι,
3401 4212 3497 4263 καὶ
3536 4208 3667 4261 τοῦτο

2109 4308 2292 4377 ἔφεσίς
2326 4311 2442 4362 ἑστι
2476 4306 2575 4376 τῆς
2604 4305 2751 4368 θείας
2777 4303 2886 4355 τῶν
2928 4302 3065 4354 ὅλων
3094 4303 3363 4374 εἰρήνης,
3388 4303 3489 4373 τῆς
3518 4302 3666 4355 πάντα

2109 4402 2194 4469 ἐφ’
2223 4399 2427 4451 ἑαυτῶν
2465 4397 2776 4450 ἀδιάπτωτα
2798 4396 2841 4426 ¹⁰
2862 4392 3236 4465 διασωζούσης
3257 4434 3274 4457 ,
3307 4395 3408 4447 καὶ
3438 4394 3533 4464 τὴν
3554 4393 3664 4445 πάν-

2108 4511 2216 4546 των
2262 4492 2369 4544 τῶν
2415 4489 2745 4560 κινουμένων
2789 4487 3025 4557 ἰδιότητα
3067 4486 3165 4538 καὶ
3209 4487 3505 4557 κινητικὴν
3545 4484 3665 4554 ζωὴν

431 4582 631 4626 ventur
657 4575 1048 4643 proprietatem
1097 4580 1490 4648 motricemque
1513 4582 1706 4648 vitam,
1753 4598 1821 4638 ne
1852 4600 1882 4637 a
1916 4600 1996 4638 se-

2125 4585 2361 4655 ὶκίνητον
2390 4584 2485 4637 καὶ
2510 4583 2755 4636 ἄπτωτον
2785 4577 3156 4649 φυλαττούσης
3176 4620 3190 4643 ,
3220 4581 3282 4631 ἑν
3310 4579 3394 4649 τῷ
3422 4580 3489 4632 τὰ
3519 4576 3661 4631 κινού-

434 4665 664 4733 metipsa
700 4665 970 4721 desciscat
1002 4668 1309 4733 excidatve,
1346 4672 1605 4735 custodit,
1648 4684 1706 4725 ut
1740 4682 1884 4727 mota
1918 4688 2003 4727 se-

432 4771 557 4810 cum
585 4772 772 4826 pacem
810 4757 1065 4827 habeant,
1101 4771 1156 4817 et
1188 4776 1253 4816 eo
1281 4762 1442 4817 modo
1474 4778 1533 4818 se
1565 4764 1848 4831 habentia,
1879 4780 2002 4835 qua:

432 4865 531 4907 sua
565 4863 715 4919 sunt,
748 4864 1032 4924 peragant.

2112 4698 2249 4752 μενα
2277 4680 2411 4750 πρὸς
2441 4677 2607 4731 ἑαυτὰ
2636 4676 2980 4749 εἰρηνεύοντα
2998 4714 3013 4740 ,
3043 4674 3141 4726 καὶ
3166 4673 3442 4737 ὡσαύτως
3472 4672 3663 4744 ἔχοντα,

2104 4775 2235 4846 δρᾷν
2256 4772 2324 4825 τά
2353 4768 2578 4824 ἑαυτῶν.

1981 5002 2135 5077 ἓν.

533 5142 828 5209 Caeterum,
879 5145 925 5198 si
973 5145 1100 5213 quis
1150 5147 1519 5206 diversitatem
1579 5163 1611 5203 a
1669 5161 1805 5219 pace
1872 5165 2005 5220 pro-

403 5220 736 5304 ~lapsionem
795 5252 1081 5302 asserens,
1132 5240 1419 5295 conﬁrmet
1481 5257 1670 5309 pacem
1739 5259 1844 5298 non
1881 5256 2001 5299 esse

434 5325 689 5380 omnibus
748 5328 1075 5398 amabilem;
1141 5331 1577 5400 respondendum
1635 5335 2003 5402 potissimum,

435 5416 572 5508 nihil
607 5418 660 5473 in
696 5428 892 5473 natura
930 5435 1110 5477 rerum
1144 5424 1381 5479 existere
1414 5426 1557 5494 quod
1590 5426 1735 5481 omni
1772 5441 2002 5495 prorsus

2182 5148 2245 5200 Εἰ
2285 5147 2341 5200 δὲ
2364 5185 2379 5209 ,
2422 5144 2520 5216 τὴν
2561 5145 2683 5198 κατ’
2711 5142 2984 5197 ἔκπτωσιν
3014 5140 3241 5211 εἰρήνης
3271 5138 3565 5211 ἑτερότητα
3596 5134 3662 5186 λέ-

2112 5258 2243 5309 γων,
2275 5238 2603 5311 ἰσχυρίζεται
2648 5238 2721 5309 μὴ
2760 5237 2922 5289 πᾶσιν
2952 5230 3089 5286 εἶναι
3144 5232 3392 5303 ἐραστὴν
3423 5233 3520 5303 τὴν
3546 5228 3665 5298 εξρή-

2110 5352 2244 5406 νην,
2293 5334 2523 5404 μάλιστα
2570 5332 2666 5402 μὲν
2707 5332 2857 5385 οὐδέν
2911 5332 3026 5383 ἑστι
3070 5327 3182 5380 τῶν
3232 5328 3433 5389 ὄντων,
3464 5328 3493 5380 ὃ
3520 5328 3663 5390 πάσης

2112 5422 2390 5486 παντελῶς
2419 5420 2663 5486 ἑνώσεως
2683 5420 2860 5474 άποπέ
2871 5434 3047 5473 πτωκε
3069 5433 3085 5448 ·
3114 5416 3177 5471 τὸ
3196 5416 3270 5485 τὰ
3278 5434 3312 5490 ρ
3340 5419 3518 5490 πάντη
3540 5417 3663 5469 ἄστα-

1700 5563 1935 5618 VARIAS
1965 5560 2261 5617 LECTION
2269 5561 2370 5617 ES.

510 5678 531 5709 ⁸
568 5676 931 5746 συγχεομένη,
1005 5676 1063 5731 Ρ.
1120 5677 1207 5735 Sc.

1300 5679 1320 5713 ⁸
1356 5677 1789 5752 συνεζευγμένα,
1839 5682 1895 5739 S.
1938 5682 1997 5737 P.

445 5744 487 5781 ⁸ο
522 5744 906 5817 ἀμετάπτωτοι,
944 5746 1079 5803 5.1’.

2117 5682 2137 5714 ⁷
2172 5681 2390 5753 ἑαυτῆς.
2487 5680 2507 5711 ⁸
2539 5676 2621 5731 ὅτι
2655 5674 2899 5748 ἐφίεται,
2937 5673 2997 5729 D.

3098 5674 3119 5707 ⁹
3152 5674 3585 5747 άντιφήσαιμεν,
3615 5669 3659 5722 υ.
