3768 6298
116 300 217 356 955

1174 299 1258 353 DE
1289 297 1542 355 DlVlNlS
1575 295 1967 358 NOMINIBUS,
2002 295 2157 355 CAP.
2189 295 2283 353 XI.

3247 290 3358 349 ρει

116 431 226 474 τον,
258 412 352 467 καὶ
390 410 636 483 ἄπειρον,
667 412 760 467 καὶ
799 412 1097 484 ἀνίδρυτον,
1141 414 1234 465 καὶ
1270 411 1536 484 ἀόριστον,
1565 417 1604 466 ol

1871 420 1981 467 reat
2033 411 2259 476 unione;
2298 408 2348 464 id
2382 407 2526 463 enim
2573 407 2716 479 quod
2752 406 2967 478 penitus
3017 406 3270 462 instabile
3304 417 3359 462 et

116 503 169 555 δν
197 505 363 563 ἐστιν,
386 500 509 554 οὔτε
540 505 597 554 ὲν
627 507 736 566 τοῖς
769 500 936 557 οὖσιν.
990 505 1051 556 Εἰ
1081 503 1137 556 δὲ
1165 503 1385 567 τούτους
1416 504 1578 574 φησὶν
1608 506 1683 557 εἰ-

119 596 249 664 ρήνῃ
285 594 380 645 κα)⁵
422 596 642 665 εἰρήνης
668 594 890 663 ἀγαθοῖς
920 594 1353 665 ἀπεχθάνεσθαι,
1384 596 1510 659 τοὺς
1542 595 1683 666 ἔρισι

118 688 205 740 καὶ
233 686 425 757 θυμοῖς
446 726 460 750 ,
501 688 596 739 καὶ
636 685 949 740 ἀλλοιώσεσι
985 688 1076 739 καὶ
1106 686 1529 750 ἀκαταστασίαις
1565 686 1684 758 χαί-

118 796 333 851 ροντας⁹
380 781 475 833 καὶ
504 774 648 833 οὗτοι
677 779 942 851 ἀμαυροῖς
981 778 1216 844 εἰδώλοις
1246 780 1525 851 εἰρηνικῆς
1557 779 1683 849 ἐφέ-

118 887 249 933 σεως
274 871 712 942 διακρατοῦνται,
743 872 875 941 πρὸς
903 870 1337 942 παθῶν,ἐνοχλού
1346 889 1495 942 μενοι
1526 872 1685 924 πολυ-

114 962 365 1032 κινήτων,
405 964 501 1016 καὶ
534 963 704 1017 ταῦτα
733 965 883 1035 ἱστᾷν
918 964 1360 1036 ἀνεπιστημόνως
1389 964 1681 1034 ἐφιέμενοι,

116 1054 204 1108 καὶ
217 1054 453 1124 οἰόμενοι
472 1059 538 1127 τῇ
556 1056 936 1129 ἀποπληρώσει
956 1056 1062 1110 τῶν
1089 1058 1175 1111 ἀεὶ
1207 1055 1580 1127 ἀπορρεόντων
1609 1057 1686 1109 εζ-

117 1146 357 1217 ρηνεύειν
372 1149 598 1212 ἑαυτοὺς
619 1152 684 1220 τῇ
702 1151 923 1221 ἀτευξίᾳ
936 1151 973 1181 ¹¹
991 1150 1095 1202 τῶν
1112 1149 1471 1221 κρατησασῶν
1487 1150 1685 1222 ἡδονῶν

116 1239 633 1310 ἐκταρασσομένους.
654 1239 717 1292 Τί
739 1241 803 1294 ἀν
817 1258 899 1303 τις
915 1240 1057 1295 ετποι
1079 1241 1206 1310 περὶ
1234 1240 1334 1310 τῆς
1364 1242 1503 1293 κατά
1545 1242 1684 1311 Χρι-

116 1330 596 1401 στὸνείρηνοχύτού
620 1330 1024 1401 φιλανθρωπίας
1045 1348 1057 1395 ;
1084 1330 1205 1384 καθ’
1232 1331 1299 1402 ἢν
1319 1332 1379 1383 οὑ
1407 1330 1482 1402 μὴ
1506 1330 1687 1402 μάθωο

118 1436 211 1489 μεν
248 1420 329 1473 ἔτι
372 1421 627 1492 πολεμεῖν
647 1460 661 1485 ,
693 1424 815 1477 οὔτε
844 1424 1074 1486 ἑαυτοῖς,
1102 1420 1223 1475 οὗτε
1258 1421 1527 1493 ἀλλήλοις,
1563 1422 1685 1476 οὗτε

116 1512 359 1580 ἀγγέλοις
378 1530 391 1543 ·
426 1513 560 1567 ἀλλὰ
583 1515 675 1567 καὶ
702 1514 965 1578 αὑτοῖςτά
988 1514 1105 1568 θεῖα
1135 1514 1271 1567 κατά
1299 1513 1526 1584 δύναμιν
1561 1530 1686 1568 συν-

116 1605 434 1675 εργήσωμεν
454 1606 517 1669 ¹¹,
544 1606 682 1659 κατὰ
710 1608 959 1678 πρόνοιαν
1008 1607 1181 1679 Ἰησοῦ
1203 1606 1294 1659 τοῦ
1325 1606 1393 1659 τά
1429 1607 1613 1660 πάντα
1628 1609 1685 1660 ἐν

117 1699 274 1751 πᾶσιν
290 1698 663 1770 ἐνεργοῦντος,
686 1702 778 1753 καὶ
803 1700 1076 1764 ποιοῦντος
1100 1702 1317 1772 εἰρήνην
1338 1700 1575 1772 ἄρρητον
1593 1701 1687 1754 καὶ

1786 504 2087 566 inﬁnitum;
2127 502 2380 572 nullaque
2413 502 2543 557 sede
2598 503 2784 556 nixum
2836 502 3359 569 interminatumque

1785 593 2029 665 ﬁngitur,
2078 608 2160 648 nae
2199 593 2345 647 illud
2376 593 2550 663 ipsum
2599 608 2697 663 per
2738 608 2797 648 se
2845 592 2977 647 nihil
3012 601 3115 657 est,
3152 607 3250 646 nec
3302 593 3353 645 lu

1785 683 1967 753 aliquo
1998 684 2208 738 existit.
2250 683 2344 737 Sin
2390 682 2638 749 objicial,
2676 697 2771 736 eos
2803 682 2921 751 paci
2956 680 3217 749 pacisque
3262 679 3357 732 bo-

1784 776 1868 830 nis
1909 774 2225 839 adversari,
2261 773 2351 843 qui
2388 774 2573 827 litibus
2606 784 2659 828 et
2692 772 2991 835 furoribus,
3030 768 3359 825 mutationi-

1782 866 1991 936 busque
2023 875 2078 921 et
2114 864 2557 920 instabilitatibus
2579 865 2948 931 delectantur;
2974 879 3164 919 verum
3195 871 3248 917 et
3280 859 3355 914 illi

1784 973 2003 1028 quoque
2048 958 2301 1013 obscuris
2350 959 2678 1028 quibusdam
2729 957 2939 1028 paciﬁci
2978 955 3231 1011 desiderii
3283 952 3359 1008 si-

1784 1050 2041 1106 mulacris
2080 1050 2431 1115 detinentur,
2481 1051 2606 1105 dum
2652 1048 3158 1119 perturbationibus
3192 1046 3359 1100 variis

1785 1152 2043 1214 aguntur,
2078 1159 2213 1215 quas
2256 1142 2506 1233 imperite
2550 1142 2747 1198 sedare
2795 1142 3126 1207 desiderant,
3182 1151 3237 1195 et
3274 1156 3361 1194 ar-

1784 1231 2063 1287 bitrantur
2110 1248 2170 1288 se
2202 1231 2395 1303 paceni
2434 1234 2657 1299 habere,
2692 1233 2737 1288 si
2773 1234 3030 1288 continuo
3064 1232 3361 1287 liuentibus

1786 1324 2156 1395 voluptatibus
2190 1326 2503 1381 liauriendis
2536 1327 2827 1391 insistant;
2861 1336 2917 1380 et
2951 1326 3365 1396 perturbantur,

1786 1416 1833 1471 si
1869 1417 2030 1471 rebus
2065 1414 2149 1479 iis,
2178 1432 2207 1470 a
2233 1417 2431 1487 quibus
2464 1417 2563 1488 ipsi
2596 1417 2792 1472 devicti
2829 1426 2976 1484 sunt,
3004 1417 3359 1471 frustrentur.
3416 1472 3423 1481 ,

1787 1514 1927 1583 Quid
1962 1529 2126 1585 porro
2159 1514 2308 1570 dicet
2349 1516 2472 1585 quis
2505 1518 2570 1572 de
2602 1515 2806 1571 Christi
2855 1516 3082 1585 paciﬁca
3119 1515 3365 1586 benigni-

1788 1610 1945 1665 tate?
1977 1624 2083 1679 qua
2120 1609 2399 1673 docemur,
2443 1625 2549 1665 non
2586 1609 2725 1663 ultra
2760 1609 2959 1664 bellum
3007 1623 3219 1679 gerere,
3251 1611 3365 1664 sive

1788 1720 1914 1762 cum
1966 1703 2125 1759 nobis
2182 1703 2355 1773 ipsis,
2405 1704 2522 1759 sive
2567 1720 2690 1759 cum
2735 1703 3037 1773 proximis,
3092 1702 3209 1758 sive
3240 1718 3366 1756 cum

115 1784 170 1850 ἐξ
185 1786 378 1850 αἰῶνος
396 1788 830 1858 προωρισμένην,
845 1788 939 1840 καὶ
959 1787 1520 1850 ἀποκαταλλάσσοντος
1541 1790 1603 1857 ήρ

1878 1794 2025 1863 telis,
2106 1795 2306 1864 quibus
2369 1796 2550 1865 potius
2598 1792 2758 1864 512
2811 1809 2911 1865 pro
2976 1794 3121 1847 virili
3172 1808 3366 1861 coope-

114 1878 283 1948 ἐαυτῷ
305 1879 350 1909 ¹³
383 1880 479 1931 καὶ
506 1881 563 1931 ἐν
591 1878 768 1949 ἐαυτῷ
798 1878 875 1949 τῷ
899 1880 1073 1951 llath
1090 1920 1104 1943 ,
1131 1879 1258 1950 περὶ
1279 1871 1351 1932 ὧν
1391 1877 1684 1949 ὑπερφυῶν

113 1968 292 2040 δώρων
333 1973 398 2024 ἐν
435 1974 557 2035 ταῖς
586 1971 957 2040 Θεολογικαῖς
980 1973 1445 2026 ὐποτυπώσεσιν
1486 1971 1686 2035 ἱκανῶς

1792 1886 2017 1941 randum
2087 1892 2173 1940 est
2208 1885 2260 1939 in
2325 1886 2391 1940 iis
2446 1901 2566 1956 quaa
2599 1888 2664 1939 ad
2699 1888 2865 1941 Deum
2902 1896 3185 1956 spectant,
3208 1883 3363 1952 juxta

1794 1977 1969 2047 ipsius
2006 1976 2136 2032 Jesu
2184 1978 2602 2047 providentiam,
2652 1993 2774 2048 quae
2807 1980 2990 2034 omnia
3026 1978 3079 2033 in
3113 1977 3367 2032 omnibus

112 2060 317 2131 εἴρηται
339 2100 354 2125 ,
390 2064 1047 2135 προσεπιμαρτυρούντων
1068 2065 1112 2097 ¹¹⁵
1134 2067 1264 2136 ἡμῖν
1286 2065 1380 2117 καὶ
1408 2064 1508 2136 τῆς
1535 2067 1600 2136 ίεε

1878 2082 2075 2135 eratut,
2116 2086 2415 2142 pacemque
2449 2070 2664 2126 confert
2698 2068 3025 2125 ineffabilem
3066 2068 3135 2122 ab
3161 2078 3366 2121 aeterno

112 2150 212 2203 τῶν
237 2152 439 2220 λογίων
464 2154 766 2218 ἐπιπνοίας.

1876 2162 2217 2228 edeﬁnitam,
2252 2178 2459 2232 nosque
2507 2162 2609 2217 sibi
2658 2162 2711 2216 in
2753 2163 2944 2233 spiritu
2985 2170 3040 2216 et
3091 2175 3188 2229 per
3217 2174 3276 2214 se
3310 2158 3364 2212 in

114 2258 167 2298 se
200 2245 297 2312 ipsi
328 2244 481 2299 Patri
534 2247 873 2302 reconciliat.
942 2248 1015 2303 De
1062 2247 1259 2318 quibus
1289 2248 1449 2305 donis
1496 2254 2001 2320 snperuaturalibus
2054 2257 2189 2312 satis
2231 2270 2502 2327 superque
2558 2254 2770 2311 dictum
2821 2264 2910 2312 est
2949 2252 3005 2309 in
3041 2250 3367 2322 Theologicis

112 2336 559 2404 institutionibus,
608 2353 774 2395 sacra
807 2339 1095 2411 Scriptura
1130 2342 1291 2398 nobis
1326 2342 1698 2398 testimonium
1734 2345 2082 2415 perbibente.

1658 2488 1686 2562 ς
1732 2488 1837 2550 Vl.

188 2626 324 2680 Ἀλλ’
357 2628 550 2699 ἐπειδὴ
578 2629 672 2682 καὶ
698 2629 883 2683 ἄλλοτε
920 2630 1020 2701 μού
1049 2631 1117 2685 δι’
1140 2630 1429 2704 ἐπιπολῆς
1465 2632 1676 2687 ἐπύθου

1879 2635 1973 2692 Sed
2031 2638 2160 2708 quia
2225 2638 2365 2693 alias
2430 2651 2519 2692 me
2597 2649 2697 2707 per
2758 2633 3042 2706 epistolam
3124 2634 3367 2691 interro-

111 2717 160 2769 τί
189 2736 316 2771 ποτε
366 2719 477 2790 ἄρα
517 2722 659 2790 φημὶ
684 2721 744 2774 τὸ
774 2721 904 2774 αὑτὸ
931 2717 1068 2776 εἶναι
1089 2764 1102 2787 ,
1132 2725 1228 2795 τὴν
1263 2725 1561 2795 αὑτοζωὴν,
1592 2744 1599 2759 ι

1880 2729 1957 2797 sti,
2022 2731 2151 2799 quid
2184 2730 2444 2799 appellem
2502 2744 2599 2799 per
2631 2744 2691 2784 se
2722 2742 2863 2793 esse,
2925 2744 3021 2798 per
3073 2742 3132 2783 se
3176 2728 3368 2795 vitam,

111 2810 456 2878 αὑτοσοφῖαν,
487 2811 583 2863 καὶ
608 2812 741 2882 πρὸς
766 2813 952 2866 ἑαυτὸν
974 2814 1110 2886 ἔφης
1131 2815 1459 2887 διαπορῆσαι
1484 2818 1546 2881 ’⁵,
1573 2834 1599 2868 11

1881 2836 1897 2874 Γ
1951 2836 2012 2876 se
2070 2822 2397 2891 sapientiam
2433 2859 2449 2887 ,
2543 2831 2597 2877 et
2661 2832 2839 2876 tecum
2900 2821 2982 2874 ais
3065 2819 3369 2883 dubitasse.

110 2902 196 2955 τὸν
223 2902 360 2956 Θεὸν
393 2903 523 2956 ποτέ
555 2905 651 2973 μὲν
677 2903 959 2977 αὑτοζωήν
998 2924 1172 2977 φημι,
1208 2909 1334 2961 ποτέ
1362 2908 1418 2961 δὲ
1453 2910 1553 2979 τῆς
1582 2928 1598 2962 c

1882 2912 2064 2967 )modo
2101 2912 2269 2967 Deum
2304 2912 2594 2983 aliquando
2641 2912 2859 2981 quidem
2896 2924 3029 2966 voco
3061 2926 3158 2979 per
3191 2923 3253 2964 se
3289 2909 3370 2962 vi-

110 3000 311 3072 τοζωῆς
344 3002 661 3072 ὑποστάτην
681 3018 694 3031 '
730 3003 1025 3069 ἀναγκαῖον
1047 3002 1254 3073 ᾠήθην,
1280 3004 1389 3074 ἱερέ
1422 3003 1515 3056 τοῦ
1552 3004 1595 3056 Θ

1881 3024 1938 3070 ιι,
1988 3005 2281 3075 aliquando
2328 3020 2458 3061 vero
2489 3004 2798 3060 eﬂ'eetorem
2836 3016 2934 3072 per
2965 3016 3023 3056 se
3056 3001 3222 3065 vitaz;
3275 3013 3369 3053 ne-

112 3067 380 3164 ἄνθρωπε,
427 3094 524 3146 καὶ
561 3067 765 3164 ταύτης
813 3067 932 3146 es“
962 3067 1073 3164 sip;
1105 3067 1198 3163 ego"
1224 3067 1353 3165 ἡμῖν
1389 3095 1600 3166 ἀπορία.

1880 3095 2083 3151 sarium
2120 3110 2241 3151 esse
2273 3096 2573 3150 arbitratus
2608 3110 2763 3157 sum,
2807 3092 2968 3147 homo
3013 3089 3109 3145 Dei
3149 3098 3366 3153 sancte,

112 3183 393 3238 ἀπολῦσαι.
439 3186 551 3237 Καὶ
585 3184 799 3253 πρῶτον
838 3186 954 3255 μὲν,
992 3186 1081 3239 ἵνα
1117 3186 1186 3238 τά
1233 3186 1559 3258 μυριόλεκτα
1595 3186 1688 3239 καὶ

112 3275 198 3328 νῦν
235 3275 619 3345 ἀναλάϐωμεν,
668 3277 767 3329 οὑκ
805 3277 949 3329 ἔστιν
979 3278 1239 3342 ἐναντίον,
1269 3277 1625 3347 αὑτοδύναμιν
1652 3278 1685 3349 ἢ

113 3368 385 3439 αὑτοζωὴν
410 3369 586 3421 εἰπεῖν
612 3368 703 3421 τὸν
727 3368 881 3433 Θεὸν,
903 3370 996 3421 καὶ
1016 3370 1116 3441 τῆς
1144 3370 1442 3442 αὑτοζωῆς,
1475 3372 1508 3442 ἧ
1538 3372 1687 3442 εἰρή-

110 3474 232 3529 νης,
260 3460 293 3530 ἦ
326 3459 614 3529 δυνάμεως
656 3459 964 3531 ὑποστάτην
994 3461 1036 3491 ¹⁸
1059 3477 1071 3489 ·
1105 3462 1171 3514 τά
1204 3462 1300 3532 μὲν
1333 3462 1442 3533 γάρ
1482 3465 1548 3516 ἐκ
1578 3462 1687 3515 τῶν

111 3547 270 3603 ὄντων
296 3552 394 3603 καὶ
424 3550 656 3621 μάλιστα
686 3552 750 3603 ἐκ
775 3550 883 3602 τῶν
915 3551 1143 3621 πρώτως
1168 3553 1357 3617 ὄντων,
1397 3554 1473 3618 ὡς
1515 3555 1687 3619 αῖτιος

112 3641 321 3695 πάντων
347 3641 461 3694 τῶν
483 3641 672 3703 ὄντων,
703 3640 919 3709 λέγεται
946 3659 960 3671 ·
1000 3642 1069 3694 τά
1105 3642 1180 3706 δὲ,
1215 3643 1289 3706 ῶς
1323 3644 1462 3715 ὑπὲρ
1508 3646 1687 3699 πάντα

113 3733 200 3785 καὶ
237 3734 306 3787 τὰ
346 3732 582 3805 πρώτως
626 3734 755 3787 ὄντα
795 3735 1015 3805 ὑπερὼν
1061 3736 1397 3807 ὑπερουσίως
1426 3739 1488 3791 ¹⁹.
1528 3739 1591 3791 Τί
1627 3740 1685 3791 δὲ

110 3826 258 3891 ὅλως,
289 3828 422 3896 φῂς,
451 3827 513 3878 τὸ
544 3826 676 3879 αὑτὸ
711 3823 847 3879 εἶναι
885 3827 1135 3897 λέγομεν,
1174 3827 1206 3897 ἢ
1246 3828 1344 3899 τὴν
1371 3828 1648 3901 αὑτοζωὴν
1668 3869 1683 3892 ,

110 3916 264 3987 ῆδσα
295 3917 586 3981 ἀπολύτως
620 3919 715 3971 καὶ
757 3920 1073 3989 ἀρχηγικῶς
1117 3916 1288 3985 εἶναι,
1338 3922 1433 3974 καὶ
1484 3925 1547 3974 ἐκ
1590 3921 1683 3975 τοῦ

108 4005 235 4062 Θεοῦ
262 4010 501 4081 πρώτως
522 4010 882 4081 ὑφεστηκέναι
908 4011 1185 4082 τιθέμεθα.
1211 4013 1381 4066 Τοῦτο
1399 4013 1455 4065 δέ
1483 4031 1682 4084 φαμεν,

108 4104 201 4157 οὐκ
227 4104 376 4157 ἐστιν
400 4104 658 4171 ἀγκύλον,
687 4105 800 4158 ἀλλ’
825 4107 953 4159 εὑθὺ
983 4107 1268 4176 καὶάπλῆν
1295 4108 1685 4179 τὴνδιασάφη·

110 4210 187 4246 σιν
216 4194 358 4265 ἕχον.
386 4195 462 4245 υὺ
485 4195 593 4265 γὰρ
614 4197 799 4249 οὐσίαν
829 4199 949 4251 τινὰ
971 4198 1141 4263 θείαν,
1166 4198 1198 4269 ἢ
1220 4199 1513 4270 ἀγγελικὴν
1547 4195 1684 4253 εἶναί

109 4303 281 4356 φαμεν
309 4288 373 4340 τὸ
399 4288 533 4339 αὐτὸ
554 4284 690 4341 εἶναι
708 4291 752 4319 ¹⁰
777 4290 869 4343 τοῦ
893 4288 1035 4345 εἶναι
1059 4293 1126 4346 τὰ
1151 4292 1281 4345 ὄντα
1314 4292 1487 4345 πάντα
1509 4293 1684 4346 αἰτίαν

109 4378 305 4447 (μόνον
351 4380 467 4450 γάρ
511 4380 605 4431 τοῦ
650 4377 785 4434 εἶναι
823 4385 997 4437 πάντα
1025 4386 1093 4437 τά
1134 4383 1293 4447 ὄντα,
1326 4385 1419 4437 καὶ
1461 4385 1593 4437 αὑτὸ
1623 4386 1683 4438 τὸ

1789 3186 1859 3240 ab
1910 3187 2011 3242 liae
2061 3187 2440 3252 dubitatione,
2490 3186 2670 3257 quoad
2717 3184 2945 3256 possim,
3003 3195 3057 3238 te
3107 3180 3365 3238 liberare.

1787 3281 1867 3333 Ac
1890 3279 2125 3348 primum
2155 3280 2395 3349 quidem,
2423 3291 2482 3333 ut
2515 3294 2658 3333 nunc
2692 3286 2999 3348 repetamus
3025 3288 3146 3345 quae
3173 3270 3368 3326 millies

1790 3371 1932 3426 dicta
1967 3381 2136 3436 sunt,
2174 3388 2282 3427 non
2318 3381 2559 3443 pugnant
2606 3386 2791 3428 secum
2826 3370 3035 3431 dicere,
3068 3368 3234 3421 Deum
3270 3379 3361 3434 per

1790 3474 1848 3515 se
1881 3472 2225 3530 potestatem,
2265 3470 2320 3517 et
2366 3476 2464 3531 per
2513 3476 2573 3517 se
2618 3462 2828 3527 vitam;
2863 3470 2918 3514 et
2949 3458 3163 3521 dicere,
3196 3456 3364 3510 Deum

1789 3565 2094 3611 creatorem
2123 3572 2221 3626 per
2253 3570 2315 3611 se
2346 3558 2491 3620 vitae,
2515 3555 2600 3611 vel
2636 3568 2731 3624 per
2763 3568 2824 3608 se
2858 3552 3032 3623 pacis,
3058 3549 3143 3605 vel
3176 3563 3274 3618 per
3306 3562 3368 3602 se

1790 3650 2102 3715 potestatis;
2141 3649 2255 3703 base
2291 3648 2436 3703 enim
2464 3650 2662 3704 dicitur
2689 3648 2830 3702 Deus
2861 3660 2927 3701 ex
2962 3645 3029 3699 iis
3059 3658 3179 3713 qua:
3212 3650 3363 3708 sunt,

1789 3751 1845 3795 et
1876 3744 2110 3796 maxime
2140 3756 2209 3796 cx
2244 3742 2311 3797 iis
2345 3757 2466 3810 qua:
2501 3742 2675 3810 prima
2721 3752 2871 3805 sunt,
2911 3748 3169 3806 tanquam
3200 3750 3364 3789 causa

1787 3832 2031 3886 omnium
2083 3846 2205 3900 qua:
2251 3842 2415 3897 sunt;
2470 3831 2559 3885 illa
2611 3842 2794 3885 autem
2846 3830 3068 3891 dicitur,
3107 3836 3365 3894 tanquam

1786 3924 2032 3977 existens
2064 3921 2666 3991 suprasnbstantialiter
2684 3936 2844 3991 supra
2870 3920 3049 3973 omnia
3075 3932 3194 3987 quaa
3216 3926 3365 3983 sunt,

1786 4024 1841 4066 et
1874 4029 1991 4083 qua:
2022 4013 2196 4082 primo
2228 4022 2374 4067 sunt.
2413 4011 2623 4077 Quaeris
2655 4022 2835 4065 autem
2869 4010 2998 4078 quid
3024 4023 3253 4077 prorsus
3279 4007 3366 4061 di-

1787 4121 1974 4160 camus
2000 4120 2097 4173 per
2135 4119 2195 4159 se
2232 4119 2375 4168 esse,
2420 4112 2514 4157 aut
2542 4118 2643 4172 per
2685 4116 2745 4155 se
2779 4102 2972 4162 vitam,
2997 4107 3088 4152 aut
3115 4111 3367 4168 quincun-

1786 4213 1893 4266 que
1941 4195 2187 4250 absolute
2231 4205 2284 4249 et
2313 4194 2688 4265 principaliter
2744 4208 2890 4256 esse,
2941 4201 2998 4246 et
3037 4208 3103 4246 ex
3137 4192 3249 4245 Deo
3302 4203 3367 4243 ac

1788 4290 1962 4356 primo
1992 4298 2171 4342 creata
2210 4304 2328 4342 esse
2368 4289 2636 4357 ponimus.
2663 4284 3072 4354 Respondemus
3110 4298 3217 4336 non
3245 4296 3369 4335 esse

1789 4381 1891 4432 boc
1938 4388 2267 4443 contortum,
2303 4378 2399 4432 sed
2452 4387 2682 4438 rectum,
2721 4386 2775 4431 et
2807 4375 3107 4445 simplicem
3160 4371 3370 4426 habens

107 4464 236 4522 εἶναι
268 4469 616 4541 ὑπερούσιον,
648 4471 809 4543 ἀρχὴ,
840 4476 934 4527 καὶ
962 4474 1139 4537 οὐσία,
1171 4476 1264 4527 καὶ
1304 4474 1472 4527 αίτιον
1492 4477 1509 4545 )
1529 4516 1542 4537 ,
1565 4493 1593 4527 ο

1878 4471 2243 4525 ilanationem.
2280 4470 2395 4523 Non
2437 4469 2581 4522 enim
2636 4468 2768 4522 illud
2815 4483 2910 4536 per
2943 4481 3001 4521 se
3034 4480 3187 4530 esse,
3237 4464 3366 4518 sub-

106 4558 368 4628 ζωογόνον
395 4559 439 4589 ²¹
471 4556 604 4622 ἄλλη
648 4560 874 4631 θεότητα
906 4563 1055 4633 παρά
1082 4563 1183 4633 τὴν
1213 4564 1475 4634 ὑπέρθεον
1493 4567 1536 4595 ²²
1562 4566 1693 4617 πάν-

104 4668 206 4705 των
250 4655 352 4706 ὅσα
398 4652 465 4723 ζῇ
493 4692 507 4715 ,
537 4654 631 4706 καὶ
666 4654 766 4723 τῆς
800 4657 1079 4727 αὑτοζωῆς
1109 4658 1287 4710 αἰτίαν
1320 4658 1484 4728 ζωὴν,
1524 4657 1645 4710 οὔτε
1669 4699 1685 4722 ,

107 4743 391 4796 συνελόντα
423 4744 616 4805 εἰπεῖν,
653 4744 885 4815 ἀρχικὰς
918 4745 1026 4798 τῶν
1053 4746 1221 4797 ὄντων
1251 4747 1345 4798 καὶ
1369 4747 1688 4817 δημιουργι-

105 4834 201 4897 κὰς
228 4835 420 4898 οὑσίας
450 4835 545 4885 καὶ
572 4834 894 4900 ὑποστάσεις
913 4877 927 4900 ,
982 4836 1198 4898 ἅστινας
1222 4837 1267 4867 ’³
1295 4838 1385 4889 καὶ
1408 4838 1561 4901 θεοὺς
1575 4840 1685 4893 τῶν

102 4924 266 4979 ὅντων
291 4926 391 4980 καὶ
425 4926 789 4996 δημιουργοὺς
826 4929 1340 4999 αὑτοσχεδιάσαντες
1370 4930 1684 4999 ἀπεστομά-

100 5035 275 5084 τισαν,
306 5019 407 5082 οὓς
428 5058 442 5081 ,
473 5017 688 5087 ἀληθῶς
720 5021 815 5072 καὶ
842 5023 1045 5092 κυρίως
1079 5024 1270 5083 εἰπεῖν,
1306 5021 1426 5074 οὔτε
1529 5019 1684 5072 αὐτοὶ

102 5111 318 5181 ᾔδεισαν
343 5116 391 5147 ³³
408 5113 531 5184 (οὑκ
545 5113 590 5144 ’⁸
606 5112 783 5184 ὄντας)
808 5113 931 5167 οὔτε
968 5117 1014 5167 οἱ
1056 5114 1287 5185 πατέρες
1314 5114 1490 5166 αὐτῶν
1510 5131 1523 5143 ·
1567 5114 1683 5168 ἀλλ’

101 5204 411 5267 αὑτοεῖναι,
454 5204 550 5257 καὶ
586 5204 899 5276 αὑτοζωὴν,
937 5206 1029 5258 καὶ
1066 5206 1428 5277 αὑτοθεότητά
1477 5223 1681 5275 φαμεν,

1791 4564 2048 4617 stantiam
2101 4561 2389 4630 quamdam
2447 4560 2686 4613 divinam
2745 4567 2839 4610 aut
2890 4556 3193 4625 angelicam
3243 4570 3365 4607 esse

1789 4652 2051 4715 dicimus,
2086 4666 2208 4719 qua:
2252 4649 2325 4702 sit
2366 4663 2531 4701 causa
2577 4658 2634 4702 ut
2684 4646 2798 4701 sint
2847 4646 3029 4700 omnia
3078 4659 3198 4711 qua:
3238 4653 3367 4697 sunt

1788 4745 1985 4816 (Solum
2022 4744 2167 4797 enim
2195 4743 2284 4812 qui
2327 4752 2411 4796 est
2443 4755 2775 4811 supraquain
2824 4738 3161 4801 substantia,
3213 4737 3360 4804 prin-

1787 4837 2025 4905 cipium,
2059 4844 2115 4889 et
2158 4835 2424 4896 essentia,
2475 4842 2530 4888 et
2581 4847 2743 4886 causa
2784 4842 2867 4884 est
2922 4837 2981 4881 ut
3030 4828 3139 4881 sint
3178 4826 3361 4882 omnia

1786 4944 1908 4998 quae
1946 4937 2094 4993 sunt,
2124 4937 2178 4981 et
2216 4926 2390 4996 ipsum
2422 4941 2517 4993 pi-r
2544 4940 2603 4979 se
2631 4925 2797 4987 esse),
2830 4936 2928 4976 nec
2970 4920 3133 4973 aliain
3165 4919 3364 4973 divini-

1788 5032 1950 5076 tatem
1991 5038 2110 5090 qua:
2146 5021 2311 5074 vitam
2358 5020 2554 5089 pariat,
2586 5026 2945 5088 prmterquam
2994 5015 3158 5068 vitam
3194 5029 3370 5083 supra-

1786 5130 1945 5183 quain
1974 5114 2211 5169 divinam
2245 5114 2486 5167 omnium
2516 5125 2853 5182 quascunque
2883 5108 3086 5170 vivunt,
3110 5115 3166 5161 et
3193 5106 3362 5177 ipsius

1788 5222 1884 5276 per
1915 5222 1974 5261 se
2003 5208 2127 5262 vitae
2159 5220 2403 5271 causam,
2448 5205 2737 5275 ponimus;
2784 5216 2885 5257 nec
2939 5209 2999 5253 ut
3045 5202 3357 5254 summatim

1376 5405 1611 5461 VARUE
1645 5406 2047 5464 LECTIONES.

164 5569 203 5602 "
239 5566 446 5638 ἀταξίᾳ
472 5607 489 5631 ,

104 5638 145 5669 ¹⁸
178 5636 487 5713 ἀπορῆσαι.
520 5636 582 5691 S.
698 5637 785 5713 l).__
846 5636 896 5713 δέ

101 5708 494 5774 τοεῖναίμυιιυ
519 5710 716 5766 verbo.
754 5709 808 5762 Β.
846 5709 903 5762 ι).
983 5711 1021 5741 ²¹
1060 5708 1315 5780 praecedit
1351 5709 1455 5781 γάρ
1492 5714 1540 5763 in
1566 5708 1623 5761 ι».

676 5569 718 5639 ‘f
755 5568 1174 5639 συνεργήσομεν,
1320 5566 1409 5621 Sc.
1439 5566 1559 5622 Sar.
1645 5570 1686 5601 ’³
1721 5572 1778 5624 ἐν
1814 5569 2091 5639 Πνεύματι
2126 5568 2219 5639 καὶ
2240 5566 2305 5620 δι’
2340 5565 2551 5639 ἑαυτοῦ.
2596 5635 2607 5639 _
2633 5563 2677 5596 "
2712 5557 3364 5639 προσεπιμαρτυρολξσης.

888 5588 949 5639 ργ
994 5588 1174 5638 σομεν,
1216 5588 1273 5620 υ.
1321 5588 1409 5621 δη.
1440 5588 1559 5622 οςιτ.
1646 5588 1686 5601 ⁵⁸
1721 5588 1778 5624 εν
1815 5588 2091 5639 ιινευματι
2126 5588 2219 5621 και
2240 5588 2289 5620 οι
2340 5588 2551 5619 εαυτου.
2635 5588 2675 5596 ’⁷
2712 5588 3321 5681 πρυυςνηιμυυῖιιυμυυυῐμ

888 5641 896 5669 ⁵
928 5588 1006 5691 τὲ.
1088 5640 1125 5668 ¹⁷
1162 5637 1245 5707 ἐφ’
1282 5641 1429 5709 ἡμῖν,
1468 5657 1572 5692 non
1601 5650 1683 5694 cst
1711 5641 1762 5692 in
1789 5643 1828 5693 1)
1947 5644 1988 5672 ⁸⁸
2022 5638 2335 5706 ἐπιστάτην,
2365 5639 2430 5709 iS.
2470 5708 2479 5709 ί
2513 5638 2553 5668 ι’
2586 5630 3035 5709 ὑπερκείμενοςε-
3060 5667 3095 5709 _o
3174 5633 3234 5709 ξδ’
3266 5631 3321 5709 qi

1706 5714 1748 5743 ²¹
1784 5711 1907 5764 τῶν.
1990 5714 2031 5744 ³³
2070 5710 2130 5774 5.;
2164 5705 2324 5773 τινες,
2364 5708 2423 5763 Ρ.
2449 5708 2535 5763 Sc.
2618 5705 2661 5738 ’δ

1947 5630 1988 5672 ’δ
2022 5638 2335 5706 ἐπιστάτην,
2373 5639 2430 5692 S.
2513 5638 2553 5668 ι’
2586 5630 3095 5706 ὑπερκείμενοςε-[ξ.
3175 5633 3234 5706 ,³-³
3266 5630 3363 5706 αὑ-

2730 5698 2908 5758 δεσαν.
2991 5701 3035 5733 ’⁸
3058 5701 3150 5757 ac:
3173 5698 3233 5773 δὴ
3247 5698 3363 5753 οὑκ.
