3768 6300
133 329 226 386 95'.
857 333 946 388 DE
979 334 1228 391 DlVlNlS
1260 335 1658 401 NOMINIBUS,
1693 335 1844 393 CAP.
1879 336 1972 393 Kl.
2007 368 2076 378 ——
2106 336 2432 393 CORDERII
2467 336 2698 396 ΝΟΤίΕ.
3283 341 3386 397 938

147 451 383 518 appetit,
426 453 790 522 consequens
825 469 970 517 esse,
997 455 1172 523 ipsum
1221 464 1474 522 appetere
1499 457 1619 526 ejus
1652 456 1796 523 quod
1829 457 2031 524 appetit
2064 457 2491 518 assecutionem.
2517 465 2569 509 et
2603 471 2699 526 per
2726 470 3089 523 consequens,
3117 460 3385 512 remotio»-

142 537 272 597 neni
295 537 487 575 eorum
518 539 639 597 quae
661 525 1058 597 assecutinnem
1082 526 1344 597 impedire
1378 525 1622 594 possunt.
1657 526 1842 581 Potest
1863 537 2042 580 autem
2076 527 2322 593 impediri
2351 526 2622 580 assecutin
2652 525 2773 579 boni
2802 527 3094 581 desiderati
3129 543 3224 597 per
3251 545 3385 583 con-

143 592 378 666 trarinin
409 594 708 662 appetitum
743 595 824 648 vel
854 595 934 647 sui
961 596 1131 662 ipsius
1160 592 1240 648 vel
1272 592 1530 662 alterius;
1570 607 1623 650 et
1664 607 1958 666 ntrninqne
1989 592 2197 650 tollitur
2225 612 2320 664 per
2347 611 2557 663 pacem.
2590 597 2730 650 sicut
2761 612 2923 664 supra
2947 592 3152 651 dictum
3192 611 3300 662 est,
3331 610 3386 653 et

142 662 274 737 'deo_
295 677 527 737 necesse
557 673 642 737 est
673 676 732 716 ut
757 679 918 717 omne
949 675 1209 737 appetens
1243 676 1459 737 appetat
1494 681 1714 737 pacem;
1752 668 1802 721 in
1836 662 2102 736 quantum
2135 662 2526 720 scilicetomne
2553 662 3050 734 appetens‘appetit
3085 669 3382 736 tranquille

148 741 196 785 et
230 732 353 783 sine
388 732 782 808 impedimento
812 736 1095 804 pervenire
1120 737 1191 808 ad
1218 732 1441 808 idqnod
1466 732 1690 806 appetit,
1736 739 1787 791 in
1817 732 1924 808 quo
1955 738 2210 808 consistit
2246 737 2386 789 ratio
2419 737 2588 803 pacis.
2620 737 2770 790 Unde
2811 732 3096 808 illi-etiam
3121 732 3381 808 qiii'bella

144 812 405 875 qnmrupt
435 814 492 857 et
515 804 908 866 dissensiones,
941 821 1045 858 non
1085 807 1400 861 desiderant
1432 804 1546 862 nisi
1568 822 1757 874 pacem
1779 849 1794 868 ,
1827 804 1988 875 quam
2019 823 2077 861 se
2118 807 2317 860 habere
2364 823 2468 860 non
2505 809 2843 861 existimant.
2877 807 2947 862 Ut
2991 804 3152 862 enim'
3181 809 3384 862 dictum

149 882 229 923 est
267 872 294 942 ᾗ
324 871 378 946 Vl,
416 888 522 925 non
553 885 635 928 est
669 888 772 942 pax
800 876 844 928 si
880 876 1003 944 quis
1035 892 1157 928 eum
1189 877 1297 930 :tlio
1327 871 1624 933 concordet
1653 871 1922 932 contra'id
1955 877 2096 945 quod
2125 879 2240 945 ipse
2271 879 2438 946 magis
2471 877 2652 931 vellet.
2682 877 2747 930 Et
2785 879 2906 931 ideo
2946 879 3199 932 homines
3229 896 3376 945 qua:-

151 953 282 1016 rniit
321 945 854 1016 hancconrordiain
894 960 1144 1015 rumpere
1174 948 1442 1009 bellando,
1475 959 1733 1016 tanquam
1766 948 2035 1001 defectum
2072 947 2223 1013 pacis
2265 945 2582 1010 habentem,
2613 958 2670 999 ut
2704 948 2768 1000 ad
2802 965 2988 1016 pacein
3041 951 3382 1016 perveniant,

150 1013 343 1088 inqua
381 1014 517 1066 nihil
540 1029 729 1088 eorum
763 1013 1029 1088 voluntati
1086 1029 1380 1086 repugnet;
1411 1028 1466 1071 et
1513 1013 1734 1088 propter
1759 1018 2084 1088 boc_omues
2136 1017 2404 1070 bellantes
2455 1027 2706 1083 quzernnt
2752 1013 2847 1084 per
2890 1013 3145 1072 bella—ad
3193 1035 3383 1086 pacem

147 1084 394 1157 aliquam
426 1083 712 1157 pervenire
746 1083 1322 1154 pei~lectioreinquain
1356 1083 1838 1157 priiis'liabebant.
1862 1086 2037 1141 Porro
2063 1102 2183 1140 cum
2215 1103 2316 1156 pax
2340 1089 2608 1142 consistat
2641 1089 2691 1140 iu
2722 1083 3060 1148 q’uietatione
3088 1098 3144 1142 et
3175 1083 3383 1143 nnione

153 1156 472 1227 appetitus;
509 1155 648 1207 sicut
681 1157 948 1227 appetitus
977 1165 1154 1224 potest
1175 1172 1296 1212 esse
1324 1155 1647 1227 simpliciter
1675 1158 1822 1222 boni,
1848 1157 1931 1212 vel
1964 1157 2089 1212 boni
2133 1155 2466 1226 apparentis,
2500 1158 2572 1210 ita
2603 1158 2767 1210 etiam
2804 1174 2905 1226 pax
2939 1169 3112 1226 potest
3143 1173 3265 1213 esse
3296 1160 3382 1212 vel

147 1240 305 1298 vera,
337 1225 424 1278 vel
457 1239 749 1298 apparens.
784 1225 920 1298 Vgera
947 1229 1162 1293 quidem
1195 1244 1298 1295 pax
1334 1225 1444 1282 non
1483 1239 1660 1298 potest
1684 1243 1804 1283 esse
1841 1229 1942 1282 nisi
1967 1229 2115 1282 circa
2156 1225 2453 1294 appetitum
2487 1227 2599 1280 veri
2632 1229 2753 1281 boni
2785 1225 3121 1296 (quianonine
3154 1230 3379 1292 malum,

149 1297 253 1350 etsi
291 1295 595 1351 secundum
630 1295 830 1367 aliquid
866 1307 1125 1365 appareat
1179 1299 1401 1360 bonum,
1433 1295 1576 1355 unde
1625 1315 1689 1355 ex
1721 1299 1900 1366 aliqua
1943 1309 2101 1367 parte
2134 1300 2429 1366 appetitum
2466 1299 2693 1365 quietet,
2752 1300 2915 1351 habet
2957 1309 3135 1352 tanien
3183 1301 3384 1354 mullos

147 1367 423 1439 defectus.
455 1380 521 1439 ex
562 1366 764 1434 quibus
791 1368 1062 1435 appetitus
1093 1379 1341 1423 remanet
1376 1369 1652 1437 inquietus
1673 1379 1727 1424 et
1749 1368 2166 1439 perturbatur);
2197 1368 2340 1421 unde
2367 1383 2465 1436 pax
2513 1383 2644 1420 vera
2676 1383 2785 1422 non
2828 1377 3003 1439 potest
3037 1384 3158 1422 esse
3190 1371 3289 1422 nisi
3329 1371 3382 1425 in

152 1436 336 1502 bonis,
369 1445 426 1489 et
475 1437 776 1507 bonorum;
812 1452 910 1504 pax
945 1447 1126 1492 autem
1156 1454 1275 1506 qua:
1320 1436 1586 1494 malorum
1616 1452 1700 1494 est
1723 1436 1869 1504 {est
1911 1455 2013 1507 pax
2066 1452 2337 1506 apparens
2361 1477 2376 1498 ,
2413 1448 2472 1507 et
2521 1452 2628 1490 non
2663 1452 2810 1491 vera.
2843 1438 2994 1491 Unde
3037 1440 3239 1493 dicitur
3279 1440 3383 1492 Sa-

148 1508 322 1571 pient.
361 1521 475 1568 xiv,
510 1505 624 1559 2‘2:
658 1503 723 1558 In
752 1503 940 1576 magno
987 1503 1207 1561 viventes
1245 1510 1537 1563 inscientia!
1565 1511 1719 1573 bello,
1755 1518 1830 1563 tot
1861 1503 2046 1564 et'tam
2081 1503 2272 1577 magna
2312 1506 2451 1558 miihi
2483 1523 2661 1575 pacem
2709 1509 2996 1574 appellant.
3035 1507 3170 1561 Cum
3221 1511 3386 1576 igitur

149 1591 280 1656 vera
319 1592 424 1659 pax
458 1593 563 1630 non
596 1577 666 1659 sit
697 1577 796 1659 nisi
847 1578 913 1630 de
959 1578 1293 1659 bono,_siCiit
1340 1579 1628 1659 dupliciter
1653 1581 1897 1659 habetur
1928 1594 2111 1632 verum
2159 1580 2392 1659 honuni,
2437 1578 2651 1659 scilicet
2675 1582 2913 1659 perlecte
2938 1588 2991 1632 et
3038 1578 3381 1659 imperfecte.

150 1647 223 1700 ita
255 1645 432 1700 etiam
462 1657 546 1699 est
591 1645 786 1715 duplex
821 1662 924 1720 pax
957 1663 1104 1702 vera.
1137 1648 1250 1703 Una
1293 1645 1512 1718 quidem
1549 1650 1814 1720 perfecta,
1845 1664 1968 1719 quae
2018 1648 2287 1720 consistit
2314 1648 2363 1699 in
2413 1647 2647 1720 perfecta
2687 1648 2946 1702 l'rnitione
2995 1645 3194 1720 sumini
3230 1651 3379 1712 boni,

149 1732 247 1784 per
275 1731 665 1789 qiiaiu__oniii_es
690 1719 961 1789 appetitus
1004 1722 1286 1786 uniuntnr,
1319 1719 1558 1789 quietati
1583 1721 1633 1774 in
1671 1737 1814 1775 uno:
1863 1731 1920 1774 et
1947 1719 2035 1773 hic
2079 1729 2163 1789 est
2195 1719 2421 1770 ultimus
2468 1719 2590 1770 linis
2634 1729 2903 1789 creatura:
2937 1719 3258 1782 rationalis,
3300 1736 3389 1774 se-

149 1785 392 1859 cundum
428 1786 556 1859 illud
591 1785 789 1859 Psalmi
829 1802 1029 1847 chvn,
1065 1789 1171 1842 l4:
1209 1785 1310 1855 Qui
1337 1785 1510 1858 posuit
1539 1791 1670 1859 [inea
1701 1800 1817 1843 (nos
1845 1805 2047 1858 pacein.
2076 1788 2194 1859 Alia
2230 1803 2361 1840 vero
2389 1796 2468 1840 est
2504 1803 2605 1856 pax
2635 1786 2977 1855 imperfecta,
3004 1804 3124 1855 qua:
3155 1789 3390 1859 habetur

151 1856 201 1908 in
238 1858 343 1909 hoc
393 1857 630 1922 mundo;
661 1857 813 1925 quia,
849 1859 948 1912 etsi
997 1859 1317 1927 principalis
1341 1856 1548 1915 animai
1586 1871 1768 1915 motus
1799 1856 2042 1929 quiescat
2074 1859 2126 1911 in
2159 1858 2292 1921 Deo,
2324 1867 2452 1910 sunt
2489 1868 2668 1910 tamen
2695 1859 2800 1910 alia
2839 1858 3202 1928 repugnantia
3241 1859 3390 1914 intus

145 1936 203 1980 et
231 1939 391 1981 extra
423 1942 543 1995 qua:
574 1929 711 1980 hanc
753 1942 938 1995 pacein
972 1929 1310 1995 perturbant.

223 1995 438 2070 Itaque,
470 2005 529 2070 ut
560 2013 624 2051 ex
659 1997 727 2070 iis
755 2013 883 2070 quae
907 1999 1006 2052 hoc
1029 1999 1210 2070 capite
1241 2000 1492 2070 exposita
1531 2011 1683 2064 sunt,
1718 2001 1957 2055 breviter
1983 1999 2182 2053 divinae
2238 1999 2388 2067 pacis
2413 1998 2791 2070 proprietates
2825 1997 3181 2070 Cyparissioli
3210 1999 3392 2053 verbis

147 2067 452 2141 exdecade
480 2067 533 2130 5,
562 2083 680 2136 cap.
706 2069 758 2131 8,
787 2069 1122 2141 colligamus.
1162 2069 1256 2141 Est
1294 2067 1537 2138 quidem,
1571 2073 1770 2141 inquit,
1803 2087 1906 2140 pax
1956 2070 2160 2141 divina,
2185 2085 2305 2141 qua!
2336 2071 2549 2141 diversa
2579 2069 2748 2121 nectit
2784 2069 2834 2120 in
2874 2067 3056 2141 unum
3104 2068 3273 2141 (dicta
3305 2079 3392 2141 est

149 2139 299 2191 enim
331 2140 717 2206 congregatrix
745 2146 798 2191 et
826 2139 1130 2208 colligatrix
1164 2139 1374 2196 illorum
1423 2145 1586 2195 etiam
1634 2138 1754 2210 qua:
1802 2138 2035 2194 inaxiine
2079 2140 2280 2193 diversi
2329 2139 2547 2210 generis
2588 2148 2644 2210 et
2686 2148 2888 2210 natura:
2913 2139 3088 2210 sunt),
3114 2138 3281 2210 multa
3332 2139 3387 2191 in

151 2217 653 2282 temperamentum
680 2207 1060 2270 comniiscens,
1090 2225 1193 2282 non
1221 2213 1444 2282 confuse
1470 2207 1956 2282 neqne'periniste,
1992 2211 2087 2264 sed
2115 2207 2350 2282 servans
2373 2210 2422 2261 in
2452 2208 2681 2278 singulis
2705 2209 3094 2282 niiiversitates
3121 2207 3173 2282 in
3213 2223 3384 2282 unum

154 2279 355 2332 tuentis
401 2277 702 2345 simplicem
738 2291 1060 2345 conceptum
1098 2280 1330 2336 reducit.
1382 2280 1445 2335 Ut
1483 2277 1606 2335 cuin
1641 2277 1849 2346 album,
1887 2297 1943 2333 ν.
1989 2295 2043 2348 g.
2091 2290 2144 2333 et
2189 2280 2400 2348 nigrum
2433 2277 2767 2346 czeterasque
2813 2279 3021 2346 species
3074 2278 3385 2332 colorialin

150 2364 321 2401 unum
350 2359 672 2414 conceptum
696 2348 994 2417 simplicem
1025 2350 1221 2404 coloris
1245 2367 1398 2406 meus
1439 2355 1672 2413 reducit,
1705 2352 2117 2406 universitatem
2144 2349 2363 2417 generis
2406 2349 2459 2402 in
2495 2349 2574 2402 eis
2611 2359 2828 2412 servat;
2866 2363 3043 2417 neque
3078 2349 3222 2402 enim
3252 2356 3389 2402 coii-

150 2419 430 2491 venientia
467 2420 520 2470 in
559 2419 912 2476 universitate
953 2421 1170 2487 generis
1221 2423 1506 2476 confundit
1534 2424 1783 2491 species;
1837 2435 2014 2490 neque
2044 2422 2333 2491 diversitas
2383 2418 2583 2488 speciei
2637 2419 2776 2472 tollit
2824 2421 3272 2472 convenientiam
3333 2418 3388 2472 in

150 2489 536 2562 universitate,
567 2491 660 2562 sed
691 2491 803 2545 haec
834 2491 1121 2562 consensio
1152 2502 1205 2545 et
1234 2489 1582 2549 concentusa
1620 2509 1756 2562 pace
1783 2489 1969 2546 divina
2001 2490 2387 2559 proﬁciscitur.

221 2559 426 2633 Deinde
466 2558 580 2633 lucc
609 2561 791 2633 divina
818 2575 923 2633 pax
949 2561 1110 2613 veluti
1146 2564 1397 2618 unionem
1429 2558 1808 2633 multiplicium
1835 2573 1890 2617 et
1920 2558 2265 2633 diversarum
2293 2574 2485 2614 vocum
2509 2567 2846 2633 etsonorum
2882 2559 3060 2614 instar
3084 2569 3392 2614 concentus

145 2641 202 2685 et
240 2629 584 2700 symphoniae
615 2629 978 2698 pulcherrime
1012 2633 1252 2697 eniilicit,
1281 2634 1414 2687 nihil
1460 2650 1524 2688 ex
1578 2629 1728 2702 gravi
1786 2642 1879 2685 aut
1910 2640 2069 2685 acuto
2103 2631 2391 2684 demutans
2418 2669 2434 2693 ,
2483 2632 2579 2702 sed
2605 2634 2784 2699 potius
2831 2643 3058 2684 manent
3087 2636 3388 2684 secundum

148 2702 558 2774 naturanisine
585 2703 920 2774 confusione
962 2712 1227 2767 aptatam,
1259 2715 1319 2759 ut
1355 2701 1704 2774 ingeneretnr
1734 2703 2029 2772 copulatio,
2050 2702 2054 2705 ’
2078 2701 2680 2774 supraquam__cogit_a_ri
2718 2708 2914 2774 potest,
2944 2701 3232 2774 amatoriis
3260 2702 3388 2774 quit

151 2773 385 2824 busdam
423 2769 719 2837 illecebris,
761 2772 843 2825 vel
880 2773 1064 2825 nescio
1096 2775 1222 2840 quid
1266 2768 1505 2828 divinius
1549 2776 1748 2838 dicant,
1781 2768 1832 2826 in
1865 2775 2118 2824 unionem
2150 2776 2387 2823 redacta.
2421 2768 2496 2840 Ex
2522 2768 2727 2837 quibus
2754 2772 2812 2821 lit
2841 2771 3212 2835 manifestum,
3240 2771 3385 2838 quod

150 2858 280 2912 pax,
313 2850 369 2895 et
416 2842 750 2910 magnitudo,
786 2854 841 2897 et
871 2839 1130 2911 parvitas,
1166 2853 1218 2896 et
1247 2848 1428 2908 statio,
1464 2854 1516 2898 et
1565 2855 1763 2907 motus,
1820 2851 1874 2896 et
1921 2844 2060 2895 idem
2101 2857 2248 2901 esse,
2297 2851 2351 2912 et
2389 2839 2663 2912 diversum
2710 2855 2865 2912 esse.
2912 2849 2966 2892 et
3027 2841 3282 2902 similem,
3335 2847 3390 2892 et

149 2910 475 2966 dissimilem
524 2913 636 2965 bzee
692 2910 882 2967 omnia
911 2930 1014 2965 una
1045 2927 1148 2980 pax
1194 2927 1320 2969 sunt
1354 2920 1404 2968 in
1438 2916 1565 2969 Deo.
1602 2915 1810 2969 Idcirco
1839 2923 1892 2966 et
1920 2913 2008 2966 hic
2043 2921 2096 2964 et
2123 2912 2258 2963 alias
2279 2910 2428 2980 clare
2455 2910 2658 2980 dictum
2685 2919 2740 2962 et
2765 2910 3194 2963 demonstratum
3231 2919 3315 2962 est
3358 2929 3388 2962 a

156 2983 446 3051 Dionysio.
480 2983 585 3034 alia
619 2991 674 3036 et
713 2987 1016 3047 contraria,
1041 2978 1221 3036 omnia
1248 2990 1436 3040 eodem
1469 2987 1626 3040 niodo
1655 2998 1706 3038 et
1731 2986 1900 3050 unite,
1926 2993 1980 3035 et
2005 2982 2145 3033 nulla
2172 2978 2534 3050 duplicatione
2561 2979 2614 3032 in
2647 2979 2754 3034 Deo
2777 2996 2930 3047 esse;
2961 2990 3137 3034 tamen
3166 2983 3233 3034 ab
3271 2980 3390 3048 ipso

149 3056 418 3122 producta
445 3051 650 3105 variata
675 3070 814 3119 esse,
850 3055 920 3108 ab
956 3055 1084 3122 ipsis
1107 3058 1538 3111 emaiiationibns
1571 3057 1938 3109 diversitatem
1968 3065 2147 3106 nacta.

222 3124 322 3177 Est
355 3125 521 3192 igitur
572 3124 746 3189 Deus,
784 3135 840 3177 ut
868 3120 1020 3193 prins
1066 3124 1498 3181 demonstratum
1544 3137 1648 3190 est,
1698 3127 1839 3179 sicut
1885 3123 2214 3185 substantia,
2248 3135 2411 3189 quam
2447 3135 2625 3193 neque
2670 3120 2850 3193 verbis
2898 3121 3231 3191 exprimere,
3287 3135 3390 3174 nec

149 3195 362 3262 eloqui,
384 3191 497 3247 nec
527 3191 1206 3264 cogiioscerepossunius,
1235 3200 1314 3252 sic
1343 3199 1507 3251 etiam
1555 3197 1732 3250 divina
1764 3196 1883 3264 ejus
1910 3207 2052 3261 pax;
2085 3203 2367 3264 praeterea
2399 3191 2666 3259 sapientia
2723 3192 2842 3259 ejus
2885 3201 2941 3244 et
2985 3193 3092 3264 vita
3142 3194 3283 3264 ejus,
3335 3201 3389 3243 et

149 3261 494 3340 quascunque
532 3261 636 3340 alia
665 3261 935 3329 absoluta,
954 3276 1024 3340 et
1069 3281 1405 3336 quaecunque
1439 3284 1583 3320 nunc
1614 3269 1680 3340 _in
1715 3261 1824 3336 ipsa
1852 3267 2115 3340 videntur
2167 3263 2466 3340 secundum
2513 3265 2962 3340 contrarietatem
2996 3261 3201 3340 ell'erri.
3249 3261 3388 3314 Lau-

150 3333 350 3393 damus
377 3344 558 3389 autem
593 3335 732 3390 hanc
761 3338 1057 3389 secundum
1089 3333 1550 3406 participatioues
1580 3338 1698 3405 ejus
1735 3333 2041 3391 iiitelleCtas
2068 3344 2122 3385 et
2151 3334 2459 3406 nominatas
2484 3349 2499 3397 ;
2540 3334 2592 3406 id
2622 3344 2726 3396 est,
2749 3333 3040 3406 laudamus
3070 3335 3137 3406 ab
3170 3333 3235 3385 iis
3267 3347 3388 3406 quae

152 3407 597 3480 produxit,Aqua:
626 3409 725 3459 sub
764 3403 1171 3474 intelligentiam
1199 3403 1422 3472 iadunt,
1456 3421 1508 3461 et
1534 3403 1655 3480 qua:
1692 3409 1792 3462 sub
1822 3422 2067 3467 scnsuni,
2099 3405 2295 3472 quibus
2332 3419 2430 3480 nos
2465 3418 2530 3457 ex
2565 3403 2631 3456 iis
2657 3419 2776 3472 qua:
2817 3404 3069 3480 videntur
3103 3403 3390 3462 instructi.

151 3475 218 3533 ad
244 3477 635 3546 cogitationem
682 3493 1003 3545 magnorum
1034 3481 1298 3533 donorum
1340 3493 1456 3546 ejus
1490 3475 1831 3542 de'iluciniur,
1863 3480 2011 3546 ipsas
2042 3491 2137 3543 per
2170 3489 2229 3528 se
2279 3475 2527 3546 primum
2562 3483 2812 3546 actiones
2841 3475 3024 3546 animo
3058 3482 3341 3527 versantes
3372 3490 3386 3525 :

152 3560 212 3604 ut
241 3549 286 3601 si
319 3543 446 3616 cluis
483 3550 715 3618 primum
741 3543 1049 3602 creaturam
1082 3549 1163 3602 vel
1208 3543 1390 3604 mundi
1425 3553 1693 3603 lubricam
1723 3543 1898 3617 ipsain
1947 3562 2059 3618 per_
2088 3560 2148 3598 se
2190 3547 2414 3614 cogitet,
2449 3543 2594 3596 velut
2627 3545 2897 3618 actionem
2921 3543 3031 3618 _Dei
3076 3555 3131 3618 et
3182 3555 3392 3618 motum

151 3613 396 3680 intuens,
425 3613 620 3672 deinde
664 3634 972 3673 sermonem
1019 3621 1086 3672 ad
1131 3625 1393 3688 producta
1420 3631 1476 3674 et
1523 3631 1706 3674 creata
1746 3613 1976 3671 referat.
2023 3613 2386 3688 Consentiens
2418 3625 2597 3666 autem
2648 3629 2834 3688 secum
2880 3613 3022 3667 idem
3073 3615 3390 3684 Dionysius,

151 3688 314 3762 515
351 3691 496 3762 sicut
527 3691 581 3742 in
616 3689 756 3754 aliis,
794 3691 867 3742 ita
909 3700 963 3741 et
995 3686 1158 3755 nunc,
1193 3691 1414 3744 nomina
1446 3693 1600 3759 ponit
1627 3706 1750 3743 cum
1777 3687 2468 3757 adjunCtionedelinieute,
2505 3699 2604 3752 per
2636 3701 2695 3739 se
2731 3686 2876 3748 vitae,
2908 3696 3041 3750 etc.,
3076 3700 3223 3753 quae,
3266 3700 3393 3752 quia

151 3761 315 3823 supra
344 3761 620 3828 explicata
653 3769 800 3816 sunt.
833 3776 936 3814 non
973 3763 1287 3828 repetimus.

221 3822 250 3904 ς
289 3831 375 3886 Vl.
418 3822 558 3895 Quid
591 3831 843 3904 appellem
878 3845 971 3899 per
993 3822 1053 3904 ἑὲ
1101 3846 1232 3894 esse,
1265 3841 1376 3904 etc.
1416 3829 1562 3904 Fide
1601 3845 1723 3904 qua
1761 3828 2011 3904 superius
2045 3843 2166 3904 cap.
2196 3825 2254 3889 5.
2305 3824 2337 3904 ᾖ
2373 3823 2437 3885 4,
2469 3826 2524 3878 in
2577 3822 3024 3904 adnotationibus
3063 3826 3204 3904 dicta
3243 3833 3393 3902 sunt.

153 3895 250 3959 llic
296 3913 507 3955 tantum
563 3895 790 3954 observa
836 3895 958 3954 eum
993 3899 1262 3957 Turriano
1292 3903 1360 3956 ad
1403 3895 2035 3970 Cyparissiotzefdeead.
2068 3895 2127 3964 8,
2157 3913 2278 3966 cap.
2303 3895 2560 3970 5,_quam
2611 3895 2945 3970 ingeniose,
2971 3913 3090 3962 qua:
3145 3897 3298 3970 lflato
3339 3897 3392 3945 in

149 3976 353 4031 Timwo
381 3981 436 4026 et
470 3970 783 4024 Parmenide
825 3972 1045 4040 scripsit
1080 3975 1147 4027 de
1188 3966 1622 4040 spemebus'sive
1664 3973 1798 4025 ideis
1829 3970 2104 4035 ingenitis,
2134 3984 2194 4040 et
2219 3970 2338 4020 sine
2364 3966 2588 4040 interitu
2619 3968 2908 4030 separatis,
2938 3968 3392 4040 iiniiiutabiliiius,

152 4059 346 4100 natura
379 4041 828 4105 consistentibus,
860 4035 1117 4111 tanquam
1151 4035 1516 4097 eﬂbetricibus
1554 4058 1735 4096 rerum
1769 4041 2151 4109 singulariuin,
2181 4036 2474 4111 Dionysius
2503 4039 2590 4087 tne
2624 4040 2950 4111 correxerit,
2985 4047 3039 4087 ct
3087 4035 3394 4111 traduxerit

150 4120 214 4171 ad
246 4129 443 4170 verum
488 4114 679 4179 dogma
709 4115 776 4166 de
807 4105 1112 4183 principiis,
1148 4131 1251 4167 non
1285 4129 1404 4182 quae
1428 4127 1608 4167 causae
1639 4127 1735 4182 per
1766 4128 1825 4165 se
1864 4105 2104 4163 cxistant
2125 4148 2140 4173 ,
2174 4123 2347 4183 neque
2373 4107 2482 4159 sint
2511 4122 2613 4183 non
2646 4107 2814 4183 laeta,
2846 4111 2938 4158 sed
2984 4121 3104 4183 quae
3153 4105 3394 4183 habeant

150 4190 200 4241 in
235 4186 398 4240 nobis
443 4173 1176 4254 esse-tantum.iiitelngib’ile
1206 4196 1262 4238 et
1291 4173 1693 4237 i'ininutabile'a
1744 4182 1852 4254 Deo
1885 4196 2138 4254 manans,
2193 4173 2411 4254 sintque
2451 4176 2610 4228 veluti
2648 4176 2837 4227 l'oiina-
2876 4173 3391 4254 tltlwddllthllllelll-

149 4259 371 4327 gibiles,
414 4256 630 4327 ratione
686 4265 890 4306 tantum
923 4271 951 4306 a
1003 4245 1164 4308 nebus
1207 4257 1338 4324 ipsis
1375 4265 1661 4322 separatae.
1699 4253 1852 4327 Quod
1884 4253 2028 4327 enim
2079 4260 2163 4304 est
2224 4248 2521 4315 singulare,
2559 4255 2832 4324 posterius
2882 4255 2967 4299 est
3002 4245 3388 4327 intelligentia,

147 4316 292 4397 quod
320 4316 551 4392 intelligi
577 4341 683 4377 non
715 4335 892 4394 potest
915 4340 1032 4378 sme
1060 4316 1351 4393 ιιι-ωτιύυδ,
1384 4316 1505 4394 qna:
1540 4316 1952 4397 suntq’uidquid
1987 4332 2065 4372 est
2088 4333 2290 4388 spee.e.
2317 4326 2371 4370 et
2400 4333 2608 4397 species
2632 4319 2775 4384 ipsae,
2802 4333 2929 4397 quae
2958 4335 2986 4369 a
3020 4316 3391 4397 singuiaribus

149 4387 583 4468 participantur,
607 4406 662 4468 et
694 4387 842 4468 prius
871 4411 993 4449 esse
1027 4387 1226 4450 habent
1252 4387 1546 4450 secundum
1580 4387 1881 4448 notinnein.
1907 4389 2021 4468 Non
2055 4387 2200 4444 enim
2241 4399 2384 4442 esset
2411 4391 2501 4439 hic
2533 4390 2696 4468 hoino
2736 4403 2788 4439 tn
2822 4391 3064 4452 notione,
3101 4388 3202 4465 nisi
3229 4387 3390 4464 hoino

147 4460 376 4539 Spemes'
394 4469 515 4536 ejus
544 4460 950 4536 prius-haberet
983 4482 1105 4521 esse
1135 4467 1507 4535 intelligibile;
1553 4481 1728 4533 neque
1769 4470 1932 4520 homo
1960 4466 2239 4539 diceretur
2266 4475 2389 4512 esse
2412 4460 2710 4539 secundum
2762 4469 3062 4539 notionem,
3098 4462 3203 4536 nisi
3237 4460 3390 4539 prips

149 4525 473 4593 li'nmanitas
499 4525 725 4592 haberet
757 4553 878 4590 esse
909 4539 1282 4605 intelligibilc;
1310 4525 1440 4592 ‘lizec
1472 4525 1617 4590 enim
1638 4525 1888 4589 continet
1909 4539 2051 4605 quod
2080 4535 2210 4600 quid
2240 4541 2324 4605 est
2348 4531 2550 4605 speciei
2573 4530 2832 4605 hominis.
2861 4529 3131 4605 Similiter
3165 4529 3218 4578 in
3259 4525 3390 4605 reli-

145 4628 292 4678 quis.
322 4607 443 4662 Non
480 4618 626 4662 esset
673 4611 789 4664 lucc
824 4610 929 4660 vita
965 4610 1016 4661 in
1061 4598 1279 4661 inotioiie
1305 4617 1400 4660 aut
1441 4609 1555 4661 haec
1580 4607 1903 4668 similitudo,
1926 4598 2231 4678 uiisiesset
2269 4602 2478 4678 vitaet
2509 4601 2811 4652 similitudo
2846 4598 3389 4678 universeconside-

152 4670 270 4734 nata
296 4699 312 4748 ;
343 4696 444 4733 nec
474 4681 573 4733 ista
607 4694 770 4744 esset,
807 4680 906 4732 nisi
937 4689 1081 4732 esset
1109 4680 1258 4747 prius
1293 4687 1596 4733 secundum
1626 4691 1899 4729 notionem
1934 4674 2234 4748 quodquid
2269 4682 2350 4723 est
2382 4670 2551 4748 ipsius
2581 4681 2705 4748 vita:
2735 4678 2786 4748 et
2829 4670 3229 4728 similitudinis,
3266 4679 3388 4732 quae

151 4741 392 4806 vocatur
433 4749 540 4802 vita
574 4741 896 4817 simpliciter
921 4761 977 4803 et
1001 4741 1296 4804 similitudo
1323 4749 1661 4816 simpliciter,
1697 4761 1814 4799 sive
1842 4761 1936 4813 per
1960 4761 2018 4796 se
2038 4745 2156 4817 vita
2187 4753 2243 4795 et
2269 4756 2364 4817 per
2390 4755 2461 4817 se
2482 4741 2809 4817 similitudo.
3195 4805 3224 4817 ν
3271 4806 3281 4816 .

218 4769 392 4806 υίιιιιι·
433 4769 540 4802 vua
574 4769 674 4804 Sllll
721 4769 896 4804 Ιιυιωι·
921 4769 977 4803 ει
1001 4769 1296 4804 διιιιιιιιυυο
1323 4769 1661 4816 SllllpllCltcl',
1697 4769 1814 4799 Si“:
1842 4769 1936 4813 νει*
1960 4769 2018 4796 ac
2051 4769 2156 4795 tua
2187 4769 2243 4795 σι
2269 4769 2353 4808 γει
2402 4769 2461 4792 δυ
2482 4769 2809 4796 θιιιιιιιιιιυυ.
3218 4807 3224 4813 Ι

218 4825 438 4876 Dicitur
466 4831 647 4875 autem
679 4769 822 4876 Betis
846 4838 1009 4890 supra
1044 4824 1219 4891 ipsum
1263 4836 1362 4889 per
1398 4833 1643 4891 seAesse,
1670 4829 1940 4891 quatenus
1972 4815 2178 4891 scilicet
2202 4829 2233 4891 a
2277 4811 2433 4864 nobis
2461 4811 2690 4878 cogitari
2735 4818 2934 4879 potest.
2970 4805 3383 4891 Sicut-dieitur

146 4893 314 4945 ctiam
353 4892 500 4946 Deus
536 4908 655 4946 esse
685 4909 847 4961 supra
877 4887 1169 4954 υέυιιιξὼς
1201 4887 1346 4961 ἡμᾶς
1379 4888 1596 4951 εἰδέναι,
1632 4905 1688 4940 ui
1711 4890 1787 4939 ait
1819 4887 2125 4953 Dionysius,
2161 4889 2210 4936 id
2236 4895 2316 4937 est
2348 4893 2647 4960 secundum
2682 4892 2922 4961 nostrain
2959 4887 3335 4961 cogiiittoiieiii
3367 4894 3381 4940 ;

148 4979 314 5029 supra
362 4963 534 5014 Deum
561 5003 576 5027 ,
611 4947 827 5032 inquam
852 5003 866 5025 ,
914 4979 1012 5032 per
1051 4947 1549 5032 partic'i'paiioiieni,
1579 4947 1742 5027 queui
1777 4962 1828 5010 in
1860 4947 2128 5009 creaturis
2156 4954 2563 5032 cognoscimus,
2591 4953 2742 5029 “sicut
2793 4956 3059 5021 scriptum
3087 4957 3173 5032 est
3199 4964 3232 5032 ᾖ
3275 4947 3386 5016 Ego

146 5023 262 5085 deri
285 5050 304 5086 :
328 5033 418 5086 Dii
452 5023 654 5098 euisd;
684 5023 766 5087 'sie
798 5023 960 5088 etiai'ii
989 5023 1073 5087 est
1103 5023 1276 5088 bonus
1315 5049 1478 5101 supra
1510 5023 1811 5083 bonitatem
1831 5069 1844 5092 ,
1875 5043 1996 5096 qua:
2021 5047 2049 5078 a
2089 5027 2246 5079 nobis
2274 5025 2325 5077 iii
2363 5024 2633 5101 creaturis
2665 5035 2920 5101 cognosci
2963 5030 3167 5090 potest.
3197 5023 3386 5086 Itaque

146 5106 372 5173 proprie
395 5113 452 5156 et
492 5120 590 5172 per
621 5092 680 5160 se
707 5121 828 5158 esse
859 5106 926 5158 de
954 5117 1208 5160 creatura
1238 5092 1444 5157 dicitnr
1477 5115 1532 5156 et
1559 5105 1626 5155 de
1658 5101 1791 5173 Deo,
1827 5092 1922 5154 sed
1952 5101 2253 5173 .cquivoee,
2281 5108 2338 5173 ut
2369 5098 2565 5173 bonus,
2597 5103 2653 5146 et
2681 5092 2850 5148 Deus.
2967 5163 2978 5172 θ
3275 5159 3285 5170 .

221 5167 282 5228 5.
316 5167 589 5229 Maximus
615 5179 665 5230 iu
693 5176 956 5229 Centuriia
993 5179 1326 5245 theologicae,
1359 5185 1502 5229 cent.
1535 5187 1572 5239 ι,
1597 5189 1709 5240 cap.

1916 5175 1969 5226 l5.
2014 5167 2129 5220 Non
2155 5181 2260 5233 est,
2302 5170 2495 5233 inquit,
2529 5167 2669 5218 Deus
2709 5167 3041 5228 substantia,
3071 5167 3381 5245 qtlzensiui-

150 5245 368 5316 pliciter
396 5257 490 5298 aut
519 5253 753 5310 quodam
798 5256 955 5300 modo
1001 5236 1224 5312 dicitur,
1261 5236 1349 5300 ubi
1395 5254 1450 5297 et
1480 5236 1803 5314 principium
1836 5255 1954 5309 est;
2001 5256 2174 5308 neque
2219 5250 2464 5316 potestas
2486 5246 2543 5285 ut
2571 5244 2846 5316 potestas,
2889 5251 3008 5304 qua:
3053 5236 3386 5316 simpliciter

149 5305 244 5370 aut
269 5318 509 5386 quodam
538 5305 702 5371 modo
735 5319 956 5380 dicitur,
992 5321 1080 5370 ubi
1108 5329 1162 5371 et
1210 5305 1444 5373 niediuin
1474 5305 1590 5380 est;
1630 5305 1731 5368 nec
1772 5329 1911 5381 opus
1941 5305 2000 5366 ut
2041 5305 2372 5380 opum—quod
2424 5306 2746 5386 simpliciter
2795 5317 2890 5359 ant
2926 5306 3168 5386 quodam
3222 5305 3388 5386 modo

149 5379 380 5459 dicitur,
415 5388 506 5441 ubi
539 5398 594 5440 et
623 5390 744 5442 linis
776 5396 860 5441 est
897 5379 1076 5443 motus
1115 5391 1167 5459 ip
1185 5391 1289 5444 ,ius
1323 5379 1979 5459 substantiaesecti—udum
2023 5379 2322 5452 potentiam
2370 5379 2518 5447 prius
2541 5385 2810 5444 cogitatae,
2843 5379 3126 5459 sedntdem
3156 5379 3270 5459 ipse
3303 5383 3389 5425 est

147 5469 205 5512 et
256 5447 582 5512 substantiae
611 5459 836 5513 ell'ector
864 5469 920 5511 et
947 5475 1108 5526 supra
1134 5447 1524 5515 'substantiain
1549 5498 1564 5523 ,
1593 5456 1928 5524 clleetorque
1960 5447 2214 5526 potentia:
2254 5462 2329 5528 et
2358 5463 2522 5527 Supra
2564 5459 2917 5528 p0l9.|!llaltti.
2947 5447 3179 5528 “mli”:
3223 5455 3390 5514 “tu”

153 5532 255 5593 vis,
288 5539 344 5583 et
376 5531 705 5583 immortalis
736 5530 962 5583 facultas
987 5522 1167 5586 omnis
1195 5535 1524 5593 ellicientuc,
1551 5522 1627 5593 et,
1659 5538 1718 5580 ut
1750 5522 1987 5582 Μένηεὲ
2018 5527 2217 5588 dicain,
2255 5522 2530 5591 principii,
2559 5522 2721 5573 medii
2749 5532 2802 5572 et
2829 5522 2952 5574 linis
2981 5526 3192 5569 auctor.

226 5600 324 5657 Ubi
360 5611 490 5654 nota
520 5616 585 5655 ex
613 5600 883 5654 'l'urriano
912 5617 1072 5672 supra
1103 5614 1294 5672 citato,
1324 5607 1688 5658 "substantiam
1718 5601 2061 5670 simpliciter,
2093 5611 2214 5651 esse
2240 5595 2600 5650 subsantiant
2633 5594 2912 5647 abstracte
2943 5594 3371 5652 consideratam,

292 5798 317 5835 ά
352 5794 496 5851 Psal.
535 5809 719 5860 Lxxn,
759 5795 810 5847 6.
