3768 6360
176 365 277 423 96!

740 369 828 422 DE
862 368 1109 423 DiVlNlS
1140 368 1280 424 NUM
1311 369 1535 432 NIBUS.
1568 370 1718 426 CAP.
1745 370 1839 425 XI.
1861 370 2281 428 -—PARAPIIIL
2325 371 2787 429 PACHYMERAS.

3324 378 3432 435 962

172 482 482 552 ἁφθεγξίαν
514 483 700 548 καλεῖ,
739 485 815 547 ὡς
849 485 1203 555 σιωπωμένην
1250 485 1343 538 καὶ
1378 485 1632 555 κρυφίαν·
1666 502 1736 538 κα

1865 488 1916 541 id
1939 489 2083 556 quod
2111 503 2139 540 a
2176 488 2284 541 Deo
2311 487 2627 541 destitutum
2669 500 2776 549 est.
2811 489 3040 545 informe
3069 489 3128 545 lit
3151 505 3203 546 et
3237 508 3433 562 expers

173 572 474 644 ἀκινησίαν
517 573 636 644 μὲν,
677 573 790 626 ἀλλ’
828 577 920 628 ἐπὶ
951 577 1130 627 πᾶσαν
1168 575 1380 646 κίνησιν
1423 574 1758 644 γινωσκομέ-

173 681 296 737 νην·
333 663 474 737 αὕτη
523 667 631 737 γάρ
672 668 818 719 ἐστιν
859 666 992 738 ήτὰ
1037 667 1212 720 πάντα
1256 668 1636 739 εἰδοποιήσασα
1663 669 1759 722 καὶ

173 760 473 828 κινήσασα,
507 758 603 830 ὅλη
637 759 748 831 γὰρ
777 759 874 832 ὅλῃ
908 761 1070 831 ἑαυτῇ
1107 761 1471 832 ὑπερήνωται,
1507 762 1600 814 καὶ
1631 762 1758 814 ἑαυ-

168 851 272 920 τὴν
308 851 854 918 πολλαπλασιάζουσα
880 857 999 916 ταῖς
1043 853 1165 908 καθ’
1195 856 1425 907 ἕκαστον
1456 855 1757 926 εἰρηναίαις

169 941 450 1013 προόδοις,
503 943 624 995 οὐδέ
669 959 797 995 ποτε
843 944 941 1014 τήν
992 944 1188 1015 ἑαυτῆς
1227 944 1431 997 ἑνιαίαν
1475 945 1757 998 ἀπολείπει

167 1033 478 1104 ἁπλότητα.
514 1035 648 1104 Περὶ
691 1034 893 1106 ταύτης
923 1035 1103 1088 τοίνυν
1147 1034 1268 1088 οὕτε
1323 1037 1494 1088 είπεῖν
1527 1034 1638 1088 οὔτ’
1672 1037 1757 1090 ἑν·-

167 1125 368 1194 νοῆσαι
403 1125 436 1196 ἢ
469 1126 692 1178 δυνατὸν
725 1127 756 1196 ἢ
801 1125 1041 1196 Θεμιτὸν,
1073 1126 1206 1179 ἀλλά
1237 1125 1440 1196 ταύτην
1471 1127 1546 1189 ὼς
1578 1126 1756 1195 ἀγνω-

169 1233 300 1269 στον
335 1216 422 1270 ἐπ’
457 1216 623 1287 αὐτὴν
651 1217 936 1281 ἀναθέντες
958 1257 971 1281 ,
1014 1218 1113 1282 τὰς
1141 1220 1203 1272 ἑν
1232 1220 1352 1282 ταῖς
1383 1217 1624 1289 Γραφαῖς
1659 1219 1755 1288 ρη-

163 1308 362 1372 Οείσας
387 1309 584 1380 νοητὰς
620 1311 905 1379 μετουσίας
936 1310 1123 1379 αὐτῆς,
1157 1309 1234 1373 ὡς
1279 1309 1499 1363 δυνατὸν
1543 1308 1753 1380 ἀνθρώ-

163 1417 317 1463 ποις,
354 1400 388 1471 ἢ
423 1401 622 1471 μᾶλλον
669 1404 781 1464 τοῖς
812 1401 1078 1455 κάκείνων
1108 1401 1553 1472 ἀπολειπομένοις
1597 1402 1747 1472 ἡμῖν,

167 1491 355 1562 σκοπή
364 1507 441 1542 σω
448 1507 564 1560 μεν.

1812 591 1814 593 ‘
1866 576 2308 644 pulchritudinis.
2367 575 2441 629 De
2505 577 2609 630 hac
2666 579 2828 648 igitur
2875 580 3059 633 divina
3124 596 3256 651 pace
3303 584 3432 651 quid

1868 666 2091 720 tandem
2123 666 2215 731 sit,
2246 667 2429 721 dicere
2452 667 2685 736 refugit;
2714 669 2972 737 quoniam
2999 671 3139 725 banc
3170 675 3338 725 etiam
3379 673 3432 727 in

1865 757 2019 810 Actis
2049 755 2066 794 ί
2102 755 2289 811 Justus
2314 797 2327 820 ,
2365 773 2521 826 quem
2554 770 2608 812 et
2641 757 2802 814 Josen
2843 764 3199 818 nominabant
3227 764 3432 832 ἀφθεγο

1859 846 1981 912 ξίαν
2011 857 2185 908 vocat,
2223 848 2420 918 quippe
2453 849 2702 905 silentem
2735 861 2788 906 et
2817 854 3124 920 occultam;
3153 865 3207 910 et
3239 856 3432 910 immo-

1859 937 2124 992 bilitatem
2149 941 2388 1008 quidem.
2411 941 2508 995 sed
2539 944 2605 995 ab
2623 945 2769 998 omni
2799 956 2946 999 motu
2970 947 3428 1017 coguoscibilem;

1861 1027 1975 1083 haec
2004 1029 2148 1083 enim
2179 1040 2262 1085 est
2299 1046 2416 1099 qua:
2464 1031 2722 1088 informat
2766 1045 2820 1090 et
2856 1050 3039 1092 movet
3083 1040 3288 1103 ninnia,
3322 1049 3428 1094 tota

1857 1121 2004 1173 enim
2031 1120 2132 1174 sibi
2166 1117 2263 1175 to'ti
2291 1126 2679 1191 superunitur;
2711 1135 2910 1180 etcum
2941 1131 3292 1196 semetipsam
3319 1130 3433 1184 sin-

1860 1210 2003 1279 gulis
2036 1212 2278 1281 paciﬁcis
2305 1216 2749 1281 proccssionibus
2773 1219 3120 1288 multiplicat,
3149 1236 3427 1291 nunquam

1856 1302 2016 1372 517
2049 1314 2230 1358 tamen
2263 1307 2477 1360 unicam
2509 1308 2652 1360 illam
2685 1325 2840 1362 suam
2875 1311 3282 1380 simplicitatem
3338 1315 3431 1366 de-

1855 1399 2012 1450 serit.
2048 1397 2120 1450 De
2153 1397 2254 1449 bac
2291 1399 2473 1465 itaque
2523 1414 2700 1467 neque
2729 1402 2944 1468 dicere,
2979 1421 3156 1474 neque
3187 1406 3432 1475 cogitare

1853 1486 2147 1555 quidquam
2176 1487 2258 1540 fas
2279 1497 2360 1541 est
2379 1488 2458 1542 vel
2478 1491 2764 1558 possibile;
2791 1498 2882 1548 sed
2908 1495 3046 1549 hanc
3078 1506 3330 1566 tauquam
3375 1500 3428 1553 in

167 1598 232 1638 se
286 1587 532 1652 ignotam
574 1591 939 1650 enarrantes,
994 1583 1338 1641 intelleclilcs
1403 1585 1520 1653 ejus
1564 1581 2009 1650 participatioues
2063 1579 2117 1633 in
2175 1580 2474 1650 Scripturis
2519 1585 2838 1652 recensitas,
2895 1589 3072 1656 quoad
3114 1589 3430 1648 hominibus

166 1673 256 1728 vel
286 1675 470 1743 potius
515 1673 669 1727 nobis
718 1674 838 1728 aliis
870 1674 1224 1731 inferioribus
1250 1717 1266 1740 ,
1315 1678 1573 1744 possibile
1604 1686 1726 1738 est,
1755 1673 2192 1728 consideremus.

243 1763 272 1835 §
312 1765 380 1818 li.
429 1763 650 1833 Πρῶτον
693 1763 875 1817 τοίνυν
921 1764 1185 1839 λέγομεν,
1220 1769 1299 1820 ὅτι
1331 1769 1365 1838 ὴ
1399 1767 1518 1821 Θεία
1562 1767 1737 1836 ἐκείνη

1921 1763 1948 1835 §
2008 1763 2071 1816 ll.
2129 1761 2372 1818 Primum
2435 1767 2619 1834 itaque
2687 1767 2917 1824 dicimus
2989 1769 3226 1825 divinam
3280 1772 3427 1829 illam

163 1856 368 1926 εἰρήνη
401 1857 435 1926 ή
468 1855 772 1925 ἀφθεγκτος
816 1855 915 1925 τῆς
966 1856 1320 1932 αὑτοειρήνης
1345 1860 1492 1913 ἐστὶν
1516 1858 1750 1912 ὑποστά-

162 1964 287 2011 τις,
317 1949 461 2002 κατά
493 1953 618 2016 τοὺς
648 1953 839 2022 λόγους
870 1953 993 2008 καθ’
1026 1953 1120 2016 οὓς
1154 1952 1412 2023 ἐλέγομεν
1445 1950 1750 2023 ἔμπροσθεν

162 2039 306 2109 περὶ
337 2040 438 2108 τῆς
471 2041 767 2112 αὐτοζωῆς.
805 2043 972 2115 Ὅλην
1004 2043 1058 2096 δὲ
1091 2042 1213 2095 καθ’
1245 2043 1475 2095 ἑκαστον
1527 2042 1750 2113 είρήνην

162 2127 324 2195 λέγει
379 2129 543 2200 ὅλην,
580 2132 701 2185 καθ’
734 2133 802 2203 ἥν
847 2135 915 2187 τά
963 2135 1138 2186 πάντα
1185 2132 1472 2200 συνάγεται
1493 2171 1509 2194 ,
1543 2133 1637 2184 καὶ
1669 2133 1749 2194 είς

138 2219 308 2288 -μίαν
358 2219 543 2288 ἔφεσιν
588 2222 923 2278 ἀνατείνεται
972 2223 1346 2294 μεμερισμένα
1375 2225 1494 2284 ταῖς
1526 2221 1748 2290 φύσεσιν

165 2309 305 2363 ὄντα
331 2327 344 2340 ·
381 2311 503 2364 καθ’
533 2312 764 2368 ἕκαστον
795 2316 870 2379 δὲ,
890 2315 1010 2368 καθ’
1044 2317 1108 2385 ἣν
1141 2313 1388 2378 ἕκαστον,
1423 2313 1521 2383 τὴν
1555 2312 1746 2365 ἑαυτοῦ

166 2403 404 2473 ἑνότητα
461 2401 759 2479 φυλάττον,
811 2407 870 2460 οὐ
917 2405 1186 2476 διακέεται
1231 2405 1368 2476 πρὸς
1413 2404 1619 2474 φθοράν
1652 2403 1747 2457 καὶ

166 2497 548 2574 ἀνυπσρξίαν,
584 2505 619 2559 ἀ
651 2502 714 2575 δὴ
748 2500 1000 2571 ἀνωτέρω
1032 2494 1182 2551 εἶπεν
1213 2499 1436 2567 ἄπειρον
1468 2497 1561 2550 καὶ
1592 2496 1745 2566 ἀόρι-

170 2610 323 2646 στον.
361 2595 669 2666 Σημείωσαι
701 2596 778 2651 δὲ.
811 2592 894 2644 ὅτι
940 2591 1009 2644 τὰ
1046 2591 1141 2660 μὲν
1183 2590 1279 2643 ὅλα
1325 2589 1515 2641 ἕνωσιν
1564 2587 1747 2655 λέγον-

163 2705 261 2742 ται
298 2689 443 2758 ἔχειν
477 2687 612 2760 πρὸς
645 2686 884 2757 ἄλληλα,
931 2681 990 2734 τὸ
1029 2681 1086 2734 δὲ
1137 2682 1195 2735 ἓν
1239 2681 1374 2752 πρὸς
1425 2680 1585 2732 ἑαυτὸ
1627 2680 1744 2732 ἑνό-

163 2795 314 2849 τητα
336 2794 349 2806 ·
388 2777 481 2831 καὶ
511 2776 571 2830 τὸ
607 2775 704 2848 μὲν
736 2775 814 2837 ἓν,
853 2769 1344 2841 συγκρατούμενον,
1380 2770 1438 2822 οὐ
1473 2768 1744 2838 διακέεται

165 2869 312 2939 πρὸς
343 2868 406 2920 τὸ
436 2869 678 2940 ἄπειρον,
712 2867 780 2920 τὰ
812 2867 870 2920 δὲ
899 2863 1016 2926 ὅλα,
1043 2861 1538 2932 συγκεραννύμενα,
1571 2859 1743 2929 ἀσύγ-

167 2978 314 3032 χυτα
349 2960 617 3032 μένουσιν.
666 2960 728 3012 El
759 2957 869 3030 γάρ
903 2955 996 3008 καὶ
1026 2953 1095 3007 τά
1129 2955 1365 3024 στοιχεῖα
1388 2992 1402 3016 ,
1439 2953 1606 3023 φησὶ,
1642 2953 1742 3024 τὴν

165 3051 312 3123 πρὸς
360 3049 562 3120 ἀλληλα
609 3048 923 3120 συμπλοκὴν
956 3044 1050 3096 καὶ
1085 3043 1227 3114 μίξιν
1259 3042 1558 3113 ἀδιαίρετον
1590 3041 1743 3112 ἔχου-

168 3160 257 3196 σιν
281 3183 296 3206 ,
332 3141 446 3194 ἀλλ’
479 3143 627 3212 ὅμως
677 3139 734 3194 αί
781 3138 986 3192 τούτων
1032 3134 1312 3204 ποιότητες
1342 3133 1437 3204 τὴν
1470 3132 1746 3204 ἀκρότητα

167 3233 386 3287 ἑαυτῶν
427 3233 488 3284 οὐ
522 3231 1023 3303 παραπολλύουσιν,
1058 3222 1168 3279 οἷον
1211 3226 1273 3278 τὸ
1303 3224 1521 3296 θερμὸν,
1555 3225 1616 3277 τὸ
1647 3224 1743 3294 ξη-

172 3325 291 3396 ρὸν,
330 3324 426 3376 καὶ
456 3323 524 3376 τὰ
556 3321 715 3376 λοιπὰ
739 3362 755 3386 ,
788 3324 848 3375 ἑν
875 3321 944 3389 τῇ
975 3319 1082 3371 τῶν
1115 3317 1422 3388 ἑτεροειδῶν
1453 3316 1645 3387 κράσει
1675 3319 1742 3388 τῇ

167 3421 228 3472 ἑν
261 3418 341 3489 τῷ
374 3417 538 3472 παντὶ
570 3417 931 3490 θεωρουμένῃ.
967 3413 1177 3482 Κρᾶσιν
1209 3411 1318 3482 γάρ
1359 3409 1592 3464 ἐνταῦθα
1622 3427 1746 3482 νοη-

165 3512 290 3564 τὲον
323 3510 385 3563 οὐ
420 3509 518 3580 τὴν
548 3508 623 3572 ὡς
655 3509 746 3562 ἐπὶ
774 3507 885 3560 τῶν
918 3503 1099 3575 ὑγρῶν
1133 3503 1348 3575 φύρσιν,
1370 3503 1468 3575 τὴν
1491 3503 1582 3557 καὶ
1605 3503 1744 3572 ἀφα-

167 3597 427 3661 νίζουσαν
475 3598 541 3651 τά
589 3597 957 3667 ὑποκείμενα,
1005 3593 1139 3645 ἀλλά
1183 3592 1283 3664 τήν
1317 3593 1616 3662 σύμπνοιαν
1648 3594 1744 3647 καὶ

168 3685 530 3757 ἀλληλουχίαν
576 3685 674 3756 τὴν
719 3687 777 3737 ἑν
824 3680 1060 3755 ἁρμονίᾳ
1106 3681 1476 3751 φυλάττουσαν
1505 3682 1572 3735 τὰ
1614 3684 1746 3752 ὑφε-

172 3777 375 3830 στῶτα.
426 3778 709 3848 Νοήσομεν
740 3775 868 3844 γοῦν
904 3773 1032 3846 μίαν
1076 3770 1194 3824 τινὰ
1242 3773 1419 3842 ἁπλῆν
1452 3775 1612 3826 οἱονεὶ
1644 3775 1745 3842 φύ-

171 3886 256 3922 σιν
289 3869 514 3940 εἰρήνης
546 3868 806 3938 ὲνθεωρου
815 3866 978 3937 μένην
997 3866 1110 3926 τοῖς
1130 3864 1314 3928 πᾶσιν,
1339 3863 1561 3916 ἐνοῦσαν
1583 3864 1748 3917 ἀπαν-

168 3975 267 4020 τας
313 3959 522 4028 ἑαυτῇ,
574 3956 668 4009 καὶ
701 3955 770 4008 τὰ
822 3956 998 4008 πάντα
1027 3953 1271 4024 ἀλλήλοις
1292 3993 1306 4017 ,
1343 3952 1436 4006 καὶ
1467 3953 1535 4007 τά
1568 3958 1744 4008 πάντα

170 4051 389 4112 ἑαυτοῖς
412 4089 427 4112 ,
462 4051 556 4103 καὶ
606 4049 1006 4118 φυλάττουσαν,
1043 4049 1134 4101 καὶ¹
1182 4047 1496 4118 ἀμιγῆκαὶ
1546 4065 1742 4115 συγκε-

169 4140 458 4212 κραμένα·
493 4140 667 4211 ἀμιγῆ
692 4181 707 4204 ,
741 4142 806 4209 τῇ
843 4139 947 4209 ίδίᾳ
979 4137 1205 4191 ἑκάστου
1239 4138 1513 4208 ποιότητι·
1551 4154 1745 4205 συγκε-

170 4231 423 4302 κραμένα
448 4271 462 4293 ,
497 4232 563 4301 τῇ
595 4230 731 4300 πρὸς
765 4229 963 4298 ἄλληλα
993 4228 1151 4302 μίξει.
1186 4228 1283 4280 Διά
1313 4227 1515 4299 ταύτην
1537 4229 1587 4280 oi
1613 4227 1744 4280 θεῖοι

166 4323 290 4385 νόες
344 4320 592 4373 ὲνοῦνται
644 4321 737 4372 καὶ
780 4322 899 4382 ταῖς
942 4320 1190 4389 νοήσεσιν
1238 4318 1444 4372 ἑαυτῶν
1493 4319 1586 4371 καὶ
1630 4321 1743 4381 τοῖς

1856 1871 2044 1926 pacem
2079 1854 2405 1910 inetiabilem
2453 1856 2621 1926 ipsius
2646 1873 2742 1926 per
2767 1873 2826 1914 se
2856 1861 3004 1929 pacis
3029 1878 3148 1917 esse
3181 1862 3421 1918 eli‘ectri-

1852 1962 1995 2010 cem,
2039 1944 2194 2012 juxta
2243 1946 2480 2000 rationes
2524 1949 2776 2017 superius
2813 1951 3010 2007 allatas
3046 1955 3112 2008 de
3152 1955 3264 2023 ipsa
3293 1957 3425 2015 vita.

1852 2038 2046 2093 Totam
2091 2049 2278 2092 autem
2330 2039 2596 2110 cujusque
2642 2057 2831 2111 pacem
2879 2054 3038 2099 vocat
3087 2045 3424 2116 universam,

1849 2139 2121 2197 quatenus
2157 2131 2337 2184 omnia
2367 2174 2381 2196 ,
2423 2146 2544 2201 quae
2591 2136 2808 2189 naturis
2854 2136 3024 2191 divisa
3080 2150 3228 2206 sunt,
3288 2156 3422 2195 con-

1850 2221 2123 2284 ciliantur,
2184 2232 2241 2276 et
2301 2224 2367 2276 ad
2437 2241 2601 2278 unum
2672 2227 3003 2281 desiderium
3071 2232 3421 2299 excitantur;

1850 2311 2276 2381 uniuscujusque
2332 2329 2498 2380 vero,
2552 2326 2821 2384 quatenus
2868 2320 3098 2390 quisque
3153 2324 3420 2378 unitatem

1847 2416 2002 2456 suam
2031 2418 2277 2470 servans,
2328 2405 2550 2458 minime
2581 2406 2772 2460 diilluit
2815 2409 2880 2460 ad
2915 2412 3320 2480 corruptionem
3365 2423 3424 2469 et

1848 2495 2153 2563 interitum,
2178 2515 2298 2566 qua:
2325 2498 2576 2567 superius
2606 2502 2818 2556 vocavit
2851 2503 3120 2559 inlinitum
3160 2517 3212 2561 et
3244 2508 3417 2563 inter-

1847 2588 2134 2643 minatum.
2197 2590 2331 2643 Nota
2359 2606 2506 2657 vero,
2543 2600 2652 2646 tota
2683 2594 2900 2661 quidem
2935 2597 3038 2650 dici
3080 2599 3147 2651 ad
3181 2599 3416 2654 invicem

1847 2676 2049 2730 habere
2101 2678 2539 2746 conjunctionem
2575 2719 2590 2744 ,
2642 2697 2810 2738 unum
2837 2700 3004 2751 vero,
3058 2687 3122 2740 ad
3180 2689 3418 2758 seipsum

1847 2766 2152 2830 unitatem;
2194 2777 2357 2838 atque
2395 2786 2557 2823 unum
2581 2774 2798 2840 quidem
2822 2787 3288 2846 contemperatum
3313 2796 3418 2836 non

1845 2856 2068 2912 dill‘undi
2101 2859 2151 2913 iu
2179 2860 2469 2926 infinitum,
2503 2873 2612 2916 tota
2633 2879 2760 2918 vero
2782 2868 3064 2922 commista
3094 2885 3311 2924 manere
3335 2872 3418 2926 iu-

1842 2947 2092 3002 caul'usa.
2127 2948 2182 3002 Si
2208 2950 2584 3020 enim,inquit,
2605 2951 2767 3005 etiam
2791 2954 3061 3009 elementa
3082 2958 3147 3010 ad
3181 2958 3414 3015 invicem

1846 3039 2235 3093 connexionem
2269 3049 2327 3095 et
2350 3041 2656 3096 mistionem
2683 3044 3008 3099 indivulsam
3037 3047 3256 3114 habent,
3275 3059 3418 3106 atta-

1848 3144 1968 3182 men
1993 3129 2184 3182 borum
2212 3130 2503 3197 qualitates
2532 3146 2658 3187 suas
2683 3137 3078 3199 extremitates,
3105 3153 3155 3190 v.
3186 3155 3240 3207 ε.
3265 3141 3416 3194 calo-

1843 3233 1982 3283 rem,
2020 3219 2344 3281 siccitatem,
2391 3233 2447 3276 et
2489 3232 2708 3288 czetera,
2747 3225 2966 3281 minime
3006 3229 3312 3296 deperduut
3354 3231 3407 3285 iu

1843 3308 2178 3364 diversarum
2198 3311 2499 3379 specierum
2527 3315 2937 3382 temperatione,
2952 3332 3071 3385 quae
3089 3318 3143 3372 in
3165 3320 3417 3376 uaiVerso

1842 3403 2204 3470 conspicitur.
2240 3401 2712 3472 Temperatinnem
2753 3416 2932 3461 autem
2964 3409 3066 3464 hoc
3103 3411 3226 3464 loco
3255 3411 3416 3468 inti-l-

1845 3489 2014 3562 ligere
2055 3503 2291 3562 oportet,
2329 3508 2434 3548 non
2478 3509 2598 3548 eam
2632 3511 2753 3565 qua:
2799 3499 2854 3551 iu
2885 3499 3120 3556 humidis
3153 3502 3231 3565 ﬁt,
3262 3519 3416 3558 coms

1847 3583 2180 3650 mistionem,
2200 3602 2316 3654 quae
2343 3595 2397 3642 et
2427 3587 2669 3654 subjecta
2702 3592 3035 3660 corrumpit;
3065 3595 3157 3648 sed
3186 3598 3403 3666 conspi-

1845 3677 2113 3732 rationem
2148 3690 2245 3733 :et
2291 3680 2453 3735 unius
2495 3682 2563 3734 ab
2611 3680 2783 3734 altero
2820 3683 3262 3750 dependentiam,
3296 3705 3419 3750 mue

1845 3764 1899 3817 in
1937 3779 2195 3836 compage
2223 3769 2460 3820 oustodit
2491 3785 2554 3822 ea
2583 3784 2706 3838 quae
2744 3774 3000 3828 subsunt.
3033 3773 3410 3842 [intelligemus

1846 3856 2030 3926 itaque
2071 3873 2233 3911 uuam
2277 3858 2566 3927 quamdam
2613 3861 2914 3928 simplicem
2947 3865 3103 3931 quasi
3161 3875 3411 3920 naturam

1842 3948 1994 4016 pacis
2040 3949 2093 4002 in
2143 3951 2399 4004 omnibus
2452 3952 2883 4016 consideratam,
2917 3955 3099 4008 omnia
3139 3955 3240 4008 sibi
3287 3956 3411 4025 ipsi,

1843 4050 1899 4095 et
1928 4041 2110 4094 omnia
2146 4041 2286 4096 inter
2313 4058 2390 4108 se,
2436 4051 2599 4112 atque
2646 4047 2830 4098 omnia
2877 4060 3063 4100 secum
3113 4046 3244 4115 ipsis
3277 4063 3412 4101 cou-

1836 4130 2186 4200 jungentem,
2254 4146 2355 4187 nec
2423 4148 2526 4186 non
2593 4133 2829 4187 immista
2890 4143 2947 4188 et
3007 4146 3411 4204 contemperata

1844 4232 2292 4289 conservantem;
2321 4225 2582 4289 immista,
2601 4226 2816 4296 pr0pria
2833 4227 3093 4296 cujusque
3107 4229 3409 4298 qualitate;

1842 4324 2275 4383 contemperata,
2309 4317 2376 4370 ad
2411 4315 2647 4370 invicem
2686 4318 2963 4372 mistione.
3012 4317 3116 4374 Per
3147 4321 3288 4375 hanc
3327 4323 3412 4376 di-

169 4413 485 4483 νοουμένοις
507 4428 520 4442 ⁸
562 4411 740 4465 νοοῦσι
769 4411 878 4482 γάρ
913 4412 1008 4464 καὶ
1038 4412 1260 4474 ἑαυτοὺς
1279 4451 1294 4476 ,
1329 4413 1422 4464 καὶ
1451 4412 1577 4474 τοὺς
1609 4413 1737 4464 ἑπα-

1846 4407 1984 4460 νὶιιω
2034 4417 2246 4461 mentes
2288 4407 2556 4463 uniunlur
2601 4423 2722 4462 cum
2767 4408 2882 4462 suis
2928 4410 3408 4476 intellectionibus,

169 4504 573 4574 ναϐεὸηκότας,
608 4503 702 4556 καὶ
733 4502 808 4555 ἑτι
840 4502 909 4555 τά
941 4503 1315 4574 ὑποδεέστερα.
1354 4504 1518 4555 Ὅταν
1549 4498 1642 4555 οὖν
1671 4502 1740 4555 τά

170 4598 384 4652 ἑαυτῶν
419 4597 681 4670 ἐνεργῶσι
704 4639 718 4662 ,
754 4599 846 4651 καὶ
878 4596 1101 4660 ἑαυτοὺς
1143 4595 1334 4657 νοῶσι,
1366 4599 1485 4658 ταῖς
1516 4595 1743 4658 οἰκείαις

172 4687 418 4741 ἑνοῦνται
451 4689 698 4758 νοήσεσιν
719 4704 732 4718 ⁸
769 4689 896 4740 ὅταν
947 4686 1003 4739 δὲ
1051 4685 1119 4737 τὰ
1169 4685 1577 4756 ὑπερϐεϐηκότα
1608 4684 1640 4755 ἦ
1673 4684 1742 4737 τά

172 4777 556 4849 ὑποϐεϐηκότα
607 4778 767 4833 νοῶσι
786 4819 800 4842 ,
833 4777 956 4831 τότε
1000 4775 1236 4828 ἑνοῦνται
1267 4778 1380 4839 τοῖς
1410 4775 1738 4845 νοουμένοις.

171 4870 246 4922 Τὸ
261 4868 372 4940 γὰρ
391 4869 545 4921 νοοῦν
569 4870 634 4939 τῇ
659 4868 856 4936 γνώσει
881 4866 1090 4920 ἑνοῦται
1117 4863 1194 4934 τῷ
1210 4866 1522 4932 γνωσθέντι,
1541 4866 1616 4928 ὠς
1647 4868 1742 4921 καὶ

170 4960 200 5010 ό
231 4959 445 5028 ἀγνοῶν
498 4959 847 5012 σκεδάννυται
869 4998 884 5022 ,
917 4958 978 5010 οὐ
1013 4954 1331 5010 καταλαὸὼν
1361 4955 1389 5008 ὃ
1425 4956 1498 5027 μὴ
1531 4957 1738 5027 ἐνόησε.

172 5052 325 5106 Μετὰ
357 5052 414 5104 δὲ
446 5050 647 5114 ταύτας
677 5049 775 5113 τὰς
797 5049 1014 5114 ὲνώσεις
1047 5049 1230 5119 (αἴπερ
1261 5047 1358 5099 οὐκ
1376 5047 1440 5100 ἃν
1473 5049 1738 5117 ἐγένοντο,

172 5140 220 5191 εί
245 5138 320 5208 μὴ
337 5138 580 5208 είρήνευε
605 5135 786 5200 καθὼς
808 5137 926 5190 καθ’
949 5137 1138 5189 ἑαυτὸν
1157 5138 1184 5188 ό
1203 5135 1357 5198 νοῶν,
1379 5138 1410 5208 ἢ
1437 5137 1540 5208 μὴν
1556 5139 1584 5189 ὁ
1606 5138 1740 5191 νοῶν

172 5229 311 5300 πρὸς
343 5230 412 5281 τά
446 5229 774 5301 νοούμενα),
808 5231 901 5283 ἐπὶ
934 5230 1031 5300 τὴν
1064 5230 1338 5299 ἄγνωστον
1383 5230 1596 5298 ἐκείνην
1646 5231 1742 5283 καὶ

176 5319 325 5374 Θείαν
370 5320 629 5388 ἀνάγεται
674 5324 932 5392 συναφήν.
983 5321 1148 5375 Πάλιν
1191 5322 1282 5374 ἐπὶ
1319 5321 1428 5374 τῶν
1460 5322 1742 5391 ἡμετέρων

175 5411 361 5482 ψυχῶν
395 5412 666 5482 ἐνδέχεται
699 5413 984 5484 εὑρεθῆναι
1008 5414 1190 5485 ἀμερῆ
1224 5415 1317 5468 καὶ
1349 5414 1508 5467 άῦλον
1533 5412 1737 5482 νόησιν,

176 5506 304 5558 ὅταν
335 5505 462 5567 τοὺς
494 5504 863 5569 παντοδαποὺς
899 5507 1187 5577 λογισμοὺς
1218 5509 1353 5579 πρὸς
1389 5507 1514 5578 μίαν
1547 5504 1738 5575 νοεράν

176 5596 523 5667 uenari”
555 5596 916 5666 συναγάγωσιο
966 5598 1078 5652 τότε
1110 5599 1218 5670 γὰρ
1247 5601 1339 5655 καὶ
1362 5599 1453 5653 ἐπὶ
1475 5597 1570 5669 τήν
1598 5597 1737 5668 ὑπὲρ

247 5779 268 5822 ¹
302 5779 423 5836 Act.
463 5794 500 5840 ι,
541 5777 631 5833 25.

1847 4507 1958 4551 tum
1993 4498 2154 4551 rebus
2186 4497 2486 4552 intellectis
2517 4515 2532 4553 :
2562 4498 2876 4568 intelligunt
2903 4503 3048 4553 enim
3083 4510 3138 4555 et
3177 4504 3409 4570 seipsas,

1844 4599 1899 4643 et
1926 4589 2259 4657 superiores,
2292 4600 2455 4660 atque
2483 4592 2710 4660 insuper
2741 4592 3022 4646 inferiora.
3049 4594 3277 4659 Quando
3312 4596 3409 4648 ita.

1845 4695 1952 4750 que
1983 4695 2104 4749 quae
2149 4695 2245 4734 sua
2280 4691 2432 4744 sunt,
2474 4693 2691 4745 curant,
2734 4691 2791 4736 et
2833 4683 3156 4750 semetipsas
3212 4683 3410 4736 intelli-

1843 4783 1998 4842 gunt,
2043 4772 2283 4840 propriis
2334 4774 2794 4828 iutellectiouibus
2844 4775 3141 4838 uniuntur;
3195 4777 3411 4842 quando

1842 4879 1974 4919 vero
2003 4864 2284 4931 superiora
2315 4864 2400 4918 vel
2436 4864 2698 4918 inferiora
2729 4864 3055 4931 intelligunt,
3090 4875 3218 4918 ttmc
3249 4866 3408 4919 rebus

1845 4955 2134 5010 intellectis
2168 4953 2596 5023 conjunguntur.
2640 4955 2791 5022 Quod
2823 4955 2966 5008 euim
2999 4955 3275 5026 intelligit,
3311 4971 3409 5026 per

1843 5049 2210 5118 cognitionem
2249 5047 2327 5100 rei
2359 5047 2591 5114 cognita:
2634 5045 3016 5114 conjungitur;
3063 5048 3206 5100 sicut
3240 5051 3404 5101 etiam

1843 5139 2100 5210 ignorans
2118 5138 2391 5202 dividitur,
2415 5153 2516 5191 nou
2535 5136 3001 5205 comprehenderis
3025 5137 3072 5190 id
3094 5139 3235 5206 quod
3258 5138 3408 5206 igno—

1841 5232 2186 5288 ravit.Porro
2198 5240 2314 5299 post
2330 5229 2495 5282 hasce
2516 5230 2745 5282 uniones
2760 5231 2902 5296 (quae
2927 5244 3031 5283 non
3047 5230 3406 5294 exstitissent,

1848 5325 1949 5378 nisi
1998 5324 2298 5393 intelligens
2335 5334 2518 5374 secum
2547 5318 2663 5386 ipse
2687 5318 3108 5386 quodammodo,
3145 5319 3228 5372 vel
3259 5331 3406 5372 certe

1846 5415 2012 5485 518
2060 5430 2184 5468 cum
2235 5414 2397 5467 rebus
2461 5411 2747 5463 intellectis
2795 5424 2981 5476 pacem
3033 5410 3294 5478 inivisset)
3338 5410 3406 5462 ad

1847 5507 2087 5575 ignotum
2137 5506 2283 5559 illum
2333 5501 2680 5569 divinumque
2729 5505 3038 5553 contactum
3093 5500 3402 5556 adducitur.

1844 5593 2078 5651 Rursum
2110 5595 2160 5650 in
2187 5593 2381 5650 animis
2409 5589 2612 5646 nostris
2641 5587 2877 5658 reperire
2910 5586 3034 5643 licet
3067 5587 3403 5643 individuam
