3742 6300
457 316 559 369 983

1611 325 1668 381 S.
1708 323 2005 382 DlONYSll
2035 325 2494 382 AREOPAGlT/E
3587 334 3651 388 Sid

453 442 508 483 ct
537 433 954 491 innuaterialem
1010 437 1403 506 cognitionem,
1429 440 1648 508 quando
1701 442 1983 511 omnigena

2120 441 2302 511 νόησιν
2347 442 2571 507 ἕνωσιν,
2606 443 2818 508 οἰκείως
2851 446 3068 508 ἑαυταῖς
3093 486 3106 507 ,
3139 443 3248 513 ὁδῷ
3280 462 3399 498 τινι
3435 447 3524 498 καὶ
3550 447 3652 509 τάξι

456 528 905 584 ratiocinationes
931 530 996 583 ad
1021 546 1180 583 unam
1210 531 1511 600 spiritalem
1539 535 1832 599 puritatem
1862 536 2020 590 colli-

454 630 631 689 gunt;
688 631 815 676 tunc
855 622 1000 676 enim
1052 624 1117 676 ad
1170 625 1424 678 unionem
1472 640 1687 694 quoque
1747 628 2020 682 intellectu

454 713 824 780 superiorem,
863 729 961 782 pro
994 727 1153 782 captu
1185 730 1304 777 suo,
1357 715 1441 767 via
1467 717 1705 783 quadam
1737 727 1793 772 et
1831 720 2022 775 ordine

452 805 780 873 per-lingunt,
816 821 912 872 per
944 808 1082 860 hanc
1131 807 1308 872 ipsum
1333 807 1584 861 videlicet
1632 816 1876 862 naturam
1902 819 2020 879 ‘pa-

450 894 530 948 cis
577 912 679 948 una
732 898 978 965 quaedam
1047 907 1100 952 et
1164 899 1552 953 indissolubilis
1624 900 2016 955 elementorum

450 989 688 1040 omnium
738 991 1007 1044 connexio
1053 992 1275 1054 existit,
1308 992 1536 1046 collecta
1569 992 1787 1060 quidem
1834 993 2018 1047 incon-

452 1075 586 1137 fuse,
621 1080 744 1147 quia
793 1082 919 1135 licet
963 1081 1064 1134 sibi
1103 1089 1289 1134 mutuo
1333 1081 1814 1145 commisceantur,
1857 1081 2018 1137 simul

453 1177 632 1222 tamen
671 1176 983 1226 eorumdem
1012 1173 1304 1241 qualitates
1336 1175 1709 1228 extremitates
1758 1190 1884 1229 suas
1913 1177 2015 1228 mi-

451 1260 595 1312 nime
641 1265 901 1328 perdunt;
953 1265 1238 1318 cummis-ta
1290 1279 1420 1317 vero
1459 1263 1751 1324 indivulse,
1785 1265 1910 1334 quia
1948 1281 2014 1319 ex

455 1354 554 1406 hac
605 1355 998 1408 elementorum
1042 1357 1296 1410 mistione
1356 1372 1460 1409 una
1513 1358 1758 1426 qutedam
1823 1368 2014 1412 natura

450 1443 750 1510 perﬁcitur.
793 1445 915 1499 llazc
942 1448 1084 1500 enim
1118 1457 1197 1501 est
1225 1463 1353 1517 pax,
1386 1463 1506 1516 qurc
1537 1460 1780 1501 extrema
1833 1460 2016 1503 extre-

445 1536 550 1588 mis
579 1552 674 1603 per
714 1539 890 1592 media
935 1541 1239 1595 connectit.
1290 1541 1547 1594 Extrema
1579 1555 1707 1593 vero
1736 1529 1889 1603 dicit,
1935 1541 2016 1593 itt-

445 1628 707 1680 termedia
770 1630 1081 1694 eletnenta,
1137 1640 1376 1696 terram,
1432 1646 1639 1694 aerem,
1691 1646 1907 1700 aquam,
1960 1641 2014 1684 et

430 1717 674 1782 'aatltera,
705 1734 826 1786 quae
873 1729 998 1773 sunt
1029 1721 1191 1774 etiam
1233 1719 1534 1775 secundum
1572 1720 1752 1774 omnia
1793 1731 2012 1775 contra-

2122 531 2507 599 προϐαίνουσι,
2553 533 2640 585 διὰ
2681 534 2888 606 ταύτην
2940 536 3037 606 τὴν
3081 536 3178 605 τῆς
3224 539 3464 608 εἰρήνης
3507 537 3653 607 δῃλαῦτ

2122 621 2300 689 φύσιν,
2337 624 2368 693 ἠ
2407 625 2501 693 μία
2535 626 2819 696 συμπλοκὴ
2851 626 2959 679 τῶν
2991 627 3243 680 ἁπάντων
3295 628 3573 697 στοιχείων
3599 633 3654 679 κέ

2120 713 2400 779 ἀδιάλυτος
2439 716 2766 786 ὑφίσταται,
2804 719 3144 788 συναγομένη
3195 720 3296 789 μὲν
3349 720 3654 788 ἀσυγχύτως.

2118 806 2221 872 ὅτι,
2258 811 2306 862 εἰ
2358 809 2451 862 καί
2498 809 2842 880 συναλλήλοις
2890 811 3231 882 μιγνύονται,
3287 811 3416 864 ἀλλ’
3462 813 3593 880 ὅμως
3627 818 3658 863 :2

2117 896 2322 950 τούτων
2355 897 2633 968 ποιότητες
2677 899 2772 969 τὴν
2817 899 3092 970 ἀκρότητα
3136 900 3355 954 ἑαυτῶν
3391 901 3452 952 ού
3489 919 3657 970 παραπ-

2116 986 2391 1040 ολλύουσιο
2449 989 2786 1060 συγχεομένη
2854 991 2908 1043 δὲ
2981 992 3302 1062 ἀδιαιρέτως
3331 1034 3346 1056 ,
3386 994 3468 1046 ὃτι
3502 996 3557 1045 ἐκ
3594 996 3658 1060 1i,-

2114 1080 2223 1132 τῶν
2257 1080 2544 1151 ιστοιχείων
2600 1081 2798 1151 μίξεως
2846 1083 2943 1151 μία
2988 1101 3070 1145 τις
3119 1085 3477 1138 ἀποτελεῖται
3527 1086 3655 1153 σύας.

2115 1165 2263 1237 Αὕτη
2296 1169 2404 1239 γάρ
2436 1170 2586 1222 ὲστιν
2617 1172 2873 1240 ή.είρήνη
2906 1174 2938 1242 ἡ
2974 1173 3040 1224 τὰ
3073 1173 3215 1244 ἄκρα
3243 1179 3368 1238 τοῖς
3405 1176 3579 1245 amt;
3603 1179 3658 1227 δια

2113 1252 2220 1304 τῶν
2257 1254 2435 1324 μέσων
2469 1256 2778 1311 συνδέουσα.
2819 1261 2997 1330 Ἀκρα
3026 1261 3081 1313 δὲ
3115 1262 3260 1330 λέγει
3319 1264 3394 1316 τὰ
3428 1266 3532 1317 τῶν
3565 1283 3658 1317 πα-

2115 1342 2274 1413 χείων
2313 1344 2528 1416 ἑμμεσα
2548 1386 2562 1409 ,
2597 1347 2693 1417 τὴν
2716 1348 2837 1417 γῆν,
2866 1349 2955 1400 τὸν
2979 1350 3116 1420 ἀέρα
3135 1391 3148 1412 ,
3183 1351 3244 1403 τὸ
3278 1351 3455 1423 ὕδωρ,
3491 1355 3575 1405 καὶ
3599 1356 3656 1404 τὶν

2114 1433 2338 1504 αἰθέρα,
2376 1436 2517 1507 ἅπερ
2569 1437 2673 1489 εἰσί
2724 1439 2817 1490 καὶ
2866 1438 3003 1491 κατά
3050 1441 3229 1492 πάντα
3262 1441 3513 1494 ἐναντία.
3546 1444 3656 1493 Min

2111 1525 2168 1578 δὲ
2192 1567 2205 1590 ,
2241 1527 2344 1596 γῆς
2381 1527 2480 1596 μὲν
2513 1529 2606 1581 καὶ
2638 1529 2800 1599 ἀέρος
2832 1529 2892 1582 τὸ
2925 1529 3088 1603 ὕδωρ,
3135 1535 3204 1602 γῇ
3255 1534 3366 1602 μὲν
3417 1534 3654 1584 κοινωνοῦ-ι

2112 1619 2189 1690 τῷ
2219 1620 2440 1691 ψυχρῷ,
2478 1621 2599 1692 ἀέρι
2631 1621 2690 1675 δὲ
2721 1623 2798 1693 τῷ
2831 1622 3012 1695 ὑγρῷ’
3050 1626 3143 1677 καὶ
3178 1624 3478 1698 πάλιντοῦ
3513 1625 3654 1686 ὓδατος

2113 1712 2208 1763 καὶ
2237 1711 2329 1764 τοῦ
2363 1712 2578 1784 αἰθέρος
2610 1716 2737 1786 ἀὴρ,
2775 1714 2924 1768 ὕδατι
2973 1716 3068 1786 μὲν
3101 1717 3381 1769 κοινωνῶν
3413 1718 3490 1786 τῷ
3521 1718 3650 1786 ύγρτξι.

441 1809 543 1862 ria.
595 1809 767 1864 Media
815 1823 1019 1877 autem,
1059 1814 1200 1866 inter
1234 1823 1434 1868 terram
1485 1813 1692 1868 scilicet
1717 1822 1772 1867 et
1801 1828 1980 1866 aerem

2109 1803 2285 1875 αἰθέρι
2317 1803 2373 1855 δὲ
2406 1804 2483 1874 τῷ
2515 1805 2720 1877 θερμῷ.
2773 1806 2918 1877 Αὕτη
2981 1808 3075 1860 καὶ
3124 1812 3243 1871 ταῖς
3291 1810 3550 1878 ἐσχάταις
3586 1811 3651 1860 τι]

440 1913 602 1968 aqua,
630 1916 748 1968 quae
770 1917 893 1955 cum
921 1913 1065 1956 terra
1103 1903 1320 1972 quidem
1397 1905 1759 1959 communicat
1800 1906 2002 1973 rigore,

435 2007 560 2044 cum
594 2006 719 2046 aere
746 2007 873 2047 vero
904 1995 1228 2050 lnnniditate
1254 2017 1266 2051 :
1289 2004 1342 2050 et
1377 2011 1590 2050 rursum
1641 1996 1783 2050 inter
1807 2011 2001 2066 aquam

436 2090 491 2135 ct
532 2086 736 2137 tcthera
792 2086 1003 2139 medius
1034 2095 1117 2140 est
1149 2102 1266 2150 aer,
1300 2088 1389 2156 qui
1437 2103 1561 2142 cum
1606 2103 1744 2157 aqua
1788 2090 2003 2157 quidem

434 2176 800 2229 cnnnnunicat
842 2177 1187 2241 ltumiditate,
1221 2194 1342 2231 cum
1394 2180 1600 2234 aethere
1632 2195 1759 2234 vero
1801 2181 2000 2234 calore.

435 2263 559 2318 Haec
585 2267 748 2320 etiam
778 2270 1044 2323 extremis
1074 2270 1316 2324 universi
1373 2272 1590 2334 finibus,
1622 2273 1713 2341 qui
1733 2284 1875 2328 sunt
1916 2274 2000 2325 irt-

433 2357 645 2411 animcs
675 2361 1015 2426 substantia;
1090 2362 1143 2413 in
1176 2361 1377 2429 quibus
1406 2362 1583 2415 nullus
1612 2373 1788 2416 motus
1819 2378 2002 2416 accre-

432 2447 598 2503 tionis
651 2460 742 2502 aut
788 2450 1106 2506 mttritiouis
1161 2463 1256 2505 aut
1313 2452 1544 2506 aliorum
1598 2454 1997 2516 consideratur,

429 2536 728 2590 amicitiam
781 2538 1046 2608 impertit,
1101 2542 1397 2608 omniaque
1444 2558 1702 2612 germana
1737 2544 1908 2595 reddit
1945 2552 1998 2596 et

427 2639 677 2695 cognata,
731 2631 781 2682 iu
837 2644 1096 2700 quantunt
1129 2649 1193 2686 ex
1235 2635 1344 2687 Deo
1391 2636 1572 2688 omnia
1619 2647 1672 2689 et
1719 2637 1782 2689 ad
1829 2635 1994 2689 Deum

427 2730 858 2776 convertuntur:
909 2725 989 2777 sic
1031 2726 1175 2778 enim
1223 2726 1388 2779 etiam
1435 2727 1729 2794 Apostolus
1771 2727 1996 2796 antiquo

427 2811 571 2865 dicto
608 2829 739 2867 usns
767 2827 868 2877 est,
905 2813 1082 2883 Ipsius
1126 2817 1261 2870 enim
1300 2827 1349 2869 et
1375 2833 1536 2882 genus
1571 2835 1749 2871 sumus
1775 2828 1822 2870 ς.
1855 2819 1994 2874 Dicit

425 2913 604 2956 autem
668 2921 888 2959 causam
943 2909 1240 2960 secundum
1293 2924 1454 2976 quam
1506 2912 1684 2962 omnia
1735 2922 1861 2964 sunt
1901 2927 1991 2966 c0-

423 3004 609 3063 gnata,
647 2997 978 3050 intellectilia
1021 2997 1274 3051 videlicet
1317 2999 1641 3063 unitatibus,
1694 2999 1746 3052 id
1783 3011 1866 3054 est
1908 3016 1991 3055 se-

422 3087 657 3138 cundum
689 3087 741 3141 id
765 3089 907 3156 quod
943 3089 992 3140 in
1029 3088 1160 3157 ipsis
1190 3089 1316 3157 quid
1351 3105 1516 3142 unum
1548 3100 1603 3143 et
1627 3090 1853 3161 simplex
1884 3103 1988 3158 est,

420 3187 474 3230 et
517 3182 815 3232 secundum
873 3179 1311 3233 immortalitatis
1348 3180 1717 3246 identitatem;
1773 3183 1990 3237 sensilia

418 3281 484 3320 ex
517 3267 745 3323 diversis
783 3270 1088 3335 elementis,
1123 3270 1483 3336 unitionibus,
1524 3286 1619 3326 seu
1654 3275 1992 3330 commistio-

422 3359 603 3415 nibus.
631 3375 696 3414 ac
725 3359 911 3412 talium
959 3361 1280 3414 mistionum
1313 3361 1750 3416 collectionibus.
1797 3363 1988 3418 Divina

417 3448 686 3515 siquidem
714 3463 819 3516 pax
849 3449 900 3502 in
928 3464 1036 3502 uno
1072 3459 1128 3502 et
1165 3450 1358 3502 eodem
1405 3451 1587 3502 omnia
1616 3452 1987 3519 demonstrat;

419 3539 681 3609 pertingit
705 3539 850 3593 enim
879 3541 944 3592 ad
981 3540 1186 3602 omnia,
1215 3554 1382 3607 seque
1411 3554 1510 3607 pro
1537 3542 1796 3609 cujusque
1828 3555 1987 3611 captu

2107 1895 2303 1958 παντὸς
2366 1896 2863 1968 ἀποπερατώσεσιν,
2930 1899 3132 1963 αἵτινές
3176 1905 3317 1954 εἰσιν
3372 1903 3430 1954 αἰ
3495 1903 3652 1970 ﬂag/at

2103 1986 2278 2038 ούσίαι
2303 2027 2317 2051 ,
2355 1989 2412 2040 ἑν
2444 1983 2532 2051 αἷς
2560 1989 2781 2060 οὐδεμία
2806 1991 3015 2061 κίνησις
3041 1991 3309 2063 θρεπτικὴ
3341 1993 3376 2064 ἢ
3404 1993 3650 2062 αύῇτικὴ.

2022 2083 2024 2085 ’
2103 2077 2136 2148 ἢ
2182 2079 2288 2132 τῶν
2341 2079 2515 2133 ἄλλων
2564 2099 2647 2146 τις
2695 2081 3012 2154 θεωρεῖται,
3048 2085 3143 2156 τὴν
3178 2085 3367 2154 φιλίαν
3403 2087 3650 2155 δωρεῖται.

2103 2169 2196 2221 καὶ
2229 2169 2406 2224 πάντα
2439 2171 2640 2241 ἁδελφά
2675 2177 2818 2225 ποιεῖ
2850 2174 2942 2226 καὶ
2977 2175 3209 2244 συγγενῆ
3229 2215 3244 2239 ,
3274 2175 3473 2228 καθότι
3504 2177 3559 2226 ἐκ
3585 2171 3659 2235 rei,

2101 2257 2235 2312 Θεοῦ
2267 2263 2478 2325 πάντα,
2531 2265 2623 2316 καὶ
2671 2265 2807 2335 πρὸς
2857 2264 2989 2316 Θεὸν
3036 2265 3500 2335 ἐπιστρέφουσιν⁹
3544 2265 3649 2316 οὕτω

2101 2350 2209 2421 γὰρ
2241 2354 2514 2423 ἐχρήσατο
2546 2354 2621 2424 τῷ
2647 2354 2862 2424 παλαιῷ
2895 2357 3096 2426 ῥήματι
3132 2357 3228 2408 καὶ
3263 2356 3292 2406 ό
3345 2355 3646 2414 Ἀπόστοὶκ-

2107 2443 2214 2496 Τοῦ
2243 2450 2352 2513 γὰρ
2376 2445 2474 2498 καὶ
2503 2446 2672 2515 γένος
2696 2447 2900 2515 ἐσμέν.
2939 2447 3101 2514 Λέγει
3137 2447 3193 2500 δὲ
3222 2447 3323 2518 τὴν
3355 2449 3532 2500 αἰτίαν
3560 2447 3647 2498 καθ’

2098 2541 2164 2610 ἢν
2195 2539 2423 2609 όμόγνια
2455 2538 2522 2590 τά
2562 2538 2738 2592 πάντα
2757 2555 2770 2567 ·
2808 2540 2901 2592 καὶ
2931 2539 3070 2602 τέως
3107 2539 3175 2591 τὰ
3215 2540 3388 2609 νοητὰ
3422 2543 3534 2602 ταῖς
3562 2541 3646 2590 ἐνό-

2096 2645 2221 2702 τησι
2248 2671 2262 2694 ,
2313 2630 2434 2684 κατ’
2480 2630 2610 2683 αὐτὸ
2655 2629 2719 2700 δὴ
2765 2631 2824 2682 τὸ
2873 2631 3070 2682 ένιαῖον
3108 2631 3200 2683 καὶ
3235 2631 3447 2684 ἁπλοῦν
3480 2630 3642 2688 αὐτῶν,

2096 2727 2191 2778 καὶ
2224 2723 2364 2778 κατά
2399 2724 2459 2777 τὸ
2492 2724 2661 2777 ταὺτὸ
2691 2725 2788 2793 τῆς
2814 2723 3109 2786 ἀθανασίας
3129 2739 3142 2753 δ
3166 2723 3232 2775 τὰ
3257 2723 3495 2795 αἰσθητὰ
3515 2764 3527 2785 ,
3558 2725 3644 2781 ταῖς

2095 2820 2159 2871 ἑκ
2202 2817 2307 2869 τῶν
2352 2817 2619 2887 διαφόρων
2665 2817 2940 2885 στοιχείων
2971 2813 3247 2878 ἑνὼσεσιν,
3281 2817 3411 2885 ἦτοι
3448 2814 3640 2882 συγκρί-

2098 2923 2252 2980 μασι,
2287 2909 2382 2960 καὶ
2412 2910 2532 2968 ταῖς
2567 2909 2904 2974 συναγωγαῖς
2936 2907 3044 2959 τῶν
3075 2906 3330 2958 τοιούτων
3369 2905 3638 2976 μιγμάτων.

2106 3000 2168 3053 Ἦ
2201 3000 2318 3052 θεία
2349 2999 2457 3070 γὰρ
2485 3001 2695 3071 εἰρήνη,
2734 3001 2791 3052 ἑν
2823 3000 2904 3052 ἑνὶ
2937 2999 3030 3052 καὶ
3063 2998 3139 3068 τῷ
3172 2998 3319 3069 αύτῷ
3370 2998 3537 3051 πάντα
3566 2996 3642 3046 δει-

2093 3088 2362 3152 κνύουσα,
2399 3088 2611 3159 πρόεισι
2669 3088 2765 3159 μὲν
2811 3090 2903 3140 ἐπὶ
2949 3087 3156 3152 πάντα,
3191 3089 3284 3140 καὶ
3320 3087 3638 3157 μεταδίδωσιν

2097 3179 2294 3249 ἑαυτῆς
2321 3179 2534 3243 οἰκείως
2567 3180 2660 3233 καὶ
2693 3180 2811 3232 κατ’
2840 3179 2996 3246 ἀξίαν
3021 3183 3132 3244 τοῖς
3164 3179 3457 3250 πράγμασι
3480 3195 3493 3207 ·
3525 3177 3638 3247 μένει

2095 3274 2189 3337 δὲ,
2235 3273 2302 3326 δι’
2349 3273 2618 3344 ὑπεροχὴν
2651 3272 2896 3336 ἑνώσεως
2939 3274 3034 3327 καὶ
3079 3274 3336 3343 εἰρήνης,
3391 3272 3486 3340 ὅλη
3531 3269 3636 3338 πρὸς

2095 3365 2222 3436 ὅλην
2270 3365 2503 3436 ἑαυτὴν,
2554 3365 2678 3419 καθ’
2711 3366 2840 3435 ὅλην
2885 3365 3302 3436 ὑπερηνωμένη.
3369 3365 3519 3418 Ἐπεὶ
3555 3363 3636 3427 γὰρ

2097 3455 2491 3527 ὑπερηνωμένη
2543 3457 2726 3520 ἐστὶν,
2790 3456 2928 3528 αὑτὴ
2990 3457 3156 3527 ἑαυτῇ
3220 3455 3452 3510 καθόλου
3497 3453 3632 3518 ταύτή

2097 3548 2249 3598 ἑστιν

417 3647 480 3684 ac
516 3631 782 3701 dignitate
829 3631 991 3686 rebus
1043 3632 1300 3686 omnibus
1338 3634 1739 3698 communicat;
1795 3645 1976 3689 manet
2017 3653 2164 3701 vero,
2192 3654 2289 3707 per
2316 3638 2694 3693 excellentiam
2725 3639 2941 3694 unionis
2989 3643 3045 3690 et
3099 3635 3268 3700 pacis,
3321 3645 3432 3689 tota
3482 3646 3630 3689 secum

417 3732 559 3789 tota,
603 3725 899 3778 secundum
947 3734 1119 3777 totam
1199 3738 1532 3792 supraquant
1606 3726 1780 3780 unita.
1849 3725 2128 3796 Siquidem
2183 3730 2328 3799 quod
2397 3743 2727 3800 supraquam
2790 3727 2976 3794 unita,
3026 3737 3098 3783 sit
3146 3727 3259 3796 ipsa
3299 3728 3404 3782 sibi
3466 3739 3628 3780 secun-

414 3817 540 3871 dum
571 3831 629 3871 se
657 3827 825 3869 totam
862 3816 1054 3870 cadent
1097 3817 1306 3870 existit.

485 3908 514 3982 ς
557 3910 642 3964 lll.
685 3892 785 3965 Hic
808 3912 1164 3979 quorumdam
1199 3911 1596 3980 quodammodo
1631 3912 1983 3980 quaestionem

413 4001 606 4056 inserit
643 4002 942 4058 dicentiqu
974 4019 988 4057 :
1026 4003 1313 4070 Quomodo
1349 4005 1530 4058 omnia
1582 4019 1769 4074 pacem
1815 4018 1983 4074 appe-

410 4101 550 4156 tant,
586 4109 709 4148 cum
762 4094 941 4164 aliqua
988 4097 1097 4150 sint
1127 4111 1250 4165 quae
1299 4096 1573 4150 divisione
1618 4105 1671 4149 et
1703 4096 1981 4150 inimicitia

409 4183 722 4250 gaudeant?
756 4185 822 4238 Et
872 4200 1014 4239 nunc
1059 4187 1276 4253 quidem
1324 4186 1475 4239 clare
1519 4185 1673 4252 dicit,
1708 4201 1828 4254 qua:
1874 4187 1984 4238 sint

409 4289 529 4341 qttze
581 4275 896 4330 diversitate
947 4277 1309 4341 delectentur,
1360 4278 1413 4331 in
1458 4277 1809 4331 distinctione
1855 4293 1984 4332 vero

409 4362 572 4432 519
630 4366 741 4418 lure
793 4366 964 4419 fusius
1025 4367 1264 4421 dirimet.
1320 4367 1611 4435 Tripliceut
1668 4368 1852 4436 itaque
1895 4385 1982 4423 ra—

2161 3910 2188 3982 §
2225 3912 2316 3963 ΙΙΙ.
2371 3909 2648 3964 Ἐντεῦθεν
2678 3909 2753 3972 ὼς
2785 3908 2890 3961 ἀπό
2921 3924 3084 3960 τινων
3128 3907 3361 3977 ἀπορίαν
3412 3904 3625 3977 παρενεί-

2093 4017 2194 4073 ρει,
2231 3999 2354 4062 Πῶς
2372 4039 2388 4065 ,
2415 3999 2701 4068 λεγόντων,
2733 3998 2943 4067 ἐφίεται
2973 3998 3149 4050 πάντα
3176 3998 3397 4068 εἰρήνης
3420 4037 3434 4059 ,
3469 3993 3622 4061 ἐπειδὴ

2087 4091 2212 4144 τινά
2243 4093 2347 4143 εἰσι
2379 4093 2444 4161 τῇ
2477 4089 2746 4160 διακρίσει
2791 4089 2886 4142 καὶ
2917 4091 2982 4159 τῇ
3017 4088 3186 4159 ἔχθρᾳ
3219 4088 3506 4158 χαίροντα;
3538 4085 3623 4137 Καὶ

2088 4182 2185 4235 νῦν
2232 4182 2327 4252 μὲν
2374 4180 2557 4250 σαφῶς
2607 4180 2787 4264 λέγει,
2832 4179 2955 4232 τίνα
3003 4180 3110 4231 εἰσί
3157 4177 3224 4230 τὰ
3270 4181 3333 4248 τῇ
3382 4177 3621 4248 ἑτερότητι

2090 4277 2365 4348 χαίροντα,
2403 4279 2460 4329 ὲν
2492 4277 2549 4328 δὲ
2579 4279 2643 4346 τῇ
2679 4275 2828 4328 λύσει
2860 4275 3222 4346 διευκρινήσει
3253 4274 3426 4328 ταῦτα
3457 4269 3621 4323 πλατὺ-

2087 4388 2262 4442 τερον.
2299 4368 2511 4440 Τριχῶς
2559 4368 2689 4436 γοῦν
2739 4371 2968 4423 ποιεῖται
3007 4367 3102 4438 τὴν
3135 4367 3228 4420 τοῦ
3261 4367 3414 4435 λόγου
3447 4364 3617 4434 ἐρὼν,

406 4459 607 4508 tionem
657 4455 848 4516 aﬂ'ert.
892 4471 957 4510 ac
999 4458 1229 4526 primam
1277 4457 1496 4527 quidem
1561 4457 1839 4524 admittit,
1889 4473 1976 4511 se-

2100 4464 2175 4516 ιαὶ
2205 4463 2296 4514 τὸν
2333 4462 2430 4532 μὲν
2458 4461 2721 4531 πρότερον
2740 4459 2894 4527 λόγον
2915 4459 3148 4528 δέχεται,
3175 4459 3265 4511 τὸν
3296 4458 3349 4510 δὲ
3382 4458 3615 4525 δεύτερον.

403 4546 636 4597 cundum
685 4559 813 4598 vero
849 4555 1108 4614 tanquam
1167 4547 1557 4615 impossibilem
1620 4547 1817 4614 rejicit,
1867 4556 1976 4600 ter-

404 4637 533 4688 tiaut
568 4638 801 4705 denique
857 4639 1192 4694 moderatur.
1243 4639 1299 4691 Si
1351 4639 1533 4708 igitur,
1564 4640 1760 4709 inquit,
1793 4639 1978 4717 cuju‘s-

401 4741 511 4794 que
547 4729 624 4781 rei
660 4731 1050 4798 pr0prietatem
1105 4731 1229 4799 quis
1273 4732 1440 4795 dicat,
1473 4734 1770 4786 secundum
1806 4749 1970 4801 quam

401 4819 504 4871 hoc
534 4819 750 4886 quidem
806 4821 967 4887 ignis,
1015 4822 1147 4874 illud
1183 4836 1313 4875 vero
1360 4837 1522 4890 aqua,
1554 4832 1608 4876 et
1647 4823 1791 4876 aliud
1825 4824 1968 4876 aliud

399 4911 527 4975 quid
552 4911 762 4976 existit,
799 4923 856 4967 ut
885 4915 1046 4967 aliam
1093 4923 1346 4969 naturam
1402 4915 1631 4980 habens,
1663 4915 1964 4969 istiusmodi

397 5003 768 5057 diversitatem
813 5020 914 5074 ego
943 5021 1162 5074 quoque
1206 5003 1457 5066 admitto,
1499 5019 1661 5072 quam
1711 5018 1814 5056 tt0n
1845 5005 1966 5056 dico

393 5094 824 5162 dis-tinctionem,
851 5098 943 5151 sed
973 5098 1152 5166 potius
1185 5097 1441 5150 unionem
1470 5107 1523 5148 ct
1553 5095 1964 5149 consistentiam

392 5186 655 5256 cujusque
688 5189 739 5241 in
771 5199 917 5242 statu
947 5205 1045 5242 suo
1078 5207 1091 5241 :
1123 5189 1255 5242 nihil
1290 5189 1434 5242 enim
1475 5201 1664 5240 eorum
1691 5202 1810 5256 qua:
1838 5195 1966 5239 sunt

393 5282 539 5347 cupit
567 5283 794 5348 perdere
822 5283 872 5334 id
904 5282 1047 5350 quod
1079 5291 1197 5344 est;
1232 5281 1418 5334 volunt
1448 5280 1592 5333 enim
1619 5278 1798 5332 omnia
1839 5293 1962 5332 cum

391 5373 697 5441 semetipsis
739 5389 928 5442 pacem
973 5372 1200 5433 habere,
1235 5381 1399 5441 atque
1430 5371 1740 5442 proprietas
1771 5370 1960 5440 cujus-

391 5477 496 5530 que
533 5466 713 5529 potius
745 5475 934 5519 custos
965 5475 1049 5520 cst
1087 5476 1311 5520 naturae.

505 5707 529 5745 ι
563 5706 682 5759 Act.
724 5719 854 5764 xvn,
890 5705 983 5756 ‘28.

2079 4557 2155 4619 ὼς
2192 4555 2265 4626 μὴ
2297 4554 2590 4624 δυνάμενον
2623 4549 2782 4616 εἶναι,
2818 4551 3198 4616 ἀποϐάλλεται,
3231 4552 3321 4604 τὸν
3352 4552 3409 4605 δέ
3440 4568 3498 4618 γε
3526 4547 3617 4616 τρί-

2078 4663 2170 4699 τον
2204 4645 2515 4717 θεραπεύει.
2552 4645 2614 4696 Εἰ
2646 4642 2777 4711 γοῦν
2807 4642 2902 4713 τὴν
2936 4642 3165 4694 ἑκάστου
3203 4641 3452 4709 ἰδιότητα,
3485 4638 3614 4707 φησὶν

2077 4738 2106 4788 ό
2139 4737 2331 4805 λέγων,
2368 4735 2490 4788 καθ’
2524 4737 2588 4806 ἣν
2620 4734 2776 4787 τοῦτο
2802 4734 2899 4804 μὲν
2927 4733 3056 4803 πῦρ,
3083 4732 3239 4785 τοῦτο
3270 4733 3325 4784 Σὲ
3358 4731 3512 4800 ὕδωρ,
3544 4726 3614 4778 καὶ

2074 4828 2234 4881 τοῦτο
2255 4829 2341 4881 έτε
2351 4828 2442 4899 ρόν
2461 4845 2532 4891 τι,
2563 4826 2735 4889 ἄλλως
2759 4826 2856 4896 τῆς
2883 4824 3096 4892 φύσεως
3118 4824 3262 4892 ἕχον,
3281 4821 3379 4892 τὴν
3397 4820 3611 4881 τοιαύτην

2074 4919 2366 4990 ἑτερότητα
2401 4917 2556 4986 κάγὼ
2587 4917 2831 4986 δέχομαι,
2855 4918 2920 4986 ἣν
2943 4917 3002 4968 οὑ
3038 4915 3178 4982 λέγω
3209 4914 3489 4983 διάκρισιν,
3507 4907 3610 4960 ἀλλι

2078 5012 2274 5082 μᾶλλον
2311 4992 2502 5064 ένωσιν
2555 5009 2692 5080 πρὸς
2737 5008 2894 5060 ἑαυτὸ
2940 5007 3168 5060 ἑκάστου
3214 5007 3309 5060 καὶ
3355 5006 3605 5058 σύστασιν

2072 5107 2222 5159 οὐδὲν
2256 5105 2364 5176 γάρ
2394 5105 2504 5156 τῶν
2541 5103 2708 5156 ὄντων
2754 5101 2926 5154 ἐθέλει
2975 5099 3259 5153 ἀπολλύειν
3308 5100 3444 5168 ὅπερ
3485 5092 3604 5148 ἐστί’

2074 5199 2250 5252 πάντα
2284 5198 2391 5268 γάρ
2426 5197 2597 5250 ἐθέλει
2623 5194 2924 5266 εἰρηνεύειν
2959 5193 3093 5263 πρὸς
3120 5191 3309 5257 ἑαυτὰ,
3335 5194 3427 5245 καὶ
3457 5193 3486 5260 ἡ

2063 5307 2163 5361 της
2197 5289 2412 5360 φυλακὴ
2450 5288 2648 5363 μᾶλλον
2680 5288 2780 5351 τῆς
2814 5285 3026 5354 φύσεως
3059 5286 3279 5354 γίνεται.
