3742 6296
18 330 129 384 16ῖό

626 322 715 378 DE
748 318 997 375 DlVlNlS
1028 312 1421 382 NOMINlBUS,
1454 309 1655 370 CAP.)

1791 341 1822 351 —
1853 309 2198 366 PARM‘IIR.
2237 311 2703 371 PACIIYMERE.

3226 317 3333 374 906

86 441 121 511 §
170 440 271 496 IV.
317 411 433 495 kat
462 436 516 492 τί
546 435 691 506 λέγω
720 434 895 489 ταῦτα
923 434 1017 488 ὲπί
1043 435 1156 497 τοῖς
1184 431 1259 503 μὴ
1282 429 1642 502 κινουμένοις,

1823 425 1852 497 ς
1894 426 1983 486 ιγ.
2028 427 2093 482 Ει
2124 427 2254 496 quid
2294 428 2419 482 dico
2449 429 2564 484 ha:c
2594 429 2661 485 de
2692 428 2798 483 illis
2825 443 2947 498 quae
2975 443 3081 483 non
3109 445 3333 487 moven-

17 534 141 587 ὶλλ⁴
184 534 593 594 ἀστασιάστοις
625 529 722 583 καὶ
753 526 1136 599 ἡσυχάζουσιν,
1170 525 1305 578 ὅπου
1338 540 1402 593 γε
1434 522 1531 577 καὶ
1562 522 1652 575 ἐπ’

17 624 230 684 κὺτοῖς
247 621 374 683 τοῖς
393 617 730 689 κινουμένοις
748 616 869 670 καθ’
887 613 1177 670 ὁποιανοῦν
1211 613 1446 684 κίνησιν,
1466 611 1654 682 ῶσπερ

17 713 124 767 ἐπὶ
161 710 337 781 ἡλίου
374 708 474 761 ἴδοι
504 724 591 770 τις
624 705 711 768 ἂν,
746 706 780 776 ἢ
814 705 907 758 ὲπί
934 704 1041 757 τῶν
1065 702 1247 774 μερῶν
1272 701 1366 755 τοῦ
1398 699 1650 772 ούρανοῦ,

17 805 51 874 ἢ
94 803 202 854 ἐπ’
241 799 431 853 ἄλλων
476 794 854 868 εύμεταϐόλων
876 834 891 858 ,
940 794 1036 847 καὶ
1084 795 1165 856 εἰς
1215 790 1345 845 ἄλλο
1388 790 1484 845 καὶ
1528 789 1655 843 ἄλλο

17 894 336 966 ῥεπόντων
362 891 474 956 ςώς
506 889 602 943 καί
622 888 683 941 τὸ
708 887 809 957 τῆς
834 885 1123 958 ἀστραπῆς
1156 884 1289 955 ἔχει,
1324 883 1526 946 εύθέως
1556 881 1653 951 τὴν

17 989 197 1041 κάτω
233 985 460 1057 κίνησιν
494 980 854 1052 κινουμένης,
891 979 987 1033 καί
1019 977 1182 1031 πάλιν
1213 975 1316 1047 τὴν
1350 974 1493 1028 ἄνω·
1529 973 1561 1044 ἢ
1594 972 1655 1024 τὸ

17 1082 133 1151 τῆς
195 1077 525 1147 Θαλάσσης,
577 1074 673 1127 νῦν
722 1074 818 1144 μὲν
868 1069 1276 1142 κυμαινούσης,
1311 1068 1405 1122 νῦν
1436 1067 1491 1120 δὲ
1524 1069 1656 1138 ήσυ-

18 1171 337 1243 χαζούσης
358 1210 375 1233 ,
408 1170 544 1222 ὅπου
576 1184 640 1236 γε
673 1164 859 1219 λοιπὸν
892 1165 987 1218 καί
1018 1162 1156 1233 αὑτὴ
1188 1163 1223 1233 ή
1255 1158 1656 1229 ἀλλεπάλληλος

21 1265 279 1335 κίνησις
313 1262 377 1315 ού
412 1259 701 1329 καθίστησι
746 1258 847 1328 τὴν
896 1255 1160 1326 διαφορὰν
1204 1254 1299 1308 καὶ
1344 1251 1445 1323 τὴν
1477 1250 1657 1323 ἑτερό-

24 1373 226 1427 τητα,
265 1353 407 1409 ἀλλά
440 1352 501 1405 τὸ
531 1349 733 1405 ταύτδν
764 1349 865 1419 τῆς
898 1345 1115 1416 φύσεως
1148 1342 1547 1405 ἀποδείκνυσιν,
1581 1339 1656 1402 ὡς

24 1447 321 1517 τοιαύτην
366 1444 462 1498 τοῦ
506 1442 829 1515 πράγματος
876 1438 1091 1509 ἔχοντος
1125 1434 1293 1505 φύσιν
1333 1432 1655 1503 κινουμένην

28 1539 140 1591 καὶ
177 1535 636 1609 μεταπίπτουσαν
676 1532 775 1602 τῆς
826 1530 1077 1601 εἰρήνης,
1110 1527 1205 1579 καὶ
1235 1524 1358 1577 τότε
1390 1524 1526 1593 αύτῇ
1547 1522 1657 1592 οτὴν

32 1628 352 1700 κινητικὴν
399 1625 543 1698 ζωὴν
591 1625 850 1696 ἀκίνητον
900 1618 1294 1691 φυλαττούσης,
1332 1617 1513 1680 καθὼς
1546 1614 1657 1686 ἔχει

35 1739 306 1793 φύσεως.

1757 526 1872 583 tur,
1900 519 1997 574 sed
2039 519 2159 574 sine
2190 518 2471 575 deditione
2515 530 2684 589 atque
2718 521 2773 576 in
2802 524 2986 591 quiete
3022 533 3170 587 sunt,
3205 540 3330 579 cum

1754 610 1808 665 id
1842 610 2009 665 etiam
2038 609 2218 665 lorum
2255 609 2452 664 habeat
2489 609 2541 664 in
2579 610 2645 663 iis
2675 626 2798 680 quae
2828 625 3153 681 quocunque
3182 625 3329 667 tnotu

1752 701 1990 762 cientur,
2017 709 2073 753 ιιι
2105 698 2158 751 in
2192 698 2307 753 sole
2332 699 2519 754 videre
2550 699 2673 768 quis
2712 699 2910 769 possit,
2937 699 3021 753 vel
3071 700 3123 753 in
3157 702 3333 769 parti-

1753 794 1855 847 bus
1879 789 2029 855 cmli,
2056 788 2142 845 vel
2175 789 2230 843 in
2268 788 2392 845 aliis
2413 804 2533 860 qua
2560 787 2722 844 facile
2751 799 3053 856 mutantur,
3083 799 3246 859 atque
3275 791 3327 845 in

1753 883 1860 937 alia
1905 892 2072 950 atque
2104 881 2211 935 alia
2253 891 2511 952 vergunt;
2547 880 2690 936 sicut
2736 881 2901 935 etiam
2956 880 3007 935 in
3036 881 3243 949 fulgure
3271 896 3331 935 se
3401 933 3405 936 .

1756 990 1846 1029 res
1872 976 2066 1039 habet,
2110 974 2253 1044 quod
2286 983 2610 1041 extempore
2655 973 2912 1029 deorsum
2959 983 3230 1037 moretur,
3276 983 3333 1026 et

1754 1066 1951 1120 iterum
1991 1077 2250 1125 sursum;
2286 1062 2367 1116 vel
2404 1064 2456 1116 in
2488 1062 2652 1130 mari,
2693 1063 2853 1115 modo
2877 1064 3097 1131 quidem
3120 1062 3331 1131 procel-

1757 1157 1894 1221 loso,
1929 1154 2090 1209 modo
2122 1169 2256 1209 vero
2308 1154 2631 1223 tranquillo.
2681 1156 2753 1208 ita
2795 1163 2854 1207 ιιι
2888 1154 3052 1207 etiant
3102 1154 3333 1225 ipsamct

1756 1249 1966 1305 alterna
2011 1249 2181 1303 motio
2233 1264 2340 1303 non
2389 1248 2693 1303 constituat
2751 1247 3117 1303 differentiam
3161 1256 3216 1301 et
3251 1249 3334 1303 di-

1757 1340 2074 1396 versitatem
2104 1379 2120 1403 ,
2186 1342 2281 1394 sed
2327 1351 2536 1393 naturae
2587 1338 2925 1393 identitatem
2974 1338 3331 1402 demonstrct,

1758 1433 1961 1503 quippe
1990 1441 2186 1487 natura
2212 1431 2290 1485 rei
2320 1430 2627 1484 istiusmodi
2678 1441 2885 1485 motum
2914 1441 2969 1485 et
2996 1430 3332 1484 vicissitudi-

1758 1536 1880 1576 nem
1915 1537 2016 1593 pro
2039 1536 2174 1592 pace
2208 1537 2304 1576 sua
2336 1521 2615 1588 exigente,
2643 1530 2698 1574 et
2728 1533 2839 1576 tum
2868 1521 3035 1578 etiam
3075 1520 3331 1575 mobilem

1758 1629 1911 1670 suam
1941 1614 2109 1669 vitam
2150 1614 2435 1669 immotam
2471 1621 2854 1679 conservante,
2888 1621 3049 1683 prout
3076 1612 3193 1685 ejus
3232 1628 3335 1666 na-

1761 1717 1878 1762 tura
1910 1706 2038 1761 fert.

116 1814 149 1886 ς
198 1778 280 1867 ν]
309 1814 374 1866 Εἰ
406 1812 461 1866 δὲ
495 1810 588 1864 τὸν
618 1806 869 1879 δεύτερον
913 1802 1071 1873 λόγον
1116 1800 1306 1871 λέγει,
1353 1799 1649 1872 ἑτερότητα

1828 1796 1856 1866 §
1901 1794 1964 1851 V.
2006 1794 2062 1850 Si
2104 1809 2235 1850 vero
2270 1794 2501 1850 alteram
2552 1795 2819 1852 rationem
2868 1793 3085 1862 afferat,
3134 1794 3339 1851 contir-

37 1904 479 1979 ἰσχυριζόμενος
522 1898 662 1955 εἶναι
708 1898 851 1954 κατά
899 1895 1113 1950 τελείαν
1159 1894 1260 1965 τῆς
1305 1894 1526 1966 εἰρήνης
1556 1893 1650 1947 ἔκ-

24 2012 284 2062 πτωσιν,
302 1994 485 2059 καθὼς
497 1992 549 2046 οἰ
575 1990 867 2059 Μανιχαῖοι
906 1985 1094 2055 ελεγον
1149 1983 1246 2055 τὴν
1280 1982 1413 2054 ὓλην
1444 1982 1653 2037 αύθύπ-

36 2104 259 2159 αρκτον
294 2084 560 2139 ἀστασίαν
591 2080 687 2135 καί
740 2077 1046 2151 περιφορὰν
1088 2076 1185 2155 καὶ
1227 2074 1522 2148 ἀπειρίαν,
1557 2075 1653 2129 καὶ

38 2179 350 2251 ἀοριστίαν
382 2177 630 2249 ἔχουσαν,
669 2173 801 2227 ἴστω
830 2172 907 2235 ὼς
938 2168 1061 2224 οὕτε
1092 2170 1153 2223 ὂν
1184 2171 1301 2222 ἐστι
1320 2166 1479 2221 τοῦτο
1500 2160 1652 2238 ,’ὖλη

44 2274 300 2345 μένουσα
333 2271 429 2324 καί
466 2268 589 2322 καθ’
623 2266 792 2338 αὐτὴν
843 2261 1218 2333 ὑφισταμένηο
1270 2258 1396 2314 οὔτε
1443 2261 1551 2333 μὴν
1594 2261 1652 2313 ὲν

37 2369 167 2429 τοῖς
200 2360 358 2418 οὖσιν
396 2362 704 2433 εὑρίσκεται
724 2398 740 2423 ,
773 2357 849 2421 ὡς
882 2351 1023 2408 εἶναι
1053 2355 1147 2408 καὶ
1182 2353 1352 2425 αὐτὴν
1387 2352 1517 2424 μίαν
1544 2352 1653 2406 τῶν

40 2453 566 2527 εἰδοπεποιημένων
612 2450 950 2520 κτισμάτων.
997 2448 1063 2501 Εἰ
1110 2446 1242 2516 γοῦν
1274 2444 1397 2499 οὔτε
1444 2444 1654 2499 εἰδοπε-

41 2550 357 2621 ποιημένον
390 2547 538 2601 ἐστὶν
569 2546 646 2609 ὡς
677 2542 746 2596 τά
778 2542 942 2606 ὄντα,
976 2539 1102 2595 οὔτε
1136 2539 1243 2610 μὴν
1278 2537 1516 2593 ἀνείδεον
1552 2536 1651 2608 μὲ-

41 2661 143 2696 νον
177 2643 240 2695 δν
274 2642 424 2705 ἐστι,
460 2638 555 2692 καὶ
598 2637 722 2691 καθ’
755 2635 918 2690 αὐτὸν
963 2632 1363 2704 ὑφιστάμενον,
1412 2629 1529 2693 πῶς
1573 2627 1653 2682 εῖ-

45 2752 281 2806 ποιμεν,
317 2736 400 2788 ὅτι
447 2732 510 2786 τὸ
554 2729 794 2784 τοιοῦτον
827 2728 1051 2799 εἰρήνην
1081 2726 1182 2779 οὐκ
1214 2724 1367 2796 ἔχει;
1407 2725 1470 2777 Εἰ
1505 2722 1563 2776 δὲ
1591 2722 1655 2776 τὸ

45 2829 241 2899 τρίτον
266 2826 453 2898 φησὶν,
486 2825 568 2877 ὅτι
607 2822 759 2886 τινες
799 2823 934 2874 εἰσιν
966 2818 1399 2889 ἀπεχθανόμενοι
1417 2815 1496 2886 τῷ
1518 2816 1655 2884 ἀγα-

50 2920 157 2992 eq),
198 2920 297 2974 καί
327 2922 449 2982 ταῖς
478 2917 621 2988 ἔρισι
655 2915 750 2969 καί
776 2918 891 2977 τοῖς
930 2914 1123 2984 θυμοῖς
1161 2911 1475 2983 χαίροντες,
1511 2908 1655 2979 φημί

50 3016 140 3067 ὅτι
175 3014 275 3066 καὶ
306 3007 453 3065 οὗτοι
487 3012 761 3081 ἀμαυροῖς
805 3005 1045 3070 εἰδώλοις
1089 3004 1189 3075 τῆς
1233 3004 1455 3074 ἀγάπης
1490 3001 1653 3056 κατέ-

1756 1902 1931 1946 mans.
1958 1885 2336 1941 diversitatem
2361 1886 2605 1943 existere
2631 1901 2729 1956 per
2756 1886 3125 1942 omnimodam
3149 1902 3179 1941 a
3207 1902 3337 1956 pace

1754 1978 2180 2050 prolapsionem,
2202 1979 2345 2034 sicut
2379 1978 2659 2034 Manicbzei
2699 1979 2957 2034 dicebant
2986 2018 3003 2043 ,
3049 1979 3335 2035 materiam

1754 2070 1958 2127 habere
1988 2085 2088 2140 per
2126 2085 2188 2127 se
2217 2070 2609 2127 subsistentem
2660 2070 3080 2126 instabilitatem
3129 2080 3187 2126 et
3227 2071 3336 2123 eir-

1754 2139 2196 2226 cutufereutiam,
2237 2170 2294 2216 et
2332 2159 2660 2214 infinitatem
2705 2169 2761 2213 et
2811 2139 3334 2221 interminationetn,

1754 2254 1893 2309 sciat
1925 2251 2135 2308 nullum
2179 2266 2280 2308 ens
2327 2267 2471 2318 esse,
2509 2251 2654 2321 quod
2700 2252 2782 2306 sic
2822 2263 3048 2306 materia
3096 2261 3335 2315 maneat,

1754 2356 1812 2403 ct
1841 2362 1940 2416 per
1976 2360 2037 2401 se
2065 2345 2364 2409 subsistat;
2397 2359 2576 2412 neque
2613 2342 2663 2397 id
2701 2345 2960 2401 etiamin
2988 2345 3151 2400 rebus
3181 2358 3338 2413 repe-

1756 2439 1875 2504 riri,
1903 2453 2025 2493 cum
2070 2438 2183 2507 ipsa
2215 2436 2382 2491 etiam
2413 2452 2516 2488 una
2552 2437 2623 2489 sit
2664 2452 2730 2490 ex
2764 2437 3043 2492 creaturis
3085 2437 3191 2491 illis
3217 2451 3339 2505 quae

1756 2527 2151 2584 informantur.
2180 2526 2236 2581 Si
2271 2526 2452 2595 itaque
2480 2541 2585 2579 non
2617 2526 2691 2579 sit
2724 2526 3045 2592 informata,
3075 2526 3218 2581 sicut
3252 2540 3341 2581 res

1755 2629 1987 2684 canere,
2023 2633 2202 2686 neque
2246 2618 2413 2671 etiam
2458 2628 2632 2685 certe,
2660 2619 2786 2673 dum
2837 2619 3092 2674 informis
3134 2629 3339 2684 manet,

1757 2725 1845 2766 res
1871 2710 1965 2774 sit,
2000 2724 2067 2764 ne
2097 2724 2194 2778 per
2233 2724 2293 2763 se
2329 2710 2630 2774 subsistat;
2672 2711 2949 2780 quomodo
2999 2712 3242 2767 dicemus
3287 2712 3339 2781 id

1756 2802 1901 2873 quod
1933 2800 2039 2854 tale
2067 2810 2154 2854 est
2185 2816 2292 2854 non
2323 2800 2527 2855 habere
2558 2817 2745 2870 pacem
2773 2803 2796 2856 ἰ
2847 2802 3003 2869 Quod
3034 2803 3082 2857 si
3117 2802 3338 2856 tertium

1756 2894 1928 2958 dicat,
1964 2891 2180 2961 aliquos
2212 2906 2334 2945 esse
2362 2894 2453 2960 qui
2489 2894 2633 2946 bono
2676 2893 3059 2959 adversantur,
3109 2903 3167 2948 et
3210 2908 3342 2947 cou-

1760 2984 2093 3041 tentiouibus
2133 2994 2187 3039 et
2236 2984 2334 3037 iris
2374 2987 2672 3054 gaudeant,
2719 2986 2844 3040 dico
2873 2987 3039 3039 etiaut
3072 2984 3195 3039 illos
3241 2986 3341 3039 ob-

54 3124 278 3181 χονται’
316 3106 423 3159 ὑπὸ
453 3077 564 3177 γὰρ
597 3077 785 3157 παθῶν
825 3099 1232 3171 ἐνοχλούμενοι,
1269 3097 1364 3151 καί⁵
1393 3095 1464 3149 τά
1508 3095 1653 3167 πάθη

1791 3078 1935 3133 curis
1960 3078 2291 3147 quibusdam
2331 3077 2640 3132 dilectionis
2669 3078 2982 3133 simulacris
3024 3078 3336 3140 contineri;

56 3200 204 3256 κατά
227 3199 451 3269 ἄγνοιαν
473 3196 549 3260 ὡς
584 3194 724 3249 καλά
752 3194 997 3256 θέλοντες
1029 3192 1203 3262 ίστᾷν,
1233 3188 1480 3242 δοκοῦσιν
1506 3188 1660 3259 εἰρή-

58 3311 161 3365 νης
175 3290 482 3364 ὀρέγεσθαι,
502 3288 777 3359 ἐφιέμενοι
800 3284 971 3347 ἀδεῶς
1003 3280 1298 3336 ἀπολαύειν
1310 3279 1419 3333 τῶν
1446 3277 1657 3344 παθῶν,

59 3393 158 3444 καὶ
172 3389 407 3459 οἰόμενοι
421 3382 720 3457 εἰρηνεύειν
736 3380 961 3443 ἑαυτοὺς
977 3377 1072 3432 ἐὰν
1089 3372 1526 3446 ἀποπληρωθῶσι
1550 3370 1659 3425 τῶν

62 3483 152 3537 ἀεὶ
187 3479 565 3552 ἀπορρεόντων
594 3474 802 3538 παθῶν,
834 3473 923 3527 ἀεὶ
961 3471 1066 3525 ὑπὸ
1096 3469 1300 3524 τούτων
1333 3463 1660 3537 ἐκταραττό-

66 3590 240 3643 μενοι.
273 3572 337 3626 Τί
369 3571 434 3625 ἄν
460 3586 545 3633 τις
580 3568 724 3620 εἴποι
763 3565 892 3636 περί
930 3562 1032 3633 τῆς
1072 3559 1215 3615 κατὰ
1247 3556 1483 3631 Χριστὸν
1507 3556 1659 3627 εἰρή-

65 3683 186 3736 νης,
203 3663 323 3718 καθ’
346 3664 413 3733 ἢν
439 3662 584 3724 ἆπας
610 3658 772 3728 ἐλύθη
805 3656 1071 3727 πόλεμος,
1106 3654 1200 3707 καὶ
1234 3651 1308 3723 μὴ
1345 3648 1505 3721 μόνον
1532 3645 1656 3701 οὔτε

67 3758 313 3819 ἑαυτοῖς,
338 3753 460 3807 οὔτε
496 3751 746 3822 ἀλλήλοις
767 3788 783 3812 ,
823 3746 947 3800 οὔτε
984 3744 1237 3814 ἀγγέλοις
1273 3738 1654 3813 μαχησόμεθα,

70 3848 205 3902 ἀλλά
226 3848 319 3900 καὶ
336 3846 519 3907 αὐτοῖς
535 3840 646 3906 τοῖς
663 3839 915 3910 ἀγγέλοις
932 3834 1165 3906 συνεργή
1173 3847 1359 3903 σομεν,
1377 3829 1475 3901 τὴν
1488 3826 1657 3898 αὐτὴν

70 3940 253 4001 αὐτοῖς
276 3937 401 4008 περί
426 3935 488 3987 τὸ
516 3934 668 3987 Θεῖον
693 3932 855 3993 σέϐας
881 3918 1139 3999 λατρείαν
1163 3923 1259 3977 καί
1289 3919 1656 3993 προσκύνησιν

70 4029 379 4091 τελοῦντες,
414 4025 481 4078 δι’
515 4020 585 4096 ἧς
621 4021 844 4094 εἰρήνης
882 4014 1218 4091 κατήλλαξεν
1267 4013 1415 4084 ἡμᾶς
1453 4008 1652 4081 ἑαυτῷ,

69 4121 151 4194 τῷ
186 4120 349 4190 Πατρί
382 4135 443 4172 τε
474 4118 570 4172 καὶ
596 4115 675 4186 τῷ
702 4113 1015 4186 Πνεύματι,
1058 4109 1187 4181 περί
1223 4100 1301 4162 ὧν
1349 4104 1445 4160 καί
1488 4103 1655 4158 ἀλλα-

75 4216 203 4289 χόσε
237 4211 433 4275 ἱκανῶς
467 4210 702 4282 εἴρηται.

152 4390 183 4462 ς
204 4389 287 4447 Vl.
301 4387 574 4443 Ἐντεῦθεν
588 4384 856 4440 εἰσϐάλλει
871 4383 967 4439 καὶ
985 4379 1294 4455 ἑρμηνεύει,
1310 4376 1550 4441 πῶςνοεῖ
1561 4374 1653 4428 τὸν

1758 3184 1790 3223 a
1823 3168 2166 3239 passionihus
2192 3169 2337 3223 enim
2372 3169 2584 3237 agitati,
2619 3184 2825 3237 easque
2852 3184 2948 3239 per
2970 3168 3337 3239 ignorantiam

1756 3262 1912 3331 quasi
1942 3261 2113 3315 bonas
2138 3261 2332 3315 sedare
2359 3259 2622 3323 volentes,
2647 3274 2837 3330 pacem
2864 3268 3123 3330 appetere
3152 3258 3339 3314 viden—

1760 3359 1871 3416 tur,
1920 3350 2052 3402 dum
2100 3347 2449 3418 passionibus
2499 3347 2723 3418 impune
2768 3347 2878 3403 frui
2920 3349 3253 3412 desiderant,
3284 3358 3342 3403 et

1756 3441 2101 3496 arbitrantur
2137 3455 2196 3495 se
2223 3454 2415 3510 pacem
2463 3441 2690 3507 habere,
2721 3441 2766 3495 si
2810 3442 3074 3497 continuo
3121 3440 3341 3496 ﬂuenti-

1757 3533 1861 3589 bus
1916 3533 2265 3603 passiouibus
2330 3534 2666 3603 repleantur,
2736 3535 2807 3589 ab
2871 3534 3063 3590 iisdem
3121 3550 3342 3604 semper

1758 3625 1923 3696 520
1959 3624 2251 3695 exagitari.
2304 3624 2444 3692 Quid
2500 3642 2668 3696 porro
2717 3627 2868 3683 dicat
2919 3628 3042 3696 quis
3091 3627 3159 3681 de
3206 3643 3340 3696 pace

1754 3718 1997 3783 Christi,
2068 3733 2174 3787 qua
2228 3717 2429 3771 bellum
2483 3732 2647 3773 omne
2701 3718 3027 3773 dissolutunt
3088 3727 3217 3778 est,
3282 3728 3342 3773 ttt

1756 3824 1863 3865 non
1901 3809 2077 3863 solum
2119 3821 2295 3876 neque
2338 3807 2645 3873 nobiscum,
2694 3822 2871 3876 neque
2904 3823 3026 3861 rum
3078 3807 3335 3870 invicem,

1755 3915 1933 3970 neque
1974 3914 2097 3954 cum
2125 3897 2333 3967 angelis
2358 3897 2557 3952 bellum
2588 3899 2912 3963 habeatnus,
2948 3911 3138 3952 verum
3169 3899 3334 3952 etiam

1754 3991 1892 4061 ipsis
1932 3989 2144 4059 angelis
2180 4002 2563 4057 cooperetnur,
2593 3989 2845 4044 eumdem
2888 4004 3012 4043 cum
3057 3988 3192 4058 ipsis
3225 3988 3334 4042 Deo

1754 4082 1961 4138 cultum
1994 4092 2048 4136 et
2071 4082 2449 4135 adorationem
2474 4078 2824 4145 exhibentes,
2855 4094 2962 4149 qua
2987 4079 3174 4148 utique
3198 4094 3334 4148 pace

1755 4174 2072 4233 conciliavit
2106 4188 2205 4228 nos
2230 4172 2361 4236 sibi,
2392 4180 2447 4225 et
2475 4170 2649 4235 Patri,
2683 4180 2740 4225 et
2763 4168 2995 4242 Spiritui
3025 4180 3237 4237 sancto,
3268 4170 3336 4225 de

1755 4269 1954 4342 quibus
1982 4267 2148 4322 etiam
2175 4265 2303 4319 alibi
2329 4263 2464 4319 satis
2496 4262 2701 4317 dictum
2727 4271 2831 4318 est.
3294 4316 3297 4321 ν

1827 4358 1857 4431 §
1886 4358 1973 4413 VI.
1996 4356 2096 4413 llic
2129 4355 2294 4411 etiam
2340 4352 2654 4417 introducit,
2679 4361 2735 4407 et
2774 4352 3033 4421 explicat,
3058 4352 3333 4423 quomodo

76 4445 212 4537 Θεδν
237 4445 506 4551 αύτοζωὴν
544 4475 681 4533 εἶναι
705 4519 720 4543 ,
760 4478 855 4531 καί
879 4476 981 4546 τῆς
1006 4445 1284 4543 αύτοζωῆς
1316 4468 1648 4538 ὑποστάτην,

1791 4450 2024 4521 mtelligat
2064 4450 2229 4502 Deum
2270 4460 2397 4501 esse
2441 4460 2538 4514 per
2564 4462 2622 4499 se
2650 4445 2844 4511 vitam,
2880 4455 2935 4500 et
2979 4460 3077 4513 per
3111 4458 3174 4500 se
3210 4445 3334 4499 vita:

80 4574 179 4627 καὶ
212 4571 275 4624 τὰ
300 4573 458 4643 ὅμοια
483 4610 497 4635 ,
529 4568 718 4640 ἐπειδὴ
748 4566 846 4621 καὶ
880 4569 939 4620 ὲν
977 4563 1291 4626 ἐπιστολαῖς
1328 4560 1485 4615 τοῦτο
1528 4576 1654 4612 συν-

82 4667 263 4728 έθετο,
292 4664 384 4718 καὶ
425 4665 453 4716 6
497 4662 651 4731 ἀγιος
693 4658 957 4731 Τιμόθεος
987 4657 1236 4728 ἠπόρησε
1269 4654 1399 4726 περί
1439 4652 1651 4705 τούτου.

80 4759 220 4830 Φησὶ
245 4756 439 4818 τοίνυν,
469 4757 551 4809 ὅτι
583 4755 685 4808 ούκ
719 4753 868 4806 ἐστιν
916 4749 1157 4804 ἐναντίον
1198 4749 1372 4801 εἰπεῖν
1401 4744 1494 4798 τὸν
1523 4744 1654 4797 Θεὸν
1710 4784 1713 4789 ι

83 4851 185 4905 καί⁹
224 4846 527 4920 αύτοζωὴν,
574 4847 671 4899 καὶ
706 4843 987 4913 αύτοζωῆς
1036 4838 1383 4909 ὑποστάτηνο
1439 4837 1655 4905 λέγεται

84 4943 197 5013 γὰρ
225 4942 251 4993 6
284 4940 409 5004 Θεὸς
442 4939 538 4991 καί¹
576 4941 642 4991 ὲκ
676 4936 784 4989 τῶν
821 4935 988 4988 ὄντων
1008 4971 1023 4997 ,
1062 4932 1140 4992 ῶς
1172 4928 1430 4985 αἰτιατῶν
1462 4928 1653 4990 αἴτιος,

86 5035 186 5088 καὶ
216 5031 436 5103 μάλιστα
458 5034 523 5084 ὲκ
544 5029 654 5082 τῶν
677 5026 910 5098 πρώτως
935 5024 1125 5078 ὄντων.
1166 5019 1404 5091 Πρώτως
1441 5020 1499 5073 δὲ
1527 5019 1658 5071 ὄντα

86 5123 237 5196 οἶμαι
262 5122 414 5177 αὑτὸν
458 5120 735 5191 εἰρηκέναι
762 5117 863 5181 τὰς
895 5114 1294 5187 ὑπερκοσμίους
1329 5115 1551 5182 φύσεις,
1580 5108 1656 5173 ὼς

90 5216 312 5290 πρώτως
339 5216 432 5268 καί
458 5211 774 5285 ἁκραιφνῶς
803 5209 911 5263 τῶν
941 5208 1101 5262 θείων
1141 5203 1359 5277 δωρεῶν
1403 5201 1646 5275 μετεχού-

95 5326 228 5371 σας,
270 5304 440 5375 ζωῆς,
487 5304 819 5365 ἀθανασίας,
866 5300 960 5353 καὶ
1000 5296 1108 5350 τῶν
1146 5295 1367 5348 λοιπῶν.
1412 5295 1510 5347 Ἐκ
1539 5292 1649 5343 τῶν

95 5405 258 5456 ὄντων
293 5400 466 5452 τοίνυν
507 5396 795 5467 λεγόμενος
837 5395 866 5446 6
904 5392 1069 5457 Θεὸς,
1113 5390 1191 5453 ὡς
1232 5388 1404 5451 αἴτιος
1446 5389 1511 5440 ἐκ
1549 5385 1658 5438 τῶν

97 5488 339 5545 αἱτιατῶν
380 5486 588 5555 λέγοιτο
627 5484 693 5539 ἂν
735 5481 876 5537 κατά
916 5481 1105 5545 τοῦτο,
1152 5479 1245 5533 καὶ
1286 5480 1315 5532 6
1356 5477 1454 5548 τῆς
1497 5476 1658 5530 αύτο-

100 5583 239 5649 ζωης
266 5580 564 5649 ὑποστάτης
596 5578 691 5632 καὶ
730 5575 935 5640 αἴτιος,
960 5572 1206 5644 αύτοζωὴ
1245 5574 1310 5625 ὲκ
1350 5568 1445 5623 τοῦ
1486 5569 1661 5622 αἰτια-

102 5673 209 5726 τοῦ.
235 5671 293 5724 Τί
317 5671 370 5724 δέ
401 5675 546 5724 ἐστιν
576 5671 608 5740 ἠ
637 5666 884 5737 αύτοζωὴ
915 5665 1074 5736 αὕτη,
1108 5659 1465 5734 παρακατιὼν
1491 5658 1655 5727 εἴποι.

106 5768 262 5818 Ὅταν
283 5762 335 5815 δὲ
361 5762 522 5824 αὐτὸς
551 5760 763 5829 λέγεται
793 5759 819 5809 ὁ
848 5757 978 5819 Θεὸς
1009 5752 1275 5824 αύτοζωὴ,
1308 5752 1447 5823 ὑπὲρ
1480 5750 1658 5803 πᾶσαν

1756 4542 2135 4605 conditorem,
2164 4548 2217 4593 el
2252 4535 2479 4603 similia,
2513 4536 2961 4606 quandoquidem
3000 4536 3052 4591 id
3084 4536 3250 4591 etiam
3280 4538 3333 4591 itt

1753 4631 2011 4705 Epistolis
2060 4629 2347 4701 posuerit,
2396 4638 2453 4682 et
2496 4638 2720 4683 sanctus
2764 4626 3085 4681 Timotheus
3127 4626 3195 4680 de
3230 4626 3333 4680 huc

1755 4727 2041 4784 dubitarit.
2087 4724 2183 4778 Ait
2233 4722 2417 4792 itaque
2459 4738 2565 4774 non
2611 4736 2855 4789 pugnare
2901 4734 3109 4782 secum,
3150 4719 3334 4779 dicere

1754 4817 1926 4873 Deum
1971 4828 2095 4870 esse
2140 4827 2241 4884 per
2270 4828 2331 4868 se
2368 4811 2560 4872 vitam.
2591 4820 2648 4864 et
2694 4825 2790 4878 per
2824 4824 2884 4863 se
2920 4808 3044 4863 vita:
3080 4808 3334 4863 condito-

1756 4925 1910 4975 rem;
1949 4909 2153 4964 dicitur
2196 4905 2343 4960 enim
2368 4904 2536 4967 Deus,
2564 4903 2729 4956 etiam
2779 4917 2844 4955 ex
2880 4902 3041 4957 rebus
3074 4911 3332 4969 tanquam

1754 5001 2045 5058 elfectuum
2087 5012 2276 5063 causa,
2308 5006 2363 5051 et
2391 4996 2627 5049 maxime
2648 5009 2715 5048 ex
2758 4993 2827 5048 iis
2855 5008 2975 5063 quae
2998 4993 3173 5063 primo
3213 4992 3335 5047 loco

1756 5103 1902 5151 sunt.
1931 5091 2196 5163 Existimo
2218 5098 2399 5142 autem
2443 5087 2621 5157 ipsum
2650 5101 2745 5156 per
2774 5100 2837 5141 ea
2867 5101 2989 5157 qua:
3015 5085 3191 5156 primo
3215 5085 3334 5139 loco

1756 5196 1906 5252 sunt,
1950 5183 2289 5239 intellexisse
2330 5188 2558 5234 naturas
2602 5178 3334 5249 supramundiales,'quippe

1757 5282 1937 5352 primo
1964 5278 2081 5332 loco
2111 5272 2427 5343 liquidoque
2452 5272 2633 5327 divina
2659 5287 2882 5328 munera
2916 5271 3332 5341 participautes,

1758 5382 1818 5428 ut
1846 5373 2035 5432 vitam,
2078 5364 2570 5431 immortalitatem,
2598 5374 2654 5419 et
2679 5364 2914 5431 reliqua.
2948 5361 3137 5433 Itaque
3168 5362 3332 5430 Deus,

1758 5464 1849 5534 qui
1877 5476 1945 5516 ex
1973 5460 2155 5523 rebus,
2185 5465 2444 5527 tanquam
2469 5471 2631 5511 causa
2655 5470 2722 5511 ex
2745 5454 2977 5521 eil‘ectis,
3004 5454 3329 5526 appellatur,

1760 5554 2058 5613 secundum
2098 5553 2203 5606 hoc
2231 5551 2398 5605 etiam
2437 5549 2545 5604 dici
2583 5549 2756 5618 possit
2800 5548 2970 5618 ipsius
3004 5562 3101 5617 per
3126 5562 3189 5602 se
3211 5548 3334 5604 vitae

1761 5648 2014 5708 conditor
2056 5654 2113 5699 et
2160 5651 2377 5706 auctor,
2425 5655 2491 5695 cx
2527 5638 2720 5695 cll'ectu
2765 5655 2860 5709 per
2907 5653 2966 5694 se
3001 5640 3145 5695 vitae.
3192 5639 3333 5707 Quid

1764 5758 1895 5801 vero
1951 5740 2023 5795 sit
2080 5737 2194 5792 haec
2239 5749 2336 5805 per
2382 5748 2441 5789 se
2494 5732 2604 5788 vita
2634 5773 2649 5801 ,
2708 5731 2781 5799 ita
2831 5746 3170 5803 prosequens
3218 5736 3327 5786 ait:
