3742 6298
440 302 542 357 967

1588 306 1645 365 S.
1682 306 1980 365 DIONYSII
2014 306 2478 365 AREOPAGITAE
3615 314 3701 367 θα

437 419 667 486 Quando
718 428 897 476 autent
946 419 1149 477 dicitur
1180 418 1323 477 Deus
1377 436 1475 490 pcr
1528 436 1588 477 se
1645 423 1799 489 vita,
1840 439 1915 485 sui

2222 442 2276 476 ἰν
2305 423 2557 493 λέγεται,
2587 424 2756 495 ἦγονν
2781 425 2876 479 καὶ⁵
2905 426 3046 499 ὑπὲρ
3073 426 3360 497 ἀγγέλους
3407 425 3513 479 καὶ
3551 430 3700 481 sim

436 526 653 567 omnem
685 522 933 567 naturam
958 513 1179 579 dicitur,
1215 513 1267 567 id
1294 521 1379 567 est
1408 515 1574 569 etiam
1603 528 1766 584 supra
1792 516 2013 586 angelos

446 620 774 676 omnemque
813 607 1175 661 substantiam
1218 606 1541 675 spiritalem.
1587 608 1663 663 Ex
1696 624 1803 663 uno
1833 624 2014 665 autem

433 694 681 765 exemplo
716 696 864 758 vitae,
906 710 1006 749 nos
1043 694 1208 753 etiam
1237 696 1303 750 de
1337 696 1606 751 similibus
1634 698 1890 753 similiter
1919 714 2014 755 co-

432 787 615 854 gitare
661 795 899 850 oportet.
933 786 1402 852 Quemadmodum
1439 787 1605 853 igitur
1643 787 1696 842 in
1740 789 1862 845 aliis
1886 789 2018 846 επε-

428 874 536 926 ctis
572 872 896 941 reperimus,
936 872 1104 927 Deum
1130 874 1296 927 etiam
1336 890 1399 929 ex
1430 875 1513 929 his
1536 876 1767 943 dictum,
1808 891 1863 934 et
1896 896 2016 935 rur-

430 978 551 1017 sum
602 978 765 1031 supra
822 964 936 1017 haec
985 966 1244 1030 existere,
1300 967 1480 1035 ignem
1529 980 1584 1024 et
1624 985 1785 1039 supra
1812 972 2012 1037 ignem,

441 1064 680 1109 mentem
713 1066 769 1109 et
794 1071 957 1124 supra
998 1067 1257 1121 mentem,
1295 1060 1546 1129 spiritum
1580 1072 1635 1115 et
1665 1078 1828 1130 supra
1856 1065 2013 1134 spiri-

429 1154 571 1213 tum,
619 1148 699 1201 sic
730 1148 915 1202 etiam
970 1164 1066 1219 per
1112 1166 1171 1205 se
1215 1151 1324 1205 vita
1375 1154 1584 1208 dicitur
1636 1164 1893 1225 tanquam
1944 1173 2011 1212 ex

428 1238 649 1305 effectu,
693 1248 750 1295 et
789 1256 954 1311 supra
1012 1242 1207 1312 ipsam.
1259 1244 1400 1310 Quid
1438 1262 1593 1312 vero,
1648 1249 1880 1317 inquies,
1931 1258 2014 1304 est

431 1332 546 1386 haec
573 1346 670 1400 per
699 1346 759 1386 se
794 1332 934 1398 vita,
969 1333 1125 1404 cujus
1156 1335 1381 1392 eﬂ'ector
1414 1347 1469 1392 et
1514 1355 1682 1394 causa
1714 1339 1855 1396 Deus
1884 1342 2012 1395 est?

430 1438 558 1477 num
587 1431 670 1477 est
701 1437 787 1477 res
811 1438 908 1492 per
936 1438 996 1478 se
1041 1425 1369 1494 subsistens,
1406 1428 1568 1482 etiam
1618 1432 1913 1484 secundum
1952 1447 2011 1488 se

428 1514 819 1569 considerata?
848 1513 963 1570 Non
993 1516 1095 1571 hoc
1123 1517 1389 1585 dicimus;
1417 1535 1519 1573 non
1546 1522 1689 1575 enim
1721 1532 1803 1577 est
1831 1523 2008 1594 aliqua

426 1604 765 1669 substantia,
805 1606 922 1662 sive
958 1608 1145 1662 divina
1188 1609 1305 1665 sive
1348 1611 1616 1680 angelica,
1650 1612 1780 1667 illud
1824 1630 1920 1685 per
1949 1631 2009 1671 se

427 1710 552 1751 esse
582 1712 748 1752 causa
788 1699 1041 1753 essentia:
1076 1701 1342 1765 omnium,
1385 1702 1469 1757 vel
1501 1718 1596 1772 per
1631 1719 1690 1759 se
1721 1705 1853 1771 vita,
1898 1721 2003 1775 qua

2117 516 2309 587 νοερὰν
2336 517 2544 570 οὐσίαν.
2588 516 2677 583 Ἐξ
2706 516 2823 577 ἐνὸς
2849 518 2907 568 δὲ
2931 519 3033 589 τῆς
3062 519 3209 589 ζωῆς
3229 561 3247 586 ,
3297 522 3403 576 καὶ
3454 522 3582 591 περὶ
3614 522 3701 574 τᾶι

2114 608 2315 679 ὁμοίων
2355 608 2557 680 ὁμοίως
2600 611 2750 680 ἡμᾶς
2788 609 2869 663 δεῖ
2908 614 3067 663 νοεῖν.
3110 612 3198 675 Ὡς
3240 610 3392 681 γοῦν
3436 614 3532 664 ἐπ’
3557 613 3705 666 ἄλλων

2116 701 2376 754 αἱτιατῶν
2410 700 2737 772 εὑρίσκομεν
2764 700 2856 755 τὸν
2882 701 3015 755 Θεὸν
3044 702 3137 755 καὶ
3167 702 3283 755 ἀπὸ
3315 703 3548 756 τούτων
3573 705 3703 771 λεγει-

2120 808 2299 862 μενον,
2334 791 2429 846 καί
2458 791 2618 845 πάλιν
2648 791 2791 862 ὑπὲρ
2816 792 2991 847 ταῦτα
3014 794 3145 847 ὅντα
3163 834 3178 857 ,
3204 794 3325 866 πῦρ
3357 796 3469 848 καὶ
3501 796 3635 867 ὑάρ
3658 802 3703 849 τι

2117 883 2246 954 πῦρ,
2278 882 2401 937 νοῦν
2444 885 2536 937 καὶ
2579 883 2718 955 ὑπὲρ
2745 883 2837 937 τὸν
2865 885 3019 950 νοῦν,
3064 884 3288 956 πνεῦμα
3330 888 3444 939 καὶ
3488 887 3623 957 ὐτὲρ
3658 892 3701 940 τὲ

2116 975 2367 1045 πνεῦμα’
2413 973 2587 1038 οὑτως
2629 975 2724 1028 καὶ
2766 972 3010 1046 αὐτοζωὴ
3050 975 3126 1039 ὼς
3172 977 3235 1041 ἐξ
3280 977 3584 1039 αἰτιατοῦ,
3629 980 3705 1029 ni

2116 1067 2256 1139 ὑπὲρ
2287 1068 2477 1138 αὐτήν.
2510 1068 2575 1120 'Fl
2615 1067 2705 1133 δὲ,
2749 1068 2957 1133 εἴποις,
2988 1069 3131 1123 ἐστιν
3173 1069 3317 1141 αὕτη
3353 1072 3395 1140 ἡ
3435 1070 3701 1139 απαξ.

2112 1152 2181 1228 ἦς
2209 1159 2237 1211 6
2269 1158 2401 1223 Θεὸς
2428 1158 2739 1229 ὑποστάτης
2758 1160 2852 1212 καὶ
2874 1160 3046 1223 αἴτιος
3069 1178 3082 1225 ;
3115 1157 3225 1232 ἆρα
3242 1160 3651 1232 αὐθὺπαρκτὸν
3662 1182 3702 1213 τ.

2114 1253 2345 1323 πρᾶγμα
2372 1253 2465 1305 καὶ
2492 1252 2612 1307 καθ’
2641 1251 2773 1305 αὐτὸ
2814 1251 3215 1324 θεωρούμενονς
3260 1254 3337 1307 Οὐ
3369 1253 3547 1305 τοῦτο
3573 1254 3703 1319 lira

2116 1357 2249 1413 μεν·
2281 1341 2401 1395 οὐδὲ
2446 1342 2555 1414 γάρ
2599 1340 2715 1396 ἐστι
2745 1359 2831 1406 τις
2872 1342 3062 1405 οὐσία,
3091 1341 3123 1412 ἢ
3152 1341 3275 1395 θεία
3319 1342 3355 1412 ἦ
3406 1342 3698 1410 avehat.

2110 1434 2172 1488 τὸ
2198 1435 2471 1488 αὐτοεϊναι
2502 1433 2649 1487 αἰτία
2686 1432 2780 1485 τοῦ
2813 1429 2951 1486 εἶναι
2982 1432 3049 1486 τὰ
3079 1434 3253 1485 πάντα
3275 1472 3291 1497 ,
3322 1434 3361 1505 ἢ
3394 1436 3434 1505 ἡ
3472 1435 3701 1505 αὐτοζωὶς

2109 1524 2204 1579 τοῦ
2235 1524 2335 1596 ζῇν
2374 1522 2443 1576 τὰ
2486 1521 2882 1594 ζῶντα(μόνον
2909 1526 3018 1595 γὰρ
3049 1520 3145 1577 τοῦ
3190 1518 3333 1576 εἶναι
3378 1524 3460 1577 τὰ
3506 1528 3697 1587 πάντα,

2110 1618 2206 1671 καὶ
2235 1616 2330 1669 τοῦ
2359 1612 2497 1669 εἶναι
2515 1656 2531 1681 ,
2571 1615 2666 1669 καὶ
2693 1615 2825 1668 αὐτὸ
2850 1615 2912 1668 τὸ
2940 1618 2998 1669 ὲν
3021 1618 3134 1679 τοῖς
3162 1611 3317 1670 οὖσιν
3350 1612 3544 1681 εἶναι,
3575 1619 3700 1688 ἀρχὴ

2110 1710 2205 1762 καὶ
2231 1708 2381 1762 αίτία
2408 1707 2556 1761 ἐστὶν
2598 1709 2632 1778 ἡ
2673 1707 2994 1778 ὑπερούσιος
3022 1706 3231 1777 οὐσία).
3270 1708 3397 1760 Οὐκ
3425 1710 3550 1761 ἔστι
3586 1710 3699 1776 γενὲν

430 1789 671 1844 viventia
701 1791 891 1846 vivunt
928 1793 1125 1863 (solum
1159 1796 1304 1849 enim
1348 1795 1416 1863 is,
1452 1798 1544 1865 qui
1574 1808 1659 1851 est
1699 1798 1908 1854 substar

2220 1803 2280 1853 :lv
2310 1799 2545 1873 ἀρχικὰς
2574 1800 2684 1854 τῶν
2719 1801 2888 1855 ὄντων
2927 1801 3021 1855 καὶ
3056 1802 3478 1873 δημιουργικὰς
3506 1804 3698 1865 66352;.

430 1880 1000 1947 suprasubstautialis,
1062 1885 1386 1953 principium
1408 1897 1464 1941 et
1495 1901 1658 1941 causa
1686 1896 1771 1941 est
1800 1895 1859 1942 ut
1893 1890 2005 1943 sint

427 1971 610 2024 omnia
641 1988 762 2039 qua:
788 1985 939 2039 sunt,
977 1982 1032 2029 et
1060 1976 1233 2045 ipsum
1257 1976 1429 2047 esse).
1462 1976 1578 2032 Non
1618 1978 1804 2048 itaque
1823 1979 2007 2036 dicere

427 2058 576 2126 licet,
622 2062 952 2131 principales
1001 2066 1265 2135 quasdam
1312 2082 1435 2122 esse
1480 2084 1658 2123 rerum
1708 2084 1910 2125 causas
1948 2079 2003 2131 et

424 2154 689 2209 essentias
727 2156 1078 2220 conditrices,
1105 2159 1557 2228 quemadmodum
1600 2163 1828 2232 gentiles
1867 2163 2005 2216 mul-

427 2251 514 2299 tos
544 2244 674 2301 deos
710 2246 1087 2313 ell'miveruut,
1120 2265 1258 2319 quos
1304 2267 1407 2307 nec
1454 2251 1557 2322 ipsi
1603 2269 1779 2324 neque
1816 2265 2001 2324 patres

424 2348 611 2391 eorum
651 2339 952 2394 sciverunt.
1016 2342 1286 2397 ueterum
1343 2344 1459 2399 hzec
1502 2345 1734 2401 dicimus
1792 2346 2000 2416 princi-

420 2430 871 2499 pialiterquidem
913 2440 969 2487 et
1004 2434 1300 2489 causaliter
1338 2434 1512 2505 ipsum
1550 2437 1715 2491 Deum
1758 2451 1880 2493 esse
1905 2452 2003 2506 per

424 2535 485 2574 se
517 2537 639 2587 ens,
682 2540 779 2593 per
824 2541 885 2581 se
927 2528 1134 2593 vitam,
1182 2544 1279 2600 per
1325 2544 1384 2584 se
1421 2531 1679 2587 deitatem
1720 2545 1737 2585 :
1785 2547 1999 2587 rursum

426 2611 584 2684 521
622 2630 752 2671 vero
808 2621 1136 2689 participate
1189 2620 1445 2691 largiens,
1510 2622 2001 2692 inquam,virtutes

424 2708 868 2773 providentialcs.
910 2710 1045 2765 Cum
1086 2713 1230 2766 enim
1278 2713 1912 2786 Deusimparticipabilis
1944 2731 2000 2774 et

422 2802 810 2872 participabilis
828 2802 921 2869 sit,
947 2803 1413 2875 imparticipabilis
1449 2809 1666 2879 quidem
1700 2815 1997 2868 secundum

420 2894 720 2949 essentiam
740 2896 895 2964 (nihil
913 2896 1054 2949 enim
1076 2909 1260 2951 eorum
1279 2913 1398 2967 quae
1420 2908 1541 2955 sunt
1561 2903 1812 2958 essentia;
1830 2904 1999 2975 ipsius

421 2979 698 3049 particeps
747 2983 977 3047 existit,
1027 2983 1299 3053 siquidem
1365 2990 1662 3043 secundum
1724 2995 1997 3063 propriam

422 3077 672 3123 naturam
716 3072 908 3129 existit
951 3088 1117 3144 supra
1144 3090 1204 3128 ea
1246 3091 1367 3144 quae
1410 3079 1558 3149 sunt)
1602 3082 2000 3153 participahilis

420 3172 553 3215 vero
580 3165 877 3218 secundum
913 3167 1118 3220 amicas
1157 3164 1274 3233 ejus
1299 3170 1751 3239 participationes
1780 3190 1848 3230 ac
1877 3175 1998 3231 dis-
2025 3152 2067 3209 θ

420 3254 770 3320 tributiones,
794 3267 1065 3325 quatenus
1091 3274 1176 3315 res
1210 3278 1404 3318 omnes
1441 3264 1615 3334 ipsum
1640 3266 1992 3336 participant,

419 3351 475 3397 et
500 3357 598 3412 per
629 3345 804 3414 ipsum
850 3349 1176 3409 consistunt.
1237 3354 1372 3408 Nam
1406 3357 1458 3410 id
1488 3358 1631 3425 quod
1666 3373 1770 3413 non
1810 3361 1999 3415 existit

419 3431 538 3500 ejus
564 3437 866 3506 particeps,
900 3454 1076 3508 neque
1103 3452 1209 3509 est,
1253 3460 1432 3514 neque
1478 3449 1603 3514 erit,
1638 3464 1816 3520 neque
1841 3458 1992 3515 erat;

418 3527 674 3593 quocirca
729 3544 828 3583 ens
872 3534 1167 3603 participat
1223 3554 1322 3607 per
1372 3553 1432 3594 se
1476 3555 1615 3606 ens,
1662 3557 1767 3596 non
1820 3544 1995 3613 ipsam

417 3630 643 3670 causam
688 3620 938 3676 entitatis
974 3622 1144 3679 Deum
1199 3627 1370 3698 ipsam
1420 3630 1631 3685 scilicet
1678 3634 1992 3700 essentiam,

418 3711 516 3763 sed
556 3710 1003 3770 distributionem
1058 3718 1225 3787 ipsius
1276 3734 1372 3788 per
1410 3737 1469 3775 se
1508 3722 1670 3790 entis,
1694 3727 1991 3782 secundum

417 3816 579 3869 quam
621 3804 790 3859 etiam
826 3806 968 3863 Deus
998 3811 1406 3880 participabilis
1443 3815 1654 3872 existit.
1696 3814 1996 3888 Participat

420 3891 549 3948 item
588 3893 639 3949 id
661 3898 807 3966 quod
841 3900 998 3965 vivit,
1040 3916 1136 3971 per
1170 3918 1230 3958 se
1265 3905 1461 3971 vitam,
1502 3922 1607 3962 non
1646 3909 1819 3979 ipsam
1855 3911 1994 3965 divi-

417 3998 544 4039 nam
582 3990 908 4058 essentiam,
945 3994 1039 4047 sed
1082 3993 1254 4065 ipsam
1295 4012 1416 4066 quae
1460 4000 1511 4054 in
1548 4001 1664 4070 ipso
1689 4010 1773 4057 est
1802 4017 1898 4073 per
1934 4017 1994 4058 se

415 4075 611 4141 vitam,
641 4079 904 4144 divinam,
934 4084 1177 4153 inquam,
1208 4086 1671 4158 distributionem,
1704 4110 1802 4164 per
1830 4112 1991 4164 quam

415 4168 581 4221 etiam
623 4173 991 4243 participatur
1029 4176 1191 4231 Deus.
1240 4179 1364 4237 Haec
1390 4183 1538 4251 prius
1581 4186 1745 4239 etiam
1790 4187 1993 4243 formas

418 4267 476 4313 ct
510 4263 845 4332 exemplaria
888 4276 943 4321 et
979 4270 1443 4336 pnedelinitiones
1496 4277 1837 4346 appellabat,
1881 4295 1988 4334 non

416 4350 752 4407 conﬁrmans
777 4353 1112 4413 Platonicam
1149 4361 1476 4428 doctrinam,
1502 4367 1680 4434 absit;
1707 4372 1802 4426 sed
1825 4387 1987 4428 sensu

2107 1894 2403 1967 καθώσπερ
2427 1896 2475 1948 oi
2501 1892 2759 1965 Ἕλληνες
2781 1932 2797 1957 ,
2831 1893 3057 1958 πολλοὺς
3092 1894 3248 1957 θεοὺς
3292 1895 3696 1965 σχεδιάσαντες,

2106 1986 2201 2051 οὒς
2241 1987 2368 2041 οὐτε
2415 1986 2568 2040 αὐτοὶ
2616 1987 2835 2058 ᾔδεισαν
2854 2027 2869 2051 ,
2920 1986 3044 2040 οὐτε
3093 1988 3143 2041 οἱ
3196 1988 3455 2059 πατέρες
3512 1989 3695 2041 αὐτῶν.

2120 2081 2279 2135 Ἀλλά
2305 2080 2479 2135 ταῦτά
2508 2098 2711 2152 φαμεν,
2742 2080 2986 2151 άρχικῶς
3031 2080 3127 2152 μὲν
3170 2080 3265 2134 καὶ
3308 2082 3590 2144 αἰτιατῶς
3618 2082 3701 2134 αὐ-

2101 2153 2198 2223 τὸν
2231 2166 2322 2223 τὸν
2352 2168 2518 2233 Θεὸν,
2549 2168 2760 2234 αὐτοὸν,
2791 2169 3091 2240 αὐτοζωὴν,
3123 2169 3550 2241 αὑτοθεότητα·
3580 2172 3699 2241 μεθ-

2105 2259 2281 2325 εκτῶς
2324 2260 2381 2314 δὲ
2425 2260 2587 2315 πάλιν
2615 2259 2822 2325 ταῦτα,
2863 2260 3006 2331 φημὶ
3041 2259 3141 2323 τὰς
3179 2260 3551 2331 ὲκδιδομένας
3577 2278 3697 2332 περ·

2104 2353 2358 2424 νοητικὰς
2398 2353 2675 2426 δυνάμεις.
2720 2353 2935 2425 Ἐπειδὴ
2983 2353 3093 2425 γάρ
3133 2355 3163 2407 6
3195 2353 3333 2417 Θεὸς
3380 2355 3491 2407 καὶ
3534 2355 3694 2425 ayss

2102 2444 2261 2510 εκτός
2305 2449 2422 2501 ἐστι
2467 2448 2563 2501 καὶ
2593 2445 2887 2518 μεθεκτὸς,
2919 2446 3221 2517 ἀμέθεκτος
3266 2448 3373 2518 μὲν
3420 2450 3575 2503 κατὰ
3609 2450 3695 2517 τὴν

2101 2538 2291 2591 οὐσίαν
2322 2539 2449 2610 (τῆς
2479 2538 2589 2610 γάρ
2613 2538 2800 2602 οὐσίας
2824 2538 2988 2593 αὐτοῦ
3018 2539 3169 2592 οὐδὲν
3193 2539 3303 2592 τῶν
3334 2539 3527 2593 ὄντων
3551 2540 3696 2611 μετέ-

2098 2649 2187 2703 χει
2207 2670 2223 2695 ,
2261 2632 2403 2704 ὑπὲρ
2430 2631 2499 2685 τὰ
2526 2632 2657 2686 ὅντα
2692 2631 2801 2703 γάρ
2832 2634 2947 2685 ἐστι
2978 2631 3118 2685 κατὰ
3144 2632 3243 2703 τὴν
3283 2633 3433 2686 ἰδίαν
3480 2634 3642 2702 φύσιν
3661 2636 3691 2702 ο)

2105 2722 2367 2797 μεθεκτὸς
2398 2724 2453 2776 δὲ
2488 2723 2630 2777 κατὰ
2657 2723 2757 2787 τὰς
2799 2723 3124 2797 φιλοδώρους
3155 2726 3321 2778 αὐτοῦ
3367 2728 3693 2796 μεταδόσεις

2100 2816 2196 2871 καὶ
2244 2815 2488 2888 δωρεὰς,
2531 2816 2668 2871 καθὸ
2718 2820 2894 2873 πάντα
2930 2817 2998 2871 τὰ
3048 2818 3177 2871 ὅντα
3216 2818 3389 2871 αὐτοῦ
3444 2821 3689 2890 μετέχει,

2100 2908 2197 2963 καὶ
2222 2909 2289 2962 δι’
2326 2908 2488 2962 αὐτοῦ
2533 2910 2849 2981 συνέστηκε.
2884 2909 2958 2963 Τὸ
2997 2909 3105 2981 γὰρ
3140 2910 3214 2981 μὴ
3256 2910 3503 2982 μετέχον
3538 2912 3691 2966 αὐτοῦ

2097 2998 2225 3053 οὐτε
2274 3002 2457 3066 ἐστὶν,
2488 3000 2613 3055 οὔτε
2658 3001 2847 3067 ἔσται,
2895 3000 3018 3055 οὐτε
3064 2999 3166 3074 ἦν’
3196 3002 3286 3056 διὰ
3325 3004 3503 3058 τοῦτο
3543 3007 3609 3058 τὸ
3642 3007 3690 3057 ἒν

2105 3091 2322 3163 μετέχει
2370 3091 2466 3145 τοῦ
2512 3092 2796 3157 αὐτοόντος
2818 3133 2834 3158 ,
2878 3094 2978 3147 οὐκ
3018 3093 3181 3147 αὐτοῦ
3218 3093 3315 3148 τοῦ
3364 3096 3563 3151 αἰτίου
3609 3096 3687 3149 τεῧ

2100 3182 2252 3247 ὄντος
2278 3183 2413 3237 Θεοῦ
2431 3223 2446 3248 ,
2478 3186 2648 3257 αὐτῆς
2679 3184 2880 3256 δηλαδὴ
2903 3186 3004 3257 τῆς
3035 3186 3222 3250 οὐσίας
3241 3226 3256 3251 ,
3296 3185 3444 3241 ἀλλὰ
3478 3189 3579 3243 τοῦ
3602 3190 3687 3241 αὐ-

2095 3276 2312 3340 τοὸντος
2334 3278 2434 3348 τῆς
2464 3277 2672 3350 δωρεᾶς
2710 3277 2872 3331 αὐτοῦ
2892 3320 2908 3344 ,
2947 3279 3070 3333 καθ’
3097 3281 3163 3349 ἦν
3191 3280 3286 3334 καὶ
3316 3280 3480 3334 ἐστιν
3507 3283 3539 3334 6
3567 3283 3687 3345 Θεὸς

2100 3367 2384 3438 καθεκτὸς.
2416 3369 2648 3440 Μετὲχει
2678 3369 2839 3424 πάλιν
2863 3369 2925 3423 τὸ
2951 3370 3060 3433 ζῶν
3094 3371 3192 3441 τῆς
3229 3370 3532 3443 αὑτοζωῆς
3550 3414 3569 3439 ,
3602 3376 3687 3427 οὐκ

2095 3458 2266 3528 αὐτῆς
2288 3458 2390 3529 τῆς
2417 3457 2566 3523 θείας
2589 3458 2796 3523 οὐσίας,
2817 3458 2953 3513 ἀλλὰ
2979 3460 3078 3530 τῆς
3109 3461 3166 3512 ὲν
3194 3458 3345 3528 αὐτῷ
3376 3459 3684 3531 αὐτοζωξς,

2093 3552 2193 3623 τῆς
2210 3551 2362 3615 θείας
2378 3552 2522 3623 φημὶ
2552 3552 2780 3622 δωρεᾶς,
2811 3553 2933 3608 καθ’
2949 3554 3015 3625 ἦν
3044 3554 3137 3606 καὶ
3165 3552 3459 3623 μετέχεται
3486 3557 3518 3608 6
3540 3555 3684 3616 Θεὲς.

2096 3642 2277 3696 Ταῦτα
2286 3643 2472 3711 ἔλεγεν
2482 3643 2790 3716 ἔμπροσθεν
2802 3646 2896 3699 καὶ
2908 3644 3020 3715 εἴδη
3034 3645 3127 3698 καὶ
3139 3643 3590 3716 παραδείγματα,
3606 3646 3687 3699 καὶ

2094 3735 2498 3807 πρωρισμοὺς,
2554 3736 2615 3788 οὐ
2659 3737 3061 3809 παριστάμενος
3096 3736 3174 3807 τῷ
3215 3736 3565 3807 Πλατωνικῷ
3606 3738 3683 3791 δό-

2093 3842 2285 3896 γματι,
2352 3825 2425 3898 μὴ
2478 3826 2711 3895 γένοιτο·
2764 3827 2878 3881 ἀλλ’
2909 3829 3148 3892 εὐσεϐῶς
3201 3828 3577 3899 ἐκλαμϐάνων
3624 3828 3681 3881 τὰ

2094 3918 2221 3989 παρ’
2255 3918 2464 3971 ἐκείνου
2513 3918 2784 3984 ταπεινῶς
2824 3920 2919 3974 καὶ
2951 3920 3185 3987 ἀναξίως
3207 3920 3345 3973 Θεοῦ
3379 3919 3675 3992 λεγόμενα.

2092 4009 2309 4063 Τούτων
2335 4010 2644 4082 ὑποστάτης
2677 4010 2895 4081 λέγεται
2930 4015 2959 4066 6
2985 4013 3116 4077 Θεὸς
3132 4009 3287 4077 εἶναι,
3324 4012 3401 4078 ὡς
3429 4016 3497 4067 ὲν
3537 4014 3678 4082 αὐτῷ

2090 4101 2229 4171 ἔχων
2241 4100 2434 4155 ταῦτα.
2451 4098 2581 4155 Εἶτα
2597 4103 2690 4156 καὶ
2707 4102 2804 4156 ὅλα
2821 4102 2960 4157 αὐτὰ
2983 4103 3389 4174 ὑποστήσασθαι
3434 4104 3673 4173 λέγεται.

2089 4186 2178 4243 δθὸ.
2197 4191 2306 4244 τῶν
2340 4192 2483 4245 κατά
2512 4192 2736 4264 πρόοδον
2753 4192 3072 4246 ὑποστασῶν
3094 4193 3289 4245 οὐσιῶν
3305 4194 3402 4245 ὑπ’
3412 4194 3591 4247 αὐτοῦ
3604 4194 3677 4247 οὑν

2094 4282 2302 4346 σιωδῶς
2320 4299 2334 4313 ⁸
2352 4282 2448 4337 ὅλα
2473 4283 2647 4353 λέγων
2672 4283 2739 4337 τὰ
2771 4284 3029 4348 δλοτελῶς
3048 4284 3341 4355 μετέχοντα
3355 4285 3455 4337 καὶ
3492 4288 3673 4349 οὐσίας

2088 4372 2182 4425 καὶ
2204 4372 2467 4437 ζωὼσεως
2482 4376 2577 4427 καὶ
2591 4375 2863 4445 ἁγιασμοῦ
2882 4417 2896 4441 ,
2912 4376 3003 4429 καὶ
3021 4375 3259 4441 πάντων,
3281 4376 3359 4440 ὼς
3374 4379 3432 4429 αἱ
3450 4379 3671 4446 ἀγγελι-

417 4441 506 4511 piu
530 4445 802 4514 accipiens
842 4449 930 4502 illa
956 4467 1075 4519 qua:
1100 4454 1166 4507 ab
1197 4456 1314 4525 ipso
1339 4458 1519 4514 viliter
1546 4471 1601 4515 et
1631 4462 1846 4534 indigne
1875 4467 1895 4520 I

2223 4461 2500 4533 δυνάμεις.
2533 4441 2844 4537 Τρίτως-τὰ
2878 4466 3078 4537 μερικά
3099 4484 3112 4496 ·
3146 4468 3268 4520 τινὰ
3308 4470 3419 4539 γὰρ
3456 4441 3668 4539 μετέχει

415 4534 563 4589 dicta
598 4547 779 4592 erant.
829 4539 1030 4596 Horum
1075 4543 1300 4600 eli‘ector
1326 4547 1470 4605 Deus
1517 4568 1640 4607 esse
1679 4557 1893 4621 dicitur,

2186 4570 2261 4623 rqc
2299 4534 2609 4622 6vttboswc,
2643 4557 2767 4610 τινὰ
2802 4534 2895 4611 καί
2932 4534 3211 4622 ὑντώσεως
3239 4534 3335 4613 καί
3652 4602 3664 4623 ,

413 4626 505 4693 qui
545 4626 659 4696 lucc
691 4629 745 4683 in
786 4645 845 4685 se
873 4633 1086 4689 habeat.
1133 4638 1337 4694 Deinde
1376 4643 1540 4697 etiam
1578 4647 1832 4703 universa
1872 4652 1987 4706 hare

413 4718 722 4774 condidisse
751 4722 1075 4791 perhibetur
1100 4745 1196 4799 per
1227 4731 1516 4803 essentias,
1540 4754 1659 4808 qua:
1688 4744 1984 4798 secundum

412 4811 819 4876 proccssiouem
866 4818 937 4873 ab
996 4819 1115 4889 ipso
1161 4825 1600 4884 substantialiter
1645 4833 1980 4900 subsistunt;

413 4907 527 4954 tota
576 4917 671 4955 seu
714 4906 970 4963 universa
1017 4912 1240 4979 dicens,
1288 4932 1409 4986 quae
1468 4922 1690 4978 omnino
1746 4927 1986 4993 perfecte

413 4991 751 5061 participant
789 5006 843 5049 et
868 5004 1187 5067 essentiam,
1220 5017 1275 5059 et
1299 5008 1490 5074 vitam,
1520 5020 1574 5065 et
1600 4991 1987 5071 sanctiﬁcatio-

414 5095 562 5147 uem,
588 5092 644 5137 et
671 5088 877 5151 omnia,
912 5100 969 5143 ut
1006 5097 1264 5163 angelica:
1302 5098 1554 5156 virtutes.
1601 5102 1786 5158 Tertio
1817 5108 1982 5161 etiam

410 5189 473 5226 ea
510 5190 709 5244 quate):
728 5191 882 5247 parte
911 5194 1069 5249 sunt;
1091 5192 1337 5256 quartlam
1358 5195 1504 5249 enim
1532 5198 1860 5268 participant
1896 5217 1984 5256 so-

411 5262 517 5317 lam
540 5265 1114 5339 eutitatem,qu:cdam
1133 5287 1189 5331 et
1215 5283 1496 5337 entitatem
1524 5262 1578 5339 et
1609 5262 1793 5353 vitam,
1829 5306 1981 5360 qua:-

409 5356 534 5410 dam
555 5359 1019 5418 etiamentitatcm
1040 5377 1094 5422 et
1119 5371 1282 5425 vitam
1315 5385 1370 5428 et
1396 5378 1752 5447 sapientiam;
1790 5356 1984 5452 supre-

412 5465 512 5505 mre
546 5452 692 5507 enim
712 5455 943 5510 virtutes
964 5463 1207 5518 omnium
1233 5477 1360 5520 sunt
1386 5470 1697 5541 participes.
1723 5474 1829 5529 Sed
1852 5478 1979 5544 quid

412 5541 611 5631 attinet
631 5546 704 5601 de
747 5549 831 5605 bis
858 5553 1061 5618 dicere,
1102 5571 1226 5611 cum
1269 5571 1573 5631 praeceptor
1607 5575 1798 5620 noster
1824 5568 1981 5624 divus

413 5630 740 5693 Hierotheus
778 5643 924 5699 dicat
966 5647 1131 5703 Deum
1182 5630 1494 5707 ell‘ectorem
1540 5654 1782 5722 deitatis,
1817 5676 1977 5728 quem

410 5724 573 5780 etiam
606 5742 702 5797 per
732 5746 791 5787 se
822 5736 1277 5806 pulchritudinem
1306 5754 1361 5800 et
1393 5744 1708 5802 universam
1735 5724 1973 5819 pulchris

2088 4654 2210 4706 τινὰ
2237 4654 2332 4707 καὶ
2358 4654 2637 4719 ὀντώσεως
2674 4657 2769 4710 καὶ
2801 4656 3064 4722 ζωὼσεως
3092 4657 3186 4711 καὶ
3216 4657 3406 4727 σοφίας
3424 4675 3441 4688 ’
3476 4662 3538 4713 ai
3570 4660 3667 4729 γὰρ

2089 4744 2361 4799 ἀνώταται
2389 4746 2647 4818 δυνάμεις
2673 4748 2781 4802 τῶν
2813 4748 3069 4803 ἁπάντων
3111 4750 3428 4820 μετέχουσι.
3478 4754 3592 4807 Kal.
3619 4753 3665 4805 τί

2086 4835 2167 4889 δεῖ
2213 4839 2426 4907 λέγειν,
2470 4840 2604 4893 ὅπου
2652 4842 2746 4895 καὶ
2804 4842 2833 4893 6
2883 4841 3200 4905 διδάσκαλος
3244 4840 3402 4913 ημῶν
3443 4845 3476 4897 6
3530 4847 3663 4915 ἱερὸς

2099 4930 2358 5002 Ἰερόθεος
2399 4932 2711 5005 ὑποστάτην
2744 4929 2862 4986 εἷπε
2892 4933 2986 4987 τὸν
3013 4935 3146 4987 Θεὸν
3175 4935 3275 5004 τῆς
3304 4934 3583 5007 θεότητος,
3610 4938 3661 4989 ὃν

2086 5022 2180 5075 καὶ
2212 5023 2539 5087 αὐτόκαλλος
2558 5064 2572 5089 ,
2614 5024 2709 5078 καὶ
2744 5024 2862 5077 ὅλον
2898 5024 3091 5089 κάλλος
3114 5025 3289 5095 φημὶ,
3317 5026 3412 5080 καὶ
3441 5029 3657 5099 μερικὸν

2085 5111 2318 5176 κάλλος;
2357 5113 2457 5184 οὐχ
2488 5114 2570 5166 ὅτι
2603 5114 2665 5167 τὸ
2692 5114 2824 5167 αὐτὸ
2852 5117 2967 5167 ἐστι
3003 5116 3097 5169 καὶ
3134 5116 3253 5169 ὅλον
3283 5117 3380 5170 καὶ
3414 5117 3652 5188 μερικὸγ.

2085 5202 2200 5256 ἀλλ’
2246 5204 2355 5256 άπὸ
2397 5205 2508 5257 τῶν
2552 5205 2884 5276 μετεχόντων
2921 5207 3117 5270 ἀνίσως
3149 5207 3258 5260 τῶν
3294 5208 3522 5279 δωρεῶν
3551 5211 3654 5262 ὀνο-

2092 5294 2324 5364 μάζεται
2367 5296 2395 5349 6
2436 5295 2545 5349 τῶν
2586 5296 2801 5367 δωρεῶν
2829 5297 3001 5362 αἴτιος
3024 5316 3038 5328 ο
3070 5300 3162 5352 καὶ
3191 5300 3219 5352 6
3246 5300 3387 5353 κατὰ
3412 5301 3519 5373 τὴν
3549 5302 3653 5355 θεό-

2082 5406 2220 5462 τητα
2256 5392 2559 5462 ἀμέθεκτος
2595 5393 2737 5447 κατὰ
2774 5393 2874 5457 τὰς
2913 5395 3177 5464 ἀφθόνους
3210 5398 3396 5468 χύσεις
3422 5400 3540 5451 τῶν
3562 5402 3638 5453 Eur

2087 5481 2221 5552 ρεῶν
2276 5482 2593 5553 μετέχεται,
2646 5486 2711 5538 ἵν’
2764 5486 3003 5557 ἀκριϐῶς
3062 5488 3299 5562 ὐπερέξῃ
3353 5492 3384 5542 6
3438 5492 3650 5544 πάντων

2083 5573 2253 5637 αἴτιος
2278 5576 2535 5629 ἁπάντων
2568 5577 2675 5631 τῶν
2702 5579 2822 5632 καθ’
2845 5580 3128 5633 ὁποιανοῦν
3149 5583 3333 5636 οὐσίαν
3373 5584 3467 5636 καὶ
3498 5584 3649 5652 φύσιν

2084 5668 2486 5737 συνισταμένων
2525 5672 2582 5722 ὲν
2618 5669 2696 5739 τῷ
2726 5672 2865 5726 κατὰ
2904 5673 3005 5737 τὰς
3034 5673 3241 5745 δωρεὰς
3274 5677 3645 5747 μετεκόμενον,

2082 5756 2222 5813 κατὰ
2254 5757 2352 5829 τὴν
2380 5760 2564 5815 οὐσίαν
2600 5762 2840 5833 μηδὸλως
2873 5765 3212 5838 μετέχεσθαι.
