3768 6294
70 313 177 367 039
1126 306 1215 364 DE
1246 304 1500 365 DIVINIS
1533 306 1932 376 NOMINIBUS,
1967 309 2121 367 CAP.
2158 310 2270 368 ΧΠ.
3243 314 3353 367 970

70 427 326 482 tudinem
370 426 520 488 dico.
564 440 616 481 et
658 426 1116 498 pulchritudinem
1169 441 1232 479 ex
1280 436 1475 495 parte;
1537 444 1641 482 non
1673 430 1818 496 quod
1861 428 2004 481 idem
2052 437 2223 481 tntum
2267 428 2363 491 sit,
2392 436 2445 479 et
2486 443 2548 481 ex
2595 438 2771 496 parte,
2820 428 2914 480 sed
2976 427 3044 481 ab
3104 428 3171 482 iis
3199 470 3213 491 ,
3250 430 3342 497 qni

73 520 433 589 inmqualiter
492 520 609 589 ejus
662 535 889 572 munera
937 519 1284 589 participant,
1336 534 1625 572 munerum
1672 531 1865 572 auctor
1933 520 2351 583 denominatnr;
2404 529 2459 571 et
2506 519 2594 587 qui
2644 519 2939 573 secundum
2998 520 3338 575 divinitatem

72 615 565 685 imparticipabilis
611 625 716 678 est,
766 615 1068 668 secundum
1121 616 1317 667 uberes
1370 629 1655 667 munerum
1688 611 1983 668 cﬂ'nsiones
2018 613 2403 683 participatur,
2438 622 2497 665 nt
2539 613 2828 682 perspicue
2871 627 3051 667 rerum
3094 615 3342 667 omnium

71 719 277 763 auctor
344 710 611 771 emineat,
673 710 929 762 omnibus
979 715 1276 763 secundum
1320 722 1705 777 quamcunque
1744 708 2105 761 substantiam
2160 716 2214 760 et
2262 715 2513 759 naturam
2564 705 3024 770 subsistentibus,
3074 705 3199 759 dum
3255 720 3343 758 se-

72 801 327 856 cundum
363 816 591 855 munera
631 802 1012 870 participatur,
1045 802 1137 870 qui
1167 802 1469 856 secundum
1496 801 1793 855 essentiam
1822 814 2163 869 nequaquam
2189 798 2504 867 participari
2538 808 2737 862 petest.

468 1093 1112 1226 KE<PAAA10N
1154 1136 1305 1223 IB'.
1704 1128 1751 1183 Α

1704 1128 1751 1183 Α
2085 1156 2244 1227 522
2316 1136 2696 1229 CAPUT
2792 1138 3028 1227 XII.

75 1298 220 1369 Περὶ
252 1298 460 1369 Ἀγίου
497 1299 708 1368 ἁγίων,
747 1300 1052 1367 Βασιλέως
1082 1298 1408 1364 βασιλέων,
1446 1302 1563 1366 Κυρ

1889 1296 2086 1352 Sancto
2126 1306 2449 1357 sanctorum,
2493 1293 2625 1369 ligge
2654 1310 2832 1369 regum
2858 1332 2874 1355 ,
2908 1291 3134 1346 Domino
3170 1291 3343 1345 domi-

553 1371 791 1437 κυρίων,
832 1371 981 1424 Θεοῦ
1019 1363 1188 1425 Θεῶν.
1532 1363 1545 1366 ’

1532 1363 1545 1366 ’
2238 1369 2496 1428 nantium,
2532 1363 2635 1416 Deo
2667 1364 2906 1417 deorum.

1370 1524 1705 1583 SYNOPSIS
1748 1523 2041 1581 'CAPlTlS.

78 1661 97 1715 i
180 1661 343 1717 Ponit
404 1665 593 1732 capitis
640 1666 797 1733 hujus
827 1664 1271 1717 distributionem.
1304 1660 1367 1716 ll.
1406 1661 1656 1731 Explicat
1687 1663 1833 1733 quid,
1866 1665 2145 1723 sanctitas,
2196 1660 2323 1728 quid
2384 1675 2621 1733 regnata,
2672 1660 2799 1729 quid
2847 1656 3188 1733 dominatio,
3220 1660 3348 1728 quid

152 1737 333 1789 deitas
364 1729 801 1802 signiﬁcentflll.
834 1737 1074 1799 Quonam
1121 1750 1278 1786 sensu
1311 1736 1423 1787 [nec
1449 1729 1663 1787 nomina
1694 1729 1758 1787 de
1808 1732 1915 1786 Deo
1969 1734 2349 1802 pra’diceatur.
2402 1729 2492 1783 iV.
2548 1730 2665 1794 Quo
2709 1746 2867 1784 sensu
2915 1732 3075 1782 etiam
3135 1730 3348 1782 dicatur

150 1810 299 1858 Deus
329 1822 444 1858 esse
471 1804 698 1859 Sanctus
730 1814 1056 1859 sanctorum.

1662 1920 1784 1993 §I.

169 2060 307 2118 Ἀλλ’
339 2065 531 2138 ἐπειδὴ
569 2067 664 2118 καὶ
702 2067 829 2136 περὶ
868 2065 1071 2119 τούτων
1102 2066 1204 2118 ὅσα
1238 2066 1411 2117 εἰπεῖν
1446 2063 1573 2127 ἔδει,
1607 2063 1657 2116 τὲ

1861 2064 2109 2131 )uoniam
2140 2078 2267 2117 vero
2300 2077 2362 2115 ea
2400 2078 2518 2129 qua:
2552 2063 2617 2116 de
2657 2062 2740 2116 bis
2781 2062 3007 2116 dicenda
3050 2068 3210 2118 erant
3236 2104 3253 2131 ,
3290 2064 3349 2118 li-

79 2158 373 2227 προσῆκον
422 2156 757 2227 ἀπείληφεν,
802 2157 878 2220 ὡς
927 2153 1113 2228 οἶμαι,
1168 2156 1351 2219 τέλος·
1404 2156 1567 2227 ὑμνηπ

1863 2174 1892 2210 ιι
1920 2199 1935 2223 ,
1963 2157 2035 2211 uti
2065 2164 2214 2225 puto,
2272 2170 2576 2222 congruum
2610 2164 2939 2224 acceperunt
2962 2195 2976 2219 ,
3009 2153 3055 2208 is
3089 2154 3182 2223 qui
3231 2154 3351 2208 inli-

77 2253 212 2321 ἡμῖν
248 2251 345 2303 τὸν
398 2250 816 2321 ἀπειρώνυμον,
863 2251 958 2303 καὶ
1004 2251 1080 2314 ὡς
1124 2251 1312 2319 Ἂγιον
1346 2250 1535 2318 ἁγίων,

1864 2264 1883 2301 ιι
1920 2248 2087 2301 habet
2117 2246 2338 2300 nomina
2368 2250 2529 2300 modo
2563 2246 2720 2299 nobis
2744 2246 2907 2298 etiam
2931 2243 3235 2299 laudandus
3268 2255 3352 2300 est

78 2342 319 2396 Βασιλέα
376 2341 485 2395 τῶν
541 2342 959 2411 βασιλευόντων,
1019 2344 1143 2411 καὶ.
1177 2341 1528 2413 βασιλεύοντα

1866 2341 2102 2395 Sanetus
2126 2351 2441 2394 sanctorum
2464 2379 2478 2403 ,
2510 2349 2566 2391 ut
2603 2337 2713 2391 Rex
2754 2354 2974 2408 regum,
3017 2346 3077 2390 ut
3110 2340 3160 2391 in
3194 2346 3352 2391 acter-

75 2435 255 2487 αἰῶνα
307 2434 406 2487 καὶ
455 2434 543 2485 ἐπ’
582 2434 755 2487 αἰῶνα
791 2433 886 2487 καὶ
923 2434 1003 2486 ἔτι
1026 2472 1041 2496 ,
1089 2434 1185 2487 καὶ
1218 2434 1291 2497 ὡς
1326 2432 1528 2504 Κύριον
1561 2455 1563 2463 ι

1862 2452 1901 2487 ιιι
1945 2448 2177 2501 regnans
2202 2442 2258 2487 et
2301 2430 2478 2494 ultra,
2510 2441 2564 2485 et
2596 2439 2654 2485 ut
2685 2431 2946 2486 Dominus
2972 2430 3350 2489 dominorum.

79 2528 314 2599 κυρίων,
350 2527 446 2579 καὶ
478 2526 608 2579 Θεὸν
640 2526 748 2579 τῶν
785 2526 940 2579 Θεῶν.
963 2527 1073 2580 Καὶ
1110 2526 1322 2598 πρῶτόν
1363 2543 1426 2594 γε
1459 2528 1567 2597 ῥητλ

1875 2529 2014 2581 Deus
2043 2526 2288 2580 deorum.
2337 2524 2578 2578 Primum
2620 2524 2802 2593 itaque
2848 2523 3179 2587 dicendum,
3221 2521 3352 2591 quid

73 2619 127 2671 τί
171 2618 275 2688 μὲν
314 2615 715 2687 αὐτοαγιὸτητα
756 2612 893 2669 εἶναι
932 2617 1175 2687 οἰόμεθα,
1197 2617 1249 2669 τί
1286 2616 1343 2669 δὲ
1374 2615 1558 2687 βασιλε

1862 2618 2130 2672 ictitatem
2179 2616 2351 2685 ipsam
2386 2631 2507 2672 esse
2553 2631 2872 2670 censeamus
2895 2656 2908 2680 ,
2941 2615 3069 2684 quid
3105 2630 3350 2683 regnum,

74 2710 128 2763 τί
185 2708 246 2762 δὲ
303 2708 605 2780 κυριότητα
629 2748 644 2771 ,
700 2708 753 2761 τί
790 2708 846 2760 δὲ
885 2707 1111 2779 θεότητα
1135 2748 1149 2773 ,
1190 2709 1283 2761 καὶ
1333 2708 1386 2760 τί
1425 2707 1562 2778 βούλε

1865 2703 1909 2757 id
1955 2703 2385 2757 dominationem
2411 2743 2424 2767 ,
2461 2703 2588 2772 quid
2622 2705 2882 2758 deitatem
2906 2744 2921 2766 ,
2959 2716 3014 2756 et
3043 2704 3172 2772 quid
3204 2702 3353 2757 Scri-

72 2798 274 2871 δηλοῦν
312 2799 385 2852 τὰ
425 2799 583 2867 λόγια
621 2798 698 2870 τῷ
732 2798 1115 2869 διπλασιασμῷ
1149 2791 1255 2851 τῶν
1290 2799 1560 2870 ὀνομάτωι

1862 2812 1951 2850 ira:
1982 2797 2202 2863 signare
2232 2794 2404 2849 velint
2448 2810 2546 2865 per
2574 2794 2790 2851 illorum
2818 2797 3062 2851 omnium
3107 2796 3350 2864 gemina-

1780 2890 2003 2944 tionem.

1645 3051 1672 3124 ς
1718 3050 1797 3109 u.

173 3195 419 3267 Δγιότης
457 3194 555 3265 μὲν
590 3190 685 3248 οῦν
721 3198 868 3249 ἐστιν
904 3196 999 3268 (ὼς
1035 3197 1156 3250 καθ’
1191 3199 1340 3268 ἡμᾶς
1371 3196 1591 3267 εἰπεῖν,)
1633 3197 1661 3266 ἡ

1862 3193 2128 3248 Sanctitas
2156 3194 2325 3262 igitur
2349 3193 2368 3263 (
2395 3202 2452 3245 ut
2483 3206 2633 3245 more
2664 3199 2850 3245 nostro
2874 3188 3103 3260 loquar)
3133 3200 3240 3253 est,
3282 3193 3350 3246 ab

76 3288 279 3351 παντὸς
332 3286 503 3355 ἄγους
553 3286 843 3356 ἐλευθέρα,
897 3290 989 3342 καὶ⁴
1035 3291 1305 3361 παντελὴς
1358 3291 1453 3343 καὶ
1491 3290 1564 3343 πά

1869 3284 1919 3337 ni
1949 3284 2156 3339 scelere
2183 3283 2379 3349 libera,
2418 3291 2473 3335 et
2501 3282 2726 3337 omnino
2750 3278 2991 3351 perfecta
3018 3291 3073 3333 et
3101 3281 3251 3334 omni
3280 3296 3350 3333 ex

73 3379 348 3453 ἄχραντος
404 3377 729 3450 καθαρότης.
772 3380 1027 3434 Βασιλεία
1075 3382 1130 3435 δὲ
1183 3383 1217 3453 ἡ
1270 3383 1471 3447 παντὸς
1515 3384 1561 3455 ὃς

1860 3385 1935 3431 rte
2001 3375 2351 3431 immaculata
2408 3375 2644 3444 paritas.
2696 3375 2940 3445 Regnum
2998 3382 3180 3428 autem
3240 3384 3348 3437 est,

74 3472 169 3523 καὶ
205 3470 422 3540 κόσμου
444 3509 458 3532 ,
501 3471 605 3559 καὶ.
634 3468 840 3540 Θεσμοῦ
889 3473 983 3525 καὶ
1018 3473 1229 3537 τάξεως
1263 3474 1562 3551 διανέμησις

1860 3469 1952 3523 nis
1976 3467 2195 3523 termini
2220 3506 2236 3529 .
2260 3482 2323 3521 ac
2354 3467 2564 3531 mundi,
2595 3476 2651 3521 et
2684 3467 2815 3537 legis
2846 3476 2901 3521 et
2927 3466 3135 3521 Ordinis
3155 3466 3348 3521 distri-

78 3562 359 3632 Κυριότης
403 3561 461 3613 δὲ
498 3554 604 3633 οὐί
632 3563 725 3634 η³¹
764 3563 873 3615 τῶν
908 3564 1164 3636 χειρόνων
1203 3566 1445 3637 ὑπεροχὴ
1484 3568 1566 3636 μοι

1864 3561 1946 3613 ιὶο.
2000 3554 2314 3614 Dominatio
2350 3574 2480 3613 vero
2524 3575 2631 3615 non
2689 3560 2962 3615 minorum
3007 3568 3218 3612 tantum
3257 3574 3352 3612 ex-

76 3652 211 3705 ἁλλὰ
250 3654 348 3705 καὶ
408 3653 555 3705 πᾶσα
589 3653 698 3708 τῶν
733 3655 913 3708 καλῶν
948 3674 1008 3709 τε
1061 3657 1153 3709 καὶ
1200 3657 1417 3725 ἀγαθῶν
1462 3661 1497 3729 ἡ
1535 3677 1564 3711 11

1862 3651 2027 3706 lentia
2050 3692 2066 3717 ,
2099 3667 2290 3707 verum
2320 3653 2486 3707 etiam
2511 3651 2754 3706 omnimn
2786 3652 3041 3706 decorum
3076 3668 3138 3706 ac
3177 3653 3348 3705 bono-

75 3740 235 3811 τελὴς
274 3743 616 3811 παγκτησῐα,
655 3744 751 3796 καὶ
784 3745 986 3816 ἀληθὴς
1022 3747 1117 3799 καὶ
1153 3748 1543 3817 ἀμετάπτωτος

1860 3760 1894 3797 n
1925 3744 2193 3813 completa
2235 3746 2510 3813 possessio
2540 3753 2643 3807 est,
2669 3752 2724 3798 et
2748 3758 2874 3797 vera
2916 3755 2972 3798 et
3024 3746 3348 3797 inconcussa

76 3831 340 3902 ϐαιότης·
379 3832 460 3884 διὸ
513 3833 608 3886 καὶ
651 3835 911 3908 κυριότης
963 3838 1113 3908 παρά
1167 3838 1228 3890 τὸ
1283 3839 1448 3909 κῦρος
1466 3841 1530 3902 ³²,

1861 3837 2035 3900 nitas;
2070 3846 2406 3906 quapropter
2431 3836 2731 3890 dominatio
2761 3836 2950 3890 Graece
2980 3852 3009 3889 a
3050 3836 3218 3907 κῦρος
3248 3839 3349 3890 de-

76 3922 137 3974 τὸ
188 3923 417 3994 κύριον,
474 3926 565 3976 καὶ
615 3924 676 3978 τὸ
724 3926 994 3997 κυριεῦον.
1053 3928 1254 4002 Θεότης
1309 3930 1367 3983 δὲ
1415 3933 1448 4002 ἡ
1492 3933 1564 3986 πά

1862 3940 1951 3984 ato
1994 3932 2236 3992 nomine,
2270 3930 2410 3984 idem
2438 3936 2522 3982 est
2555 3929 2699 3997 quod
2743 3928 3000 3992 ﬁrmatio,
3038 3928 3350 3982 ﬁrmamen-

77 4013 327 4085 θεωμένη
354 4014 602 4085 πρόνοια,
627 4018 717 4070 καὶ
754 4018 1047 4091 ἀγαθότητι
1082 4021 1333 4074 παντελεῖ
1367 4023 1460 4076 καὶ
1494 4024 1565 4077 πά

1858 4040 1889 4077 ιι
1927 4033 1980 4076 et
2012 4023 2263 4088 ﬁrmum,
2305 4038 2369 4076 ac
2404 4022 2630 4075 ﬁrmans
2669 4036 2766 4075 seu
2812 4021 3113 4075 ratiﬁcans.
3164 4019 3346 4075 Deitas

78 4106 409 4176 περιθέουσα
432 4108 527 4163 καὶ
560 4109 876 4180 συνέχουσα,
913 4112 1004 4163 καὶ
1024 4112 1221 4183 ἑαυτῆς
1253 4115 1566 4188 ἀποπληροῦ

1857 4125 1955 4167 lem
2002 4114 2141 4167 idem
2179 4123 2262 4168 est
2307 4123 2469 4182 atque
2520 4114 2765 4167 omnium
2822 4113 3113 4181 conspicax
3162 4114 3345 4182 provi-

78 4196 172 4248 xai.
243 4195 595 4267 ὑπερέχουσα
669 4201 846 4254 πάντα
900 4200 969 4254 τὰ
1021 4202 1120 4273 τῆς
1175 4204 1430 4273 προνοίας
1500 4208 1566 4261 αὐ

1863 4204 1999 4268 itia',
2046 4205 2337 4275 omnigena
2388 4204 2627 4258 bonitate
2656 4215 2853 4258 cuncta
2899 4205 3347 4272 circumspiciens

76 4288 447 4343 ἀπολαύοντα.
1767 4294 2183 4361 continensqne,
2216 4303 2271 4346 et
2313 4294 2489 4362 seipsa
2515 4294 2798 4364 complens
2831 4305 2994 4363 atque
3028 4294 3345 4350 transiliens

1769 4387 2022 4439 universa
2055 4400 2174 4454 qua:
2208 4384 2380 4454 ipsius
2410 4386 2752 4454 providentia
2783 4387 3057 4442 fruuntur.

152 4674 335 4728 Ταῦτα
376 4675 476 4745 μὲν
511 4671 603 4729 οὖν
640 4677 731 4730 ἐπὶ
765 4680 863 4751 τῆς
902 4679 1077 4733 πάντα
1099 4681 1545 4755 ὑπερϐαλλούσης
1581 4687 1636 4737 αξ

1849 4685 1964 4749 Hice
1996 4687 2177 4755 itaque
2206 4688 2389 4741 omnia
2428 4688 2498 4742 de
2535 4702 2697 4743 causa
2744 4688 2833 4741 illa
2881 4691 3337 4748 transcendentali

71 4766 195 4828 τξας
243 4765 533 4829 ἀπολύτως
590 4767 882 4840 ὑμνητὼν,
940 4772 1033 4823 καὶ
1088 4772 1454 4843 προσρητέον,
1492 4776 1558 4829 αὑ

1848 4777 2014 4833 solute
2057 4779 2405 4849 praedicanda
2456 4791 2621 4844 sunt,
2674 4779 3126 4848 addendumque,
3167 4782 3336 4849 ipsam

76 4858 455 4928 ὑπερέχουσαν
492 4858 771 4929 ἀγιότητα,
796 4863 889 4914 καὶ
925 4862 1238 4933 κυριότητα,
1259 4865 1352 4916 καὶ
1388 4864 1564 4933 βασιλε

1852 4886 1889 4923 .e
1916 4886 2079 4939 supra
2112 4871 2443 4927 eminentem
2478 4875 2822 4927 sanctitatem
2844 4913 2859 4936 ,
2902 4882 3065 4939 atque
3094 4873 3340 4929 domina-

76 4951 490 5022 ὑπερκειμένην
517 4990 530 5013 ,
569 4950 662 5003 καὶ
697 4954 1073 5025 ἀπλουστάτην
1123 4955 1382 5026 οεότητα³
1425 4960 1517 5010 καὶ
1554 4974 1564 4987 ·

1855 4979 1997 5029 nem,
2021 4975 2077 5017 et
2108 4979 2337 5033 regnum
2362 4966 2600 5018 omnium
2628 4979 2962 5032 supremum,
2999 4966 3341 5033 simplicissi-

76 5040 136 5106 ἐξ
172 5042 345 5111 αὐτῆς
383 5043 443 5092 ἐν
484 5041 564 5092 ἑνὶ
592 5043 695 5095 *καὶ
728 5043 941 5115 ἀθρόως
980 5047 1257 5115 ἐκπέφυκε
1296 5048 1390 5099 καὶ
1426 5047 1564 5101 διανε

1853 5069 2022 5121 imque
2051 5055 2338 5116 deitatem;
2373 5054 2643 5122 siquidem
2687 5068 2754 5106 ex
2821 5055 2936 5121 ipsa
2987 5056 3341 5125 singulariter

80 5151 250 5204 μηται
284 5136 440 5187 πᾶσα
477 5134 682 5205 ἀμιγὴς
703 5136 957 5207 ἀκρίϐεια
994 5140 1173 5209 πάσης
1210 5138 1531 5211 εἰλικρινοῦς

1856 5143 2088 5197 ubertim
2126 5145 2402 5197 emanavit
2438 5154 2601 5212 atque
2634 5144 2829 5199 ditl‘nsa
2857 5156 2940 5199 est
2978 5149 3156 5202 omnis
3189 5164 3338 5203 mera

76 5224 399 5295 θαρὸτητος,
444 5226 595 5277 πᾶσα
631 5228 662 5296 ή
696 5227 805 5279 τῶν
840 5228 1008 5281 ὄντων
1044 5230 1283 5295 διάταξις
1320 5246 1379 5283 τε
1418 5231 1510 5283 καὶ
1545 5233 1564 5285 ε

1847 5235 2033 5289 rfectio
2082 5237 2246 5289 totius
2283 5237 2511 5289 sincerze
2548 5238 2821 5305 puritatis,
2857 5249 2911 5292 et
2943 5240 3120 5295 muniis
3155 5256 3335 5294 rerum

77 5315 383 5385 κόσμησις,
426 5318 816 5386 ἀναρμοστίαν,
858 5322 953 5373 καὶ
988 5323 1276 5393 ἀνισότητα
1300 5363 1314 5385 ,
1352 5324 1445 5375 καὶ
1483 5325 1565 5376 ἀσι

1848 5329 2053 5396 ιροδὶιὶο
2119 5337 2281 5398 atque
2332 5329 2638 5394 distinctio,
2681 5347 2800 5399 qua!
2855 5331 3336 5387 inconcinnitatem

81 5407 311 5477 μετρίαν
368 5407 686 5477 ὲξορίζουσα
710 5450 724 5473 ,
779 5413 873 5465 καὶ
910 5415 989 5476 εἰς
1024 5415 1123 5485 τὴν
1174 5414 1435 5468 εῠτακτον
1470 5417 1569 5468 ταῦ

1894 5420 2318 5489 inaequalitatem
2395 5436 2457 5473 ac
2519 5421 3015 5491 dispropurtionem
3078 5424 3338 5478 extermi-

1363 5571 1595 5626 VARUE
1648 5569 2054 5631 LECTIONES.

190 5725 233 5757 ³⁰
262 5723 626 5795 διανεμητικὴ
658 5725 1008 5795 διανέμησις,
1057 5727 1116 5785 Ρ.
1228 5730 1267 5760 ³¹
1305 5730 1442 5799 οὐχί,
1481 5731 1540 5785 Ι).
1613 5731 1654 5761 ³²
1691 5733 1837 5802 παρὰ
1871 5735 1931 5787 τὸ
1965 5733 2135 5803 κυρῶ,
2174 5732 2230 5787 S.
2269 5733 2418 5802 παρὰ
2450 5733 2509 5785 τὸ
2542 5734 2707 5804 κῦρος
2732 5734 2825 5787 καὶ
2857 5736 2917 5789 τὸ
2951 5737 3122 5808 κυρῶ,
3159 5739 3226 5793 Ι).

409 5818 684 5876 ΡΑτιιοι.
722 5818 839 5878 Gn.
886 5819 993 5880 Ill.
2751 5828 2822 5885 31
