3768 6316
450 312 551 380 9⁵71

1626 322 1680 379 S.
1715 320 2011 380 DIONYSH
2051 324 2516 384 AREOPAGITA‘J
2819 366 2831 380 .
3603 336 3682 391 97's

454 448 584 503 nat,
627 447 682 494 et
731 440 797 494 ad
832 442 971 497 bene
994 442 1300 497 ordinatam
1345 442 1690 498 identitatem
1727 461 1790 498 ac
1822 447 2030 500 rectitu-

2151 464 2286 517 τητα
2327 448 2417 500 καὶ
2447 446 2715 518 ὀρθότητα
2749 448 3078 520 γαννυμένη,
3102 450 3198 503 καὶ
3238 451 3574 522 περιάγουσα
3588 455 3621 485 ³³
3636 458 3683 507 τὰ

454 533 632 586 dinem
688 532 987 598 informat,
1042 551 1105 589 ac
1151 537 1393 589 continet
1446 536 1535 588 illa
1587 536 1843 605 qnzejam
1878 537 2034 606 digna

453 624 672 709 fuerunt
722 627 841 696 ejus
904 627 1365 697 participatione;
1443 628 1607 700 523
1669 630 1800 699 quin
1872 629 2037 684 etiam

452 722 535 767 est
570 712 840 782 perfecta,
867 725 921 769 et
955 718 1137 771 omnis
1170 718 1412 772 omnium
1465 734 1586 789 quae
1638 720 1865 789 pulchra
1911 728 2038 774 sunt

452 806 757 874 possessio,
790 817 846 862 et
884 809 1065 864 omnis
1099 810 1278 863 divina
1327 813 1699 879 providentia,
1735 827 1857 882 qua;
1906 826 2043 867 con-

450 897 743 967 templatur
788 909 843 953 et
885 912 1182 957 conservat
1222 917 1285 956 ea
1334 904 1533 973 quibus
1570 906 1826 969 consulit,
1870 918 2041 973 seque

450 986 680 1056 benigne
707 987 887 1053 ell'ert,
932 990 997 1043 ad
1060 991 1400 1048 formandam
1431 995 1483 1049 in
1518 997 1598 1050 eis
1636 996 1727 1066 qui
1754 996 1819 1051 ad
1859 995 2032 1066 ipsum

448 1089 849 1135 convertuntur
872 1081 1247 1139 divinitatem.

2148 541 2393 611 μετέχειν
2440 541 2610 610 αὐτῆς
2666 539 2973 610 ἠξιωμένα·
3016 545 3165 596 πᾶσα
3218 546 3253 614 ἡ
3312 544 3573 616 παντελὴς
3619 549 3684 600 καὶ

2146 634 2359 687 πάντων
2412 633 2521 686 τῶν
2576 632 2756 686 καλῶν
2808 635 3120 705 παγκτησία
3142 677 3157 699 ,
3200 638 3355 689 πᾶσα
3396 637 3563 708 ἀγαθὴ
3589 640 3685 707 πρὸ·

2144 744 2261 779 νοια
2283 727 2348 789 “,
2401 726 2603 797 θεωρὸς
2658 727 2749 779 καὶ
2820 728 3073 799 συνοχικὴ
3126 729 3237 783 τῶν
3298 732 3683 802 προνοουμένων,

2142 814 2339 885 ἑαυτὴν
2377 813 2775 886 ἀγαθοπρεπῶς
2814 816 3123 870 ὲπιδιδοῦσα
3160 820 3302 890 πρὸς
3332 818 3583 874 ἐκθέωσιν
3607 819 3683 873 τῶν

2145 906 2613 977 ὑπεστραμμένων
2631 907 2693 959 ³³.

2002 1229 2030 1302 §
2075 1224 2181 1284 1v.

520 1364 788 1431 Quoniam
838 1380 1017 1425 autem
1053 1371 1433 1427 universorum
1466 1381 1658 1427 auctor
1704 1388 1887 1427 rermn
1912 1380 2030 1426 oin-

446 1456 594 1512 nium
632 1458 986 1528 plenissimus
1021 1472 1128 1529 est,
1198 1466 1499 1520 secundum
1536 1481 1729 1533 unam,
1758 1481 1879 1536 quae
1911 1481 2029 1519 om-

445 1547 606 1603 nibus
640 1552 921 1608 antecellit
952 1594 968 1619 ,
1010 1555 1394 1611 excellentiam
1433 1556 1671 1611 Sanetus
1706 1565 2026 1611 sanctorum

446 1640 808 1712 nominatur,
857 1648 933 1701 uti
975 1661 1031 1703 et
1077 1661 1274 1704 czetera
1311 1650 1611 1703 secundum
1667 1665 1832 1719 supra
1861 1665 2026 1719 quam

2219 1365 2435 1437 Ἐπειδὴ
2490 1362 2565 1430 δὲγ
2597 1361 2959 1435 ὑπερπλήρης
2999 1364 3215 1418 πάντων
3256 1364 3415 1419 ἐστὶν
3450 1366 3478 1417 ὁ
3516 1364 3687 1419 πάντων

2132 1460 2306 1522 αἴτιος
2324 1458 2389 1521 ³⁸,
2414 1456 2556 1510 κατὰ
2601 1456 2727 1526 μίαν
2765 1454 2862 1525 τὴν
2900 1454 3117 1507 πάντων
3155 1455 3542 1527 ὑπερέχουσαν
3562 1457 3689 1525 ὑπερ-

2132 1548 2312 1621 ϐολὴν,
2338 1548 2527 1616 ’Ἄγιος
2568 1546 2737 1614 ἁγίων
2777 1548 3045 1618 ὑμνεῖται,
3087 1547 3183 1598 καὶ
3220 1545 3294 1598 τὰ
3313 1546 3358 1576 ³⁷
3402 1545 3686 1609 lana,an

2134 1642 2578 1714 ὑπερϐλὺζουσαν
2619 1639 2795 1692 αἰτίαν
2821 1679 2836 1703 ,
2879 1640 2973 1692 καὶ
3008 1638 3367 1712 ὲξῃρημένην
3422 1640 3687 1711 ὑπεροῄν,

445 1733 843 1790 exuberantem
878 1751 1097 1793 causam
1121 1779 1137 1805 ,
1183 1748 1238 1793 et
1302 1740 1559 1795 eximiam
1590 1739 2030 1810 praacellentiam,

2139 1736 2211 1799 ὡς
2246 1734 2311 1788 ἄν
2345 1751 2428 1797 τις
2466 1733 2621 1804 φαίη.
2658 1732 2795 1786 Καθ’
2831 1732 2955 1785 ὅσον
2994 1730 3327 1803 ὑπερέχουσι
3370 1731 3480 1785 τῶν
3510 1733 3599 1784 οὑκ
3626 1732 3689 1783 ὅν-

446 1833 505 1878 υι
537 1825 584 1879 si
612 1827 739 1896 quis
768 1828 1005 1883 dixerit:
1033 1830 1248 1897 Quanto
1276 1839 1537 1903 praestant
1568 1842 1755 1888 sancta
1778 1873 1793 1899 ,
1826 1833 1909 1887 vel
1943 1835 2026 1889 di-

444 1918 607 1982 vina,
647 1917 729 1973 vel
773 1919 1147 1988 dominantia,
1188 1925 1272 1980 vel
1309 1927 1455 1997 regia
1491 1926 1559 1980 iis
1596 1942 1718 1995 qua:
1746 1941 1854 1981 non
1892 1936 2024 1981 sunt

445 2008 591 2073 talia,
624 2020 677 2064 et
713 2026 902 2067 rursus
928 2013 1059 2082 ipsae
1094 2030 1190 2084 per
1215 2030 1277 2071 se
1307 2017 1757 2086 participationes
1800 2018 2027 2088 partici-

439 2100 735 2169 pantibus;
772 2110 925 2159 tanto
952 2114 1038 2160 est
1069 2107 1326 2161 omnibus
1358 2108 1672 2175 sublimior,
1698 2110 1788 2179 qui
1817 2118 1903 2165 est
1935 2126 2032 2165 su-

438 2208 535 2262 pra
566 2194 773 2261 omnia,
796 2205 851 2251 et
874 2199 1120 2252 omnium
1174 2200 1619 2270 participantium
1655 2215 1710 2256 et
1742 2202 2032 2273 participa-

440 2286 656 2340 tionum
699 2296 893 2342 auctor
943 2289 1442 2362 imparticipabilis.
1485 2292 1723 2348 Sanctos
1766 2308 1933 2357 vero,
1974 2303 2032 2348 et

439 2391 638 2448 reges,
703 2377 1086 2450 dominosque,
1132 2396 1196 2437 ac
1242 2383 1373 2437 deos
1416 2382 1712 2453 Scriptura}
1756 2382 2031 2453 appellant

438 2469 859 2539 principaliores
926 2472 981 2526 in
1050 2490 1380 2545 unoquoque
1475 2476 1743 2539 ordines,
1794 2491 2027 2545 quorum

437 2577 604 2632 opera
635 2562 760 2617 dum
791 2562 1081 2621 inferiores
1117 2566 1212 2621 Dei
1243 2582 1467 2622 munera
1532 2567 1889 2637 participant,
1930 2582 2026 2621 eo-

439 2656 688 2710 rumdem
732 2656 1180 2713 dislribulionum
1228 2659 1633 2729 simplicitatem
1683 2660 1737 2714 in
1779 2660 1891 2714 suis
1922 2660 2029 2714 dis-

432 2744 797 2801 tinctionibus
840 2747 1231 2818 multiplicant;
1292 2752 1487 2805 borum
1548 2760 1732 2804 autem
1783 2749 2024 2803 varieta-

439 2846 549 2891 tem
598 2838 757 2908 primi
800 2839 1027 2895 ordines
1057 2840 1284 2911 provide
1320 2856 1383 2896 ac
1417 2842 1602 2896 divine
1636 2842 1702 2895 ad
1742 2841 2010 2897 unitatem

438 2944 591 2985 suam
626 2931 974 2987 contrahunt.

2136 1843 2245 1879 των
2282 1824 2350 1878 τὰ
2385 1824 2547 1887 ὄντα,
2590 1824 2754 1893 ἅγια,
2793 1824 2827 1894 ἢ
2866 1824 3017 1886 θεῖα,
3057 1823 3092 1895 ἢ
3126 1823 3331 1895 κύρια,
3373 1824 3408 1895 ἣ
3453 1824 3687 1894 βασιλικὰ,

2131 1918 2226 1971 καὶ
2279 1916 2458 1970 αὑτῶν
2513 1916 2845 1987 μετεχόντων
2882 1918 2935 1968 αἱ
2991 1916 3393 1986 αὑτομετοχαίο
3432 1916 3564 1969 κατὰ
3596 1933 3689 1967 τος-

2128 2009 2282 2063 οὖτον
2322 2007 2675 2079 ὑπερίδρυται
2714 2007 2930 2061 πάντων
2959 2007 3067 2061 τῶν
3096 2008 3271 2061 ὄντων
3307 2010 3337 2061 ὁ
3370 2008 3509 2079 ὑπὲρ
3545 2008 3689 2061 πάντα

2131 2102 2199 2155 τὰ
2234 2101 2361 2155 ὄντα
2381 2142 2395 2165 ,
2435 2102 2527 2155 καὶ
2564 2100 2781 2155 πάντων
2819 2099 2928 2153 τῶν
2959 2100 3299 2171 μετεχόντων
3336 2101 3433 2154 καὶ
3453 2101 3554 2154 τῶν
3587 2118 3688 2170 μετ-

2133 2193 2274 2265 οχῶν
2315 2195 2345 2246 ό
2379 2192 2677 2264 ἀμὲοεκτος
2716 2191 2906 2255 αἴτιος.
2948 2190 3162 2260 Ἀγίους
3199 2192 3279 2256 δὲ,
3331 2194 3427 2245 καὶ
3468 2192 3687 2263 βασιλεῖς,

2134 2286 2230 2337 καὶ
2271 2283 2516 2355 κυρίους,
2554 2283 2649 2335 καὶ
2681 2282 2838 2345 θεοὺς
2876 2282 3031 2335 καλεῖ
3064 2282 3133 2334 τὰ
3168 2282 3331 2351 λόγια
3368 2283 3467 2348 τὰς
3500 2288 3553 2337 ὲν
3586 2286 3688 2339 ἑκά-

2135 2394 2280 2440 στοις
2313 2374 2689 2446 ἀρχικωτέρας
2726 2374 3131 2446 διακοσμήσεις,
3153 2375 3224 2427 δι’
3245 2369 3323 2428 ὧν
3365 2377 3418 2428 αί
3454 2376 3686 2447 δεύτεραι,

2132 2465 2240 2519 τῶν
2294 2467 2359 2519 ἐκ
2411 2464 2548 2518 Θεοῦ
2604 2463 2822 2536 δωρεῶν
2872 2464 3429 2535 μεταλαμϐάνουσαι,
3483 2466 3571 2537 τὴν
3611 2466 3689 2534 τῆς

2134 2558 2359 2612 ἐκείνων
2397 2557 2685 2620 διαδόσεως
2721 2556 3002 2628 ἁπλότητα
3055 2559 3187 2629 περὶ
3221 2558 3327 2621 τὰς
3367 2560 3565 2611 ἑαυτῶν
3596 2560 3687 2611 δια-

2134 2648 2307 2721 φορὰς
2345 2648 2708 2719 πληθύουσιν
2747 2641 2821 2700 ὧν
2857 2649 2913 2700 ai
2964 2647 3275 2718 πρώτισται
3313 2649 3417 2720 τὴν
3457 2650 3688 2703 ποικιλίαν

2132 2739 2505 2811 προνοητικῶς
2564 2739 2658 2791 xui.
2711 2738 2961 2802 θεοειδῶς
3015 2739 3153 2810 πρὸς
3204 2738 3309 2810 τὴν
3368 2740 3587 2811 ἑνότητα
3616 2741 3689 2809 τὴν

2131 2834 2338 2887 ἑαυτῶν
2372 2833 2680 2903 συνάγουσι.

2047 3096 2120 3111 ’.ο

1607 3203 2146 3261 ΑΟΝΟΤΑΤΙΟΝΕ8
2190 3200 2542 3260 CORDERII.

512 3340 539 3411 ᾗ
567 3341 605 3392 l.
652 3340 919 3411 Quoniam
954 3355 1074 3411 vero
1102 3356 1161 3394 ea
1192 3358 1309 3410 qua:
1339 3341 1508 3395 dehis
1532 3342 1762 3394 dicenda
1788 3350 1961 3406 erant,
1994 3348 2101 3395 etc.
2134 3340 2193 3395 S.
2217 3339 2457 3411 Thomas
2485 3338 2552 3411 ad
2579 3338 2726 3411 hunc
2749 3343 2966 3411 locum:
3000 3338 3331 3411 Postquam,
3360 3341 3559 3410 inquit,
3588 3341 3690 3395 Dio-

438 3407 628 3481 nySius
659 3410 914 3481 exposuit
944 3409 1126 3463 divina
1156 3407 1385 3464 nomina
1418 3428 1515 3479 per
1543 3427 1665 3480 quae
1716 3410 2065 3481 signiﬁcatur
2104 3410 2378 3464 emanalio
2411 3409 2811 3481 perfectionnm
2841 3423 2870 3461 a
2898 3407 3010 3481 Deo
3061 3410 3115 3462 in
3151 3407 3473 3474 creaturas,
3504 3412 3582 3467 hic
3616 3428 3691 3465 et-

438 3478 593 3549 ponit
621 3479 838 3549 nomina
880 3478 970 3533 Dei
997 3496 1118 3549 qua:
1141 3478 1429 3547 designant
1476 3478 1656 3534 rerum
1692 3478 2166 3549 gubernationem.
2202 3482 2261 3549 In
2284 3495 2389 3547 qua
2425 3480 2644 3547 quidem
2675 3478 3072 3547 gubernatione
3100 3489 3233 3534 sunt
3264 3493 3509 3549 quatuor
3536 3494 3690 3536 alter-

437 3546 614 3604 ﬂenda
652 3566 668 3597 :
706 3547 890 3601 Primo
936 3546 1157 3617 quidem
1202 3546 1401 3605 divinae
1457 3546 1790 3617 cognitionis
1847 3551 2217 3619 providentia,
2248 3546 2333 3603 'ad
2384 3546 2546 3619 quam
2593 3546 2828 3616 pertinet
2867 3562 3065 3619 nomen
3124 3546 3395 3615 deitatis;
3453 3554 3690 3611 secundo.

428 3627 681 3690 potestas
712 3621 1048 3690 exsequendi
1088 3621 1371 3689 sapientia:
1398 3622 1595 3675 divina:
1633 3617 2063 3687 ordinationem,
2094 3623 2160 3673 ad
2196 3635 2355 3690 quam
2387 3617 2621 3690 pertinet
2661 3632 2860 3690 nomen!
2888 3617 3319 3690 dominationis;
3375 3624 3555 3686 tertio,
3596 3623 3691 3690 ipsa

437 3689 716 3744 exsecutio
749 3688 1187 3757 gubernationis,
1223 3692 1289 3744 ad
1323 3707 1483 3760 quam
1510 3690 1746 3759 pertinet
1797 3707 1991 3745 nomen
2028 3690 2171 3759 regis
2192 3688 2462 3760 ;’quarto.r
2484 3688 2897 3760 gubernationis
2926 3688 3176 3760 eﬂ'ectus,
3207 3695 3301 3758 qui
3330 3704 3417 3748 est
3450 3688 3689 3746 munditia

438 3763 507 3814 ab
531 3761 679 3813 onmi
706 3760 1138 3824 inordinatione,
1168 3771 1221 3814 et
1258 3758 1460 3816 adhoc
1490 3758 1729 3828 pertinet
1753 3778 1949 3815 nomen
1991 3758 2322 3816 sanctitatis.
2352 3760 2429 3814 De
2457 3759 2542 3830 bis
2563 3767 2724 3830 acute
2740 3758 3148 3830 Cyparissiotus
3174 3762 3292 3830 (48)
3322 3783 3338 3819 :
3371 3782 3390 3814 ι
3421 3766 3689 3822 Sanctitas.

426 3831 633 3900 inquit,
659 3838 713 3883 et
739 3831 1078 3895 dominatus,
1109 3841 1164 3885 et
1194 3846 1443 3901 regnum,
1474 3841 1528 3885 et
1552 3832 1834 3897 divinitas,
1866 3832 2115 3886 absolute
2142 3831 2360 3899 quidem
2395 3831 2449 3884 in
2481 3828 2602 3901 Deo
2627 3828 2813 3891 dictae,
2854 3828 3131 3884 silentimn
3165 3828 3287 3899 ejus
3320 3845 3450 3889 sunt
3479 3837 3689 3891 beatum.

432 3910 491 3973 et
516 3898 680 3973 supra
710 3901 1105 3965 substantiam,
1139 3898 1299 3973 extra
1335 3901 1503 3956 Deum
1538 3917 1668 3955 vero
1704 3903 2073 3973 proprietates
2110 3898 2388 3973 accipiunt
2424 3898 2849 3973 adcreatnramA
2866 3909 3200 3973 spectantes.
3246 3906 3431 3973 Atque
3470 3906 3557 3959 illa
3586 3904 3686 3972 qui-

437 3972 561 4043 dem
594 3971 670 4043 (id
700 3980 790 4043 est
833 3972 1119 4041 sanctitas)
1148 3971 1401 4027 liberatio
1431 3981 1514 4025 est
1550 3974 1617 4025 ab
1648 3968 1823 4026 omni'
1864 3972 2071 4027 scelere
2096 3983 2151 4026 et
2200 3968 2446 4043 macula;
2478 3968 2793 4043 dominatus
2822 3969 3138 4043 ﬁrmitatem
3175 3968 3364 4027 veram
3399 3987 3455 4030 et
3480 3991 3509 4027 a
3540 3968 3691 4043 prela.

424 4041 632 4107 ‘psione
659 4040 901 4113 liberam
920 4042 1176 4106 exhibet;
1207 4057 1436 4111 regnum
1466 4053 1548 4097 est
1570 4043 1888 4097 distributio
1916 4043 2101 4097 omnis
2128 4041 2353 4113 regulae,
2382 4052 2437 4096 et
2470 4040 2805 4107 ornamenti,
2829 4049 2885 4095 et
2910 4040 3072 4111 juris,
3101 4051 3158 4095 et
3181 4046 3437 4111 ordinis;
3464 4040 3690 4100 divinitas

432 4125 568 4164 vero
586 4112 940 4181 providentia
967 4114 1151 4166 omnia
1182 4113 1592 4181 contemplans.
1627 4132 1645 4164 ι

509 4180 621 4250 §ll.
669 4180 1171 4256 sanctitasigitur,
1194 4193 1303 4256 etc.
1342 4180 1485 4236 Deus
1517 4183 1596 4256 (ut
1632 4184 1794 4256 docte
1816 4193 1983 4256 notat
2013 4181 2235 4256 Lessius
2268 4182 2365 4236 lib.
2393 4196 2491 4256 vni
2534 4180 2608 4233 De
2640 4181 3053 4256 perfectionibus
3093 4183 3323 4256 divinis)
3357 4198 3584 4241 sanctus
3618 4184 3687 4256 di-

443 4250 802 4323 citurinultis
834 4250 1031 4313 modis,
1064 4252 1412 4323 potissimum
1445 4253 1705 4320 quinque.
1739 4253 1924 4309 Primo
1956 4253 2293 4316 radicaliter,
2327 4254 2454 4320 quia
2491 4253 2729 4306 essentia
2767 4252 2949 4306 divina
2978 4263 3065 4306 est
3103 4250 3496 4323 prima'radix
3527 4268 3578 4310 et
3601 4253 3690 4309 cri-

448 4320 644 4392 gitialis
672 4319 793 4392 fons
820 4323 997 4375 omnis
1018 4321 1328 4376 sanctitatis
1369 4333 1424 4375 et
1457 4319 1733 4392 puritatis.

512 4389 765 4445 Secundo
807 4392 1100 4457 olijective,
1132 4394 1257 4460 quia
1290 4401 1373 4447 est
1400 4389 1673 4460 obiectum
1722 4395 1902 4450 omnis
1939 4394 2287 4458 sanctitatis;
2326 4392 2506 4446 omnis
2536 4393 2681 4447 enim
2724 4393 2986 4448 sanetitas
3037 4393 3144 4449 sita
3187 4406 3277 4449 est
3331 4398 3386 4451 in
3435 4410 3613 4451 amore
3646 4401 3691 4445 el

436 4461 829 4530 conjunctione
874 4476 997 4514 eum
1031 4462 1161 4517 Deo.
1196 4464 1377 4528 Quare
1404 4466 1571 4517 etiam
1605 4474 1687 4518 est
1734 4481 1985 4518 mensura
2038 4466 2206 4518 totins
2238 4476 2293 4516 et
2334 4463 2502 4531 ipsius
2564 4463 2904 4526 sanctitatis,
2941 4464 3085 4517 unde
3126 4464 3395 4519 nimirum
3446 4467 3689 4521 sanctitas

436 4546 597 4603 suam
632 4531 867 4600 speciem
894 4543 951 4585 et
977 4534 1195 4603 modum
1231 4536 1466 4601 accipit;
1494 4536 1760 4589 sanctitas
1788 4536 1935 4588 enim
1965 4545 2051 4589 est
2076 4536 2313 4603 puritas.
2352 4534 2507 4603 Sicut
2536 4544 2719 4586 autem
2755 4534 3041 4602 impnritas
3067 4539 3326 4589 nascitur
3350 4532 3419 4591 e'x
3453 4545 3683 4591 contactu

441 4602 790 4674 inferiorum,
820 4611 873 4654 ut
904 4616 1030 4674 cum
1060 4600 1231 4657 facies
1266 4600 1361 4657 ant
1392 4606 1558 4658 vestis
1588 4604 1702 4658 luto
1731 4600 2166 4674 aspergitur,'vel
2199 4618 2322 4674 cum
2353 4602 2535 4655 anima
2572 4619 2670 4674 per
2700 4600 2957 4674 allectum
2993 4603 3364 4661 inferioribus
3396 4607 3685 4661 inordinate

437 4673 707 4747 inhaeret;
738 4670 1052 4747 itapuritas
1082 4675 1259 4727 oritur
1292 4688 1360 4727 ex
1406 4684 1657 4747 contactu
1694 4670 2208 4747 superiorum,cmn
2244 4672 2473 4747 allectus
2498 4670 2911 4747 ad’sublimiora
2946 4684 3002 4728 et
3033 4676 3312 4747 nobiliora
3348 4678 3607 4747 assurgit,
3642 4683 3684 4724 et

438 4744 506 4797 iis
529 4743 786 4816 inhaeret.
824 4743 1152 4816 supremum
1179 4754 1362 4816 autem
1393 4746 1634 4816 omnium
1666 4754 1721 4799 et
1759 4743 2228 4815 Simplicissimum
2262 4754 2316 4797 et
2345 4744 2699 4816 purissimum
2729 4753 2821 4816 est
2851 4743 3026 4810 Deus;
3056 4745 3204 4800 unde
3234 4762 3456 4802 summa
3497 4743 3684 4816 p'urituS

438 4813 698 4868 consistit
731 4815 784 4867 in
817 4813 1134 4868 adhaesione
1161 4830 1283 4868 cum
1316 4815 1446 4870 Deo.
1470 4814 1662 4886 Itaque
1684 4832 1809 4870 cum
1840 4813 2048 4870 summa
2074 4817 2286 4886 pnritas
2315 4815 2692 4877 sitsanctitas,
2722 4815 2868 4868 Deus
2894 4823 2979 4868 est
3002 4818 3143 4869 ratio
3169 4816 3452 4884 objectiva
3474 4813 3527 4871 et
3552 4829 3683 4871 uten-

436 4899 563 4936 sura
592 4885 925 4938 sanctitatis.

508 4953 673 5024 524
703 4953 891 5008 Tertio
922 4955 1125 5009 dicitur
1156 4966 1383 5011 sanctus
1416 4955 1833 5026 exemplariter,
1877 4958 1960 5011 vel
1994 4957 2047 5010 in
2079 4955 2302 5011 modum
2345 4954 2565 5025 regulae,
2609 4957 2735 5025 quia
2766 4969 2864 5026 per
2898 4954 3070 5025 legem
3098 4968 3373 5014 aeternam
3398 4969 3486 5014 est
3522 4952 3684 5025 regula

439 5039 621 5098 omnis
651 5026 997 5098 sanctitatis;
1030 5027 1393 5081 conformatio
1428 5024 1836 5098 enim—allectus
1863 5042 1988 5081 cum
2024 5029 2140 5096 lege
2167 5039 2374 5098 (eterna
2400 5024 2483 5079 est
2517 5024 2643 5080 vera
2679 5024 2975 5080 sanctitas.
3162 5067 3174 5083 .
3604 5093 3628 5098 ι
3672 5090 3679 5098 ,

511 5096 719 5167 Quarto
762 5097 1101 5167 Iormaliter;
1135 5100 1400 5153 sanctitas
1430 5096 1576 5151 enim
1612 5096 1916 5151 l'ormaliter
1943 5108 2028 5152 est
2060 5093 2273 5167 put-itas
2302 5096 2563 5161 aﬂ'ectus;
2595 5098 2807 5166 puritas
2833 5108 3014 5151 autent
3052 5099 3288 5154 aﬂ‘ectus
3317 5113 3401 5155 est
3435 5114 3582 5152 amor
3604 5093 3682 5145 Dei

436 5164 564 5239 quia
599 5166 957 5239 est_adbtesio
985 5181 1109 5221 cum
1148 5181 1217 5222 eo
1248 5172 1393 5238 quod
1422 5179 1512 5239 est
1541 5168 1895 5239 purissimum
1925 5178 1983 5222 et
2012 5164 2432 5222 nobiliSsimum.
2463 5164 2645 5233 Quare
2675 5184 2797 5222 eum
2843 5168 2985 5223 Deus
3021 5170 3093 5223 sit
3123 5187 3284 5224 amor
3314 5176 3424 5237 sui,
3457 5173 3567 5239 ipse
3598 5168 3679 5218 hac

437 5236 654 5290 ratione
684 5235 992 5292 formaliter
1018 5249 1104 5293 est
1132 5252 1229 5293 sua
1258 5235 1553 5302 sanctitas;
1588 5247 1644 5290 et
1674 5238 1801 5305 quia
1831 5253 1889 5292 se
1924 5249 2073 5293 amat
2103 5239 2341 5302 inlinite,
2387 5246 2655 5306 quantum
2698 5239 2953 5293 nimirum
2986 5251 3072 5295 eSt
3096 5242 3385 5307 amabilis,
3411 5235 3536 5295 ideo
3562 5248 3681 5306 ίιιιο·

510 5418 621 5488 (i8)
663 5418 865 5473 Decad.
891 5434 939 5484 ν,
972 5434 1092 5488 cap.
1122 5419 1176 5476 9.

768 5636 792 5665 ο
1712 5622 1943 5677 VARIAS
1986 5623 2395 5681 LECTIONES.

517 5772 560 5802 ⁸³
594 5772 938 5842 περιέχουσα,
975 5777 1032 5830 Ρ.
1112 5778 1153 5809 ³λ
1189 5777 1343 5850 Θεῖκὴ
1377 5779 1617 5848 πρόνοια,
1655 5778 1712 5835 Ρ.
1793 5781 1834 5813 ³⁸
1872 5785 2357 5856 ἐπεστραμμένων,
2397 5783 2452 5836 l‘.
2500 5786 2619 5839 Sat'.
2699 5789 2740 5819 ³⁶
2793 5787 2819 5837 ὁ
2856 5786 3169 5849 παναίτιος,
3212 5786 3270 5839 S.
3348 5790 3389 5819 ³⁷
3436 5785 3591 5840 κατά.
