3768 6294
207 281 305 338 975
733 274 822 330 DE
854 274 1106 331 DlVlNlS
1139 272 1539 340 NOMINIBUS,
1575 273 1729 330 CAP.
1769 275 2319 332 Xll.—PARAPHR.
2364 274 2840 335 PACIIYMERE.
3352 276 3456 332 975

206 412 315 466 que
345 394 566 450 inﬁnite
602 406 832 448 sanctus
863 402 971 448 est.
1013 392 1278 448 Similiter
1309 392 1434 463 quia
1472 391 1612 446 nihil
1657 393 1878 448 omnino
1912 405 2060 450 amat
2094 395 2200 450 nisi
2236 402 2461 465 propter
2510 395 2750 464 seipsum
2775 434 2790 457 ,
2824 394 2944 450 ideo
2976 392 3226 448 etiamin
3255 407 3459 464 «amore

214 468 462 523 omnium
488 475 867 520 creaturarum
899 473 1122 520 sanctus
1148 473 1251 520 est.

277 538 486 603 Quinto
516 536 713 590 dicitur
741 545 965 588 sanctus
990 536 1298 587 eminenter
1323 543 1378 587 et
1405 534 1724 604 causaliter,
1761 544 2021 604 tanquam
2057 535 2178 590 l'ons
2234 546 2290 591 et
2317 535 2642 603 principium
2673 535 2851 589 omnis
2914 532 3224 588 sanctitatis
3261 544 3316 586 et
3359 549 3462 604 pug

209 608 396 662 ritatis
424 607 476 660 itt
507 605 815 668 creaturis;
841 604 1170 674 principium
1193 644 1208 669 ,
1240 605 1464 728 inquam
1485 648 1498 666 ,
1524 603 1784 669 eﬁicieus,
1841 603 2092 669 formale,
2122 607 2439 673 exemplare
2463 615 2516 658 et
2550 605 2729 659 ﬁnale.
2762 604 2896 658 Vide
2940 605 3054 659 haec
3100 603 3272 657 iusius
3314 603 3460 670 apud

211 678 462 728 Lessium
489 677 610 728 loco
639 679 828 728 citato.
848 684 904 728 et
933 675 1134 728 ibidem
1159 690 1282 728 can.
1350 716 1363 728 .
1388 675 1659 728 quodnam
1690 676 1758 728 sit
1790 675 2083 728 discrimen
2108 676 2419 728 sanctitatis
2447 676 2643 728 divinae
2673 683 2728 728 et
2751 686 3156 728 creaturarum.
3185 675 3260 728 De
3285 674 3460 728 donti-

211 678 462 732 Lessium
489 677 610 731 loco
639 679 828 737 citato,
848 684 904 730 et
933 675 1134 730 ibidem
1159 690 1282 743 cap.
1307 674 1363 734 2,
1388 675 1659 743 quodnam
1690 676 1758 729 sit
1790 675 2083 731 discrimen
2108 676 2419 730 sanctitatis
2447 676 2643 730 divina:
2673 683 2728 730 et
2751 686 3156 730 creaturarum.
3185 675 3260 729 De
3285 674 3462 730 domi-

212 749 306 803 nio
343 749 471 801 item
503 745 596 800 Dei
631 745 754 800 vide
778 746 1000 809 ibidem,
1028 746 1224 801 librum
1259 745 1550 809 decimum,
1583 745 1784 814 qui-est
1813 747 1882 800 de
1913 746 2016 800 hoc
2046 756 2388 814 argumento.

283 819 494 873 Dicitur
520 827 700 872 autem
734 815 872 870 Deus
901 817 1120 871 deorum
1145 858 1161 883 ,
1194 831 1383 870 eorum
1408 817 1530 870 dico
1559 816 1626 870 de
1650 816 1848 882 quibus
1875 817 2134 886 scriptum
2167 825 2248 870 est
2294 833 2307 868 :
2356 815 2466 885 Ego
2494 816 2606 870 dixi
2632 831 2652 871 :
2677 815 2767 870 Dii
2795 815 2917 870 estis
2935 817 2986 870 ιι.
3019 815 3160 886 Deus
3189 815 3337 886 enim
3369 821 3459 869 est

210 890 310 960 qui
342 889 466 943 illos
511 886 860 960 sanctiﬁcat,
894 897 951 960 et
1001 887 1136 960 facit
1161 888 1303 960 (deos
1334 886 1959 960 per_participationem.
1994 885 2148 940 Unde
2175 887 2375 960 divina;
2400 901 2650 960 [tempore
2682 903 2712 940 a
2745 887 3006 960 Dionysio
3030 896 3166 960 eta
3193 885 3458 939 Patribus

209 955 486 1039 iocantur
512 957 832 1039 θεαρχικαί,
869 959 919 1012 id
944 970 1027 1039 est
1057 958 1297 1039 deiﬁcar;
1317 955 1655 1039 .et'Spiritns
1695 972 1787 1037 san

1962 965 2176 1038 vocatur
2207 955 2468 1028 ὑπέρθεον
2509 955 3266 1039 Ilvsppa,hoc'estﬁpiritus
3291 971 3458 1024 supra

209 1031 367 1096 deos,
401 1045 539 1100 quos
561 1025 774 1083 scilicet
801 1031 1198 1084 sanetiticaudo
1226 1027 1355 1100 facit
1387 1025 1537 1092 deos,
1570 1029 1687 1082 sive
1720 1027 1773 1082 in
1819 1025 1958 1082 C(BIO
2002 1026 2117 1081 sive
2151 1027 2201 1080 in
2231 1025 2378 1082 terra
2403 1068 2422 1094 ,
2452 1037 2511 1081 ut
2541 1025 2673 1081 alibi
2701 1029 2868 1082 etiam
2906 1029 3204 1082 indicatum
3256 1036 3362 1092 est,
3405 1037 3461 1079 et

207 1116 276 1156 ex
304 1099 653 1170 generalibus
678 1100 1158 1154 observationibus
1186 1099 1479 1167 colligitur.

280 1166 425 1242 §'lll.
469 1169 606 1242 Haec
626 1171 804 1242 itaque
833 1171 1012 1226 omnia
1043 1172 1109 1242 de
1135 1186 1295 1242 causa
1325 1166 1421 1242 illa
1452 1168 1900 1242 transcendentali
1948 1167 2200 1242 absolute
2229 1167 2600 1242 praedicanda.
2627 1167 2707 1222 Ex
2759 1169 2846 1225 his
2876 1170 3076 1242 (inquit
3111 1166 3460 1242 Qyparissiog

212 1238 323 1310 tus)
343 1241 580 1294 efﬁcitur
602 1238 976 1303 manifestum,
1006 1241 1172 1296 aliam
1204 1240 1424 1308 quidem
1455 1241 1907 1309 signiﬁcationem
1942 1254 2053 1305 pra:
2089 1253 2147 1292 se
2178 1239 2325 1293 ferre
2357 1253 2418 1292 ea
2453 1239 2675 1310 nomina
2703 1254 2822 1307 qute
2862 1239 2929 1294 de
2961 1240 3068 1294 Deo
3095 1238 3365 1310 dicuntur
3390 1238 3460 1290 ad

209 1308 456 1380 aliquid;
488 1311 654 1364 aliam
685 1325 838 1376 vero,
868 1327 990 1380 quae
1020 1311 1318 1368 secundum
1345 1308 1818 1378 exsuperationem
1845 1325 1942 1363 seu
1977 1309 2856 1380 trauscendentiamefferuntur;
2903 1319 3066 1378 atque
3107 1308 3197 1361 illa
3239 1308 3462 1378 quidem

207 1379 505 1451 aliquando
526 1396 866 1450 supervacua
889 1379 1018 1438 esse
1045 1391 1104 1436 et
1131 1384 1304 1436 otiosa
1331 1380 1576 1451 perfecto
1600 1395 1795 1450 opere;
1817 1379 1936 1451 haec
1963 1395 2112 1444 vero,
2138 1379 2594 1451 (qttmfsecun‘dutn
2619 1380 3088 1451 exsuperationem
3119 1381 3464 1451 enuntiatur,

209 1449 433 1519 semper
462 1449 650 1506 eodem
681 1453 842 1520 modo
866 1453 1254 1509 excellentiam
1282 1449 1590 1507 declarare.
1621 1451 1684 1505 Et
1714 1449 1911 1516 probat
1936 1449 2186 1520 exemplo
2218 1449 2596 1504 fabricationis
2624 1449 2887 1504 universi.
2914 1449 3146 1518 Septimo
3185 1449 3325 1520 enim
3354 1449 3462 1514 die,

213 1513 419 1592 inquit,
466 1522 719 1591 requievit
760 1513 831 1575 ob
875 1525 1119 1578 omnibus
1158 1523 1411 1590 operibus
1431 1521 1548 1584 guis
1572 1523 1631 1587 i;
1671 1513 1843 1590 quare
1868 1513 2112 1592 cessavit
2149 1537 2179 1574 a
2223 1521 2509 1592 creatione
2537 1519 2684 1584 cmli,
2718 1521 2872 1592 solis,
2897 1513 3170 1590 stirpium,
3207 1519 3465 1592 animan-

220 1589 388 1657 tium,
425 1603 504 1657 et,
531 1589 591 1645 ut
639 1592 897 1648 universe
919 1595 1121 1656 dicam,
1153 1589 1220 1646 ab
1246 1594 1508 1648 universo
1533 1589 1699 1660 opere
1734 1591 1879 1658 quod
1913 1600 2179 1658 patrarat.
2222 1590 2454 1659 Propter
2477 1605 2614 1659 opus
2637 1592 2780 1644 enim
2809 1589 3279 1660 dictus’esttunc
3301 1589 3463 1660 (Deus

208 1661 515 1716 fabricator
548 1664 754 1717 mundi.
786 1665 881 1718 Est
917 1665 1081 1734 igitur
1106 1678 1325 1732 semper
1347 1658 1652 1718 fabricaior
1683 1661 1867 1734 mundi
1898 1661 2062 1728 Deus,
2096 1664 2188 1716 sed
2231 1658 2489 1730 tanquam
2515 1658 2630 1730 jam
2659 1660 2945 1734 fabricatio
2971 1658 3159 1734 mundi
3197 1658 3461 1725 desierit;

204 1734 350 1786 sicut
387 1743 446 1803 et
471 1742 705 1800 creator,
739 1735 830 1802 qui
867 1731 972 1793 non
1004 1731 1428 1803 semper'creat;
1463 1744 1518 1788 et
1559 1734 1626 1788 ait
1678 1733 1963 1803 ridendum
2006 1741 2185 1801 aptus,
2217 1733 2307 1800 qui
2358 1746 2464 1785 non
2494 1745 2721 1803 (semper
2752 1732 2890 1785 ridet
2917 1731 3088 1803 :__htec
3136 1739 3318 1784 autem
3337 1738 3461 1803 est,

207 1803 339 1870 quia
369 1802 547 1857 solum
575 1799 874 1868 est,causa
909 1814 966 1858 et
992 1799 1219 1858 eﬁ'ec'tor
1252 1805 1392 1858 Deus
1421 1803 1674 1866 (inﬁnitis
1700 1802 1846 1855 enim
1871 1812 1927 1856 et
1956 1799 2247 1856 immensis
2273 1802 2583 1856 intervallis
2607 1799 2836 1857 effector
2885 1800 3096 1855 eﬁ‘ectis
3140 1800 3463 1865 antecellit).

203 1872 345 1927 Cum
384 1873 552 1943 igitur
577 1873 868 1944 Dionysius
891 1875 1270 1930 excellentiam
1303 1876 1356 1928 in
1387 1875 1471 1928 his
1495 1873 1762 1936 ostendit,
1790 1873 1842 1924 itt
1896 1873 2032 1944 duas
2055 1882 2237 1943 partes
2268 1873 2475 1936 divisit,
2502 1873 2560 1944 in
2583 1880 2797 1937 sancta,
2827 1881 2882 1926 et
2913 1887 3020 1926 non
3053 1881 3244 1926 sancta
3270 1879 3373 1944 ;_et
3407 1870 3463 1936 in

208 1959 308 2012 per
335 1940 898 2012 s'e'participationes,
929 1954 984 2000 et
1022 1946 1073 1998 in
1104 1945 1518 2015 participantia.
1549 1944 1616 1996 Et
1641 1940 2100 2015 quanto,_i_nqui't,
2129 1959 2189 1996 ea
2221 1957 2342 2011 qua:
2368 1951 2498 1995 sunt
2528 1942 2596 1996 iis
2620 1957 2761 2015 qua:
2811 1959 2917 1996 non
2949 1952 3078 1995 sunt
3098 1940 3464 2015 antecellunt,

205 2022 261 2066 et
286 2015 745 2082 participationes
775 2012 1268 2085 participantibus;
1303 2012 1454 2070 tanto
1503 2016 1646 2068 Deus
1673 2012 1954 2068 antecellit
1982 2015 2189 2085 sanctis
2217 2022 2272 2067 et
2311 2027 2417 2085 non
2449 2013 2685 2085 sanctis,
2716 2022 2771 2064 et
2804 2027 2900 2081 per
2928 2027 2987 2066 sc
3015 2012 3464 2085 participationi-

205 2085 318 2156 bus,
339 2093 396 2138 et
419 2082 896 2153 participantibus.
933 2082 1470 2156 Excellentiaigitur
1499 2087 1590 2140 Dei
1616 2099 1770 2153 aeque
1799 2084 2052 2151 pervadit
2097 2085 2152 2138 in
2180 2083 2568 2153 participautia
2601 2122 2618 2148 ,
2655 2093 2722 2156 et
2765 2097 2950 2156 perse
2983 2082 3466 2156 participatioues;

202 2163 264 2206 et
308 2155 361 2207 in
405 2165 599 2208 sancta
642 2165 736 2209 aut
777 2157 982 2222 divina,
1018 2166 1113 2210 aut
1145 2153 1510 2221 dominantia,
1549 2164 1644 2208 aut
1677 2156 1851 2224 regia,
1891 2165 1945 2206 et
1979 2155 2033 2208 in
2067 2169 2132 2209 ea
2163 2169 2284 2224 qua:
2326 2169 2431 2207 non
2463 2162 2592 2207 sunt
2634 2153 2782 2206 talia.
2837 2153 2893 2206 Si
2922 2163 3100 2224 autem
3135 2153 3277 2206 Deus
3307 2166 3467 2224 teque

205 2232 443 2296 utraque
468 2225 891 2296 excellit,quam
931 2227 1199 2280 rationem
1234 2226 1607 2296 productionis
1636 2222 1910 2296 habebunt
1933 2240 2055 2294 quae
2081 2222 2196 2278 non
2221 2233 2351 2279 sunt
2379 2233 2590 2296 sancta,
2620 2233 2675 2277 et
2699 2237 2821 2296 qum
2844 2223 3194 2296 participant,
3213 2222 3465 2276 eamdem

206 2294 496 2366 habebunt
533 2294 822 2362 sancta,et
854 2313 948 2366 per
968 2312 1026 2352 se
1054 2294 1522 2366 participationes.
1548 2295 1704 2362 Quod
1745 2296 1791 2348 si
1843 2296 1932 2347 illa
1982 2306 2112 2349 sunt
2151 2305 2419 2366 creaturze
2451 2294 2567 2360 Dei,
2598 2303 2654 2347 et
2701 2295 2817 2347 haec
2852 2295 3470 2366 igiturrsuutcteaturze

203 2362 328 2437 Dei.
348 2366 629 2436 Apparent
661 2362 970 2437 tamen'hic
995 2362 1160 2421 etiam
1190 2362 1588 2437 proprietates;
1630 2367 1736 2437 illa
1771 2366 1917 2418 enim
1949 2366 2184 2433 (scilicet
2216 2365 2606 2437 participatttia
2643 2377 2697 2417 et
2727 2362 3207 2437 participationes)
3242 2371 3470 2437 propter

205 2433 413 2501 linem,
431 2433 587 2506 cujus
616 2451 784 2490 causa
813 2433 1051 2507 perfecta
1083 2433 1230 2500 suni,
1259 2433 1316 2490 ei.
1340 2451 1529 2491 eorum
1555 2436 1864 2507 proprietas
1888 2444 1973 2490 est
2000 2437 2108 2490 dici
2149 2433 2476 2504 adialiquid,
2505 2435 2692 2503 aliquo
2719 2433 2878 2507 modo
2903 2449 2961 2488 se
2984 2434 3228 2507 habere;
3267 2435 3464 2507 horum

202 2516 390 2560 autem
423 2501 614 2577 (id'est
642 2523 764 2576 qua:
793 2501 1093 2563 secundum
1123 2508 1502 2562 excellentiam
1535 2501 1826 2576 dicuntur)
1860 2507 2168 2576 proprietas
2198 2516 2280 2560 est
2307 2501 2429 2564 {ex
2463 2501 2621 2573 aequo
2646 2519 2770 2560 esse
2797 2504 2938 2558 infra
2982 2506 3150 2559 Deuut
3195 2519 3319 2558 cum
3361 2501 3470 2558 illis

200 2589 328 2641 qua:
351 2577 703 2648 participant,
731 2589 785 2632 et
807 2589 945 2633 sunt
979 2595 1075 2648 per
1102 2596 1161 2633 se
1190 2579 1667 2648 participationes,
1698 2579 1810 2630 haec
1837 2579 1980 2630 enim
2009 2587 2065 2630 et
2094 2577 2182 2629 illa
2219 2578 2359 2631 facta
2405 2586 2548 2630 sttnt.

1247 2803 1730 2859 PARAPHRASIS
1813 2799 2427 2873 ΡΑΟΗΥΜΕΚ-Εμθ).

275 2940 381 3011 δι.
419 2939 558 2993 Ἀλλ’
612 2942 800 3012 ἐπειδὴ
855 2944 949 2995 καὶ
1004 2943 1131 3012 περὶ
1181 2942 1383 2996 τούτων
1425 2942 1661 3008 ἱκανῶς,
1711 2944 1786 3007 ὡς

1963 2944 2050 3015 §l.
2088 2946 2192 3000 Sed
2222 2944 2480 3014 quoniam
2511 2945 2674 2998 etiam
2701 2948 2765 2999 de
2794 2946 2877 3001 his
2908 2946 3061 3012 satis,
3090 2948 3165 3000 ttti
3204 2950 3468 3019 arbitror,

177 3032 392 3112 οἶμαι,
433 3035 717 3100 λέλεκται,
759 3039 1024 3107 ὑμνητέω
1065 3039 1155 3091 τὸν
1193 3038 1657 3110 ἁπειροδύναμον,
1699 3041 1791 3092 καὶ

198 3129 294 3183 διὰ
325 3128 485 3182 τοῦτο
520 3131 614 3182 καὶ
663 3129 1068 3201 ἀπειρώνυμον,
1112 3132 1204 3183 καὶ
1252 3131 1328 3194 ὡς
1369 3132 1557 3201 Ἂγιον
1595 3132 1787 3200 ἁγίων,
1836 3124 1842 3128 ’

199 3224 300 3280 καὶ
321 3224 557 3277 Βασιλέα
577 3224 684 3277 τῶν
708 3225 1094 3295 βασιλευόντων
1113 3266 1126 3289 ,
1149 3225 1288 3278 κατὰ
1327 3227 1387 3279 τὸ
1424 3230 1480 3279 ὲν
1510 3229 1575 3298 τῇ
1601 3227 1790 3301 πρώτῃ

200 3314 315 3385 ᾠδῇ
356 3313 449 3366 τοῦ
508 3316 784 3376 Μωϋσέως
819 3316 1110 3386 ᾀδόμενον,
1169 3319 1262 3369 καὶ
1314 3317 1389 3380 ὡς
1443 3317 1646 3387 Κύριον
1681 3319 1788 3371 τῶν

200 3407 434 3477 κυρίων,
478 3407 570 3459 καὶ
621 3407 752 3460 Θεὸν
788 3407 895 3460 τῶν
952 3409 1108 3462 θεῶν.
1169 3411 1278 3463 Καὶ
1334 3409 1548 3481 πρῶτον
1599 3409 1789 3482 ῥητέον

203 3501 378 3570 χωρὶς
414 3499 508 3552 τοῦ
545 3499 979 3573 διπλασιασμοῦ,
1019 3503 1071 3554 τί
1109 3504 1254 3554 ἐστιν
1292 3501 1470 3555 αὐτῶν
1522 3503 1783 3556 ἕκαστον

200 3593 300 3645 καὶ
357 3588 458 3645 εἷθ’
513 3590 724 3657 οὕτως,
764 3595 816 3645 τί
854 3593 1129 3664 βούλονται
1174 3596 1228 3647 αἱ
1266 3594 1405 3646 θεῖαι
1444 3595 1656 3666 Γραφαὶ
1707 3597 1786 3649 δι-

200 3684 709 3749 πλασιάζουσαι.τὰ
744 3686 1004 3756 ὀνόματα,
1043 3687 1209 3756 ἧγουν
1248 3687 1434 3754 ’Ἄγιος
1475 3688 1664 3756 ἁγίων,
1697 3691 1788 3742 καὶ

198 3777 413 3849 Κύριος
449 3778 676 3848 κυρίων,
719 3779 814 3830 καὶ
848 3777 915 3830 τὰ
950 3779 1136 3848 ὅμοια.

276 3867 305 3939 §
343 3870 410 3921 ll.
466 3868 712 3939 Ἀγιότης
755 3870 851 3939 μὲν
905 3865 996 3921 οὖν
1040 3871 1205 3934 ἐστιν,
1252 3872 1328 3934 ὡς
1364 3871 1504 3925 κατὰ
1542 3873 1638 3943 τὴν
1681 3873 1787 3925 τῶν

198 3965 306 4030 ἔξω
333 3963 689 4033 ἐτυμολογίαν
717 3965 907 4026 εἰπεῖν,
940 3963 1004 4016 ἐκ
1034 3963 1127 4016 τοῦ
1155 3982 1195 4018 a
1222 3965 1540 4037 στερητικοῦ
1571 3969 1663 4020 καὶ
1694 3967 1786 4020 τοῦ

188 4060 340 4131 ἄγος
381 4056 442 4108 τὸ
484 4053 718 4125 μίασμα,
770 4055 933 4107 οἱονεὶ
975 4053 1273 4121 ἀαγιότης·
1304 4057 1396 4110 καὶ⁵
1443 4057 1638 4128 κράσει
1679 4057 1787 4110 τῶν

196 4152 294 4205 δύο
315 4169 355 4204 α
377 4167 416 4203 α
444 4151 523 4212 εἰς
554 4167 588 4201 α
623 4148 829 4220 μακρὸν
856 4148 1232 4218 δασυνόμενον,
1264 4147 1520 4216 ἁγιότης,
1548 4151 1787 4222 δηλονότι

197 4241 543 4312 ἐστερημένη
573 4239 771 4302 παντὸς
797 4239 980 4306 ἄγους.
1012 4239 1264 4291 Βασιλεία
1286 4240 1344 4292 δέ
1371 4241 1518 4293 ἐστιν
1554 4244 1586 4312 ἡ
1614 4241 1789 4295 διανέ-

1893 3038 2095 3093 dictum
2130 3047 2233 3103 est,
2266 3039 2311 3093 is
2329 3039 2419 3107 qui
2457 3037 2665 3092 inﬁnita
2704 3047 2899 3108 potest,
2924 3051 3093 3110 atque
3122 3043 3260 3100 adeo
3298 3045 3463 3100 etiam

1895 3131 2101 3184 inﬁnita
2149 3131 2368 3185 nomina
2407 3131 2606 3198 habet,
2658 3130 2815 3186 nobis
2847 3147 3064 3202 quoque
3110 3135 3470 3193 celebrandns

1893 3230 2150 3290 tanquam
2182 3220 2416 3276 Sanctus
2448 3233 2793 3287 sanctorum,
2825 3234 2880 3278 et
2914 3223 3026 3278 Rex
3064 3241 3276 3294 regum,
3310 3238 3472 3300 prout

1895 3316 1946 3368 in
1981 3315 2158 3386 primo
2186 3316 2390 3388 .‘l-loysis
2422 3317 2639 3372 cantico
2669 3319 2913 3382 canitur,
2957 3328 3010 3373 et
3036 3321 3178 3374 sicut
3212 3322 3473 3378 Dominus

1893 3409 2278 3476 dominorum,
2324 3419 2380 3464 et
2415 3408 2556 3465 Deus
2582 3411 2834 3466 deorum.
2882 3413 2961 3466 Ac
3005 3413 3241 3483 primum
3286 3415 3468 3469 dicen-

1894 3502 2021 3557 dum
2073 3503 2193 3558 sine
2221 3503 2594 3572 geminatione
2617 3544 2632 3568 ,
2676 3504 2807 3574 quid
2847 3505 2920 3558 sit
2950 3504 3219 3575 quidlibet
3253 3522 3471 3570 eorum;

1892 3608 1956 3648 ac
1989 3595 2183 3650 deinde
2209 3636 2224 3660 ,
2257 3595 2387 3665 quid
2420 3596 2519 3649 sibi
2565 3596 2735 3650 velint
2782 3595 2982 3650 divina:
3030 3595 3325 3667 Scriptura:
3367 3600 3465 3652 ista

1893 3688 2110 3740 nomina
2146 3687 2488 3756 duplicantes
2513 3728 2527 3751 ,
2591 3688 2707 3743 sive
2745 3689 2981 3744 Sanctus
3024 3701 3373 3756 sanctorum,
3416 3705 3470 3746 et

1895 3779 2154 3832 Dominus
2186 3779 2554 3840 dominorum,
2587 3790 2640 3833 et
2669 3781 2890 3834 similia.

1962 3869 2122 3941 525
2152 3869 2179 3940 §
2218 3868 2281 3924 ll.
2309 3869 2555 3939 Ἀγιότης
2583 3868 2786 3938 itaque,
2816 3887 2910 3924 seu
2940 3870 3219 3935 sanctitas,
3250 3871 3472 3942 loquen-

1892 3964 1961 4016 do
1989 3962 2283 4016 secundum
2312 3972 2591 4015 externam
2625 3961 2858 4015 nominis
2899 3963 3316 4032 etymologiam,
3351 3982 3414 4018 ex
3440 3983 3472 4020 α

1893 4056 2156 4124 privativa
2176 4066 2230 4109 et
2255 4069 2386 4109 voce
2415 4055 2568 4122 ἄγος,
2597 4055 2645 4108 id
2674 4066 2756 4109 est
2784 4056 3090 4124 imperitas,
3111 4058 3265 4126 quasi
3288 4059 3472 4126 ἀαγιό-

1889 4165 2010 4217 της,
2036 4158 2088 4202 et
2111 4147 2327 4217 gemino
2356 4166 2390 4202 α
2415 4148 2464 4201 in
2484 4165 2519 4201 α
2542 4148 2757 4217 longum
2787 4148 3083 4216 aspiratunt
3109 4149 3474 4212 coalescente,

1893 4243 2137 4312 ἁγιότης,
2185 4259 2240 4312 q.
2286 4241 2338 4296 d.
2393 4242 2446 4297 id
2490 4242 2632 4311 quod
2683 4243 2828 4295 omni
2876 4241 2995 4296 labe
3042 4257 3137 4296 seu
3167 4242 3474 4311 impuritate

200 4350 370 4405 μησις
401 4333 581 4402 πάσης
607 4330 833 4395 τάξεως,
875 4331 967 4382 καὶ
1005 4331 1204 4394 παντὸς
1238 4331 1430 4394 τύπου,
1473 4334 1564 4385 καὶ
1609 4335 1787 4404 πάσης

1964 4337 2164 4390 iratum
2221 4347 2331 4391 est.
2387 4335 2635 4404 Regnum
2686 4349 2816 4389 vero
2867 4344 2950 4389 est
2995 4335 3173 4390 omnis
3227 4336 3473 4398 ordinis,

197 4424 588 4485 καταστάσεως
629 4423 720 4475 καὶ
754 4421 1019 4485 εὐθεσίας.
1062 4423 1333 4495 Κυριὸτης
1361 4423 1437 4486 δὲ,
1477 4425 1596 4479 ἐπεὶ
1629 4425 1792 4496 διχῶς

196 4517 448 4590 κυριεύει
485 4533 590 4578 τις,
634 4515 666 4586 ἢ
702 4517 759 4567 ὲν
793 4507 836 4581 ᾧ
872 4515 969 4584 οὐχ
1011 4517 1238 4586 ἡττᾶται
1282 4517 1390 4569 τῶν
1431 4519 1709 4587 χειρόνων,
1759 4519 1790 4588 ἢ

195 4617 256 4668 ὲν
288 4607 334 4681 ᾧ
367 4613 461 4664 καὶ
488 4611 595 4662 τῶν
621 4611 942 4682 κρειττόνων
966 4608 1413 4679 ἐπιλαμϐάνεται,
1448 4611 1509 4662 τὸ
1542 4610 1792 4680 δεύτερον

193 4705 417 4776 τίθησιν
444 4705 472 4756 ὀ
507 4703 679 4772 ἅγιος,
724 4703 798 4766 ὡς
845 4701 937 4754 τοῦ
978 4701 1240 4770 προτέρου
1286 4701 1542 4754 ταπεινοῦ
1585 4703 1791 4754 παντά-

196 4813 366 4852 πασιν
397 4797 548 4860 ὄντος
577 4797 667 4850 ἐπὶ
696 4797 828 4850 Θεοῦ
852 4815 864 4828 ·
896 4797 976 4850 διὸ
1007 4794 1098 4849 καὶ
1124 4795 1377 4866 κυριότης
1407 4795 1559 4865 παρὰ
1598 4795 1658 4847 τὸ
1688 4793 1787 4847 κῦ-

199 4911 293 4964 ρος
322 4896 355 4963 ἡ
387 4891 602 4958 ἐξουσία
631 4890 868 4959 λέγεται.
892 4890 1091 4960 Θεότης
1120 4889 1174 4940 δὲ
1213 4887 1244 4959 ἢ
1285 4888 1390 4940 ἀπὸ
1416 4888 1510 4940 τοῦ
1539 4887 1784 4950 θεᾶσθαι,

195 4989 292 5040 καὶ
339 4984 642 5055 ἐπιτηρεῖν,
682 4984 774 5036 καὶ
815 4985 1063 5054 προνοεῖν
1089 4999 1101 5010 ·
1154 4980 1186 5052 ἢ
1220 4981 1328 5033 ἀπὸ
1375 4979 1467 5032 τοῦ
1514 4978 1786 5051 περιθέειν

194 5082 291 5134 καὶ
323 5077 567 5147 συνέχειν
594 5074 965 5145 ἁπανταχόθεν
992 5073 1060 5126 τὰ
1091 5073 1286 5136 πάντα,
1317 5073 1410 5124 καὶ
1437 5072 1586 5135 ἐντὸς
1615 5073 1784 5143 αὐτῆς

195 5176 415 5228 ἅπαντα
448 5168 518 5223 τὰ
547 5167 647 5237 τῆς
674 5167 925 5238 προνοίας
959 5164 1299 5218 ἀπολαύοντα
1348 5163 1738 5236 ἁποπληροῦσα
1767 5182 1779 5194 ⁶

197 5262 255 5312 ὲν
293 5262 362 5331 τῇ
391 5256 534 5329 χειρὶ
563 5255 671 5326 γὰρ
699 5253 863 5307 αὐτοῦ
894 5253 963 5306 τὰ
993 5253 1191 5314 πάντα,
1223 5253 1365 5307 κατὰ
1388 5253 1486 5316 τὰς
1515 5253 1664 5324 ἱερὰς
1693 5255 1786 5306 καὶ

122 5412 132 5424 ν
197 5351 351 5415 θείας
392 5349 632 5422 Γραφάς.

1896 4427 2074 4481 omnis
2105 4425 2290 4480 formte
2343 4436 2398 4480 et
2431 4427 2612 4482 omnis
2641 4425 3052 4481 constitutionis
3091 4440 3155 4479 ac
3194 4426 3474 4479 rectitudi—

1899 4518 1980 4571 nis
2033 4517 2365 4572 distrihtttio.
2423 4519 2727 4573 Dominatio
2781 4528 2962 4573 autem
3012 4534 3135 4572 cunt
3187 4517 3474 4586 dupliciter

1895 4609 2019 4677 quis
2045 4609 2371 4675 dominetur,
2407 4612 2547 4681 quod
2577 4611 2658 4666 vel
2690 4611 2847 4665 malis
2882 4627 2986 4664 non
3021 4611 3358 4669 succumbat,
3389 4609 3474 4660 vel

1897 4703 2039 4771 quod
2081 4703 2304 4756 meliora
2359 4705 2610 4774 recipiat,
2649 4720 2744 4760 seu
2785 4704 3079 4774 possideat,
3119 4709 3342 4755 sanctus
3383 4701 3474 4754 hic

1897 4794 2191 4847 Secundum
2224 4796 2394 4864 ponit,
2424 4798 2566 4868 quod
2600 4796 2726 4849 illttd
2763 4797 2913 4865 prius
2957 4794 3118 4846 nimis
3163 4792 3365 4846 humile
3401 4792 3474 4845 sit

1897 4900 1994 4953 pro
2034 4887 2178 4953 Deo;
2221 4889 2574 4957 quamobrem
2614 4886 2779 4940 etiam
2816 4884 3111 4955 κυριότης,
3158 4884 3271 4938 sive
3301 4882 3471 4937 domi-

1894 4980 2070 5044 natio,
2102 4979 2253 5052 παρὰ
2291 4981 2352 5032 τὸ
2389 4980 2581 5052 κῦρος,
2615 4988 2884 5047 quatenus
2917 4987 3234 5046 potestatem
3266 4973 3474 5045 signiﬁ-

1893 5078 2012 5131 cat,
2043 5071 2454 5134 dettominatur;
2487 5070 2677 5141 θεότης
2720 5085 2850 5125 vero
2871 5110 2886 5134 ,
2915 5085 3008 5123 seu
3047 5070 3329 5132 divinitas,
3364 5066 3473 5122 ἀπὸ

1889 5162 1984 5216 τοῦ
2010 5163 2255 5228 θεᾶσθαι,
2286 5165 2337 5218 id
2358 5175 2442 5219 est
2465 5181 2491 5217 a
2517 5163 2772 5227 videndo,
2799 5171 2852 5217 et
2875 5162 3236 5226 observando,
3263 5175 3328 5214 ac
3353 5175 3472 5228 pro-

1893 5254 2159 5320 videndo;
2204 5256 2286 5309 vel
2327 5255 2434 5308 ἀπὸ
2472 5254 2564 5307 τοῦ
2606 5252 2897 5326 περιθέειν,
2941 5252 2994 5306 id
3040 5261 3124 5306 est
3160 5267 3190 5304 a
3229 5251 3469 5304 circum-

1882 5338 2101 5415 eundo,
2161 5362 2216 5406 et
2258 5352 2496 5418 undique
2533 5351 2861 5405 continendo
2904 5349 3179 5412 universa,
3216 5360 3274 5400 ιιι
3314 5347 3368 5400 in
3412 5361 3473 5399 se

121 5434 129 5467 7"
197 5445 382 5500 omnia
426 5441 782 5513 providentia:
815 5438 1135 5494 muneribus
1171 5438 1402 5494 l'rucntia
1436 5437 1757 5506 adiutplens.
1793 5439 2060 5506 Quoniam
2098 5443 2306 5507 omnia,
2329 5441 2484 5508 juxta
2519 5457 2710 5498 sacras
2739 5449 2791 5496 et
2821 5440 3036 5496 divinas
3069 5439 3384 5505 Scripturas
3413 5441 3467 5494 itt

199 5553 364 5592 manu
406 5536 526 5606 ejus
556 5533 660 5590 sita
690 5543 819 5589 sunt

270 5657 298 5696 ιι
335 5652 479 5709 Psal.
516 5667 703 5715 um,
738 5650 792 5705 6.
878 5651 892 5689 ί
933 5651 1066 5706 Gen.
1105 5664 1168 5716 ll,
1208 5647 1263 5701 Ξ.

269 5745 382 5815 (ιᾶὶ
428 5745 562 5802 Vide
609 5744 828 5799 Scholia
886 5741 945 5797 S.
987 5741 1207 5796 Maximi
1257 5752 1389 5798 tom.
1429 5742 1468 5796 ll
1496 5782 1510 5810 ,
1557 5756 1677 5814 cap.
1704 5740 1787 5813 ζιε
1810 5740 1887 5796 De
1913 5742 2105 5796 divinis
2137 5740 2361 5810 nomin.‘
