3742 6298
340 262 443 320 975
1524 264 1580 321 S.
1621 262 1824 323 DlONtY
1834 265 1916 321 Sil
1952 266 2415 327 AREOPAGI'LE
3557 279 3653 334 976

411 379 438 451 §
482 378 567 435 ll-l.
610 379 736 435 llaec
795 381 1015 452 quidem
1074 380 1126 435 in
1186 380 1296 436 Deo
1350 382 1597 438 absolute
1649 383 1884 439 Iaudand

2173 387 2251 439 [11.
2295 386 2477 440 Ταῦτα
2519 387 2619 459 μὲν
2660 382 2754 442 οῦν
2799 390 2889 442 ἐπὶ
2930 389 3066 444 Θεοῦ
3111 390 3416 456 ἀπολύτως
3471 395 3651 464 ὑμνη-

337 480 489 537 ειιηι,
516 473 567 527 id
603 483 689 526 est
734 489 842 527 non
890 474 1107 543 quidem
1141 475 1437 529 secundum
1467 477 1698 545 aliquid,
1731 493 1815 532 sec

2173 521 2179 542 ,
2222 479 2465 552 δηλονότι
2524 481 2584 533 οὐ
2646 482 2787 535 κατὰ
2823 501 2874 535 τι
2919 484 3038 553 μὲν,
3083 485 3222 539 κατά
3266 503 3321 538 τι
3361 485 3435 538 δὲ
3486 483 3583 545 οῦ,
3623 486 3651 555 ἦ

336 566 463 618 dum
490 564 694 634 aliquid
717 580 847 619 vero
870 580 1000 631 non,
1034 568 1119 621 vel
1151 576 1409 634 tanquam
1448 568 1513 622 ad
1545 569 1747 638 aliquid
1778 585 1806 622 a

2149 572 2278 642 πρός
2313 591 2365 626 τι
2394 574 2600 646 ἕτερον,
2640 575 2775 629 ἀλλὰ
2809 576 2949 629 κατὰ
2990 577 3169 648 ἁπλῆν
3199 577 3456 641 ἔννοιαν,
3492 595 3627 629 τουτ

335 658 589 723 relatum,
645 659 739 714 sed
788 662 1090 715 secundum
1136 661 1439 731 simplicem
1472 679 1714 731 sensum,
1750 666 1801 719 id

2201 661 2424 731 κυρίως.
2477 661 2562 725 Ὡς
2599 661 2708 734 γὰρ
2743 664 2805 717 τὸ
2864 666 3038 735 μέγας
3080 666 3175 719 ἐπὶ
3215 666 3361 720 Θεοῦ
3412 667 3650 735 λέγεται

337 756 579 826 proprie.
628 754 782 810 Sicut
824 756 969 810 enim
1002 772 1231 827 magnus
1268 758 1469 812 dicitur
1498 758 1565 813 de
1609 760 1716 815 Deo
1747 761 1815 814 illi

2172 772 2288 819 τως,
2317 756 2409 809 καί
2458 757 2825 830 ἁσυγκρίτως,
2878 760 2971 813 καὶ
3019 760 3079 812 οὑ
3129 761 3269 832 πρός
3318 778 3370 813 τι
3427 760 3650 829 ἓτείκν.

335 858 468 916 tate,
497 859 553 905 et
585 851 703 904 sine
742 851 1175 920 comparatione,
1204 867 1268 906 ac
1300 852 1587 919 relatione,
1621 854 1703 910 sic
1733 855 1809 909 uti

2194 847 2289 901 καὶ
2314 849 2484 902 ταῦτα
2520 850 2584 922 δὴ
2612 850 2683 903 τὰ
2708 851 2967 923 ὀνόματα.
3007 852 3098 924 Μὴ
3128 852 3293 923 μόνον
3328 853 3389 905 δὲ

332 943 497 997 etiam
528 945 639 998 haec
668 944 911 997 nomina.
944 941 1129 1012 Neque
1155 957 1285 999 vero
1319 945 1493 999 solum
1526 946 1773 1001 absolute
1799 964 1810 1017 ι

2170 939 2377 1009 ῥητέον,
2412 940 2548 995 ἀλλὰ
2588 942 2682 995 καὶ
2729 942 2846 1013 μεθ’
2888 944 3186 1015 ὑπεροχῆς,
3225 945 3648 1015 ὑπεραγιόττςς,

334 1034 554 1089 terenda
605 1047 751 1100 sunt,
808 1039 900 1091 sed
950 1039 1119 1092 etiam
1167 1044 1468 1094 secundum
1515 1041 1812 1095 excelienti:

2178 1027 2553 1099 περόασιλεία,
2580 1032 2673 1085 καὶ
2697 1031 2837 1104 ὑπὲρ
2867 1033 2928 1085 τὸ
2952 1033 3159 1105 κύριος,
3186 1037 3287 1089 καὶ
3314 1034 3613 1107 ὑπέρθεσις
3635 1052 3647 1065 ·

331 1126 585 1192 dicendo,
633 1143 793 1198 supra
837 1144 1001 1199 quam
1044 1132 1332 1195 sanctitas,
1366 1142 1419 1186 et
1469 1132 1589 1200 plus
1630 1148 1796 1202 quam

2171 1117 2249 1191 ’ἀρ
2272 1119 2331 1186 ἐξ
2357 1121 2524 1192 αὑτῆς
2555 1121 2617 1193 δὴ
2645 1122 2743 1193 τῆς
2769 1122 3151 1195 ἁπλουστάτης
3183 1124 3465 1197 θεότητος
3492 1128 3649 1179 πᾶσι

332 1230 525 1286 gnum,
553 1228 604 1272 et
636 1220 756 1290 plus
784 1237 946 1290 quam
986 1221 1270 1284 Dominus,
1305 1232 1356 1277 et
1386 1224 1507 1292 plus
1542 1239 1702 1295 quam
1735 1225 1806 1278 De

2170 1212 2399 1284 νέμηται
2422 1216 2534 1278 τοῖς
2556 1216 2815 1279 αἱτιατοῖς
2837 1216 3040 1287 ἀμιγὴς
3070 1218 3165 1270 καὶ
3193 1218 3445 1288 ἄσχετος
3483 1221 3648 1291 ἀκρε-

330 1312 599 1382 s'quidem
632 1329 697 1366 ex
732 1314 969 1382 ipsamet
1006 1313 1413 1382 simplicissima
1445 1316 1758 1381 divinitate,
1790 1333 1808 1372 ι

2179 1307 2271 1358 καὶ
2312 1307 2411 1377 τῆς
2457 1308 2744 1381 ἁγιότητος
2789 1309 2883 1362 καὶ
2918 1310 3019 1381 τῆς
3057 1311 3375 1381 βασιλείας·
3430 1315 3648 1386 enim.»

330 1406 415 1459 nis
447 1420 582 1475 pura
614 1416 668 1460 et
699 1407 1067 1475 independens
1107 1409 1247 1462 ratio
1283 1425 1411 1463 cum
1456 1410 1764 1465 sanctitatis
1799 1421 1808 1464 I

2172 1395 2317 1465 λέγει
2357 1397 2597 1464 διάταξιν
2637 1400 2748 1455 τῶν
2785 1403 2975 1467 ὄντων,
3014 1405 3255 1477 δηλονότι
3298 1406 3426 1459 τῶν
3460 1405 3650 1460 driv-

326 1498 478 1567 regni
530 1495 814 1553 effectibus
858 1499 1135 1566 tribuitur,
1191 1503 1334 1556 hanc
1373 1503 1517 1557 enim
1545 1512 1700 1557 vocat
1729 1519 1804 1558 rel

2176 1488 2269 1542 καὶ
2305 1489 2684 1563 διακόσμησιν,
2722 1496 2846 1565 ἥτις
2894 1499 2988 1551 καὶ
3037 1500 3215 1553 πᾶσαν
3242 1500 3503 1565 ἀταξίαν
3534 1499 3650 1565 ἑξο-

327 1588 760 1657 dispositionem,
788 1590 998 1645 scilicet
1040 1594 1310 1658 omnium,
1342 1602 1396 1647 et
1446 1595 1805 1650 distributiom

2176 1617 2190 1641 ,
2227 1580 2318 1632 καὶ
2363 1581 2442 1644 εἰς
2487 1580 2586 1652 τὴν
2620 1580 2883 1637 εὔτακτον
2920 1586 3225 1657 ταύτότητα
3270 1587 3646 1657 περιάγουσα

325 1695 447 1748 quae
486 1696 705 1734 omnem
744 1680 1208 1736 inordinationcm
1239 1685 1586 1747 exterminat,
1623 1695 1677 1739 et
1707 1686 1773 1739 ad

2170 1669 2321 1741 ιύτης
2374 1673 2672 1744 ἠξιωμένα,
2720 1677 2946 1741 εἰκότως
2991 1678 3055 1732 ἂν
3099 1677 3195 1749 μία
3236 1679 3648 1752 προσαγορεύ-

323 1747 633 1824 ordinatam
672 1770 1012 1825 identitatem
1050 1772 1269 1826 adducit
1315 1772 1400 1825 illa
1434 1787 1554 1841 qua:
1583 1774 1742 1843 digna
1780 1788 1801 1828 ε

2168 1781 2169 1789 η
2201 1762 2359 1816 τοῦτο
2392 1764 2449 1817 δέ
2474 1766 2666 1838 ἐστινὴ
2708 1768 2917 1840 ἑνότης,
2946 1769 3007 1822 τὸ
3158 1747 3532 1844 ταύτότητος*
3553 1775 3646 1825 καὶ

324 1864 442 1934 ejus
465 1864 909 1934 participatione;
940 1865 1082 1917 unde
1113 1866 1307 1919 merito
1335 1880 1436 1918 una
1475 1865 1694 1927 dicitur,
1740 1865 1802 1919 sit

2168 1869 2260 1917 τος
2305 1853 2467 1923 λέγω.
2509 1856 2681 1910 Τοῦτο
2721 1858 2782 1911 τὸ
2824 1859 2997 1913 αἴτιον
3036 1860 3138 1931 τῆς
3180 1864 3517 1932 συμπνοίας
3550 1874 3645 1919 ut

323 1957 444 2011 dem
474 1958 588 2012 btec
614 1967 698 2012 est
735 1956 937 2019 unitas,
972 1957 1303 2019 identitatis,
1334 1958 1578 2029 inquam,
1606 1970 1657 2013 et
1688 1975 1801 2029 arth

2166 1946 2496 2017 συμπαθείας
2537 1951 2630 2003 καὶ
2670 1951 2767 2022 τῆς
2814 1951 3086 2024 σωτηρίας
3120 1953 3229 2007 τῶν
3261 1955 3441 2018 ὅλων,
3478 1960 3510 2011 ό
3541 1959 3644 2028 τῆς

322 2048 471 2102 tatis.
509 2048 635 2103 Haec
674 2059 759 2103 est
788 2064 948 2105 causa
979 2051 1425 2120 conspirationis.
1446 2061 1500 2104 et
1526 2051 1800 2105 consensit

2161 2056 2261 2109 ιτος
2306 2039 2483 2108 λόγος,
2525 2041 2553 2092 ὁ
2587 2041 2729 2095 κατὰ
2760 2042 2831 2096 τὰ
2856 2045 2997 2098 αὐτὰ
3027 2048 3122 2100 καὶ
3152 2046 3433 2112 ὡσαύτως
3466 2052 3639 2121 ἔχων.

320 2148 376 2193 οι
422 2140 613 2195 salutis
659 2141 1061 2208 universorum,
1090 2142 1323 2196 unitatis
1365 2146 1524 2207 ratio,
1551 2157 1673 2211 quze
1710 2156 1798 2196 sec

2164 2132 2324 2203 Jpév'q
2371 2133 2429 2186 δὲ
2462 2129 2633 2197 εἶπεν,
2668 2135 2785 2205 ἤτοι
2818 2137 3084 2208 χαίρουσα
3116 2140 3209 2192 ἐπὶ
3236 2142 3353 2203 τοῖς
3389 2144 3642 2207 οἰκείοις

320 2234 448 2287 dum
495 2233 687 2288 eadem
733 2243 789 2287 et
838 2235 1030 2288 eodem
1071 2235 1232 2289 modo
1275 2250 1336 2290 se
1382 2236 1567 2290 habet.
1605 2234 1790 2289 Laetan

2159 2239 2299 2289 ιασι,
2336 2226 2476 2279 κατὰ
2507 2225 2566 2279 τὸ
2598 2228 2656 2280 ὲν
2689 2228 2938 2300 Ψαλμοῖς
2970 2231 3280 2302 εἰρημένον·
3327 2235 3637 2303 Εὐφραν-

316 2339 449 2381 vero
477 2328 638 2390 dixit,
683 2327 798 2381 sive
827 2327 1153 2397 gaudentem
1198 2328 1250 2381 in
1296 2328 1555 2397 operibus
1592 2327 1729 2391 suis,
1754 2328 1794 2398 jt

2159 2332 2257 2370 ’ται
2300 2318 2517 2386 Κύριος
2560 2319 2661 2372 ἐπὶ
2709 2320 2836 2387 τοῖς
2866 2322 3062 2391 ἔργοις
3093 2324 3301 2378 αὑτοῦ.
3338 2325 3538 2379 Πάλιν
3571 2329 3637 2381 ἐκ

318 2418 450 2472 illud
477 2418 673 2474 Psalmi
705 2420 943 2473 dictum:
973 2417 1267 2473 Lwlabitur
1296 2420 1553 2473 Dominus
1584 2420 1639 2474 in
1667 2436 1796 2488 oper;

2158 2428 2212 2482 ης
2251 2411 2352 2482 τῆς
2400 2413 2779 2485 ἀπλουστὰτης
2824 2414 3075 2487 θεότητος
3119 2418 3213 2471 καὶ
3253 2420 3288 2489 ή
3344 2420 3636 2493 κυριότης

318 2510 429 2565 suis
487 2511 539 2566 ι.
582 2511 820 2565 Rursum
877 2527 943 2565 ex
996 2512 1099 2565 hac
1161 2511 1568 2580 simplicissima
1625 2512 1791 2565 divini

2157 2521 2163 2533 ι
2200 2504 2404 2576 ταύτην
2437 2504 2546 2577 γὰρ
2578 2501 2699 2560 εἷπε
2732 2509 2953 2562 πάντων
2985 2509 3095 2563 τῶν
3126 2511 3309 2583 καλῶν
3353 2530 3635 2583 παγκτη-

319 2602 484 2656 etiam
525 2600 689 2672 526
716 2602 1020 2656 dominatio
1051 2602 1266 2668 existit;
1297 2602 1438 2656 lianc
1462 2604 1605 2657 enim
1635 2603 1772 2657 dixit

2197 2595 2344 2669 Αὕτη
2393 2598 2426 2669 ἡ
2474 2599 2652 2672 ἀγαθὴ
2701 2600 2926 2672 πρόνοια
2964 2603 3162 2676 ἑαυτὴν
3195 2602 3634 2679 ἀγαθοπρεπιῖις

321 2706 533 2744 versam
570 2707 692 2745 esse
734 2691 977 2744 onmium
1016 2692 1283 2746 bonorum
1318 2691 1748 2759 possessionem.
1784 2689 1799 2743 1

2157 2688 2283 2743 δωσι
2312 2690 2449 2762 πρὸς
2478 2691 2740 2747 ὲκθέωσιν
2784 2694 2893 2748 τῶν
2925 2696 3061 2767 πρὸς
3090 2698 3258 2769 αὐτὴν
3287 2700 3635 2772 ἐπεστραμ-

316 2792 402 2837 est
456 2783 690 2853 benigna
734 2782 1103 2854 providentia,
1137 2796 1256 2851 qua:
1288 2782 1633 2850 semetipsam
1674 2782 1907 2843 benigne
2012 2781 2208 2852 μένων.

232 2876 235 2877 ⁷
316 2877 580 2945 impertit,
619 2876 684 2929 ad
720 2891 909 2930 eorum
938 2876 1028 2945 qui
1065 2876 1132 2929 ad
1170 2878 1339 2943 ipsam
1370 2882 1766 2929 convertuntur
1787 2874 1903 2929 dei-

316 2969 646 3024 ﬁcationem.

388 3059 416 3132 ᾗ
458 3060 725 3117 IV.°Cum
759 3070 942 3116 autem
977 3061 1050 3114 sit
1081 3075 1263 3114 rermn
1297 3060 1539 3113 omnium
1577 3056 1899 3129 superplena
1931 3091 1971 3147 C

315 3154 614 3208 secundum
664 3170 829 3208 uuam
877 3155 1206 3207 eminentem
1262 3153 1645 3207 excellentiam
1694 3154 1897 3221 (neque

316 3246 461 3299 enim
509 3246 692 3299 multte
736 3256 864 3299 sunt
922 3249 972 3300 in
1028 3246 1135 3299 Deo
1173 3247 1539 3308 excellentite,
1596 3246 1690 3299 sed
1759 3256 1894 3306 una,

311 3342 518 3409 illaque
542 3342 836 3404 eminens),
856 3342 1055 3395 dicitur
1074 3339 1306 3394 Sanctus
1336 3351 1672 3402 sanctorum,
1701 3350 1755 3393 et
1781 3338 1895 3393 Rex

318 3448 527 3502 regum.
565 3431 658 3486 Ait
689 3430 859 3497 enim,
893 3441 1161 3502 quantum
1206 3430 1389 3485 diﬂ'ert
1426 3441 1622 3485 natura
1671 3447 1804 3501 pura
1846 3439 1902 3484 et

315 3539 483 3578 causa
526 3539 555 3576 a
601 3522 868 3594 qualitate
920 3534 977 3577 et
1021 3522 1214 3578 eﬂ‘ectu
1265 3526 1391 3593 (hoc
1440 3526 1585 3578 enim
1638 3533 1720 3579 est
1771 3523 1899 3577 illud

312 3617 458 3687 quod
502 3627 607 3679 est.
641 3625 888 3686 respectu
931 3616 1075 3671 illius
1106 3618 1251 3681 quod
1297 3618 1515 3687 proprie
1560 3632 1666 3671 non
1705 3620 1810 3679 est)
1847 3628 1900 3670 et

314 3718 575 3778 quantum
622 3707 750 3762 illud
776 3709 916 3777 quod
957 3708 1316 3779 participatur
1352 3712 1421 3765 ab
1453 3725 1519 3764 eo
1545 3709 1688 3779 quod
1728 3710 1900 3780 parti-

314 3805 480 3873 cipat,
510 3811 719 3856 tantum
753 3801 934 3857 diﬂ'ert
973 3803 1137 3864 Deus,
1166 3803 1292 3856 dum
1330 3803 1443 3857 haec
1476 3802 1694 3863 dicitur,
1730 3802 1799 3857 ab
1834 3803 1899 3858 iis

2079 3052 2105 3123 §
2148 3052 2234 3107 IV.
2291 3054 2507 3126 Ἐπειδὴ
2538 3055 2594 3108 δὲ
2642 3056 3000 3129 ὑπερπλήρης
3040 3058 3255 3112 πάντων
3299 3061 3428 3114 ἐστὶ
3473 3066 3629 3118 κατᾶ

2011 3147 2139 3217 μίαν
2169 3147 2472 3219 ὑπερϐολὴν
2506 3148 2899 3220 ὑπερέχουσαν,
2933 3149 3075 3222 (οὑδὲ
3101 3151 3211 3225 γὰρ
3241 3153 3446 3207 πολλαί
3480 3159 3627 3210 εξσιν

2006 3241 2062 3291 αἱ
2093 3239 2245 3311 παρὰ
2272 3239 2351 3311 τῷ
2377 3239 2494 3311 Θεῷ
2528 3241 2845 3313 ὑπερϐολαὶ,
2878 3243 3012 3297 ἀλλὰ
3044 3245 3141 3315 μέα
3171 3247 3262 3298 καὶ
3293 3247 3624 3319 ὑπερέχου-

2009 3331 2121 3401 σα”)
2167 3332 2382 3401 λέγεται
2414 3333 2601 3402 ’Ἄγιος
2636 3336 2829 3404 ἁγίων,
2875 3337 2967 3389 καὶ
3012 3337 3269 3402 Βασιλεὺς
3310 3338 3623 3408 βασιλέων.

2004 3426 2144 3496 Φησὶ
2191 3425 2335 3497 γὰρ,
2387 3426 2616 3480 καθόσον
2655 3428 2899 3501 διαφέρει
2941 3428 3100 3499 φύσις
3138 3431 3459 3505 ἀκραιφνὴς
3523 3437 3623 3489 καὶ

2005 3518 2154 3570 αἰτία
2215 3518 2493 3591 ποιότητος
2522 3521 2615 3572 καὶ
2643 3521 2909 3585 αἰτιατοῦ,
2944 3521 3120 3593 (τοῦτο
3148 3524 3254 3595 γάρ
3281 3524 3402 3577 ἐστι
3436 3527 3508 3579 τὸ
3560 3528 3623 3580 ὃν

2006 3615 2143 3685 πρὸς
2172 3614 2233 3666 τὸ
2269 3615 2342 3685 μὴ
2376 3613 2580 3684 κυρίως
2607 3613 2712 3684 ὂψ)
2743 3615 2836 3667 καὶ
2867 3614 3097 3668 καθόσον
3134 3616 3225 3669 τοῦ
3276 3617 3623 3689 μετέχοντος

2004 3705 2138 3758 αὑτὸ
2180 3705 2240 3758 τὸ
2289 3706 2683 3777 μετεχόμενον,
2732 3707 2873 3760 κατὰ
2915 3708 3168 3762 τοσοῦτον
3215 3709 3539 3766 διαλλάττει
3587 3718 3619 3766 6

2004 3800 2135 3864 Θεὸς
2165 3800 2337 3852 ταῦτα
2369 3799 2655 3870 λεγόμενος
2685 3799 2793 3852 τῶν
2827 3801 2969 3854 κατὰ
2998 3801 3210 3873 μέθεξιν
3240 3802 3397 3856 τοῦτο
3435 3806 3616 3877 ἐσχη-

314 3907 437 3960 (ιιιω
481 3891 573 3946 illa
621 3891 1039 3961 participatione
1100 3892 1347 3960 habent;
1403 3893 1586 3947 omnia
1637 3894 1782 3946 enim
1830 3909 1896 3948 ex

316 3984 431 4039 Deo
472 3994 623 4049 sunt,
663 3985 810 4039 solus
841 3994 1022 4039 autem
1057 3985 1197 4039 Deus
1226 4000 1293 4039 ex
1321 3986 1486 4038 mdlo.
1514 3985 1784 4054 lleligiose
1807 4003 1900 4039 au-

316 4091 422 4133 tem
465 4094 532 4133 ac
572 4078 659 4145 pie
695 4079 921 4148 exponit
961 4078 1071 4142 illa,
1097 4095 1218 4147 quae
1249 4097 1277 4132 a
1312 4079 1637 4147 quibusdam
1673 4081 1740 4134 de
1772 4080 1899 4134 deo-

313 4184 434 4223 rum
464 4168 814 4223 multitudine
851 4171 996 4223 dicta
1032 4172 1385 4239 putabantur,
1418 4186 1480 4225 ex
1519 4186 1584 4225 eo
1620 4172 1764 4239 quod
1798 4188 1895 4225 au-

314 4262 494 4315 dirent
521 4260 625 4314 dici
660 4260 855 4315 multos
882 4262 1045 4325 deos,
1077 4260 1229 4329 juxta
1265 4262 1393 4317 illud
1432 4280 1446 4316 ε
1492 4263 1632 4316 Deus
1678 4265 1893 4316 dearum

314 4354 573 4407 Dominus
604 4353 810 4407 loculus
838 4365 911 4407 est
940 4352 1364 4424 1.Pr:eceptores
1393 4354 1540 4407 enim
1572 4354 1661 4423 qui
1697 4356 1896 4409 virtute

2004 3893 2195 3945 κότων’
2229 3891 2297 3945 τὰ
2323 3891 2431 3963 γὰρ
2465 3891 2642 3945 πάντα
2675 3892 2740 3945 ἐκ
2769 3893 2904 3946 Θεοῦ
2937 3894 3072 3958 ἐστι,
3111 3894 3269 3965 μόνος
3300 3896 3356 3949 δὲ
3386 3896 3419 3948 ὁ
3471 3899 3618 3962 85b;

2003 3983 2063 4048 ἐξ
2110 3984 2341 4047 οὐδενός.
2388 3983 2655 4048 Φιλοθέως
2699 3984 2754 4037 δὲ
2808 3991 3157 4057 μυσταγωγεῖ
3200 3989 3292 4041 καὶ
3330 3988 3397 4041 τὰ
3445 3994 3613 4063 παρὰ

2002 4094 2142 4130 τισιν
2196 4079 2275 4140 εἰς
2320 4077 2609 4130 πολυθεῖαν
2652 4080 3052 4151 ὑπονοούμενα,
3100 4082 3166 4135 ὲκ
3227 4080 3320 4135 τοῦ
3370 4084 3615 4139 ἀκούειν

2004 4169 2229 4231 πολλοὺς
2264 4169 2438 4235 θεοὺς,
2473 4171 2614 4224 κατὰ
2645 4170 2724 4223 τό·
2763 4175 2903 4238 Θεέτς
2936 4172 3087 4227 θεῶν
3117 4174 3332 4242 Κύριος
3362 4175 3611 4245 ἐλάλη-

2002 4279 2133 4317 σεν.
2183 4265 2245 4316 Οἱ
2297 4264 2405 4336 γὰρ
2453 4267 2510 4318 ἐν
2559 4267 2725 4337 ἀρετῇ
2774 4264 3103 4336 προῦχοντες
3147 4265 3463 4321 διδάσκαλοι
3501 4274 3609 4337 τὴν

2002 4358 2203 4428 ἀρετὴν
2236 4359 2293 4409 ἐν
2326 4361 2391 4428 τῇ
2424 4357 2569 4429 ψυχῇ
2605 4357 2821 4420 ἑνιαίως
2856 4356 3320 4429 συνηθροισμένην
3364 4358 3563 4428 ἔχουσι
3590 4380 3603 4391 ο

304 4453 598 4514 ιρῑωειειιιι,
623 4445 877 4499 virtutem
905 4445 1157 4499 inanima
1184 4448 1333 4500 unite
1355 4447 1637 4500 collectam
1669 4448 1782 4501 habt

2126 4449 2177 4502 δὲ
2215 4450 2316 4521 τῆς
2357 4450 2724 4514 διδασκαλίας,
2759 4451 2965 4521 ἑτέροις
3006 4450 3105 4513 τὰς
3138 4450 3334 4521 ἀρετὰς
3371 4454 3604 4520 μεταδε-

315 4539 559 4594 docendo
605 4548 786 4592 autem
829 4539 1059 4594 virtutes
1104 4537 1226 4591 aliis
1268 4538 1760 4602 communicantes,
1810 4555 1895 4593 se-

314 4629 549 4686 cundum
594 4630 968 4684 diversitatem
1018 4627 1383 4683 multitudinis
1431 4643 1622 4683 eorum
1663 4629 1757 4699 qui
1797 4629 1895 4683 do-

304 4739 532 4793 centur,
567 4726 730 4779 etiam
766 4724 1020 4778 virtutem
1059 4722 1264 4777 habent
1305 4722 1742 4791 multiplicatam.
1782 4722 1894 4778 lloc

306 4820 477 4876 etiam
502 4819 956 4873 considerandum
990 4818 1042 4872 in
1064 4815 1362 4886 {ordinibus
1390 4816 1750 4884 incon-porcis;
1780 4822 1894 4871 bth

308 4913 500 4981 utique
526 4910 620 4965 Dei
656 4910 873 4980 propria
904 4920 1058 4973 sunt;
1090 4918 1145 4962 et
1177 4909 1319 4963 sicut
1348 4924 1413 4963 ex
1449 4918 1661 4963 cratere
1690 4910 1893 4963 exube-

316 5012 474 5057 rante
512 5002 687 5056 vicina
721 5002 941 5071 quidem
980 5016 1105 5055 vasa
1150 5001 1324 5070 prima
1365 5000 1663 5069 replentur,
1698 5001 1893 5056 deinde

316 5095 430 5163 ipsa
456 5093 622 5147 etiam
653 5092 1011 5145 exuberantia
1045 5093 1096 5144 in
1123 5092 1224 5145 alia
1257 5106 1383 5147 vasa
1413 5089 1808 5155 diﬂ'unduntur,
1836 5101 1892 5145 et

314 5203 414 5257 pro
449 5185 797 5239 multitudine
834 5199 895 5239 ac
936 5186 1253 5240 diversitate
1280 5185 1692 5255 suscipientium
1719 5185 1891 5243 en'usa

316 5278 716 5331 distribuuntur
743 5291 807 5330 ac
840 5276 1306 5346 multiplicantur;
1345 5278 1426 5332 sic
1464 5279 1721 5333 crassiori
1754 5295 1891 5349 qua-

316 5373 440 5425 dam
484 5371 698 5424 ratione
744 5369 1131 5424 abundantiam
1180 5370 1582 5426 distributionis
1620 5372 1889 5427 donorum

170 5464 645 5534 ,mrauiinorum,
680 5477 778 5532 per
814 5463 1423 5534 primasﬂispositiones
1449 5466 1501 5520 in
1548 5480 1737 5522 omnes
1777 5468 1890 5523 dis-

356 5465 645 5529 'viuorum,
680 5477 778 5532 per
814 5465 1423 5534 primasﬁispositiones
1449 5466 1501 5520 in
1548 5480 1737 5522 omnes
1777 5468 1885 5523 dis-

290 5465 1126 5683 wWogitandum
1160 5566 1267 5609 est.
1314 5558 1597 5628 Siquidem
1648 5562 1885 5631 Aposto-

778 5738 899 5793 τι.
994 5738 1011 5777 ι
1052 5740 1191 5796 Psal.
1230 5754 1388 5804 χιιι,
1435 5741 1481 5792 1.

1998 4544 2196 4609 δόντες,
2233 4544 2369 4615 πρὸς
2400 4544 2498 4616 τὴν
2526 4543 2787 4614 διαφορὰν
2819 4542 2912 4595 τοῦ
2945 4543 3179 4615 πλήθους
3205 4544 3309 4596 τῶν
3342 4544 3607 4600 διδασκο-
3692 4574 3699 4582 έ

2003 4637 2198 4708 μένων,
2224 4636 2633 4707 πληθυνομένην
2665 4636 2847 4707 ἔχουσι
2878 4636 2976 4705 τὴν
3008 4638 3230 4708 ἀρετήν.
3254 4638 3426 4691 Τοῦτο
3460 4640 3606 4695 θεω-

1998 4728 2190 4801 ρητέον
2235 4729 2330 4781 καὶ
2369 4729 2462 4781 ἐπὶ
2505 4728 2614 4780 τῶν
2660 4726 2965 4799 ἀσωμάτων
3011 4729 3218 4794 τάξεων
3259 4746 3272 4760 ο
3330 4731 3484 4803 ειπερ
3536 4734 3604 4805 δὴ

1995 4818 2166 4872 ταῦτα
2210 4819 2318 4875 ἴδιά
2359 4822 2463 4873 εἰσι
2507 4819 2602 4872 τοῦ
2647 4819 2783 4873 Θεοῦ
2816 4837 2831 4852 ’
2875 4821 2969 4873 καί
2995 4820 3183 4894 ὥσπερ
3214 4823 3277 4875 ὲκ
3309 4824 3604 4896 κρατῆρος

1999 4911 2448 4985 ὑπερϐλύζοντος,
2495 4912 2565 4966 τὰ
2614 4914 2713 4983 μὲν
2757 4914 3122 4984 πλησιάζοντα
3172 4915 3340 4987 σκεύη
3392 4919 3601 4987 πρῶτα

1998 5004 2352 5077 πληροῦνται,
2395 4997 2517 5058 εἶτα
2555 5007 2648 5058 καὶ
2697 5006 2839 5059 αὑτὰ
2882 5006 3286 5077 ὑπερϐλύζοντα
3317 5007 3600 5079 διαχεῖται

1996 5098 2077 5160 εἰς
2106 5096 2270 5168 ’ἐτερα
2300 5096 2490 5169 σκεύη,
2525 5099 2617 5150 καὶ
2651 5098 2785 5169 πρὸς
2812 5098 2872 5151 τὸ
2906 5098 3109 5169 πλῆθος
3140 5099 3248 5152 τῶν
3276 5099 3597 5171 δεχομένων

1997 5189 2092 5242 καὶ
2147 5187 2245 5260 τὴν
2297 5188 2559 5261 διαφορὰν
2616 5191 2928 5261 μερίζονται
2988 5192 3083 5244 καὶ
3140 5190 3474 5261 πληθύονται
3528 5195 3599 5247 τὰ

1998 5280 2329 5352 ἐκχεόμεναο
2364 5281 2505 5335 οὕτω
2537 5283 2824 5355 παχυτέρῳ
2868 5272 3009 5354 λόγῳ
3051 5283 3149 5354 τὴν
3182 5282 3441 5352 ἀφθονέαν
3496 5286 3596 5356 τῆς

2004 5373 2339 5444 μεταδόσεως
2381 5374 2489 5427 τῶν
2534 5374 2692 5427 θείων
2736 5375 2955 5447 δωρεῶν
3003 5376 3366 5448 μεριζομένην
3412 5380 3499 5442 εἰς
3534 5381 3594 5432 ἇ-

2000 5484 2209 5531 παντας
2240 5466 2329 5520 διὰ
2358 5467 2467 5521 τῶν
2500 5466 2732 5539 πρώτων
2764 5466 3072 5540 διακόσμων
3117 5469 3355 5540 νοητέον.
3402 5470 3521 5523 Καὶ
3567 5473 3594 5522 ό

2012 5560 2330 5624 Ἀπόστολος
2360 5560 2473 5633 γὰρ
2501 5560 2695 5625 σκεῦος
2726 5561 2956 5637 ἐκλογῆς
2987 5562 3298 5634 ὠνομάσθη.
3334 5562 3589 5636 Σημειω-
