3768 6286
162 406 258 459 τοττι

1204 406 1291 462 DE
1330 405 1577 463 DIVINIS
1610 406 1999 473 NOMINIBUS,
2032 406 2184 463 CAP.
2226 406 2355 461 XIII.

3325 402 3433 461 978

164 535 277 572 τεον
307 519 390 579 δὲ,
424 520 506 572 ὅτι
552 521 835 590 μετάδοσιν
870 522 967 591 μὲν
999 522 1092 576 ἐπὶ
1130 522 1266 576 Θεοῦ
1314 524 1459 593 λέγει
1500 525 1593 577 καὶ
1638 523 1745 577 τῶν

1931 540 2050 577 ηγίιε
2073 523 2357 579 electionis
2389 522 2687 590 appellatus
2727 529 2811 574 est
2843 532 2902 573 ιη.
2928 517 3237 574 Notandum
3274 535 3428 584 vero,

156 609 223 663 ὲκ
253 610 392 663 Θεοῦ
419 611 640 683 δωρεῶν
665 630 677 642 ο
711 612 944 666 διάδοσιν
971 613 1028 667 δὲ
1060 615 1152 667 ἐπὶ
1181 615 1293 667 τῶν
1337 615 1566 687 πρώτων
1608 615 1743 687 πρὸς

167 702 227 756 τά
264 702 514 774 δεύτερα.
561 702 675 773 Τῆς
720 703 851 772 γοῦν
876 704 989 759 τῶν
1017 706 1299 776 προτέρων
1327 706 1615 770 διαδόσεως
1645 707 1745 777 τὴν

161 796 441 868 ἁπλότητα
472 796 540 851 τὰ
572 798 797 869 δεύτερα
830 797 1158 870 πληθύουσιν
1180 816 1195 830 ⁸
1229 801 1339 870 ὅσῳ
1370 800 1477 873 γὰρ
1516 800 1746 874 διάφορα

160 888 228 942 τὰ
283 890 602 960 μετέχοντα,
657 890 909 945 τοσοῦτον
963 893 1057 945 καὶ
1110 894 1165 947 ai
1215 893 1413 965 δωρεαὶ
1454 894 1747 958 πολυειδεῖς

157 980 551 1049 διαφαίνονται.
604 984 784 1055 Αὐτὴν
822 983 879 1036 δὲ
918 983 1016 1055 τὴν
1051 985 1158 1038 τῶν
1185 984 1449 1057 δευτέρων
1476 986 1747 1039 ποικιλίαν

159 1075 537 1145 προνοητικῶς
578 1076 635 1129 αί
690 1074 991 1149 πρώτισται
1041 1078 1177 1150 πρὸς
1240 1080 1339 1149 τὴν
1384 1080 1589 1133 ἑαυτῶν
1631 1080 1747 1133 ἐνό-

159 1182 299 1236 τητα
348 1167 661 1236 συνάγουσι,
711 1169 803 1221 καὶ
844 1170 967 1223 ὅσον
1012 1173 1045 1241 ἡ
1076 1171 1334 1243 ἀναγωγὴ
1382 1172 1623 1240 γίνεται,
1668 1175 1749 1236 είς

159 1256 221 1309 τὺ
270 1258 471 1312 ένιαίον
518 1260 681 1314 πάλιν
728 1264 1054 1332 καταντήσει
1096 1263 1195 1334 τῆς
1235 1262 1301 1317 ὲκ
1344 1262 1480 1317 Θεοῦ
1528 1265 1749 1335 μεταδό-

162 1365 319 1413 σεως.

540 1730 1187 1819 ΚΕΦΑΛΑΙΟΝ
1258 1727 1408 1817 ΙΓ’.

594 1868 728 1938 Περὶ
755 1870 988 1924 τελείου
1020 1870 1120 1925 καὶ
1148 1871 1303 1939 ἑνός.

1849 617 1992 685 quod
2017 616 2564 671 communicationem
2597 616 2648 667 in
2687 614 2796 668 Deo
2828 614 2973 669 dicat
2995 627 3115 667 esse
3140 627 3429 666 munerum

1850 722 1971 776 qua:
2010 722 2076 762 ex
2128 706 2236 761 Deo
2275 715 2434 769 sunt,
2465 707 2903 766 distributionem
2958 720 3088 758 vero
3126 705 3428 774 primorum

1854 798 1906 852 iu
1938 813 1999 852 ea
2035 812 2153 866 qua:
2179 807 2500 867 sequuntur.
2535 795 2779 850 Priorum
2814 797 2995 865 itaque
3022 794 3428 850 distributionis

1850 892 2248 962 simplicitatem
2314 891 2617 959 posteriora
2690 889 3097 958 multiplicant;
3161 896 3425 957 quantum

1853 985 1997 1038 enim
2032 983 2285 1037 dilferunt
2314 999 2375 1037 ea
2404 999 2525 1051 qua:
2554 983 2899 1052 participant,
2935 982 2988 1035 in
3016 991 3226 1035 tantum
3261 979 3430 1034 etiam

1857 1091 2083 1131 munera
2122 1077 2221 1131 ista
2258 1076 2611 1130 multiformia
2648 1082 2935 1146 apparent.
2968 1074 3144 1144 Ipsam
3179 1088 3308 1126 vero
3336 1087 3431 1141 po-

1855 1168 2156 1224 steriorum
2194 1169 2509 1223 varietatem
2563 1169 2751 1238 prima:
2792 1168 2909 1222 isne
2948 1168 3015 1221 ad
3049 1182 3201 1221 suam
3245 1164 3429 1217 unita-

1858 1267 1965 1313 tem
1995 1260 2217 1329 provide
2252 1262 2622 1325 coutrahunt;
2654 1270 2710 1314 et
2750 1260 2803 1314 in
2843 1268 3108 1329 quantum
3151 1257 3211 1311 fit
3253 1256 3428 1310 addu-

1855 1352 1989 1414 ctio,
2024 1364 2229 1408 tantum
2267 1354 2433 1408 etiam
2478 1369 2664 1408 rursus
2707 1354 2948 1407 occurrit
2994 1351 3188 1407 unitati
3234 1349 3434 1404 divinae

1856 1444 2386 1499 communicationis.

2260 1739 2639 1829 CAPUT
2707 1738 2996 1837 XIII.

2351 1880 2427 1935 De
2450 1877 2678 1949 perfecto
2706 1887 2752 1933 et
2786 1895 2914 1933 uno.

1464 2010 1798 2069 SYNOPSIS
1848 2013 2139 2070 CAPITIS.

162 2140 203 2200 ἰ.
240 2142 427 2216 Docet,
454 2159 558 2214 quo
587 2158 744 2216 sensu
775 2142 915 2216 Deus
929 2142 1149 2216 dicatur
1190 2145 1469 2215 perfectus.
1507 2146 1572 2203 ll.
1610 2147 1727 2213 Quo
1762 2167 1919 2204 sensu
1947 2150 2160 2205 dicatur
2198 2169 2363 2216 unus;
2392 2162 2441 2207 et
2472 2153 2635 2207 simul
2656 2152 2881 2208 ostendit
2910 2155 3164 2207 unitatem
3201 2153 3256 2209 in
3280 2152 3436 2210 rebus

230 2212 479 2293 omnibus
520 2214 761 2293 reperiri.
800 2213 886 2269 Ill.
926 2212 1138 2293 Unit’a‘t‘e
1172 2212 1407 2293 incluta,
1441 2212 1657 2293 interire
1679 2222 1876 2293 omnia,
1907 2231 1956 2274 et
1988 2238 2052 2274 ex
2077 2239 2181 2276 uno
2244 2212 2355 2277 Deo
2391 2225 2570 2277 omnia
2598 2225 2855 2287 existere;
2893 2232 2943 2277 et
2983 2224 3243 2293 quomodo
3292 2224 3434 2279 Deus

228 2285 300 2337 sit
331 2283 635 2339 laudandus
658 2293 716 2337 ut
744 2300 904 2349 unus,
945 2294 996 2339 et
1034 2285 1137 2341 SS.
1175 2286 1409 2342 Trinitas
1438 2290 1508 2342 sit
1537 2290 1953 2345 eminentissima
1978 2294 2175 2348 unitas.
2224 2293 2313 2349 IV.
2356 2294 2514 2349 Ponit
2557 2295 2730 2364 operis
2763 2283 3172 2351 conclusionem.

1626 2449 1787 2521 527
1838 2455 1866 2528 §
1908 2455 1955 2515 Ι.

231 2586 486 2639 Τοσαῦτα
519 2587 613 2641 καὶ
642 2588 769 2659 περὶ
800 2587 1023 2641 τούτων.
1071 2589 1186 2641 Ἐπ’
1214 2589 1346 2642 αὐτὸ
1366 2589 1408 2621 ³⁸
1447 2589 1503 2643 δὲ
1542 2589 1747 2653 λοιπὸν,

1931 2592 2100 2659 Atque
2146 2594 2245 2645 ista
2283 2592 2461 2647 dehis
2489 2593 2632 2648 dicta
2671 2594 2801 2649 sint.
2832 2594 3127 2659 Caeterum,
3152 2592 3196 2647 si
3233 2591 3433 2662 placet.

163 2681 207 2732 εἱ
235 2679 386 2732 δοκεῖ
412 2679 490 2749 τῷ
516 2679 658 2749 λόγῳ
675 2718 690 2743 ,
720 2678 781 2732 τὸ
810 2678 1222 2751 καρτερώτατον
1257 2682 1300 2714 ³⁹
1329 2682 1596 2753 χωρῶμεν
1621 2699 1634 2711 ·
1658 2683 1751 2735 καὶ

162 2771 270 2843 γὰρ
312 2772 348 2843 ἡ
398 2771 644 2840 Θεολογία
684 2771 777 2825 τοῦ
826 2773 1043 2826 πάντων
1084 2774 1259 2827 αίτίου
1300 2774 1397 2826 καὶ
1438 2774 1615 2827 πάντα
1657 2774 1752 2827 καῖ¹

162 2866 278 2936 ἅμα
323 2865 504 2919 πάντα
550 2869 865 2937 κατηγορεῖ,
911 2868 1005 2920 καὶ
1050 2867 1127 2931 ὡς
1164 2867 1222 2921 ἒν
1260 2868 1503 2938 ἀνυμνεί.
1537 2867 1752 2920 Τέλειον

166 2959 264 3030 μὲν
290 2955 386 3012 οὖν
416 2961 562 3012 ἐστιν
592 2959 654 3011 οὐ
689 2959 846 3030 μόνον
874 2959 949 3022 ὡς
977 2960 1279 3024 αὐτοτελὲς,
1314 2962 1409 3014 καὶ
1439 2960 1558 3013 καθ’
1593 2960 1751 3013 ἑαυτὸ

163 3051 252 3119 ὑφ’
282 3049 481 3105 ἑαυτοῦ
516 3051 798 3121 μονοειδῶς
831 3053 1240 3123 ἀφοριζόμενον,
1273 3055 1366 3106 καὶ
1392 3054 1510 3113 ὅλον
1536 3053 1601 3106 δι’
1629 3054 1750 3107 ὅλου

162 3146 525 3209 τελειότατον,
558 3147 691 3200 ἀλλά
722 3148 815 3200 καὶ
842 3147 918 3209 ὡς
948 3147 1241 3217 ὑπερτελὲς
1270 3148 1410 3202 κατά
1439 3148 1500 3201 τὸ
1537 3149 1752 3202 πάντων

163 3240 470 3311 ὑπερέχον·
522 3242 617 3294 καὶ
666 3243 848 3294 πᾶσαν
894 3241 989 3312 μὲν
1036 3242 1288 3312 ἀπειρίαν
1320 3241 1521 3313 ὁρίζον,
1554 3240 1754 3303 παντὸς

159 3333 218 3386 δὲ
248 3334 486 3406 πέρατος
514 3335 999 3405 ὑπερηπλωμένον,
1032 3336 1125 3387 καὶ
1154 3334 1259 3387 ὑπὸ
1291 3334 1516 3404 μηδενὸς
1545 3333 1753 3405 χωρού-

166 3442 328 3497 μενον
350 3426 421 3490 δθ,
451 3426 484 3497 ἢ
519 3427 1092 3499 καταλαμϐανόμενον,
1122 3427 1256 3481 ἀλλὰ
1289 3428 1384 3482 καὶ
1404 3428 1445 3459 ⁸¹
1494 3430 1754 3482 διατεῖνον

163 3517 259 3569 ἐπὶ
306 3517 489 3570 πάντα
534 3517 650 3589 ἅμα
692 3520 787 3573 καὶ
831 3521 970 3591 ὑπὲρ
1014 3520 1191 3574 πάντα
1230 3525 1349 3586 ταῖς
1384 3522 1756 3587 ἀνεκλείπτοις

164 3608 445 3662 ὲπιδόσεσι
480 3612 574 3663 καὶ
603 3611 979 3684 ἀτελευτήτοις
1011 3615 1332 3684 ἐνεργείαις.
1367 3617 1581 3670 Τέλειον
1612 3619 1656 3671 δ’
1688 3616 1753 3673 αὖ

162 3703 383 3771 λέγεται
444 3705 539 3757 καὶ
590 3704 667 3769 ὡς
723 3705 952 3770 ἀναυξὲς
1006 3707 1101 3759 καὶ
1149 3708 1236 3761 ἀεὶ
1279 3708 1501 3776 τέλειον,
1546 3711 1638 3763 καὶ
1680 3712 1757 3774 ὡς

150 3798 459 3867 Δἀμείωτον,
491 3797 567 3860 ὡς
593 3798 770 3851 πάντα
798 3800 856 3851 ὲν
885 3798 1060 3870 ἑαυτῷ
1089 3800 1339 3870 προέχον,
1371 3803 1465 3855 καὶ
1496 3802 1758 3873 ὑπερϐλύ-

164 3889 257 3952 ζον
289 3889 436 3942 κατὰ
469 3888 596 3959 μίαν
626 3891 723 3961 τὴν
758 3891 1031 3945 ἄπαυστον
1066 3892 1159 3945 καὶ
1203 3892 1405 3964 ταύτην
1442 3894 1536 3946 καὶ
1586 3895 1755 3967 ὑπερ-

163 3980 350 4052 πλήρη
386 3980 481 4033 καὶ
520 3980 886 4035 ἀνελάττωτον
914 3984 1207 4055 χορηγίαν,
1236 3984 1357 4038 καθ’
1387 3986 1451 4056 ἣν
1479 3986 1546 4039 τά
1578 3988 1758 4043 τέλεια

163 4072 347 4126 πάντα
392 4073 760 4144 τελεσιουργεῖ
805 4075 900 4127 καὶ
939 4076 1039 4145 τῆς
1085 4078 1289 4140 οἰκείας
1331 4078 1640 4150 ἀποπληροῖ
1665 4098 1755 4134 τε-

162 4166 219 4219 λε
230 4166 458 4237 ιάτητος.

1853 2683 1920 2735 ad
1954 2683 2003 2735 id
2028 2682 2169 2751 quod
2198 2684 2541 2751 potissimum
2564 2693 2646 2737 est
2671 2699 2979 2739 sermonem
3001 2683 3433 2739 transferamus:

1853 2778 2055 2827 ctenim
2092 2775 2356 2844 theologia
2387 2791 2566 2830 rerum
2592 2776 2833 2831 omnium
2866 2778 3072 2831 auctori
3104 2793 3224 2830 cum
3252 2776 3437 2831 omnia

1856 2877 1966 2920 tum
2012 2867 2171 2921 simul
2198 2870 2376 2921 omnia
2422 2870 2631 2933 tribuit,
2671 2880 2724 2923 et
2753 2870 2927 2939 ipsum
2962 2878 3019 2922 ut
3055 2869 3357 2939 perfectum
3383 2879 3437 2924 et

1855 2970 1913 3011 ut
1947 2975 2111 3014 unum
2158 2962 2359 3017 laudat.
2389 2958 2672 3016 Perfectus
2706 2962 2889 3029 itaque
2942 2969 3047 3023 est,
3082 2977 3186 3015 non
3221 2968 3433 3013 tantum

1854 3052 2033 3120 seipso
2069 3052 2366 3122 perfectus,
2391 3064 2446 3108 et
2474 3068 2569 3122 per
2600 3070 2658 3109 se
2687 3071 2714 3107 a
2752 3054 2930 3124 seipso
2961 3052 3306 3107 uniformiter
3337 3053 3434 3107 de-

1858 3145 2065 3214 finitus,
2120 3157 2373 3216 totusque
2421 3150 2718 3204 secundum
2768 3164 2828 3204 se
2882 3159 3053 3204 totum
3096 3147 3435 3218 perfectissi-

1858 3254 2013 3302 mus;
2053 3254 2238 3292 verum
2277 3242 2442 3295 etiam
2467 3250 2525 3295 ut
2556 3256 2887 3311 supraquam
2916 3238 3209 3309 perfectus.
3239 3253 3437 3294 secun-

1856 3331 1985 3385 dum
2024 3332 2267 3385 omnium
2298 3346 2615 3399 excessum;
2649 3346 2816 3402 atque
2845 3345 3061 3386 omnem
3089 3330 3313 3400 quidem
3347 3328 3433 3381 in-

1857 3430 2123 3486 ﬁnitatem
2159 3432 2454 3499 definiens,
2499 3447 2662 3497 supra
2706 3446 2920 3494 omnem
2957 3444 3087 3483 vero
3127 3428 3288 3482 finem
3338 3440 3432 3479 ex-

1858 3540 2081 3589 pausus,
2106 3534 2157 3581 et
2188 3541 2217 3579 a
2250 3525 2396 3580 nullo
2427 3525 2852 3594 comprehensus
2889 3532 2981 3576 aut
3002 3530 3315 3581 contentus,
3340 3518 3435 3573 sed

1860 3618 1925 3670 ad
1958 3618 2138 3671 omnia
2186 3618 2393 3686 pariter
2436 3628 2491 3672 et
2544 3633 2704 3685 supra
2757 3616 2937 3669 omnia
2992 3613 3434 3668 imleftcientibus

1858 3707 2236 3777 largitionibus
2282 3720 2337 3763 et
2396 3724 2670 3776 uuuquam
2729 3706 2981 3761 finiendis
3025 3704 3436 3774 operationibus

1858 3802 2190 3870 pertingens.
2240 3800 2521 3856 Perfectus
2562 3803 2688 3854 item
2731 3801 2950 3863 dicitur,
2992 3806 3053 3851 ut
3087 3797 3179 3866 qui
3226 3795 3432 3849 nullum

1860 3891 2094 3958 accipiat
2122 3891 2539 3956 incrementum,
2568 3905 2892 3960 sempeique
2918 3886 3189 3957 perfecms
3212 3887 3304 3950 sit,
3337 3900 3435 3941 nec

1866 3983 2033 4035 minui
2062 3984 2253 4050 possit,
2281 3984 2462 4037 omnia
2490 3984 2541 4037 iu
2573 3984 2754 4052 seipso
2780 3981 3121 4050 prmhabeus,
3148 3987 3203 4032 et
3229 3982 3436 4032 exube-

1862 4090 1988 4127 rans
2010 4089 2112 4128 una
2142 4076 2399 4131 eteadem
2419 4074 2727 4131 incessabili
2756 4084 2811 4127 ct
2834 4088 3158 4142 supraquam
3188 4070 3347 4139 plena
3379 4078 3435 4123 et

1855 4167 2202 4223 ituminuibili
2216 4168 2524 4236 largitione,
2541 4184 2636 4236 per
2651 4182 2811 4236 quam
2826 4166 3005 4221 omnia
3020 4163 3255 4235 perfecta
3273 4164 3437 4231 perli-

1846 4262 2003 4325 cit,et
2016 4260 2434 4331 unumquodque
2449 4274 2684 4327 congrua
2700 4259 2800 4316 sibi
2816 4256 3145 4327 perfectione
3156 4253 3433 4325 adimplet.

1720 4407 1748 4479 ς
1795 4404 1877 4466 11.

238 4543 336 4595 Ἐν
369 4540 449 4605 δὲ,
479 4539 562 4591 ὅτι
591 4538 768 4593 πάντα
801 4540 1017 4605 ἐνιαίως
1046 4542 1164 4595 ἐστὶ
1199 4542 1340 4595 κατὰ
1387 4544 1516 4614 μιᾶς
1562 4545 1750 4615 ἑνότη-

159 4652 254 4697 τος
274 4634 319 4665 ⁸⁸
351 4630 647 4703 ὑπεροχὴν,
682 4632 778 4686 καὶ
807 4631 1022 4687 πάντων
1051 4634 1168 4687 ἐστὶ
1197 4634 1291 4687 τοῦ
1335 4635 1452 4699 ἑνὸς
1493 4636 1749 4707 ἀνεκφοι-

158 4728 340 4798 τήτως
381 4724 554 4777 αἴτιον
580 4741 593 4753 ·
635 4724 786 4779 οὐδὲν
833 4725 943 4795 γάρ
987 4728 1103 4779 ἐστι
1145 4728 1253 4780 τῶν
1289 4727 1455 4781 ὄντων
1486 4730 1751 4802 ἀμέτοχον

159 4819 257 4872 τοῦ
286 4818 429 4881 ἐνὸς,
462 4816 576 4869 ἀλλ’
605 4816 792 4889 ὥσπερ
820 4818 966 4881 ἅπας
990 4818 1221 4889 ἀριθμὸς
1253 4820 1479 4889 μονάδος
1510 4823 1745 4893 μετέχει,

164 4911 259 4964 καὶ
292 4910 395 4983 μία
422 4909 573 4975 δυὰς,
606 4910 700 4963 καὶ
725 4910 888 4974 δεκὰς
919 4911 1157 4979 λέγεται,
1198 4912 1290 4964 καὶ
1328 4913 1499 4982 ἥμισυ
1536 4913 1616 4978 ἓν,
1656 4918 1750 4968 καὶ

160 5005 349 5075 τρίτον
378 5004 473 5057 καὶ
498 5002 722 5056 δέκατον
751 5003 828 5068 ἓν,
848 5002 991 5057 οὕτω
1019 5003 1197 5057 πάντα
1220 5006 1314 5057 καὶ
1342 5005 1559 5059 πάντων
1582 5006 1626 5038 ⁸³
1650 5008 1745 5078 μό-

165 5116 283 5169 ριον
323 5096 419 5150 τοῦ
458 5097 576 5159 ἐνὸς
624 5097 861 5166 μετέχει,
892 5098 985 5150 καὶ
1026 5097 1103 5168 τῷ
1131 5094 1267 5150 εἶναι
1288 5098 1333 5129 ⁸⁵
1366 5099 1424 5151 τὸ
1453 5099 1542 5164 ἓν,
1578 5100 1754 5153 πάντα

163 5193 287 5245 ἐστὶ
337 5189 409 5243 τά
449 5190 615 5241 ὄνταο
668 5191 762 5242 καὶ
803 5191 903 5242 οὐκ
955 5190 1071 5242 ἐστι
1114 5192 1175 5244 τὸ
1212 5193 1430 5245 πάντων
1476 5194 1646 5245 αἴτιον
1694 5196 1751 5249 ἓν

162 5286 274 5337 τῶν
317 5283 533 5336 πολλῶν
571 5283 649 5347 ἒν,
691 5283 827 5337 ἁλλά
861 5284 996 5354 πρὸς
1034 5286 1233 5349 παντὸς
1278 5287 1395 5349 ένὸς
1418 5287 1462 5319 ⁸³
1494 5289 1586 5341 καὶ
1616 5288 1750 5357 πλή-

1931 4548 2082 4603 Unus
2110 4559 2316 4613 autem,
2345 4549 2470 4618 quia
2498 4556 2581 4602 est
2609 4548 2792 4601 omnia
2822 4547 2981 4600 unice
3011 4546 3306 4600 secundum
3335 4556 3431 4599 cx-

1857 4635 2169 4691 cellentiam
2215 4639 2374 4692 unius
2423 4637 2649 4691 unitatis
2694 4643 2749 4690 et
2786 4636 3029 4689 omnium
3074 4648 3272 4697 causa,
3319 4648 3427 4686 non

1856 4728 2155 4783 amittendo
2184 4745 2337 4784 suam
2372 4729 2664 4793 unitatem;
2708 4725 2842 4779 nihil
2890 4725 3035 4777 enim
3082 4724 3228 4778 illius
3270 4724 3432 4778 unius

1856 4837 2050 4892 expers
2075 4832 2179 4887 est,
2203 4824 2295 4877 sed
2321 4820 2773 4892 quemadmodum
2804 4819 2982 4873 omnis
3019 4832 3277 4871 numerus
3305 4832 3433 4886 par-

1858 4917 2046 4985 ticipat
2072 4918 2367 4979 unitatem,
2403 4926 2565 4983 atque
2596 4930 2736 4966 unus
2772 4911 3014 4966 binarius
3059 4911 3429 4979 denariusque

1854 5009 2074 5077 dicitur,
2120 5021 2173 5065 et
2216 5010 2495 5063 dimidium
2538 5023 2703 5061 unum
2745 5021 2961 5074 unaque
2996 5003 3153 5058 tertia
3192 5002 3431 5057 decima-

1856 5116 1991 5169 que;
2043 5101 2294 5155 similiter
2333 5100 2496 5153 etiam
2540 5098 2720 5152 omnia
2770 5106 2826 5150 et
2864 5095 3119 5165 quaelibet
3162 5094 3433 5162 particula

1855 5197 2131 5264 particeps
2168 5206 2249 5248 est
2295 5195 2490 5259 unius,
2530 5200 2585 5245 et
2632 5190 2734 5243 hoc
2786 5189 2903 5257 ipso
2940 5202 3047 5254 quo
3090 5185 3218 5253 quid
3262 5199 3431 5237 unum

1856 5296 2016 5349 sunt,
2061 5288 2226 5341 etiam
2277 5286 2457 5338 omnia
2504 5292 2631 5338 sunt
2677 5294 3015 5350 quaecunque
3060 5285 3206 5331 sunt.
3246 5272 3437 5344 Neque

164 5376 314 5442 Θους,
361 5376 457 5427 καὶ¹
498 5375 699 5437 παντὸς
740 5374 856 5437 ἑνὸς
900 5375 992 5428 καὶ
1035 5376 1269 5448 πλήθους
1309 5381 1599 5449 όριστικόψ
1633 5380 1750 5433 οὐδὲ

1932 5398 1989 5433 r0
2041 5396 2204 5433 unum
2253 5378 2403 5440 illud,
2448 5374 2592 5445 quod
2632 5383 2712 5428 est
2748 5370 2992 5427 omnium
3038 5383 3225 5433 causa,
3263 5381 3431 5422 unum

280 5528 321 5557 ιη
352 5519 473 5570 Act.
512 5532 594 5576 Ix,
637 5514 719 5568 I5.

1460 5632 1697 5687 VARle
1739 5630 2145 5688 LECTIONES.

244 5778 289 5808 "‘
342 5770 422 5825 sic
447 5774 752 5825 correctum
776 5762 827 5815 Ῐιι
854 5758 914 5817 θα
941 5761 1059 5817 Sar-
1087 5761 1157 5811 ἐπ
1175 5765 1337 5833 αὐτῷ.
1375 5772 1416 5800 ³³
1451 5767 2037 5841 καρτερικώτατονηῐ).
2115 5765 2161 5841 ξο
2188 5762 2563 5841 ’χειρορμενονθ
2601 5758 2779 5841 Sa-“
2816 5757 2915 5841 καί
2942 5771 3047 5812 ιιοη
3080 5762 3163 5809 cst
3192 5753 3245 5808 in
3278 5751 3333 5807 S.
3366 5751 3429 5809 D.

171 5847 215 5883 ⁸³
248 5846 520 5905 ἐνῶςκως,
558 5842 651 5894 Ch.
728 5840 769 5871 ⁸³
804 5841 895 5894 καὶ
931 5844 1035 5895 πᾶν
1068 5844 1173 5893 τῶν
1208 5842 1440 5902 πάντων,
1472 5840 1571 5895 ω..
1600 5844 1660 5896 υ.

1740 5841 1781 5872 '*"
1818 5841 1907 5893 καὶ
1940 5838 1999 5907 δὴ
2035 5836 2147 5897 καί,
2188 5828 2247 5891 ὕ.
2284 5828 2358 5865 "'5
2387 5828 2593 5895 ’παντὸς
2628 5828 2839 5895 αἰῶνος,
2880 5828 2941 5883 D.
