  <div class='ocr_page' id='page_1' title='image "/cluster/home/n/w/nwhite01/storage/ocr_20150623/3/hvd.32044014713192/497.png"; bbox 0 0 3768 6290; ppageno 0'>
   <div class='ocr_carea' id='block_1_1' title="bbox 347 400 451 454">
    <p class='ocr_par' dir='ltr' id='par_1_1' title="bbox 347 400 451 454">
     <span class='ocr_line' id='line_1_1' title="bbox 347 400 451 454; baseline -0.019 0"><span class='ocrx_word' id='word_1_1' title='bbox 347 400 451 454; x_wconf 73' lang='grc' dir='ltr'><strong>9ῒ9</strong></span> 
     </span>
    </p>
   </div>
   <div class='ocr_carea' id='block_1_2' title="bbox 1519 393 3007 458">
    <p class='ocr_par' dir='ltr' id='par_1_2' title="bbox 1519 399 2404 458">
     <span class='ocr_line' id='line_1_2' title="bbox 1519 399 2404 458; baseline -0.001 -3"><span class='ocrx_word' id='word_1_2' title='bbox 1519 399 1578 458; x_wconf 92' lang='lat' dir='ltr'><strong>S.</strong></span> <span class='ocrx_word' id='word_1_3' title='bbox 1618 401 1909 458; x_wconf 73' lang='lat' dir='ltr'><strong>DIONYSII</strong></span> <span class='ocrx_word' id='word_1_4' title='bbox 1943 400 2404 457; x_wconf 42' lang='lat' dir='ltr'><strong>AREOPAGITi-E</strong></span> 
     </span>
    </p>
   </div>
   <div class='ocr_carea' id='block_1_3' title="bbox 2133 393 3621 458">
    <p class='ocr_par' dir='ltr' id='par_1_3' title="bbox 2133 393 3621 456">
     <span class='ocr_line' id='line_1_3' title="bbox 2133 393 3621 456; baseline -0.003 -1"><span class='ocrx_word' id='word_1_5' title='bbox 2133 400 2404 456; x_wconf 42' lang='lat' dir='ltr'><strong>PAGlTi-E</strong></span> <span class='ocrx_word' id='word_1_6' title='bbox 3529 393 3621 452; x_wconf 70' lang='lat'><strong>980</strong></span> 
     </span>
    </p>
   </div>
   <div class='ocr_carea' id='block_1_4' title="bbox 348 514 1836 593">
    <p class='ocr_par' dir='ltr' id='par_1_4' title="bbox 348 519 1836 590">
     <span class='ocr_line' id='line_1_4' title="bbox 348 519 1836 590; baseline 0.005 -23"><span class='ocrx_word' id='word_1_7' title='bbox 348 519 477 585; x_wconf 78' lang='lat' dir='ltr'><strong>quid</strong></span> <span class='ocrx_word' id='word_1_8' title='bbox 519 528 601 571; x_wconf 85' lang='lat' dir='ltr'><strong>est</strong></span> <span class='ocrx_word' id='word_1_9' title='bbox 637 535 700 572; x_wconf 78' lang='lat' dir='ltr'><strong>ex</strong></span> <span class='ocrx_word' id='word_1_10' title='bbox 744 519 1019 586; x_wconf 81' lang='lat' dir='ltr'><strong>pluribus,</strong></span> <span class='ocrx_word' id='word_1_11' title='bbox 1059 521 1152 576; x_wconf 87' lang='lat' dir='ltr'><strong>sed</strong></span> <span class='ocrx_word' id='word_1_12' title='bbox 1188 521 1330 590; x_wconf 91' lang='lat' dir='ltr'><strong>quod</strong></span> <span class='ocrx_word' id='word_1_13' title='bbox 1373 529 1497 574; x_wconf 98' lang='lat' dir='ltr'><strong>ante</strong></span> <span class='ocrx_word' id='word_1_14' title='bbox 1534 535 1696 575; x_wconf 79' lang='lat' dir='ltr'><strong>omne</strong></span> <span class='ocrx_word' id='word_1_15' title='bbox 1751 537 1836 575; x_wconf 85' lang='lat' dir='ltr'><strong>unt</strong></span> 
     </span>
    </p>
   </div>
   <div class='ocr_carea' id='block_1_5' title="bbox 2135 514 3623 593">
    <p class='ocr_par' dir='ltr' id='par_1_5' title="bbox 2161 514 3623 589">
     <span class='ocr_line' id='line_1_5' title="bbox 2161 514 3623 589; baseline -0.005 -16"><span class='ocrx_word' id='word_1_16' title='bbox 2161 525 2276 575; x_wconf 74' lang='grc' dir='ltr'>ἐστι</span> <span class='ocrx_word' id='word_1_17' title='bbox 2308 518 2508 589; x_wconf 79' lang='grc' dir='ltr'>πλῆθος</span> <span class='ocrx_word' id='word_1_18' title='bbox 2541 517 2806 588; x_wconf 84' lang='grc' dir='ltr'>ἀμέτοχόν</span> <span class='ocrx_word' id='word_1_19' title='bbox 2838 534 2913 588; x_wconf 81' lang='grc' dir='ltr'>πη</span> <span class='ocrx_word' id='word_1_20' title='bbox 2941 517 3034 570; x_wconf 75' lang='grc' dir='ltr'>τοῦ</span> <span class='ocrx_word' id='word_1_21' title='bbox 3069 517 3188 580; x_wconf 80' lang='grc' dir='ltr'>ἑνὸς</span> <span class='ocrx_word' id='word_1_22' title='bbox 3208 559 3222 581; x_wconf 91' lang='grc'><strong>,</strong></span> <span class='ocrx_word' id='word_1_23' title='bbox 3253 515 3396 570; x_wconf 79' lang='grc' dir='ltr'>ἀλλὰ</span> <span class='ocrx_word' id='word_1_24' title='bbox 3435 514 3496 567; x_wconf 75' lang='grc' dir='ltr'>τὸ</span> <span class='ocrx_word' id='word_1_25' title='bbox 3534 514 3623 586; x_wconf 74' lang='grc' dir='ltr'>μὲν</span> 
     </span>
    </p>
   </div>
   <div class='ocr_carea' id='block_1_6' title="bbox 347 611 1929 678">
    <p class='ocr_par' dir='ltr' id='par_1_6' title="bbox 347 611 1929 678">
     <span class='ocr_line' id='line_1_6' title="bbox 347 611 1929 678; baseline 0.006 -20"><span class='ocrx_word' id='word_1_26' title='bbox 347 624 672 678; x_wconf 84' lang='lat' dir='ltr'><strong>munemque</strong></span> <span class='ocrx_word' id='word_1_27' title='bbox 725 611 1146 675; x_wconf 90' lang='lat' dir='ltr'><strong>multitudinem,</strong></span> <span class='ocrx_word' id='word_1_28' title='bbox 1202 629 1364 667; x_wconf 91' lang='lat' dir='ltr'><strong>omne</strong></span> <span class='ocrx_word' id='word_1_29' title='bbox 1421 629 1588 666; x_wconf 87' lang='lat' dir='ltr'><strong>nnmn</strong></span> <span class='ocrx_word' id='word_1_30' title='bbox 1630 613 1929 669; x_wconf 88' lang='lat' dir='ltr'><strong>multitudi-</strong></span> 
     </span>
    </p>
   </div>
   <div class='ocr_carea' id='block_1_7' title="bbox 348 705 1930 776">
    <p class='ocr_par' dir='ltr' id='par_1_7' title="bbox 348 705 1930 776">
     <span class='ocr_line' id='line_1_7' title="bbox 348 705 1930 776; baseline 0.007 -24"><span class='ocrx_word' id='word_1_31' title='bbox 348 715 581 770; x_wconf 79' lang='lat' dir='ltr'><strong>nemque</strong></span> <span class='ocrx_word' id='word_1_32' title='bbox 628 705 815 757; x_wconf 87' lang='lat' dir='ltr'><strong>detiuit</strong></span> <span class='ocrx_word' id='word_1_33' title='bbox 865 721 882 761; x_wconf 89' lang='lat'><strong>:</strong></span> <span class='ocrx_word' id='word_1_34' title='bbox 939 721 1115 776; x_wconf 87' lang='lat' dir='ltr'><strong>neque</strong></span> <span class='ocrx_word' id='word_1_35' title='bbox 1161 708 1304 760; x_wconf 89' lang='lat' dir='ltr'><strong>enim</strong></span> <span class='ocrx_word' id='word_1_36' title='bbox 1355 722 1591 776; x_wconf 79' lang='lat' dir='ltr'><strong>unquam</strong></span> <span class='ocrx_word' id='word_1_37' title='bbox 1645 708 1930 762; x_wconf 88' lang='lat' dir='ltr'><strong>multitudo</strong></span> 
     </span>
    </p>
   </div>
   <div class='ocr_carea' id='block_1_8' title="bbox 345 797 1928 870">
    <p class='ocr_par' dir='ltr' id='par_1_8' title="bbox 345 797 1928 870">
     <span class='ocr_line' id='line_1_8' title="bbox 345 797 1928 870; baseline 0.006 -26"><span class='ocrx_word' id='word_1_38' title='bbox 345 807 546 860; x_wconf 81' lang='lat' dir='ltr'><strong>expers</strong></span> <span class='ocrx_word' id='word_1_39' title='bbox 576 805 659 848; x_wconf 90' lang='lat' dir='ltr'><strong>est</strong></span> <span class='ocrx_word' id='word_1_40' title='bbox 694 797 876 860; x_wconf 91' lang='lat' dir='ltr'><strong>unius,</strong></span> <span class='ocrx_word' id='word_1_41' title='bbox 913 799 1007 853; x_wconf 88' lang='lat' dir='ltr'><strong>sed</strong></span> <span class='ocrx_word' id='word_1_42' title='bbox 1035 815 1098 853; x_wconf 90' lang='lat' dir='ltr'><strong>ea</strong></span> <span class='ocrx_word' id='word_1_43' title='bbox 1133 815 1253 868; x_wconf 77' lang='lat' dir='ltr'><strong>qme</strong></span> <span class='ocrx_word' id='word_1_44' title='bbox 1288 809 1414 854; x_wconf 89' lang='lat' dir='ltr'><strong>sunt</strong></span> <span class='ocrx_word' id='word_1_45' title='bbox 1453 800 1617 853; x_wconf 86' lang='lat' dir='ltr'><strong>multa</strong></span> <span class='ocrx_word' id='word_1_46' title='bbox 1660 801 1928 870; x_wconf 89' lang='lat' dir='ltr'><strong>partibus,</strong></span> 
     </span>
    </p>
   </div>
   <div class='ocr_carea' id='block_1_9' title="bbox 345 887 1932 960">
    <p class='ocr_par' dir='ltr' id='par_1_9' title="bbox 345 887 1932 960">
     <span class='ocr_line' id='line_1_9' title="bbox 345 887 1932 960; baseline 0.004 -23"><span class='ocrx_word' id='word_1_47' title='bbox 345 894 472 938; x_wconf 86' lang='lat' dir='ltr'><strong>sunt</strong></span> <span class='ocrx_word' id='word_1_48' title='bbox 506 887 635 954; x_wconf 88' lang='lat' dir='ltr'><strong>quid</strong></span> <span class='ocrx_word' id='word_1_49' title='bbox 674 904 842 942; x_wconf 92' lang='lat' dir='ltr'><strong>unum</strong></span> <span class='ocrx_word' id='word_1_50' title='bbox 883 899 1032 956; x_wconf 89' lang='lat' dir='ltr'><strong>toto;</strong></span> <span class='ocrx_word' id='word_1_51' title='bbox 1069 902 1123 946; x_wconf 88' lang='lat' dir='ltr'><strong>et</strong></span> <span class='ocrx_word' id='word_1_52' title='bbox 1159 907 1279 960; x_wconf 72' lang='lat' dir='ltr'><strong>qua:</strong></span> <span class='ocrx_word' id='word_1_53' title='bbox 1315 901 1440 945; x_wconf 87' lang='lat' dir='ltr'><strong>sunt</strong></span> <span class='ocrx_word' id='word_1_54' title='bbox 1478 892 1642 947; x_wconf 88' lang='lat' dir='ltr'><strong>multa</strong></span> <span class='ocrx_word' id='word_1_55' title='bbox 1682 893 1932 947; x_wconf 85' lang='lat' dir='ltr'><strong>acciden-</strong></span> 
     </span>
    </p>
   </div>
   <div class='ocr_carea' id='block_1_10' title="bbox 347 976 1930 1053">
    <p class='ocr_par' dir='ltr' id='par_1_10' title="bbox 347 976 1930 1053">
     <span class='ocr_line' id='line_1_10' title="bbox 347 976 1930 1053; baseline 0.005 -23"><span class='ocrx_word' id='word_1_56' title='bbox 347 976 511 1040; x_wconf 82' lang='lat' dir='ltr'><strong>tihus,</strong></span> <span class='ocrx_word' id='word_1_57' title='bbox 537 978 702 1049; x_wconf 76' lang='lat'><strong>528</strong></span> <span class='ocrx_word' id='word_1_58' title='bbox 734 991 861 1035; x_wconf 89' lang='lat' dir='ltr'><strong>sunt</strong></span> <span class='ocrx_word' id='word_1_59' title='bbox 895 983 1027 1052; x_wconf 89' lang='lat' dir='ltr'><strong>quid</strong></span> <span class='ocrx_word' id='word_1_60' title='bbox 1063 999 1226 1037; x_wconf 90' lang='lat' dir='ltr'><strong>unum</strong></span> <span class='ocrx_word' id='word_1_61' title='bbox 1265 984 1534 1053; x_wconf 80' lang='lat' dir='ltr'><strong>subjecto;</strong></span> <span class='ocrx_word' id='word_1_62' title='bbox 1567 994 1620 1038; x_wconf 87' lang='lat' dir='ltr'><strong>et</strong></span> <span class='ocrx_word' id='word_1_63' title='bbox 1648 999 1768 1052; x_wconf 72' lang='lat' dir='ltr'><strong>qua:</strong></span> <span class='ocrx_word' id='word_1_64' title='bbox 1804 992 1930 1037; x_wconf 84' lang='lat' dir='ltr'><strong>sunt</strong></span> 
     </span>
    </p>
   </div>
   <div class='ocr_carea' id='block_1_11' title="bbox 346 1067 1930 1141">
    <p class='ocr_par' dir='ltr' id='par_1_11' title="bbox 346 1067 1930 1141">
     <span class='ocr_line' id='line_1_11' title="bbox 346 1067 1930 1141; baseline 0.001 -21"><span class='ocrx_word' id='word_1_65' title='bbox 346 1067 511 1120; x_wconf 86' lang='lat' dir='ltr'><strong>multa</strong></span> <span class='ocrx_word' id='word_1_66' title='bbox 555 1085 782 1125; x_wconf 90' lang='lat' dir='ltr'><strong>numero</strong></span> <span class='ocrx_word' id='word_1_67' title='bbox 821 1072 904 1126; x_wconf 73' lang='lat' dir='ltr'><strong>vel</strong></span> <span class='ocrx_word' id='word_1_68' title='bbox 940 1073 1251 1135; x_wconf 77' lang='lat' dir='ltr'><strong>virtutibus,</strong></span> <span class='ocrx_word' id='word_1_69' title='bbox 1284 1083 1409 1126; x_wconf 87' lang='lat' dir='ltr'><strong>sunt</strong></span> <span class='ocrx_word' id='word_1_70' title='bbox 1442 1073 1570 1141; x_wconf 86' lang='lat' dir='ltr'><strong>quid</strong></span> <span class='ocrx_word' id='word_1_71' title='bbox 1608 1087 1772 1123; x_wconf 91' lang='lat' dir='ltr'><strong>unum</strong></span> <span class='ocrx_word' id='word_1_72' title='bbox 1812 1085 1930 1137; x_wconf 85' lang='lat' dir='ltr'><strong>spe-</strong></span> 
     </span>
    </p>
   </div>
   <div class='ocr_carea' id='block_1_12' title="bbox 346 1159 1925 1236">
    <p class='ocr_par' dir='ltr' id='par_1_12' title="bbox 346 1159 1925 1236">
     <span class='ocr_line' id='line_1_12' title="bbox 346 1159 1925 1236; baseline 0 -23"><span class='ocrx_word' id='word_1_73' title='bbox 346 1159 465 1223; x_wconf 87' lang='lat' dir='ltr'><strong>cie;</strong></span> <span class='ocrx_word' id='word_1_74' title='bbox 497 1170 550 1214; x_wconf 89' lang='lat' dir='ltr'><strong>ct</strong></span> <span class='ocrx_word' id='word_1_75' title='bbox 582 1177 704 1230; x_wconf 81' lang='lat' dir='ltr'><strong>qua:</strong></span> <span class='ocrx_word' id='word_1_76' title='bbox 735 1173 863 1217; x_wconf 88' lang='lat' dir='ltr'><strong>sunt</strong></span> <span class='ocrx_word' id='word_1_77' title='bbox 894 1164 1060 1218; x_wconf 83' lang='lat' dir='ltr'><strong>multa</strong></span> <span class='ocrx_word' id='word_1_78' title='bbox 1095 1166 1397 1236; x_wconf 82' lang='lat' dir='ltr'><strong>speciebus,</strong></span> <span class='ocrx_word' id='word_1_79' title='bbox 1434 1174 1566 1217; x_wconf 90' lang='lat' dir='ltr'><strong>sunt</strong></span> <span class='ocrx_word' id='word_1_80' title='bbox 1597 1163 1730 1232; x_wconf 89' lang='lat' dir='ltr'><strong>quid</strong></span> <span class='ocrx_word' id='word_1_81' title='bbox 1761 1179 1925 1215; x_wconf 91' lang='lat' dir='ltr'><strong>unum</strong></span> 
     </span>
    </p>
   </div>
   <div class='ocr_carea' id='block_1_13' title="bbox 345 1258 1929 1326">
    <p class='ocr_par' dir='ltr' id='par_1_13' title="bbox 345 1258 1929 1326">
     <span class='ocr_line' id='line_1_13' title="bbox 345 1258 1929 1326; baseline 0.003 -20"><span class='ocrx_word' id='word_1_82' title='bbox 345 1268 582 1319; x_wconf 69' lang='lat' dir='ltr'><strong>gent-ru;</strong></span> <span class='ocrx_word' id='word_1_83' title='bbox 628 1264 681 1308; x_wconf 86' lang='lat' dir='ltr'><strong>et</strong></span> <span class='ocrx_word' id='word_1_84' title='bbox 733 1272 854 1325; x_wconf 71' lang='lat' dir='ltr'><strong>qua:</strong></span> <span class='ocrx_word' id='word_1_85' title='bbox 901 1267 1028 1312; x_wconf 87' lang='lat' dir='ltr'><strong>sunt</strong></span> <span class='ocrx_word' id='word_1_86' title='bbox 1079 1258 1243 1312; x_wconf 88' lang='lat' dir='ltr'><strong>multa</strong></span> <span class='ocrx_word' id='word_1_87' title='bbox 1291 1259 1755 1326; x_wconf 86' lang='lat' dir='ltr'><strong>processionibus,</strong></span> <span class='ocrx_word' id='word_1_88' title='bbox 1801 1265 1929 1312; x_wconf 85' lang='lat' dir='ltr'><strong>sunt</strong></span> 
     </span>
    </p>
   </div>
   <div class='ocr_carea' id='block_1_14' title="bbox 345 1346 1924 1421">
    <p class='ocr_par' dir='ltr' id='par_1_14' title="bbox 345 1346 1924 1421">
     <span class='ocr_line' id='line_1_14' title="bbox 345 1346 1924 1421; baseline 0.006 -26"><span class='ocrx_word' id='word_1_89' title='bbox 345 1346 475 1411; x_wconf 89' lang='lat' dir='ltr'><strong>quid</strong></span> <span class='ocrx_word' id='word_1_90' title='bbox 515 1363 680 1401; x_wconf 93' lang='lat' dir='ltr'><strong>unum</strong></span> <span class='ocrx_word' id='word_1_91' title='bbox 722 1351 1023 1419; x_wconf 87' lang='lat' dir='ltr'><strong>principio;</strong></span> <span class='ocrx_word' id='word_1_92' title='bbox 1066 1367 1239 1420; x_wconf 91' lang='lat' dir='ltr'><strong>neque</strong></span> <span class='ocrx_word' id='word_1_93' title='bbox 1276 1352 1569 1421; x_wconf 83' lang='lat' dir='ltr'><strong>quidquam</strong></span> <span class='ocrx_word' id='word_1_94' title='bbox 1610 1359 1698 1406; x_wconf 76' lang='lat' dir='ltr'><strong>est</strong></span> <span class='ocrx_word' id='word_1_95' title='bbox 1737 1352 1789 1404; x_wconf 92' lang='lat' dir='ltr'><strong>in</strong></span> <span class='ocrx_word' id='word_1_96' title='bbox 1837 1366 1924 1404; x_wconf 61' lang='lat' dir='ltr'><strong>rev</strong></span> 
     </span>
    </p>
   </div>
   <div class='ocr_carea' id='block_1_15' title="bbox 349 1444 1920 1514">
    <p class='ocr_par' dir='ltr' id='par_1_15' title="bbox 349 1444 1920 1514">
     <span class='ocr_line' id='line_1_15' title="bbox 349 1444 1920 1514; baseline 0.006 -27"><span class='ocrx_word' id='word_1_97' title='bbox 349 1453 466 1490; x_wconf 92' lang='lat' dir='ltr'><strong>rum</strong></span> <span class='ocrx_word' id='word_1_98' title='bbox 523 1453 740 1509; x_wconf 88' lang='lat' dir='ltr'><strong>natura,</strong></span> <span class='ocrx_word' id='word_1_99' title='bbox 796 1445 938 1512; x_wconf 90' lang='lat' dir='ltr'><strong>quod</strong></span> <span class='ocrx_word' id='word_1_100' title='bbox 978 1462 1082 1498; x_wconf 92' lang='lat' dir='ltr'><strong>non</strong></span> <span class='ocrx_word' id='word_1_101' title='bbox 1122 1450 1415 1498; x_wconf 89' lang='lat' dir='ltr'><strong>sccmnlum</strong></span> <span class='ocrx_word' id='word_1_102' title='bbox 1457 1444 1658 1513; x_wconf 89' lang='lat' dir='ltr'><strong>aliquid</strong></span> <span class='ocrx_word' id='word_1_103' title='bbox 1698 1444 1920 1514; x_wconf 88' lang='lat' dir='ltr'><strong>partici-</strong></span> 
     </span>
    </p>
   </div>
   <div class='ocr_carea' id='block_1_16' title="bbox 347 1535 1922 1608">
    <p class='ocr_par' dir='ltr' id='par_1_16' title="bbox 347 1535 1922 1608">
     <span class='ocr_line' id='line_1_16' title="bbox 347 1535 1922 1608; baseline 0.008 -28"><span class='ocrx_word' id='word_1_104' title='bbox 347 1541 435 1598; x_wconf 86' lang='lat' dir='ltr'><strong>pet</strong></span> <span class='ocrx_word' id='word_1_105' title='bbox 476 1549 640 1586; x_wconf 91' lang='lat' dir='ltr'><strong>unum</strong></span> <span class='ocrx_word' id='word_1_106' title='bbox 684 1535 736 1588; x_wconf 93' lang='lat' dir='ltr'><strong>in</strong></span> <span class='ocrx_word' id='word_1_107' title='bbox 782 1537 895 1603; x_wconf 85' lang='lat' dir='ltr'><strong>illo,</strong></span> <span class='ocrx_word' id='word_1_108' title='bbox 936 1540 1076 1607; x_wconf 91' lang='lat' dir='ltr'><strong>quod</strong></span> <span class='ocrx_word' id='word_1_109' title='bbox 1119 1555 1213 1608; x_wconf 89' lang='lat' dir='ltr'><strong>per</strong></span> <span class='ocrx_word' id='word_1_110' title='bbox 1248 1539 1429 1592; x_wconf 81' lang='lat' dir='ltr'><strong>omnia</strong></span> <span class='ocrx_word' id='word_1_111' title='bbox 1465 1539 1680 1592; x_wconf 90' lang='lat' dir='ltr'><strong>unicum</strong></span> <span class='ocrx_word' id='word_1_112' title='bbox 1721 1547 1828 1600; x_wconf 70' lang='lat' dir='ltr'><strong>est,</strong></span> <span class='ocrx_word' id='word_1_113' title='bbox 1867 1548 1922 1592; x_wconf 90' lang='lat' dir='ltr'><strong>et</strong></span> 
     </span>
    </p>
   </div>
   <div class='ocr_carea' id='block_1_17' title="bbox 344 1625 1920 1699">
    <p class='ocr_par' dir='ltr' id='par_1_17' title="bbox 344 1625 1920 1699">
     <span class='ocr_line' id='line_1_17' title="bbox 344 1625 1920 1699; baseline 0.007 -26"><span class='ocrx_word' id='word_1_114' title='bbox 344 1625 524 1696; x_wconf 78' lang='lat' dir='ltr'><strong>omnia</strong></span> <span class='ocrx_word' id='word_1_115' title='bbox 551 1663 566 1686; x_wconf 95' lang='lat'><strong>,</strong></span> <span class='ocrx_word' id='word_1_116' title='bbox 606 1627 768 1680; x_wconf 83' lang='lat' dir='ltr'><strong>etiam</strong></span> <span class='ocrx_word' id='word_1_117' title='bbox 795 1670 810 1692; x_wconf 91' lang='lat'><strong>,</strong></span> <span class='ocrx_word' id='word_1_118' title='bbox 856 1639 964 1684; x_wconf 89' lang='lat' dir='ltr'><strong>tota</strong></span> <span class='ocrx_word' id='word_1_119' title='bbox 1021 1631 1272 1684; x_wconf 80' lang='lat' dir='ltr'><strong>universa</strong></span> <span class='ocrx_word' id='word_1_120' title='bbox 1328 1640 1382 1684; x_wconf 91' lang='lat' dir='ltr'><strong>et</strong></span> <span class='ocrx_word' id='word_1_121' title='bbox 1436 1631 1718 1699; x_wconf 89' lang='lat' dir='ltr'><strong>opposita,</strong></span> <span class='ocrx_word' id='word_1_122' title='bbox 1760 1632 1920 1685; x_wconf 90' lang='lat' dir='ltr'><strong>unice</strong></span> 
     </span>
    </p>
   </div>
   <div class='ocr_carea' id='block_1_18' title="bbox 2041 609 3625 683">
    <p class='ocr_par' dir='ltr' id='par_1_18' title="bbox 2041 609 3625 683">
     <span class='ocr_line' id='line_1_18' title="bbox 2041 609 3625 683; baseline -0.004 -16"><span class='ocrx_word' id='word_1_123' title='bbox 2041 615 2208 668; x_wconf 72' lang='grc' dir='ltr'>πολλὰ</span> <span class='ocrx_word' id='word_1_124' title='bbox 2250 617 2362 676; x_wconf 83' lang='grc' dir='ltr'>τοῖς</span> <span class='ocrx_word' id='word_1_125' title='bbox 2411 613 2632 683; x_wconf 85' lang='grc' dir='ltr'>μέρεσιν</span> <span class='ocrx_word' id='word_1_126' title='bbox 2671 611 2729 663; x_wconf 86' lang='grc' dir='ltr'>ἓν</span> <span class='ocrx_word' id='word_1_127' title='bbox 2770 611 2846 682; x_wconf 83' lang='grc' dir='ltr'><strong>τῷ</strong></span> <span class='ocrx_word' id='word_1_128' title='bbox 2890 613 2994 682; x_wconf 84' lang='grc' dir='ltr'>ὅλῳ</span> <span class='ocrx_word' id='word_1_129' title='bbox 3018 629 3030 641; x_wconf 93' lang='grc'><strong>·</strong></span> <span class='ocrx_word' id='word_1_130' title='bbox 3081 612 3173 663; x_wconf 70' lang='grc' dir='ltr'>καὶ</span> <span class='ocrx_word' id='word_1_131' title='bbox 3217 610 3280 663; x_wconf 77' lang='grc' dir='ltr'>τὸ</span> <span class='ocrx_word' id='word_1_132' title='bbox 3314 609 3492 662; x_wconf 73' lang='grc' dir='ltr'>πολλὰ</span> <span class='ocrx_word' id='word_1_133' title='bbox 3522 611 3625 670; x_wconf 75' lang='grc' dir='ltr'>τοῖς</span> 
     </span>
    </p>
   </div>
   <div class='ocr_carea' id='block_1_19' title="bbox 2041 700 3626 777">
    <p class='ocr_par' dir='ltr' id='par_1_19' title="bbox 2041 700 3626 777">
     <span class='ocr_line' id='line_1_19' title="bbox 2041 700 3626 777; baseline -0.006 -18"><span class='ocrx_word' id='word_1_134' title='bbox 2041 705 2444 777; x_wconf 72' lang='grc' dir='ltr'>συμϐεϐηκόσιν</span> <span class='ocrx_word' id='word_1_135' title='bbox 2490 704 2549 757; x_wconf 84' lang='grc' dir='ltr'>ἓν</span> <span class='ocrx_word' id='word_1_136' title='bbox 2589 703 2667 774; x_wconf 80' lang='grc' dir='ltr'><strong>τῷ</strong></span> <span class='ocrx_word' id='word_1_137' title='bbox 2707 703 3050 774; x_wconf 81' lang='grc' dir='ltr'><strong>ὑποκειμένῳ</strong></span> <span class='ocrx_word' id='word_1_138' title='bbox 3075 721 3088 732; x_wconf 82' lang='lat'><strong>&#39;</strong></span> <span class='ocrx_word' id='word_1_139' title='bbox 3122 704 3216 756; x_wconf 68' lang='grc' dir='ltr'><strong>καὶ</strong></span> <span class='ocrx_word' id='word_1_140' title='bbox 3246 703 3309 755; x_wconf 72' lang='grc' dir='ltr'><strong>τὸ</strong></span> <span class='ocrx_word' id='word_1_141' title='bbox 3347 700 3525 754; x_wconf 78' lang='grc' dir='ltr'>πολλὰ</span> <span class='ocrx_word' id='word_1_142' title='bbox 3555 700 3626 769; x_wconf 80' lang='grc' dir='ltr'>τῷ</span> 
     </span>
    </p>
   </div>
   <div class='ocr_carea' id='block_1_20' title="bbox 2038 793 3625 870">
    <p class='ocr_par' dir='ltr' id='par_1_20' title="bbox 2038 793 3625 870">
     <span class='ocr_line' id='line_1_20' title="bbox 2038 793 3625 870; baseline -0.004 -19"><span class='ocrx_word' id='word_1_143' title='bbox 2038 799 2254 870; x_wconf 75' lang='grc' dir='ltr'>ἀριθμῷ</span> <span class='ocrx_word' id='word_1_144' title='bbox 2294 799 2326 868; x_wconf 76' lang='grc' dir='ltr'>ἢ</span> <span class='ocrx_word' id='word_1_145' title='bbox 2370 801 2490 860; x_wconf 86' lang='grc' dir='ltr'>ταῖς</span> <span class='ocrx_word' id='word_1_146' title='bbox 2521 797 2813 867; x_wconf 81' lang='grc' dir='ltr'>δυνάμεσιν</span> <span class='ocrx_word' id='word_1_147' title='bbox 2843 796 2900 848; x_wconf 89' lang='grc' dir='ltr'>ἓν</span> <span class='ocrx_word' id='word_1_148' title='bbox 2927 796 3003 866; x_wconf 82' lang='grc' dir='ltr'>τῷ</span> <span class='ocrx_word' id='word_1_149' title='bbox 3034 795 3164 847; x_wconf 76' lang='grc' dir='ltr'>εῖδει</span> <span class='ocrx_word' id='word_1_150' title='bbox 3187 813 3200 825; x_wconf 87' lang='grc'><strong>·</strong></span> <span class='ocrx_word' id='word_1_151' title='bbox 3231 796 3326 847; x_wconf 74' lang='grc' dir='ltr'><strong>καὶ</strong></span> <span class='ocrx_word' id='word_1_152' title='bbox 3358 794 3422 846; x_wconf 76' lang='grc' dir='ltr'>τὺ</span> <span class='ocrx_word' id='word_1_153' title='bbox 3460 793 3625 844; x_wconf 70' lang='grc' dir='ltr'>πολλὰ</span> 
     </span>
    </p>
   </div>
   <div class='ocr_carea' id='block_1_21' title="bbox 2038 884 3620 959">
    <p class='ocr_par' dir='ltr' id='par_1_21' title="bbox 2038 884 3620 959">
     <span class='ocr_line' id='line_1_21' title="bbox 2038 884 3620 959; baseline -0.004 -18"><span class='ocrx_word' id='word_1_154' title='bbox 2038 893 2148 953; x_wconf 84' lang='grc' dir='ltr'>τοῖς</span> <span class='ocrx_word' id='word_1_155' title='bbox 2190 889 2384 942; x_wconf 76' lang='grc' dir='ltr'><strong>εἴδεσιν</strong></span> <span class='ocrx_word' id='word_1_156' title='bbox 2431 890 2488 941; x_wconf 83' lang='grc' dir='ltr'>ἓν</span> <span class='ocrx_word' id='word_1_157' title='bbox 2524 888 2601 959; x_wconf 78' lang='grc' dir='ltr'>τῷ</span> <span class='ocrx_word' id='word_1_158' title='bbox 2643 889 2787 956; x_wconf 84' lang='grc' dir='ltr'>γένει</span> <span class='ocrx_word' id='word_1_159' title='bbox 2810 905 2823 917; x_wconf 88' lang='grc'><strong>·</strong></span> <span class='ocrx_word' id='word_1_160' title='bbox 2878 889 2970 940; x_wconf 76' lang='grc' dir='ltr'><strong>καὶ</strong></span> <span class='ocrx_word' id='word_1_161' title='bbox 3009 887 3072 938; x_wconf 88' lang='grc' dir='ltr'><strong>τὸ</strong></span> <span class='ocrx_word' id='word_1_162' title='bbox 3115 886 3287 939; x_wconf 79' lang='grc' dir='ltr'>πολλὰ</span> <span class='ocrx_word' id='word_1_163' title='bbox 3316 888 3441 947; x_wconf 82' lang='grc' dir='ltr'>ταῖς</span> <span class='ocrx_word' id='word_1_164' title='bbox 3471 884 3620 954; x_wconf 80' lang='grc' dir='ltr'>προό-</span> 
     </span>
    </p>
   </div>
   <div class='ocr_carea' id='block_1_22' title="bbox 2037 976 3626 1053">
    <p class='ocr_par' dir='ltr' id='par_1_22' title="bbox 2037 976 3626 1053">
     <span class='ocr_line' id='line_1_22' title="bbox 2037 976 3626 1053; baseline -0.004 -19"><span class='ocrx_word' id='word_1_165' title='bbox 2037 983 2149 1046; x_wconf 84' lang='grc' dir='ltr'>δοις</span> <span class='ocrx_word' id='word_1_166' title='bbox 2184 983 2240 1035; x_wconf 84' lang='grc' dir='ltr'>ἓν</span> <span class='ocrx_word' id='word_1_167' title='bbox 2282 985 2347 1053; x_wconf 74' lang='grc' dir='ltr'>τῇ</span> <span class='ocrx_word' id='word_1_168' title='bbox 2396 983 2536 1052; x_wconf 83' lang='grc' dir='ltr'>ἀρχῇ</span> <span class='ocrx_word' id='word_1_169' title='bbox 2561 998 2574 1011; x_wconf 79' lang='grc'><strong><em>⁸</em></strong></span> <span class='ocrx_word' id='word_1_170' title='bbox 2625 982 2718 1033; x_wconf 76' lang='grc' dir='ltr'><strong>καὶ</strong></span> <span class='ocrx_word' id='word_1_171' title='bbox 2754 980 2904 1033; x_wconf 77' lang='grc' dir='ltr'>οὐδέν</span> <span class='ocrx_word' id='word_1_172' title='bbox 2953 980 3067 1032; x_wconf 82' lang='grc' dir='ltr'>ἐστι</span> <span class='ocrx_word' id='word_1_173' title='bbox 3108 979 3215 1031; x_wconf 92' lang='grc' dir='ltr'><strong>τῶν</strong></span> <span class='ocrx_word' id='word_1_174' title='bbox 3255 977 3451 1039; x_wconf 82' lang='grc' dir='ltr'>ὅντων,</span> <span class='ocrx_word' id='word_1_175' title='bbox 3480 977 3508 1028; x_wconf 85' lang='grc' dir='ltr'><strong>ὅ</strong></span> <span class='ocrx_word' id='word_1_176' title='bbox 3557 976 3626 1045; x_wconf 85' lang='grc' dir='ltr'>μὴ</span> 
     </span>
    </p>
   </div>
   <div class='ocr_carea' id='block_1_23' title="bbox 2038 1069 3625 1146">
    <p class='ocr_par' dir='ltr' id='par_1_23' title="bbox 2038 1069 3625 1146">
     <span class='ocr_line' id='line_1_23' title="bbox 2038 1069 3625 1146; baseline -0.005 -19"><span class='ocrx_word' id='word_1_177' title='bbox 2038 1076 2252 1146; x_wconf 79' lang='grc' dir='ltr'>μετέχει</span> <span class='ocrx_word' id='word_1_178' title='bbox 2285 1093 2357 1146; x_wconf 81' lang='grc' dir='ltr'>πη</span> <span class='ocrx_word' id='word_1_179' title='bbox 2389 1075 2480 1127; x_wconf 76' lang='grc' dir='ltr'>τοῦ</span> <span class='ocrx_word' id='word_1_180' title='bbox 2513 1075 2630 1138; x_wconf 83' lang='grc' dir='ltr'>ἐνὸς</span> <span class='ocrx_word' id='word_1_181' title='bbox 2658 1073 2752 1127; x_wconf 74' lang='grc' dir='ltr'>τοῦ</span> <span class='ocrx_word' id='word_1_182' title='bbox 2782 1075 2839 1125; x_wconf 79' lang='grc' dir='ltr'>ὲν</span> <span class='ocrx_word' id='word_1_183' title='bbox 2870 1073 2947 1143; x_wconf 82' lang='grc' dir='ltr'><strong>τῷ</strong></span> <span class='ocrx_word' id='word_1_184' title='bbox 2979 1071 3122 1125; x_wconf 76' lang='grc' dir='ltr'>κατὰ</span> <span class='ocrx_word' id='word_1_185' title='bbox 3150 1071 3332 1124; x_wconf 79' lang='grc' dir='ltr'>πάντα</span> <span class='ocrx_word' id='word_1_186' title='bbox 3378 1069 3544 1138; x_wconf 77' lang='grc' dir='ltr'>ἑνικῷ</span> <span class='ocrx_word' id='word_1_187' title='bbox 3564 1069 3625 1129; x_wconf 66' lang='grc'>⁸⁸,</span> 
     </span>
    </p>
   </div>
   <div class='ocr_carea' id='block_1_24' title="bbox 2036 1162 3624 1235">
    <p class='ocr_par' dir='ltr' id='par_1_24' title="bbox 2036 1162 3624 1235">
     <span class='ocr_line' id='line_1_24' title="bbox 2036 1162 3624 1235; baseline -0.005 -15"><span class='ocrx_word' id='word_1_188' title='bbox 2036 1168 2212 1220; x_wconf 81' lang='grc' dir='ltr'>πάντα</span> <span class='ocrx_word' id='word_1_189' title='bbox 2234 1169 2327 1220; x_wconf 77' lang='grc' dir='ltr'>καὶ</span> <span class='ocrx_word' id='word_1_190' title='bbox 2348 1167 2444 1220; x_wconf 99' lang='grc' dir='ltr'><strong>ὅλα</strong></span> <span class='ocrx_word' id='word_1_191' title='bbox 2472 1168 2667 1231; x_wconf 83' lang='grc' dir='ltr'>πάντα,</span> <span class='ocrx_word' id='word_1_192' title='bbox 2692 1168 2785 1220; x_wconf 73' lang='grc' dir='ltr'><strong>καὶ</strong></span> <span class='ocrx_word' id='word_1_193' title='bbox 2812 1165 2879 1218; x_wconf 74' lang='grc' dir='ltr'>τὰ</span> <span class='ocrx_word' id='word_1_194' title='bbox 2906 1165 3256 1235; x_wconf 81' lang='grc' dir='ltr'>ἀντικείμενα</span> <span class='ocrx_word' id='word_1_195' title='bbox 3290 1164 3388 1216; x_wconf 72' lang='grc' dir='ltr'><strong>καὶ</strong></span> <span class='ocrx_word' id='word_1_196' title='bbox 3415 1162 3624 1223; x_wconf 81' lang='grc' dir='ltr'>ὲνιαίως</span> 
     </span>
    </p>
   </div>
   <div class='ocr_carea' id='block_1_25' title="bbox 2035 1254 3626 1332">
    <p class='ocr_par' dir='ltr' id='par_1_25' title="bbox 2035 1254 3626 1332">
     <span class='ocr_line' id='line_1_25' title="bbox 2035 1254 3626 1332; baseline -0.004 -19"><span class='ocrx_word' id='word_1_197' title='bbox 2035 1260 2421 1332; x_wconf 72' lang='grc' dir='ltr'><strong>προειληφότος</strong></span> <span class='ocrx_word' id='word_1_198' title='bbox 2441 1259 2503 1312; x_wconf 67' lang='grc'><strong>⁸⁷.</strong></span> <span class='ocrx_word' id='word_1_199' title='bbox 2551 1261 2660 1313; x_wconf 74' lang='grc' dir='ltr'><strong>Καὶ</strong></span> <span class='ocrx_word' id='word_1_200' title='bbox 2700 1259 2826 1312; x_wconf 77' lang='grc' dir='ltr'>ἄνευ</span> <span class='ocrx_word' id='word_1_201' title='bbox 2880 1259 2974 1329; x_wconf 80' lang='grc' dir='ltr'><strong>μὲν</strong></span> <span class='ocrx_word' id='word_1_202' title='bbox 3004 1261 3048 1294; x_wconf 61' lang='grc'><strong>⁸⁸</strong></span> <span class='ocrx_word' id='word_1_203' title='bbox 3068 1262 3163 1316; x_wconf 81' lang='grc' dir='ltr'>τοῦ</span> <span class='ocrx_word' id='word_1_204' title='bbox 3188 1258 3310 1323; x_wconf 76' lang='grc' dir='ltr'>ἑνὸς</span> <span class='ocrx_word' id='word_1_205' title='bbox 3346 1256 3450 1308; x_wconf 76' lang='grc' dir='ltr'><strong>οὐκ</strong></span> <span class='ocrx_word' id='word_1_206' title='bbox 3477 1254 3626 1306; x_wconf 75' lang='grc' dir='ltr'>ἔσται</span> 
     </span>
    </p>
   </div>
   <div class='ocr_carea' id='block_1_26' title="bbox 2034 1348 3625 1422">
    <p class='ocr_par' dir='ltr' id='par_1_26' title="bbox 2034 1348 3625 1422">
     <span class='ocr_line' id='line_1_26' title="bbox 2034 1348 3625 1422; baseline -0.004 -17"><span class='ocrx_word' id='word_1_207' title='bbox 2034 1352 2256 1422; x_wconf 80' lang='grc' dir='ltr'>πλῆθος,</span> <span class='ocrx_word' id='word_1_208' title='bbox 2291 1352 2417 1405; x_wconf 81' lang='grc' dir='ltr'>ἄνευ</span> <span class='ocrx_word' id='word_1_209' title='bbox 2446 1351 2501 1404; x_wconf 86' lang='grc' dir='ltr'><strong>δὲ</strong></span> <span class='ocrx_word' id='word_1_210' title='bbox 2531 1351 2622 1404; x_wconf 76' lang='grc' dir='ltr'>τοῦ</span> <span class='ocrx_word' id='word_1_211' title='bbox 2654 1351 2888 1422; x_wconf 75' lang='grc' dir='ltr'><strong>πλήθους</strong></span> <span class='ocrx_word' id='word_1_212' title='bbox 2917 1351 3067 1403; x_wconf 75' lang='grc' dir='ltr'>ἔσται</span> <span class='ocrx_word' id='word_1_213' title='bbox 3096 1350 3155 1401; x_wconf 78' lang='grc' dir='ltr'><strong>τὸ</strong></span> <span class='ocrx_word' id='word_1_214' title='bbox 3186 1349 3265 1411; x_wconf 82' lang='grc' dir='ltr'>ἓν,</span> <span class='ocrx_word' id='word_1_215' title='bbox 3295 1348 3376 1411; x_wconf 83' lang='grc' dir='ltr'><strong>ῶς</strong></span> <span class='ocrx_word' id='word_1_216' title='bbox 3408 1348 3502 1399; x_wconf 73' lang='grc' dir='ltr'><strong>καὶ</strong></span> <span class='ocrx_word' id='word_1_217' title='bbox 3536 1362 3625 1416; x_wconf 82' lang='grc' dir='ltr'>μο-</span> 
     </span>
    </p>
   </div>
   <div class='ocr_carea' id='block_1_27' title="bbox 2035 1440 3626 1515">
    <p class='ocr_par' dir='ltr' id='par_1_27' title="bbox 2035 1440 3626 1515">
     <span class='ocr_line' id='line_1_27' title="bbox 2035 1440 3626 1515; baseline -0.003 -20"><span class='ocrx_word' id='word_1_218' title='bbox 2035 1444 2132 1506; x_wconf 80' lang='grc' dir='ltr'>νὰς</span> <span class='ocrx_word' id='word_1_219' title='bbox 2162 1445 2266 1515; x_wconf 78' lang='grc' dir='ltr'><strong>πρὸ</strong></span> <span class='ocrx_word' id='word_1_220' title='bbox 2294 1444 2494 1506; x_wconf 81' lang='grc' dir='ltr'>παντὸς</span> <span class='ocrx_word' id='word_1_221' title='bbox 2523 1442 2756 1514; x_wconf 80' lang='grc' dir='ltr'>ἀριθμοῦ</span> <span class='ocrx_word' id='word_1_222' title='bbox 2788 1441 3241 1513; x_wconf 79' lang='grc' dir='ltr'>πεπληθυσμένου</span> <span class='ocrx_word' id='word_1_223' title='bbox 3267 1458 3280 1470; x_wconf 89' lang='grc'><strong>·</strong></span> <span class='ocrx_word' id='word_1_224' title='bbox 3317 1441 3417 1492; x_wconf 78' lang='grc' dir='ltr'><strong>καὶ</strong></span> <span class='ocrx_word' id='word_1_225' title='bbox 3446 1441 3496 1491; x_wconf 88' lang='grc' dir='ltr'>εἰ</span> <span class='ocrx_word' id='word_1_226' title='bbox 3527 1440 3626 1490; x_wconf 80' lang='grc' dir='ltr'><strong>πᾶ-</strong></span> 
     </span>
    </p>
   </div>
   <div class='ocr_carea' id='block_1_28' title="bbox 2039 1532 3626 1607">
    <p class='ocr_par' dir='ltr' id='par_1_28' title="bbox 2039 1532 3626 1607">
     <span class='ocr_line' id='line_1_28' title="bbox 2039 1532 3626 1607; baseline -0.005 -17"><span class='ocrx_word' id='word_1_227' title='bbox 2039 1555 2088 1590; x_wconf 87' lang='grc' dir='ltr'><strong>σι</strong></span> <span class='ocrx_word' id='word_1_228' title='bbox 2118 1539 2184 1590; x_wconf 74' lang='grc' dir='ltr'>τὰ</span> <span class='ocrx_word' id='word_1_229' title='bbox 2215 1539 2389 1590; x_wconf 69' lang='grc' dir='ltr'>πάντα</span> <span class='ocrx_word' id='word_1_230' title='bbox 2415 1537 2666 1607; x_wconf 78' lang='grc' dir='ltr'>ἡνωμένα</span> <span class='ocrx_word' id='word_1_231' title='bbox 2695 1555 2778 1600; x_wconf 83' lang='grc' dir='ltr'><strong>τις</strong></span> <span class='ocrx_word' id='word_1_232' title='bbox 2801 1537 3049 1590; x_wconf 70' lang='grc' dir='ltr'>ὑπόθοιτο</span> <span class='ocrx_word' id='word_1_233' title='bbox 3071 1536 3135 1602; x_wconf 60' lang='grc' dir='ltr'><strong>δ’,</strong></span> <span class='ocrx_word' id='word_1_234' title='bbox 3165 1534 3234 1587; x_wconf 76' lang='grc' dir='ltr'>τὰ</span> <span class='ocrx_word' id='word_1_235' title='bbox 3267 1534 3452 1586; x_wconf 77' lang='grc' dir='ltr'>πάντα</span> <span class='ocrx_word' id='word_1_236' title='bbox 3483 1532 3626 1584; x_wconf 76' lang='grc' dir='ltr'>ἔστα.</span> 
     </span>
    </p>
   </div>
   <div class='ocr_carea' id='block_1_29' title="bbox 2037 1631 2353 1702">
    <p class='ocr_par' dir='ltr' id='par_1_29' title="bbox 2037 1631 2353 1702">
     <span class='ocr_line' id='line_1_29' title="bbox 2037 1631 2353 1702; baseline 0 -19"><span class='ocrx_word' id='word_1_237' title='bbox 2143 1631 2248 1702; x_wconf 81' lang='grc' dir='ltr'>ὅλῳ</span> <span class='ocrx_word' id='word_1_238' title='bbox 2277 1631 2353 1683; x_wconf 79' lang='grc' dir='ltr'><strong>ἓν.</strong></span> 
     </span>
    </p>
   </div>
   <div class='ocr_carea' id='block_1_30' title="bbox 347 1715 3626 1792">
    <p class='ocr_par' dir='ltr' id='par_1_30' title="bbox 347 1715 3626 1792">
     <span class='ocr_line' id='line_1_30' title="bbox 347 1715 3626 1792; baseline 0.001 -26"><span class='ocrx_word' id='word_1_239' title='bbox 347 1718 684 1786; x_wconf 73' lang='lat' dir='ltr'><strong>anticiparit.</strong></span> <span class='ocrx_word' id='word_1_240' title='bbox 726 1721 804 1775; x_wconf 79' lang='lat' dir='ltr'><strong>At;</strong></span> <span class='ocrx_word' id='word_1_241' title='bbox 871 1725 988 1777; x_wconf 85' lang='lat' dir='ltr'><strong>sine</strong></span> <span class='ocrx_word' id='word_1_242' title='bbox 1041 1738 1148 1776; x_wconf 94' lang='lat' dir='ltr'><strong>uno</strong></span> <span class='ocrx_word' id='word_1_243' title='bbox 1201 1723 1419 1792; x_wconf 84' lang='lat' dir='ltr'><strong>quidem</strong></span> <span class='ocrx_word' id='word_1_244' title='bbox 1461 1738 1564 1777; x_wconf 93' lang='lat' dir='ltr'><strong>non</strong></span> <span class='ocrx_word' id='word_1_245' title='bbox 1617 1723 1722 1776; x_wconf 92' lang='lat' dir='ltr'><strong>erit</strong></span> <span class='ocrx_word' id='word_1_246' title='bbox 1799 1723 2106 1782; x_wconf 85' lang='lat' dir='ltr'><strong>multitudo.</strong></span> <span class='ocrx_word' id='word_1_247' title='bbox 2147 1726 2242 1776; x_wconf 88' lang='lat' dir='ltr'><strong>sed</strong></span> <span class='ocrx_word' id='word_1_248' title='bbox 2283 1723 2400 1775; x_wconf 88' lang='lat' dir='ltr'><strong>sine</strong></span> <span class='ocrx_word' id='word_1_249' title='bbox 2439 1721 2784 1779; x_wconf 86' lang='lat' dir='ltr'><strong>multitudine</strong></span> <span class='ocrx_word' id='word_1_250' title='bbox 2823 1721 2927 1775; x_wconf 90' lang='lat' dir='ltr'><strong>erit</strong></span> <span class='ocrx_word' id='word_1_251' title='bbox 2967 1736 3167 1784; x_wconf 86' lang='lat' dir='ltr'><strong>unum,</strong></span> <span class='ocrx_word' id='word_1_252' title='bbox 3210 1721 3357 1774; x_wconf 83' lang='lat' dir='ltr'><strong>sicut</strong></span> <span class='ocrx_word' id='word_1_253' title='bbox 3397 1729 3453 1771; x_wconf 90' lang='lat' dir='ltr'><strong>et</strong></span> <span class='ocrx_word' id='word_1_254' title='bbox 3508 1715 3626 1769; x_wconf 85' lang='lat' dir='ltr'><strong>uni-</strong></span> 
     </span>
    </p>
   </div>
   <div class='ocr_carea' id='block_1_31' title="bbox 349 1813 3626 1888">
    <p class='ocr_par' dir='ltr' id='par_1_31' title="bbox 349 1813 3626 1888">
     <span class='ocr_line' id='line_1_31' title="bbox 349 1813 3626 1888; baseline 0.001 -26"><span class='ocrx_word' id='word_1_255' title='bbox 349 1821 430 1864; x_wconf 88' lang='lat' dir='ltr'><strong>tas</strong></span> <span class='ocrx_word' id='word_1_256' title='bbox 485 1824 611 1869; x_wconf 88' lang='lat' dir='ltr'><strong>ante</strong></span> <span class='ocrx_word' id='word_1_257' title='bbox 667 1825 1222 1874; x_wconf 89' lang='lat' dir='ltr'><strong>omnem&#39;numerum</strong></span> <span class='ocrx_word' id='word_1_258' title='bbox 1282 1819 1735 1888; x_wconf 86' lang='lat' dir='ltr'><strong>multiplicatum;</strong></span> <span class='ocrx_word' id='word_1_259' title='bbox 1791 1830 1844 1873; x_wconf 91' lang='lat' dir='ltr'><strong>et</strong></span> <span class='ocrx_word' id='word_1_260' title='bbox 1900 1819 1943 1872; x_wconf 87' lang='lat' dir='ltr'><strong>si</strong></span> <span class='ocrx_word' id='word_1_261' title='bbox 1991 1821 2113 1887; x_wconf 72' lang='lat' dir='ltr'><strong>qu’s</strong></span> <span class='ocrx_word' id='word_1_262' title='bbox 2162 1819 2415 1873; x_wconf 88' lang='lat' dir='ltr'><strong>omnibus</strong></span> <span class='ocrx_word' id='word_1_263' title='bbox 2465 1818 2649 1870; x_wconf 85' lang='lat' dir='ltr'><strong>omnia</strong></span> <span class='ocrx_word' id='word_1_264' title='bbox 2697 1832 2817 1888; x_wconf 60' lang='lat' dir='ltr'><strong>qua:</strong></span> <span class='ocrx_word' id='word_1_265' title='bbox 2874 1817 3019 1872; x_wconf 88' lang='lat' dir='ltr'><strong>unita</strong></span> <span class='ocrx_word' id='word_1_266' title='bbox 3085 1827 3209 1870; x_wconf 87' lang='lat' dir='ltr'><strong>sunt</strong></span> <span class='ocrx_word' id='word_1_267' title='bbox 3253 1813 3626 1885; x_wconf 84' lang='lat' dir='ltr'><strong>supposuerit,</strong></span> 
     </span>
    </p>
   </div>
   <div class='ocr_carea' id='block_1_32' title="bbox 345 1905 1366 1982">
    <p class='ocr_par' dir='ltr' id='par_1_32' title="bbox 345 1905 1366 1982">
     <span class='ocr_line' id='line_1_32' title="bbox 345 1905 1366 1982; baseline 0.01 -26"><span class='ocrx_word' id='word_1_268' title='bbox 345 1905 527 1960; x_wconf 85' lang='lat' dir='ltr'><strong>omnia</strong></span> <span class='ocrx_word' id='word_1_269' title='bbox 566 1920 726 1964; x_wconf 89' lang='lat' dir='ltr'><strong>erunt</strong></span> <span class='ocrx_word' id='word_1_270' title='bbox 766 1912 818 1965; x_wconf 94' lang='lat' dir='ltr'><strong>in</strong></span> <span class='ocrx_word' id='word_1_271' title='bbox 855 1921 968 1966; x_wconf 94' lang='lat' dir='ltr'><strong>toto</strong></span> <span class='ocrx_word' id='word_1_272' title='bbox 1005 1911 1136 1982; x_wconf 92' lang='lat' dir='ltr'><strong>quid</strong></span> <span class='ocrx_word' id='word_1_273' title='bbox 1178 1929 1366 1966; x_wconf 75' lang='lat' dir='ltr'><strong>unum.</strong></span> 
     </span>
    </p>
   </div>
   <div class='ocr_carea' id='block_1_33' title="bbox 417 2191 2011 2263">
    <p class='ocr_par' dir='ltr' id='par_1_33' title="bbox 417 2191 2011 2263">
     <span class='ocr_line' id='line_1_33' title="bbox 417 2191 2011 2263; baseline -0.004 -17"><span class='ocrx_word' id='word_1_274' title='bbox 417 2191 553 2248; x_wconf 85' lang='lat' dir='ltr'><strong>illud</strong></span> <span class='ocrx_word' id='word_1_275' title='bbox 593 2205 853 2263; x_wconf 65' lang='lat' dir='ltr'><strong>praeterea</strong></span> <span class='ocrx_word' id='word_1_276' title='bbox 892 2193 1197 2258; x_wconf 91' lang='lat' dir='ltr'><strong>sciendum,</strong></span> <span class='ocrx_word' id='word_1_277' title='bbox 1240 2202 1297 2247; x_wconf 90' lang='lat' dir='ltr'><strong>nt</strong></span> <span class='ocrx_word' id='word_1_278' title='bbox 1335 2191 1635 2248; x_wconf 89' lang='lat' dir='ltr'><strong>secundum</strong></span> <span class='ocrx_word' id='word_1_279' title='bbox 1675 2191 1934 2245; x_wconf 90' lang='lat' dir='ltr'><strong>uniuscu-</strong></span> <span class='ocrx_word' id='word_1_280' title='bbox 1971 2199 2011 2252; x_wconf 79' lang='grc' dir='ltr'><strong>Β</strong></span> 
     </span>
    </p>
   </div>
   <div class='ocr_carea' id='block_1_34' title="bbox 341 2283 1933 2354">
    <p class='ocr_par' dir='ltr' id='par_1_34' title="bbox 341 2283 1933 2354">
     <span class='ocr_line' id='line_1_34' title="bbox 341 2283 1933 2354; baseline -0.003 -16"><span class='ocrx_word' id='word_1_281' title='bbox 341 2286 538 2354; x_wconf 82' lang='lat' dir='ltr'><strong>jusque</strong></span> <span class='ocrx_word' id='word_1_282' title='bbox 595 2285 832 2354; x_wconf 77' lang='lat' dir='ltr'><strong>speciem</strong></span> <span class='ocrx_word' id='word_1_283' title='bbox 890 2293 1316 2354; x_wconf 58' lang='lat' dir='ltr'><strong>praeconceptam</strong></span> <span class='ocrx_word' id='word_1_284' title='bbox 1372 2284 1514 2338; x_wconf 85' lang='lat' dir='ltr'><strong>uniri</strong></span> <span class='ocrx_word' id='word_1_285' title='bbox 1571 2283 1824 2338; x_wconf 85' lang='lat' dir='ltr'><strong>dicantur</strong></span> <span class='ocrx_word' id='word_1_286' title='bbox 1867 2294 1933 2334; x_wconf 89' lang='lat' dir='ltr'><strong>ea</strong></span> 
     </span>
    </p>
   </div>
   <div class='ocr_carea' id='block_1_35' title="bbox 345 2374 1934 2447">
    <p class='ocr_par' dir='ltr' id='par_1_35' title="bbox 345 2374 1934 2447">
     <span class='ocr_line' id='line_1_35' title="bbox 345 2374 1934 2447; baseline -0.001 -17"><span class='ocrx_word' id='word_1_287' title='bbox 345 2394 466 2447; x_wconf 81' lang='lat' dir='ltr'><strong>qua:</strong></span> <span class='ocrx_word' id='word_1_288' title='bbox 520 2378 668 2431; x_wconf 88' lang='lat' dir='ltr'><strong>unita</strong></span> <span class='ocrx_word' id='word_1_289' title='bbox 728 2387 880 2443; x_wconf 87' lang='lat' dir='ltr'><strong>sunt,</strong></span> <span class='ocrx_word' id='word_1_290' title='bbox 921 2378 1098 2446; x_wconf 85' lang='lat' dir='ltr'><strong>sitque</strong></span> <span class='ocrx_word' id='word_1_291' title='bbox 1143 2393 1307 2431; x_wconf 90' lang='lat' dir='ltr'><strong>unum</strong></span> <span class='ocrx_word' id='word_1_292' title='bbox 1347 2379 1587 2432; x_wconf 85' lang='lat' dir='ltr'><strong>Omnium</strong></span> <span class='ocrx_word' id='word_1_293' title='bbox 1624 2375 1780 2447; x_wconf 86' lang='lat' dir='ltr'><strong>quasi</strong></span> <span class='ocrx_word' id='word_1_294' title='bbox 1822 2374 1934 2428; x_wconf 89' lang='lat' dir='ltr'><strong>ele-</strong></span> 
     </span>
    </p>
   </div>
   <div class='ocr_carea' id='block_1_36' title="bbox 347 2470 1935 2540">
    <p class='ocr_par' dir='ltr' id='par_1_36' title="bbox 347 2470 1935 2540">
     <span class='ocr_line' id='line_1_36' title="bbox 347 2470 1935 2540; baseline -0.001 -17"><span class='ocrx_word' id='word_1_295' title='bbox 347 2481 628 2534; x_wconf 89' lang='lat' dir='ltr'><strong>mentum;</strong></span> <span class='ocrx_word' id='word_1_296' title='bbox 663 2478 720 2523; x_wconf 87' lang='lat' dir='ltr'><strong>ct</strong></span> <span class='ocrx_word' id='word_1_297' title='bbox 757 2470 802 2522; x_wconf 94' lang='lat' dir='ltr'><strong>si</strong></span> <span class='ocrx_word' id='word_1_298' title='bbox 845 2470 1130 2524; x_wconf 78' lang='lat' dir='ltr'><strong>sustuleris</strong></span> <span class='ocrx_word' id='word_1_299' title='bbox 1171 2472 1458 2534; x_wconf 88' lang='lat' dir='ltr'><strong>unitatem,</strong></span> <span class='ocrx_word' id='word_1_300' title='bbox 1519 2486 1692 2540; x_wconf 75' lang='lat' dir='ltr'><strong>neque</strong></span> <span class='ocrx_word' id='word_1_301' title='bbox 1750 2471 1935 2524; x_wconf 56' lang='lat' dir='ltr'><strong>totalie</strong></span> 
     </span>
    </p>
   </div>
   <div class='ocr_carea' id='block_1_37' title="bbox 349 2559 1933 2632">
    <p class='ocr_par' dir='ltr' id='par_1_37' title="bbox 349 2559 1933 2632">
     <span class='ocr_line' id='line_1_37' title="bbox 349 2559 1933 2632; baseline 0.002 -20"><span class='ocrx_word' id='word_1_302' title='bbox 349 2568 454 2626; x_wconf 88' lang='lat' dir='ltr'><strong>tas,</strong></span> <span class='ocrx_word' id='word_1_303' title='bbox 493 2574 671 2628; x_wconf 83' lang='lat' dir='ltr'><strong>neque</strong></span> <span class='ocrx_word' id='word_1_304' title='bbox 706 2559 999 2630; x_wconf 83' lang='lat' dir='ltr'><strong>particula,</strong></span> <span class='ocrx_word' id='word_1_305' title='bbox 1041 2575 1216 2630; x_wconf 85' lang='lat' dir='ltr'><strong>neque</strong></span> <span class='ocrx_word' id='word_1_306' title='bbox 1251 2561 1396 2615; x_wconf 86' lang='lat' dir='ltr'><strong>aliud</strong></span> <span class='ocrx_word' id='word_1_307' title='bbox 1433 2561 1710 2632; x_wconf 77' lang='lat' dir='ltr'><strong>quidpiam</strong></span> <span class='ocrx_word' id='word_1_308' title='bbox 1746 2562 1806 2629; x_wconf 85' lang='lat' dir='ltr'><strong>in</strong></span> <span class='ocrx_word' id='word_1_309' title='bbox 1849 2577 1933 2614; x_wconf 85' lang='lat' dir='ltr'><strong>re-</strong></span> 
     </span>
    </p>
   </div>
   <div class='ocr_carea' id='block_1_38' title="bbox 346 2652 1934 2716">
    <p class='ocr_par' dir='ltr' id='par_1_38' title="bbox 346 2652 1934 2716">
     <span class='ocr_line' id='line_1_38' title="bbox 346 2652 1934 2716; baseline 0.001 -11"><span class='ocrx_word' id='word_1_310' title='bbox 346 2653 448 2705; x_wconf 85' lang='lat' dir='ltr'><strong>bus</strong></span> <span class='ocrx_word' id='word_1_311' title='bbox 485 2652 628 2716; x_wconf 85' lang='lat' dir='ltr'><strong>erit;</strong></span> <span class='ocrx_word' id='word_1_312' title='bbox 663 2653 844 2707; x_wconf 86' lang='lat' dir='ltr'><strong>omnia</strong></span> <span class='ocrx_word' id='word_1_313' title='bbox 881 2653 1026 2708; x_wconf 90' lang='lat' dir='ltr'><strong>enim</strong></span> <span class='ocrx_word' id='word_1_314' title='bbox 1066 2657 1116 2707; x_wconf 92' lang='lat' dir='ltr'><strong>in</strong></span> <span class='ocrx_word' id='word_1_315' title='bbox 1155 2669 1214 2709; x_wconf 89' lang='lat' dir='ltr'><strong>se</strong></span> <span class='ocrx_word' id='word_1_316' title='bbox 1255 2670 1420 2708; x_wconf 92' lang='lat' dir='ltr'><strong>unum</strong></span> <span class='ocrx_word' id='word_1_317' title='bbox 1462 2654 1807 2709; x_wconf 87' lang='lat' dir='ltr'><strong>unil&#39;ormiter</strong></span> <span class='ocrx_word' id='word_1_318' title='bbox 1843 2669 1934 2706; x_wconf 84' lang='lat' dir='ltr'><strong>an-</strong></span> 
     </span>
    </p>
   </div>
   <div class='ocr_carea' id='block_1_39' title="bbox 351 2746 1932 2818">
    <p class='ocr_par' dir='ltr' id='par_1_39' title="bbox 351 2746 1932 2818">
     <span class='ocr_line' id='line_1_39' title="bbox 351 2746 1932 2818; baseline 0.001 -20"><span class='ocrx_word' id='word_1_319' title='bbox 351 2747 579 2813; x_wconf 81' lang='lat' dir='ltr'><strong>ticipant</strong></span> <span class='ocrx_word' id='word_1_320' title='bbox 636 2756 690 2802; x_wconf 88' lang='lat' dir='ltr'><strong>et</strong></span> <span class='ocrx_word' id='word_1_321' title='bbox 752 2746 1210 2817; x_wconf 85' lang='lat' dir='ltr'><strong>complectuntur.</strong></span> <span class='ocrx_word' id='word_1_322' title='bbox 1285 2747 1397 2803; x_wconf 86' lang='lat' dir='ltr'><strong>llac</strong></span> <span class='ocrx_word' id='word_1_323' title='bbox 1467 2749 1648 2818; x_wconf 85' lang='lat' dir='ltr'><strong>itaque</strong></span> <span class='ocrx_word' id='word_1_324' title='bbox 1723 2747 1932 2802; x_wconf 86' lang='lat' dir='ltr'><strong>ratione</strong></span> 
     </span>
    </p>
   </div>
   <div class='ocr_carea' id='block_1_40' title="bbox 348 2837 1932 2912">
    <p class='ocr_par' dir='ltr' id='par_1_40' title="bbox 348 2837 1932 2912">
     <span class='ocr_line' id='line_1_40' title="bbox 348 2837 1932 2912; baseline -0.002 -17"><span class='ocrx_word' id='word_1_325' title='bbox 348 2837 632 2906; x_wconf 80' lang='lat' dir='ltr'><strong>Scriptura</strong></span> <span class='ocrx_word' id='word_1_326' title='bbox 688 2847 857 2894; x_wconf 82' lang='lat' dir='ltr'><strong>totum</strong></span> <span class='ocrx_word' id='word_1_327' title='bbox 922 2840 1128 2906; x_wconf 91' lang='lat' dir='ltr'><strong>Deum,</strong></span> <span class='ocrx_word' id='word_1_328' title='bbox 1189 2853 1445 2912; x_wconf 88' lang='lat' dir='ltr'><strong>tanquam</strong></span> <span class='ocrx_word' id='word_1_329' title='bbox 1503 2841 1745 2894; x_wconf 79' lang='lat' dir='ltr'><strong>omnium</strong></span> <span class='ocrx_word' id='word_1_330' title='bbox 1800 2855 1932 2894; x_wconf 89' lang='lat' dir='ltr'><strong>cau-</strong></span> 
     </span>
    </p>
   </div>
   <div class='ocr_carea' id='block_1_41' title="bbox 347 2931 1932 3004">
    <p class='ocr_par' dir='ltr' id='par_1_41' title="bbox 347 2931 1932 3004">
     <span class='ocr_line' id='line_1_41' title="bbox 347 2931 1932 3004; baseline 0.002 -21"><span class='ocrx_word' id='word_1_331' title='bbox 347 2946 484 2994; x_wconf 84' lang='lat' dir='ltr'><strong>sam,</strong></span> <span class='ocrx_word' id='word_1_332' title='bbox 537 2931 639 2987; x_wconf 88' lang='lat' dir='ltr'><strong>sub</strong></span> <span class='ocrx_word' id='word_1_333' title='bbox 696 2933 854 2988; x_wconf 87' lang='lat' dir='ltr'><strong>unius</strong></span> <span class='ocrx_word' id='word_1_334' title='bbox 909 2933 1272 3003; x_wconf 83' lang='lat' dir='ltr'><strong>appellatione</strong></span> <span class='ocrx_word' id='word_1_335' title='bbox 1326 2934 1550 2998; x_wconf 89' lang='lat' dir='ltr'><strong>laudat;</strong></span> <span class='ocrx_word' id='word_1_336' title='bbox 1606 2948 1772 3004; x_wconf 87' lang='lat' dir='ltr'><strong>atque</strong></span> <span class='ocrx_word' id='word_1_337' title='bbox 1829 2934 1932 2986; x_wconf 85' lang='lat' dir='ltr'><strong>hoc</strong></span> 
     </span>
    </p>
   </div>
   <div class='ocr_carea' id='block_1_42' title="bbox 347 3025 1932 3092">
    <p class='ocr_par' dir='ltr' id='par_1_42' title="bbox 347 3025 1932 3092">
     <span class='ocr_line' id='line_1_42' title="bbox 347 3025 1932 3092; baseline 0.001 -15"><span class='ocrx_word' id='word_1_338' title='bbox 347 3025 507 3077; x_wconf 88' lang='lat' dir='ltr'><strong>modo</strong></span> <span class='ocrx_word' id='word_1_339' title='bbox 565 3040 703 3079; x_wconf 87' lang='lat' dir='ltr'><strong>unus</strong></span> <span class='ocrx_word' id='word_1_340' title='bbox 759 3035 842 3081; x_wconf 87' lang='lat' dir='ltr'><strong>est</strong></span> <span class='ocrx_word' id='word_1_341' title='bbox 897 3028 1037 3082; x_wconf 88' lang='lat' dir='ltr'><strong>Deus</strong></span> <span class='ocrx_word' id='word_1_342' title='bbox 1074 3039 1128 3084; x_wconf 90' lang='lat' dir='ltr'><strong>et</strong></span> <span class='ocrx_word' id='word_1_343' title='bbox 1174 3029 1355 3092; x_wconf 86' lang='lat' dir='ltr'><strong>Pater,</strong></span> <span class='ocrx_word' id='word_1_344' title='bbox 1394 3042 1449 3083; x_wconf 88' lang='lat' dir='ltr'><strong>et</strong></span> <span class='ocrx_word' id='word_1_345' title='bbox 1488 3043 1628 3082; x_wconf 88' lang='lat' dir='ltr'><strong>unus</strong></span> <span class='ocrx_word' id='word_1_346' title='bbox 1671 3027 1932 3082; x_wconf 87' lang='lat' dir='ltr'><strong>Dominus</strong></span> 
     </span>
    </p>
   </div>
   <div class='ocr_carea' id='block_1_43' title="bbox 346 3114 1930 3190">
    <p class='ocr_par' dir='ltr' id='par_1_43' title="bbox 346 3114 1930 3190">
     <span class='ocr_line' id='line_1_43' title="bbox 346 3114 1930 3190; baseline -0.001 -21"><span class='ocrx_word' id='word_1_347' title='bbox 346 3114 504 3170; x_wconf 75' lang='lat' dir='ltr'><strong>.Iesus</strong></span> <span class='ocrx_word' id='word_1_348' title='bbox 540 3117 825 3185; x_wconf 81' lang='lat' dir='ltr'><strong>Christus,</strong></span> <span class='ocrx_word' id='word_1_349' title='bbox 865 3129 1027 3189; x_wconf 87' lang='lat' dir='ltr'><strong>atque</strong></span> <span class='ocrx_word' id='word_1_350' title='bbox 1065 3137 1204 3174; x_wconf 89' lang='lat' dir='ltr'><strong>unus</strong></span> <span class='ocrx_word' id='word_1_351' title='bbox 1244 3119 1497 3190; x_wconf 86' lang='lat' dir='ltr'><strong>idemque</strong></span> <span class='ocrx_word' id='word_1_352' title='bbox 1535 3117 1793 3186; x_wconf 75' lang='lat' dir='ltr'><strong>Spiritus,</strong></span> <span class='ocrx_word' id='word_1_353' title='bbox 1833 3130 1930 3185; x_wconf 88' lang='lat' dir='ltr'><strong>per</strong></span> 
     </span>
    </p>
   </div>
   <div class='ocr_carea' id='block_1_44' title="bbox 348 3211 1930 3282">
    <p class='ocr_par' dir='ltr' id='par_1_44' title="bbox 348 3211 1930 3282">
     <span class='ocr_line' id='line_1_44' title="bbox 348 3211 1930 3282; baseline -0.001 -17"><span class='ocrx_word' id='word_1_354' title='bbox 348 3227 680 3282; x_wconf 84' lang='lat' dir='ltr'><strong>supraquam</strong></span> <span class='ocrx_word' id='word_1_355' title='bbox 722 3215 1090 3270; x_wconf 89' lang='lat' dir='ltr'><strong>abundantem</strong></span> <span class='ocrx_word' id='word_1_356' title='bbox 1135 3216 1303 3269; x_wconf 79' lang='lat' dir='ltr'><strong>totius</strong></span> <span class='ocrx_word' id='word_1_357' title='bbox 1340 3214 1538 3267; x_wconf 76' lang='lat' dir='ltr'><strong>divina:</strong></span> <span class='ocrx_word' id='word_1_358' title='bbox 1579 3213 1806 3266; x_wconf 88' lang='lat' dir='ltr'><strong>unitatis</strong></span> <span class='ocrx_word' id='word_1_359' title='bbox 1844 3211 1930 3264; x_wconf 88' lang='lat' dir='ltr'><strong>in-</strong></span> 
     </span>
    </p>
   </div>
   <div class='ocr_carea' id='block_1_45' title="bbox 348 3305 1930 3378">
    <p class='ocr_par' dir='ltr' id='par_1_45' title="bbox 348 3305 1930 3378">
     <span class='ocr_line' id='line_1_45' title="bbox 348 3305 1930 3378; baseline 0.001 -20"><span class='ocrx_word' id='word_1_360' title='bbox 348 3308 799 3373; x_wconf 80' lang='lat' dir='ltr'><strong>dirisibilitatem,</strong></span> <span class='ocrx_word' id='word_1_361' title='bbox 843 3311 894 3363; x_wconf 93' lang='lat' dir='ltr'><strong>in</strong></span> <span class='ocrx_word' id='word_1_362' title='bbox 935 3325 1039 3378; x_wconf 89' lang='lat' dir='ltr'><strong>qua</strong></span> <span class='ocrx_word' id='word_1_363' title='bbox 1079 3310 1260 3363; x_wconf 91' lang='lat' dir='ltr'><strong>omnia</strong></span> <span class='ocrx_word' id='word_1_364' title='bbox 1317 3309 1477 3362; x_wconf 89' lang='lat' dir='ltr'><strong>unice</strong></span> <span class='ocrx_word' id='word_1_365' title='bbox 1531 3317 1658 3362; x_wconf 91' lang='lat' dir='ltr'><strong>sunt</strong></span> <span class='ocrx_word' id='word_1_366' title='bbox 1705 3305 1930 3376; x_wconf 66' lang='lat' dir='ltr'><strong>conjuno</strong></span> 
     </span>
    </p>
   </div>
   <div class='ocr_carea' id='block_1_46' title="bbox 349 3400 1928 3470">
    <p class='ocr_par' dir='ltr' id='par_1_46' title="bbox 349 3400 1928 3470">
     <span class='ocr_line' id='line_1_46' title="bbox 349 3400 1928 3470; baseline 0.003 -20"><span class='ocrx_word' id='word_1_367' title='bbox 349 3407 432 3456; x_wconf 73' lang='lat' dir='ltr'><strong>cia</strong></span> <span class='ocrx_word' id='word_1_368' title='bbox 459 3440 473 3459; x_wconf 88' lang='lat'><em>.</em></span> <span class='ocrx_word' id='word_1_369' title='bbox 513 3410 568 3454; x_wconf 89' lang='lat' dir='ltr'><strong>et</strong></span> <span class='ocrx_word' id='word_1_370' title='bbox 623 3417 954 3470; x_wconf 84' lang='lat' dir='ltr'><strong>supraquam</strong></span> <span class='ocrx_word' id='word_1_371' title='bbox 1004 3403 1178 3464; x_wconf 87' lang='lat' dir='ltr'><strong>unita,</strong></span> <span class='ocrx_word' id='word_1_372' title='bbox 1227 3411 1278 3454; x_wconf 86' lang='lat' dir='ltr'><strong>et</strong></span> <span class='ocrx_word' id='word_1_373' title='bbox 1318 3400 1728 3470; x_wconf 74' lang='lat' dir='ltr'><strong>przeexistentia</strong></span> <span class='ocrx_word' id='word_1_374' title='bbox 1766 3415 1928 3466; x_wconf 87' lang='lat' dir='ltr'><strong>supra</strong></span> 
     </span>
    </p>
   </div>
   <div class='ocr_carea' id='block_1_47' title="bbox 349 3489 1927 3563">
    <p class='ocr_par' dir='ltr' id='par_1_47' title="bbox 349 3489 1927 3563">
     <span class='ocr_line' id='line_1_47' title="bbox 349 3489 1927 3563; baseline 0 -21"><span class='ocrx_word' id='word_1_375' title='bbox 349 3491 743 3546; x_wconf 86' lang='lat' dir='ltr'><strong>substantiam.</strong></span> <span class='ocrx_word' id='word_1_376' title='bbox 785 3493 1131 3563; x_wconf 83' lang='lat' dir='ltr'><strong>Quapropter</strong></span> <span class='ocrx_word' id='word_1_377' title='bbox 1181 3493 1346 3548; x_wconf 90' lang='lat' dir='ltr'><strong>etiam</strong></span> <span class='ocrx_word' id='word_1_378' title='bbox 1403 3491 1470 3544; x_wconf 89' lang='lat' dir='ltr'><strong>ad</strong></span> <span class='ocrx_word' id='word_1_379' title='bbox 1529 3491 1700 3558; x_wconf 89' lang='lat' dir='ltr'><strong>ipsam</strong></span> <span class='ocrx_word' id='word_1_380' title='bbox 1743 3489 1927 3545; x_wconf 89' lang='lat' dir='ltr'><strong>omnia</strong></span> 
     </span>
    </p>
   </div>
   <div class='ocr_carea' id='block_1_48' title="bbox 345 3583 1928 3655">
    <p class='ocr_par' dir='ltr' id='par_1_48' title="bbox 345 3583 1928 3655">
     <span class='ocr_line' id='line_1_48' title="bbox 345 3583 1928 3655; baseline -0.001 -20"><span class='ocrx_word' id='word_1_381' title='bbox 345 3586 468 3652; x_wconf 57' lang='lat' dir='ltr'><strong>juzc</strong></span> <span class='ocrx_word' id='word_1_382' title='bbox 510 3587 704 3642; x_wconf 85' lang='lat' dir='ltr'><strong>merito</strong></span> <span class='ocrx_word' id='word_1_383' title='bbox 745 3588 1079 3652; x_wconf 84' lang='lat' dir='ltr'><strong>referuntur,</strong></span> <span class='ocrx_word' id='word_1_384' title='bbox 1118 3588 1280 3655; x_wconf 88' lang='lat' dir='ltr'><strong>eique</strong></span> <span class='ocrx_word' id='word_1_385' title='bbox 1317 3583 1709 3647; x_wconf 88' lang='lat' dir='ltr'><strong>attribuuntur,</strong></span> <span class='ocrx_word' id='word_1_386' title='bbox 1735 3598 1763 3636; x_wconf 90' lang='lat' dir='ltr'><strong>a</strong></span> <span class='ocrx_word' id='word_1_387' title='bbox 1802 3598 1928 3651; x_wconf 88' lang='lat' dir='ltr'><strong>qua,</strong></span> 
     </span>
    </p>
   </div>
   <div class='ocr_carea' id='block_1_49' title="bbox 349 3677 1928 3750">
    <p class='ocr_par' dir='ltr' id='par_1_49' title="bbox 349 3677 1928 3750">
     <span class='ocr_line' id='line_1_49' title="bbox 349 3677 1928 3750; baseline -0.003 -17"><span class='ocrx_word' id='word_1_388' title='bbox 349 3689 405 3733; x_wconf 74' lang='lat' dir='ltr'><strong>ei</strong></span> <span class='ocrx_word' id='word_1_389' title='bbox 443 3693 505 3732; x_wconf 77' lang='lat' dir='ltr'><strong>ex</strong></span> <span class='ocrx_word' id='word_1_390' title='bbox 543 3695 681 3749; x_wconf 89' lang='lat' dir='ltr'><strong>qua,</strong></span> <span class='ocrx_word' id='word_1_391' title='bbox 718 3689 774 3734; x_wconf 84' lang='lat' dir='ltr'><strong>et</strong></span> <span class='ocrx_word' id='word_1_392' title='bbox 812 3695 908 3747; x_wconf 87' lang='lat' dir='ltr'><strong>per</strong></span> <span class='ocrx_word' id='word_1_393' title='bbox 944 3693 1141 3742; x_wconf 91' lang='lat' dir='ltr'><strong>quam,</strong></span> <span class='ocrx_word' id='word_1_394' title='bbox 1183 3687 1238 3732; x_wconf 85' lang='lat' dir='ltr'><strong>et</strong></span> <span class='ocrx_word' id='word_1_395' title='bbox 1277 3678 1329 3730; x_wconf 92' lang='lat' dir='ltr'><strong>in</strong></span> <span class='ocrx_word' id='word_1_396' title='bbox 1370 3692 1474 3746; x_wconf 88' lang='lat' dir='ltr'><strong>qua</strong></span> <span class='ocrx_word' id='word_1_397' title='bbox 1499 3716 1513 3740; x_wconf 92' lang='lat'><strong>,</strong></span> <span class='ocrx_word' id='word_1_398' title='bbox 1551 3688 1605 3730; x_wconf 87' lang='lat' dir='ltr'><strong>et</strong></span> <span class='ocrx_word' id='word_1_399' title='bbox 1641 3677 1708 3730; x_wconf 90' lang='lat' dir='ltr'><strong>ad</strong></span> <span class='ocrx_word' id='word_1_400' title='bbox 1764 3691 1928 3750; x_wconf 88' lang='lat' dir='ltr'><strong>quam</strong></span> 
     </span>
    </p>
   </div>
   <div class='ocr_carea' id='block_1_50' title="bbox 350 3771 1932 3840">
    <p class='ocr_par' dir='ltr' id='par_1_50' title="bbox 350 3771 1932 3840">
     <span class='ocr_line' id='line_1_50' title="bbox 350 3771 1932 3840; baseline -0.004 -16"><span class='ocrx_word' id='word_1_401' title='bbox 350 3771 532 3824; x_wconf 88' lang='lat' dir='ltr'><strong>omnia</strong></span> <span class='ocrx_word' id='word_1_402' title='bbox 575 3782 721 3836; x_wconf 89' lang='lat' dir='ltr'><strong>sunt,</strong></span> <span class='ocrx_word' id='word_1_403' title='bbox 762 3783 816 3827; x_wconf 91' lang='lat' dir='ltr'><strong>et</strong></span> <span class='ocrx_word' id='word_1_404' title='bbox 853 3779 1274 3840; x_wconf 77' lang='lat' dir='ltr'><strong>componuntur,</strong></span> <span class='ocrx_word' id='word_1_405' title='bbox 1314 3779 1368 3824; x_wconf 89' lang='lat' dir='ltr'><strong>et</strong></span> <span class='ocrx_word' id='word_1_406' title='bbox 1409 3779 1652 3830; x_wconf 87' lang='lat' dir='ltr'><strong>manent,</strong></span> <span class='ocrx_word' id='word_1_407' title='bbox 1693 3780 1748 3822; x_wconf 82' lang='lat' dir='ltr'><strong>et.</strong></span> <span class='ocrx_word' id='word_1_408' title='bbox 1802 3785 1932 3820; x_wconf 77' lang='lat' dir='ltr'><strong>cnn-</strong></span> 
     </span>
    </p>
   </div>
   <div class='ocr_carea' id='block_1_51' title="bbox 350 3865 1932 3945">
    <p class='ocr_par' dir='ltr' id='par_1_51' title="bbox 350 3865 1932 3945">
     <span class='ocr_line' id='line_1_51' title="bbox 350 3865 1932 3945; baseline -0.001 -29"><span class='ocrx_word' id='word_1_409' title='bbox 350 3866 617 3930; x_wconf 83' lang='lat' dir='ltr'><strong>tinentur,</strong></span> <span class='ocrx_word' id='word_1_410' title='bbox 658 3876 712 3918; x_wconf 87' lang='lat' dir='ltr'><strong>et</strong></span> <span class='ocrx_word' id='word_1_411' title='bbox 765 3865 1132 3934; x_wconf 90' lang='lat' dir='ltr'><strong>complentur,</strong></span> <span class='ocrx_word' id='word_1_412' title='bbox 1171 3873 1224 3922; x_wconf 90' lang='lat' dir='ltr'><strong>et</strong></span> <span class='ocrx_word' id='word_1_413' title='bbox 1262 3873 1662 3916; x_wconf 86' lang='lat' dir='ltr'><strong>convertuntur</strong></span> <span class='ocrx_word' id='word_1_414' title='bbox 1702 3879 1714 3914; x_wconf 94' lang='lat'>:</span> <span class='ocrx_word' id='word_1_415' title='bbox 1757 3875 1932 3945; x_wconf 64' lang='lat' dir='ltr'><strong>neque</strong></span> 
     </span>
    </p>
   </div>
   <div class='ocr_carea' id='block_1_52' title="bbox 349 3955 1931 4027">
    <p class='ocr_par' dir='ltr' id='par_1_52' title="bbox 349 3955 1931 4027">
     <span class='ocr_line' id='line_1_52' title="bbox 349 3955 1931 4027; baseline -0.002 -17"><span class='ocrx_word' id='word_1_416' title='bbox 349 3958 648 4027; x_wconf 81' lang='lat' dir='ltr'><strong>quidquam</strong></span> <span class='ocrx_word' id='word_1_417' title='bbox 687 3961 928 4026; x_wconf 86' lang='lat' dir='ltr'><strong>reperies</strong></span> <span class='ocrx_word' id='word_1_418' title='bbox 963 3973 1151 4011; x_wconf 90' lang='lat' dir='ltr'><strong>eorum</strong></span> <span class='ocrx_word' id='word_1_419' title='bbox 1193 3971 1314 4025; x_wconf 73' lang='lat' dir='ltr'><strong>qua:</strong></span> <span class='ocrx_word' id='word_1_420' title='bbox 1351 3964 1501 4018; x_wconf 85' lang='lat' dir='ltr'><strong>sunt,</strong></span> <span class='ocrx_word' id='word_1_421' title='bbox 1538 3955 1681 4024; x_wconf 89' lang='lat' dir='ltr'><strong>quod</strong></span> <span class='ocrx_word' id='word_1_422' title='bbox 1719 3970 1823 4010; x_wconf 94' lang='lat' dir='ltr'><strong>non</strong></span> <span class='ocrx_word' id='word_1_423' title='bbox 1862 3969 1931 4008; x_wconf 78' lang='lat' dir='ltr'><strong>ex</strong></span> 
     </span>
    </p>
   </div>
   <div class='ocr_carea' id='block_1_53' title="bbox 351 4047 1933 4116">
    <p class='ocr_par' dir='ltr' id='par_1_53' title="bbox 351 4047 1933 4116">
     <span class='ocr_line' id='line_1_53' title="bbox 351 4047 1933 4116; baseline -0.001 -15"><span class='ocrx_word' id='word_1_424' title='bbox 351 4064 458 4104; x_wconf 92' lang='lat' dir='ltr'><strong>uno</strong></span> <span class='ocrx_word' id='word_1_425' title='bbox 499 4049 610 4108; x_wconf 81' lang='lat' dir='ltr'><strong>illo,</strong></span> <span class='ocrx_word' id='word_1_426' title='bbox 651 4050 947 4102; x_wconf 85' lang='lat' dir='ltr'><strong>secundum</strong></span> <span class='ocrx_word' id='word_1_427' title='bbox 988 4048 1131 4116; x_wconf 91' lang='lat' dir='ltr'><strong>quod</strong></span> <span class='ocrx_word' id='word_1_428' title='bbox 1170 4048 1348 4102; x_wconf 90' lang='lat' dir='ltr'><strong>omnis</strong></span> <span class='ocrx_word' id='word_1_429' title='bbox 1388 4047 1644 4100; x_wconf 83' lang='lat' dir='ltr'><strong>divinitas</strong></span> <span class='ocrx_word' id='word_1_430' title='bbox 1681 4060 1933 4115; x_wconf 87' lang='lat' dir='ltr'><strong>supraes-</strong></span> 
     </span>
    </p>
   </div>
   <div class='ocr_carea' id='block_1_54' title="bbox 349 4143 1930 4210">
    <p class='ocr_par' dir='ltr' id='par_1_54' title="bbox 349 4143 1930 4210">
     <span class='ocr_line' id='line_1_54' title="bbox 349 4143 1930 4210; baseline -0.002 -14"><span class='ocrx_word' id='word_1_431' title='bbox 349 4145 660 4198; x_wconf 79' lang='lat' dir='ltr'><strong>sentialiter</strong></span> <span class='ocrx_word' id='word_1_432' title='bbox 698 4144 1030 4210; x_wconf 87' lang='lat' dir='ltr'><strong>nominatur,</strong></span> <span class='ocrx_word' id='word_1_433' title='bbox 1070 4153 1126 4197; x_wconf 87' lang='lat' dir='ltr'><strong>et</strong></span> <span class='ocrx_word' id='word_1_434' title='bbox 1163 4143 1235 4197; x_wconf 85' lang='lat' dir='ltr'><strong>sit</strong></span> <span class='ocrx_word' id='word_1_435' title='bbox 1275 4143 1327 4196; x_wconf 90' lang='lat' dir='ltr'><strong>id</strong></span> <span class='ocrx_word' id='word_1_436' title='bbox 1366 4143 1510 4210; x_wconf 92' lang='lat' dir='ltr'><strong>quod</strong></span> <span class='ocrx_word' id='word_1_437' title='bbox 1548 4151 1652 4204; x_wconf 91' lang='lat' dir='ltr'><strong>est,</strong></span> <span class='ocrx_word' id='word_1_438' title='bbox 1699 4151 1753 4196; x_wconf 88' lang='lat' dir='ltr'><strong>et</strong></span> <span class='ocrx_word' id='word_1_439' title='bbox 1806 4157 1930 4210; x_wconf 88' lang='lat' dir='ltr'><strong>per-</strong></span> 
     </span>
    </p>
   </div>
   <div class='ocr_carea' id='block_1_55' title="bbox 352 4233 1927 4301">
    <p class='ocr_par' dir='ltr' id='par_1_55' title="bbox 352 4233 1927 4301">
     <span class='ocr_line' id='line_1_55' title="bbox 352 4233 1927 4301; baseline -0.003 -13"><span class='ocrx_word' id='word_1_440' title='bbox 352 4235 567 4300; x_wconf 83' lang='lat' dir='ltr'><strong>ﬁciatur</strong></span> <span class='ocrx_word' id='word_1_441' title='bbox 622 4250 688 4289; x_wconf 90' lang='lat' dir='ltr'><strong>ac</strong></span> <span class='ocrx_word' id='word_1_442' title='bbox 743 4243 1116 4292; x_wconf 80' lang='lat' dir='ltr'><strong>conservetur.</strong></span> <span class='ocrx_word' id='word_1_443' title='bbox 1155 4233 1382 4300; x_wconf 87' lang='lat' dir='ltr'><strong>Oportet</strong></span> <span class='ocrx_word' id='word_1_444' title='bbox 1422 4235 1604 4301; x_wconf 91' lang='lat' dir='ltr'><strong>itaque</strong></span> <span class='ocrx_word' id='word_1_445' title='bbox 1643 4245 1696 4287; x_wconf 89' lang='lat' dir='ltr'><strong>et</strong></span> <span class='ocrx_word' id='word_1_446' title='bbox 1736 4248 1856 4297; x_wconf 84' lang='lat' dir='ltr'><strong>nos,</strong></span> <span class='ocrx_word' id='word_1_447' title='bbox 1900 4248 1927 4283; x_wconf 92' lang='lat' dir='ltr'><strong>a</strong></span> 
     </span>
    </p>
   </div>
   <div class='ocr_carea' id='block_1_56' title="bbox 354 4311 1927 4388">
    <p class='ocr_par' dir='ltr' id='par_1_56' title="bbox 354 4311 1927 4388">
     <span class='ocr_line' id='line_1_56' title="bbox 354 4311 1927 4388; baseline -0.001 -10"><span class='ocrx_word' id='word_1_448' title='bbox 354 4311 538 4380; x_wconf 87' lang='lat' dir='ltr'><strong>nmltis</strong></span> <span class='ocrx_word' id='word_1_449' title='bbox 577 4328 643 4378; x_wconf 90' lang='lat' dir='ltr'><strong>ad</strong></span> <span class='ocrx_word' id='word_1_450' title='bbox 686 4343 850 4380; x_wconf 90' lang='lat' dir='ltr'><strong>unum</strong></span> <span class='ocrx_word' id='word_1_451' title='bbox 893 4325 1089 4379; x_wconf 80' lang='lat' dir='ltr'><strong>virtute</strong></span> <span class='ocrx_word' id='word_1_452' title='bbox 1128 4323 1326 4378; x_wconf 79' lang='lat' dir='ltr'><strong>divina:</strong></span> <span class='ocrx_word' id='word_1_453' title='bbox 1359 4325 1580 4378; x_wconf 91' lang='lat' dir='ltr'><strong>unitatis</strong></span> <span class='ocrx_word' id='word_1_454' title='bbox 1611 4339 1927 4388; x_wconf 83' lang='lat' dir='ltr'><strong>conversos,</strong></span> 
     </span>
    </p>
   </div>
   <div class='ocr_carea' id='block_1_57' title="bbox 354 4415 1926 4482">
    <p class='ocr_par' dir='ltr' id='par_1_57' title="bbox 354 4415 1926 4482">
     <span class='ocr_line' id='line_1_57' title="bbox 354 4415 1926 4482; baseline -0.003 -13"><span class='ocrx_word' id='word_1_455' title='bbox 354 4416 704 4482; x_wconf 76' lang='lat' dir='ltr'><strong>singulariter</strong></span> <span class='ocrx_word' id='word_1_456' title='bbox 758 4415 982 4468; x_wconf 89' lang='lat' dir='ltr'><strong>laudare</strong></span> <span class='ocrx_word' id='word_1_457' title='bbox 1040 4423 1206 4467; x_wconf 88' lang='lat' dir='ltr'><strong>totam</strong></span> <span class='ocrx_word' id='word_1_458' title='bbox 1266 4423 1319 4468; x_wconf 89' lang='lat' dir='ltr'><strong>et</strong></span> <span class='ocrx_word' id='word_1_459' title='bbox 1364 4430 1522 4467; x_wconf 90' lang='lat' dir='ltr'><strong>unam</strong></span> <span class='ocrx_word' id='word_1_460' title='bbox 1564 4415 1926 4480; x_wconf 86' lang='lat' dir='ltr'><strong>divinitatem,</strong></span> 
     </span>
    </p>
   </div>
   <div class='ocr_carea' id='block_1_58' title="bbox 357 4508 1927 4578">
    <p class='ocr_par' dir='ltr' id='par_1_58' title="bbox 357 4508 1927 4578">
     <span class='ocr_line' id='line_1_58' title="bbox 357 4508 1927 4578; baseline -0.001 -18"><span class='ocrx_word' id='word_1_461' title='bbox 357 4524 544 4568; x_wconf 90' lang='lat' dir='ltr'><strong>unum,</strong></span> <span class='ocrx_word' id='word_1_462' title='bbox 584 4508 726 4578; x_wconf 90' lang='lat' dir='ltr'><strong>quod</strong></span> <span class='ocrx_word' id='word_1_463' title='bbox 767 4516 851 4560; x_wconf 91' lang='lat' dir='ltr'><strong>est</strong></span> <span class='ocrx_word' id='word_1_464' title='bbox 888 4521 1129 4561; x_wconf 74' lang='lat' dir='ltr'><strong>omnium</strong></span> <span class='ocrx_word' id='word_1_465' title='bbox 1171 4522 1359 4570; x_wconf 84' lang='lat' dir='ltr'><strong>causa,</strong></span> <span class='ocrx_word' id='word_1_466' title='bbox 1403 4517 1530 4562; x_wconf 90' lang='lat' dir='ltr'><strong>ante</strong></span> <span class='ocrx_word' id='word_1_467' title='bbox 1563 4523 1722 4560; x_wconf 82' lang='lat' dir='ltr'><strong>onnte</strong></span> <span class='ocrx_word' id='word_1_468' title='bbox 1762 4523 1927 4559; x_wconf 88' lang='lat' dir='ltr'><strong>lllllllll</strong></span> 
     </span>
    </p>
   </div>
   <div class='ocr_carea' id='block_1_59' title="bbox 346 4599 1927 4672">
    <p class='ocr_par' dir='ltr' id='par_1_59' title="bbox 346 4599 1927 4672">
     <span class='ocr_line' id='line_1_59' title="bbox 346 4599 1927 4672; baseline -0.001 -20"><span class='ocrx_word' id='word_1_469' title='bbox 346 4609 409 4672; x_wconf 22' lang='lat' dir='ltr'><strong>let</strong></span> <span class='ocrx_word' id='word_1_470' title='bbox 461 4600 885 4664; x_wconf 86' lang='lat' dir='ltr'><strong>multitudinem,</strong></span> <span class='ocrx_word' id='word_1_471' title='bbox 944 4609 1000 4654; x_wconf 90' lang='lat' dir='ltr'><strong>et</strong></span> <span class='ocrx_word' id='word_1_472' title='bbox 1053 4609 1262 4669; x_wconf 91' lang='lat' dir='ltr'><strong>partem</strong></span> <span class='ocrx_word' id='word_1_473' title='bbox 1302 4610 1354 4653; x_wconf 86' lang='lat' dir='ltr'><strong>et</strong></span> <span class='ocrx_word' id='word_1_474' title='bbox 1393 4607 1586 4663; x_wconf 83' lang='lat' dir='ltr'><strong>totum,</strong></span> <span class='ocrx_word' id='word_1_475' title='bbox 1627 4599 1927 4654; x_wconf 79' lang='lat' dir='ltr'><strong>linitiOnem</strong></span> 
     </span>
    </p>
   </div>
   <div class='ocr_carea' id='block_1_60' title="bbox 353 4691 1930 4762">
    <p class='ocr_par' dir='ltr' id='par_1_60' title="bbox 353 4691 1930 4762">
     <span class='ocr_line' id='line_1_60' title="bbox 353 4691 1930 4762; baseline 0.001 -16"><span class='ocrx_word' id='word_1_476' title='bbox 353 4702 408 4746; x_wconf 90' lang='lat' dir='ltr'><strong>et</strong></span> <span class='ocrx_word' id='word_1_477' title='bbox 445 4691 830 4756; x_wconf 82' lang='lat' dir='ltr'><strong>inﬁnitionetn,</strong></span> <span class='ocrx_word' id='word_1_478' title='bbox 873 4694 1036 4746; x_wconf 87' lang='lat' dir='ltr'><strong>linem</strong></span> <span class='ocrx_word' id='word_1_479' title='bbox 1077 4703 1132 4747; x_wconf 89' lang='lat' dir='ltr'><strong>et</strong></span> <span class='ocrx_word' id='word_1_480' title='bbox 1171 4693 1492 4747; x_wconf 84' lang='lat' dir='ltr'><strong>inﬁnitatem</strong></span> <span class='ocrx_word' id='word_1_481' title='bbox 1519 4732 1534 4757; x_wconf 96' lang='lat'><strong>,</strong></span> <span class='ocrx_word' id='word_1_482' title='bbox 1573 4694 1754 4756; x_wconf 87' lang='lat' dir='ltr'><strong>omnia</strong></span> <span class='ocrx_word' id='word_1_483' title='bbox 1810 4709 1930 4762; x_wconf 75' lang='lat' dir='ltr'><strong>qua:</strong></span> 
     </span>
    </p>
   </div>
   <div class='ocr_carea' id='block_1_61' title="bbox 353 4785 1926 4854">
    <p class='ocr_par' dir='ltr' id='par_1_61' title="bbox 353 4785 1926 4854">
     <span class='ocr_line' id='line_1_61' title="bbox 353 4785 1926 4854; baseline -0.002 -15"><span class='ocrx_word' id='word_1_484' title='bbox 353 4795 481 4839; x_wconf 86' lang='lat' dir='ltr'><strong>sunt</strong></span> <span class='ocrx_word' id='word_1_485' title='bbox 519 4797 573 4840; x_wconf 88' lang='lat' dir='ltr'><strong>et</strong></span> <span class='ocrx_word' id='word_1_486' title='bbox 613 4787 784 4854; x_wconf 86' lang='lat' dir='ltr'><strong>ipsum</strong></span> <span class='ocrx_word' id='word_1_487' title='bbox 822 4800 944 4840; x_wconf 88' lang='lat' dir='ltr'><strong>esse</strong></span> <span class='ocrx_word' id='word_1_488' title='bbox 980 4785 1344 4851; x_wconf 86' lang='lat' dir='ltr'><strong>determinat;</strong></span> <span class='ocrx_word' id='word_1_489' title='bbox 1384 4795 1438 4840; x_wconf 89' lang='lat' dir='ltr'><strong>et</strong></span> <span class='ocrx_word' id='word_1_490' title='bbox 1475 4788 1717 4839; x_wconf 92' lang='lat' dir='ltr'><strong>omnium</strong></span> <span class='ocrx_word' id='word_1_491' title='bbox 1756 4796 1812 4840; x_wconf 86' lang='lat' dir='ltr'><strong>et.</strong></span> <span class='ocrx_word' id='word_1_492' title='bbox 1847 4796 1926 4841; x_wconf 81' lang='lat' dir='ltr'><strong>to-</strong></span> 
     </span>
    </p>
   </div>
   <div class='ocr_carea' id='block_1_62' title="bbox 2114 2184 3622 2250">
    <p class='ocr_par' dir='ltr' id='par_1_62' title="bbox 2114 2184 3622 2250">
     <span class='ocr_line' id='line_1_62' title="bbox 2114 2184 3622 2250; baseline 0.003 -12"><span class='ocrx_word' id='word_1_493' title='bbox 2114 2186 2321 2248; x_wconf 77' lang='grc' dir='ltr'>Ἀλλως</span> <span class='ocrx_word' id='word_1_494' title='bbox 2352 2203 2409 2238; x_wconf 91' lang='grc' dir='ltr'><strong>τε</strong></span> <span class='ocrx_word' id='word_1_495' title='bbox 2441 2186 2533 2238; x_wconf 71' lang='grc' dir='ltr'><strong>καὶ</strong></span> <span class='ocrx_word' id='word_1_496' title='bbox 2565 2184 2722 2238; x_wconf 72' lang='grc' dir='ltr'>τοῦτο</span> <span class='ocrx_word' id='word_1_497' title='bbox 2753 2185 2944 2250; x_wconf 74' lang='grc' dir='ltr'>ἰστέον,</span> <span class='ocrx_word' id='word_1_498' title='bbox 2973 2184 3057 2237; x_wconf 88' lang='grc' dir='ltr'><strong>ὅτι</strong></span> <span class='ocrx_word' id='word_1_499' title='bbox 3090 2197 3232 2237; x_wconf 72' lang='grc' dir='ltr'>κατα</span> <span class='ocrx_word' id='word_1_500' title='bbox 3262 2186 3324 2238; x_wconf 81' lang='grc' dir='ltr'><strong>τὸ</strong></span> <span class='ocrx_word' id='word_1_501' title='bbox 3355 2188 3476 2250; x_wconf 76' lang='grc' dir='ltr'>ἐνὸς</span> <span class='ocrx_word' id='word_1_502' title='bbox 3505 2190 3622 2243; x_wconf 74' lang='grc' dir='ltr'><strong>ἐκά-</strong></span> 
     </span>
    </p>
   </div>
   <div class='ocr_carea' id='block_1_63' title="bbox 2036 2274 3621 2352">
    <p class='ocr_par' dir='ltr' id='par_1_63' title="bbox 2036 2274 3621 2352">
     <span class='ocr_line' id='line_1_63' title="bbox 2036 2274 3621 2352; baseline 0.001 -21"><span class='ocrx_word' id='word_1_503' title='bbox 2036 2296 2159 2332; x_wconf 88' lang='grc' dir='ltr'>στου</span> <span class='ocrx_word' id='word_1_504' title='bbox 2192 2278 2678 2350; x_wconf 81' lang='grc' dir='ltr'>προεπινοούμενον</span> <span class='ocrx_word' id='word_1_505' title='bbox 2707 2274 2845 2342; x_wconf 77' lang='grc' dir='ltr'>εἶδος</span> <span class='ocrx_word' id='word_1_506' title='bbox 2884 2277 3122 2348; x_wconf 74' lang='grc' dir='ltr'>ἡνῶσθαι</span> <span class='ocrx_word' id='word_1_507' title='bbox 3148 2277 3374 2346; x_wconf 84' lang='grc' dir='ltr'>λέγεται</span> <span class='ocrx_word' id='word_1_508' title='bbox 3403 2281 3473 2332; x_wconf 75' lang='grc' dir='ltr'>τὰ</span> <span class='ocrx_word' id='word_1_509' title='bbox 3493 2284 3621 2352; x_wconf 72' lang='grc' dir='ltr'><strong>ἠνω-</strong></span> 
     </span>
    </p>
   </div>
   <div class='ocr_carea' id='block_1_64' title="bbox 2038 2370 3626 2442">
    <p class='ocr_par' dir='ltr' id='par_1_64' title="bbox 2038 2370 3626 2442">
     <span class='ocr_line' id='line_1_64' title="bbox 2038 2370 3626 2442; baseline 0.001 -18"><span class='ocrx_word' id='word_1_510' title='bbox 2038 2372 2193 2442; x_wconf 86' lang='grc' dir='ltr'>μένα,</span> <span class='ocrx_word' id='word_1_511' title='bbox 2244 2371 2337 2424; x_wconf 71' lang='grc' dir='ltr'>καὶ</span> <span class='ocrx_word' id='word_1_512' title='bbox 2379 2371 2596 2424; x_wconf 73' lang='grc' dir='ltr'>πάντων</span> <span class='ocrx_word' id='word_1_513' title='bbox 2636 2371 2752 2422; x_wconf 82' lang='grc' dir='ltr'><strong>ἐστὶ</strong></span> <span class='ocrx_word' id='word_1_514' title='bbox 2789 2371 2849 2422; x_wconf 82' lang='grc' dir='ltr'><strong>τὸ</strong></span> <span class='ocrx_word' id='word_1_515' title='bbox 2895 2370 2952 2422; x_wconf 85' lang='grc' dir='ltr'>ἒν</span> <span class='ocrx_word' id='word_1_516' title='bbox 2981 2373 3394 2440; x_wconf 83' lang='grc' dir='ltr'>στοιχειωτικόν</span> <span class='ocrx_word' id='word_1_517' title='bbox 3418 2391 3432 2403; x_wconf 88' lang='grc'><strong>·</strong></span> <span class='ocrx_word' id='word_1_518' title='bbox 3467 2376 3557 2426; x_wconf 76' lang='grc' dir='ltr'><strong>καὶ</strong></span> <span class='ocrx_word' id='word_1_519' title='bbox 3584 2376 3626 2426; x_wconf 73' lang='grc' dir='ltr'>εἴ</span> 
     </span>
    </p>
   </div>
   <div class='ocr_carea' id='block_1_65' title="bbox 2035 2463 3629 2536">
    <p class='ocr_par' dir='ltr' id='par_1_65' title="bbox 2035 2463 3629 2536">
     <span class='ocr_line' id='line_1_65' title="bbox 2035 2463 3629 2536; baseline 0 -17"><span class='ocrx_word' id='word_1_520' title='bbox 2035 2466 2227 2536; x_wconf 74' lang='grc' dir='ltr'>ἀνέλῃς</span> <span class='ocrx_word' id='word_1_521' title='bbox 2248 2466 2293 2496; x_wconf 74' lang='grc' dir='ltr'><strong>⁵ο</strong></span> <span class='ocrx_word' id='word_1_522' title='bbox 2331 2465 2392 2518; x_wconf 73' lang='grc' dir='ltr'>τὸ</span> <span class='ocrx_word' id='word_1_523' title='bbox 2421 2465 2498 2527; x_wconf 82' lang='grc' dir='ltr'>ἓν,</span> <span class='ocrx_word' id='word_1_524' title='bbox 2529 2464 2653 2518; x_wconf 71' lang='grc' dir='ltr'>οὔτε</span> <span class='ocrx_word' id='word_1_525' title='bbox 2681 2465 2900 2534; x_wconf 74' lang='grc' dir='ltr'>όλότης,</span> <span class='ocrx_word' id='word_1_526' title='bbox 2943 2463 3066 2517; x_wconf 74' lang='grc' dir='ltr'>οὔτε</span> <span class='ocrx_word' id='word_1_527' title='bbox 3105 2465 3318 2534; x_wconf 81' lang='grc' dir='ltr'>μόριον,</span> <span class='ocrx_word' id='word_1_528' title='bbox 3350 2465 3476 2519; x_wconf 74' lang='grc' dir='ltr'>οὔτε</span> <span class='ocrx_word' id='word_1_529' title='bbox 3511 2466 3629 2520; x_wconf 77' lang='grc' dir='ltr'>ἄλλο</span> 
     </span>
    </p>
   </div>
   <div class='ocr_carea' id='block_1_66' title="bbox 2033 2557 3624 2628">
    <p class='ocr_par' dir='ltr' id='par_1_66' title="bbox 2033 2557 3624 2628">
     <span class='ocr_line' id='line_1_66' title="bbox 2033 2557 3624 2628; baseline 0 -18"><span class='ocrx_word' id='word_1_530' title='bbox 2033 2558 2181 2610; x_wconf 73' lang='grc' dir='ltr'>οὐδὲν</span> <span class='ocrx_word' id='word_1_531' title='bbox 2215 2558 2322 2610; x_wconf 87' lang='grc' dir='ltr'><strong>τῶν</strong></span> <span class='ocrx_word' id='word_1_532' title='bbox 2365 2558 2532 2611; x_wconf 82' lang='grc' dir='ltr'>ὅντων</span> <span class='ocrx_word' id='word_1_533' title='bbox 2569 2558 2720 2610; x_wconf 74' lang='grc' dir='ltr'>ἔσται</span> <span class='ocrx_word' id='word_1_534' title='bbox 2745 2574 2757 2586; x_wconf 80' lang='lat'>&#39;</span> <span class='ocrx_word' id='word_1_535' title='bbox 2797 2557 2971 2610; x_wconf 78' lang='grc' dir='ltr'>πάντα</span> <span class='ocrx_word' id='word_1_536' title='bbox 3003 2557 3112 2628; x_wconf 73' lang='grc' dir='ltr'>γὰρ</span> <span class='ocrx_word' id='word_1_537' title='bbox 3144 2559 3201 2608; x_wconf 78' lang='grc' dir='ltr'><strong>ἐν</strong></span> <span class='ocrx_word' id='word_1_538' title='bbox 3233 2557 3418 2628; x_wconf 77' lang='grc' dir='ltr'>ἑαυτῷ</span> <span class='ocrx_word' id='word_1_539' title='bbox 3472 2560 3532 2611; x_wconf 79' lang='grc' dir='ltr'>τὸ</span> <span class='ocrx_word' id='word_1_540' title='bbox 3574 2559 3624 2610; x_wconf 69' lang='grc' dir='ltr'><strong>ἓν</strong></span> 
     </span>
    </p>
   </div>
   <div class='ocr_carea' id='block_1_67' title="bbox 2034 2651 3623 2722">
    <p class='ocr_par' dir='ltr' id='par_1_67' title="bbox 2034 2651 3623 2722">
     <span class='ocr_line' id='line_1_67' title="bbox 2034 2651 3623 2722; baseline 0.001 -19"><span class='ocrx_word' id='word_1_541' title='bbox 2034 2651 2276 2714; x_wconf 79' lang='grc' dir='ltr'>ἑνοειδῶς</span> <span class='ocrx_word' id='word_1_542' title='bbox 2313 2651 2609 2722; x_wconf 65' lang='grc' dir='ltr'>προείληιξέ</span> <span class='ocrx_word' id='word_1_543' title='bbox 2635 2669 2693 2703; x_wconf 88' lang='grc' dir='ltr'><strong>τε</strong></span> <span class='ocrx_word' id='word_1_544' title='bbox 2724 2652 2815 2704; x_wconf 79' lang='grc' dir='ltr'><strong>καὶ</strong></span> <span class='ocrx_word' id='word_1_545' title='bbox 2848 2651 3186 2722; x_wconf 65' lang='grc' dir='ltr'>περιείληφε.</span> <span class='ocrx_word' id='word_1_546' title='bbox 3219 2651 3412 2722; x_wconf 74' lang='grc' dir='ltr'>Ταύτῃ</span> <span class='ocrx_word' id='word_1_547' title='bbox 3442 2653 3568 2719; x_wconf 74' lang='grc' dir='ltr'>γοῦν</span> <span class='ocrx_word' id='word_1_548' title='bbox 3594 2656 3623 2720; x_wconf 78' lang='grc' dir='ltr'>ἡ</span> 
     </span>
    </p>
   </div>
   <div class='ocr_carea' id='block_1_68' title="bbox 2034 2744 3633 2816">
    <p class='ocr_par' dir='ltr' id='par_1_68' title="bbox 2034 2744 3633 2816">
     <span class='ocr_line' id='line_1_68' title="bbox 2034 2744 3633 2816; baseline 0.003 -19"><span class='ocrx_word' id='word_1_549' title='bbox 2034 2744 2278 2812; x_wconf 82' lang='grc' dir='ltr'>θεολογία</span> <span class='ocrx_word' id='word_1_550' title='bbox 2307 2744 2403 2815; x_wconf 77' lang='grc' dir='ltr'><strong>τὴν</strong></span> <span class='ocrx_word' id='word_1_551' title='bbox 2432 2745 2558 2815; x_wconf 81' lang='grc' dir='ltr'>ὅλην</span> <span class='ocrx_word' id='word_1_552' title='bbox 2586 2744 2861 2816; x_wconf 86' lang='grc' dir='ltr'>Θεαρχίαν,</span> <span class='ocrx_word' id='word_1_553' title='bbox 2886 2745 2962 2808; x_wconf 84' lang='grc' dir='ltr'>ὡς</span> <span class='ocrx_word' id='word_1_554' title='bbox 2993 2745 3211 2800; x_wconf 78' lang='grc' dir='ltr'>πάντων</span> <span class='ocrx_word' id='word_1_555' title='bbox 3243 2745 3452 2811; x_wconf 78' lang='grc' dir='ltr'>αἰτίαν,</span> <span class='ocrx_word' id='word_1_556' title='bbox 3479 2747 3633 2816; x_wconf 82' lang='grc' dir='ltr'><strong>ὑμνεί</strong></span> 
     </span>
    </p>
   </div>
   <div class='ocr_carea' id='block_1_69' title="bbox 2032 2833 3622 2910">
    <p class='ocr_par' dir='ltr' id='par_1_69' title="bbox 2032 2833 3622 2910">
     <span class='ocr_line' id='line_1_69' title="bbox 2032 2833 3622 2910; baseline 0.03 -25"><span class='ocrx_word' id='word_1_557' title='bbox 2032 2837 2097 2906; x_wconf 71' lang='grc' dir='ltr'>τῇ</span> <span class='ocrx_word' id='word_1_558' title='bbox 2143 2835 2235 2887; x_wconf 80' lang='grc' dir='ltr'>τοῦ</span> <span class='ocrx_word' id='word_1_559' title='bbox 2284 2836 2400 2899; x_wconf 76' lang='grc' dir='ltr'>ἑνὸς</span> <span class='ocrx_word' id='word_1_560' title='bbox 2443 2837 2750 2908; x_wconf 61' lang='grc' dir='ltr'>ἐπωνυμίᾳ,</span> <span class='ocrx_word' id='word_1_561' title='bbox 2798 2838 2892 2891; x_wconf 56' lang='grc' dir='ltr'><strong>καὶ</strong></span> <span class='ocrx_word' id='word_1_562' title='bbox 2938 2833 3018 2900; x_wconf 56' lang='grc' dir='ltr'><strong>εἷς</strong></span> <span class='ocrx_word' id='word_1_563' title='bbox 3061 2837 3192 2900; x_wconf 60' lang='grc' dir='ltr'>θεὸς</span> <span class='ocrx_word' id='word_1_564' title='bbox 3221 2841 3250 2890; x_wconf 66' lang='grc' dir='ltr'>ὁ</span> <span class='ocrx_word' id='word_1_565' title='bbox 3283 2840 3498 2910; x_wconf 65' lang='grc' dir='ltr'><strong>Π²τὴρ⁹</strong></span> <span class='ocrx_word' id='word_1_566' title='bbox 3540 2843 3622 2892; x_wconf 32' lang='grc' dir='ltr'><strong>καὶ</strong></span> 
     </span>
    </p>
   </div>
   <div class='ocr_carea' id='block_1_70' title="bbox 2032 2923 3623 3001">
    <p class='ocr_par' dir='ltr' id='par_1_70' title="bbox 2032 2923 3623 3001">
     <span class='ocr_line' id='line_1_70' title="bbox 2032 2923 3623 3001; baseline 0.004 -21"><span class='ocrx_word' id='word_1_567' title='bbox 2032 2923 2112 2990; x_wconf 78' lang='grc' dir='ltr'>εἷς</span> <span class='ocrx_word' id='word_1_568' title='bbox 2156 2928 2419 2999; x_wconf 78' lang='grc' dir='ltr'>Κύριος³¹</span> <span class='ocrx_word' id='word_1_569' title='bbox 2483 2929 2686 3000; x_wconf 72' lang='grc' dir='ltr'>Ἰησοῦς</span> <span class='ocrx_word' id='word_1_570' title='bbox 2729 2931 2980 3001; x_wconf 74' lang='grc' dir='ltr'>Χριστὸς,</span> <span class='ocrx_word' id='word_1_571' title='bbox 3023 2932 3116 2982; x_wconf 74' lang='grc' dir='ltr'><strong>καὶ</strong></span> <span class='ocrx_word' id='word_1_572' title='bbox 3154 2931 3213 2983; x_wconf 82' lang='grc' dir='ltr'>ἓν</span> <span class='ocrx_word' id='word_1_573' title='bbox 3261 2933 3358 2984; x_wconf 76' lang='grc' dir='ltr'><strong>καὶ</strong></span> <span class='ocrx_word' id='word_1_574' title='bbox 3400 2934 3460 2985; x_wconf 74' lang='grc' dir='ltr'>τὸ</span> <span class='ocrx_word' id='word_1_575' title='bbox 3502 2934 3623 2988; x_wconf 69' lang='grc' dir='ltr'><strong>αἱ·τό</strong></span> 
     </span>
    </p>
   </div>
   <div class='ocr_carea' id='block_1_71' title="bbox 2033 3019 3621 3096">
    <p class='ocr_par' dir='ltr' id='par_1_71' title="bbox 2033 3019 3621 3096">
     <span class='ocr_line' id='line_1_71' title="bbox 2033 3019 3621 3096; baseline 0.003 -24"><span class='ocrx_word' id='word_1_576' title='bbox 2033 3019 2278 3091; x_wconf 75' lang='grc' dir='ltr'>Πνεῦμα,</span> <span class='ocrx_word' id='word_1_577' title='bbox 2326 3021 2414 3074; x_wconf 74' lang='grc' dir='ltr'><strong>διὰ</strong></span> <span class='ocrx_word' id='word_1_578' title='bbox 2457 3021 2556 3092; x_wconf 72' lang='grc' dir='ltr'><strong>τὴν</strong></span> <span class='ocrx_word' id='word_1_579' title='bbox 2598 3022 3039 3093; x_wconf 71' lang='grc' dir='ltr'>ὑπερϐάλλουσαν</span> <span class='ocrx_word' id='word_1_580' title='bbox 3071 3024 3172 3094; x_wconf 77' lang='grc' dir='ltr'><strong>τῆς</strong></span> <span class='ocrx_word' id='word_1_581' title='bbox 3204 3023 3340 3094; x_wconf 79' lang='grc' dir='ltr'>ὅλης</span> <span class='ocrx_word' id='word_1_582' title='bbox 3365 3026 3411 3056; x_wconf 75' lang='grc'><strong>⁵⁸</strong></span> <span class='ocrx_word' id='word_1_583' title='bbox 3448 3025 3621 3096; x_wconf 75' lang='grc' dir='ltr'>θεῖκῆς</span> 
     </span>
    </p>
   </div>
   <div class='ocr_carea' id='block_1_72' title="bbox 2033 3108 3619 3188">
    <p class='ocr_par' dir='ltr' id='par_1_72' title="bbox 2033 3108 3619 3188">
     <span class='ocr_line' id='line_1_72' title="bbox 2033 3108 3619 3188; baseline 0.004 -24"><span class='ocrx_word' id='word_1_584' title='bbox 2033 3113 2280 3185; x_wconf 79' lang='grc' dir='ltr'>ἐνότητος</span> <span class='ocrx_word' id='word_1_585' title='bbox 2312 3115 2594 3186; x_wconf 79' lang='grc' dir='ltr'>ἁμέρειαν,</span> <span class='ocrx_word' id='word_1_586' title='bbox 2626 3115 2684 3166; x_wconf 80' lang='grc' dir='ltr'><strong>ὲν</strong></span> <span class='ocrx_word' id='word_1_587' title='bbox 2791 3113 2965 3167; x_wconf 77' lang='grc' dir='ltr'>πάντα</span> <span class='ocrx_word' id='word_1_588' title='bbox 2994 3115 3190 3179; x_wconf 86' lang='grc' dir='ltr'>ένικῶς</span> <span class='ocrx_word' id='word_1_589' title='bbox 3219 3117 3512 3188; x_wconf 81' lang='grc' dir='ltr'>συνῆκται,</span> <span class='ocrx_word' id='word_1_590' title='bbox 3540 3120 3619 3170; x_wconf 68' lang='grc' dir='ltr'>καὶ</span> 
     </span>
    </p>
   </div>
   <div class='ocr_carea' id='block_1_73' title="bbox 2033 3205 3620 3278">
    <p class='ocr_par' dir='ltr' id='par_1_73' title="bbox 2033 3205 3620 3278">
     <span class='ocr_line' id='line_1_73' title="bbox 2033 3205 3620 3278; baseline 0.002 -20"><span class='ocrx_word' id='word_1_591' title='bbox 2033 3205 2399 3277; x_wconf 85' lang='grc' dir='ltr'>ὑπερήνωται,</span> <span class='ocrx_word' id='word_1_592' title='bbox 2464 3207 2556 3260; x_wconf 79' lang='grc' dir='ltr'><strong>καὶ</strong></span> <span class='ocrx_word' id='word_1_593' title='bbox 2618 3207 2907 3276; x_wconf 80' lang='grc' dir='ltr'>πρόσεστιν</span> <span class='ocrx_word' id='word_1_594' title='bbox 2960 3207 3331 3278; x_wconf 77' lang='grc' dir='ltr'>ὑπερουσίως.</span> <span class='ocrx_word' id='word_1_595' title='bbox 3403 3210 3495 3261; x_wconf 81' lang='grc' dir='ltr'><strong>Διὸ</strong></span> <span class='ocrx_word' id='word_1_596' title='bbox 3539 3212 3620 3263; x_wconf 71' lang='grc' dir='ltr'><strong>καὶ</strong></span> 
     </span>
    </p>
   </div>
   <div class='ocr_carea' id='block_1_74' title="bbox 2034 3298 3618 3369">
    <p class='ocr_par' dir='ltr' id='par_1_74' title="bbox 2034 3298 3618 3369">
     <span class='ocr_line' id='line_1_74' title="bbox 2034 3298 3618 3369; baseline 0.004 -20"><span class='ocrx_word' id='word_1_597' title='bbox 2034 3298 2212 3350; x_wconf 76' lang='grc' dir='ltr'>πάντα</span> <span class='ocrx_word' id='word_1_598' title='bbox 2241 3300 2324 3350; x_wconf 78' lang='grc' dir='ltr'>ἐπ’</span> <span class='ocrx_word' id='word_1_599' title='bbox 2356 3299 2776 3369; x_wconf 75' lang='grc' dir='ltr'>αὑτὴνένδίκως</span> <span class='ocrx_word' id='word_1_600' title='bbox 2797 3301 2842 3330; x_wconf 80' lang='grc'>³³</span> <span class='ocrx_word' id='word_1_601' title='bbox 2875 3300 3266 3369; x_wconf 80' lang='grc' dir='ltr'>ἀναπέμπεται</span> <span class='ocrx_word' id='word_1_602' title='bbox 3305 3304 3404 3355; x_wconf 75' lang='grc' dir='ltr'><strong>καὶ</strong></span> <span class='ocrx_word' id='word_1_603' title='bbox 3447 3305 3618 3356; x_wconf 82' lang='grc' dir='ltr'>ἀνατί-</span> 
     </span>
    </p>
   </div>
   <div class='ocr_carea' id='block_1_75' title="bbox 2034 3386 3619 3464">
    <p class='ocr_par' dir='ltr' id='par_1_75' title="bbox 2034 3386 3619 3464">
     <span class='ocr_line' id='line_1_75' title="bbox 2034 3386 3619 3464; baseline 0.004 -23"><span class='ocrx_word' id='word_1_604' title='bbox 2034 3388 2205 3453; x_wconf 74' lang='grc' dir='ltr'>Οεται,</span> <span class='ocrx_word' id='word_1_605' title='bbox 2239 3391 2325 3459; x_wconf 71' lang='grc' dir='ltr'><strong>ὑφ’</strong></span> <span class='ocrx_word' id='word_1_606' title='bbox 2357 3386 2444 3463; x_wconf 72' lang='grc' dir='ltr'>ἦς,</span> <span class='ocrx_word' id='word_1_607' title='bbox 2477 3393 2568 3444; x_wconf 72' lang='grc' dir='ltr'><strong>καὶ</strong></span> <span class='ocrx_word' id='word_1_608' title='bbox 2600 3393 2657 3444; x_wconf 82' lang='grc' dir='ltr'><strong>ὲν</strong></span> <span class='ocrx_word' id='word_1_609' title='bbox 2692 3387 2745 3464; x_wconf 74' lang='grc' dir='ltr'><strong>ᾗ,</strong></span> <span class='ocrx_word' id='word_1_610' title='bbox 2779 3393 2872 3445; x_wconf 76' lang='grc' dir='ltr'><strong>καὶ</strong></span> <span class='ocrx_word' id='word_1_611' title='bbox 2918 3395 2996 3454; x_wconf 84' lang='grc' dir='ltr'>εἰς</span> <span class='ocrx_word' id='word_1_612' title='bbox 3033 3393 3099 3464; x_wconf 74' lang='grc' dir='ltr'>ἦν</span> <span class='ocrx_word' id='word_1_613' title='bbox 3141 3392 3325 3447; x_wconf 77' lang='grc' dir='ltr'>πάντα</span> <span class='ocrx_word' id='word_1_614' title='bbox 3367 3398 3504 3460; x_wconf 79' lang='grc' dir='ltr'>ἐστὶ,</span> <span class='ocrx_word' id='word_1_615' title='bbox 3537 3399 3619 3449; x_wconf 78' lang='grc' dir='ltr'><strong>καὶ</strong></span> 
     </span>
    </p>
   </div>
   <div class='ocr_carea' id='block_1_76' title="bbox 2037 3483 3617 3557">
    <p class='ocr_par' dir='ltr' id='par_1_76' title="bbox 2037 3483 3617 3557">
     <span class='ocr_line' id='line_1_76' title="bbox 2037 3483 3617 3557; baseline 0.004 -22"><span class='ocrx_word' id='word_1_616' title='bbox 2037 3483 2410 3546; x_wconf 80' lang='grc' dir='ltr'>συντέτακται,</span> <span class='ocrx_word' id='word_1_617' title='bbox 2443 3485 2536 3537; x_wconf 75' lang='grc' dir='ltr'><strong>καὶ</strong></span> <span class='ocrx_word' id='word_1_618' title='bbox 2569 3485 2736 3554; x_wconf 87' lang='grc' dir='ltr'>μένει,</span> <span class='ocrx_word' id='word_1_619' title='bbox 2774 3485 2866 3538; x_wconf 76' lang='grc' dir='ltr'>καὶ</span> <span class='ocrx_word' id='word_1_620' title='bbox 2896 3485 3219 3555; x_wconf 85' lang='grc' dir='ltr'>συνέχεται,</span> <span class='ocrx_word' id='word_1_621' title='bbox 3254 3491 3353 3540; x_wconf 78' lang='grc' dir='ltr'><strong>καὶ</strong></span> <span class='ocrx_word' id='word_1_622' title='bbox 3385 3490 3617 3557; x_wconf 77' lang='grc' dir='ltr'>ἀποπλη-</span> 
     </span>
    </p>
   </div>
   <div class='ocr_carea' id='block_1_77' title="bbox 2037 3573 3617 3650">
    <p class='ocr_par' dir='ltr' id='par_1_77' title="bbox 2037 3573 3617 3650">
     <span class='ocr_line' id='line_1_77' title="bbox 2037 3573 3617 3650; baseline 0.003 -24"><span class='ocrx_word' id='word_1_623' title='bbox 2037 3573 2224 3644; x_wconf 79' lang='grc' dir='ltr'>ροῦται</span> <span class='ocrx_word' id='word_1_624' title='bbox 2258 3577 2350 3628; x_wconf 74' lang='grc' dir='ltr'><strong>καὶ</strong></span> <span class='ocrx_word' id='word_1_625' title='bbox 2383 3577 2767 3647; x_wconf 66' lang='grc' dir='ltr'>ἐπιστρέφεται</span> <span class='ocrx_word' id='word_1_626' title='bbox 2792 3593 2807 3608; x_wconf 76' lang='grc' dir='ltr'><strong>ο</strong></span> <span class='ocrx_word' id='word_1_627' title='bbox 2843 3578 2936 3630; x_wconf 78' lang='grc' dir='ltr'><strong>καὶ</strong></span> <span class='ocrx_word' id='word_1_628' title='bbox 2963 3579 3062 3630; x_wconf 69' lang='grc' dir='ltr'><strong>οὐκ</strong></span> <span class='ocrx_word' id='word_1_629' title='bbox 3095 3578 3160 3630; x_wconf 79' lang='grc' dir='ltr'><strong>ἂν</strong></span> <span class='ocrx_word' id='word_1_630' title='bbox 3203 3580 3394 3650; x_wconf 73' lang='grc' dir='ltr'>εὕροις</span> <span class='ocrx_word' id='word_1_631' title='bbox 3435 3599 3484 3634; x_wconf 92' lang='grc' dir='ltr'><strong>τι</strong></span> <span class='ocrx_word' id='word_1_632' title='bbox 3522 3582 3617 3632; x_wconf 83' lang='grc' dir='ltr'><strong>τῶν</strong></span> 
     </span>
    </p>
   </div>
   <div class='ocr_carea' id='block_1_78' title="bbox 2035 3664 3617 3743">
    <p class='ocr_par' dir='ltr' id='par_1_78' title="bbox 2035 3664 3617 3743">
     <span class='ocr_line' id='line_1_78' title="bbox 2035 3664 3617 3743; baseline 0.006 -28"><span class='ocrx_word' id='word_1_633' title='bbox 2035 3664 2222 3728; x_wconf 74' lang='grc' dir='ltr'>ὄντων,</span> <span class='ocrx_word' id='word_1_634' title='bbox 2255 3667 2283 3718; x_wconf 80' lang='grc' dir='ltr'><strong>ὃ</strong></span> <span class='ocrx_word' id='word_1_635' title='bbox 2318 3667 2392 3742; x_wconf 74' lang='grc' dir='ltr'>μὴ</span> <span class='ocrx_word' id='word_1_636' title='bbox 2425 3667 2501 3738; x_wconf 78' lang='grc' dir='ltr'>τῷ</span> <span class='ocrx_word' id='word_1_637' title='bbox 2540 3669 2619 3720; x_wconf 74' lang='grc' dir='ltr'>ἐνὶ</span> <span class='ocrx_word' id='word_1_638' title='bbox 2664 3669 2782 3721; x_wconf 64' lang='grc' dir='ltr'>καθ’</span> <span class='ocrx_word' id='word_1_639' title='bbox 2826 3669 2854 3720; x_wconf 81' lang='grc' dir='ltr'><strong>ὅ</strong></span> <span class='ocrx_word' id='word_1_640' title='bbox 2896 3671 3042 3722; x_wconf 76' lang='grc' dir='ltr'>πᾶσα</span> <span class='ocrx_word' id='word_1_641' title='bbox 3083 3673 3115 3740; x_wconf 81' lang='grc' dir='ltr'>ἡ</span> <span class='ocrx_word' id='word_1_642' title='bbox 3161 3670 3360 3743; x_wconf 76' lang='grc' dir='ltr'>Θεότης</span> <span class='ocrx_word' id='word_1_643' title='bbox 3401 3675 3617 3742; x_wconf 65' lang='grc' dir='ltr'>ὑπερθυ-</span> 
     </span>
    </p>
   </div>
   <div class='ocr_carea' id='block_1_79' title="bbox 2038 3757 3616 3834">
    <p class='ocr_par' dir='ltr' id='par_1_79' title="bbox 2038 3757 3616 3834">
     <span class='ocr_line' id='line_1_79' title="bbox 2038 3757 3616 3834; baseline 0.005 -26"><span class='ocrx_word' id='word_1_644' title='bbox 2038 3757 2166 3820; x_wconf 77' lang='grc' dir='ltr'><strong>σέως</strong></span> <span class='ocrx_word' id='word_1_645' title='bbox 2206 3760 2550 3828; x_wconf 76' lang='grc' dir='ltr'>ὀνομάζεται,</span> <span class='ocrx_word' id='word_1_646' title='bbox 2598 3762 2688 3813; x_wconf 77' lang='grc' dir='ltr'><strong>καὶ</strong></span> <span class='ocrx_word' id='word_1_647' title='bbox 2733 3761 2844 3814; x_wconf 75' lang='grc' dir='ltr'>ἐστι</span> <span class='ocrx_word' id='word_1_648' title='bbox 2889 3761 3034 3814; x_wconf 77' lang='grc' dir='ltr'>τοῦθ’</span> <span class='ocrx_word' id='word_1_649' title='bbox 3063 3764 3203 3834; x_wconf 87' lang='grc' dir='ltr'>ὅπερ</span> <span class='ocrx_word' id='word_1_650' title='bbox 3237 3767 3378 3826; x_wconf 74' lang='grc' dir='ltr'>ἐστὶ,</span> <span class='ocrx_word' id='word_1_651' title='bbox 3415 3768 3505 3818; x_wconf 77' lang='grc' dir='ltr'><strong>καὶ</strong></span> <span class='ocrx_word' id='word_1_652' title='bbox 3535 3783 3616 3817; x_wconf 91' lang='grc' dir='ltr'>τε-</span> 
     </span>
    </p>
   </div>
   <div class='ocr_carea' id='block_1_80' title="bbox 2034 3848 3617 3926">
    <p class='ocr_par' dir='ltr' id='par_1_80' title="bbox 2034 3848 3617 3926">
     <span class='ocr_line' id='line_1_80' title="bbox 2034 3848 3617 3926; baseline 0.004 -26"><span class='ocrx_word' id='word_1_653' title='bbox 2034 3848 2288 3913; x_wconf 76' lang='grc' dir='ltr'>λειοῦται,</span> <span class='ocrx_word' id='word_1_654' title='bbox 2315 3851 2407 3903; x_wconf 66' lang='grc' dir='ltr'>καὶ</span> <span class='ocrx_word' id='word_1_655' title='bbox 2433 3851 2771 3920; x_wconf 79' lang='grc' dir='ltr'>διασώζεται,</span> <span class='ocrx_word' id='word_1_656' title='bbox 2797 3853 2905 3914; x_wconf 71' lang='grc' dir='ltr'><strong>Καὶ</strong></span> <span class='ocrx_word' id='word_1_657' title='bbox 2933 3855 3037 3926; x_wconf 80' lang='grc' dir='ltr'>χρὴ</span> <span class='ocrx_word' id='word_1_658' title='bbox 3069 3856 3164 3907; x_wconf 80' lang='grc' dir='ltr'><strong>καὶ</strong></span> <span class='ocrx_word' id='word_1_659' title='bbox 3191 3858 3366 3926; x_wconf 71' lang='grc' dir='ltr'>ἡμᾶς,</span> <span class='ocrx_word' id='word_1_660' title='bbox 3398 3858 3502 3910; x_wconf 76' lang='grc' dir='ltr'><strong>ἀπὸ</strong></span> <span class='ocrx_word' id='word_1_661' title='bbox 3519 3857 3617 3910; x_wconf 85' lang='grc' dir='ltr'><strong>τῶν</strong></span> 
     </span>
    </p>
   </div>
   <div class='ocr_carea' id='block_1_81' title="bbox 2035 3940 3618 4020">
    <p class='ocr_par' dir='ltr' id='par_1_81' title="bbox 2035 3940 3618 4020">
     <span class='ocr_line' id='line_1_81' title="bbox 2035 3940 3618 4020; baseline 0.008 -29"><span class='ocrx_word' id='word_1_662' title='bbox 2035 3940 2242 3993; x_wconf 86' lang='grc' dir='ltr'>πολλῶν</span> <span class='ocrx_word' id='word_1_663' title='bbox 2289 3943 2382 3996; x_wconf 75' lang='grc' dir='ltr'><strong>ἐπὶ</strong></span> <span class='ocrx_word' id='word_1_664' title='bbox 2423 3944 2484 3996; x_wconf 81' lang='grc' dir='ltr'>τὸ</span> <span class='ocrx_word' id='word_1_665' title='bbox 2530 3943 2587 3997; x_wconf 87' lang='grc' dir='ltr'>ἓν</span> <span class='ocrx_word' id='word_1_666' title='bbox 2633 3947 2697 4015; x_wconf 81' lang='grc' dir='ltr'>τῇ</span> <span class='ocrx_word' id='word_1_667' title='bbox 2735 3945 2962 4015; x_wconf 86' lang='grc' dir='ltr'>δυνάμει</span> <span class='ocrx_word' id='word_1_668' title='bbox 3002 3947 3101 4016; x_wconf 78' lang='grc' dir='ltr'>τῆς</span> <span class='ocrx_word' id='word_1_669' title='bbox 3140 3947 3336 4020; x_wconf 82' lang='grc' dir='ltr'>Θεῖκῆς</span> <span class='ocrx_word' id='word_1_670' title='bbox 3381 3951 3618 4020; x_wconf 68' lang='grc' dir='ltr'>ἑνότητος</span> 
     </span>
    </p>
   </div>
   <div class='ocr_carea' id='block_1_82' title="bbox 2033 4034 3616 4112">
    <p class='ocr_par' dir='ltr' id='par_1_82' title="bbox 2033 4034 3616 4112">
     <span class='ocr_line' id='line_1_82' title="bbox 2033 4034 3616 4112; baseline 0.006 -28"><span class='ocrx_word' id='word_1_671' title='bbox 2033 4034 2548 4104; x_wconf 76' lang='grc' dir='ltr'>ἐπιστρεφομένους,</span> <span class='ocrx_word' id='word_1_672' title='bbox 2585 4037 2798 4101; x_wconf 76' lang='grc' dir='ltr'>ἑνιαίως</span> <span class='ocrx_word' id='word_1_673' title='bbox 2828 4039 3012 4108; x_wconf 74' lang='grc' dir='ltr'>ὑμνεῖν</span> <span class='ocrx_word' id='word_1_674' title='bbox 3045 4039 3144 4110; x_wconf 76' lang='grc' dir='ltr'><strong>τὴν</strong></span> <span class='ocrx_word' id='word_1_675' title='bbox 3175 4040 3308 4111; x_wconf 78' lang='grc' dir='ltr'>ὅλην</span> <span class='ocrx_word' id='word_1_676' title='bbox 3364 4043 3457 4095; x_wconf 78' lang='grc' dir='ltr'>καὶ</span> <span class='ocrx_word' id='word_1_677' title='bbox 3499 4043 3616 4112; x_wconf 80' lang='grc' dir='ltr'>μίαν</span> 
     </span>
    </p>
   </div>
   <div class='ocr_carea' id='block_1_83' title="bbox 2033 4123 3617 4202">
    <p class='ocr_par' dir='ltr' id='par_1_83' title="bbox 2033 4123 3617 4202">
     <span class='ocr_line' id='line_1_83' title="bbox 2033 4123 3617 4202; baseline 0.007 -26"><span class='ocrx_word' id='word_1_678' title='bbox 2033 4123 2290 4197; x_wconf 72' lang='grc' dir='ltr'>Θεότητα,</span> <span class='ocrx_word' id='word_1_679' title='bbox 2319 4131 2379 4178; x_wconf 73' lang='grc' dir='ltr'>τὸ</span> <span class='ocrx_word' id='word_1_680' title='bbox 2418 4128 2633 4181; x_wconf 73' lang='grc' dir='ltr'>πάντων</span> <span class='ocrx_word' id='word_1_681' title='bbox 2676 4129 2845 4182; x_wconf 75' lang='grc' dir='ltr'>αἴτιον</span> <span class='ocrx_word' id='word_1_682' title='bbox 2885 4130 2962 4192; x_wconf 84' lang='grc' dir='ltr'><strong>ἒν,</strong></span> <span class='ocrx_word' id='word_1_683' title='bbox 3007 4131 3068 4183; x_wconf 79' lang='grc' dir='ltr'>τὸ</span> <span class='ocrx_word' id='word_1_684' title='bbox 3118 4133 3226 4202; x_wconf 77' lang='grc' dir='ltr'><strong>πρὸ</strong></span> <span class='ocrx_word' id='word_1_685' title='bbox 3268 4135 3472 4196; x_wconf 83' lang='grc' dir='ltr'>παντὸς</span> <span class='ocrx_word' id='word_1_686' title='bbox 3510 4135 3617 4196; x_wconf 72' lang='grc' dir='ltr'>ἐνὸς</span> 
     </span>
    </p>
   </div>
   <div class='ocr_carea' id='block_1_84' title="bbox 2034 4229 3616 4307">
    <p class='ocr_par' dir='ltr' id='par_1_84' title="bbox 2034 4229 3616 4307">
     <span class='ocr_line' id='line_1_84' title="bbox 2034 4229 3616 4307; baseline 0.003 -26"><span class='ocrx_word' id='word_1_687' title='bbox 2034 4231 2127 4282; x_wconf 76' lang='grc' dir='ltr'><strong>καὶ</strong></span> <span class='ocrx_word' id='word_1_688' title='bbox 2167 4229 2399 4300; x_wconf 75' lang='grc' dir='ltr'>πλήθους</span> <span class='ocrx_word' id='word_1_689' title='bbox 2420 4230 2486 4294; x_wconf 62' lang='grc'><strong>⁸³,</strong></span> <span class='ocrx_word' id='word_1_690' title='bbox 2540 4231 2632 4283; x_wconf 78' lang='grc' dir='ltr'><strong>καὶ</strong></span> <span class='ocrx_word' id='word_1_691' title='bbox 2675 4233 2872 4302; x_wconf 78' lang='grc' dir='ltr'>μέρους</span> <span class='ocrx_word' id='word_1_692' title='bbox 2912 4233 3003 4284; x_wconf 78' lang='grc' dir='ltr'><strong>καὶ</strong></span> <span class='ocrx_word' id='word_1_693' title='bbox 3043 4233 3191 4296; x_wconf 86' lang='grc' dir='ltr'>ὅλου,</span> <span class='ocrx_word' id='word_1_694' title='bbox 3238 4237 3336 4288; x_wconf 69' lang='grc' dir='ltr'><strong>καὶ</strong></span> <span class='ocrx_word' id='word_1_695' title='bbox 3370 4237 3494 4307; x_wconf 89' lang='grc' dir='ltr'>ὅρου</span> <span class='ocrx_word' id='word_1_696' title='bbox 3532 4237 3616 4288; x_wconf 71' lang='grc' dir='ltr'><strong>καὶ</strong></span> 
     </span>
    </p>
   </div>
   <div class='ocr_carea' id='block_1_85' title="bbox 2034 4322 3616 4397">
    <p class='ocr_par' dir='ltr' id='par_1_85' title="bbox 2034 4322 3616 4397">
     <span class='ocr_line' id='line_1_85' title="bbox 2034 4322 3616 4397; baseline 0.003 -23"><span class='ocrx_word' id='word_1_697' title='bbox 2034 4322 2328 4393; x_wconf 72' lang='grc' dir='ltr'>ἀοριστίας,</span> <span class='ocrx_word' id='word_1_698' title='bbox 2372 4323 2465 4375; x_wconf 73' lang='grc' dir='ltr'><strong>καὶ</strong></span> <span class='ocrx_word' id='word_1_699' title='bbox 2505 4324 2737 4395; x_wconf 83' lang='grc' dir='ltr'>πέρατος</span> <span class='ocrx_word' id='word_1_700' title='bbox 2776 4327 2867 4377; x_wconf 74' lang='grc' dir='ltr'><strong>καὶ</strong></span> <span class='ocrx_word' id='word_1_701' title='bbox 2913 4327 3191 4397; x_wconf 77' lang='grc' dir='ltr'>ἀπειρίας,</span> <span class='ocrx_word' id='word_1_702' title='bbox 3239 4329 3300 4380; x_wconf 76' lang='grc' dir='ltr'>τὸ</span> <span class='ocrx_word' id='word_1_703' title='bbox 3349 4330 3522 4382; x_wconf 70' lang='grc' dir='ltr'>πάντα</span> <span class='ocrx_word' id='word_1_704' title='bbox 3557 4328 3616 4380; x_wconf 72' lang='grc' dir='ltr'><strong>τὰ</strong></span> 
     </span>
    </p>
   </div>
   <div class='ocr_carea' id='block_1_86' title="bbox 2033 4411 3614 4486">
    <p class='ocr_par' dir='ltr' id='par_1_86' title="bbox 2033 4411 3614 4486">
     <span class='ocr_line' id='line_1_86' title="bbox 2033 4411 3614 4486; baseline 0.003 -21"><span class='ocrx_word' id='word_1_705' title='bbox 2033 4414 2160 4465; x_wconf 88' lang='grc' dir='ltr'>ὅντα</span> <span class='ocrx_word' id='word_1_706' title='bbox 2191 4415 2282 4466; x_wconf 78' lang='grc' dir='ltr'><strong>καὶ</strong></span> <span class='ocrx_word' id='word_1_707' title='bbox 2315 4414 2445 4466; x_wconf 70' lang='grc' dir='ltr'>αὐτὸ</span> <span class='ocrx_word' id='word_1_708' title='bbox 2476 4415 2535 4465; x_wconf 79' lang='grc' dir='ltr'>τὸ</span> <span class='ocrx_word' id='word_1_709' title='bbox 2568 4411 2706 4466; x_wconf 78' lang='grc' dir='ltr'>εἶναι</span> <span class='ocrx_word' id='word_1_710' title='bbox 2749 4413 2950 4486; x_wconf 80' lang='grc' dir='ltr'>ὁρίζον,</span> <span class='ocrx_word' id='word_1_711' title='bbox 2981 4417 3076 4468; x_wconf 77' lang='grc' dir='ltr'><strong>καὶ</strong></span> <span class='ocrx_word' id='word_1_712' title='bbox 3112 4419 3336 4472; x_wconf 72' lang='grc' dir='ltr'>πάντων</span> <span class='ocrx_word' id='word_1_713' title='bbox 3371 4422 3464 4472; x_wconf 67' lang='grc' dir='ltr'><strong>καὶ</strong></span> <span class='ocrx_word' id='word_1_714' title='bbox 3492 4420 3614 4471; x_wconf 81' lang='grc' dir='ltr'>ὅλων</span> 
     </span>
    </p>
   </div>
   <div class='ocr_carea' id='block_1_87' title="bbox 2035 4505 3616 4582">
    <p class='ocr_par' dir='ltr' id='par_1_87' title="bbox 2035 4505 3616 4582">
     <span class='ocr_line' id='line_1_87' title="bbox 2035 4505 3616 4582; baseline 0.003 -26"><span class='ocrx_word' id='word_1_715' title='bbox 2035 4506 2250 4557; x_wconf 75' lang='grc' dir='ltr'>πάντων</span> <span class='ocrx_word' id='word_1_716' title='bbox 2271 4508 2336 4567; x_wconf 79' lang='grc'>⁵³,</span> <span class='ocrx_word' id='word_1_717' title='bbox 2373 4507 2465 4558; x_wconf 62' lang='grc' dir='ltr'><strong>καὶ⁸</strong></span> <span class='ocrx_word' id='word_1_718' title='bbox 2499 4505 2614 4576; x_wconf 79' lang='grc' dir='ltr'><strong>ἅμα</strong></span> <span class='ocrx_word' id='word_1_719' title='bbox 2648 4507 2741 4558; x_wconf 73' lang='grc' dir='ltr'>καὶ</span> <span class='ocrx_word' id='word_1_720' title='bbox 2777 4507 2882 4577; x_wconf 83' lang='grc' dir='ltr'><strong>πρὸ</strong></span> <span class='ocrx_word' id='word_1_721' title='bbox 2916 4507 3153 4570; x_wconf 77' lang='grc' dir='ltr'>πάντων,</span> <span class='ocrx_word' id='word_1_722' title='bbox 3187 4511 3285 4562; x_wconf 67' lang='grc' dir='ltr'><strong>καὶ</strong></span> <span class='ocrx_word' id='word_1_723' title='bbox 3321 4511 3462 4582; x_wconf 75' lang='grc' dir='ltr'>ὑπὲρ</span> <span class='ocrx_word' id='word_1_724' title='bbox 3495 4513 3616 4562; x_wconf 64' lang='grc' dir='ltr'>παν-</span> 
     </span>
    </p>
   </div>
   <div class='ocr_carea' id='block_1_88' title="bbox 2032 4597 3614 4669">
    <p class='ocr_par' dir='ltr' id='par_1_88' title="bbox 2032 4597 3614 4669">
     <span class='ocr_line' id='line_1_88' title="bbox 2032 4597 3614 4669; baseline 0.002 -19"><span class='ocrx_word' id='word_1_725' title='bbox 2032 4615 2119 4662; x_wconf 70' lang='grc' dir='ltr'><strong>τα,</strong></span> <span class='ocrx_word' id='word_1_726' title='bbox 2154 4601 2246 4650; x_wconf 76' lang='grc' dir='ltr'><strong>καὶ</strong></span> <span class='ocrx_word' id='word_1_727' title='bbox 2292 4597 2482 4660; x_wconf 78' lang='grc' dir='ltr'>ἑνικῶς</span> <span class='ocrx_word' id='word_1_728' title='bbox 2516 4597 2710 4665; x_wconf 77' lang='grc' dir='ltr'>αἴτιον,</span> <span class='ocrx_word' id='word_1_729' title='bbox 2747 4600 2839 4657; x_wconf 76' lang='grc' dir='ltr'>καὶ</span> <span class='ocrx_word' id='word_1_730' title='bbox 2872 4599 3012 4669; x_wconf 80' lang='grc' dir='ltr'>ὑπὲρ</span> <span class='ocrx_word' id='word_1_731' title='bbox 3044 4601 3176 4653; x_wconf 68' lang='grc' dir='ltr'>αὐτὸ</span> <span class='ocrx_word' id='word_1_732' title='bbox 3207 4603 3270 4654; x_wconf 74' lang='grc' dir='ltr'>τὸ</span> <span class='ocrx_word' id='word_1_733' title='bbox 3305 4603 3364 4654; x_wconf 81' lang='grc' dir='ltr'>ἓν</span> <span class='ocrx_word' id='word_1_734' title='bbox 3409 4605 3486 4663; x_wconf 82' lang='grc' dir='ltr'><strong>ὅν,</strong></span> <span class='ocrx_word' id='word_1_735' title='bbox 3532 4605 3614 4656; x_wconf 80' lang='grc' dir='ltr'><strong>καὶ</strong></span> 
     </span>
    </p>
   </div>
   <div class='ocr_carea' id='block_1_89' title="bbox 2033 4690 3616 4763">
    <p class='ocr_par' dir='ltr' id='par_1_89' title="bbox 2033 4690 3616 4763">
     <span class='ocr_line' id='line_1_89' title="bbox 2033 4690 3616 4763; baseline 0.004 -21"><span class='ocrx_word' id='word_1_736' title='bbox 2033 4691 2163 4743; x_wconf 71' lang='grc' dir='ltr'>αὑτὸ</span> <span class='ocrx_word' id='word_1_737' title='bbox 2207 4691 2266 4742; x_wconf 70' lang='grc' dir='ltr'>τὸ</span> <span class='ocrx_word' id='word_1_738' title='bbox 2311 4690 2366 4742; x_wconf 80' lang='grc' dir='ltr'>ἓν</span> <span class='ocrx_word' id='word_1_739' title='bbox 2404 4690 2461 4743; x_wconf 83' lang='grc' dir='ltr'>ὃν</span> <span class='ocrx_word' id='word_1_740' title='bbox 2502 4692 2702 4762; x_wconf 76' lang='grc' dir='ltr'>ὅρίζον,</span> <span class='ocrx_word' id='word_1_741' title='bbox 2749 4693 2979 4763; x_wconf 77' lang='grc' dir='ltr'>ἐπείπερ</span> <span class='ocrx_word' id='word_1_742' title='bbox 3024 4695 3084 4747; x_wconf 78' lang='grc' dir='ltr'>τὸ</span> <span class='ocrx_word' id='word_1_743' title='bbox 3130 4695 3189 4748; x_wconf 82' lang='grc' dir='ltr'><strong>ὅν</strong></span> <span class='ocrx_word' id='word_1_744' title='bbox 3224 4697 3302 4761; x_wconf 82' lang='grc' dir='ltr'><strong>ἒν,</strong></span> <span class='ocrx_word' id='word_1_745' title='bbox 3337 4699 3399 4750; x_wconf 83' lang='grc' dir='ltr'><strong>τὸ</strong></span> <span class='ocrx_word' id='word_1_746' title='bbox 3432 4701 3486 4750; x_wconf 80' lang='grc' dir='ltr'><strong>ἐν</strong></span> <span class='ocrx_word' id='word_1_747' title='bbox 3515 4701 3616 4758; x_wconf 76' lang='grc' dir='ltr'>τοῖς</span> 
     </span>
    </p>
   </div>
   <div class='ocr_carea' id='block_1_90' title="bbox 2032 4780 3610 4860">
    <p class='ocr_par' dir='ltr' id='par_1_90' title="bbox 2032 4780 3610 4860">
     <span class='ocr_line' id='line_1_90' title="bbox 2032 4780 3610 4860; baseline 0.002 -24"><span class='ocrx_word' id='word_1_748' title='bbox 2032 4780 2200 4845; x_wconf 75' lang='grc' dir='ltr'>οὖσιν,</span> <span class='ocrx_word' id='word_1_749' title='bbox 2236 4783 2525 4856; x_wconf 77' lang='grc' dir='ltr'>ὲνὰριθμόν</span> <span class='ocrx_word' id='word_1_750' title='bbox 2571 4786 2736 4836; x_wconf 78' lang='grc' dir='ltr'>ἐστιν’</span> <span class='ocrx_word' id='word_1_751' title='bbox 2786 4785 3015 4856; x_wconf 74' lang='grc' dir='ltr'>ἀριθμὸς</span> <span class='ocrx_word' id='word_1_752' title='bbox 3063 4787 3119 4841; x_wconf 75' lang='grc' dir='ltr'><strong>δὲ</strong></span> <span class='ocrx_word' id='word_1_753' title='bbox 3168 4789 3360 4852; x_wconf 73' lang='grc' dir='ltr'>οὐςίας</span> <span class='ocrx_word' id='word_1_754' title='bbox 3392 4791 3610 4860; x_wconf 80' lang='grc' dir='ltr'>μετέχει.</span> 
     </span>
    </p>
   </div>
   <div class='ocr_carea' id='block_1_91' title="bbox 357 4876 1845 4953">
    <p class='ocr_par' dir='ltr' id='par_1_91' title="bbox 357 4881 1845 4952">
     <span class='ocr_line' id='line_1_91' title="bbox 357 4881 1845 4952; baseline 0.001 -20"><span class='ocrx_word' id='word_1_755' title='bbox 357 4891 532 4934; x_wconf 88' lang='lat' dir='ltr'><strong>lorum</strong></span> <span class='ocrx_word' id='word_1_756' title='bbox 585 4881 858 4940; x_wconf 87' lang='lat' dir='ltr'><strong>omnium,</strong></span> <span class='ocrx_word' id='word_1_757' title='bbox 917 4888 971 4937; x_wconf 86' lang='lat' dir='ltr'><strong>et</strong></span> <span class='ocrx_word' id='word_1_758' title='bbox 1025 4881 1184 4934; x_wconf 88' lang='lat' dir='ltr'><strong>simul</strong></span> <span class='ocrx_word' id='word_1_759' title='bbox 1238 4891 1365 4938; x_wconf 84' lang='lat' dir='ltr'><strong>ante</strong></span> <span class='ocrx_word' id='word_1_760' title='bbox 1415 4881 1598 4934; x_wconf 81' lang='lat' dir='ltr'><strong>otnnia</strong></span> <span class='ocrx_word' id='word_1_761' title='bbox 1653 4891 1707 4936; x_wconf 86' lang='lat' dir='ltr'><strong>et</strong></span> <span class='ocrx_word' id='word_1_762' title='bbox 1759 4898 1845 4952; x_wconf 63' lang='lat' dir='ltr'><strong>sn;</strong></span> 
     </span>
    </p>
   </div>
   <div class='ocr_carea' id='block_1_92' title="bbox 2125 4876 3613 4953">
    <p class='ocr_par' dir='ltr' id='par_1_92' title="bbox 2132 4876 3613 4953">
     <span class='ocr_line' id='line_1_92' title="bbox 2132 4876 3613 4953; baseline 0.003 -23"><span class='ocrx_word' id='word_1_763' title='bbox 2132 4878 2187 4930; x_wconf 75' lang='grc' dir='ltr'><strong>δὲ</strong></span> <span class='ocrx_word' id='word_1_764' title='bbox 2222 4876 2540 4948; x_wconf 71' lang='grc' dir='ltr'>ὑπερούσιον</span> <span class='ocrx_word' id='word_1_765' title='bbox 2583 4876 2661 4940; x_wconf 85' lang='grc' dir='ltr'><strong>ἒν,</strong></span> <span class='ocrx_word' id='word_1_766' title='bbox 2693 4877 2786 4930; x_wconf 61' lang='grc' dir='ltr'><strong>καὶ¹</strong></span> <span class='ocrx_word' id='word_1_767' title='bbox 2826 4879 2885 4930; x_wconf 66' lang='grc' dir='ltr'>τὸ</span> <span class='ocrx_word' id='word_1_768' title='bbox 2925 4878 2983 4930; x_wconf 81' lang='grc' dir='ltr'>ὃν</span> <span class='ocrx_word' id='word_1_769' title='bbox 3020 4879 3098 4942; x_wconf 76' lang='grc' dir='ltr'>ἓν,</span> <span class='ocrx_word' id='word_1_770' title='bbox 3136 4881 3231 4933; x_wconf 69' lang='grc' dir='ltr'><strong>καὶ</strong></span> <span class='ocrx_word' id='word_1_771' title='bbox 3267 4882 3444 4936; x_wconf 70' lang='grc' dir='ltr'>πάντα</span> <span class='ocrx_word' id='word_1_772' title='bbox 3477 4883 3613 4953; x_wconf 76' lang='grc' dir='ltr'>ἀριθ-</span> 
     </span>
    </p>
   </div>
   <div class='ocr_carea' id='block_1_93' title="bbox 353 4971 1925 5044">
    <p class='ocr_par' dir='ltr' id='par_1_93' title="bbox 353 4971 1925 5044">
     <span class='ocr_line' id='line_1_93' title="bbox 353 4971 1925 5044; baseline 0.001 -17"><span class='ocrx_word' id='word_1_773' title='bbox 353 4974 532 5028; x_wconf 90' lang='lat' dir='ltr'><strong>omnia</strong></span> <span class='ocrx_word' id='word_1_774' title='bbox 573 4971 736 5024; x_wconf 88' lang='lat' dir='ltr'><strong>etiam</strong></span> <span class='ocrx_word' id='word_1_775' title='bbox 777 4973 932 5026; x_wconf 74' lang='lat' dir='ltr'><strong>unice</strong></span> <span class='ocrx_word' id='word_1_776' title='bbox 969 4986 1226 5044; x_wconf 79' lang='lat' dir='ltr'><strong>causam,</strong></span> <span class='ocrx_word' id='word_1_777' title='bbox 1264 4981 1318 5027; x_wconf 84' lang='lat' dir='ltr'><strong>et</strong></span> <span class='ocrx_word' id='word_1_778' title='bbox 1353 4973 1496 5043; x_wconf 91' lang='lat' dir='ltr'><strong>quod</strong></span> <span class='ocrx_word' id='word_1_779' title='bbox 1535 4988 1696 5043; x_wconf 88' lang='lat' dir='ltr'><strong>supra</strong></span> <span class='ocrx_word' id='word_1_780' title='bbox 1754 4974 1925 5042; x_wconf 87' lang='lat' dir='ltr'><strong>ipsmn</strong></span> 
     </span>
    </p>
   </div>
   <div class='ocr_carea' id='block_1_94' title="bbox 356 5065 1929 5136">
    <p class='ocr_par' dir='ltr' id='par_1_94' title="bbox 356 5065 1929 5136">
     <span class='ocr_line' id='line_1_94' title="bbox 356 5065 1929 5136; baseline 0.001 -18"><span class='ocrx_word' id='word_1_781' title='bbox 356 5081 553 5125; x_wconf 90' lang='lat' dir='ltr'><strong>unum.</strong></span> <span class='ocrx_word' id='word_1_782' title='bbox 593 5077 676 5118; x_wconf 89' lang='lat' dir='ltr'><strong>est</strong></span> <span class='ocrx_word' id='word_1_783' title='bbox 713 5065 764 5119; x_wconf 80' lang='lat' dir='ltr'><strong>id</strong></span> <span class='ocrx_word' id='word_1_784' title='bbox 804 5065 946 5136; x_wconf 87' lang='lat' dir='ltr'><strong>quod</strong></span> <span class='ocrx_word' id='word_1_785' title='bbox 989 5075 1072 5119; x_wconf 86' lang='lat' dir='ltr'><strong>est</strong></span> <span class='ocrx_word' id='word_1_786' title='bbox 1120 5075 1174 5120; x_wconf 87' lang='lat' dir='ltr'><strong>et</strong></span> <span class='ocrx_word' id='word_1_787' title='bbox 1215 5069 1386 5134; x_wconf 75' lang='lat' dir='ltr'><strong>ipsum</strong></span> <span class='ocrx_word' id='word_1_788' title='bbox 1449 5081 1612 5119; x_wconf 87' lang='lat' dir='ltr'><strong>unum</strong></span> <span class='ocrx_word' id='word_1_789' title='bbox 1669 5068 1929 5120; x_wconf 85' lang='lat' dir='ltr'><strong>deterun-</strong></span> 
     </span>
    </p>
   </div>
   <div class='ocr_carea' id='block_1_95' title="bbox 351 5159 1930 5235">
    <p class='ocr_par' dir='ltr' id='par_1_95' title="bbox 351 5159 1930 5235">
     <span class='ocr_line' id='line_1_95' title="bbox 351 5159 1930 5235; baseline -0.001 -19"><span class='ocrx_word' id='word_1_790' title='bbox 351 5171 470 5224; x_wconf 89' lang='lat' dir='ltr'><strong>nat,</strong></span> <span class='ocrx_word' id='word_1_791' title='bbox 508 5160 772 5230; x_wconf 89' lang='lat' dir='ltr'><strong>siquidem</strong></span> <span class='ocrx_word' id='word_1_792' title='bbox 813 5160 956 5230; x_wconf 90' lang='lat' dir='ltr'><strong>quod</strong></span> <span class='ocrx_word' id='word_1_793' title='bbox 993 5171 1077 5216; x_wconf 87' lang='lat' dir='ltr'><strong>est</strong></span> <span class='ocrx_word' id='word_1_794' title='bbox 1115 5178 1302 5225; x_wconf 89' lang='lat' dir='ltr'><strong>unum,</strong></span> <span class='ocrx_word' id='word_1_795' title='bbox 1345 5160 1509 5232; x_wconf 78' lang='lat'><strong>529</strong></span> <span class='ocrx_word' id='word_1_796' title='bbox 1547 5159 1612 5214; x_wconf 91' lang='lat' dir='ltr'><strong>iis</strong></span> <span class='ocrx_word' id='word_1_797' title='bbox 1647 5177 1765 5235; x_wconf 76' lang='lat' dir='ltr'><strong>quae</strong></span> <span class='ocrx_word' id='word_1_798' title='bbox 1802 5173 1930 5216; x_wconf 89' lang='lat' dir='ltr'><strong>sunt.</strong></span> 
     </span>
    </p>
   </div>
   <div class='ocr_carea' id='block_1_96' title="bbox 352 5255 1927 5323">
    <p class='ocr_par' dir='ltr' id='par_1_96' title="bbox 352 5255 1927 5323">
     <span class='ocr_line' id='line_1_96' title="bbox 352 5255 1927 5323; baseline -0.001 -13"><span class='ocrx_word' id='word_1_799' title='bbox 352 5263 780 5318; x_wconf 86' lang='lat' dir='ltr'><strong>annumeratur;</strong></span> <span class='ocrx_word' id='word_1_800' title='bbox 841 5269 1100 5308; x_wconf 86' lang='lat' dir='ltr'><strong>numerus</strong></span> <span class='ocrx_word' id='word_1_801' title='bbox 1151 5255 1293 5309; x_wconf 87' lang='lat' dir='ltr'><strong>enim</strong></span> <span class='ocrx_word' id='word_1_802' title='bbox 1353 5257 1628 5323; x_wconf 85' lang='lat' dir='ltr'><strong>particeps</strong></span> <span class='ocrx_word' id='word_1_803' title='bbox 1675 5255 1927 5308; x_wconf 69' lang='lat' dir='ltr'><strong>essentia:</strong></span> 
     </span>
    </p>
   </div>
   <div class='ocr_carea' id='block_1_97' title="bbox 351 5344 1927 5416">
    <p class='ocr_par' dir='ltr' id='par_1_97' title="bbox 351 5344 1927 5416">
     <span class='ocr_line' id='line_1_97' title="bbox 351 5344 1927 5416; baseline -0.002 -16"><span class='ocrx_word' id='word_1_804' title='bbox 351 5354 455 5401; x_wconf 85' lang='lat' dir='ltr'><strong>est.</strong></span> <span class='ocrx_word' id='word_1_805' title='bbox 495 5344 648 5410; x_wconf 86' lang='lat' dir='ltr'><strong>Quod</strong></span> <span class='ocrx_word' id='word_1_806' title='bbox 691 5354 873 5399; x_wconf 86' lang='lat' dir='ltr'><strong>autem</strong></span> <span class='ocrx_word' id='word_1_807' title='bbox 912 5354 996 5399; x_wconf 88' lang='lat' dir='ltr'><strong>est</strong></span> <span class='ocrx_word' id='word_1_808' title='bbox 1035 5360 1199 5398; x_wconf 91' lang='lat' dir='ltr'><strong>unum</strong></span> <span class='ocrx_word' id='word_1_809' title='bbox 1239 5360 1397 5416; x_wconf 81' lang='lat' dir='ltr'><strong>supra</strong></span> <span class='ocrx_word' id='word_1_810' title='bbox 1435 5346 1832 5408; x_wconf 86' lang='lat' dir='ltr'><strong>substantiam,</strong></span> <span class='ocrx_word' id='word_1_811' title='bbox 1873 5354 1927 5399; x_wconf 86' lang='lat' dir='ltr'><strong>et</strong></span> 
     </span>
    </p>
   </div>
   <div class='ocr_carea' id='block_1_98' title="bbox 2037 4968 3609 5046">
    <p class='ocr_par' dir='ltr' id='par_1_98' title="bbox 2037 4968 3609 5046">
     <span class='ocr_line' id='line_1_98' title="bbox 2037 4968 3609 5046; baseline 0.003 -25"><span class='ocrx_word' id='word_1_812' title='bbox 2037 4969 2133 5041; x_wconf 72' lang='grc' dir='ltr'>μὸν</span> <span class='ocrx_word' id='word_1_813' title='bbox 2178 4968 2370 5041; x_wconf 81' lang='grc' dir='ltr'>ὁρίζει,</span> <span class='ocrx_word' id='word_1_814' title='bbox 2413 4971 2505 5022; x_wconf 69' lang='grc' dir='ltr'><strong>καὶ</strong></span> <span class='ocrx_word' id='word_1_815' title='bbox 2549 4969 2679 5022; x_wconf 77' lang='grc' dir='ltr'>αὑτό</span> <span class='ocrx_word' id='word_1_816' title='bbox 2722 4971 2856 5033; x_wconf 84' lang='grc' dir='ltr'>ἐστι,</span> <span class='ocrx_word' id='word_1_817' title='bbox 2899 4971 2994 5023; x_wconf 74' lang='grc' dir='ltr'><strong>καὶ</strong></span> <span class='ocrx_word' id='word_1_818' title='bbox 3041 4972 3179 5037; x_wconf 68' lang='grc' dir='ltr'>ἑνὸς,</span> <span class='ocrx_word' id='word_1_819' title='bbox 3232 4975 3329 5027; x_wconf 75' lang='grc' dir='ltr'><strong>καὶ</strong></span> <span class='ocrx_word' id='word_1_820' title='bbox 3371 4974 3609 5046; x_wconf 74' lang='grc' dir='ltr'>ἀριθμοῦ,</span> 
     </span>
    </p>
   </div>
   <div class='ocr_carea' id='block_1_99' title="bbox 2031 5068 3610 5146">
    <p class='ocr_par' dir='ltr' id='par_1_99' title="bbox 2031 5068 3610 5146">
     <span class='ocr_line' id='line_1_99' title="bbox 2031 5068 3610 5146; baseline 0.005 -28"><span class='ocrx_word' id='word_1_821' title='bbox 2031 5069 2125 5119; x_wconf 77' lang='grc' dir='ltr'><strong>καὶ</strong></span> <span class='ocrx_word' id='word_1_822' title='bbox 2163 5069 2360 5130; x_wconf 76' lang='grc' dir='ltr'>παντὸς</span> <span class='ocrx_word' id='word_1_823' title='bbox 2396 5068 2547 5132; x_wconf 74' lang='grc' dir='ltr'>ὄντος</span> <span class='ocrx_word' id='word_1_824' title='bbox 2589 5070 2730 5145; x_wconf 72' lang='grc' dir='ltr'>ἁρχὴ</span> <span class='ocrx_word' id='word_1_825' title='bbox 2772 5070 2866 5122; x_wconf 69' lang='grc' dir='ltr'><strong>καὶ</strong></span> <span class='ocrx_word' id='word_1_826' title='bbox 2908 5071 3080 5134; x_wconf 81' lang='grc' dir='ltr'>αἰτία,</span> <span class='ocrx_word' id='word_1_827' title='bbox 3132 5075 3227 5126; x_wconf 76' lang='grc' dir='ltr'><strong>καὶ</strong></span> <span class='ocrx_word' id='word_1_828' title='bbox 3267 5075 3498 5146; x_wconf 68' lang='grc' dir='ltr'>ἀριθμὸς</span> <span class='ocrx_word' id='word_1_829' title='bbox 3530 5078 3610 5126; x_wconf 74' lang='grc' dir='ltr'><strong>καὶ</strong></span> 
     </span>
    </p>
   </div>
   <div class='ocr_carea' id='block_1_100' title="bbox 2029 5158 3608 5241">
    <p class='ocr_par' dir='ltr' id='par_1_100' title="bbox 2029 5158 3608 5241">
     <span class='ocr_line' id='line_1_100' title="bbox 2078 5158 3503 5180; baseline -0.012 -9"><span class='ocrx_word' id='word_1_830' title='bbox 2078 5158 2127 5176; x_wconf 84' lang='grc'><strong>.,.</strong></span> <span class='ocrx_word' id='word_1_831' title='bbox 2708 5164 2721 5180; x_wconf 69' lang='grc'><strong>,</strong></span> <span class='ocrx_word' id='word_1_832' title='bbox 2927 5164 2936 5180; x_wconf 52' lang='grc'><strong>,</strong></span> <span class='ocrx_word' id='word_1_833' title='bbox 3494 5171 3503 5179; x_wconf 86' lang='lat'><strong>_</strong></span> 
     </span>
     <span class='ocr_line' id='line_1_101' title="bbox 2029 5161 3608 5241; baseline 0.006 -29"><span class='ocrx_word' id='word_1_834' title='bbox 2029 5177 2198 5223; x_wconf 82' lang='grc' dir='ltr'>ταςις.</span> <span class='ocrx_word' id='word_1_835' title='bbox 2230 5161 2320 5212; x_wconf 81' lang='grc' dir='ltr'><strong>Διὸ</strong></span> <span class='ocrx_word' id='word_1_836' title='bbox 2356 5164 2448 5216; x_wconf 79' lang='grc' dir='ltr'><strong>καὶ</strong></span> <span class='ocrx_word' id='word_1_837' title='bbox 2492 5163 2658 5233; x_wconf 76' lang='grc' dir='ltr'>μονὰς</span> <span class='ocrx_word' id='word_1_838' title='bbox 2700 5181 3037 5235; x_wconf 62' lang='grc' dir='ltr'>υμνουμενη,</span> <span class='ocrx_word' id='word_1_839' title='bbox 3087 5168 3182 5218; x_wconf 73' lang='grc' dir='ltr'><strong>καὶ</strong></span> <span class='ocrx_word' id='word_1_840' title='bbox 3215 5168 3377 5238; x_wconf 76' lang='grc' dir='ltr'>τριὰς</span> <span class='ocrx_word' id='word_1_841' title='bbox 3410 5173 3441 5241; x_wconf 77' lang='grc' dir='ltr'>ἡ</span> <span class='ocrx_word' id='word_1_842' title='bbox 3486 5170 3608 5236; x_wconf 69' lang='grc' dir='ltr'>νπὲρ</span> 
     </span>
    </p>
   </div>
   <div class='ocr_carea' id='block_1_101' title="bbox 2030 5251 3607 5332">
    <p class='ocr_par' dir='ltr' id='par_1_101' title="bbox 2030 5251 3607 5332">
     <span class='ocr_line' id='line_1_102' title="bbox 2030 5251 3607 5332; baseline 0.005 -28"><span class='ocrx_word' id='word_1_843' title='bbox 2030 5253 2205 5305; x_wconf 70' lang='grc' dir='ltr'>πάντα</span> <span class='ocrx_word' id='word_1_844' title='bbox 2233 5251 2454 5326; x_wconf 84' lang='grc' dir='ltr'>Θεότης,</span> <span class='ocrx_word' id='word_1_845' title='bbox 2489 5255 2588 5308; x_wconf 75' lang='grc' dir='ltr'><strong>οὐκ</strong></span> <span class='ocrx_word' id='word_1_846' title='bbox 2621 5254 2764 5308; x_wconf 74' lang='grc' dir='ltr'>ἐστιν</span> <span class='ocrx_word' id='word_1_847' title='bbox 2793 5255 2911 5308; x_wconf 68' lang='grc' dir='ltr'>οὐδὲ</span> <span class='ocrx_word' id='word_1_848' title='bbox 2931 5257 2977 5285; x_wconf 63' lang='grc'><strong>⁵⁸³</strong></span> <span class='ocrx_word' id='word_1_849' title='bbox 3024 5258 3213 5327; x_wconf 71' lang='grc' dir='ltr'>μονὰς,</span> <span class='ocrx_word' id='word_1_850' title='bbox 3257 5261 3379 5313; x_wconf 75' lang='grc' dir='ltr'>οὐδὲ</span> <span class='ocrx_word' id='word_1_851' title='bbox 3410 5261 3554 5332; x_wconf 71' lang='grc' dir='ltr'>τριὰς</span> <span class='ocrx_word' id='word_1_852' title='bbox 3580 5261 3607 5328; x_wconf 75' lang='grc' dir='ltr'><strong>ἡ</strong></span> 
     </span>
    </p>
   </div>
   <div class='ocr_carea' id='block_1_102' title="bbox 2030 5345 3604 5424">
    <p class='ocr_par' dir='ltr' id='par_1_102' title="bbox 2030 5345 3604 5424">
     <span class='ocr_line' id='line_1_103' title="bbox 2030 5345 3604 5424; baseline 0.008 -27"><span class='ocrx_word' id='word_1_853' title='bbox 2030 5345 2166 5415; x_wconf 84' lang='grc' dir='ltr'>πρὸς</span> <span class='ocrx_word' id='word_1_854' title='bbox 2190 5346 2367 5417; x_wconf 79' lang='grc' dir='ltr'>ἡμῶν,</span> <span class='ocrx_word' id='word_1_855' title='bbox 2398 5348 2429 5399; x_wconf 65' lang='lat' dir='ltr'><strong>ii</strong></span> <span class='ocrx_word' id='word_1_856' title='bbox 2461 5348 2621 5402; x_wconf 83' lang='grc' dir='ltr'>ἄλλου</span> <span class='ocrx_word' id='word_1_857' title='bbox 2650 5349 2792 5412; x_wconf 86' lang='grc' dir='ltr'>τινὸς</span> <span class='ocrx_word' id='word_1_858' title='bbox 2822 5348 2929 5400; x_wconf 89' lang='grc' dir='ltr'><strong>τῶν</strong></span> <span class='ocrx_word' id='word_1_859' title='bbox 2959 5349 3132 5402; x_wconf 81' lang='grc' dir='ltr'>ὅντων</span> <span class='ocrx_word' id='word_1_860' title='bbox 3153 5352 3196 5381; x_wconf 85' lang='grc'><strong>⁵⁷</strong></span> <span class='ocrx_word' id='word_1_861' title='bbox 3225 5351 3604 5424; x_wconf 73' lang='grc' dir='ltr'>διεγνωσμὲνη,</span> 
     </span>
    </p>
   </div>
   <div class='ocr_carea' id='block_1_103' title="bbox 1658 5546 2342 5601">
    <p class='ocr_par' dir='ltr' id='par_1_103' title="bbox 1658 5546 2342 5601">
     <span class='ocr_line' id='line_1_104' title="bbox 1658 5546 2342 5601; baseline -0.001 -1"><span class='ocrx_word' id='word_1_862' title='bbox 1658 5546 1891 5600; x_wconf 69' lang='lat' dir='ltr'><strong>VARLIE</strong></span> <span class='ocrx_word' id='word_1_863' title='bbox 1940 5546 2342 5601; x_wconf 74' lang='lat' dir='ltr'><strong>LECTIONES.</strong></span> 
     </span>
    </p>
   </div>
   <div class='ocr_carea' id='block_1_104' title="bbox 427 5731 1868 5804">
    <p class='ocr_par' dir='ltr' id='par_1_104' title="bbox 427 5731 1868 5804">
     <span class='ocr_line' id='line_1_105' title="bbox 427 5731 1868 5804; baseline 0.001 -21"><span class='ocrx_word' id='word_1_864' title='bbox 427 5732 644 5804; x_wconf 48' lang='grc' dir='ltr'>ἰδ-κατὰ</span> <span class='ocrx_word' id='word_1_865' title='bbox 678 5733 1016 5804; x_wconf 14' lang='grc' dir='ltr'>πᾶννενι-κοῦ,</span> <span class='ocrx_word' id='word_1_866' title='bbox 1052 5733 1105 5785; x_wconf 84' lang='grc' dir='ltr'><strong>Ρ.</strong></span> <span class='ocrx_word' id='word_1_867' title='bbox 1139 5732 1227 5804; x_wconf 72' lang='lat'><strong>_&quot;’</strong></span> <span class='ocrx_word' id='word_1_868' title='bbox 1264 5731 1532 5804; x_wconf 63' lang='grc' dir='ltr'>προσυνεί</span> <span class='ocrx_word' id='word_1_869' title='bbox 1555 5733 1770 5804; x_wconf 71' lang='grc' dir='ltr'>ηφὸτος,</span> <span class='ocrx_word' id='word_1_870' title='bbox 1809 5731 1868 5784; x_wconf 90' lang='lat' dir='ltr'><strong>D.</strong></span> 
     </span>
    </p>
   </div>
   <div class='ocr_carea' id='block_1_105' title="bbox 355 5797 1845 5873">
    <p class='ocr_par' dir='ltr' id='par_1_105' title="bbox 355 5797 1845 5873">
     <span class='ocr_line' id='line_1_106' title="bbox 355 5797 1845 5873; baseline 0.002 -21"><span class='ocrx_word' id='word_1_871' title='bbox 355 5802 408 5873; x_wconf 71' lang='lat'><strong>&quot;_</strong></span> <span class='ocrx_word' id='word_1_872' title='bbox 437 5799 514 5864; x_wconf 78' lang='grc' dir='ltr'><strong>εἷς</strong></span> <span class='ocrx_word' id='word_1_873' title='bbox 547 5803 575 5852; x_wconf 83' lang='grc' dir='ltr'>ὁ</span> <span class='ocrx_word' id='word_1_874' title='bbox 607 5804 737 5873; x_wconf 75' lang='grc' dir='ltr'>Θεὸς</span> <span class='ocrx_word' id='word_1_875' title='bbox 771 5802 956 5873; x_wconf 78' lang='grc' dir='ltr'>Πατὴρ</span> <span class='ocrx_word' id='word_1_876' title='bbox 989 5805 1081 5866; x_wconf 59' lang='grc' dir='ltr'>καῗι</span> <span class='ocrx_word' id='word_1_877' title='bbox 1113 5797 1190 5864; x_wconf 70' lang='grc' dir='ltr'><strong>εἷς</strong></span> <span class='ocrx_word' id='word_1_878' title='bbox 1222 5805 1250 5855; x_wconf 87' lang='grc' dir='ltr'><strong>ὁ</strong></span> <span class='ocrx_word' id='word_1_879' title='bbox 1283 5797 1486 5873; x_wconf 76' lang='grc' dir='ltr'>Κύριος</span> <span class='ocrx_word' id='word_1_880' title='bbox 1508 5843 1522 5861; x_wconf 86' lang='lat'><strong>,</strong></span> <span class='ocrx_word' id='word_1_881' title='bbox 1561 5797 1615 5856; x_wconf 42' lang='lat' dir='ltr'><strong>Si</strong></span> <span class='ocrx_word' id='word_1_882' title='bbox 1670 5805 1725 5858; x_wconf 85' lang='grc' dir='ltr'><strong>Ρ.</strong></span> <span class='ocrx_word' id='word_1_883' title='bbox 1789 5806 1845 5856; x_wconf 89' lang='grc' dir='ltr'><strong>υ.</strong></span> 
     </span>
    </p>
   </div>
   <div class='ocr_carea' id='block_1_106' title="bbox 357 5870 1641 5937">
    <p class='ocr_par' dir='ltr' id='par_1_106' title="bbox 357 5870 1641 5937">
     <span class='ocr_line' id='line_1_107' title="bbox 357 5870 1641 5937; baseline 0.005 -17"><span class='ocrx_word' id='word_1_884' title='bbox 357 5871 610 5934; x_wconf 62' lang='grc' dir='ltr'>πλήθους,</span> <span class='ocrx_word' id='word_1_885' title='bbox 652 5870 709 5922; x_wconf 81' lang='grc' dir='ltr'><strong>Ι).</strong></span> <span class='ocrx_word' id='word_1_886' title='bbox 817 5873 858 5903; x_wconf 71' lang='grc'><strong>⁵⁵</strong></span> <span class='ocrx_word' id='word_1_887' title='bbox 895 5870 982 5924; x_wconf 63' lang='grc' dir='ltr'><strong>καὶ</strong></span> <span class='ocrx_word' id='word_1_888' title='bbox 1019 5872 1152 5926; x_wconf 82' lang='grc' dir='ltr'>ὅλων</span> <span class='ocrx_word' id='word_1_889' title='bbox 1187 5875 1278 5927; x_wconf 68' lang='grc' dir='ltr'><strong>καὶ</strong></span> <span class='ocrx_word' id='word_1_890' title='bbox 1314 5870 1545 5937; x_wconf 68' lang='grc' dir='ltr'>πάντων,</span> <span class='ocrx_word' id='word_1_891' title='bbox 1585 5873 1641 5927; x_wconf 82' lang='lat' dir='ltr'><strong>l’.</strong></span> 
     </span>
    </p>
   </div>
   <div class='ocr_carea' id='block_1_107' title="bbox 1946 5729 2596 5802">
    <p class='ocr_par' dir='ltr' id='par_1_107' title="bbox 1946 5729 2596 5802">
     <span class='ocr_line' id='line_1_108' title="bbox 1946 5729 2596 5802; baseline 0.008 -21"><span class='ocrx_word' id='word_1_892' title='bbox 1946 5730 1989 5762; x_wconf 67' lang='grc'><strong>⁸⁸</strong></span> <span class='ocrx_word' id='word_1_893' title='bbox 2023 5731 2114 5782; x_wconf 71' lang='grc' dir='ltr'><strong>καὶ</strong></span> <span class='ocrx_word' id='word_1_894' title='bbox 2144 5729 2271 5802; x_wconf 79' lang='grc' dir='ltr'>ἄνευ</span> <span class='ocrx_word' id='word_1_895' title='bbox 2309 5731 2510 5802; x_wconf 86' lang='grc' dir='ltr'>μέντοι,</span> <span class='ocrx_word' id='word_1_896' title='bbox 2536 5732 2596 5786; x_wconf 86' lang='grc'><strong>1).</strong></span> 
     </span>
    </p>
   </div>
   <div class='ocr_carea' id='block_1_108' title="bbox 1954 5801 2433 5866">
    <p class='ocr_par' dir='ltr' id='par_1_108' title="bbox 1954 5801 2433 5866">
     <span class='ocr_line' id='line_1_109' title="bbox 1954 5801 2433 5866; baseline 0.006 -14"><span class='ocrx_word' id='word_1_897' title='bbox 1954 5802 1998 5832; x_wconf 67' lang='grc'><strong>⁵³</strong></span> <span class='ocrx_word' id='word_1_898' title='bbox 2031 5803 2142 5864; x_wconf 83' lang='grc' dir='ltr'>τοῖς</span> <span class='ocrx_word' id='word_1_899' title='bbox 2173 5801 2335 5866; x_wconf 77' lang='grc' dir='ltr'>ὅλοις,</span> <span class='ocrx_word' id='word_1_900' title='bbox 2375 5803 2433 5855; x_wconf 86' lang='grc' dir='ltr'><strong>Ι).</strong></span> 
     </span>
    </p>
   </div>
   <div class='ocr_carea' id='block_1_109' title="bbox 1751 5871 2416 5938">
    <p class='ocr_par' dir='ltr' id='par_1_109' title="bbox 1751 5871 2416 5938">
     <span class='ocr_line' id='line_1_110' title="bbox 1751 5871 2416 5938; baseline 0.005 -14"><span class='ocrx_word' id='word_1_901' title='bbox 1751 5875 1795 5906; x_wconf 68' lang='grc'><strong>⁸⁸</strong></span> <span class='ocrx_word' id='word_1_902' title='bbox 1828 5873 1925 5925; x_wconf 74' lang='grc' dir='ltr'><strong>οὐκ</strong></span> <span class='ocrx_word' id='word_1_903' title='bbox 1961 5871 2072 5924; x_wconf 72' lang='grc' dir='ltr'>ἔστι</span> <span class='ocrx_word' id='word_1_904' title='bbox 2106 5872 2161 5926; x_wconf 75' lang='grc' dir='ltr'><strong>δὲ</strong></span> <span class='ocrx_word' id='word_1_905' title='bbox 2194 5873 2333 5938; x_wconf 71' lang='grc' dir='ltr'>οὐδέ,</span> <span class='ocrx_word' id='word_1_906' title='bbox 2360 5871 2416 5927; x_wconf 83' lang='grc' dir='ltr'><strong><em>Ρ.</em></strong></span> 
     </span>
    </p>
   </div>
   <div class='ocr_carea' id='block_1_110' title="bbox 2675 5731 3602 5798">
    <p class='ocr_par' dir='ltr' id='par_1_110' title="bbox 2675 5731 3602 5798">
     <span class='ocr_line' id='line_1_111' title="bbox 2675 5731 3602 5798; baseline 0 -13"><span class='ocrx_word' id='word_1_907' title='bbox 2675 5732 2718 5764; x_wconf 66' lang='grc'><strong>⁸⁸</strong></span> <span class='ocrx_word' id='word_1_908' title='bbox 2753 5733 3022 5798; x_wconf 63' lang='grc' dir='ltr'>ὑποοοὴο,</span> <span class='ocrx_word' id='word_1_909' title='bbox 3060 5732 3125 5788; x_wconf 90' lang='lat' dir='ltr'><strong>D.</strong></span> <span class='ocrx_word' id='word_1_910' title='bbox 3206 5736 3254 5766; x_wconf 76' lang='grc' dir='ltr'><strong><em>⁸ο</em></strong></span> <span class='ocrx_word' id='word_1_911' title='bbox 3279 5735 3512 5797; x_wconf 81' lang='grc' dir='ltr'>ἀνέλοις,</span> <span class='ocrx_word' id='word_1_912' title='bbox 3547 5731 3602 5786; x_wconf 90' lang='lat' dir='ltr'><strong>D.</strong></span> 
     </span>
    </p>
   </div>
   <div class='ocr_carea' id='block_1_111' title="bbox 2543 5803 3602 5868">
    <p class='ocr_par' dir='ltr' id='par_1_111' title="bbox 2543 5803 3602 5868">
     <span class='ocr_line' id='line_1_112' title="bbox 2543 5803 3602 5868; baseline 0 -12"><span class='ocrx_word' id='word_1_913' title='bbox 2543 5804 2588 5834; x_wconf 79' lang='grc'><strong>⁵³</strong></span> <span class='ocrx_word' id='word_1_914' title='bbox 2621 5803 2834 5867; x_wconf 84' lang='grc' dir='ltr'>ἑνικῶς.</span> <span class='ocrx_word' id='word_1_915' title='bbox 2871 5806 2970 5858; x_wconf 75' lang='lat' dir='ltr'><strong>Cb.</strong></span> <span class='ocrx_word' id='word_1_916' title='bbox 3033 5803 3096 5858; x_wconf 79' lang='grc' dir='ltr'><strong>Ι).</strong></span> <span class='ocrx_word' id='word_1_917' title='bbox 3208 5807 3256 5836; x_wconf 69' lang='grc'><strong>⁸⁸</strong></span> <span class='ocrx_word' id='word_1_918' title='bbox 3292 5807 3486 5868; x_wconf 79' lang='grc' dir='ltr'>αἰῶνος</span> <span class='ocrx_word' id='word_1_919' title='bbox 3518 5804 3602 5857; x_wconf 76' lang='grc' dir='ltr'><strong>καὶ</strong></span> 
     </span>
    </p>
   </div>
   <div class='ocr_carea' id='block_1_112' title="bbox 2526 5873 3336 5933">
    <p class='ocr_par' dir='ltr' id='par_1_112' title="bbox 2526 5873 3336 5933">
     <span class='ocr_line' id='line_1_113' title="bbox 2526 5873 3336 5933; baseline 0.007 -7"><span class='ocrx_word' id='word_1_920' title='bbox 2526 5876 2570 5907; x_wconf 81' lang='grc'><strong>⁸⁷</strong></span> <span class='ocrx_word' id='word_1_921' title='bbox 2597 5875 2703 5927; x_wconf 80' lang='grc' dir='ltr'><strong>τῶν</strong></span> <span class='ocrx_word' id='word_1_922' title='bbox 2735 5874 2902 5928; x_wconf 72' lang='grc' dir='ltr'>ὄντων</span> <span class='ocrx_word' id='word_1_923' title='bbox 2934 5890 3041 5930; x_wconf 84' lang='lat' dir='ltr'><strong>non</strong></span> <span class='ocrx_word' id='word_1_924' title='bbox 3078 5873 3240 5933; x_wconf 75' lang='lat' dir='ltr'><strong>habet</strong></span> <span class='ocrx_word' id='word_1_925' title='bbox 3273 5877 3336 5932; x_wconf 89' lang='lat' dir='ltr'><strong>D.</strong></span> 
     </span>
    </p>
   </div>
  </div>
