3768 6310
83 373 189 428 981

1129 382 1218 437 DE
1252 382 1504 438 DlVlNlS
1536 383 1933 455 NOML‘llBUS,
1966 388 2121 444 CAP.
2154 387 2286 443 Xlll.

3268 385 3382 438 932}

86 490 231 545 ἀλλὰ
263 490 352 544 ἵνα
383 492 476 545 καὶ
508 493 567 545 τὸ
597 494 1018 565 ὑπερηνωμένον
1051 497 1220 567 αὐτῆς
1248 499 1341 550 καὶ
1388 498 1447 550 τὸ
1497 498 1574 550 θε‹

1889 503 1929 555 ,(1
1974 512 2055 555 est
2095 518 2262 555 unmn
2293 540 2307 565 ,
2351 508 2403 554 et
2442 514 2659 555 onmem
2705 514 2988 551 nuntctum
3028 496 3254 561 deliuit,
3297 499 3377 564 ip-

88 599 183 633 νον
223 580 443 652 ἀληθῶς
485 583 813 655 ὑμνήσωμεν
834 584 913 651 ⁸⁸,
955 588 1022 656 τῇ
1068 586 1320 658 τριαδικῇ
1364 588 1458 640 καὶ
1511 586 1688 659 ἐνιαίᾳ

89 672 411 743 θεωνυμίᾳ,
445 674 544 745 τὴν
589 674 943 747 ὑπερώνυμον
984 675 1354 749 ὀνομάζομεν,
1401 681 1515 742 τοῖς
1570 675 1689 733 οὖσι

86 763 190 834 τὴν
242 764 587 836 ὑπερούσιον.
624 768 862 838 Οὐδεμία
907 768 963 820 δέ
1012 769 1196 840 μονὰς,
1229 769 1262 839 ἢ
1292 768 1470 841 τριὰς,
1504 769 1622 822 οὐδὲ
1643 771 1688 802 δ’

87 855 349 926 ἀριθμὸς,
386 856 508 910 οὔτε
538 858 745 929 ἑνότης,
778 859 810 930 ἢ
844 860 1156 931 γονιμότης,
1189 861 1307 914 οὐδὲ
1342 861 1469 915 ἄλλο
1496 878 1547 913 τι
1582 860 1688 914 τῶν

87 948 265 1001 ὄντων
307 950 342 1019 ἦ
375 967 480 1002 τινι
528 950 635 1003 τῶν
680 951 850 1005 ὄντων
904 954 1458 1024 συνεγνωσμένωνδθ,
1506 951 1689 1022 ἐξάγει

87 1039 190 1110 τὴν
239 1042 386 1114 ὑπὲρ
437 1042 615 1095 πάντα
663 1045 759 1098 καὶ⁸
824 1043 979 1113 λόγον
1034 1047 1128 1098 καὶ
1181 1045 1305 1098 νοῦν
1356 1047 1689 1117 κρυφιότητα

88 1134 193 1202 τῆς
232 1134 377 1205 ὑπὲρ
424 1134 602 1187 πάντα
642 1136 977 1207 ὑπερουσίως
1026 1137 1332 1209 ὑπερούσης
1363 1136 1691 1209 ὑπερθεότη-

86 1243 183 1288 τος
204 1227 243 1256 ⁸¹
268 1242 283 1257 ·
321 1226 444 1279 οὐδὲ
474 1226 645 1299 ὄνομα
688 1228 859 1299 αὐτῆς
900 1231 1067 1294 ἐστιν,
1109 1229 1228 1282 οὐδὲ
1272 1229 1449 1298 λόγος,
1490 1230 1601 1284 ἀλλ’
1633 1231 1691 1282 ἐν

59 1318 321 1380 ’ἀϐάτοις
351 1317 632 1389 ἐξῄρηται.
667 1321 777 1373 Καὶ
807 1322 926 1374 οὑδέ
956 1322 1089 1375 αὐτὸ
1119 1322 1179 1375 τὸ
1210 1323 1308 1393 τῆς
1336 1322 1688 1393 ἀγαθότητος,

90 1409 169 1471 ὡς
203 1405 610 1479 ἐφαρμόζοντες
641 1411 801 1481 αὐτῇ,
833 1412 1235 1484 προσφέρομεν,
1266 1413 1402 1467 ἀλλά
1416 1413 1566 1485 πόθῳ
1596 1413 1691 1466 τοῦ

91 1502 297 1553 ἐννοεῖν
320 1503 365 1532 ⁶²
420 1520 473 1555 τι
515 1504 610 1556 καὶ
654 1502 830 1571 λέγειν
878 1508 1004 1577 περὶ
1056 1506 1157 1577 τῆς
1194 1509 1432 1580 ἀρρήτου
1479 1506 1694 1577 φύσεως

91 1592 348 1664 ἐκείνης,
382 1593 444 1646 τὸ
472 1596 579 1647 τῶν
611 1595 890 1667 ὀνομάτων
912 1598 956 1629 ⁸³
998 1599 1324 1652 σεπτότατον
1364 1600 1500 1671 αὐτῇ
1548 1599 1693 1671 πρώ-

91 1703 203 1749 τως
233 1685 591 1757 ἀφιεροῦμεν·
634 1689 726 1742 καὶ
760 1691 1214 1763 συμφωνήσοιμεν
1243 1692 1307 1745 ἂν
1321 1692 1367 1724 ⁸⁸
1397 1692 1501 1745 κὰν
1522 1692 1694 1764 τούτῳ

93 1780 208 1841 τοῖς
237 1777 531 1847 θεολόγοις,
564 1781 663 1851 τῆς
692 1781 748 1833 δέ
780 1782 886 1835 τῶν
918 1784 1258 1855 πραγμάτων
1284 1784 1543 1856 ἀληθείας
1565 1786 1697 1838 ἀπο·

1791 607 1909 645 sum
1949 601 2031 645 est
2071 600 2124 647 et
2163 592 2346 655 unius,
2391 600 2444 644 et
2491 589 2725 652 numeri,
2767 598 2819 642 et
2874 587 3053 641 omnis
3099 587 3177 641 rei
3230 587 3367 655 prin-g

1792 683 1991 752 cipinm
2046 692 2099 736 et
2158 696 2322 737 causa
2356 722 2370 747 ,
2431 691 2486 736 et
2543 696 2800 735 numerus
2857 691 2912 732 et
2968 679 3123 733 ordo.
3176 678 3372 744 Quam-

1792 774 1977 829 obrem
2028 783 2082 828 et
2138 774 2319 827 unitas
2365 789 2486 844 quae
2535 773 2812 834 laudatur,
2850 780 2903 823 et
2960 770 3203 823 Trinitas
3259 784 3386 837 qua}

1790 875 1873 920 est
1911 866 2166 920 divinitas
2206 879 2368 934 supra
2415 864 2631 927 omnia,
2674 878 2777 915 non
2811 872 2892 915 est
2936 855 3152 926 unitas,
3200 875 3378 928 neque

1792 955 2032 1011 Trinitas
2054 971 2082 1009 a
2107 956 2263 1011 nobis
2283 965 2374 1009 aut
2395 956 2502 1009 alio
2521 957 2775 1025 quapiam
2798 969 2985 1007 eorum
3008 969 3126 1022 qua:
3145 964 3267 1007 sunt
3289 967 3381 1006 co-

1794 1050 1939 1120 gnita
1958 1066 1971 1114 ;
1992 1049 2085 1103 sed
2109 1059 2166 1102 ut
2187 1051 2335 1118 quod
2361 1048 2411 1103 in
2433 1048 2543 1117 ipsa
2565 1059 2647 1102 est
2668 1061 2991 1118 supraqnam
3035 1046 3085 1099 in
3109 1059 3273 1097 unum
3296 1057 3394 1097 co-

1795 1142 2036 1212 pulatum
2060 1150 2113 1195 et
2133 1140 2518 1195 fecunditatem
2554 1136 2643 1192 Dei
2666 1152 2796 1192 vere
2834 1136 3147 1199 laudemus,
3173 1135 3380 1196 trinum

1794 1241 1850 1284 ct
1870 1244 2031 1281 untttn
2055 1227 2221 1282 Deum
2245 1228 2586 1281 nominamus
2611 1228 2782 1291 iltum,
2810 1226 2899 1295 qui
2921 1240 3083 1292 supra
3108 1238 3269 1277 omne
3291 1239 3384 1279 n0-

1795 1334 1915 1375 men
1938 1330 2043 1377 est.
2062 1320 2212 1374 Nulla
2237 1332 2415 1375 autem
2437 1320 2615 1373 unitas
2635 1320 2717 1373 vel
2744 1319 2982 1381 trinitas,
3001 1333 3172 1387 neque
3198 1330 3385 1369 nume-

1796 1429 1909 1482 rus,
1933 1430 2031 1468 nec
2055 1415 2234 1468 unitas
2256 1413 2338 1468 vel
2359 1414 2685 1477 fecunditas,
2710 1428 2809 1466 nec
2828 1412 2975 1466 aliud
2999 1409 3274 1480 quidpiam
3293 1424 3381 1461 eo-

1797 1520 1917 1559 rum
1935 1519 2054 1577 qua:
2086 1512 2234 1569 sunt,
2252 1513 2344 1558 aut
2365 1519 2552 1559 eorum
2581 1519 2698 1573 qua:
2719 1502 2876 1556 alicui
2899 1501 3244 1556 existentium
3264 1507 3391 1552 sunt

1796 1598 2033 1667 cognita,
2059 1596 2568 1667 explicatarcanum
2604 1594 2732 1649 illud
2774 1609 2989 1649 omnem
3029 1593 3293 1647 rationem
3332 1599 3388 1643 et

1798 1698 2033 1743 mentem
2085 1701 2351 1757 superans
2402 1686 2812 1755 superdeitatis,
2858 1679 3389 1751 superessentialiter

1797 1796 1959 1849 supra
2001 1780 2183 1834 omnia
2232 1778 2718 1847 superexistentis;
2760 1777 2920 1845 hujus
2970 1789 3149 1843 neque
3188 1785 3387 1827 nomen

94 1868 525 1939 λειφθησόμεθα.
562 1872 653 1923 Διὸ
682 1873 775 1925 καὶ
803 1875 957 1926 αὐτοὶ
985 1875 1083 1945 τὴν
1113 1875 1201 1929 διὰ
1228 1876 1337 1929 τῶν
1370 1877 1582 1946 ἀποφάσ

1911 1886 1977 1926 ue
2015 1871 2277 1927 rationem
2318 1881 2398 1928 est
2434 1870 2738 1938 assignare,
2770 1868 2863 1921 sed
2906 1868 3242 1920 inaccessmn
3274 1878 3392 1916 om-

95 1960 281 2013 ἄνοδον
312 1965 799 2035 προτετιμήκασιν,
832 1966 907 2030 ὡς
935 1965 1233 2030 ἐξιστῶσαν
1262 1969 1359 2042 τὴν
1389 1969 1564 2042 ψυχὴν
1586 1970 1694 2023 τῶν

97 2053 263 2124 ἑαυτῇ
303 2054 623 2125 συμφύλων,
654 2057 749 2110 καὶ
785 2056 873 2111 διὰ
906 2058 1095 2112 πασῶν
1125 2060 1233 2114 τῶν
1264 2060 1423 2114 θείων
1455 2064 1695 2133 νοήσεων

96 2142 406 2209 ὁδεύουσαν,
433 2138 507 2198 ὧν
534 2145 792 2227 ἐξῄρηται
820 2149 880 2201 τὸ
912 2150 1052 2221 ὑπὲρ
1086 2152 1192 2203 πᾶν
1226 2151 1417 2222 ὄνομα,
1448 2153 1544 2206 καὶ
1570 2152 1700 2205 πάν-

97 2250 165 2286 τα
196 2234 378 2303 λόγον,
411 2238 504 2289 καὶ
535 2238 752 2305 γνῶσιν,
775 2241 860 2291 ἐπ’
892 2240 1135 2310 ἐσχάτων
1160 2241 1215 2293 δὲ
1248 2242 1354 2295 τῶν
1382 2242 1518 2295 ὅλων
1551 2242 1699 2313 αὐτῷ

100 2326 506 2391 συνάπτουσαν,
542 2330 663 2383 καθ’
695 2332 819 2383 ὅσον
848 2333 943 2385 καὶ
975 2333 1105 2403 ἡμῖν
1135 2333 1329 2405 ἐκείνῳ
1347 2336 1390 2367 ⁶δ
1427 2336 1696 2389 συνάπτε-

102 2418 225 2472 σθαι
254 2419 501 2474 δυνατόν.

1797 1965 1954 2018 nibus
1994 1965 2217 2018 eminet.
2255 1963 2394 2030 Quin
2436 1976 2536 2017 nec
2577 1960 2751 2029 ipsutn
2788 1958 3010 2028 quidem
3052 1971 3247 2009 nomen
3294 1954 3393 2007 bo-

1801 2055 1990 2113 nitatis
2027 2054 2074 2109 ei
2117 2063 2374 2125 tanquam
2409 2063 2589 2124 aptum
2612 2052 3111 2112 accommodamus,
3136 2046 3229 2101 sed
3251 2044 3394 2099 desi-

1803 2145 1952 2199 derio
1987 2144 2192 2214 aliquid
2232 2143 2563 2215 intelligendi
2600 2154 2656 2197 et
2695 2142 2911 2197 dicendi
2952 2142 3019 2193 de
3059 2146 3250 2191 natura
3302 2135 3391 2188 illa

1804 2252 2004 2291 arcana
2056 2248 2111 2291 et
2166 2238 2460 2302 inell‘abili,
2498 2236 2641 2306 quod
2679 2245 2760 2290 est
2812 2233 3057 2288 omnium
3111 2228 3389 2284 nominum

1806 2329 2046 2384 maxime
2082 2328 2395 2384 venerabile
2429 2327 2532 2397 ipsi
2574 2327 2807 2397 primum
2847 2334 3230 2379 consecramus
3272 2336 3285 2372 :
3336 2317 3390 2370 in

1808 2436 1916 2491 quo
1970 2421 2189 2490 quidem
2247 2436 2371 2476 cum
2430 2418 2695 2485 theologis
2743 2414 3118 2477 convenimus,
3172 2411 3266 2465 sed
3325 2406 3393 2461 ab

1810 2515 1923 2583 ipsa
1988 2530 2168 2569 rerum
2236 2514 2469 2568 veritate
2535 2512 2763 2567 multum
2819 2508 3125 2564 deﬁcinms.
3182 2502 3388 2570 Quam-

103 2600 291 2653 obrem
335 2602 434 2670 ipsi
503 2617 720 2673 quoque
757 2618 1043 2659 ascensum
1115 2604 1262 2659 illum
1303 2620 1400 2677 per
1436 2610 1751 2679 negationes
1789 2609 2168 2678 praztulerunt,
2205 2619 2263 2661 ut
2304 2608 2395 2677 qui
2435 2607 2673 2660 animam
2714 2620 2743 2657 a
2784 2602 3031 2673 cognatis
3074 2600 3233 2653 rebus
3272 2610 3402 2649 avo-

102 2709 270 2762 cans,
312 2696 382 2747 ad
435 2711 625 2753 omnes
675 2697 887 2752 divinas
940 2697 1326 2767 intelligentias
1371 2700 1517 2755 viam
1560 2711 1804 2768 sternat,
1843 2705 2042 2771 quibus
2099 2703 2373 2770 excipitur
2425 2702 2478 2755 id
2538 2700 2680 2769 quod
2740 2698 2887 2753 omni
2945 2694 3165 2749 nomine
3216 2687 3398 2745 omni-

101 2802 207 2852 qne
260 2788 475 2842 ratione
526 2806 590 2844 ac
642 2790 953 2859 cognitione
1025 2789 1314 2846 sublimius
1351 2792 1566 2858 existit,
1609 2808 1815 2865 nosque
1867 2796 1978 2853 Deo
2025 2797 2238 2851 tandem
2303 2795 2613 2867 conjungit,
2671 2802 2930 2863 quantmn
2974 2788 3227 2843 nimirum
3267 2798 3389 2837 cum

100 2895 166 2931 ex
210 2889 433 2944 nostra,
474 2891 585 2934 llllll
624 2898 687 2936 ex
734 2882 901 2952 ipsius
938 2893 1092 2955 parte
1128 2883 1244 2939 ﬁeri
1287 2893 1484 2953 potest.
2036 2871 2049 2885 ’

1678 3046 1707 3117 §
1754 3043 1862 3103 1v.

178 3182 401 3247 Ταύτας
430 3184 592 3253 ἡμεῖς
623 3185 723 3248 τὰς
744 3186 941 3256 νοητὰς
969 3184 1276 3259 θεωνυμίας
1310 3189 1666 3262 συνῃρηκότες

1903 3184 2003 3240 lzec
2042 3198 2142 3239 nos
2184 3183 2366 3239 divina
2400 3182 2642 3248 nomina,
2694 3196 2816 3250 qua:
2842 3178 3391 3245 rationeintelligun-

106 3273 181 3336 ὡς
209 3275 437 3343 ἐφικτὸν
466 3276 868 3348 ἀνεπτύξαμεν,
903 3279 965 3332 οὐ
999 3280 1158 3350 μόνον
1191 3281 1371 3333 αὐτῶν
1403 3281 1503 3351 τῆς
1545 3282 1703 3351 ἀκρι-

108 3368 261 3430 ϐείας
292 3367 739 3439 ἀπολειπόμενοι,
764 3370 943 3439 (τοῦτο
968 3372 1078 3445 γὰρ
1109 3373 1325 3445 ἀληθῶς
1354 3375 1449 3427 καὶ
1480 3373 1702 3442 ἄγγελοι

107 3461 323 3532 φαῖεν)
378 3461 499 3514 οὐδὲ
548 3462 648 3531 τῆς
681 3464 822 3517 κατά
872 3465 1137 3533 ἀγγέλους
1183 3465 1361 3521 αὐτῶν
1395 3467 1699 3537 ὑμνῳδίας·

111 3555 203 3605 καὶ
235 3553 347 3606 τῶν
382 3553 630 3623 ἐσχάτων
671 3555 779 3627 γὰρ
824 3557 1141 3612 ἀποδέουσιν
1185 3561 1234 3612 οἱ
1286 3559 1566 3631 κράτιστοι
1596 3558 1704 3612 τῶν

112 3650 241 3713 παρ’
274 3650 412 3719 ἡμῖν
447 3646 730 3715 θεολόγων·
768 3648 892 3701 οὕτε
928 3649 1033 3720 μὴν
1066 3649 1245 3702 αὐτῶν
1276 3650 1385 3703 τῶν
1419 3649 1704 3717 θεολόγων,

110 3733 229 3793 οὐδὲ
290 3740 403 3792 τῶν
445 3739 625 3793 αὐτῶν
674 3740 951 3811 ἀσκητῶν,
999 3740 1032 3811 ἢ
1079 3740 1411 3805 συνοπαδῶν,
1445 3740 1580 3795 ἀλλά
1613 3741 1708 3794 καὶ

111 3832 219 3885 τῶν
251 3835 388 3903 ἡμῖν
422 3832 732 3902 ὁμοταγῶν,
766 3832 1011 3903 ἐσχάτως
1041 3833 1137 3885 καὶ
1165 3832 1489 3903 ὑφειμένως.
1523 3833 1706 3895 Ὥστε,

114 3928 161 3977 εἰ
198 3925 298 3995 μὲν
342 3923 522 3994 ὀρθῶς
568 3923 682 3993 ἔχοι
732 3924 799 3976 τά
834 3925 1121 3996 εἰρημένα,
1157 3925 1251 3977 καὶ
1288 3924 1364 3987 ὡς
1408 3923 1530 3977 καθ’
1564 3925 1710 3994 ἡμᾶς

112 4017 284 4081 ὅντως
317 4015 649 4087 ἐφηψάμεθα
693 4020 758 4087 τῇ
805 4017 1015 4089 διανοίᾳ
1057 4017 1158 4086 τῆς
1204 4014 1549 4087 θεωνυμικῆς
1581 4015 1712 4067 ἀνα-

116 4110 385 4176 πτύξεως,
422 4108 517 4159 ἐπὶ
546 4106 637 4160 τὸν
668 4108 886 4161 πάντων
918 4108 1141 4177 ἀγαθῶν
1172 4106 1345 4161 αἴτιον
1382 4107 1446 4159 τὸ
1478 4107 1713 4176 πρᾶγμα

114 4200 409 4254 ἀναθετέον
434 4214 451 4234 ο
484 4199 576 4252 τὸν
624 4199 963 4271 δωρούμενον
1000 4198 1217 4271 πρῶτον
1252 4201 1385 4253 αὐτὸ
1415 4200 1476 4254 τὸ
1516 4202 1709 4264 εἰπεῖν,

117 4292 310 4346 ἔπειτα
344 4292 407 4344 τὸ
440 4287 499 4344 εὖ
537 4294 729 4344 εἰπεῖν.
766 4293 877 4344 Καὶ
910 4291 965 4343 εἴ
992 4309 1044 4344 τι
1076 4291 1186 4345 τῶν
1218 4292 1575 4363 ὀμοδυνάμων
1610 4308 1715 4347 πα-

116 4385 491 4456 ραλέλειπται,
527 4385 748 4439 κάκεῖνο
779 4386 929 4457 ἡμᾶς
962 4384 1103 4437 κατά
1123 4384 1222 4448 τὰς
1250 4385 1421 4450 αὐτὰς
1458 4382 1715 4455 μεθόδους

117 4479 163 4509 ⁵⁸
192 4477 643 4550 προσυπακοόειν
674 4478 874 4549 δεήσει.
928 4478 989 4529 El
1021 4477 1079 4529 δέ
1109 4476 1281 4529 ταῦτα
1314 4477 1347 4548 ἢ
1380 4478 1480 4530 οὐκ
1538 4476 1716 4547 ὀρθῶς

116 4575 149 4641 ἢ
185 4570 400 4633 ἀτελῶς
434 4568 567 4640 ἔχει,
588 4570 681 4622 καὶ
711 4571 810 4641 τῆς
842 4569 1098 4641 ἀληθείας
1128 4568 1160 4639 ἢ
1191 4569 1386 4632 ὀλικῶς
1418 4568 1451 4639 ἢ
1477 4567 1716 4639 μερικῶς

118 4663 484 4733 ἀποπεπλανή
496 4662 652 4732 μεθα,
674 4664 773 4734 τῆς
804 4662 906 4731 σῆς
924 4663 989 4715 ἂν
1014 4662 1099 4732 εἴη
1122 4660 1531 4733 φιλανθρωπίας
1553 4663 1715 4715 ἐπαν-

117 4754 472 4826 ορθώσασθαι
520 4755 609 4808 τὸν
643 4757 913 4818 ἀκουσίως
954 4754 1273 4824 ἀγνοοῦντα,
1309 4756 1404 4807 καὶ
1452 4753 1714 4824 μεταδοῦ-

119 4866 209 4901 ναι
241 4848 405 4916 λόγου
439 4846 518 4917 τῷ
554 4848 741 4918 μαθεῖν
786 4848 1047 4920 δεομένῳ,
1083 4847 1178 4900 καὶ
1210 4845 1487 4917 ἐπαμῦναι
1519 4845 1597 4916 τῷ
1634 4847 1708 4918 μὴ

121 4946 379 5016 αὐτάρκη
428 4941 657 5012 δύναμιν
699 4941 896 5012 ἔχοντι,
945 4942 1038 4994 καὶ
1092 4937 1346 4993 ἰάσασθαι
1392 4937 1483 4991 τὸν
1536 4937 1638 4991 οὐκ
1671 4938 1713 4969 ⁶⁷

122 5037 381 5090 ἐθέλοντα
414 5035 714 5106 ἀρῤωστεῖν
737 5051 749 5063 ·
783 5034 875 5086 καὶ
905 5033 973 5086 τὰ
1007 5034 1107 5104 μὲν
1140 5030 1270 5102 παρ’
1306 5028 1522 5092 ἑαυτοῦ,
1559 5028 1629 5082 τὰ
1661 5030 1718 5082 δὲ

125 5130 257 5200 παρ’
293 5128 500 5197 ἐτέρων
534 5127 579 5157 ⁸⁸
609 5124 1011 5199 ἐξευρίσκοντα,
1064 5126 1240 5179 πάντα
1285 5123 1341 5176 δέ
1382 5124 1446 5174 ἐκ
1477 5120 1717 5189 τάγαθοῦ

124 5223 504 5295 λαμϐάνοντα,
538 5222 631 5273 καὶ
664 5223 743 5284 εἰς
776 5221 925 5290 ἡμᾶς
955 5217 1289 5272 διαϐιϐάσαι.
1327 5214 1476 5286 Μηδέ
1506 5214 1719 5269 ἀποκά-

1808 3286 1922 3341 tur,
1953 3284 2209 3343 congesta
2256 3289 2355 3344 pro
2403 3274 2613 3328 viribus
2651 3272 3035 3341 explicuimus,
3071 3285 3176 3325 non
3216 3269 3392 3325 solum

1808 3385 1912 3425 non
1930 3368 2062 3424 satis
2078 3381 2176 3437 pro
2198 3381 2388 3421 eorum
2417 3366 2610 3421 merito
2632 3379 2872 3435 congrue
2894 3364 3021 3433 (hoc
3049 3363 3193 3416 enim
3225 3360 3390 3414 etiam

1807 3459 1983 3531 angeli
2021 3474 2148 3513 vere
2186 3458 2469 3523 dixerint),
2509 3457 2603 3512 sed
2651 3471 2828 3525 neque
2854 3454 3078 3525 paribus
3118 3452 3392 3511 laudibus.

1808 3553 2008 3625 quibus
2028 3552 2097 3605 ab
2125 3551 2331 3619 angelis
2357 3552 2741 3611 celebrantur;
2767 3546 3034 3616 siquidem
3060 3544 3397 3612 praestantis-

1809 3653 1932 3709 simi
1957 3666 2173 3721 quoque
2204 3645 2436 3713 theologi
2466 3641 2635 3697 nostri
2666 3639 2747 3694 vel
2765 3637 3078 3691 novissimis
3109 3634 3274 3691 etiam
3300 3649 3395 3687 an-

1812 3747 1944 3817 gelis
1970 3747 2200 3807 cedunt;
2236 3755 2420 3794 verum
2448 3738 2613 3791 etiam
2650 3731 2917 3800 theologis
2958 3741 3261 3797 eorumque
3302 3743 3393 3780 as-

1811 3837 1976 3892 seclis
1998 3847 2345 3904 nequaquam
2373 3840 2659 3897 suppares,
2687 3841 2715 3878 a
2738 3821 2939 3876 nostris
2968 3833 3180 3889 quoque
3214 3832 3397 3885 acqua-

1814 3928 1956 3982 libus
2012 3926 2064 3979 in
2110 3925 2216 3977 hoc
2262 3921 2478 3974 landum
2534 3930 2734 3988 genere
2784 3927 3127 3980 superamur.
3190 3909 3395 3978 Itaque,

1813 4018 2079 4088 siquidem
2122 4021 2272 4068 recte
2306 4012 2409 4066 ista
2437 4010 2579 4065 dicta
2609 4008 2737 4072 sint,
2775 4016 2829 4061 et
2860 4006 2913 4060 in
2941 4004 3253 4057 divinorum
3298 4014 3395 4052 no-

1818 4108 2023 4163 minmn
2049 4103 2437 4173 explanatione
2463 4116 2560 4171 pro
2581 4098 2800 4153 modulo
2828 4103 3017 4150 nostro
3047 4106 3233 4146 verum
3269 4105 3397 4143 sen-

1814 4214 1935 4255 sum
1964 4196 2325 4265 attigerimus,
2350 4194 2402 4247 in
2429 4192 2697 4247 bonorum
2719 4188 2959 4243 oumium
2987 4198 3209 4238 causam
3241 4182 3294 4235 id
3323 4192 3400 4233 to-

1819 4284 1929 4345 tum
1964 4288 2309 4343 referendum
2337 4294 2441 4351 est,
2477 4293 2535 4337 ut
2559 4296 2682 4351 qua:
2715 4280 2949 4351 primum
2979 4276 3142 4346 530
3173 4285 3281 4330 tam
3313 4272 3399 4326 di-

1818 4380 1976 4437 cendi
2015 4393 2177 4449 quam
2205 4378 2344 4431 bene
2365 4373 2579 4430 dicendi
2625 4370 2938 4426 facultatem
2969 4368 3201 4425 dederit.
3247 4365 3326 4419 Ac
3354 4365 3401 4418 si

1819 4470 1949 4540 quid
1976 4483 2164 4524 eorum
2194 4482 2313 4536 quae
2354 4467 2439 4521 his
2465 4463 2819 4534 aequivalent,
2846 4460 2918 4515 sit
2948 4455 3401 4529 praetermissum,

1747 4548 1793 4603 Ῑ)
1822 4563 1877 4616 id
1909 4560 2099 4615 iisdem
2146 4574 2361 4627 quoque
2411 4558 2715 4612 rationibus
2748 4570 2776 4607 a
2818 4552 2974 4606 nobis
3018 4551 3083 4603 ad
3116 4549 3258 4602 hunc
3286 4562 3404 4602 mo-

1825 4657 1951 4710 dum
1980 4652 2337 4722 supplendum
2364 4654 2488 4707 erit.
2513 4649 2608 4706 Sin
2633 4664 2764 4704 vero
2796 4647 2911 4700 haec
2937 4643 3016 4697 vel
3041 4642 3220 4695 minus
3254 4648 3403 4694 recta

1825 4747 1906 4804 vel
1938 4744 2262 4816 imperfecta
2287 4754 2437 4811 sunt,
2469 4752 2523 4799 et
2546 4760 2574 4796 a
2604 4743 2833 4797 veritate
2860 4738 2945 4792 vel
2975 4737 3197 4792 omnino
3225 4733 3309 4787 vel
3336 4749 3404 4788 ex

1826 4848 1982 4910 parte
2004 4838 2402 4904 aberravimus,
2451 4837 2569 4890 erit-
2601 4832 2960 4889 humanitatis
2989 4840 3095 4882 tua:
3124 4827 3405 4896 corrigere

1828 4949 1933 4987 non
1976 4942 2169 5001 sponte
2214 4933 2579 5001 ignorantem,
2616 4927 2967 4991 rationesque
2995 4934 3290 4991 suggerere
3320 4920 3405 4972 di-

1828 5041 1985 5082 scere
2013 5025 2277 5094 cupienti,
2308 5033 2363 5078 et
2384 5038 2449 5077 ex
2472 5038 2530 5077 se
2557 5017 2904 5077 insutlicienti
2933 5030 3091 5083 opem
3118 5013 3286 5076 ferre,
3311 5027 3407 5066 cu-

1826 5134 2059 5189 rareqne
2087 5118 2357 5172 nolentem
2393 5125 2679 5184 aegrotare,
2711 5120 2875 5179 atque
2905 5108 3007 5161 alia
3027 5105 3246 5176 quidem
3287 5120 3315 5156 a
3348 5113 3407 5156 te

1829 5213 2156 5279 excogitata,
2189 5208 2290 5261 alia
2339 5222 2468 5261 vero
2498 5206 2567 5259 ab
2598 5204 2722 5257 aliis
2765 5210 3031 5262 mutuata,
3071 5196 3415 5262 czeteroquin.

1439 5396 1679 5452 VARUE
1718 5393 2128 5451 LECTIONES.

205 5572 250 5604 ³⁸
283 5567 686 5638 ἀνυμνήσωμεν
710 5604 723 5629 ,

134 5657 325 5703 sensu,
379 5634 548 5692 semel
594 5634 874 5688 monuisse
918 5635 1051 5703 satis
1090 5635 1329 5703 videtur.

137 5698 323 5765 πάντα
348 5708 445 5762 καὶ
477 5705 633 5771 λόγον
666 5705 761 5757 καὶ
791 5703 934 5767 νοῦν,
971 5702 1028 5754 Ρ.
1076 5702 1138 5755 Ι).
1177 5702 1266 5755 Sc.
1304 5700 1576 5769 θεότητος,

921 5564 965 5594 ⁸³
998 5561 1144 5623 οὔτε,
1182 5561 1241 5615 Ρ.
1271 5560 1331 5613 D.
1370 5558 1554 5611 Variat
1584 5560 1699 5612 haec
1722 5553 2052 5623 conjunctio,
2083 5566 2204 5623 nam
2234 5546 2553 5623 aliasobea,
2590 5539 2875 5623 aliasalias
2910 5538 3408 5623 scribiturzeode‘m

1130 5602 1331 5686 idem:
1404 5632 1448 5660 ⁶⁰
1481 5602 2061 5686 Euv'eﬁuéiié'vwvﬁb'.
2229 5602 2371 5674 Sar.
2392 5602 2577 5686 itaque
2608 5608 3104 5686 scribetidntn_ftiit_.
3177 5609 3219 5639 ⁶¹
3270 5609 3409 5686 ὑπὲρ

1584 5644 1962 5697 εγνωσμενων,
2002 5644 2061 5675 υ.
2102 5644 2189 5676 DC.
2230 5644 2352 5674 cur.
2394 5644 2577 5686 Itaque
2608 5644 2767 5670 enim

1616 5698 1695 5750 ι).Δ
1782 5699 1825 5728 θ’
1859 5693 1953 5748 τοῦ
1988 5696 2147 5755 νοεῖν,
2188 5692 2248 5745 Ρ.
2285 5691 2341 5744 S.
2380 5688 2441 5741 D.
2498 5688 2587 5741 Sc.
2648 5684 2767 5739 Sar.

2847 5682 2891 5711 ⁸⁵³
2924 5680 3030 5732 τῶν
3078 5679 3269 5742 ὄντων,
3305 5681 3407 5733 ω..

137 5783 182 5811 ⁸⁸
218 5749 673 5852 συμντεωνήσιόμεν
706 5776 789 5836 ἀν,
814 5775 868 5828 S.
920 5749 993 5804 ’⁸³
1028 5777 1223 5835 ἐκεῖνο,
1262 5772 1317 5824 S.
1370 5771 1427 5852 Ρ..
1452 5749 1999 5852 Ξρῖζθδκᾲιατάντοὺς
2033 5765 2225 5852 αὐτοὺς
2260 5762 2445 5830 λόγους
2482 5760 2572 5813 καὶ
2605 5757 2701 5820 τὰς
2738 5752 2906 5815 αὐτὰς
2945 5749 3217 5822 μεθόδους,
3256 5750 3315 5804 Ρ.
3346 5752 3409 5807 υ.

135 5854 259 5907 Sat.
291 5846 572 5921 pustcrttts
617 5863 719 5900 non
756 5846 931 5900 habet.
1014 5846 1053 5875 ⁸⁵⁷
1095 5846 1191 5915 μή.

1274 5844 1314 5873 εθ
1350 5842 1414 5895 δι’
1451 5839 1635 5905 αὐτοῦ,
1670 5840 1735 5892 δι’
1772 5839 1991 5909 ἐτέρων,
2032 5838 2088 5891 ὃ.
2119 5835 2238 5889 Sar.
