3768 6334
402 343 430 395 9
440 343 508 396 R3

1565 343 1621 398 S.
1648 342 1944 398 DlONYSll
1981 344 2439 401 AREOl’AGlTA‘Z
3587 356 3682 411 138i

401 460 580 510 omnia
607 475 669 512 ex
699 460 813 526 ipso
836 458 977 509 lioiio
1005 468 1249 528 accepta,
1277 460 1328 513 in
1350 474 1447 514 nos
1470 476 1683 530 quoque
1707 462 1886 514 deriva

2225 467 2267 495 “9
2302 466 2454 533 φέῡον
2502 465 2667 536 ἄνδρα
2714 466 3048 537 εὐεργετῶν·
3094 467 3230 537 ὁρᾷς
3278 465 3416 537 γάρ,
3466 468 3550 520 ὸ.ι
3597 474 3681 525 καὶ

400 548 589 619 Neque
644 562 696 604 te
741 551 921 620 pigeat
963 550 1196 604 amicum
1234 551 1403 607 hocce
1441 554 1703 607 beneficio
1727 555 1975 615 allicere;

400 644 583 697 cernis
614 644 783 705 enim.
819 644 894 696 uti
930 658 1105 711 neque
1129 660 1228 698 nos
1261 645 1359 714 ipsi
1384 647 1678 714 quidquam
1704 648 1978 700 rationum

403 736 871 791 hierarchicarum
906 737 1065 790 nobis
1094 738 1529 791 coiicreditarum
1570 738 1710 793 intra
1744 750 1983 793 nosmet-

403 828 549 894 ipsos
592 829 979 893 contiuuimus,
1024 845 1212 884 verum
1245 831 1363 885 illas
1395 832 1621 885 omnino
1657 847 1823 902 puras
1851 847 1974 885 cum

398 923 554 976 vobis
580 933 689 976 tum
724 925 938 980 creteris
970 927 1103 980 viris
1139 928 1366 991 sanctis,
1400 926 1599 996 partim
1635 926 1976 989 tradidimus,

399 1016 596 1085 partim
627 1018 801 1069 adhuc
836 1019 1138 1083 trademus,
1170 1035 1266 1087 pro
1291 1019 1503 1072 dicendi
1548 1029 1729 1073 nostra
1761 1028 1818 1072 et
1848 1018 1982 1073 alio-

401 1125 521 1162 rum
574 1110 906 1182 intelligendi
958 1112 1241 1178 facultate,
1275 1114 1327 1169 in
1364 1130 1423 1169 re
1457 1115 1598 1167 nulla
1635 1114 1979 1168 traditionem

398 1201 690 1270 violantes,
720 1205 820 1257 nisi
855 1205 992 1260 forte
1019 1207 1100 1260 vel
1127 1207 1193 1260 ad
1231 1206 1592 1274 eloquendum
1620 1206 1701 1260 vel
1729 1207 1794 1260 ad
1826 1204 1983 1259 intel-

402 1293 414 1345 Ι
442 1295 673 1363 gendum
700 1297 1083 1355 imbecilliores
1110 1300 1438 1354 exstitimus.
1476 1299 1579 1352 Sed
1601 1299 1714 1352 haec
1740 1298 1980 1367 quidem,

403 1395 457 1435 ut
488 1385 594 1438 Deo
624 1385 824 1453 placet,
888 1387 968 1442 sic
1018 1388 1273 1454 habeant,
1324 1399 1378 1443 et
1414 1388 1555 1443 dicta
1597 1389 1747 1451 sint;
1804 1388 1982 1457 sitque

402 1479 545 1545 quod
586 1479 651 1532 ad
688 1495 785 1534 nos
820 1482 1075 1550 pertinet,
1116 1484 1202 1536 liie
1235 1482 1356 1537 finis
1390 1482 1702 1538 nominibus
1730 1482 1822 1536 Dei
1861 1498 1982 1550 qua:

404 1585 559 1624 mens
596 1573 956 1641 excogitavit;
1000 1574 1065 1628 ad
1097 1574 1451 1635 svniholicam
1492 1587 1622 1627 vero
1655 1574 1978 1644 theologiam

406 1662 518 1717 Deo
543 1665 679 1718 dure
703 1665 965 1721 transibo.

2087 561 2247 629 ἡμεῖς
2274 559 2464 611 οὐδένα
2490 558 2595 610 τῶν
2626 558 3033 629 παραδοθέντων
3069 561 3204 630 ἡμῖν
3243 559 3590 631 ἱεραρχικῶν
3607 562 3683 614 λό-

2088 670 2200 721 γων
2229 655 2307 716 εἰς
2339 653 2562 716 ἑαυτοὺς
2592 652 3029 723 συνεστείλαμεν,
3060 652 3198 707 ἀλλὰ
3227 642 3567 715 ἀνοΘεύτους
3594 657 3683 707 αὖ·

2087 747 2212 810 τοὺς
2241 747 2334 799 καὶ
2355 747 2482 816 ὑμῖν
2513 746 2607 799 καὶ
2638 745 2843 819 ἑτέροις
2866 746 3026 817 ἱεροῖς
3054 745 3285 817 ἀνδράσι
3310 746 3683 816 μεταδεδώκαο

2092 835 2190 905 μέν
2230 852 2288 887 τε
2322 836 2414 888 καὶ
2452 834 2848 905 μεταδώσομεν,
2879 835 2955 897 ὡς
2983 833 3048 887 ἂν
3076 837 3241 905 ἡμεῖς
3268 852 3331 888 τε
3363 837 3544 889 εἰπεῖν
3576 838 3683 888 Exa-

2087 928 2167 981 vo‘i
2222 928 2315 981 καὶ
2351 921 2431 990 οἷς
2461 927 2675 995 λέγεται
2705 927 2942 990 ἀκούειν,
2972 928 3093 981 κατ’
3123 927 3282 981 οὐδὲν
3310 928 3416 999 τὴν
3452 930 3682 1000 παράδος

2092 1037 2175 1073 σιν
2208 1020 2535 1084 ἀδικοῦντες,
2565 1023 2613 1073 εἰ
2643 1022 2718 1091 μὴ
2746 1020 2853 1091 ἄρα.
2885 1019 3019 1091 πρὸς
3045 1020 3144 1091 τὴν
3172 1020 3369 1091 νόησιν
3399 1022 3435 1091 ἦ
3464 1022 3568 1092 τὴν
3605 1023 3661 1074 ἐκ

2092 1129 2290 1184 φρασιν
2314 1114 2492 1167 αὐτῶν
2510 1114 2899 1186 ἀσθενήσομεν.
2936 1113 3095 1167 Ἀλλά
3121 1112 3302 1171 ταῦτα
3329 1116 3455 1185 μὲν,
3477 1116 3588 1184 6m;
3614 1116 3683 1185 τῷ

2089 1203 2209 1277 Θεῷ
2240 1206 2411 1277 φίλον,
2470 1206 2643 1280 ταύτῃ
2695 1207 2865 1277 ἐχέτω
2917 1223 2997 1270 τε,
3036 1208 3130 1261 καὶ
3170 1207 3427 1276 λεγέσθω
3458 1209 3505 1240 ⁷⁸
3528 1225 3541 1239 ο
3598 1211 3683 1261 καὶ

2091 1298 2230 1350 ἔστω
2255 1297 2318 1369 δὴ
2352 1298 2509 1352 τοῦτο
2538 1302 2655 1361 ταῖς
2686 1302 2900 1369 νοηταῖς
2934 1298 3266 1370 θεωνυμίαις
3295 1300 3361 1353 τὸ
3390 1300 3517 1353 καθ’
3544 1302 3577 1370 ἡ
3588 1303 3681 1370 μᾶς

2087 1392 2288 1464 πέρας·
2334 1393 2427 1445 ἐπὶ
2473 1392 2528 1445 δὲ
2556 1392 2652 1464 τὴν
2684 1391 3014 1465 συμϐολικὴν
3035 1392 3349 1462 Θεολογίσιν,
3382 1394 3680 1467 ἡγουμένου

2085 1484 2241 1548 Θεοῦ,
2267 1484 2664 1556 μεταϐήσομαι.

1626 1932 2162 1989 ADNOTATIONES
2196 1932 2543 1989 CORDERII.

484 2071 512 2143 ᾗ
552 2070 593 2124 I.
641 2070 919 2143 Perfectus
964 2070 1143 2137 itaque
1179 2081 1412 2143 est,etc.
1450 2070 1702 2143 Pulchre,
1740 2070 2099 2143 utisoletfac
2128 2073 2412 2139 perSpicue
2451 2071 2543 2123 Dei
2573 2072 2960 2143 perfectionem
2994 2088 3058 2125 ex
3103 2076 3206 2127 hoc
3239 2074 3429 2143 capite
3462 2074 3671 2130 Lessins

412 2141 606 2212 probat
640 2142 730 2198 lib.
767 2157 862 2204 vn,
889 2141 963 2193 De
985 2142 1397 2208 perfectionibus
1420 2142 1632 2204 divinis,
1662 2156 1785 2211 cap.
1815 2142 1869 2205 2,
1899 2142 2109 2203 dicens,
2138 2143 2453 2212 Dionysium
2502 2143 2588 2196 hic
2616 2141 2812 2196 afferre
2837 2154 3073 2211 quatuor
3097 2141 3347 2199 rationes
3370 2185 3384 2205 .
3409 2161 3512 2200 cur
3549 2147 3675 2201 Deus

411 2215 625 2266 dicatur
649 2212 940 2280 perfectus.

483 2282 685 2345 Prima,
711 2282 836 2350 quia
868 2292 953 2336 est
976 2283 1287 2355 αὐτοτελής,
1316 2283 1368 2336 id
1395 2292 1476 2355 est
1506 2299 1600 2349 per
1630 2300 1685 2335 se
1711 2284 1994 2355 perfectus,
2028 2297 2155 2355 quo
2195 2282 2534 2351 significatur
2564 2281 2710 2355 illum
2737 2299 2841 2337 non
2865 2285 3167 2355 accepisse
3191 2284 3589 2353 perfectionem
3616 2289 3674 2340 ab

413 2354 544 2419 alio,
567 2355 683 2406 sive
716 2364 775 2405 ut
806 2368 835 2405 a
866 2367 1027 2424 causa
1063 2353 1332 2409 elliciente
1362 2354 1477 2424 sive
1508 2362 1564 2405 ut
1596 2368 1624 2405 a
1654 2368 1816 2407 causa
1848 2353 2081 2417 foruiali,
2111 2353 2256 2424 sicut
2283 2355 2341 2406 lit
2368 2356 2420 2407 in
2450 2354 2742 2417 creaturis,
2782 2354 2875 2407 sed
2902 2356 3104 2409 habere
3127 2369 3353 2408 onmem
3395 2355 3673 2424 perfectio-

415 2441 537 2479 nem
564 2440 593 2477 a
625 2424 735 2477 sola
769 2423 1173 2490 simplicissima
1206 2423 1439 2478 essentia
1473 2438 1601 2488 sua;
1624 2425 1766 2476 unde
1796 2424 1965 2492 ipsius
2002 2422 2264 2491 perfectio
2291 2438 2393 2477 nou
2418 2426 2698 2492 Consurgit
2727 2439 2791 2476 ex
2819 2424 3257 2479 arcuninlatione
3283 2422 3576 2480 multarum
3602 2442 3671 2481 re-

419 2513 560 2575 rum,
585 2496 729 2548 sicut
768 2495 821 2547 iu
857 2496 1151 2575 creaturis,
1172 2510 1403 2565 quarum
1434 2492 1580 2546 nulla
1607 2494 1711 2575 dici
1741 2502 1920 2575 potest
1950 2493 2265 2575 αὐτοτεξής,
2292 2496 2387 2574 sed
2415 2509 2477 2548 ex
2505 2511 2607 2575 uqa
2634 2509 2693 2547 re
2723 2494 3147 2562 simplicissima,
3166 2510 3293 2564 quae
3321 2497 3555 2563 ipsemet
3581 2509 3670 2562 εει,

415 2576 468 2619 et
501 2569 573 2621 ita
603 2582 698 2633 per
720 2580 799 2629 se,
826 2566 1121 2618 secundum
1149 2562 1311 2617 omne
1339 2579 1507 2633 genus
1542 2562 1910 2632 perfectionis,
1931 2574 2015 2617 est
2041 2562 2493 2633 perfeCtissimus.

488 2636 765 2698 Secunda,
790 2637 917 2703 quia
948 2643 1031 2689 est
1058 2634 1389 2705 ὑπερτελής.
1422 2634 1472 2686 id
1498 2643 1578 2687 est
1612 2636 2053 2702 superperfectus,
2091 2633 2194 2687 hoc
2221 2644 2305 2687 est
2333 2637 2478 2689 omni
2502 2633 2833 2704 perfectione
2854 2636 3206 2702 conceplibili
3233 2638 3495 2705 superior
3515 2646 3565 2690 et
3590 2654 3671 2692 ex-

418 2707 742 2773 cellentior;
777 2705 911 2759 nihil
942 2706 1088 2777 enim
1122 2721 1151 2758 a
1182 2713 1574 2777 iiientecreata
1600 2714 1708 2757 tam
1740 2720 2033 2777 niagiiuni,_
2055 2715 2163 2757 tam
2196 2706 2535 2777 ex_iiiiiiiinet
2568 2706 2864 2772 excellens,
2889 2715 3065 2775 potest
3096 2709 3358 2776 c03itari,
3389 2711 3517 2777 quin
3547 2709 3670 2763 Deus

422 2777 679 2831 inlinities
702 2778 773 2830 sit
800 2776 1157 2829 excellentior
1185 2786 1238 2829 et
1275 2776 1464 2844 major.
1497 2774 1617 2847 lloc
1654 2777 1948 2828 denotatur
1978 2775 2067 2828 illa
2094 2789 2224 2847 voce
2251 2774 2578 2847 ὑπερτελής.

491 2847 699 2910 Tertia,
733 2848 859 2916 quia
893 2863 998 2900 non
1024 2859 1207 2914 ροιεει
1235 2849 1422 2904 anaeri
1451 2845 1534 2899 vel
1566 2847 1757 2905 minui.
1792 2855 2044 2913 tanquam
2070 2845 2253 2899 omnia
2289 2845 2581 2912 anticipata
2616 2854 2671 2901 et
2697 2855 2962 2915 prmcepta
2992 2860 3089 2915 per
3119 2861 3281 2903 suam
3313 2851 3603 2906 essentiam
3628 2850 3669 2903 in

418 2934 477 2972 se
505 2918 810 2973 continens.

493 2988 726 3055 Quarta,
751 2988 877 3057 quia
905 2987 977 3042 ita
1001 2986 1192 3055 plenus
1214 2996 1269 3041 et
1303 2985 1660 3056 superplenus
1679 2995 1763 3040 est
1782 2987 2035 3043 omnibus
2063 2986 2245 3053 bonis,
2276 2996 2336 3042 ut
2363 2987 2534 3042 veluti
2562 2987 2687 3045 fons
2720 2987 3077 3043 inexhaustus
3106 2988 3385 3045 exuberet
3416 3000 3473 3046 et
3498 2992 3670 3045 redue-

424 3060 513 3113 det
542 3072 801 3127 perpeiua
835 3068 890 3112 et
918 3058 1225 3112 incessabili
1252 3057 1540 3127 largitione
1567 3058 1830 3110 donorum
1860 3058 1912 3111 in
1947 3074 2140 3114 omnes
2170 3075 2259 3115 res
2281 3071 2514 3113 creatas.

500 3130 650 3185 Unde
680 3142 847 3197 patet,
875 3128 1040 3181 lie.qu
1069 3129 1172 3182 dici
1202 3128 1803 3200 perfectuiii,_quia_est
1842 3132 2235 3200 auctoromnis
2264 3129 2620 3199 perfectionis
2657 3129 2923 3183 naturalis
2950 3137 3004 3184 et
3034 3131 3489 3200 supernaturalis
3530 3134 3577 3187 iu
3602 3147 3669 3187 re-

424 3201 527 3259 bus
548 3196 824 3263 oumihus,
860 3214 889 3251 a
923 3200 1153 3270 summis
1175 3209 1231 3252 et
1256 3199 1356 3267 ipsi
1389 3196 1747 3270 vicinissiinis
1771 3214 1946 3268 usque
1978 3199 2044 3253 ad
2073 3196 2373 3265 extremas,
2398 3215 2428 3252 a
2459 3201 2631 3269 prima
2662 3200 2965 3253 substantia
2988 3196 3245 3268 separata
3278 3217 3456 3270 usque
3480 3205 3543 3256 ad
3572 3204 3669 3257 inli-

427 3290 571 3327 mam
596 3272 907 3333 materiam,
934 3278 987 3321 et
1007 3269 1179 3336 ipsius
1212 3271 1421 3322 radium
1447 3269 1759 3337 pertingere
1788 3273 1854 3340 ad
1878 3271 2082 3334 omnia,
2109 3271 2269 3340 idque
2316 3287 2420 3324 non
2445 3271 2613 3325 semel
2644 3280 2877 3334 tantum,
2912 3272 3004 3324 sed
3037 3270 3263 3326 assidue
3298 3269 3668 3327 et’indesinen-

429 3355 530 3398 ter.
556 3341 673 3395 Non
701 3340 844 3394 enim
890 3340 1021 3411 satis
1046 3346 1129 3411 est
1160 3340 1326 3393 Deum
1346 3353 1460 3411 sua
1488 3342 1629 3391 dona
1663 3339 1853 3411 semel,
1887 3340 2000 3393 sive
2037 3339 2297 3404 materiae,
2336 3341 2449 3395 sive
2488 3344 2699 3411 gratim,
2731 3342 2846 3394 sive
2868 3340 3078 3411 gloriae,
3103 3341 3399 3405 infudisse,
3430 3344 3524 3397 sed
3553 3345 3669 3397 hanc

428 3413 758 3467 infusioiiem
807 3421 862 3461 et
890 3408 1233 3477 largitionem
1273 3408 1473 3461 debere
1502 3423 1621 3461 esse
1652 3409 1969 3480 continuam
2004 3420 2058 3464 et
2090 3408 2514 3473 indesinentem;
2563 3411 2798 3480 alioquin
2850 3408 3031 3464 omnia
3075 3422 3365 3467 momento
3405 3428 3668 3467 evanesce-

426 3488 570 3536 r'eiit.
603 3481 789 3550 Neque
818 3479 988 3551 solum
1027 3480 1155 3547 quia
1187 3488 1267 3551 est
1298 3489 1490 3551 auctor
1517 3489 1573 3551 ut
1600 3478 2055 3551 causacfliciens,
2078 3482 2175 3551 sed
2194 3482 2355 3535 etiam
2384 3481 2541 3551 531
2573 3478 2702 3548 quia
2728 3490 2811 3534 est
2837 3481 3117 3548 exemplar
3138 3491 3194 3535 et
3224 3497 3487 3536 mensum
3518 3485 3667 3535 omnis

426 3552 798 3623 perfectionis.
829 3550 884 3604 In
924 3552 1085 3623 rebus
1113 3549 1486 3623 eniin_creatis
1503 3549 1709 3623 dicitur
1735 3549 1939 3623 aliquid
1968 3549 2351 3623 perfectiiiiriii
2378 3549 2598 3623 ualui-ai,
2626 3554 2753 3619 quia
2782 3562 2864 3604 est
2884 3566 3262 3605 commensum
3298 3568 3400 3607 suo
3424 3554 3669 3621 exempla-

428 3618 498 3686 ri,
532 3623 829 3676 secundum
860 3621 1012 3693 quod
1034 3629 1117 3673 est
1138 3619 1416 3693 conditum
1449 3618 1500 3693 in
1536 3619 1624 3672 tali
1658 3618 1872 3693 specie;
1900 3622 2039 3673 sicut
2064 3621 2119 3673 in
2143 3621 2422 3676 artefaclis
2445 3622 2495 3674 id
2529 3634 2611 3675 est
2645 3618 2966 3693 perfeciiim,
2994 3624 3138 3689 quod
3172 3633 3373 3675 exacte
3397 3618 3667 3693 respondet

429 3694 716 3763 concrptui
751 3702 797 3744 et
844 3690 1047 3763 regulis
1075 3690 1422 3763 artis;_unde
1446 3689 1627 3763 ipsum
1658 3690 1940 3763 exemplar
1968 3700 2051 3745 est
2080 3708 2173 3759 per
2207 3707 2266 3745 se
2302 3702 2355 3746 et
2380 3689 2718 3761 originaliier
2749 3692 3075 3760 perfectum,
3110 3695 3322 3759 alisque
3356 3689 3591 3762 respectu
3613 3696 3665 3746 ad

430 3759 894 3831 aliiiil,'taiiquam
927 3762 1099 3828 prima
1140 3759 1487 3827 perfectionis
1530 3761 1739 3830 regula.
1778 3763 1966 3829 Itaque
2006 3763 2119 3830 ipse
2149 3765 2419 3831 perfectus
2465 3759 2689 3826 dicitur,
2739 3759 2794 3816 et
2836 3773 3092 3830 tanquam
3128 3763 3254 3815 fons
3282 3779 3350 3816 ex
3382 3759 3488 3831 quo
3516 3764 3664 3816 omnis

430 3836 701 3909 perfectio
732 3843 943 3909 natura:
976 3832 1271 3909 in_oninia_,
1310 3844 1431 3899 qua:
1457 3832 1642 3901 aliquo
1675 3835 1836 3886 modo
1874 3841 2023 3891 sunt,
2059 3843 2264 3896 manat,
2294 3843 2349 3888 et
2389 3845 2645 3901 tanquam
2677 3848 2953 3897 mensura,
2983 3848 3047 3885 ex
3081 3832 3239 3900 cujus
3279 3835 3665 3889 commcnsionc

432 3900 546 3981 ipsa
575 3906 923 3981 perfectionis
950 3900 1086 3981 ratio
1107 3903 1324 3970 pendet.

506 3970 639 4036 lliiic
665 3994 729 4034 ex
757 3978 946 4031 eodem
978 3972 1163 4045 Lessm
1195 3988 1313 4038 cap.
1343 3970 1402 4045 1,!
1422 3973 1614 4043 collige
1644 3974 1985 4045 quadruplex
2022 3974 2312 4027 discrimen
2348 3976 2489 4031 inter
2518 3973 2911 4044 perfectionem
2947 3972 3037 4025 Dei
3089 3982 3146 4028 et
3198 3984 3477 4029 creatura:
3526 3974 3661 4028 etiam

433 4048 928 4108 excellentissiman
958 4044 1226 4105 Primum,
1259 4043 1404 4110 quod
1435 4045 1573 4097 Deus
1596 4043 1701 4099 non
1729 4045 1928 4099 habeat
1954 4046 2343 4113 perfectionem
2373 4056 2426 4097 et
2462 4043 2842 4100 excedentium
2873 4060 3024 4095 suam
3057 4047 3125 4097 ab
3152 4046 3283 4110 alio,
3312 4047 3410 4101 sed
3436 4064 3463 4097 a
3495 4061 3551 4099 se
3570 4057 3662 4097 ian-

433 4135 571 4189 tum,
608 4124 724 4190 ipse
748 4114 1952 4190 euinrestprimus_actus,‘_priinaperfectio,
1986 4127 2040 4169 et
2063 4120 2293 4184 primum
2321 4117 2524 4170 bonum
2558 4116 2924 4190 independcns
2950 4113 3018 4167 ab
3040 4119 3190 4168 omni
3224 4118 3359 4190 alio,
3398 4117 3516 4190 fons
3544 4118 3661 4168 inci-

433 4182 661 4249 haustus
692 4190 871 4245 omnis
898 4186 1021 4240 boni
1045 4194 1099 4237 et
1126 4182 1318 4257 omnis
1340 4182 1722 4257 perfectionis;
1751 4182 2165 4257 creaturav‘ero
2188 4202 2403 4239 onmem
2434 4202 2587 4240 suam
2616 4183 3006 4257 perfectionem
3042 4196 3098 4238 et
3129 4188 3442 4240 bonitatem
3467 4189 3609 4239 habet
3638 4202 3660 4233 a

436 4266 566 4321 Deo.
604 4264 759 4316 Sicut
785 4261 838 4312 in
883 4259 1045 4377 i'elbus
1075 4255 1351 4325 corporeis
1375 4254 1456 4310 sol
1481 4256 1644 4312 habet
1666 4257 1847 4312 lumen
1878 4273 1909 4311 a
1955 4256 2156 4326 seipse,
2190 4256 2242 4308 id
2272 4267 2355 4311 est
2389 4271 2497 4310 non
2522 4258 2591 4311 ab
2616 4254 2727 4311 alio
2753 4257 2934 4323 aliquo
2955 4271 3209 4324 corpore,
3238 4260 3421 4312 stella:
3444 4271 3563 4310 vero
3584 4259 3662 4308 ha-

440 4338 568 4377 ιιμηι
598 4335 776 4377 lumen
811 4345 839 4377 a
870 4342 929 4377 so
954 4344 1002 4377 e.

436 4338 568 4387 bent
597 4335 776 4386 lumen
811 4345 839 4380 a
870 4335 1002 4381 sole.

512 4403 647 4456 llinc
666 4400 912 4470 sequitur
928 4398 1157 4452 alterum
1183 4395 1501 4471 discrimen,
1521 4397 1665 4471 quod
1692 4396 1955 4469 perfectio
1980 4398 2072 4453 Dei
2094 4399 2179 4471 psit
2208 4412 2432 4467 prorsus
2457 4398 2727 4452 illimitata
2751 4407 2805 4471 et
2825 4396 3055 4465 infinita,
3087 4408 3278 4452 creatu
3290 4414 3363 4453 rae
3398 4412 3522 4452 vero
3549 4397 3659 4450 limi-

441 4484 549 4527 tata
579 4482 635 4527 et
670 4467 895 4525 astricta
922 4470 989 4521 ad
1012 4479 1218 4521 certam
1242 4467 1504 4536 Speciem.
1534 4467 1668 4524 Cum
1693 4467 1841 4524 enim
1876 4470 2141 4538 perfectio
2168 4471 2346 4524 divina
2380 4485 2484 4523 non
2511 4471 2583 4522 sit
2613 4471 2681 4523 ab
2714 4469 2841 4531 alio,
2874 4486 2980 4525 non
3021 4471 3189 4524 liabet
3226 4486 3255 4521 a
3292 4486 3407 4539 quo
3440 4471 3659 4522 liiiiitetut

439 4556 535 4599 aut
561 4556 874 4601 mensuram
902 4539 1151 4607 accipiat;
1174 4555 1238 4609 ac
1261 4538 1482 4609 proinde
1505 4555 1726 4594 necesse
1757 4548 1839 4593 est
1872 4556 2093 4599 manere
2130 4540 2453 4593 illimitatam
2488 4541 2541 4592 in
2573 4540 2929 4607 amplitudine
2946 4541 3029 4593 sui
3059 4538 3395 4609 conceptus;
3433 4550 3658 4594 creatura

439 4634 568 4670 vero
606 4612 871 4685 perfectio
907 4627 1028 4663 cum
1056 4611 1127 4665 sit
1156 4624 1183 4660 a
1206 4608 1631 4685 Deo._limitatur
1659 4615 1953 4685 secundum
1985 4612 2391 4685 modiiiu‘quem
2436 4611 2486 4663 ei
2504 4609 2746 4685 imponit
2793 4613 2974 4664 divina
3009 4608 3305 4682 sapientia,
3340 4614 3488 4666 sicut
3514 4610 3658 4663 omnia

440 4681 772 4755 Opera—artis
804 4697 1113 4755 mensuram
1151 4689 1204 4732 et
1231 4683 1447 4731 modum
1480 4692 1535 4755 et
1560 4683 1851 4735 terminum
1884 4682 2246 4755 accipiuntab
2278 4690 2396 4755 arte
2427 4681 2661 4755 (uiilicis.

513 4758 780 4819 Tertium,
807 4757 954 4822 quod
990 4751 1135 4809 Deus
1162 4764 1378 4805 omnem
1413 4751 1800 4823 perfectionem
1828 4769 1981 4807 suam
2008 4753 2203 4806 habeat
2232 4767 2330 4819 per
2355 4752 2655 4819 simplicem
2685 4769 2837 4809 suam
2865 4755 3180 4818 essentiam,
3208 4753 3357 4805 nulla
3386 4753 3493 4806 alia
3516 4751 3659 4804 farina

445 4832 528 4884 vel
558 4834 717 4882 modo
752 4829 880 4880 reali
910 4825 1231 4895 accedente;
1265 4839 1422 4877 secus
1448 4823 1503 4877 in
1544 4827 1831 4879 creaturis.
1865 4827 2016 4877 Nulla
2048 4826 2192 4877 enim
2230 4832 2478 4895 creatura
2508 4826 2686 4895 habet
2723 4841 2938 4878 onmem
2975 4828 3377 4895 perfectionem
3413 4842 3505 4893 per
3536 4838 3659 4875 suam

442 4900 760 4962 essentiam,
803 4900 896 4949 sed
934 4911 1068 4963 opus
1094 4904 1177 4945 est
1204 4894 1430 4949 intinitis
1460 4898 1851 4964 propemodum
1881 4895 2070 4947 formis
2100 4905 2153 4946 et
2176 4893 2603 4963 perfectionibus
2625 4893 3059 4963 aCCtSSOI'lls,_ul
3081 4900 3324 4964 perlecta
3349 4897 3446 4961 sit,
3474 4906 3523 4947 ut
3544 4902 3658 4964 patet

447 4974 498 5023 iu
533 4971 761 5038 angelis,
796 4982 1027 5039 quorum
1060 4974 1239 5039 tamen
1279 4978 1473 5021 natura
1502 4966 1642 5039 inter
1670 4965 1999 5021 subsmiitias
2031 4977 2245 5039 creatas
2276 4975 2359 5039 est
2390 4965 2795 5039 simplicissima
2844 4979 2898 5021 et
2941 4967 3346 5036 perfectissima
3403 4983 3418 5017 :
3468 4977 3521 5019 ut
3548 4968 3658 5039 enini

444 5036 690 5096 omittam
715 5036 991 5106 potentias
1011 5046 1066 5089 et
1090 5037 1302 5105 species
1336 5037 1722 5105 intelligibilcs,
1756 5052 1893 5107 opus
1930 5048 2015 5092 est
2051 5038 2155 5088 illis
2197 5037 2445 5105 plurimis
2468 5036 2744 5091 habilibus
2785 5048 2838 5092 et
2882 5038 3371 5105 “lustrationibus,
3407 5046 3464 5092 et
3487 5037 3658 5089 aclilan'

445 5121 559 5165 tum
588 5112 897 5163 intellectus
931 5120 1040 5160 tum
1071 5111 1386 5171 voluntatis,
1423 5120 1477 5161 ut
1503 5107 1726 5175 perfecti
1751 5118 1881 5163 suit.
2240 5148 2243 5151 -

517 5182 656 5236 Hinc
675 5182 930 5253 sequitur
957 5189 1209 5253 quartum
1239 5183 1555 5242 discrimen,
1579 5182 1725 5253 quod
1750 5182 1926 5231 divina
1952 5176 2217 5253 perfectio
2252 5192 2358 5229 non
2384 5177 2555 5245 possit
2584 5193 2819 5247 unquam
2838 5181 3020 5249 augeri
3044 5179 3131 5253 vel
3160 5180 3336 5253 minui
3366 5198 3382 5234 :
3408 5195 3527 5233 cum
3548 5180 3657 5232 enim

446 5263 568 5308 actu
598 5250 795 5305 habeat
826 5266 1041 5304 onmem
1069 5252 1452 5318 perfectionem
1491 5252 1823 5319 pOsSIbileni,
1856 5252 2001 5305 nulla
2036 5250 2084 5300 ei
2115 5252 2227 5299 fieri
2262 5259 2442 5315 potest
2489 5266 2769 5316 accessio;
2801 5264 2855 5305 et
2887 5269 3009 5305 cum
3050 5252 3253 5305 habeat
3298 5252 3449 5303 illam
3488 5267 3573 5319 per
3596 5266 3657 5299 es-

446 5326 680 5393 sentiam
708 5332 763 5376 ct
797 5338 827 5375 a
856 5338 935 5387 se,
986 5338 1090 5373 non
1121 5333 1297 5393 potest
1334 5322 1386 5378 ei
1424 5324 1529 5375 ulla
1570 5324 1683 5376 fieri
1717 5323 2004 5375 detractio.
2042 5320 2278 5393 Oportet
2311 5319 2454 5393 enim
2482 5320 2658 5388 ipsum
2686 5324 2977 5376 essentiam
3008 5338 3161 5376 suam
3198 5324 3486 5382 amittere,
3530 5319 3657 5374 utvcl

450 5389 731 5451 mini-mum
753 5394 884 5462 quid
909 5410 1021 5447 sua:
1050 5389 1403 5462 perfectionis
1431 5396 1681 5459 deserat;
1704 5403 1969 5448 creatura:
2000 5404 2127 5443 vero
2155 5389 2417 5456 perfectio
2440 5399 2616 5457 potest
2645 5403 2697 5444 et
2721 5395 2839 5448 sine
2866 5397 2973 5446 line
3006 5395 3217 5461 augeri,
3244 5404 3301 5446 et
3336 5409 3509 5462 usque
3537 5395 3579 5446 iii
3604 5394 3657 5443 iii-

450 5464 620 5521 hilum
650 5461 922 5520 imminui.
956 5464 1183 5517 Possent
1213 5468 1376 5518 etiam
1402 5466 1580 5530 angeli
1606 5477 1660 5517 et
1685 5466 1934 5517 homines
1964 5461 2129 5520 beati,
2159 5465 2267 5512 fleo
2298 5464 2370 5512 ita
2404 5467 2744 5530 dispOiiente,
2770 5480 3018 5520 crescere
3042 5478 3164 5519 sine
3196 5468 3439 5519 termino
3467 5468 3514 5518 in
3542 5472 3656 5517 clari-

453 5547 561 5591 tate
591 5538 819 5590 visionis
849 5535 1044 5589 divina:
1067 5545 1328 5591 clamore
1354 5539 1625 5602 beatifico,
1654 5548 1709 5593 et
1737 5537 1907 5592 etiam
1937 5545 2096 5587 omne
2125 5535 2328 5589 bonum
2354 5545 2510 5584 suum
2542 5537 2812 5589 aiiiiitere.

1770 5698 2003 5752 VARIAS
2048 5697 2439 5757 LECTIONES.

596 5813 640 5844 "
674 5813 998 5887 ἀποκάμοις,
1036 5817 1093 5870 ι).
1188 5818 1229 5847 ⁷⁰
1266 5818 1358 5871 7.5.".
1391 5816 1622 5885 ἀγέσθω,
1657 5818 1755 5873 Cli.
