3742 6322
82 345 211 402 8‘3
698 345 781 401 DE
816 345 1070 401 DIVINIS
1097 342 1500 407 NOMINIBUS,
1534 343 1688 399 CAP.
1727 345 1866 401 XIII.
1894 377 1962 384 —
1997 345 2349 401 PARRPHR.
2387 345 2835 403 PACIIYMERAS
3283 350 3389 404 986

170 460 204 529 §
374 460 460 515 Un
505 480 524 513 ς
554 473 758 534 autem,
787 464 909 529 quia
932 462 1208 534 euomuit:
1232 464 1404 524 unice,
1424 473 1529 516 etc.
1558 460 1695 515 IIinc
1719 460 2143 534 Cyparissiotus,
2178 463 2380 519 decade
2412 480 2467 530 ι,
2502 464 2811 534 Tlieologiie
2850 465 3156 519 materiatae
3200 467 3388 530 decem

81 532 396 598 Capitibus
420 548 449 586 c
473 533 712 585 mchnlit.
742 533 922 585 Primo
968 550 979 584 :
1025 531 1139 584 Non
1166 542 1422 598 oportere
1447 547 1696 601 quaarere
1728 532 1778 583 111
1806 531 2095 593 Triuitate,
2121 547 2241 600 qua:
2267 549 2428 599 supra
2450 531 2813 587 sanIantiam
2833 543 2934 596 est,
2958 536 3177 590 habitus
3202 549 3255 590 et
3280 540 3392 595 dis-

84 602 463 666 positiones;
510 618 683 671 neque
713 618 834 657 esse
871 604 1051 671 aliqua
1085 602 1230 656 circa
1262 603 1431 667 ipsam
1465 618 1588 670 qnic
1631 601 2155 671 substantiamejus
2201 606 2529 669 compleant.
2577 605 2870 658 Secundo:
2907 604 3021 658 Non
3059 622 3179 660 esse
3220 610 3387 665 etiam

78 670 873 748 accidentiaquaepiamqqna:
908 670 973 726 in
996 673 1299 748 substantia
1324 672 1441 748 ejus
1468 674 1774 737 exsistant;
1813 686 1912 726 nec
1935 670 2272 729 differentias
2286 675 2672 748 substantiales
2698 676 2751 729 iu
2793 677 2903 744 ipsa
2934 676 3180 747 intelligi,
3212 679 3389 748 siqni-

82 743 225 812 dem
253 752 322 797 ct
356 744 408 797 in
440 745 795 812 incorporeis,
834 760 956 811 quae
992 744 1060 797 ab
1088 744 1200 807 ipsa
1234 744 1493 809 producta
1532 752 1678 805 sunt,
1710 757 1817 795 non
1852 752 2065 811 Oportet
2103 759 2350 811 quaerere
2386 744 2747 799 differentiam
2775 743 3131 811 substantia;
3146 760 3201 801 et
3223 743 3387 804 ener-

81 810 226 886 giae,
252 828 404 881 nequ
429 837 459 876 -,
501 810 754 882 tanquam
785 810 930 867 aliud
962 816 1029 867 ab
1054 814 1178 875 alio,
1200 814 1309 886 i513
1340 823 1396 866 nt
1426 814 1694 886 exsistant
1725 810 2003 866 accidere.
2040 812 2244 886 Tertio,
2276 819 2415 882 quod
2449 815 2501 868 in
2532 818 2760 881 unitate,
2799 833 2919 885 qua:
2943 810 3109 886 supra,
3132 820 3386 875 substan-

84 883 232 956 tiani
271 894 511 956 est,ittou
534 887 605 938 sit
628 886 917 953 quaerenda
951 886 1150 956 ubique
1180 882 1481 936 differentia
1508 894 1791 956 causanet
1815 898 2031 956 causam
2062 883 2333 946 habentis,
2367 886 2455 939 ubi
2481 900 2547 939 ex
2578 888 2754 954 seipsa
2780 882 2977 941 dicitur
3004 882 3297 956 exsistere;
3332 902 3385 945 et

86 954 187 1005 tibi
217 966 296 1005 ex
330 955 502 1022 seipsa
530 957 710 1023 prodit
744 971 838 1008 sua
867 958 1080 1025 energia
1105 955 1220 1007 sive
1243 956 1521 1019 operatio;
1548 960 1604 1008 et
1633 953 1722 1008 ubi
1751 969 1816 1025 ex
1839 954 2040 1025 seipse,
2074 966 2129 1007 et
2159 971 2257 1023 per
2290 958 2552 1023 seipsam,
2589 953 2923 1025 adseipsam
2954 972 3177 1013 remeat.
3208 953 3386 1024 Quar-

86 1030 171 1084 to,
210 1026 374 1091 quod
404 1026 455 1079 iu
481 1028 691 1080 imitate
728 1023 1019 1080 Trinitatis
1037 1034 1414 1097 nouoporteat
1453 1038 1704 1097 quaerere
1738 1024 1885 1097 aliud
1920 1023 2309 1097 substantiam,
2350 1037 2407 1081 et
2448 1027 2593 1081 aliud
2634 1023 2914 1096 energiain
2960 1030 3076 1084 sive
3106 1032 3385 1097 operatio-

84 1107 264 1170 tieiii;
302 1109 479 1164 neque
512 1098 615 1170 tegi
639 1097 983 1170 IIOlIIOIIyIIlia
1016 1096 1162 1150 verbi
1193 1096 1454 1170 energima,
1484 1110 1587 1170 nec
1609 1095 1923 1149 existimare
1949 1110 2051 1147 non
2080 1095 2221 1149 idem
2253 1111 2372 1151 esse
2406 1097 2457 1150 in
2485 1112 2547 1152 ea
2598 1095 2964 1153 substantiam
2998 1109 3052 1152 et
3078 1095 3381 1170 energiaiu.

85 1163 347 1239 Quinto,
375 1163 517 1233 quod
553 1163 604 1220 iii
632 1163 862 1229 unitate,
896 1182 1017 1237 quae
1039 1182 1201 1235 supra
1223 1165 1590 1239 substantiam
1617 1175 1721 1239 est,
1762 1175 2155 1239 i_ion_oportea_t
2180 1182 2427 1236 qnzcrerc
2458 1170 2736 1237 energiam
2772 1186 2868 1239 per
2899 1184 2956 1224 se
2974 1172 3091 1224 sine
3129 1163 3384 1226 substan-

87 1234 191 1293 tia,
233 1244 299 1288 et
330 1252 433 1289 non
460 1252 558 1304 per
573 1233 1046 1312 se__exsisteniem_;
1082 1233 1256 1312 neque
1282 1237 1524 1312 cogitare
1549 1235 1709 1312 simul
1739 1234 1887 1289 aliud
1917 1237 2049 1303 quid
2073 1233 2341 1307 cuniipsa
2377 1233 2618 1312 unitate;
2646 1233 2824 1308 neque
2850 1241 2923 1293 ab
2956 1241 3384 1312 eardistinguere

88 1319 263 1357 suam
297 1312 598 1376 energiam.
625 1309 819 1371 Sexto,
843 1309 985 1376 quod
1016 1309 1070 1361 in
1098 1308 1307 1360 unitate
1338 1307 1624 1360 'l‘riuitatis
1648 1322 1753 1358 non
1779 1314 2029 1375 oporteat
2060 1322 2307 1376 quaerere
2338 1308 2485 1362 aliud
2514 1307 2870 1364 substantiam
2907 1322 2963 1365 et
2989 1311 3134 1365 aliud
3164 1307 3382 1367 bo'nita-

88 1384 235 1438 tem,
268 1392 379 1431 uec
401 1379 545 1432 aliud
582 1378 811 1433 formam
837 1388 889 1433 et
917 1377 1063 1431 aliud
1083 1378 1470 1442 substantiam,
1504 1391 1603 1430 nec
1634 1376 1783 1430 aliud
1813 1377 1975 1430 vitam
2008 1379 2090 1430 vel
2116 1380 2445 1446 sapientiam
2482 1379 2565 1432 vel
2598 1381 2877 1444 virtutem,
2919 1381 3065 1434 aliud
3094 1397 3223 1435 vero
3246 1384 3378 1437 sub-

84 1446 656 1526 sta-iitiaiuejusdem:
690 1451 961 1526 Septimo,
999 1466 1103 1502 non
1141 1450 1269 1526 item
1302 1447 1652 1526 quazt'endum
1684 1447 1849 1526 ¹11111111
1890 1449 2422 1526 esse__cng_nit_ionein
2457 1449 2610 1526 ejus,
2646 1453 2727 1503 vel
2772 1453 3097 1526 charitatem
3122 1452 3260 1526 ejus,
3296 1453 3379 1506 vel

87 1515 579 1589 pulchritudinem
611 1515 863 1585 cius,'vel
898 1518 1364 1589 immortalitatem
1395 1518 1531 1583 ejus,
1559 1529 1613 1570 et
1645 1517 1748 1571 alia
1780 1518 2065 1583 ejusmodi,
2100 1515 2248 1572 aliud
2275 1534 2403 1573 vero
2434 1515 2767 1589 singularem
2798 1522 2917 1587 ejus
2940 1515 3300 1575 substantiam
3327 1534 3381 1577 et

85 1588 492 1662 essistentiani
522 1604 852 1662 supraquam
905 1590 1167 1662 divinam.
1190 1587 1417 1653 Octavo,
1443 1589 1587 1662 quod
1622 1589 1676 1641 in
1715 1590 1925 1662 unitate
1950 1603 2115 1657 supra
2149 1587 2644 1662 substantiamiiou
2669 1601 2918 1658 oporteat
2954 1608 3221 1659 quaerere,
3252 1594 3377 1660 quia

86 1656 212 1732 haec
264 1669 379 1732 est
405 1656 608 1723 omnia,
641 1656 844 1714 idcirco
876 1661 1039 1713 multa
1065 1660 1180 1728 ejus
1210 1674 1368 1732 esse;
1401 1656 1471 1732 ct
1498 1658 1964 1732 diversatomnia;
1997 1656 2080 1732 est
2111 1660 2256 1732 enim
2282 1676 2345 1714 ea
2382 1661 2563 1713 omnia
2606 1656 2720 1727 ipsa
2754 1662 2937 1715 divina
2972 1656 3032 1715 et
3072 1662 3230 1716 beata
3262 1656 3381 1732 ejus

86 1727 445 1792 substantia,
472 1746 590 1798 qua:
618 1733 778 1803 habet
806 1732 1012 1795 omnia,
1044 1727 1149 1784 11011
1178 1730 1361 1803 utalia
1401 1731 1453 1783 in
1489 1729 1616 1792 alio,
1648 1731 1743 1783 sed
1772 1728 1891 1803 sine
1926 1729 2245 1803 habitudine
2281 1740 2334 1785 et
2360 1731 2608 1803 collecte,
2654 1732 2787 1784 nihil
2825 1732 3029 1803 habens
3072 1727 3307 1803 duplex;
3326 1742 3381 1787 et

84 1811 264 1865 supra
295 1815 464 1854 omne
493 1817 679 1855 unum.
707 1801 884 1865 Nono,
917 1803 1060 1869 quod
1087 1803 1140 1855 in
1174 1802 1407 1861 unitate,
1437 1815 1562 1869 qua:
1586 1814 1753 1871 supra
1773 1801 2130 1871 substantiam
2163 1811 2268 1863 est,
2301 1817 2479 1869 neque
2508 1802 2835 1870 principium
2881 1802 3000 1868 ejus
3052 1801 3289 1871 reperire
3318 1806 3380 1855 11-

84 1880 237 1932 ceat,
278 1884 464 1939 neque
496 1874 758 1935 medium,
782 1886 955 1940 neque
988 1874 1147 1925 linem
1175 1888 1189 1939 ;
1254 1886 1429 1937 neque
1454 1869 1749 1937 sitaliqnid
1784 1878 1974 1942 totum,
2009 1869 2135 1939 quia
2166 1870 2217 1923 in
2246 1887 2576 1940 unoquoque
2603 1886 2791 1925 eorum
2849 1890 2970 1942 qua.-
2998 1869 3379 1941 intelliguntur

85 1948 177 1991 est
202 1949 326 2012 tota
364 1954 418 1995 et
445 1942 596 2009 sola;
647 1957 823 2011 neque
852 1944 922 1994 sit
955 1942 1159 2012 aliquid
1198 1956 1386 1999 eorum
1413 1956 1534 2010 quae
1561 1950 1711 2003 sunt,
1750 1940 2026 2012 quiauipsu
2059 1951 2138 1994 est
2171 1942 2393 2006 omnia;
2437 1958 2613 2009 neque
2656 1945 2824 1996 liceat
2860 1940 2969 1997 uno
3002 1946 3222 1997 nomine
3252 1961 3378 1997 eam

82 2011 418 2077 coiiiplecti.
456 2008 699 2075 Decimo,
725 2008 866 2080 quod
902 2008 1081 2065 unitas
1113 2010 1403 2065 Trinitatis
1431 2008 1604 2079 supra
1629 2025 1846 2082 omnem
1872 2008 2031 2081 532
2064 2013 2430 2066 substantiam
2458 2008 2549 2075 sit,
2581 2023 2633 2064 et
2660 2029 2823 2082 supra
2860 2028 3076 2066 omnem
3114 2017 3376 2067 unitatem

83 2089 133 2153 et
172 2083 495 2153 trinitatem
527 2085 682 2137 nobis
714 2082 1019 2153 cognitam;
1044 2092 1098 2135 et
1121 2084 1263 2151 quod
1294 2096 1472 2150 neque
1503 2080 1807 2153 substantia
1841 2094 1932 2145 sit,
1958 2098 2062 2136 nec
2091 2083 2293 2144 unitas,
2330 2099 2505 2151 neque
2530 2080 2745 2136 trinitas
2775 2088 2844 2137 ab
2877 2085 2984 2137 ullo
3008 2087 3248 2153 cognita,
3279 2101 3379 2139 nec

84 2150 344 2216 infinita,
382 2165 477 2208 aut
526 2155 579 2207 111
620 2150 806 2209 multis
865 2150 1172 2207 numerata.
1211 2153 1341 2206 Vide
1387 2159 1501 2206 haec
1551 2152 1695 2219 apud
1751 2150 2181 2221 Cyparissiotuni
2245 2167 2344 2219 per
2409 2150 2596 2208 decem
2652 2155 2831 2221 capita
2896 2150 3377 2220 fusius'deducta,

82 2231 136 2342 5;.
174 2238 250 2303 ex
309 2222 566 2279 Patribus
603 2241 669 2280 ac
705 2226 1004 2295 Scripturis
1037 2225 1413 2293 comprobata.
1439 2221 1679 2279 Consule
1703 2220 1871 2276 etiam
1905 2224 1970 2280 D.
1996 2222 2283 2287 Thomam,
2325 2236 2481 2291 parte
2509 2238 2552 2289 ι,
2596 2220 2789 2292 quam.
2836 2225 2892 2291 5,
2932 2225 3008 2278 De
3034 2227 3376 2294 simplicitate

137 2308 207 2342 ei-

137 2308 207 2347 ει.

157 2362 185 2434 §
233 2363 329 2419 III.
378 2363 543 2419 Nulla
580 2377 752 2420 autem
798 2368 974 2420 unitas
1009 2365 1088 2418 vel
1116 2368 1349 2429 trinitas,
1381 2372 1512 2427 910..
1547 2362 1772 2430 explicat
1800 2378 2053 2416 arcanum
2084 2363 2238 2418 illud.
2269 2364 2401 2418 Nota
2437 2381 2560 2419 cum
2600 2366 2846 2419 alannele
2879 2365 3109 2420 Caleclia
3146 2366 3197 2419 in
3232 2365 3374 2418 libro

81 2430 492 2499 Dev'l'rmitutc,
529 2440 815 2506 imagines,
854 2451 991 2507 quas
1025 2436 1628 2507 Patt‘es‘excogitarunt
1659 2436 1724 2485 ad
1755 2437 2167 2493 assiniilandum
2197 2452 2289 2489 eas
2320 2450 2594 2506 utcunque
2622 2437 2901 2491 'l‘rinitati.
2933 2437 3232 2507 Gregorius
3264 2436 3372 2488 Na-

84 2517 394 2561 znanzenus
433 2524 555 2560 cum
581 2505 739 2562 oculo
763 2505 952 2571 fontis,
984 2520 1037 2561 et
1061 2505 1230 2571 fonte,
1251 2520 1305 2560 et
1335 2507 1497 2560 lluvio
1528 2516 1841 2574 comparat;
1880 2507 2011 2558 item
2039 2522 2164 2560 cum
2192 2508 2327 2568 Sole,
2357 2505 2532 2573 radio,
2568 2508 2807 2571 lutnine;
2852 2507 2980 2561 item
3004 2505 3131 2561 cum
3166 2514 3372 2568 mente,

83 2574 417 2647 ἐνθυμήσει,
445 2581 497 2632 id
522 2589 603 2633 est
638 2578 1099 2646 consideratione,
1122 2578 1327 2643 animo,
1359 2579 1411 2631 111
1449 2577 1647 2644 quibus
1679 2584 1895 2647 nonest
1916 2576 2111 2629 divisio
2150 2577 2230 2629 vel
2261 2579 2467 2643 sectio;
2495 2580 2624 2630 item
2660 2594 2783 2631 cum
2815 2578 3012 2647 triplici
3046 2578 3159 2633 sole
3186 2586 3241 2630 et
3266 2591 3372 2647 tina

84 2644 315 2717 luminis
348 2650 749 2703 commistione.
776 2644 1076 2717 (ἔνθεοι-11111
1107 2649 1380 2717 Nyssenus
1409 2650 1460 2701 in
1489 2647 1580 2699 lib.
1607 2648 1678 2698 De
1713 2644 1975 2698 Trinitale
2010 2648 2125 2700 haec
2155 2649 2259 2699 tria
2295 2649 2427 2701 dicit
2456 2664 2580 2701 esse
2613 2650 2662 2701 in
2694 2644 3033 2716 nobisfquac
3063 2656 3191 2702 sunt
3219 2644 3370 2712 νοῦς,

84 2714 266 2791 λόγος,
305 2718 547 2791 πνεῦμα.
588 2736 606 2770 1
642 2720 812 2785 Mens,
840 2714 1036 2787 inquit,
1062 2714 1203 2787 parit
1231 2722 1520 2779 rationem,
1545 2718 1686 2791 ratio
1718 2725 1897 2791 movet
1926 2728 2187 2791 mentem,
2222 2726 2277 2771 et
2304 2734 2480 2787 neque
2502 2734 2653 2771 meus
2676 2721 2811 2791 sine
2826 2714 3038 2791 ratione
3068 2727 3173 2780 est,
3198 2732 3375 2786 neque

83 2789 228 2840 ratio
283 2791 409 2843 sine
454 2787 674 2861 mente;
730 2792 983 2844 similiter
1031 2804 1151 2843 sme
1190 2791 1409 2857 spiritu,
1468 2789 1583 2861 qui
1618 2797 1703 2842 est
1780 2787 1834 2861 iu
1889 2788 2069 2861 nobis,
2123 2804 2229 2841 11011
2288 2791 2396 2843 erit
2431 2804 2497 2843 ex
2532 2800 2755 2861 _mente.
2799 2789 3373 2861 Iiwc,inquit,‘sunt

85 2862 346 2926 aequalia,
373 2872 428 2914 et
454 2856 695 2929 separari
721 2876 750 2913 a
776 2878 833 2915 se
860 2862 1094 2915 invicem
1128 2856 1235 2913 non
1255 2869 1503 2929 possunt.
1530 2858 1642 2920 Sic,
1668 2857 1861 2921 inquit,
1895 2858 2305 2926 intelligendum
2333 2872 2415 2914 est
2440 2860 2492 2912 in
2532 2858 2818 2912 'l‘rinitatc.
2853 2878 2872 2909 1
2913 2860 3020 2913 Alii
3046 2856 3169 2911 eum
3198 2856 3368 2921 fonte,

85 2929 251 2982 ﬂuvio
293 2941 353 2985 et
386 2932 535 2998 lacu;
562 2948 683 2985 cum
713 2933 855 3001 igne,
886 2934 1100 2985 flamina
1152 2941 1205 2982 et
1232 2928 1457 2984 lumine.
1484 2928 1721 2998 Cyrillus
1748 2943 1871 3001 cum
1906 2929 2111 2993 radice,
2142 2944 2295 2982 ramo
2328 2940 2380 2983 ct
2437 2931 2654 2990 fructu;
2692 2930 2833 2982 idem
2862 2946 2986 2983 cum
3020 2929 3215 3001 digito,
3249 2944 3370 2979 ma-

86 3016 153 3052 nu
193 3010 250 3054 et
307 3004 569 3069 brachio;
601 3012 657 3057 et
705 2999 844 3055 aiias
890 3018 1012 3056 cum
1048 3016 1193 3065 rosa,
1221 3002 1353 3055 ﬂore
1379 3013 1434 3055 et
1456 3003 1643 3054 odore.
1677 3000 1837 3052 Iuliis
1863 3001 2119 3053 omnibus
2149 3002 2501 3066 reperiuntur
2531 3003 2775 3068 quiedam
2812 2999 3195 3068 inseparabilia
3240 3012 3271 3049 a
3298 3012 3369 3069 se

88 3083 301 3137 mutuo,
335 3089 458 3139 quae
483 3084 853 3137 assumuntur,
886 3075 952 3125 ad
1001 3073 1391 3127 declarandum
1423 3082 1699 3138 utcunque
1734 3084 1855 3124 esse
1893 3080 2005 3140 tres
2035 3086 2297 3137 personas
2336 3072 2754 3140 iuseparabiles,
2802 3072 3224 3139 proprietatibus
3252 3068 3368 3140 dis-

89 3142 316 3208 tinctas,
355 3138 412 3197 et
454 3147 614 3197 unius
641 3145 984 3211 substantiae,
1019 3144 1091 3196 ita
1132 3152 1188 3195 ut
1226 3144 1292 3195 ab
1324 3143 1435 3196 alio
1475 3151 1720 3196 sumatur
1746 3140 1808 3193 τὸ
1836 3138 2160 3212 ἀχώριστον,
2220 3143 2276 3195 id
2310 3153 2396 3197 est
2422 3138 2847 3211 inseparabituas
2875 3138 3261 3212 personarum,
3297 3139 3367 3193 ab

87 3214 189 3266 alio
225 3215 289 3266 τὸ
323 3213 633 3285 ὀμοούσιον,
665 3215 717 3270 id
748 3214 1395 3272 estcwisubstautialitai.

1148 3511 1633 3571 PARAPIIRASIS
1666 3509 2116 3567 PACIIYMERAS
2155 3511 2290 3581 (50).

157 3648 183 3718 §
213 3651 255 3701 I.
309 3650 429 3701 Ἐπ’
460 3649 592 3701 αὐτὸ
618 3653 787 3721 χωρεῖ
818 3650 879 3701 τὸ
898 3650 1247 3721 ἰσχυρότατον
1269 3650 1580 3719 κεφάλαιον,
1611 3669 1635 3703 τ

1907 3651 1945 3704 1.
1989 3650 2210 3704 Transit
2254 3653 2320 3704 ad
2348 3659 2511 3718 caput
2543 3649 2693 3714 illud,
2727 3651 2869 3716 quod
2908 3651 3248 3719 potissimum
3280 3661 3364 3707 est

89 3744 209 3811 περὶ
237 3742 448 3794 τελείου
496 3742 588 3794 καὶ
635 3742 769 3804 ἑνός.
814 3743 938 3805 Πῶς
978 3743 1033 3795 δὲ
1080 3743 1461 3814 ἰσχυρότατονς
1504 3744 1562 3796 ὃτ

1898 3741 2139 3810 perfecto
2190 3751 2245 3795 et
2296 3758 2423 3795 11110.
2477 3742 2759 3806 Quomodo
2808 3756 2936 3794 vero
2984 3743 3367 3810 potissimum?

94 3836 182 3903 μὲν
209 3835 369 3889 ἄλλαι
401 3834 695 3905 Θεωνυμίαι
728 3836 826 3905 μία
864 3836 958 3888 καὶ
990 3833 1112 3887 καθ’
1141 3834 1311 3906 αὐτὴν
1340 3834 1579 3903 ἐλέγετο,
1610 3835 1671 3887 τὸ

90 3926 140 3977 δὲ
166 3928 369 3982 τέλειον
402 3928 690 3996 συνάγεται
712 3944 725 3956 ο
758 3929 839 3980 ὅτι
870 3927 1050 3981 πάντα
1068 3927 1283 3996 λέγεται
1312 3931 1339 3981 ὁ
1369 3928 1564 3992 αἴτιος,
1586 3932 1670 3983 οὐ·

90 4016 223 4081 δενὸς
243 4020 678 4089 ἀπολειπομένου
707 4019 813 4073 τῶν
844 4018 1101 4072 αίτιατῶν
1122 4022 1199 4082 είς
1227 4019 1288 4071 τὸ
1321 4019 1395 4090 μὴ
1416 4019 1670 4087 λέγεσθαι

91 4109 383 4164 ἑκητούτου.
418 4112 589 4164 Ὅπου
622 4111 679 4164 δὲ
706 4111 856 4165 οὐδὲν
902 4111 1157 4175 ἐλλείπει,
1204 4111 1406 4164 τέλειον
1451 4112 1671 4177 πάντως

92 4200 217 4253 ἐστί.
249 4206 362 4257 Καὶ
402 4203 562 4256 πάλιν
591 4203 705 4274 ἅμα
741 4204 917 4257 πάντα
959 4204 1195 4272 λέγεται,
1245 4205 1339 4257 καὶ
1376 4207 1438 4258 οὑ
1469 4207 1530 4258 τὸ
1572 4208 1670 4277 μὲν

93 4295 368 4366 πρότερον,
399 4297 460 4349 τὸ
492 4296 548 4350 δὲ
579 4296 835 4369 ὕστερον·
881 4298 914 4370 ἢ
963 4298 1023 4350 τὸ
1056 4298 1154 4369 μὲν
1182 4299 1276 4350 ἐπὶ
1306 4297 1490 4361 πλέον,
1523 4298 1584 4351 τὸ
1613 4299 1670 4353 δὲ

92 4385 167 4437 ἐπ’
197 4389 444 4443 ἔλαττον·
468 4390 500 4461 ἢ
529 4391 591 4443 τὸ
625 4392 721 4461 μὲν
749 4391 1122 4462 χρονιωτέρως
1140 4392 1234 4443 καὶ
1257 4392 1667 4463 μονιμωτέρως,

90 4478 145 4530 τὸ
186 4480 239 4534 δὲ
278 4481 344 4535 δι’
377 4482 556 4551 ὀλίγου
586 4485 680 4536 καὶ
706 4484 1038 4547 ἐπιπολαίως
1061 4501 1073 4514 ·
1128 4484 1307 4537 πάντα
1335 4486 1444 4557 γὰρ
1472 4486 1671 4558 ἐπίσης

92 4568 491 4639 ἀπολείπονται,
552 4575 654 4629 κᾶν
690 4576 918 4645 ἄγγελον
976 4577 1172 4641 εἴποις,
1222 4577 1326 4631 κᾶν
1380 4577 1667 4650 μύρμηκα,

94 4659 268 4738 ῶσπερ
311 4669 377 4740 δὴ
412 4670 609 4741 ἐπίσης
650 4669 1036 4722 ἀπολείπονται
1064 4670 1201 4741 πρὸς
1229 4669 1290 4721 τὸ
1317 4669 1542 4742 ἄπειρον
1574 4672 1668 4725 καὶ

91 4753 153 4805 τὰ
177 4759 322 4827 χίλια
359 4764 453 4815 καὶ
483 4761 551 4815 τὰ
578 4762 727 4815 δέκα.
764 4762 968 4830 Ἤγουν
1009 4763 1109 4814 οὐκ
1137 4757 1207 4831 ἦν
1250 4762 1357 4815 ἀπό
1396 4779 1543 4825 τινος
1562 4763 1669 4816 τῶν

94 4849 337 4908 αἱτιατῶν
381 4855 408 4906 ὁ
436 4856 605 4917 αἴτιος
638 4853 922 4923 λέγεσθαι·
954 4854 987 4924 ἢ
1021 4856 1069 4905 εί
1097 4850 1206 4906 ἀπό
1238 4871 1402 4917 τινος,
1434 4856 1531 4907 καὶ
1562 4855 1671 4907 ἀπὸ

95 4940 316 4999 πάντων.
350 4948 533 5011 Ὅθεν,
563 4950 611 5000 εί
642 4949 757 5019 ἄμα
777 4948 954 5001 πάντα
984 4947 1355 5015 λέγονται’ἑπὶ
1374 4947 1532 5011 Θεοῦ,
1563 4948 1664 5021 ἤδη

1774 3833 2032 3899 quoniam
2055 3831 2173 3885 aliae
2199 3831 2419 3899 quidem
2450 3830 2544 3883 Dei
2574 3830 3049 3884 denominationes
3076 3832 3142 3884 de
3172 3847 3277 3884 una
3305 3846 3366 3887 re

1774 3925 2029 3992 quapiam
2062 3936 2312 3977 seorsum
2343 3922 2686 3984 dicebantur,
2718 3921 2984 3990 perfectio
3012 3920 3158 3976 ‘vero
3193 3938 3364 3993 copu-

1774 4014 1954 4081 latur;
1988 4015 2465 4085 quoniam_causa
2515 4015 2759 4068 omnium
2806 4015 3157 4079 priedicatur,
3213 4015 3364 4069 nullo

1773 4108 1967 4163 effectu
1998 4110 2306 4174 deficiente,
2334 4107 2427 4176 qui
2454 4122 2559 4160 non
2589 4108 2657 4161 ab
2689 4108 2791 4160 hac
2818 4107 3200 4161 denominetur
3226 4123 3238 4159 :
3269 4108 3363 4161 ubi

1774 4213 1953 4254 autem
1979 4200 2335 4263 nihildelicit,
2363 4198 2991 4267 perfectiojamomniuo
3010 4198 3250 4252 exsistit.
3288 4198 3357 4253 Et

1779 4306 1990 4345 rursum
2042 4290 2235 4353 simul,
2257 4292 2438 4344 omnia
2492 4289 2714 4356 dicitur,
2770 4300 2824 4343 et
2869 4306 2975 4344 non
3012 4290 3113 4346 hoc
3140 4291 3360 4360 quidem

1774 4385 1947 4454 prius,
1999 4384 2229 4438 alterum
2284 4400 2412 4438 vero
2480 4385 2787 4453 posterius;
2850 4385 2933 4437 vel
2976 4385 3079 4439 hoc
3133 4388 3358 4454 quidem

1776 4478 1969 4547 magis,
2004 4477 2232 4530 alterum
2266 4492 2396 4531 vero
2447 4478 2662 4542 minus;
2718 4476 2801 4531 vel
2832 4476 2933 4531 hoc
2962 4478 3182 4547 quidem
3219 4492 3360 4534 teni-

1774 4585 1909 4638 pore
1935 4570 2189 4640 longiori,
2224 4579 2275 4622 et
2306 4572 2769 4639 perseverantius,
2804 4572 2932 4625 illud
2962 4586 3090 4624 vero
3119 4572 3361 4626 breviori

1772 4672 1827 4716 et
1874 4662 2085 4727 obiter;
2118 4663 2301 4716 omnia
2352 4665 2498 4717 enim
2547 4665 2832 4733 aequaliter
2865 4667 2934 4721 ab
2972 4668 3090 4735 ipso
3130 4667 3361 4733 distant,

1772 4756 1887 4808 sive
1912 4755 2164 4824 angelum
2189 4755 2419 4819 dixeris,
2438 4758 2557 4810 sive
2581 4757 2885 4824 formicam,
2910 4758 3056 4812 sicut
3077 4758 3363 4828 aequaliter

1772 4851 1839 4901 ab
1859 4848 2069 4901 infinito
2100 4848 2471 4902 distantmille
2496 4858 2551 4902 et
2579 4850 2787 4903 decem.
2820 4848 3009 4920 Itaque
3037 4868 3143 4905 non
3174 4861 3358 4921 potest

1774 4942 1840 4993 ab
1864 4941 2046 5009 aliquo
2075 4941 2267 4996 effectu
2300 4956 2466 4994 causa
2509 4941 2639 5004 dici,
2665 4942 2745 4995 vel
2776 4943 2822 4995 si
2867 4945 2935 4997 ab
2974 4944 3158 5010 aliquo
3186 4944 3354 4997 etiam

97 5030 404 5102 ἐμφαίνεται
426 5042 521 5093 καὶ
547 5039 609 5091 τὸ
626 5039 684 5092 ἓν
704 5057 717 5070 '
752 5041 798 5092 εἰ
827 5039 935 5111 γὰρ
970 5040 1043 5111 μὴ
1072 5035 1140 5110 ἦν
1173 5039 1516 5110 ὑπερέχουσα
1554 5042 1575 5092 ἐ

1884 5037 2145 5089 minibus.
2183 5035 2337 5090 Unde
2360 5036 2405 5088 si
2437 5035 2597 5089 simul
2623 5038 2803 5089 omnia
2834 5037 3090 5091 dicantur
3119 5038 3185 5091 de
3224 5039 3362 5101 Deo,"

95 5138 183 5193 της
208 5129 265 5179 ὲν
292 5132 485 5202 τούτῳ,
514 5133 615 5186 οὐκ
644 5133 710 5186 ἂν
748 5133 1057 5205 ὲφήρμοζεν
1089 5131 1343 5185 ἁπάντων
1374 5132 1543 5185 ὄντων
1574 5134 1668 5185 καὶ

99 5214 221 5283 ἅμα.
266 5223 414 5277 Ἐπεὶ
432 5225 561 5293 γοῦν
582 5225 723 5279 οὕτω
738 5226 910 5279 ταῦτα
930 5226 1133 5278 τέλειον
1159 5226 1374 5294 λέγεται
1403 5226 1463 5278 τὸ
1493 5226 1667 5288 Θεῖον,

98 5309 153 5361 οὐ
179 5314 330 5382 μόνον
374 5320 450 5382 ὡς
498 5319 781 5390 μονοειδῶς
815 5319 1180 5391 διοριζόμενον
1212 5320 1297 5389 ἐφ’
1345 5318 1539 5371 ἑαυτοῦ
1573 5320 1668 5372 καὶ

100 5404 209 5455 καθ’
237 5408 414 5473 ἑαυτὸ,
466 5411 645 5482 (τοῦτο
673 5413 783 5484 γάρ
818 5414 967 5465 ἐστιν
1014 5415 1141 5485 ὅρος
1181 5412 1424 5465 τελείοιν
1468 5412 1530 5465 τὸ
1571 5413 1666 5483 ἀφ’

102 5490 277 5554 ἑαυτοῦ
316 5508 409 5559 καὶ
443 5510 542 5560 οὐκ
588 5506 807 5572 ἔξωθεν,
856 5509 950 5561 καὶ
978 5508 1100 5560 καθ’
1130 5508 1285 5571 αὐτὸ,
1309 5508 1402 5560 καὶ
1433 5508 1493 5560 οὐ
1528 5508 1669 5562 κατὰ

106 5592 445 5673 Ψμδεδηκὸς,
471 5601 775 5672 μονοειδῶς,
810 5603 976 5673 ἧγουν
1004 5601 1127 5655 καθ’
1161 5600 1219 5655 ὃν
1240 5602 1305 5655 ἄν
1332 5619 1415 5665 τις
1446 5600 1669 5654 ἐπιϐάλ-

104 5671 175 5731 λθι
189 5688 398 5757 τρόπον,
428 5671 631 5765 ὁμοίως
648 5696 741 5749 καὶ
760 5671 973 5759 ταῦτῶς
1000 5694 1399 5767 ἀφορίζεσθαι),
1422 5694 1556 5749 ἀλλὰ
1576 5696 1671 5747 καὶ

1768 5130 1880 5197 jam
1912 5138 2137 5197 apparet
2164 5129 2331 5182 etiam
2380 5127 2507 5181 illud
2558 5144 2722 5181 unum
2767 5146 2780 5182 :
2822 5130 2923 5182 nisi
2972 5133 3118 5183 enim
3151 5147 3259 5200 quo
3290 5132 3362 5184 ad

1778 5224 1878 5276 hoc
1907 5228 2086 5279 unitas
2114 5221 2203 5277 illa
2227 5222 2517 5285 emineret,
2555 5224 2744 5292 utique
2784 5224 2943 5277 simul
2986 5226 3152 5278 etiam
3193 5226 3357 5290 rebus

1771 5317 2023 5370 omnibus
2046 5332 2152 5371 11011
2181 5315 2521 5371 conveniret.
2545 5316 2678 5371 Cum
2706 5318 2891 5385 itaque
2921 5318 3065 5372 Deus
3084 5318 3356 5386 perfectus

1773 5412 2008 5476 dicatur,
2036 5426 2138 5464 non
2166 5411 2341 5463 solum
2372 5418 2630 5479 tanquam
2666 5410 3011 5465 uniformiter
3038 5425 3067 5463 a
3096 5424 3155 5464 se
3177 5420 3231 5464 et
3260 5426 3359 5478 per

1774 5519 1832 5558 se
1880 5504 2138 5559 definitus
2170 5504 2309 5575 (huic
2334 5506 2478 5557 enim
2510 5514 2592 5558 est
2623 5504 2848 5573 perfecti
2879 5504 3124 5559 definitio
3155 5516 3170 5557 :
3200 5504 3356 5570 Quod

1776 5610 1805 5647 a
1838 5609 1898 5650 se
1926 5595 2061 5664 ipso,
2089 5604 2143 5648 et
2169 5610 2273 5647 non
2308 5595 2651 5650 extrinsecus
2682 5635 2698 5662 ,
2730 5605 2787 5650 et
2812 5611 2907 5666 per
2927 5611 3005 5661 se,
3036 5605 3091 5649 et
3120 5611 3228 5651 non
3259 5610 3357 5665 per

1779 5690 2057 5756 accidens,
2097 5687 2464 5756 uniformiter,
2512 5690 2652 5757 sive,
2682 5700 2741 5745 ut
2774 5692 2877 5747 hoc
2910 5692 3071 5747 modo
3101 5690 3224 5760 quis
3260 5704 3353 5745 ae-

168 5812 271 5881 I50)
302 5820 428 5883 Vide
456 5826 671 5884 Scholia
694 5826 750 5885 S.
787 5828 1007 5885 Maximi
1042 5838 1171 5885 tom.
1203 5828 1265 5897 II,
1304 5848 1421 5901 cap.
1462 5832 1547 5897 l3,
1590 5828 1661 5883 De
1686 5828 1877 5885 divinis
1910 5830 2112 5885 nomin.
