3768 6298
375 340 479 396 987

1551 348 1605 406 S.
1644 351 1942 407 DIONYSII
1970 350 2434 409 AREOPAGITA.

3552 358 3646 413 988

376 457 570 528 cipiat,
593 458 849 514 similiter
870 470 925 516 et
960 464 1192 521 identice
1222 458 1475 521 deﬁnitur
1506 509 1521 535 ,
1542 471 1807 539 quinimo,
1832 482 1864 525 ιε

2171 473 2483 544 ὑπερτελὲς,
2530 471 2671 526 κατά
2701 473 2794 526 τὸν
2828 472 3156 526 ἀποδοθέντα
3194 474 3323 545 περὶ
3354 473 3467 527 τῶν
3500 474 3643 529 θείωι

377 566 542 620 quam
610 554 728 621 plus
788 568 952 621 quam
1022 556 1361 624 perfectum,
1429 563 1724 616 secundum
1794 563 1955 635 533

375 643 663 709 rationem,
710 644 761 697 in
810 645 1009 700 divinis
1053 649 1364 705 nominibus
1409 654 1779 724 assignatam,
1819 672 1959 724 quo-

375 734 523 787 niam
552 751 617 789 ex
644 735 851 793 etTectis
874 748 1065 793 auctor
1094 740 1498 808 denominatur,
1528 746 1775 813 quamvis
1790 749 1954 804 etiam

375 840 537 893 supra
606 826 729 882 illos
770 831 861 895 sit,
898 841 953 885 et
998 847 1097 901 per
1137 847 1423 889 excessum
1476 838 1787 893 nominetur
1836 840 1957 906 plus

374 933 537 986 quam
571 920 769 985 bonus,
807 923 927 991 plus
961 939 1124 993 quam
1159 928 1413 980 essentia.
1450 927 1718 985 Caeterum
1776 933 1844 986 ab
1870 932 1954 987 ef-

375 1010 615 1065 fecmum
651 1028 945 1085 rerumque
976 1016 1308 1086 perfectione
1339 1019 1477 1074 Deus
1514 1037 1734 1093 quoque
1767 1039 1957 1095 supra-

373 1116 538 1170 quam
562 1104 832 1171 perfectus
856 1109 1186 1175 prazdicatur
1223 1124 1240 1162 :
1274 1110 1388 1179 ipse
1413 1113 1559 1167 enim
1588 1116 1669 1169 sui
1696 1115 1867 1185 ipsius
1903 1126 1957 1172 et

374 1193 498 1246 ﬁnis
528 1204 581 1247 et
621 1194 773 1251 locus
804 1208 909 1264 est,
946 1200 1186 1269 nihilque
1212 1218 1377 1271 supra
1415 1204 1581 1259 Deum
1617 1209 1955 1277 extenditur,

374 1284 504 1350 quin
548 1284 716 1339 etiam
759 1287 991 1356 ipsemet
1045 1291 1255 1347 inﬁnita
1308 1296 1512 1350 deﬁnit.
1579 1295 1713 1350 Nam
1760 1300 1955 1354 saacula

372 1390 493 1441 quae
521 1385 647 1430 sunt
681 1378 893 1433 inlinita
932 1381 1130 1450 (neque
1177 1385 1321 1439 enim
1353 1387 1511 1441 linem
1551 1388 1773 1448 habent)
1814 1392 1957 1461 ipse-

374 1477 489 1520 met
508 1467 719 1522 inﬁnita
754 1472 1133 1541 magnitudine
1156 1478 1730 1548 excedeusmultiplici
1751 1496 1849 1535 sua
1875 1482 1961 1536 in-

377 1555 588 1612 ﬁnitale
613 1562 1327 1630 complectitur:etomnem
1346 1570 1509 1622 vitam
1529 1572 1745 1625 termini
1772 1586 1965 1643 exper-

379 1654 509 1708 tem,
527 1646 650 1700 utin
670 1649 1073 1707 intellectilibus
1091 1671 1105 1708 :
1128 1672 1229 1709 non
1248 1658 1391 1710 enim
1409 1658 1493 1712 his
1513 1659 1618 1713 vita
1638 1662 1961 1718 terminatur

2059 564 2339 635 ὀνομάτων
2375 565 2595 635 τρόπον,
2628 566 2709 618 ὅτι
2743 567 2806 619 ὲκ
2848 565 2956 619 τῶν
3000 565 3259 619 αἰτιατῶν
3294 566 3397 635 μὲν
3429 568 3459 618 ὁ
3488 566 3646 630 αἴτιος

2058 656 2405 725 ὀνομάζεται,
2426 657 2563 728 πλὴν
2580 658 2675 710 xa‘t
2706 659 2846 730 ὑπὲρ
2865 657 3038 711 ταῦτά
3056 660 3173 711 ἐστι
3190 661 3286 711 καὶ
3308 660 3415 710 ὑπε
3424 658 3648 729 ροχικῶς

2057 747 2271 815 λέγεται
2304 748 2667 819 ὐπεράγαθος,
2705 749 3044 821 ὑπερούσιος.
3082 750 3284 802 Λοιπὸν
3315 748 3429 802 ἀπὸ
3449 749 3544 802 τοῦ
3570 767 3648 801 τε·

2057 839 2201 892 λείου
2249 840 2357 892 τῶν
2397 840 2657 893 αἱτιατῶν
2702 840 3041 912 πραγμάτων
3079 840 3380 911 ὑπερτελὲς
3428 841 3491 893 τὸ
3520 841 3650 894 θεῖον

2057 929 2306 999 λέγεται·
2340 931 2472 983 αὐτὸ
2517 931 2626 1003 γάρ
2664 931 2857 984 ἑαυτοῦ
2903 932 2998 984 καὶ
3042 933 3167 1003 ὅρος
3203 932 3301 985 καὶ
3320 932 3490 995 τόπος
3520 934 3649 993 ἐστὶ,

2059 1022 2155 1073 καὶ
2210 1021 2361 1075 οὐδὲν
2408 1022 2850 1093 ὑπερεκτείνεται
2908 1021 3003 1075 τοῦ
3063 1022 3222 1083 Θεοῦ,
3280 1023 3423 1076 ἀλλά
3470 1025 3564 1075 καὶ
3590 1025 3651 1075 τὰ

2060 1113 2260 1185 ἄπειρα
2290 1115 2453 1178 αὐτὸς
2481 1118 2707 1187 περατοῖ
2728 1133 2741 1147 ·
2775 1117 2899 1179 τοὺς
2919 1117 3026 1185 γὰρ
3046 1115 3250 1178 αἰῶνας
3278 1115 3547 1187 ἀπείρους
3574 1118 3651 1168 δν-

2058 1222 2159 1267 τας
2193 1206 2275 1276 (οὐ
2309 1207 2419 1277 γάρ
2450 1207 2631 1277 έχουσι
2678 1207 2885 1279 πέρας)
2916 1208 3079 1270 αὐτὸς
3117 1207 3198 1279 τῷ
3232 1209 3458 1278 ἀπείρῳ
3495 1214 3654 1278 μεγέ-

2061 1298 2143 1350 θει
2174 1299 2460 1369 ὑπερέχων
2503 1300 2581 1370 τῷ
2612 1300 2805 1354 ἑαυτοῦ
2837 1300 3253 1372 ἀπειροπλασίῳ
3284 1302 3538 1371 περιέχει
3567 1306 3652 1354 καὶ

2061 1394 2242 1445 πᾶσαν
2271 1394 2553 1465 ἀοριστίαν
2594 1394 2761 1463 ζωῆς,
2792 1394 2867 1457 ὠς
2900 1394 2992 1445 ἐπὶ
3019 1393 3126 1446 τῶν
3166 1394 3411 1465 νοητῶν·
3462 1395 3525 1446 οὐ
3554 1394 3653 1464 γὰρ

2061 1483 2291 1555 ὥρισται
2324 1486 2530 1549 τούτοις
2582 1485 2743 1556 apto;
2784 1486 2858 1549 ὡς
2901 1486 3134 1539 ἐπὶτῶν
3180 1485 3517 1557 ἀνθρώπων,
3548 1486 3655 1538 ἀλλ’

2062 1575 2321 1630 ἀθάνατοι
2367 1578 2696 1649 ἐκτίσθησαν
2720 1596 2732 1609 ·
2769 1581 2797 1631 ὁ
2828 1578 2960 1643 Θεὸς
3005 1579 3085 1650 τῷ
3126 1580 3484 1651 ὑπεραιωνίῳ
3516 1578 3659 1639 ἐντὸς

2062 1667 2164 1737 τῆς
2200 1669 2332 1732 ίδίας
2351 1670 2649 1741 ἀῖδιότητος
2677 1670 2935 1741 ὁρίζεται.

374 1745 433 1789 ut
474 1738 524 1791 in
558 1738 890 1807 hominibus,
922 1746 1013 1798 sed
1051 1746 1382 1805 immortales
1441 1754 1607 1808 creati
1676 1766 1822 1820 sunt,
1855 1758 1998 1816 Deus
2022 1776 2151 1817 vero
2184 1765 2234 1816 in
2271 1774 2633 1831 supermterna
2675 1766 2891 1834 propria
2937 1765 3255 1821 :eternitate
3297 1767 3651 1821 terminatur.

448 1831 572 1902 δη.
629 1834 805 1889 Aliter
864 1839 1025 1891 etiam
1082 1842 1356 1909 perfectus
1407 1845 1642 1913 dicitur,
1701 1858 1936 1919 tanquan

2194 1857 2259 1908 Il.
2294 1857 2404 1909 Καὶ
2434 1855 2607 1920 ἄλλως
2650 1831 2853 1910 τέλειον
2908 1857 3128 1927 λέγεται
3177 1858 3277 1910 καὶ
3318 1858 3400 1921 ὡς
3432 1855 3655 1921 ἀναυξὲς

377 1940 555 1994 neque
607 1938 798 1985 auctus
840 1947 1015 2001 neque
1053 1934 1411 2004 imminutus;
1446 1955 1621 2009 neque
1668 1943 1812 1997 enim
1864 1959 1962 1998 au-

378 2029 654 2087 gutentunt
678 2038 777 2077 nec
794 2023 1209 2083 diminutionem
1231 2030 1471 2085 admittit
1487 2036 1629 2103 quod
1647 2036 1814 2090 etiam
1840 2053 1963 2108 per-

378 2108 636 2165 fectionis
667 2124 750 2167 est
773 2116 825 2168 in
858 2132 923 2171 eo
950 2119 1093 2186 quod
1143 2120 1538 2188 perfectionem
1571 2126 1761 2181 habet.
1806 2127 1960 2194 Item,

378 2204 506 2270 quia
556 2207 741 2260 omnia
789 2225 911 2278 qua:
969 2210 1208 2280 perlecta
1254 2224 1381 2268 sunt
1409 2216 1624 2285 perlicit
1663 2220 1962 2274 secundum

378 2308 540 2347 unam
572 2297 941 2355 incessantem
978 2312 1033 2356 et
1069 2306 1319 2361 eamdem
1360 2308 1765 2379 elargitionem.
1811 2311 1964 2379 Quod

376 2384 565 2455 i'taque
600 2390 757 2444 unice
780 2400 836 2446 et
868 2408 973 2445 non
999 2394 1174 2449 divise
1202 2397 1415 2464 perﬁcit
1445 2407 1501 2452 et
1534 2416 1642 2454 non
1674 2402 1961 2471 minuitur,

377 2478 599 2546 plenum
628 2482 735 2535 erit
765 2493 820 2537 et
864 2499 1194 2553 supraquam
1230 2488 1468 2557 plenum.
1505 2490 1682 2547 Unum
1710 2510 1842 2549 vero
1885 2497 1966 2550 di-

380 2570 551 2633 citur,
581 2576 845 2640 quoniam
900 2579 1199 2632 secundum
1235 2596 1399 2636 unum
1432 2585 1562 2653 quid
1595 2587 1777 2641 omnia
1814 2589 1965 2643 unita

381 2671 507 2714 sunt
528 2677 724 2728 causa;
752 2676 805 2719 et
824 2667 940 2721 haec
965 2684 1181 2723 rursum
1205 2673 1455 2729 omnibus
1479 2679 1777 2732 secundum
1800 2696 1967 2735 unum

380 2754 629 2820 eminet;
666 2758 801 2811 nihil
838 2760 986 2813 enim
1016 2764 1177 2818 estin
1214 2767 1378 2820 rebus
1401 2769 1544 2835 quod
1574 2772 1735 2825 unius
1759 2787 1863 2825 non
1896 2776 1970 2828 sit

382 2848 680 2917 particeps,
718 2850 813 2903 sed
844 2853 990 2908 sicut
1018 2858 1196 2911 oumis
1224 2873 1485 2913 numerus
1526 2862 1820 2931 participat
1851 2865 1971 2917 nni-

384 2946 573 3006 tatetn,
609 2949 662 2993 et
712 2957 854 2997 unus
888 2944 1135 3000 binarius
1168 2947 1531 3016 denariusque
1579 2952 1808 3019 dicitur;
1840 2964 1894 3009 et
1924 2954 1970 3009 si

380 3031 554 3095 partis
588 3034 941 3100 memineris,
986 3039 1136 3093 dices
1170 3056 1333 3092 unam
1376 3041 1659 3097 dimidiam
1684 3084 1699 3110 ,
1724 3056 1779 3100 et
1807 3061 1970 3100 unam

382 3125 626 3189 tertiam,
665 3138 720 3180 et
773 3144 940 3183 unam
978 3131 1275 3198 decimam,
1307 3148 1361 3188 et
1415 3136 1496 3190 sic
1542 3138 1841 3209 deinceps,
1897 3142 1971 3195 ita

381 3218 548 3270 etiam
582 3221 791 3284 omnia,
825 3231 883 3276 et
926 3225 1107 3279 omnis
1152 3242 1279 3295 pars
1320 3230 1601 3296 omnium,
1644 3234 1973 3304 participant

401 3330 589 3383 tuum;
622 3327 675 3372 et
706 3319 807 3373 hoc
831 3320 947 3388 ipso
974 3336 1081 3389 quo
1108 3332 1191 3376 est
1223 3340 1389 3378 unum
1416 3327 1569 3393 illud,
1598 3330 1781 3383 omnia
1806 3342 1967 3397 sunt;

387 3408 530 3462 sicut
565 3411 666 3464 hoc
712 3411 836 3481 ipso
866 3428 976 3481 quo
1005 3425 1090 3470 est
1122 3414 1325 3483 unitas,
1370 3434 1561 3474 omnes
1587 3422 1796 3475 numeri
1827 3425 1974 3478 exsi-

389 3512 570 3567 Stunt,
604 3513 658 3556 et
683 3506 786 3559 hoc
819 3522 983 3559 unum
1017 3526 1123 3563 non
1158 3520 1243 3564 est
1268 3528 1434 3565 unutn
1470 3514 1786 3569 multorum.
1833 3516 1975 3572 Deus

387 3594 535 3646 enim
587 3610 726 3649 unus
774 3606 881 3663 est,
917 3599 1084 3653 sicuti
1120 3611 1175 3653 et
1217 3600 1449 3670 simplex
1472 3642 1486 3665 ,
1516 3613 1571 3656 et
1602 3603 1885 3669 indivisus,
1920 3617 1975 3661 et

388 3701 584 3755 expers
614 3687 936 3745 differentiae
969 3694 1237 3762 speciﬁca:
1266 3705 1320 3748 et
1358 3694 1427 3747 ab
1450 3697 1701 3751 omnibus
1726 3697 1974 3754 aﬂ‘ectio-

390 3777 550 3834 nibus
605 3790 658 3834 et
699 3782 1074 3837 accidentibus
1132 3784 1363 3840 alienus.
1418 3786 1533 3842 Hoc
1582 3788 1757 3856 ipsum
1810 3806 1973 3860 porro

391 3886 558 3923 unum
609 3872 754 3927 aliud
790 3875 906 3929 sive
960 3876 1138 3945 majus
1183 3878 1298 3933 sive
1350 3879 1531 3941 minus
1577 3880 1784 3952 effugit,
1841 3884 1973 3941 illud

390 3962 538 4015 enim
572 3978 739 4034 supra
773 3967 891 4020 haec
922 3967 1163 4035 exsistit,
1200 3980 1361 4047 atque
1389 3971 1612 4042 insuper
1662 3986 1720 4028 ut
1768 3977 1975 4046 princi-

391 4054 560 4122 pium,
590 4064 697 4110 tam
723 4057 898 4127 ipsam
926 4061 1188 4115 unitatem
1213 4079 1377 4132 quam
1406 4064 1809 4123 multitudinem
1841 4069 1976 4124 deli-

393 4148 519 4200 nit:
558 4148 611 4201 in
647 4149 755 4203 Deo
783 4150 929 4203 enim
979 4162 1107 4205 sunt
1156 4168 1347 4208 omnes
1386 4170 1529 4211 unus
1573 4166 1680 4210 tam
1713 4158 1804 4226 qui
1849 4170 1977 4216 ante

394 4239 615 4294 fuerunt
654 4256 816 4311 quam
859 4242 952 4311 qui
998 4242 1168 4298 futuri
1200 4254 1364 4312 sunt;
1396 4261 1504 4300 non
1534 4248 1678 4315 enim
1712 4250 1785 4305 ibi
1828 4251 1975 4306 aliud

394 4334 613 4400 quidem
650 4338 1008 4403 praeteritum,
1042 4341 1186 4394 aliud
1218 4355 1347 4394 vero
1375 4338 1645 4409 futurum,
1670 4342 1825 4411 cujus
1850 4358 1977 4412 par-

398 4428 715 4497 tieipatione
744 4439 853 4483 tam
886 4447 1050 4486 unum
1082 4433 1184 4488 hoc
1223 4433 1395 4488 multa
1440 4434 1691 4500 definiat,
1727 4436 1857 4493 licet
1886 4439 1974 4492 di-

2064 1947 2159 2000 καὶ
2187 1948 2474 2019 ἀμείωτον·
2507 1948 2630 2001 οὔτε
2660 1949 2768 2020 γάρ
2790 1950 3083 2021 πρόσθεσιν
3110 1949 3235 2003 οὔτε
3274 1951 3513 2020 μείωσιν
3546 1952 3657 2002 ἐπι-

2063 2041 2297 2112 δέχεται,
2328 2043 2466 2114 ὅπερ
2494 2044 2587 2096 καὶ
2618 2043 2679 2095 τὸ
2721 2043 2923 2096 τέλειον
2953 2043 3065 2096 ἐστ’
3103 2043 3171 2097 ἂν
3268 2043 3483 2097 τέλειον
3528 2044 3652 2115 ἔχει.

2066 2134 2177 2185 Καὶ
2202 2133 2409 2197 ἄλλως,
2458 2135 2540 2187 ὅτι
2590 2136 2686 2187 καὶ
2732 2134 2801 2187 τὰ
2848 2134 3029 2188 τέλεια
3071 2135 3255 2189 πάντα
3290 2135 3657 2207 τελεσιουργεί

2065 2224 2207 2277 κατὰ
2254 2227 2383 2295 μίαν
2427 2226 2525 2297 τὴν
2554 2227 2829 2281 ἄπαυστον
2875 2228 2969 2280 xai.
3011 2226 3227 2300 ταὺτὴν
3258 2228 3553 2297 χορηγίαν.
3589 2228 3655 2279 Τὸ

2066 2315 2195 2383 γοῦν
2225 2316 2442 2380 ὲνιαίως
2471 2319 2564 2371 καὶ
2584 2320 2644 2371 οὐ
2668 2319 3083 2390 μεμερισμένως
3113 2318 3541 2389 τελεσιουργοῦν
3568 2319 3653 2371 καὶ

2070 2408 2144 2479 μὴ
2176 2409 2565 2481 ἐλαττούμενον
2611 2412 2813 2465 τέλειον
2842 2411 2907 2465 ἂν
2935 2414 3019 2481 εἴη
3042 2413 3137 2464 καὶ
3167 2412 3543 2482 ὑπερτέλειον.
3566 2412 3662 2463 Ἕν.

2066 2499 2121 2553 δὲ
2152 2500 2387 2569 λέγεται,
2420 2503 2500 2555 ὅτι
2529 2503 2649 2556 καθ’
2671 2503 2728 2555 ἓν
2760 2504 2937 2557 πάντα
2969 2504 3185 2566 ἑνιαίως
3215 2505 3337 2556 ἐστὶ
3368 2504 3451 2574 τῷ
3483 2504 3651 2574 αίτίῳ,

2069 2595 2163 2646 καὶ
2194 2594 2354 2647 πάλιν
2385 2596 2636 2648 ἁπάντων
2666 2596 2787 2649 καθ’
2824 2596 2881 2650 ἓν
2912 2597 3189 2668 ὑπερέχει·
3220 2596 3377 2649 οὐδὲν
3407 2598 3520 2668 γάρ
3547 2597 3653 2649 ἐστι

2069 2686 2175 2739 τῶν
2205 2687 2372 2741 ὄντων
2403 2689 2669 2760 ἀμέτοχον
2698 2689 2791 2743 τοῦ
2820 2690 2959 2754 ἐνὸς,
2992 2690 3105 2742 ἀλλ’
3138 2689 3335 2760 ὥσπερ
3368 2692 3483 2753 πᾶς
3510 2688 3657 2760 ἀριθο

2074 2780 2173 2850 μὺς
2225 2780 2452 2851 μονάδος
2494 2782 2732 2852 μετέχει,
2770 2783 2865 2834 καὶ¹
2908 2782 3004 2852 μία
3032 2781 3161 2845 δυὰς
3190 2784 3287 2836 καὶ
3315 2782 3487 2846 δεκὰς
3515 2783 3654 2849 λέγε·

2070 2888 2179 2923 ται·
2214 2873 2308 2925 καὶ
2336 2875 2384 2925 εί
2416 2874 2602 2945 μορίου
2635 2873 3011 2945 ὲπιμνησθῇς,
3060 2874 3230 2944 ἥμισυ
3262 2872 3323 2925 ἓν
3354 2875 3507 2945 ἐρεῖς
3528 2913 3542 2936 ,
3571 2874 3655 2927 καὶ

2071 2963 2252 3033 τρίτον
2273 2965 2352 3027 ἓν,
2375 2966 2469 3018 καὶ
2486 2965 2709 3019 δέκατον
2729 2965 2807 3028 ἓν,
2829 2966 2922 3019 καὶ
2942 2964 3160 3034 ἐφεξῆς·
3185 2963 3333 3017 οὕτω
3350 2966 3452 3017 καὶ
3466 2965 3652 3021 πάντα.

2074 3058 2169 3109 καὶ
2199 3059 2307 3110 πᾶν
2341 3058 2529 3129 μόριον
2557 3058 2795 3119 πάντων,
2825 3057 2919 3109 τοῦ
2948 3057 3067 3119 ἑνὸς
3098 3056 3339 3127 μετέχει·
3375 3058 3476 3109 καὶ
3504 3058 3560 3108 ὲν
3586 3055 3663 3126 τῷ

2076 3144 2213 3201 εἶναι
2255 3150 2412 3202 τοῦτο
2454 3149 2516 3202 τὸ
2560 3149 2618 3202 ἓν
2665 3149 2842 3202 πάντα
2894 3150 3062 3213 ἐστὶν,
3094 3149 3286 3221 ῶσπερ
3317 3151 3377 3202 ὲν
3407 3149 3491 3220 τῷ
3531 3144 3656 3202 εἶναι

2074 3242 2172 3313 τὴν
2205 3243 2407 3313 μονάδα
2455 3243 2655 3307 πάντες
2696 3243 2745 3295 οί
2791 3240 3046 3314 ἀριθμοὶ,
3093 3243 3187 3296 καὶ
3216 3242 3320 3295 οὐκ
3363 3241 3485 3295 ἐστι
3513 3242 3571 3294 τὸ
3606 3242 3657 3294 ἓν

2073 3333 2233 3386 τοῦτο
2258 3334 2365 3387 τῶν
2395 3335 2605 3387 πολλῶν
2634 3334 2712 3387 ἓν.
2757 3336 2813 3387 ’0
2846 3334 2944 3405 μὲν
2977 3334 3086 3406 γὰρ
3105 3334 3239 3397 Θεὸς
3266 3334 3327 3386 ἓν
3357 3335 3503 3397 ἐστι,
3534 3334 3656 3388 καθὸ

2076 3424 2283 3490 ἁπλοῦς
2310 3444 2391 3490 τε,
2424 3428 2518 3481 καὶ
2548 3426 2780 3498 ἀμερὴς,
2811 3427 2905 3479 καὶ
2932 3426 3032 3496 τῆς
3064 3428 3185 3479 κατ’
3220 3420 3366 3489 εἶδος
3404 3426 3655 3497 διαφορᾶς

2075 3516 2322 3588 ἄμοιρος,
2355 3520 2449 3571 καὶ
2477 3520 2695 3572 πάντων
2729 3517 3064 3589 παθημάτων
3097 3518 3191 3570 καὶ
3240 3517 3655 3589 συμϐεϐηκότων

2075 3607 2371 3680 ἀλλότριος.
2405 3611 2477 3663 Τὸ
2505 3611 2562 3663 δὲ
2584 3610 2777 3663 ταύτὸν
2808 3610 2866 3662 ’ἐν
2884 3610 3070 3680 ἕτερον
3098 3608 3132 3679 ἢ
3166 3608 3355 3678 μεῖζον
3384 3608 3419 3679 ἢ
3452 3608 3655 3661 ἔλαττον

2076 3700 2495 3770 περιπέφευγεν·
2528 3702 2668 3773 ὑπὲρ
2696 3701 2805 3773 γὰρ
2823 3700 2994 3753 ταῦτα
3016 3702 3211 3763 ἐκεῖνο,
3244 3701 3343 3753 καὶ
3370 3700 3455 3753 ἑτι
3483 3702 3555 3764 ὼς
3568 3701 3653 3772 ἀρ-

2075 3792 2145 3864 χὴ
2176 3794 2266 3847 διαὶ
2295 3793 2459 3847 αὐτοῦ
2490 3794 2583 3847 τοῦ
2626 3794 2744 3857 ἑνὸς
2774 3794 2868 3848 καὶ
2898 3792 3134 3865 πλήθους
3162 3794 3469 3864 όριστικόν·
3502 3795 3559 3847 ἐν
3584 3792 3652 3864 τῷ

2076 3884 2195 3956 Θεῷ
2237 3885 2344 3957 γὰρ
2385 3886 2434 3938 οἱ
2469 3886 2668 3948 πάντες
2696 3879 2797 3949 εἷς,
2830 3886 2923 3940 καὶ
2958 3886 3007 3937 οἱ
3054 3883 3318 3955 προόντες
3348 3886 3449 3937 καὶ
3478 3886 3527 3938 οἱ
3553 3884 3653 3937 ἐσό-

2081 3994 2251 4047 μενοι·
2285 3979 2345 4030 οὐ
2376 3978 2484 4049 γάρ
2514 3979 2661 4030 ἐστιν
2708 3977 2823 4029 ἐκεῖ
2849 3977 2909 4029 τὸ
2952 3976 3049 4047 μὲν
3080 3974 3493 4046 παρεληλυθὸς,
3526 3976 3583 4028 τὸ
3605 3974 3652 4027 δὲ

2080 4070 2290 4140 μέλλον,
2322 4063 2382 4122 οὗ
2412 4072 2477 4140 τῇ
2525 4071 2723 4140 μετοχῇ
2756 4068 2850 4121 καὶ
2879 4067 2938 4120 τὸ
2967 4067 3023 4119 ἓν
3056 4066 3216 4119 τοῦτο
3243 4066 3316 4120 τὰ
3354 4068 3530 4121 πολλὰ
3564 4084 3650 4121 πε-

2080 4163 2324 4233 ριορίζει,
2361 4161 2496 4232 πλὴν
2536 4161 2837 4231 διαφόρως,
2885 4160 2979 4212 καὶ
3020 4159 3119 4211 οὐκ
3148 4158 3264 4210 ἔστι
3324 4158 3449 4212 καθ’
3490 4161 3651 4213 ὅντινα

2076 4255 2275 4325 τρόπον
2303 4255 2363 4307 οὐ
2394 4252 2890 4325 περιληφθήσονται
2933 4250 3002 4303 τὰ
3030 4249 3201 4303 πολλά
3229 4250 3310 4320 τῷ
3340 4252 3445 4304 ἐνί.
3478 4252 3547 4304 Τὸ
3560 4250 3651 4321 γὰρ

2078 4345 2250 4399 πολλὰ
2292 4349 2405 4410 τοῖς
2455 4346 2698 4417 μέρεσιν,
2749 4343 2995 4415 ὑπάρχον
3023 4342 3301 4413 δηλονότι,
3334 4343 3395 4396 ἓν
3424 4343 3503 4413 τῷ
3540 4343 3649 4413 ὅλῳ,

2079 4435 2189 4495 οἷον
2219 4440 2279 4492 τὸ
2308 4441 2486 4511 σῶμα·
2519 4441 2614 4493 καὶ
2640 4440 2702 4493 τὸ
2728 4438 2896 4492 πολλὰ
2924 4440 3037 4501 τοῖς
3065 4454 3129 4489 συ
3138 4437 3480 4508 μὸεϐηκόσιν
3508 4438 3562 4491 ἒν
3586 4435 3650 4505 τῷ

393 4523 722 4591 versimode,
760 4535 815 4580 et
840 4540 939 4580 nec
966 4536 1052 4582 est
1078 4526 1219 4581 ullus
1249 4528 1462 4605 modus,
1489 4529 1787 4583 secundum
1814 4546 1881 4600 qu

2160 4534 2447 4604 οκειμένῳ,
2499 4527 2609 4585 οἷον
2661 4535 2690 4585 ό
2738 4531 3053 4601 ἄνθρωπος·
3110 4530 3205 4582 καὶ
3265 4530 3332 4582 τὸ
3377 4530 3547 4587 πολλὰ
3586 4527 3648 4597 τῷ

394 4617 563 4669 multa
588 4632 693 4671 non
721 4619 773 4672 in
797 4634 903 4674 uno
925 4621 1481 4689 comprehendantur.
1502 4621 1643 4688 Quae
1665 4623 1809 4676 enim
1834 4622 1977 4677 tnui-

396 4718 449 4762 ta
479 4708 642 4780 535.
673 4720 801 4766 sunt
830 4712 1103 4780 partibus,
1133 4721 1263 4767 sunt
1292 4728 1456 4767 unum
1486 4723 1620 4779 toto,
1650 4724 1708 4769 ut
1735 4730 1933 4785 corpus
1958 4732 1973 4781 ;

395 4815 515 4868 qua:
554 4802 725 4855 multa
756 4810 886 4855 sunt
915 4803 1293 4859 accidentibus
1341 4814 1468 4858 sunt
1506 4821 1673 4859 unum
1708 4805 1974 4875 subjecto,

395 4903 455 4945 ut
488 4896 684 4959 homo;
715 4905 767 4949 et
797 4910 916 4963 quin
945 4896 1111 4949 multa
1146 4906 1275 4949 sunt
1320 4912 1567 4963 numero,
1600 4899 1741 4951 sicut
1783 4897 1977 4955 Petrus

395 4995 452 5039 et
486 4986 706 5053 Paulus,
740 5000 867 5043 sunt
898 5006 1065 5043 unum
1110 4990 1322 5058 specie,
1354 5004 1582 5058 uterque
1625 4992 1768 5045 enim
1817 4994 1977 5047 homo

396 5087 501 5132 cst.
534 5078 663 5145 Quae
687 5096 853 5148 porro
883 5083 1046 5134 etiam
1080 5086 1247 5135 nnilta
1294 5094 1421 5136 sunt
1463 5084 1784 5147 virtutibus,
1820 5084 1975 5138 verbi

397 5173 592 5243 gratia,
614 5174 804 5237 carbo,
834 5175 948 5240 lux,
976 5171 1214 5239 llatnma,
1244 5184 1374 5227 sunt
1400 5191 1565 5227 unum
1596 5174 1771 5228 forma
1793 5191 1809 5241 ;
1835 5176 1976 5244 ignis

394 5270 542 5324 enim
582 5271 765 5339 omnia
801 5289 815 5325 :
850 5281 905 5326 et
946 5286 1067 5340 qme
1105 5274 1273 5327 multa
1323 5284 1454 5328 sunt
1505 5274 1973 5344 processionibus,

398 5373 455 5415 et
480 5362 731 5417 consiliis
772 5364 858 5419 vel
906 5365 1166 5433 operibus
1188 5407 1203 5431 ,
1231 5375 1359 5420 sunt
1389 5382 1556 5420 unum
1600 5382 1765 5419 causa
1790 5405 1806 5431 ,
1836 5380 1977 5421 unus

398 5457 548 5509 enim
593 5474 659 5512 ex
692 5474 800 5529 quo
839 5462 1069 5515 consilia
1108 5462 1188 5515 vel
1223 5476 1412 5529 Opera,
1442 5470 1497 5515 et
1529 5459 1663 5513 nihil
1689 5467 1773 5514 est
1797 5461 1849 5513 in
1888 5474 1975 5513 re-

401 5555 507 5610 bus
555 5557 700 5624 quod
746 5574 855 5613 non
911 5560 1095 5628 aliquo
1144 5560 1305 5614 modo
1355 5557 1632 5628 particeps
1673 5558 1746 5611 sit
1796 5557 1980 5612 unius.

404 5649 583 5706 Unum
619 5651 743 5707 dico
771 5651 924 5719 illud,
954 5653 1099 5723 quod
1126 5652 1311 5708 omnia
1342 5651 1694 5720 participant,
1719 5651 1863 5721 quod
1897 5664 1985 5706 se-

406 5744 644 5799 cundum
674 5746 855 5800 omnia
884 5754 937 5799 ct
969 5746 1179 5814 integre
1211 5745 1419 5798 unitate
1449 5760 1544 5798 sua
1588 5744 1771 5799 omnia
1814 5743 1981 5797 etiam

416 5850 546 5905 tota,
568 5840 751 5896 omnia
783 5842 945 5896 etiam
976 5840 1254 5895 contraria
1278 5838 1673 5909 complectitur.
1700 5837 1987 5905 Quomodo

2084 4624 2322 4697 ἀριθμῷ,
2372 4619 2483 4676 οἷον
2535 4624 2742 4694 Πέτρος
2772 4622 2865 4675 καὶ
2895 4619 3126 4683 Παῦλος,
3159 4618 3217 4672 ἓν
3255 4619 3337 4690 τῷ
3377 4621 3529 4683 εῖδει,
3576 4621 3652 4676 ἄν-

2084 4717 2112 4771 θ
2122 4735 2301 4790 ρωπος
2329 4716 2436 4788 γὰρ
2466 4717 2559 4769 καὶ
2585 4715 2901 4787 ἀμφότεροι.
2947 4713 3108 4765 Ἀλλά
3135 4712 3230 4766 καὶ
3255 4711 3320 4764 τὸ
3350 4712 3525 4765 πολλά
3551 4712 3652 4771 ταῖς

2081 4810 2395 4883 δυνάμεσιν,
2426 4805 2535 4863 οἷον
2562 4807 2787 4881 ἄνθραξ,
2820 4806 2955 4876 φῶς,
2989 4805 3142 4876 φλὸξ,
3172 4805 3229 4858 ἓν
3257 4805 3339 4876 τῷ
3373 4805 3527 4871 εἴδει,
3560 4804 3652 4873 πῦρ

2082 4912 2193 4981 γὰρ
2223 4903 2421 4957 πάντα·
2457 4903 2550 4955 καὶ
2576 4902 2637 4955 τὸ
2668 4900 2837 4954 πολλά
2864 4902 2985 4963 ταῖς
3014 4898 3262 4971 προόδοις
3294 4899 3391 4951 καὶ
3419 4901 3530 4962 τοῖς
3550 4897 3652 4981 βοειέ

2085 4979 2350 5067 λεόμασιν
2414 4995 2447 5065 ἢ
2493 4997 2604 5057 τοῖς
2638 4993 2819 5065 ἔργοις
2858 4991 2916 5045 ἓν
2944 4990 3023 5062 τῷ
3065 4990 3241 5061 αἰτίῳ·
3275 4984 3358 5053 εἷς
3392 4989 3504 5060 γὰρ
3532 4990 3585 5055 ἐξ
3604 4979 3653 5039 οὗ

2085 5090 2142 5141 αἱ
2174 5087 2408 5158 βουλαὶῆ
2438 5086 2505 5138 τὰ
2536 5086 2692 5157 ἔργα,
2728 5086 2820 5138 καὶ
2850 5083 2999 5137 οὐδέν
3029 5084 3146 5135 ἐστι
3186 5080 3295 5135 τῶν
3342 5081 3515 5136 ὅντων
3542 5080 3567 5133 ὃ
3592 5077 3653 5149 μὴ

2088 5181 2302 5251 μετέχει
2321 5198 2395 5251 πη
2417 5179 2509 5233 τοῦ
2532 5179 2668 5242 ἑνός.
2693 5179 2787 5231 Ἓν
2802 5175 3019 5245 λέγωτὸ
3047 5176 3246 5228 ένιαῖον
3278 5173 3438 5237 αὐτὸ,
3474 5168 3652 5232 οὗτινος

2086 5275 2264 5328 πάντα
2298 5272 2600 5344 μετέχουσι,
2630 5270 2691 5323 τὸ
2717 5271 2775 5322 ὲν
2806 5268 2882 5339 τῷ
2913 5267 3055 5322 κατὰ
3094 5266 3270 5319 πάντα
3294 5267 3393 5319 καὶ⁹
3421 5264 3652 5326 ὁλοτελὼς

2086 5365 2249 5435 ἐνικῴ
2270 5382 2443 5436 προσυ
2453 5362 2696 5434 νειληφὸς
2723 5361 2899 5415 πάντα
2920 5360 3014 5414 καὶ
3040 5361 3157 5423 ὅλα,
3182 5358 3365 5410 πάντα
3388 5358 3487 5411 καὶ
3504 5357 3654 5411 τάἀν-

2084 5456 2518 5529 τικείμενα.ΙΙῶς
2530 5456 2658 5524 γοῦν
2674 5454 3067 5527 προσυνείληφε
3083 5452 3151 5505 τὰ
3166 5452 3349 5505 πάντα
3363 5452 3429 5504 τὸ
3440 5452 3518 5513 ἓν,
3540 5448 3655 5521 μετὰ

2085 5552 2259 5606 ταῦτα
2280 5549 2627 5621 λεχθήσεται,
2657 5550 2745 5601 ὅτε
2785 5544 3281 5619 προεπινοούμενον
3312 5545 3581 5608 ἀποδείξει
3609 5541 3654 5591 τὸ

2088 5645 2168 5701 ἓν.
2213 5644 2371 5697 Ἀλλὰ
2402 5642 2578 5695 πάντα
2606 5642 2874 5710 λέγονται.
2907 5640 3035 5693 ὅταν
3064 5640 3139 5701 ὡς
3167 5638 3283 5709 εἴδη
3305 5638 3403 5690 καὶ
3428 5639 3563 5709 μέρη
3582 5634 3655 5688 καὶ

2093 5738 2345 5809 διαφοραὶ
2373 5736 2465 5788 τοῦ
2487 5735 2602 5796 ένὺς
2622 5733 3022 5805 λαμϐάνωνται·
3048 5733 3166 5785 ὅλον
3194 5731 3269 5793 δὲ,
3299 5734 3428 5787 ὅταν
3454 5731 3522 5783 τά
3540 5730 3653 5800 μέρη

2098 5832 2466 5902 συλλεγόμεναι
2481 5827 2535 5881 ’ἐν
2559 5828 2747 5898 ὀλόκλη
2754 5844 2843 5900 ρον
2869 5824 3167 5878 ἀποτελῶσι
3183 5841 3220 5887 l,
3240 5820 3354 5878 οἷον
3378 5824 3476 5878 καὶ
3493 5824 3572 5877 τὶν
3589 5821 3637 5873 ἄν
3692 5886 3697 5895 _
