  <div class='ocr_page' id='page_1' title='image "/cluster/home/n/w/nwhite01/storage/ocr_20150623/3/hvd.32044014713192/502.png"; bbox 0 0 3768 6344; ppageno 0'>
   <div class='ocr_carea' id='block_1_1' title="bbox 28 400 147 455">
    <p class='ocr_par' dir='ltr' id='par_1_1' title="bbox 28 400 147 455">
     <span class='ocr_line' id='line_1_1' title="bbox 28 400 147 455; baseline 0.008 -1"><span class='ocrx_word' id='word_1_1' title='bbox 28 400 147 455; x_wconf 79' lang='lat'><strong>989</strong></span> 
     </span>
    </p>
   </div>
   <div class='ocr_carea' id='block_1_2' title="bbox 616 397 2744 465">
    <p class='ocr_par' dir='ltr' id='par_1_2' title="bbox 616 397 2744 465">
     <span class='ocr_line' id='line_1_2' title="bbox 616 397 2744 465; baseline 0.002 -12"><span class='ocrx_word' id='word_1_2' title='bbox 616 400 705 453; x_wconf 86' lang='lat' dir='ltr'><strong>DE</strong></span> <span class='ocrx_word' id='word_1_3' title='bbox 734 397 989 453; x_wconf 74' lang='lat' dir='ltr'><strong>DlVlNlS</strong></span> <span class='ocrx_word' id='word_1_4' title='bbox 1022 397 1422 465; x_wconf 76' lang='lat' dir='ltr'><strong>NOMINIBUS,</strong></span> <span class='ocrx_word' id='word_1_5' title='bbox 1448 399 1603 455; x_wconf 80' lang='lat' dir='ltr'><strong>CAP.</strong></span> <span class='ocrx_word' id='word_1_6' title='bbox 1642 399 1855 457; x_wconf 80' lang='lat' dir='ltr'><strong>Xll|.—-—</strong></span> <span class='ocrx_word' id='word_1_7' title='bbox 1898 400 2248 460; x_wconf 76' lang='lat' dir='ltr'><strong>PARAPHR.</strong></span> <span class='ocrx_word' id='word_1_8' title='bbox 2280 400 2744 458; x_wconf 61' lang='lat' dir='ltr'><strong>PACHYMERA‘I.</strong></span> 
     </span>
    </p>
   </div>
   <div class='ocr_carea' id='block_1_3' title="bbox 3227 402 3333 457">
    <p class='ocr_par' dir='ltr' id='par_1_3' title="bbox 3227 402 3333 457">
     <span class='ocr_line' id='line_1_3' title="bbox 3227 402 3333 457; baseline 0.009 -2"><span class='ocrx_word' id='word_1_9' title='bbox 3227 402 3333 457; x_wconf 76' lang='lat'><strong>990</strong></span> 
     </span>
    </p>
   </div>
   <div class='ocr_carea' id='block_1_4' title="bbox 30 510 1638 585">
    <p class='ocr_par' dir='ltr' id='par_1_4' title="bbox 30 510 1638 585">
     <span class='ocr_line' id='line_1_4' title="bbox 30 510 1638 585; baseline -0.002 -18"><span class='ocrx_word' id='word_1_10' title='bbox 30 516 59 567; x_wconf 86' lang='grc' dir='ltr'><strong>θ</strong></span> <span class='ocrx_word' id='word_1_11' title='bbox 71 530 285 585; x_wconf 80' lang='grc' dir='ltr'>ρωπον,</span> <span class='ocrx_word' id='word_1_12' title='bbox 300 512 476 566; x_wconf 74' lang='grc' dir='ltr'>καὶτά</span> <span class='ocrx_word' id='word_1_13' title='bbox 487 511 579 564; x_wconf 80' lang='grc' dir='ltr'>τοῦ</span> <span class='ocrx_word' id='word_1_14' title='bbox 598 510 883 581; x_wconf 83' lang='grc' dir='ltr'>ἀνθρώπου</span> <span class='ocrx_word' id='word_1_15' title='bbox 918 510 1204 581; x_wconf 83' lang='grc' dir='ltr'>σωματικὰ</span> <span class='ocrx_word' id='word_1_16' title='bbox 1222 511 1382 581; x_wconf 88' lang='grc' dir='ltr'>μέρη,</span> <span class='ocrx_word' id='word_1_17' title='bbox 1407 511 1523 581; x_wconf 77' lang='grc' dir='ltr'>ἣτά</span> <span class='ocrx_word' id='word_1_18' title='bbox 1542 510 1638 580; x_wconf 82' lang='grc' dir='ltr'>τῆς</span> 
     </span>
    </p>
   </div>
   <div class='ocr_carea' id='block_1_5' title="bbox 1819 510 3334 585">
    <p class='ocr_par' dir='ltr' id='par_1_5' title="bbox 1823 514 3334 583">
     <span class='ocr_line' id='line_1_5' title="bbox 1823 514 3334 583; baseline 0.003 -20"><span class='ocrx_word' id='word_1_19' title='bbox 1823 522 1929 567; x_wconf 90' lang='lat' dir='ltr'><strong>tem</strong></span> <span class='ocrx_word' id='word_1_20' title='bbox 1961 530 2125 567; x_wconf 86' lang='lat' dir='ltr'><strong>imum</strong></span> <span class='ocrx_word' id='word_1_21' title='bbox 2158 514 2258 567; x_wconf 90' lang='lat' dir='ltr'><strong>hoc</strong></span> <span class='ocrx_word' id='word_1_22' title='bbox 2296 515 2477 568; x_wconf 86' lang='lat' dir='ltr'><strong>omnia</strong></span> <span class='ocrx_word' id='word_1_23' title='bbox 2509 514 2853 583; x_wconf 80' lang='lat' dir='ltr'><strong>complexum</strong></span> <span class='ocrx_word' id='word_1_24' title='bbox 2901 514 2994 578; x_wconf 91' lang='lat' dir='ltr'><strong>sit,</strong></span> <span class='ocrx_word' id='word_1_25' title='bbox 3028 523 3214 583; x_wconf 87' lang='lat' dir='ltr'><strong>postea</strong></span> <span class='ocrx_word' id='word_1_26' title='bbox 3253 514 3334 569; x_wconf 90' lang='lat' dir='ltr'><strong>di-</strong></span> 
     </span>
    </p>
   </div>
   <div class='ocr_carea' id='block_1_6' title="bbox 28 600 1637 676">
    <p class='ocr_par' dir='ltr' id='par_1_6' title="bbox 28 600 1637 676">
     <span class='ocr_line' id='line_1_6' title="bbox 28 600 1637 676; baseline -0.001 -19"><span class='ocrx_word' id='word_1_27' title='bbox 28 607 235 669; x_wconf 74' lang='grc' dir='ltr'>οὐσίας</span> <span class='ocrx_word' id='word_1_28' title='bbox 264 604 431 658; x_wconf 78' lang='grc' dir='ltr'>αὐτοῦ</span> <span class='ocrx_word' id='word_1_29' title='bbox 467 605 628 676; x_wconf 83' lang='grc' dir='ltr'>μέρη,</span> <span class='ocrx_word' id='word_1_30' title='bbox 659 600 771 656; x_wconf 71' lang='grc' dir='ltr'>οἷον</span> <span class='ocrx_word' id='word_1_31' title='bbox 798 604 859 656; x_wconf 83' lang='grc' dir='ltr'>τὸ</span> <span class='ocrx_word' id='word_1_32' title='bbox 888 604 1123 672; x_wconf 71' lang='grc' dir='ltr'>λογικὸν,</span> <span class='ocrx_word' id='word_1_33' title='bbox 1144 603 1205 656; x_wconf 79' lang='grc' dir='ltr'>τὸ</span> <span class='ocrx_word' id='word_1_34' title='bbox 1225 604 1435 674; x_wconf 86' lang='grc' dir='ltr'>θνητόν.</span> <span class='ocrx_word' id='word_1_35' title='bbox 1470 605 1637 657; x_wconf 84' lang='grc' dir='ltr'>Πάλιν</span> 
     </span>
    </p>
   </div>
   <div class='ocr_carea' id='block_1_7' title="bbox 32 696 1637 767">
    <p class='ocr_par' dir='ltr' id='par_1_7' title="bbox 32 696 1637 767">
     <span class='ocr_line' id='line_1_7' title="bbox 32 696 1637 767; baseline -0.001 -18"><span class='ocrx_word' id='word_1_36' title='bbox 32 701 226 750; x_wconf 75' lang='grc' dir='ltr'>πάντα</span> <span class='ocrx_word' id='word_1_37' title='bbox 254 699 349 751; x_wconf 75' lang='grc' dir='ltr'>καὶ</span> <span class='ocrx_word' id='word_1_38' title='bbox 380 698 448 750; x_wconf 80' lang='grc' dir='ltr'>τὰ</span> <span class='ocrx_word' id='word_1_39' title='bbox 478 697 843 767; x_wconf 79' lang='grc' dir='ltr'>ἀντικείμενα,</span> <span class='ocrx_word' id='word_1_40' title='bbox 868 696 1035 766; x_wconf 76' lang='grc' dir='ltr'>ἤγουν</span> <span class='ocrx_word' id='word_1_41' title='bbox 1052 696 1108 748; x_wconf 87' lang='grc' dir='ltr'>ἒν</span> <span class='ocrx_word' id='word_1_42' title='bbox 1128 696 1356 749; x_wconf 74' lang='grc' dir='ltr'>ἕκαστον</span> <span class='ocrx_word' id='word_1_43' title='bbox 1380 700 1637 766; x_wconf 84' lang='grc' dir='ltr'>στοιχεῖον</span> 
     </span>
    </p>
   </div>
   <div class='ocr_carea' id='block_1_8' title="bbox 36 787 1636 859">
    <p class='ocr_par' dir='ltr' id='par_1_8' title="bbox 36 787 1636 859">
     <span class='ocr_line' id='line_1_8' title="bbox 36 787 1636 859; baseline 0.001 -19"><span class='ocrx_word' id='word_1_44' title='bbox 36 790 174 859; x_wconf 62' lang='grc' dir='ltr'><strong>ἱῧίᾳ.</strong></span> <span class='ocrx_word' id='word_1_45' title='bbox 210 791 319 841; x_wconf 78' lang='grc' dir='ltr'>Καὶ</span> <span class='ocrx_word' id='word_1_46' title='bbox 348 789 512 842; x_wconf 85' lang='grc' dir='ltr'>πάλιν</span> <span class='ocrx_word' id='word_1_47' title='bbox 540 791 596 841; x_wconf 85' lang='grc' dir='ltr'><strong>ὲν</strong></span> <span class='ocrx_word' id='word_1_48' title='bbox 617 788 801 859; x_wconf 74' lang='grc' dir='ltr'><strong>ταύτῷ</strong></span> <span class='ocrx_word' id='word_1_49' title='bbox 829 787 896 839; x_wconf 81' lang='grc' dir='ltr'><strong>τὰ</strong></span> <span class='ocrx_word' id='word_1_50' title='bbox 917 788 1289 859; x_wconf 82' lang='grc' dir='ltr'><strong>ἀντικείμενα,</strong></span> <span class='ocrx_word' id='word_1_51' title='bbox 1306 790 1434 841; x_wconf 83' lang='grc' dir='ltr'>ὅταν</span> <span class='ocrx_word' id='word_1_52' title='bbox 1456 787 1511 840; x_wconf 77' lang='grc' dir='ltr'>ἓν</span> <span class='ocrx_word' id='word_1_53' title='bbox 1531 805 1636 841; x_wconf 86' lang='grc' dir='ltr'>τινι</span> 
     </span>
    </p>
   </div>
   <div class='ocr_carea' id='block_1_9' title="bbox 34 879 1635 951">
    <p class='ocr_par' dir='ltr' id='par_1_9' title="bbox 34 879 1635 951">
     <span class='ocr_line' id='line_1_9' title="bbox 34 879 1635 951; baseline 0.002 -20"><span class='ocrx_word' id='word_1_54' title='bbox 34 881 396 951; x_wconf 78' lang='grc' dir='ltr'>ὑποκειμένῳ</span> <span class='ocrx_word' id='word_1_55' title='bbox 422 879 750 951; x_wconf 84' lang='grc' dir='ltr'>θεωρῶνται.</span> <span class='ocrx_word' id='word_1_56' title='bbox 785 880 969 933; x_wconf 81' lang='grc' dir='ltr'>Πάντα</span> <span class='ocrx_word' id='word_1_57' title='bbox 1000 882 1109 951; x_wconf 83' lang='grc' dir='ltr'>γὰρ</span> <span class='ocrx_word' id='word_1_58' title='bbox 1140 881 1203 933; x_wconf 81' lang='grc' dir='ltr'>ἐκ</span> <span class='ocrx_word' id='word_1_59' title='bbox 1243 880 1349 933; x_wconf 82' lang='grc' dir='ltr'><strong>τῶν</strong></span> <span class='ocrx_word' id='word_1_60' title='bbox 1379 882 1635 934; x_wconf 85' lang='grc' dir='ltr'>ὲναντίων</span> 
     </span>
    </p>
   </div>
   <div class='ocr_carea' id='block_1_10' title="bbox 36 972 1635 1041">
    <p class='ocr_par' dir='ltr' id='par_1_10' title="bbox 36 972 1635 1041">
     <span class='ocr_line' id='line_1_10' title="bbox 36 972 1635 1041; baseline 0.001 -18"><span class='ocrx_word' id='word_1_61' title='bbox 36 973 329 1041; x_wconf 80' lang='grc' dir='ltr'>στοιχείων</span> <span class='ocrx_word' id='word_1_62' title='bbox 358 972 702 1024; x_wconf 78' lang='grc' dir='ltr'>συνίστανται</span> <span class='ocrx_word' id='word_1_63' title='bbox 722 972 815 1024; x_wconf 75' lang='grc' dir='ltr'><strong>καὶ</strong></span> <span class='ocrx_word' id='word_1_64' title='bbox 848 972 1133 1033; x_wconf 77' lang='grc' dir='ltr'>ὲνίζονται.</span> <span class='ocrx_word' id='word_1_65' title='bbox 1169 972 1241 1023; x_wconf 85' lang='grc' dir='ltr'>Τὸ</span> <span class='ocrx_word' id='word_1_66' title='bbox 1269 972 1325 1025; x_wconf 85' lang='grc' dir='ltr'>δὲ</span> <span class='ocrx_word' id='word_1_67' title='bbox 1354 973 1635 1027; x_wconf 79' lang='grc' dir='ltr'>ὑποθοῖτο</span> 
     </span>
    </p>
   </div>
   <div class='ocr_carea' id='block_1_11' title="bbox 33 1063 1636 1133">
    <p class='ocr_par' dir='ltr' id='par_1_11' title="bbox 33 1063 1636 1133">
     <span class='ocr_line' id='line_1_11' title="bbox 33 1063 1636 1133; baseline 0 -18"><span class='ocrx_word' id='word_1_68' title='bbox 33 1066 95 1116; x_wconf 81' lang='grc' dir='ltr'><strong>ὲν</strong></span> <span class='ocrx_word' id='word_1_69' title='bbox 128 1064 313 1126; x_wconf 76' lang='grc' dir='ltr'>ἄλλοις</span> <span class='ocrx_word' id='word_1_70' title='bbox 350 1065 447 1133; x_wconf 83' lang='grc' dir='ltr'><strong>μὲν</strong></span> <span class='ocrx_word' id='word_1_71' title='bbox 489 1063 550 1115; x_wconf 87' lang='grc' dir='ltr'><strong>τὸ</strong></span> <span class='ocrx_word' id='word_1_72' title='bbox 592 1064 713 1117; x_wconf 87' lang='grc' dir='ltr'>καθ’</span> <span class='ocrx_word' id='word_1_73' title='bbox 744 1063 997 1115; x_wconf 83' lang='grc' dir='ltr'>ὑπόθεσιν</span> <span class='ocrx_word' id='word_1_74' title='bbox 1027 1064 1383 1132; x_wconf 77' lang='grc' dir='ltr'>λαμϐάνεται,</span> <span class='ocrx_word' id='word_1_75' title='bbox 1416 1064 1510 1116; x_wconf 73' lang='grc' dir='ltr'><strong>καὶ</strong></span> <span class='ocrx_word' id='word_1_76' title='bbox 1543 1065 1636 1116; x_wconf 77' lang='grc' dir='ltr'>ἐπὶ</span> 
     </span>
    </p>
   </div>
   <div class='ocr_carea' id='block_1_12' title="bbox 33 1156 1636 1228">
    <p class='ocr_par' dir='ltr' id='par_1_12' title="bbox 33 1156 1636 1228">
     <span class='ocr_line' id='line_1_12' title="bbox 33 1156 1636 1228; baseline 0.001 -20"><span class='ocrx_word' id='word_1_77' title='bbox 33 1158 152 1209; x_wconf 77' lang='grc' dir='ltr'><strong>τῶν</strong></span> <span class='ocrx_word' id='word_1_78' title='bbox 188 1158 592 1228; x_wconf 82' lang='grc' dir='ltr'>πραγματικῶς</span> <span class='ocrx_word' id='word_1_79' title='bbox 620 1159 719 1209; x_wconf 74' lang='grc' dir='ltr'><strong>οὐκ</strong></span> <span class='ocrx_word' id='word_1_80' title='bbox 758 1157 959 1220; x_wconf 76' lang='grc' dir='ltr'>ὄντων,</span> <span class='ocrx_word' id='word_1_81' title='bbox 992 1156 1129 1209; x_wconf 87' lang='grc' dir='ltr'><strong>ἀλλά</strong></span> <span class='ocrx_word' id='word_1_82' title='bbox 1175 1157 1317 1227; x_wconf 82' lang='grc' dir='ltr'>λόγῳ</span> <span class='ocrx_word' id='word_1_83' title='bbox 1359 1158 1636 1228; x_wconf 88' lang='grc' dir='ltr'>τυπουμέ-</span> 
     </span>
    </p>
   </div>
   <div class='ocr_carea' id='block_1_13' title="bbox 35 1249 1634 1319">
    <p class='ocr_par' dir='ltr' id='par_1_13' title="bbox 35 1249 1634 1319">
     <span class='ocr_line' id='line_1_13' title="bbox 35 1249 1634 1319; baseline 0.002 -20"><span class='ocrx_word' id='word_1_84' title='bbox 35 1266 170 1301; x_wconf 88' lang='grc' dir='ltr'>νων·</span> <span class='ocrx_word' id='word_1_85' title='bbox 208 1250 442 1303; x_wconf 81' lang='grc' dir='ltr'>ἐνταῦθα</span> <span class='ocrx_word' id='word_1_86' title='bbox 480 1250 658 1319; x_wconf 87' lang='grc' dir='ltr'>μέντοι</span> <span class='ocrx_word' id='word_1_87' title='bbox 687 1251 785 1318; x_wconf 76' lang='grc' dir='ltr'><strong>οὐχ</strong></span> <span class='ocrx_word' id='word_1_88' title='bbox 811 1249 954 1301; x_wconf 71' lang='grc' dir='ltr'>οὕτω</span> <span class='ocrx_word' id='word_1_89' title='bbox 980 1249 1232 1318; x_wconf 78' lang='grc' dir='ltr'>ληπτέον,</span> <span class='ocrx_word' id='word_1_90' title='bbox 1264 1250 1399 1303; x_wconf 86' lang='grc' dir='ltr'><strong>ἀλλά</strong></span> <span class='ocrx_word' id='word_1_91' title='bbox 1425 1250 1486 1303; x_wconf 87' lang='grc' dir='ltr'><strong>τὸ</strong></span> <span class='ocrx_word' id='word_1_92' title='bbox 1515 1250 1634 1303; x_wconf 82' lang='grc' dir='ltr'>κατ’</span> 
     </span>
    </p>
   </div>
   <div class='ocr_carea' id='block_1_14' title="bbox 37 1340 1636 1412">
    <p class='ocr_par' dir='ltr' id='par_1_14' title="bbox 37 1340 1636 1412">
     <span class='ocr_line' id='line_1_14' title="bbox 37 1340 1636 1412; baseline 0.002 -22"><span class='ocrx_word' id='word_1_93' title='bbox 37 1342 295 1395; x_wconf 80' lang='grc' dir='ltr'>ἐπίνοιαν</span> <span class='ocrx_word' id='word_1_94' title='bbox 323 1341 467 1412; x_wconf 80' lang='grc' dir='ltr'>λόγῳ</span> <span class='ocrx_word' id='word_1_95' title='bbox 500 1340 659 1394; x_wconf 79' lang='grc' dir='ltr'>τοῦτο</span> <span class='ocrx_word' id='word_1_96' title='bbox 686 1341 867 1393; x_wconf 81' lang='grc' dir='ltr'>θετέον</span> <span class='ocrx_word' id='word_1_97' title='bbox 896 1341 984 1393; x_wconf 73' lang='grc' dir='ltr'>διὰ</span> <span class='ocrx_word' id='word_1_98' title='bbox 1012 1340 1109 1411; x_wconf 81' lang='grc' dir='ltr'><strong>τὴν</strong></span> <span class='ocrx_word' id='word_1_99' title='bbox 1138 1340 1231 1393; x_wconf 83' lang='grc' dir='ltr'>τοῦ</span> <span class='ocrx_word' id='word_1_100' title='bbox 1276 1341 1333 1407; x_wconf 76' lang='grc' dir='ltr'><strong>ἐξ</strong></span> <span class='ocrx_word' id='word_1_101' title='bbox 1364 1342 1483 1405; x_wconf 84' lang='grc' dir='ltr'>ἐνὸς</span> <span class='ocrx_word' id='word_1_102' title='bbox 1502 1341 1636 1394; x_wconf 78' lang='grc' dir='ltr'>Θεοῦ</span> 
     </span>
    </p>
   </div>
   <div class='ocr_carea' id='block_1_15' title="bbox 37 1434 1636 1505">
    <p class='ocr_par' dir='ltr' id='par_1_15' title="bbox 37 1434 1636 1505">
     <span class='ocr_line' id='line_1_15' title="bbox 37 1434 1636 1505; baseline 0.002 -21"><span class='ocrx_word' id='word_1_103' title='bbox 37 1434 294 1487; x_wconf 75' lang='grc' dir='ltr'>ἐκτίσθαι</span> <span class='ocrx_word' id='word_1_104' title='bbox 319 1434 625 1503; x_wconf 83' lang='grc' dir='ltr'>ταύτότητα</span> <span class='ocrx_word' id='word_1_105' title='bbox 644 1476 658 1499; x_wconf 95' lang='grc'><strong>,</strong></span> <span class='ocrx_word' id='word_1_106' title='bbox 690 1435 782 1486; x_wconf 73' lang='grc' dir='ltr'><strong>καὶ</strong></span> <span class='ocrx_word' id='word_1_107' title='bbox 812 1434 871 1486; x_wconf 72' lang='grc' dir='ltr'>τὸ</span> <span class='ocrx_word' id='word_1_108' title='bbox 900 1434 1019 1487; x_wconf 79' lang='grc' dir='ltr'>ὅλον</span> <span class='ocrx_word' id='word_1_109' title='bbox 1049 1435 1107 1487; x_wconf 82' lang='grc' dir='ltr'>ἐν</span> <span class='ocrx_word' id='word_1_110' title='bbox 1134 1437 1246 1497; x_wconf 86' lang='grc' dir='ltr'>τοῖς</span> <span class='ocrx_word' id='word_1_111' title='bbox 1282 1435 1469 1505; x_wconf 81' lang='grc' dir='ltr'>μέρεσι</span> <span class='ocrx_word' id='word_1_112' title='bbox 1500 1434 1636 1487; x_wconf 87' lang='grc' dir='ltr'>θεω-</span> 
     </span>
    </p>
   </div>
   <div class='ocr_carea' id='block_1_16' title="bbox 43 1524 1022 1597">
    <p class='ocr_par' dir='ltr' id='par_1_16' title="bbox 43 1524 1022 1597">
     <span class='ocr_line' id='line_1_16' title="bbox 43 1524 1022 1597; baseline 0.005 -23"><span class='ocrx_word' id='word_1_113' title='bbox 43 1525 283 1594; x_wconf 78' lang='grc' dir='ltr'>ρεῖσθαι,</span> <span class='ocrx_word' id='word_1_114' title='bbox 316 1527 411 1579; x_wconf 83' lang='grc' dir='ltr'><strong>καὶ</strong></span> <span class='ocrx_word' id='word_1_115' title='bbox 440 1527 498 1579; x_wconf 82' lang='grc' dir='ltr'>ὲν</span> <span class='ocrx_word' id='word_1_116' title='bbox 525 1525 602 1597; x_wconf 78' lang='grc' dir='ltr'><strong>τῷ</strong></span> <span class='ocrx_word' id='word_1_117' title='bbox 628 1526 735 1596; x_wconf 82' lang='grc' dir='ltr'><strong>ὅλῳ</strong></span> <span class='ocrx_word' id='word_1_118' title='bbox 762 1524 831 1577; x_wconf 77' lang='grc' dir='ltr'>τὰ</span> <span class='ocrx_word' id='word_1_119' title='bbox 863 1526 1022 1597; x_wconf 85' lang='grc' dir='ltr'>μέρη.</span> 
     </span>
    </p>
   </div>
   <div class='ocr_carea' id='block_1_17' title="bbox 1748 606 3331 677">
    <p class='ocr_par' dir='ltr' id='par_1_17' title="bbox 1748 606 3331 677">
     <span class='ocr_line' id='line_1_17' title="bbox 1748 606 3331 677; baseline -0.001 -17"><span class='ocrx_word' id='word_1_120' title='bbox 1748 615 1902 660; x_wconf 90' lang='lat' dir='ltr'><strong>cetur</strong></span> <span class='ocrx_word' id='word_1_121' title='bbox 1924 607 2140 674; x_wconf 77' lang='lat' dir='ltr'><strong>quando</strong></span> <span class='ocrx_word' id='word_1_122' title='bbox 2170 617 2597 677; x_wconf 64' lang='lat' dir='ltr'><strong>praeconi-cptum</strong></span> <span class='ocrx_word' id='word_1_123' title='bbox 2633 607 2761 660; x_wconf 89' lang='lat' dir='ltr'><strong>illud</strong></span> <span class='ocrx_word' id='word_1_124' title='bbox 2788 622 2955 661; x_wconf 89' lang='lat' dir='ltr'><strong>unum</strong></span> <span class='ocrx_word' id='word_1_125' title='bbox 2982 606 3331 661; x_wconf 86' lang='lat' dir='ltr'><strong>demonstra-</strong></span> 
     </span>
    </p>
   </div>
   <div class='ocr_carea' id='block_1_18' title="bbox 1747 697 3334 769">
    <p class='ocr_par' dir='ltr' id='par_1_18' title="bbox 1747 697 3334 769">
     <span class='ocr_line' id='line_1_18' title="bbox 1747 697 3334 769; baseline 0.002 -19"><span class='ocrx_word' id='word_1_126' title='bbox 1747 699 1843 750; x_wconf 90' lang='lat' dir='ltr'><strong>bit.</strong></span> <span class='ocrx_word' id='word_1_127' title='bbox 1896 697 2166 751; x_wconf 74' lang='lat' dir='ltr'><strong>Czeterum</strong></span> <span class='ocrx_word' id='word_1_128' title='bbox 2245 700 2428 751; x_wconf 87' lang='lat' dir='ltr'><strong>omnia</strong></span> <span class='ocrx_word' id='word_1_129' title='bbox 2486 699 2780 763; x_wconf 84' lang='lat' dir='ltr'><strong>dicuntur,</strong></span> <span class='ocrx_word' id='word_1_130' title='bbox 2837 701 3059 767; x_wconf 81' lang='lat' dir='ltr'><strong>quando</strong></span> <span class='ocrx_word' id='word_1_131' title='bbox 3117 702 3334 769; x_wconf 84' lang='lat' dir='ltr'><strong>species</strong></span> 
     </span>
    </p>
   </div>
   <div class='ocr_carea' id='block_1_19' title="bbox 1742 790 3328 862">
    <p class='ocr_par' dir='ltr' id='par_1_19' title="bbox 1742 790 3328 862">
     <span class='ocr_line' id='line_1_19' title="bbox 1742 790 3328 862; baseline 0.003 -22"><span class='ocrx_word' id='word_1_132' title='bbox 1742 800 1796 841; x_wconf 87' lang='lat' dir='ltr'><strong>et</strong></span> <span class='ocrx_word' id='word_1_133' title='bbox 1844 798 2025 857; x_wconf 87' lang='lat' dir='ltr'><strong>partes</strong></span> <span class='ocrx_word' id='word_1_134' title='bbox 2066 800 2120 842; x_wconf 88' lang='lat' dir='ltr'><strong>et</strong></span> <span class='ocrx_word' id='word_1_135' title='bbox 2165 790 2485 843; x_wconf 69' lang='lat' dir='ltr'><strong>diﬂ&#39;erentize</strong></span> <span class='ocrx_word' id='word_1_136' title='bbox 2515 791 2678 844; x_wconf 90' lang='lat' dir='ltr'><strong>unius</strong></span> <span class='ocrx_word' id='word_1_137' title='bbox 2727 793 3103 862; x_wconf 86' lang='lat' dir='ltr'><strong>accipiuntur;</strong></span> <span class='ocrx_word' id='word_1_138' title='bbox 3148 804 3328 847; x_wconf 88' lang='lat' dir='ltr'><strong>totum</strong></span> 
     </span>
    </p>
   </div>
   <div class='ocr_carea' id='block_1_20' title="bbox 1748 882 3326 951">
    <p class='ocr_par' dir='ltr' id='par_1_20' title="bbox 1748 882 3326 951">
     <span class='ocr_line' id='line_1_20' title="bbox 1748 882 3326 951; baseline 0.002 -16"><span class='ocrx_word' id='word_1_139' title='bbox 1748 895 1896 945; x_wconf 76' lang='lat' dir='ltr'><strong>vero,</strong></span> <span class='ocrx_word' id='word_1_140' title='bbox 1927 882 2146 949; x_wconf 82' lang='lat' dir='ltr'><strong>quando</strong></span> <span class='ocrx_word' id='word_1_141' title='bbox 2188 894 2371 950; x_wconf 89' lang='lat' dir='ltr'><strong>partes</strong></span> <span class='ocrx_word' id='word_1_142' title='bbox 2416 883 2643 937; x_wconf 74' lang='lat' dir='ltr'><strong>collecte</strong></span> <span class='ocrx_word' id='word_1_143' title='bbox 2691 900 2855 937; x_wconf 90' lang='lat' dir='ltr'><strong>unum</strong></span> <span class='ocrx_word' id='word_1_144' title='bbox 2901 885 3168 951; x_wconf 81' lang='lat' dir='ltr'><strong>integrum</strong></span> <span class='ocrx_word' id='word_1_145' title='bbox 3209 883 3326 938; x_wconf 80' lang='lat' dir='ltr'><strong>clli-</strong></span> 
     </span>
    </p>
   </div>
   <div class='ocr_carea' id='block_1_21' title="bbox 1744 975 3327 1043">
    <p class='ocr_par' dir='ltr' id='par_1_21' title="bbox 1744 975 3327 1043">
     <span class='ocr_line' id='line_1_21' title="bbox 1744 975 3327 1043; baseline -0.001 -15"><span class='ocrx_word' id='word_1_146' title='bbox 1744 975 1912 1036; x_wconf 89' lang='lat' dir='ltr'><strong>ciunt,</strong></span> <span class='ocrx_word' id='word_1_147' title='bbox 1945 975 2094 1027; x_wconf 83' lang='lat' dir='ltr'><strong>verbi</strong></span> <span class='ocrx_word' id='word_1_148' title='bbox 2145 976 2343 1043; x_wconf 75' lang='lat' dir='ltr'><strong>gratia,</strong></span> <span class='ocrx_word' id='word_1_149' title='bbox 2379 977 2676 1039; x_wconf 87' lang='lat' dir='ltr'><strong>hominem,</strong></span> <span class='ocrx_word' id='word_1_150' title='bbox 2711 985 2895 1043; x_wconf 83' lang='lat' dir='ltr'><strong>partes</strong></span> <span class='ocrx_word' id='word_1_151' title='bbox 2930 975 3169 1029; x_wconf 84' lang='lat' dir='ltr'><strong>hominis</strong></span> <span class='ocrx_word' id='word_1_152' title='bbox 3197 990 3327 1028; x_wconf 90' lang='lat' dir='ltr'><strong>cor-</strong></span> 
     </span>
    </p>
   </div>
   <div class='ocr_carea' id='block_1_22' title="bbox 1746 1066 3325 1137">
    <p class='ocr_par' dir='ltr' id='par_1_22' title="bbox 1746 1066 3325 1137">
     <span class='ocr_line' id='line_1_22' title="bbox 1746 1066 3325 1137; baseline 0.001 -19"><span class='ocrx_word' id='word_1_153' title='bbox 1746 1081 1943 1134; x_wconf 63' lang='lat' dir='ltr'><strong>poreae,</strong></span> <span class='ocrx_word' id='word_1_154' title='bbox 1967 1066 2049 1119; x_wconf 90' lang='lat' dir='ltr'><strong>vel</strong></span> <span class='ocrx_word' id='word_1_155' title='bbox 2079 1077 2262 1134; x_wconf 86' lang='lat' dir='ltr'><strong>partes</strong></span> <span class='ocrx_word' id='word_1_156' title='bbox 2288 1067 2408 1137; x_wconf 84' lang='lat' dir='ltr'><strong>ejus</strong></span> <span class='ocrx_word' id='word_1_157' title='bbox 2435 1067 2708 1130; x_wconf 72' lang='lat' dir='ltr'><strong>essentiaz,</strong></span> <span class='ocrx_word' id='word_1_158' title='bbox 2736 1076 2794 1120; x_wconf 92' lang='lat' dir='ltr'><strong>ut</strong></span> <span class='ocrx_word' id='word_1_159' title='bbox 2815 1067 3081 1120; x_wconf 87' lang='lat' dir='ltr'><strong>rationale</strong></span> <span class='ocrx_word' id='word_1_160' title='bbox 3103 1076 3157 1121; x_wconf 91' lang='lat' dir='ltr'><strong>et</strong></span> <span class='ocrx_word' id='word_1_161' title='bbox 3180 1081 3325 1120; x_wconf 81' lang='lat' dir='ltr'><strong>mor-</strong></span> 
     </span>
    </p>
   </div>
   <div class='ocr_carea' id='block_1_23' title="bbox 1746 1157 3325 1229">
    <p class='ocr_par' dir='ltr' id='par_1_23' title="bbox 1746 1157 3325 1229">
     <span class='ocr_line' id='line_1_23' title="bbox 1746 1157 3325 1229; baseline -0.001 -19"><span class='ocrx_word' id='word_1_162' title='bbox 1746 1157 1873 1211; x_wconf 90' lang='lat' dir='ltr'><strong>tale.</strong></span> <span class='ocrx_word' id='word_1_163' title='bbox 1908 1158 2168 1221; x_wconf 71' lang='lat' dir='ltr'><strong>llursum,</strong></span> <span class='ocrx_word' id='word_1_164' title='bbox 2197 1160 2381 1213; x_wconf 83' lang='lat' dir='ltr'><strong>omnia</strong></span> <span class='ocrx_word' id='word_1_165' title='bbox 2408 1162 2571 1214; x_wconf 92' lang='lat' dir='ltr'><strong>etiam</strong></span> <span class='ocrx_word' id='word_1_166' title='bbox 2603 1160 2902 1223; x_wconf 90' lang='lat' dir='ltr'><strong>contraria,</strong></span> <span class='ocrx_word' id='word_1_167' title='bbox 2939 1160 3091 1214; x_wconf 82' lang='lat' dir='ltr'><strong>verbi</strong></span> <span class='ocrx_word' id='word_1_168' title='bbox 3124 1159 3325 1229; x_wconf 77' lang='lat' dir='ltr'><strong>gratia,</strong></span> 
     </span>
    </p>
   </div>
   <div class='ocr_carea' id='block_1_24' title="bbox 1742 1253 3322 1320">
    <p class='ocr_par' dir='ltr' id='par_1_24' title="bbox 1742 1253 3322 1320">
     <span class='ocr_line' id='line_1_24' title="bbox 1742 1253 3322 1320; baseline 0.001 -17"><span class='ocrx_word' id='word_1_169' title='bbox 1742 1253 2019 1320; x_wconf 90' lang='lat' dir='ltr'><strong>quodlibet</strong></span> <span class='ocrx_word' id='word_1_170' title='bbox 2049 1255 2376 1307; x_wconf 89' lang='lat' dir='ltr'><strong>elementum</strong></span> <span class='ocrx_word' id='word_1_171' title='bbox 2415 1268 2682 1307; x_wconf 85' lang='lat' dir='ltr'><strong>seorsum.</strong></span> <span class='ocrx_word' id='word_1_172' title='bbox 2709 1253 2777 1307; x_wconf 81' lang='lat' dir='ltr'><strong>Et</strong></span> <span class='ocrx_word' id='word_1_173' title='bbox 2804 1268 3020 1307; x_wconf 86' lang='lat' dir='ltr'><strong>rursum</strong></span> <span class='ocrx_word' id='word_1_174' title='bbox 3052 1254 3103 1306; x_wconf 93' lang='lat' dir='ltr'><strong>in</strong></span> <span class='ocrx_word' id='word_1_175' title='bbox 3133 1254 3322 1305; x_wconf 90' lang='lat' dir='ltr'><strong>eodem</strong></span> 
     </span>
    </p>
   </div>
   <div class='ocr_carea' id='block_1_25' title="bbox 1742 1345 3322 1415">
    <p class='ocr_par' dir='ltr' id='par_1_25' title="bbox 1742 1345 3322 1415">
     <span class='ocr_line' id='line_1_25' title="bbox 1742 1345 3322 1415; baseline -0.002 -16"><span class='ocrx_word' id='word_1_176' title='bbox 1742 1346 2041 1412; x_wconf 88' lang='lat' dir='ltr'><strong>contraria,</strong></span> <span class='ocrx_word' id='word_1_177' title='bbox 2068 1351 2287 1415; x_wconf 80' lang='lat' dir='ltr'><strong>quando</strong></span> <span class='ocrx_word' id='word_1_178' title='bbox 2315 1346 2369 1399; x_wconf 93' lang='lat' dir='ltr'><strong>in</strong></span> <span class='ocrx_word' id='word_1_179' title='bbox 2399 1346 2583 1412; x_wconf 87' lang='lat' dir='ltr'><strong>aliquo</strong></span> <span class='ocrx_word' id='word_1_180' title='bbox 2619 1346 2865 1413; x_wconf 89' lang='lat' dir='ltr'><strong>subjecto</strong></span> <span class='ocrx_word' id='word_1_181' title='bbox 2884 1345 3322 1413; x_wconf 77' lang='lat' dir='ltr'><strong>conspiciuntur;</strong></span> 
     </span>
    </p>
   </div>
   <div class='ocr_carea' id='block_1_26' title="bbox 1745 1438 3319 1493">
    <p class='ocr_par' dir='ltr' id='par_1_26' title="bbox 1745 1438 3319 1493">
     <span class='ocr_line' id='line_1_26' title="bbox 1745 1438 3319 1493; baseline 0 -4"><span class='ocrx_word' id='word_1_182' title='bbox 1745 1438 1928 1490; x_wconf 76' lang='lat' dir='ltr'><strong>omnia</strong></span> <span class='ocrx_word' id='word_1_183' title='bbox 1965 1438 2110 1492; x_wconf 90' lang='lat' dir='ltr'><strong>enim</strong></span> <span class='ocrx_word' id='word_1_184' title='bbox 2147 1453 2213 1491; x_wconf 78' lang='lat' dir='ltr'><strong>ex</strong></span> <span class='ocrx_word' id='word_1_185' title='bbox 2249 1438 2542 1491; x_wconf 92' lang='lat' dir='ltr'><strong>contrariis</strong></span> <span class='ocrx_word' id='word_1_186' title='bbox 2572 1438 2857 1493; x_wconf 88' lang='lat' dir='ltr'><strong>elementis</strong></span> <span class='ocrx_word' id='word_1_187' title='bbox 2886 1439 3319 1493; x_wconf 86' lang='lat' dir='ltr'><strong>constituuntur.</strong></span> 
     </span>
    </p>
   </div>
   <div class='ocr_carea' id='block_1_27' title="bbox 1747 1524 3325 1598">
    <p class='ocr_par' dir='ltr' id='par_1_27' title="bbox 1747 1524 3325 1598">
     <span class='ocr_line' id='line_1_27' title="bbox 1747 1524 3325 1598; baseline 0.002 -21"><span class='ocrx_word' id='word_1_188' title='bbox 1747 1524 1881 1578; x_wconf 82' lang='lat' dir='ltr'><strong>Illud</strong></span> <span class='ocrx_word' id='word_1_189' title='bbox 1915 1538 2116 1595; x_wconf 89' lang='lat' dir='ltr'><strong>autem,</strong></span> <span class='ocrx_word' id='word_1_190' title='bbox 2150 1528 2404 1581; x_wconf 83' lang='grc' dir='ltr'>ὑποθοῖτό</span> <span class='ocrx_word' id='word_1_191' title='bbox 2425 1545 2529 1591; x_wconf 88' lang='grc' dir='ltr'>τις,</span> <span class='ocrx_word' id='word_1_192' title='bbox 2566 1528 2757 1598; x_wconf 73' lang='lat' dir='ltr'><strong>aliquis</strong></span> <span class='ocrx_word' id='word_1_193' title='bbox 2794 1539 3076 1597; x_wconf 76' lang='lat' dir='ltr'><strong>supponat,</strong></span> <span class='ocrx_word' id='word_1_194' title='bbox 3112 1529 3165 1583; x_wconf 90' lang='lat' dir='ltr'><strong>in</strong></span> <span class='ocrx_word' id='word_1_195' title='bbox 3199 1527 3325 1582; x_wconf 89' lang='lat' dir='ltr'><strong>aliis</strong></span> 
     </span>
    </p>
   </div>
   <div class='ocr_carea' id='block_1_28' title="bbox 44 1617 3324 1691">
    <p class='ocr_par' dir='ltr' id='par_1_28' title="bbox 44 1617 3324 1691">
     <span class='ocr_line' id='line_1_28' title="bbox 44 1617 3324 1691; baseline 0.001 -22"><span class='ocrx_word' id='word_1_196' title='bbox 44 1620 271 1685; x_wconf 83' lang='lat' dir='ltr'><strong>quidem</strong></span> <span class='ocrx_word' id='word_1_197' title='bbox 308 1619 611 1673; x_wconf 88' lang='lat' dir='ltr'><strong>secundum</strong></span> <span class='ocrx_word' id='word_1_198' title='bbox 650 1618 979 1688; x_wconf 87' lang='lat' dir='ltr'><strong>hypothesin</strong></span> <span class='ocrx_word' id='word_1_199' title='bbox 1019 1618 1133 1673; x_wconf 82' lang='lat' dir='ltr'><strong>sive</strong></span> <span class='ocrx_word' id='word_1_200' title='bbox 1180 1619 1608 1689; x_wconf 85' lang='lat' dir='ltr'><strong>suppositionem</strong></span> <span class='ocrx_word' id='word_1_201' title='bbox 1643 1617 1945 1687; x_wconf 84' lang='lat' dir='ltr'><strong>accipitur;</strong></span> <span class='ocrx_word' id='word_1_202' title='bbox 2010 1626 2176 1675; x_wconf 91' lang='lat' dir='ltr'><strong>etiam</strong></span> <span class='ocrx_word' id='word_1_203' title='bbox 2242 1620 2295 1673; x_wconf 92' lang='lat' dir='ltr'><strong>in</strong></span> <span class='ocrx_word' id='word_1_204' title='bbox 2343 1620 2408 1674; x_wconf 89' lang='lat' dir='ltr'><strong>iis</strong></span> <span class='ocrx_word' id='word_1_205' title='bbox 2454 1635 2575 1689; x_wconf 75' lang='lat' dir='ltr'><strong>qua:</strong></span> <span class='ocrx_word' id='word_1_206' title='bbox 2628 1636 2685 1676; x_wconf 91' lang='lat' dir='ltr'><strong>re</strong></span> <span class='ocrx_word' id='word_1_207' title='bbox 2751 1620 2868 1689; x_wconf 89' lang='lat' dir='ltr'><strong>ipsa</strong></span> <span class='ocrx_word' id='word_1_208' title='bbox 2910 1635 3016 1674; x_wconf 93' lang='lat' dir='ltr'><strong>non</strong></span> <span class='ocrx_word' id='word_1_209' title='bbox 3058 1622 3324 1691; x_wconf 81' lang='lat' dir='ltr'><strong>existunt,</strong></span> 
     </span>
    </p>
   </div>
   <div class='ocr_carea' id='block_1_29' title="bbox 37 1708 3326 1783">
    <p class='ocr_par' dir='ltr' id='par_1_29' title="bbox 37 1708 3326 1783">
     <span class='ocr_line' id='line_1_29' title="bbox 37 1708 3326 1783; baseline 0.001 -20"><span class='ocrx_word' id='word_1_210' title='bbox 37 1714 135 1763; x_wconf 91' lang='lat' dir='ltr'><strong>se.|</strong></span> <span class='ocrx_word' id='word_1_211' title='bbox 195 1710 405 1763; x_wconf 89' lang='lat' dir='ltr'><strong>ratione</strong></span> <span class='ocrx_word' id='word_1_212' title='bbox 477 1709 783 1779; x_wconf 81' lang='lat' dir='ltr'><strong>ﬁnguntur;</strong></span> <span class='ocrx_word' id='word_1_213' title='bbox 844 1709 931 1763; x_wconf 92' lang='lat' dir='ltr'><strong>hic</strong></span> <span class='ocrx_word' id='word_1_214' title='bbox 989 1724 1116 1764; x_wconf 89' lang='lat' dir='ltr'><strong>vero</strong></span> <span class='ocrx_word' id='word_1_215' title='bbox 1177 1726 1283 1765; x_wconf 89' lang='lat' dir='ltr'><strong>non</strong></span> <span class='ocrx_word' id='word_1_216' title='bbox 1355 1713 1433 1767; x_wconf 90' lang='lat' dir='ltr'><strong>sic</strong></span> <span class='ocrx_word' id='word_1_217' title='bbox 1508 1708 1887 1778; x_wconf 89' lang='lat' dir='ltr'><strong>accipiendum</strong></span> <span class='ocrx_word' id='word_1_218' title='bbox 1949 1721 2068 1778; x_wconf 88' lang='lat' dir='ltr'><strong>est,</strong></span> <span class='ocrx_word' id='word_1_219' title='bbox 2120 1712 2215 1767; x_wconf 88' lang='lat' dir='ltr'><strong>sed</strong></span> <span class='ocrx_word' id='word_1_220' title='bbox 2282 1713 2386 1767; x_wconf 89' lang='lat' dir='ltr'><strong>hoc</strong></span> <span class='ocrx_word' id='word_1_221' title='bbox 2447 1713 2614 1767; x_wconf 85' lang='lat' dir='ltr'><strong>verbo</strong></span> <span class='ocrx_word' id='word_1_222' title='bbox 2676 1713 2875 1767; x_wconf 86' lang='lat' dir='ltr'><strong>mentis</strong></span> <span class='ocrx_word' id='word_1_223' title='bbox 2938 1712 3326 1783; x_wconf 88' lang='lat' dir='ltr'><strong>applicandum</strong></span> 
     </span>
    </p>
   </div>
   <div class='ocr_carea' id='block_1_30' title="bbox 40 1800 3328 1873">
    <p class='ocr_par' dir='ltr' id='par_1_30' title="bbox 40 1800 3328 1873">
     <span class='ocr_line' id='line_1_30' title="bbox 40 1800 3328 1873; baseline 0.001 -21"><span class='ocrx_word' id='word_1_224' title='bbox 40 1812 267 1870; x_wconf 77' lang='lat' dir='ltr'><strong>propter</strong></span> <span class='ocrx_word' id='word_1_225' title='bbox 322 1801 618 1857; x_wconf 88' lang='lat' dir='ltr'><strong>creationis</strong></span> <span class='ocrx_word' id='word_1_226' title='bbox 672 1818 740 1856; x_wconf 78' lang='lat' dir='ltr'><strong>ex</strong></span> <span class='ocrx_word' id='word_1_227' title='bbox 805 1817 916 1856; x_wconf 91' lang='lat' dir='ltr'><strong>uno</strong></span> <span class='ocrx_word' id='word_1_228' title='bbox 977 1800 1087 1857; x_wconf 89' lang='lat' dir='ltr'><strong>Deo</strong></span> <span class='ocrx_word' id='word_1_229' title='bbox 1140 1802 1514 1870; x_wconf 83' lang='lat' dir='ltr'><strong>identitatein,</strong></span> <span class='ocrx_word' id='word_1_230' title='bbox 1578 1816 1635 1860; x_wconf 89' lang='lat' dir='ltr'><strong>et</strong></span> <span class='ocrx_word' id='word_1_231' title='bbox 1687 1802 1815 1870; x_wconf 89' lang='lat' dir='ltr'><strong>quia</strong></span> <span class='ocrx_word' id='word_1_232' title='bbox 1865 1812 2034 1858; x_wconf 88' lang='lat' dir='ltr'><strong>totum</strong></span> <span class='ocrx_word' id='word_1_233' title='bbox 2095 1805 2147 1859; x_wconf 92' lang='lat' dir='ltr'><strong>in</strong></span> <span class='ocrx_word' id='word_1_234' title='bbox 2199 1804 2445 1873; x_wconf 90' lang='lat' dir='ltr'><strong>partibus</strong></span> <span class='ocrx_word' id='word_1_235' title='bbox 2499 1804 2916 1869; x_wconf 86' lang='lat' dir='ltr'><strong>consideratur,</strong></span> <span class='ocrx_word' id='word_1_236' title='bbox 2967 1814 3023 1859; x_wconf 89' lang='lat' dir='ltr'><strong>et</strong></span> <span class='ocrx_word' id='word_1_237' title='bbox 3064 1814 3245 1872; x_wconf 88' lang='lat' dir='ltr'><strong>partes</strong></span> <span class='ocrx_word' id='word_1_238' title='bbox 3273 1804 3328 1858; x_wconf 90' lang='lat' dir='ltr'><strong>in</strong></span> 
     </span>
    </p>
   </div>
   <div class='ocr_carea' id='block_1_31' title="bbox 38 1908 177 1947">
    <p class='ocr_par' dir='ltr' id='par_1_31' title="bbox 38 1908 177 1947">
     <span class='ocr_line' id='line_1_31' title="bbox 38 1908 177 1947; baseline -0.014 0"><span class='ocrx_word' id='word_1_239' title='bbox 38 1908 177 1947; x_wconf 69' lang='lat' dir='ltr'><strong>toto.</strong></span> 
     </span>
    </p>
   </div>
   <div class='ocr_carea' id='block_1_32' title="bbox 113 1988 1638 2061">
    <p class='ocr_par' dir='ltr' id='par_1_32' title="bbox 113 1988 1638 2061">
     <span class='ocr_line' id='line_1_32' title="bbox 113 1988 1638 2061; baseline 0.003 -22"><span class='ocrx_word' id='word_1_240' title='bbox 113 1990 140 2058; x_wconf 68' lang='grc' dir='ltr'><strong>[ξ</strong></span> <span class='ocrx_word' id='word_1_241' title='bbox 176 1988 266 2041; x_wconf 88' lang='lat' dir='ltr'><strong>lll.</strong></span> <span class='ocrx_word' id='word_1_242' title='bbox 305 1988 453 2039; x_wconf 81' lang='grc' dir='ltr'>Ἀνω</span> <span class='ocrx_word' id='word_1_243' title='bbox 487 1988 583 2058; x_wconf 84' lang='grc' dir='ltr'>μὲν</span> <span class='ocrx_word' id='word_1_244' title='bbox 628 1988 836 2057; x_wconf 78' lang='grc' dir='ltr'>ἔλεγεν,</span> <span class='ocrx_word' id='word_1_245' title='bbox 866 1991 949 2042; x_wconf 80' lang='grc' dir='ltr'>ὅτι</span> <span class='ocrx_word' id='word_1_246' title='bbox 985 1989 1046 2042; x_wconf 79' lang='grc' dir='ltr'><strong>τὸ</strong></span> <span class='ocrx_word' id='word_1_247' title='bbox 1077 1988 1134 2041; x_wconf 85' lang='grc' dir='ltr'>ἓν</span> <span class='ocrx_word' id='word_1_248' title='bbox 1164 1989 1638 2061; x_wconf 79' lang='grc' dir='ltr'>προσυλλαμϐάνει</span> 
     </span>
    </p>
   </div>
   <div class='ocr_carea' id='block_1_33' title="bbox 36 2079 1633 2155">
    <p class='ocr_par' dir='ltr' id='par_1_33' title="bbox 36 2079 1633 2155">
     <span class='ocr_line' id='line_1_33' title="bbox 36 2079 1633 2155; baseline 0.001 -21"><span class='ocrx_word' id='word_1_249' title='bbox 36 2086 105 2134; x_wconf 79' lang='grc' dir='ltr'><strong>τά</strong></span> <span class='ocrx_word' id='word_1_250' title='bbox 129 2080 327 2143; x_wconf 83' lang='grc' dir='ltr'>πάντα,</span> <span class='ocrx_word' id='word_1_251' title='bbox 346 2079 443 2132; x_wconf 78' lang='grc' dir='ltr'>νῦν</span> <span class='ocrx_word' id='word_1_252' title='bbox 470 2081 547 2142; x_wconf 83' lang='grc' dir='ltr'><strong>δὲ,</strong></span> <span class='ocrx_word' id='word_1_253' title='bbox 569 2080 991 2144; x_wconf 76' lang='grc' dir='ltr'>κατασκευάζων</span> <span class='ocrx_word' id='word_1_254' title='bbox 1019 2081 1195 2144; x_wconf 75' lang='grc' dir='ltr'>τοῦτο,</span> <span class='ocrx_word' id='word_1_255' title='bbox 1219 2084 1400 2153; x_wconf 77' lang='grc' dir='ltr'>φησιν·</span> <span class='ocrx_word' id='word_1_256' title='bbox 1433 2084 1528 2136; x_wconf 80' lang='grc' dir='ltr'><strong>Ἂν</strong></span> <span class='ocrx_word' id='word_1_257' title='bbox 1560 2084 1633 2155; x_wconf 79' lang='grc' dir='ltr'>μὴ</span> 
     </span>
    </p>
   </div>
   <div class='ocr_carea' id='block_1_34' title="bbox 37 2173 1636 2247">
    <p class='ocr_par' dir='ltr' id='par_1_34' title="bbox 37 2173 1636 2247">
     <span class='ocr_line' id='line_1_34' title="bbox 37 2173 1636 2247; baseline 0.003 -23"><span class='ocrx_word' id='word_1_258' title='bbox 37 2176 150 2243; x_wconf 68' lang='grc' dir='ltr'><strong>γὰρ</strong></span> <span class='ocrx_word' id='word_1_259' title='bbox 182 2173 553 2243; x_wconf 81' lang='grc' dir='ltr'>προεπινοηθῇ</span> <span class='ocrx_word' id='word_1_260' title='bbox 584 2174 644 2225; x_wconf 87' lang='grc' dir='ltr'><strong>τὸ</strong></span> <span class='ocrx_word' id='word_1_261' title='bbox 674 2175 893 2236; x_wconf 82' lang='grc' dir='ltr'>ὲνιαίον,</span> <span class='ocrx_word' id='word_1_262' title='bbox 923 2174 1162 2244; x_wconf 88' lang='grc' dir='ltr'>δηλονότι</span> <span class='ocrx_word' id='word_1_263' title='bbox 1202 2176 1262 2228; x_wconf 89' lang='grc' dir='ltr'><strong>τὸ</strong></span> <span class='ocrx_word' id='word_1_264' title='bbox 1292 2176 1396 2228; x_wconf 82' lang='grc' dir='ltr'><strong>τῶν</strong></span> <span class='ocrx_word' id='word_1_265' title='bbox 1426 2176 1636 2247; x_wconf 83' lang='grc' dir='ltr'>ἀνθρώ-</span> 
     </span>
    </p>
   </div>
   <div class='ocr_carea' id='block_1_35' title="bbox 44 2262 1638 2337">
    <p class='ocr_par' dir='ltr' id='par_1_35' title="bbox 44 2262 1638 2337">
     <span class='ocr_line' id='line_1_35' title="bbox 44 2262 1638 2337; baseline 0.002 -19"><span class='ocrx_word' id='word_1_266' title='bbox 44 2284 162 2319; x_wconf 65' lang='grc' dir='ltr'><strong>πων</strong></span> <span class='ocrx_word' id='word_1_267' title='bbox 192 2262 355 2328; x_wconf 83' lang='grc' dir='ltr'>εἶδος,</span> <span class='ocrx_word' id='word_1_268' title='bbox 387 2267 556 2337; x_wconf 74' lang='grc' dir='ltr'>ἡγουν</span> <span class='ocrx_word' id='word_1_269' title='bbox 584 2268 617 2336; x_wconf 81' lang='grc' dir='ltr'>ἡ</span> <span class='ocrx_word' id='word_1_270' title='bbox 650 2265 811 2334; x_wconf 76' lang='grc' dir='ltr'>φύσις</span> <span class='ocrx_word' id='word_1_271' title='bbox 832 2305 846 2328; x_wconf 97' lang='grc'><strong>,</strong></span> <span class='ocrx_word' id='word_1_272' title='bbox 877 2267 979 2318; x_wconf 76' lang='grc' dir='ltr'><strong>οὐκ</strong></span> <span class='ocrx_word' id='word_1_273' title='bbox 1007 2266 1071 2320; x_wconf 83' lang='grc' dir='ltr'>ἄν</span> <span class='ocrx_word' id='word_1_274' title='bbox 1101 2284 1184 2330; x_wconf 90' lang='grc' dir='ltr'><strong>τις</strong></span> <span class='ocrx_word' id='word_1_275' title='bbox 1212 2268 1374 2331; x_wconf 75' lang='grc' dir='ltr'>εἴποι,</span> <span class='ocrx_word' id='word_1_276' title='bbox 1395 2270 1522 2330; x_wconf 86' lang='grc' dir='ltr'>τοὺς</span> <span class='ocrx_word' id='word_1_277' title='bbox 1551 2270 1638 2320; x_wconf 81' lang='grc' dir='ltr'>ἀν-</span> 
     </span>
    </p>
   </div>
   <div class='ocr_carea' id='block_1_36' title="bbox 39 2357 1638 2431">
    <p class='ocr_par' dir='ltr' id='par_1_36' title="bbox 39 2357 1638 2431">
     <span class='ocr_line' id='line_1_36' title="bbox 39 2357 1638 2431; baseline 0.003 -22"><span class='ocrx_word' id='word_1_278' title='bbox 39 2359 298 2431; x_wconf 78' lang='grc' dir='ltr'>θρώπους</span> <span class='ocrx_word' id='word_1_279' title='bbox 325 2357 570 2429; x_wconf 73' lang='grc' dir='ltr'>ἡνῶσθαι</span> <span class='ocrx_word' id='word_1_280' title='bbox 598 2358 847 2428; x_wconf 80' lang='grc' dir='ltr'>ἀλλήλοις</span> <span class='ocrx_word' id='word_1_281' title='bbox 875 2361 995 2413; x_wconf 84' lang='grc' dir='ltr'>κατ’</span> <span class='ocrx_word' id='word_1_282' title='bbox 1014 2361 1175 2413; x_wconf 77' lang='grc' dir='ltr'>αὐτὸν</span> <span class='ocrx_word' id='word_1_283' title='bbox 1194 2361 1286 2413; x_wconf 83' lang='grc' dir='ltr'><strong>τὸν</strong></span> <span class='ocrx_word' id='word_1_284' title='bbox 1303 2362 1401 2430; x_wconf 80' lang='grc' dir='ltr'>τῆς</span> <span class='ocrx_word' id='word_1_285' title='bbox 1424 2362 1638 2431; x_wconf 76' lang='grc' dir='ltr'>φύσεως</span> 
     </span>
    </p>
   </div>
   <div class='ocr_carea' id='block_1_37' title="bbox 37 2450 1635 2523">
    <p class='ocr_par' dir='ltr' id='par_1_37' title="bbox 37 2450 1635 2523">
     <span class='ocr_line' id='line_1_37' title="bbox 37 2450 1635 2523; baseline 0.001 -20"><span class='ocrx_word' id='word_1_286' title='bbox 37 2452 219 2519; x_wconf 77' lang='grc' dir='ltr'>λόγον.</span> <span class='ocrx_word' id='word_1_287' title='bbox 282 2450 556 2504; x_wconf 80' lang='grc' dir='ltr'>Ἠνῶσθαι</span> <span class='ocrx_word' id='word_1_288' title='bbox 603 2452 779 2504; x_wconf 85' lang='grc' dir='ltr'>τοίνυν</span> <span class='ocrx_word' id='word_1_289' title='bbox 823 2453 893 2505; x_wconf 84' lang='grc' dir='ltr'>τὰ</span> <span class='ocrx_word' id='word_1_290' title='bbox 946 2454 1201 2523; x_wconf 76' lang='grc' dir='ltr'>ἡνωμένα</span> <span class='ocrx_word' id='word_1_291' title='bbox 1244 2453 1473 2523; x_wconf 84' lang='grc' dir='ltr'>λέγομεν</span> <span class='ocrx_word' id='word_1_292' title='bbox 1515 2456 1635 2506; x_wconf 87' lang='grc' dir='ltr'>κατ’</span> 
     </span>
    </p>
   </div>
   <div class='ocr_carea' id='block_1_38' title="bbox 40 2542 1635 2614">
    <p class='ocr_par' dir='ltr' id='par_1_38' title="bbox 40 2542 1635 2614">
     <span class='ocr_line' id='line_1_38' title="bbox 40 2542 1635 2614; baseline 0.003 -20"><span class='ocrx_word' id='word_1_293' title='bbox 40 2544 183 2605; x_wconf 80' lang='grc' dir='ltr'>εἶδος</span> <span class='ocrx_word' id='word_1_294' title='bbox 226 2542 719 2614; x_wconf 80' lang='grc' dir='ltr'>προεπινοούμενον</span> <span class='ocrx_word' id='word_1_295' title='bbox 762 2544 881 2606; x_wconf 80' lang='grc' dir='ltr'>ἐνὸς</span> <span class='ocrx_word' id='word_1_296' title='bbox 919 2545 1169 2598; x_wconf 83' lang='grc' dir='ltr'>ἑκάστου.</span> <span class='ocrx_word' id='word_1_297' title='bbox 1213 2548 1323 2598; x_wconf 73' lang='grc' dir='ltr'>Καὶ</span> <span class='ocrx_word' id='word_1_298' title='bbox 1363 2546 1523 2599; x_wconf 88' lang='grc' dir='ltr'>πάλιν</span> <span class='ocrx_word' id='word_1_299' title='bbox 1567 2546 1635 2599; x_wconf 76' lang='grc' dir='ltr'>τὰ</span> 
     </span>
    </p>
   </div>
   <div class='ocr_carea' id='block_1_39' title="bbox 40 2634 1640 2709">
    <p class='ocr_par' dir='ltr' id='par_1_39' title="bbox 40 2634 1640 2709">
     <span class='ocr_line' id='line_1_39' title="bbox 40 2634 1640 2709; baseline 0.003 -23"><span class='ocrx_word' id='word_1_300' title='bbox 40 2635 156 2704; x_wconf 71' lang='grc' dir='ltr'>εἴδη</span> <span class='ocrx_word' id='word_1_301' title='bbox 194 2636 290 2687; x_wconf 77' lang='grc' dir='ltr'><strong>καὶ</strong></span> <span class='ocrx_word' id='word_1_302' title='bbox 316 2635 387 2687; x_wconf 81' lang='grc' dir='ltr'>τὰ</span> <span class='ocrx_word' id='word_1_303' title='bbox 417 2634 608 2697; x_wconf 84' lang='grc' dir='ltr'>πολλὰ,</span> <span class='ocrx_word' id='word_1_304' title='bbox 643 2637 902 2706; x_wconf 80' lang='grc' dir='ltr'>στοιχεῖόν</span> <span class='ocrx_word' id='word_1_305' title='bbox 931 2655 983 2689; x_wconf 90' lang='grc' dir='ltr'><strong>τι</strong></span> <span class='ocrx_word' id='word_1_306' title='bbox 1025 2639 1117 2690; x_wconf 80' lang='grc' dir='ltr'><strong>καὶ</strong></span> <span class='ocrx_word' id='word_1_307' title='bbox 1142 2638 1318 2709; x_wconf 82' lang='grc' dir='ltr'>ἀρχὴν</span> <span class='ocrx_word' id='word_1_308' title='bbox 1350 2639 1410 2690; x_wconf 87' lang='grc' dir='ltr'><strong>τὸ</strong></span> <span class='ocrx_word' id='word_1_309' title='bbox 1440 2638 1495 2689; x_wconf 80' lang='grc' dir='ltr'>ἓν</span> <span class='ocrx_word' id='word_1_310' title='bbox 1526 2640 1640 2691; x_wconf 83' lang='grc' dir='ltr'>ὲπι-</span> 
     </span>
    </p>
   </div>
   <div class='ocr_carea' id='block_1_40' title="bbox 42 2722 1631 2799">
    <p class='ocr_par' dir='ltr' id='par_1_40' title="bbox 42 2722 1631 2799">
     <span class='ocr_line' id='line_1_40' title="bbox 42 2722 1631 2799; baseline 0.002 -20"><span class='ocrx_word' id='word_1_311' title='bbox 42 2728 350 2795; x_wconf 52' lang='grc' dir='ltr'>γοάφνται</span> <span class='ocrx_word' id='word_1_312' title='bbox 383 2729 464 2788; x_wconf 87' lang='grc' dir='ltr'><strong>είς</strong></span> <span class='ocrx_word' id='word_1_313' title='bbox 484 2727 640 2794; x_wconf 83' lang='grc' dir='ltr'>γένος</span> <span class='ocrx_word' id='word_1_314' title='bbox 672 2728 1005 2799; x_wconf 84' lang='grc' dir='ltr'>ἀναγόμενα,</span> <span class='ocrx_word' id='word_1_315' title='bbox 1029 2722 1089 2782; x_wconf 77' lang='grc' dir='ltr'>οὗ</span> <span class='ocrx_word' id='word_1_316' title='bbox 1120 2731 1309 2797; x_wconf 79' lang='grc' dir='ltr'>γένους</span> <span class='ocrx_word' id='word_1_317' title='bbox 1331 2730 1444 2799; x_wconf 77' lang='grc' dir='ltr'>εἴδη</span> <span class='ocrx_word' id='word_1_318' title='bbox 1475 2731 1631 2782; x_wconf 83' lang='grc' dir='ltr'>εἰσίν·</span> 
     </span>
    </p>
   </div>
   <div class='ocr_carea' id='block_1_41' title="bbox 42 2818 1637 2894">
    <p class='ocr_par' dir='ltr' id='par_1_41' title="bbox 42 2818 1637 2894">
     <span class='ocr_line' id='line_1_41' title="bbox 42 2818 1637 2894; baseline -0.001 -19"><span class='ocrx_word' id='word_1_319' title='bbox 42 2818 152 2875; x_wconf 76' lang='grc' dir='ltr'>οἷον</span> <span class='ocrx_word' id='word_1_320' title='bbox 186 2824 370 2883; x_wconf 79' lang='grc' dir='ltr'>ἵπποι,</span> <span class='ocrx_word' id='word_1_321' title='bbox 407 2822 549 2891; x_wconf 86' lang='grc' dir='ltr'>βόες,</span> <span class='ocrx_word' id='word_1_322' title='bbox 580 2822 877 2893; x_wconf 81' lang='grc' dir='ltr'>ἄνθρωποι,</span> <span class='ocrx_word' id='word_1_323' title='bbox 911 2822 1099 2894; x_wconf 83' lang='grc' dir='ltr'>ὥσπερ</span> <span class='ocrx_word' id='word_1_324' title='bbox 1136 2826 1216 2886; x_wconf 84' lang='grc' dir='ltr'><strong>είς</strong></span> <span class='ocrx_word' id='word_1_325' title='bbox 1257 2822 1314 2874; x_wconf 84' lang='grc' dir='ltr'>ἓν</span> <span class='ocrx_word' id='word_1_326' title='bbox 1345 2822 1637 2889; x_wconf 83' lang='grc' dir='ltr'>ἀνάγονται</span> 
     </span>
    </p>
   </div>
   <div class='ocr_carea' id='block_1_42' title="bbox 41 2914 1639 2987">
    <p class='ocr_par' dir='ltr' id='par_1_42' title="bbox 41 2914 1639 2987">
     <span class='ocr_line' id='line_1_42' title="bbox 41 2914 1639 2987; baseline 0 -20"><span class='ocrx_word' id='word_1_327' title='bbox 41 2917 101 2967; x_wconf 76' lang='grc' dir='ltr'>τὸ</span> <span class='ocrx_word' id='word_1_328' title='bbox 126 2916 289 2980; x_wconf 75' lang='grc' dir='ltr'>ζῶον.</span> <span class='ocrx_word' id='word_1_329' title='bbox 318 2915 491 2968; x_wconf 78' lang='grc' dir='ltr'>Τοῦτο</span> <span class='ocrx_word' id='word_1_330' title='bbox 515 2915 571 2968; x_wconf 83' lang='grc' dir='ltr'>δὲ</span> <span class='ocrx_word' id='word_1_331' title='bbox 589 2915 756 2983; x_wconf 84' lang='grc' dir='ltr'>λέγει,</span> <span class='ocrx_word' id='word_1_332' title='bbox 785 2917 884 2986; x_wconf 79' lang='grc' dir='ltr'><strong>οὐχ</strong></span> <span class='ocrx_word' id='word_1_333' title='bbox 915 2917 995 2968; x_wconf 79' lang='grc' dir='ltr'><strong>ὅτι</strong></span> <span class='ocrx_word' id='word_1_334' title='bbox 1022 2916 1083 2968; x_wconf 76' lang='grc' dir='ltr'>τὸ</span> <span class='ocrx_word' id='word_1_335' title='bbox 1102 2916 1208 2969; x_wconf 85' lang='grc' dir='ltr'><strong>τῶν</strong></span> <span class='ocrx_word' id='word_1_336' title='bbox 1236 2917 1341 2987; x_wconf 84' lang='grc' dir='ltr'><strong>πρὸ</strong></span> <span class='ocrx_word' id='word_1_337' title='bbox 1370 2916 1477 2968; x_wconf 85' lang='grc' dir='ltr'><strong>τῶν</strong></span> <span class='ocrx_word' id='word_1_338' title='bbox 1509 2914 1639 2967; x_wconf 88' lang='grc' dir='ltr'>πολ-</span> 
     </span>
    </p>
   </div>
   <div class='ocr_carea' id='block_1_43' title="bbox 44 3007 1637 3079">
    <p class='ocr_par' dir='ltr' id='par_1_43' title="bbox 44 3007 1637 3079">
     <span class='ocr_line' id='line_1_43' title="bbox 44 3007 1637 3079; baseline 0.001 -22"><span class='ocrx_word' id='word_1_339' title='bbox 44 3008 150 3060; x_wconf 70' lang='grc' dir='ltr'>λῶν</span> <span class='ocrx_word' id='word_1_340' title='bbox 174 3008 527 3076; x_wconf 84' lang='grc' dir='ltr'>ἀποδέχεται,</span> <span class='ocrx_word' id='word_1_341' title='bbox 555 3008 690 3077; x_wconf 83' lang='grc' dir='ltr'>ὅπερ</span> <span class='ocrx_word' id='word_1_342' title='bbox 723 3010 751 3060; x_wconf 86' lang='grc' dir='ltr'>ὁ</span> <span class='ocrx_word' id='word_1_343' title='bbox 786 3008 1010 3061; x_wconf 87' lang='grc' dir='ltr'>Πλάτων</span> <span class='ocrx_word' id='word_1_344' title='bbox 1035 3008 1352 3079; x_wconf 78' lang='grc' dir='ltr'>επρέσϐευε,</span> <span class='ocrx_word' id='word_1_345' title='bbox 1370 3007 1466 3078; x_wconf 85' lang='grc' dir='ltr'>τὴν</span> <span class='ocrx_word' id='word_1_346' title='bbox 1495 3007 1637 3060; x_wconf 80' lang='grc' dir='ltr'>ἰδέαν</span> 
     </span>
    </p>
   </div>
   <div class='ocr_carea' id='block_1_44' title="bbox 46 3099 1635 3170">
    <p class='ocr_par' dir='ltr' id='par_1_44' title="bbox 46 3099 1635 3170">
     <span class='ocr_line' id='line_1_44' title="bbox 46 3099 1635 3170; baseline 0.001 -20"><span class='ocrx_word' id='word_1_347' title='bbox 46 3100 208 3157; x_wconf 74' lang='grc' dir='ltr'>λέγω·</span> <span class='ocrx_word' id='word_1_348' title='bbox 246 3099 385 3151; x_wconf 80' lang='grc' dir='ltr'>ἀλλὰ</span> <span class='ocrx_word' id='word_1_349' title='bbox 410 3099 470 3151; x_wconf 75' lang='grc' dir='ltr'>τὸ</span> <span class='ocrx_word' id='word_1_350' title='bbox 504 3101 562 3151; x_wconf 79' lang='grc' dir='ltr'>ὲν</span> <span class='ocrx_word' id='word_1_351' title='bbox 593 3104 707 3162; x_wconf 88' lang='grc' dir='ltr'>τοῖς</span> <span class='ocrx_word' id='word_1_352' title='bbox 728 3099 960 3165; x_wconf 82' lang='grc' dir='ltr'>πολλοῖς,</span> <span class='ocrx_word' id='word_1_353' title='bbox 992 3102 1087 3151; x_wconf 83' lang='grc' dir='ltr'><strong>καὶ</strong></span> <span class='ocrx_word' id='word_1_354' title='bbox 1112 3101 1173 3152; x_wconf 90' lang='grc' dir='ltr'><strong>τὸ</strong></span> <span class='ocrx_word' id='word_1_355' title='bbox 1201 3099 1337 3170; x_wconf 84' lang='grc' dir='ltr'><strong>μετά</strong></span> <span class='ocrx_word' id='word_1_356' title='bbox 1368 3100 1438 3151; x_wconf 78' lang='grc' dir='ltr'><strong>τά</strong></span> <span class='ocrx_word' id='word_1_357' title='bbox 1465 3099 1635 3153; x_wconf 79' lang='grc' dir='ltr'>πολλὰ</span> 
     </span>
    </p>
   </div>
   <div class='ocr_carea' id='block_1_45' title="bbox 49 3192 1637 3262">
    <p class='ocr_par' dir='ltr' id='par_1_45' title="bbox 49 3192 1637 3262">
     <span class='ocr_line' id='line_1_45' title="bbox 49 3192 1637 3262; baseline 0 -17"><span class='ocrx_word' id='word_1_358' title='bbox 49 3192 249 3261; x_wconf 76' lang='grc' dir='ltr'>μᾶλλον</span> <span class='ocrx_word' id='word_1_359' title='bbox 282 3192 590 3262; x_wconf 85' lang='grc' dir='ltr'>δεχόμενος,</span> <span class='ocrx_word' id='word_1_360' title='bbox 624 3193 687 3245; x_wconf 85' lang='grc' dir='ltr'><strong>ὲκ</strong></span> <span class='ocrx_word' id='word_1_361' title='bbox 716 3192 919 3245; x_wconf 85' lang='grc' dir='ltr'>τούτων</span> <span class='ocrx_word' id='word_1_362' title='bbox 952 3194 1046 3246; x_wconf 70' lang='grc' dir='ltr'>καὶ</span> <span class='ocrx_word' id='word_1_363' title='bbox 1076 3194 1135 3245; x_wconf 78' lang='grc' dir='ltr'><strong>τὸ</strong></span> <span class='ocrx_word' id='word_1_364' title='bbox 1164 3193 1221 3244; x_wconf 83' lang='grc' dir='ltr'>ἓν</span> <span class='ocrx_word' id='word_1_365' title='bbox 1253 3196 1510 3262; x_wconf 84' lang='grc' dir='ltr'>στοιχεῖον</span> <span class='ocrx_word' id='word_1_366' title='bbox 1530 3192 1637 3245; x_wconf 84' lang='grc' dir='ltr'><strong>τῶν</strong></span> 
     </span>
    </p>
   </div>
   <div class='ocr_carea' id='block_1_46' title="bbox 46 3285 1638 3358">
    <p class='ocr_par' dir='ltr' id='par_1_46' title="bbox 46 3285 1638 3358">
     <span class='ocr_line' id='line_1_46' title="bbox 46 3285 1638 3358; baseline 0 -21"><span class='ocrx_word' id='word_1_367' title='bbox 46 3286 256 3338; x_wconf 82' lang='grc' dir='ltr'>πολλῶν</span> <span class='ocrx_word' id='word_1_368' title='bbox 280 3287 613 3355; x_wconf 64' lang='grc' dir='ltr'><strong>συνίστησιν⁹</strong></span> <span class='ocrx_word' id='word_1_369' title='bbox 631 3288 673 3356; x_wconf 69' lang='grc' dir='ltr'>ἡ</span> <span class='ocrx_word' id='word_1_370' title='bbox 696 3286 804 3357; x_wconf 81' lang='grc' dir='ltr'>γὰρ</span> <span class='ocrx_word' id='word_1_371' title='bbox 827 3286 1073 3358; x_wconf 83' lang='grc' dir='ltr'>ἡμετέρα</span> <span class='ocrx_word' id='word_1_372' title='bbox 1103 3287 1335 3348; x_wconf 79' lang='grc' dir='ltr'>ἐπίνοια,</span> <span class='ocrx_word' id='word_1_373' title='bbox 1362 3286 1487 3349; x_wconf 82' lang='grc' dir='ltr'>τοὺς</span> <span class='ocrx_word' id='word_1_374' title='bbox 1508 3285 1638 3337; x_wconf 85' lang='grc' dir='ltr'>πολ-</span> 
     </span>
    </p>
   </div>
   <div class='ocr_carea' id='block_1_47' title="bbox 1672 1989 1843 2090">
    <p class='ocr_par' dir='ltr' id='par_1_47' title="bbox 1672 1989 1843 2090">
     <span class='ocr_line' id='line_1_47' title="bbox 1672 1989 1843 2090; baseline 0 0"><span class='ocrx_word' id='word_1_375' title='bbox 1672 2034 1712 2090; x_wconf 75' lang='grc' dir='ltr'><strong>ιι</strong></span> <span class='ocrx_word' id='word_1_376' title='bbox 1815 1989 1843 2090; x_wconf 67' lang='lat'><strong>.5</strong></span> 
     </span>
    </p>
   </div>
   <div class='ocr_carea' id='block_1_48' title="bbox 1892 1987 3333 2059">
    <p class='ocr_par' dir='ltr' id='par_1_48' title="bbox 1892 1987 3333 2059">
     <span class='ocr_line' id='line_1_48' title="bbox 1892 1987 3333 2059; baseline -0.004 -15"><span class='ocrx_word' id='word_1_377' title='bbox 1892 1990 1978 2045; x_wconf 88' lang='grc' dir='ltr'>ιιι.</span> <span class='ocrx_word' id='word_1_378' title='bbox 2024 1988 2288 2059; x_wconf 84' lang='lat' dir='ltr'><strong>Superius</strong></span> <span class='ocrx_word' id='word_1_379' title='bbox 2330 1989 2548 2057; x_wconf 83' lang='lat' dir='ltr'><strong>quidem</strong></span> <span class='ocrx_word' id='word_1_380' title='bbox 2594 1988 2749 2053; x_wconf 75' lang='lat' dir='ltr'><strong>dixit,</strong></span> <span class='ocrx_word' id='word_1_381' title='bbox 2809 2001 2978 2041; x_wconf 90' lang='lat' dir='ltr'><strong>unum</strong></span> <span class='ocrx_word' id='word_1_382' title='bbox 3024 1987 3333 2056; x_wconf 85' lang='lat' dir='ltr'><strong>anticipare</strong></span> 
     </span>
    </p>
   </div>
   <div class='ocr_carea' id='block_1_49' title="bbox 1742 2077 3327 2147">
    <p class='ocr_par' dir='ltr' id='par_1_49' title="bbox 1742 2077 3327 2147">
     <span class='ocr_line' id='line_1_49' title="bbox 1742 2077 3327 2147; baseline -0.003 -12"><span class='ocrx_word' id='word_1_383' title='bbox 1742 2084 2025 2147; x_wconf 83' lang='lat' dir='ltr'><strong>universa;</strong></span> <span class='ocrx_word' id='word_1_384' title='bbox 2063 2084 2224 2136; x_wconf 91' lang='lat' dir='ltr'><strong>modo</strong></span> <span class='ocrx_word' id='word_1_385' title='bbox 2264 2090 2445 2135; x_wconf 84' lang='lat' dir='ltr'><strong>autem</strong></span> <span class='ocrx_word' id='word_1_386' title='bbox 2499 2078 2629 2134; x_wconf 91' lang='lat' dir='ltr'><strong>illud</strong></span> <span class='ocrx_word' id='word_1_387' title='bbox 2676 2080 3011 2134; x_wconf 80' lang='lat' dir='ltr'><strong>conﬁrmans</strong></span> <span class='ocrx_word' id='word_1_388' title='bbox 3057 2078 3132 2131; x_wconf 92' lang='lat' dir='ltr'><strong>ait</strong></span> <span class='ocrx_word' id='word_1_389' title='bbox 3165 2096 3179 2131; x_wconf 91' lang='lat'><strong>:</strong></span> <span class='ocrx_word' id='word_1_390' title='bbox 3216 2077 3327 2132; x_wconf 84' lang='lat' dir='ltr'><strong>Nisi</strong></span> 
     </span>
    </p>
   </div>
   <div class='ocr_carea' id='block_1_50' title="bbox 1742 2171 3328 2242">
    <p class='ocr_par' dir='ltr' id='par_1_50' title="bbox 1742 2171 3328 2242">
     <span class='ocr_line' id='line_1_50' title="bbox 1742 2171 3328 2242; baseline -0.003 -14"><span class='ocrx_word' id='word_1_391' title='bbox 1742 2174 1883 2228; x_wconf 88' lang='lat' dir='ltr'><strong>enim</strong></span> <span class='ocrx_word' id='word_1_392' title='bbox 1914 2174 2064 2242; x_wconf 87' lang='lat' dir='ltr'><strong>prius</strong></span> <span class='ocrx_word' id='word_1_393' title='bbox 2096 2172 2435 2242; x_wconf 81' lang='lat' dir='ltr'><strong>intelligatur</strong></span> <span class='ocrx_word' id='word_1_394' title='bbox 2465 2174 2671 2236; x_wconf 90' lang='lat' dir='ltr'><strong>unitas,</strong></span> <span class='ocrx_word' id='word_1_395' title='bbox 2706 2173 2854 2226; x_wconf 87' lang='lat' dir='ltr'><strong>verbi</strong></span> <span class='ocrx_word' id='word_1_396' title='bbox 2880 2173 3080 2241; x_wconf 81' lang='lat' dir='ltr'><strong>gratia,</strong></span> <span class='ocrx_word' id='word_1_397' title='bbox 3113 2171 3328 2240; x_wconf 85' lang='lat' dir='ltr'><strong>species</strong></span> 
     </span>
    </p>
   </div>
   <div class='ocr_carea' id='block_1_51' title="bbox 1744 2261 3328 2329">
    <p class='ocr_par' dir='ltr' id='par_1_51' title="bbox 1744 2261 3328 2329">
     <span class='ocr_line' id='line_1_51' title="bbox 1744 2261 3328 2329; baseline -0.004 -10"><span class='ocrx_word' id='word_1_398' title='bbox 1744 2266 2028 2319; x_wconf 87' lang='lat' dir='ltr'><strong>hominum</strong></span> <span class='ocrx_word' id='word_1_399' title='bbox 2058 2305 2073 2329; x_wconf 97' lang='lat'><strong>,</strong></span> <span class='ocrx_word' id='word_1_400' title='bbox 2108 2266 2223 2319; x_wconf 86' lang='lat' dir='ltr'><strong>sive</strong></span> <span class='ocrx_word' id='word_1_401' title='bbox 2262 2273 2480 2329; x_wconf 88' lang='lat' dir='ltr'><strong>natura,</strong></span> <span class='ocrx_word' id='word_1_402' title='bbox 2510 2278 2668 2317; x_wconf 90' lang='lat' dir='ltr'><strong>nemo</strong></span> <span class='ocrx_word' id='word_1_403' title='bbox 2705 2263 2929 2327; x_wconf 82' lang='lat' dir='ltr'><strong>dixerit,</strong></span> <span class='ocrx_word' id='word_1_404' title='bbox 2962 2262 3213 2315; x_wconf 89' lang='lat' dir='ltr'><strong>homines</strong></span> <span class='ocrx_word' id='word_1_405' title='bbox 3240 2261 3328 2314; x_wconf 84' lang='lat' dir='ltr'><strong>iu-</strong></span> 
     </span>
    </p>
   </div>
   <div class='ocr_carea' id='block_1_52' title="bbox 1678 2353 3330 2428">
    <p class='ocr_par' dir='ltr' id='par_1_52' title="bbox 1678 2353 3330 2428">
     <span class='ocr_line' id='line_1_52' title="bbox 1678 2353 3330 2428; baseline -0.002 -16"><span class='ocrx_word' id='word_1_406' title='bbox 1678 2353 1687 2367; x_wconf 80' lang='grc'><strong><em>“</em></strong></span> <span class='ocrx_word' id='word_1_407' title='bbox 1740 2367 1826 2414; x_wconf 90' lang='lat' dir='ltr'><strong>ter</strong></span> <span class='ocrx_word' id='word_1_408' title='bbox 1858 2359 2273 2428; x_wconf 88' lang='lat' dir='ltr'><strong>seconjunctos</strong></span> <span class='ocrx_word' id='word_1_409' title='bbox 2320 2372 2442 2412; x_wconf 89' lang='lat' dir='ltr'><strong>esse</strong></span> <span class='ocrx_word' id='word_1_410' title='bbox 2490 2356 2787 2411; x_wconf 89' lang='lat' dir='ltr'><strong>secundum</strong></span> <span class='ocrx_word' id='word_1_411' title='bbox 2833 2355 3077 2411; x_wconf 84' lang='lat' dir='ltr'><strong>eamdem</strong></span> <span class='ocrx_word' id='word_1_412' title='bbox 3120 2365 3330 2409; x_wconf 69' lang='lat' dir='ltr'><strong>natura:</strong></span> 
     </span>
    </p>
   </div>
   <div class='ocr_carea' id='block_1_53' title="bbox 1745 2448 3328 2519">
    <p class='ocr_par' dir='ltr' id='par_1_53' title="bbox 1745 2448 3328 2519">
     <span class='ocr_line' id='line_1_53' title="bbox 1745 2448 3328 2519; baseline -0.005 -12"><span class='ocrx_word' id='word_1_413' title='bbox 1745 2451 2038 2507; x_wconf 87' lang='lat' dir='ltr'><strong>rationem.</strong></span> <span class='ocrx_word' id='word_1_414' title='bbox 2076 2451 2318 2505; x_wconf 88' lang='lat' dir='ltr'><strong>Dicimus</strong></span> <span class='ocrx_word' id='word_1_415' title='bbox 2351 2451 2557 2519; x_wconf 86' lang='lat' dir='ltr'><strong>itaque,</strong></span> <span class='ocrx_word' id='word_1_416' title='bbox 2596 2448 2687 2502; x_wconf 91' lang='lat' dir='ltr'><strong>illa</strong></span> <span class='ocrx_word' id='word_1_417' title='bbox 2713 2463 2835 2517; x_wconf 73' lang='lat' dir='ltr'><strong>qua:</strong></span> <span class='ocrx_word' id='word_1_418' title='bbox 2859 2448 3149 2512; x_wconf 82' lang='lat' dir='ltr'><strong>coniuncta</strong></span> <span class='ocrx_word' id='word_1_419' title='bbox 3176 2456 3328 2514; x_wconf 81' lang='lat' dir='ltr'><strong>sunt,</strong></span> 
     </span>
    </p>
   </div>
   <div class='ocr_carea' id='block_1_54' title="bbox 1745 2540 3329 2610">
    <p class='ocr_par' dir='ltr' id='par_1_54' title="bbox 1745 2540 3329 2610">
     <span class='ocr_line' id='line_1_54' title="bbox 1745 2540 3329 2610; baseline -0.004 -14"><span class='ocrx_word' id='word_1_420' title='bbox 1745 2544 1889 2597; x_wconf 89' lang='lat' dir='ltr'><strong>uniri</strong></span> <span class='ocrx_word' id='word_1_421' title='bbox 1934 2542 2232 2597; x_wconf 89' lang='lat' dir='ltr'><strong>secundum</strong></span> <span class='ocrx_word' id='word_1_422' title='bbox 2278 2540 2542 2610; x_wconf 86' lang='lat' dir='ltr'><strong>cujusque</strong></span> <span class='ocrx_word' id='word_1_423' title='bbox 2588 2543 2824 2609; x_wconf 88' lang='lat' dir='ltr'><strong>speciem</strong></span> <span class='ocrx_word' id='word_1_424' title='bbox 2871 2546 3329 2607; x_wconf 69' lang='lat' dir='ltr'><strong>praaconceptam.</strong></span> 
     </span>
    </p>
   </div>
   <div class='ocr_carea' id='block_1_55' title="bbox 1742 2628 3331 2703">
    <p class='ocr_par' dir='ltr' id='par_1_55' title="bbox 1742 2628 3331 2703">
     <span class='ocr_line' id='line_1_55' title="bbox 1742 2628 3331 2703; baseline -0.006 -14"><span class='ocrx_word' id='word_1_425' title='bbox 1742 2636 1808 2691; x_wconf 85' lang='lat' dir='ltr'><strong>Et</strong></span> <span class='ocrx_word' id='word_1_426' title='bbox 1841 2649 2081 2699; x_wconf 85' lang='lat' dir='ltr'><strong>rursum,</strong></span> <span class='ocrx_word' id='word_1_427' title='bbox 2112 2633 2323 2703; x_wconf 88' lang='lat' dir='ltr'><strong>species</strong></span> <span class='ocrx_word' id='word_1_428' title='bbox 2354 2641 2409 2685; x_wconf 90' lang='lat' dir='ltr'><strong>et</strong></span> <span class='ocrx_word' id='word_1_429' title='bbox 2441 2632 2610 2686; x_wconf 85' lang='lat' dir='ltr'><strong>multa</strong></span> <span class='ocrx_word' id='word_1_430' title='bbox 2652 2632 2721 2685; x_wconf 92' lang='lat' dir='ltr'><strong>ad</strong></span> <span class='ocrx_word' id='word_1_431' title='bbox 2754 2646 2919 2684; x_wconf 89' lang='lat' dir='ltr'><strong>unum</strong></span> <span class='ocrx_word' id='word_1_432' title='bbox 2952 2642 3126 2698; x_wconf 79' lang='lat' dir='ltr'><strong>genus</strong></span> <span class='ocrx_word' id='word_1_433' title='bbox 3160 2628 3331 2681; x_wconf 86' lang='lat' dir='ltr'><strong>redu-</strong></span> 
     </span>
    </p>
   </div>
   <div class='ocr_carea' id='block_1_56' title="bbox 1740 2719 3331 2790">
    <p class='ocr_par' dir='ltr' id='par_1_56' title="bbox 1740 2719 3331 2790">
     <span class='ocr_line' id='line_1_56' title="bbox 1740 2719 3331 2790; baseline -0.005 -9"><span class='ocrx_word' id='word_1_434' title='bbox 1740 2737 1851 2790; x_wconf 89' lang='lat' dir='ltr'><strong>cta,</strong></span> <span class='ocrx_word' id='word_1_435' title='bbox 1876 2725 2195 2780; x_wconf 87' lang='lat' dir='ltr'><strong>describunt</strong></span> <span class='ocrx_word' id='word_1_436' title='bbox 2234 2738 2400 2776; x_wconf 91' lang='lat' dir='ltr'><strong>unum</strong></span> <span class='ocrx_word' id='word_1_437' title='bbox 2430 2721 2765 2777; x_wconf 89' lang='lat' dir='ltr'><strong>elementum</strong></span> <span class='ocrx_word' id='word_1_438' title='bbox 2797 2721 3039 2789; x_wconf 89' lang='lat' dir='ltr'><strong>aliquod,</strong></span> <span class='ocrx_word' id='word_1_439' title='bbox 3087 2730 3144 2773; x_wconf 93' lang='lat' dir='ltr'><strong>et</strong></span> <span class='ocrx_word' id='word_1_440' title='bbox 3177 2719 3331 2788; x_wconf 83' lang='lat' dir='ltr'><strong>prin-</strong></span> 
     </span>
    </p>
   </div>
   <div class='ocr_carea' id='block_1_57' title="bbox 1742 2812 3328 2893">
    <p class='ocr_par' dir='ltr' id='par_1_57' title="bbox 1742 2812 3328 2887">
     <span class='ocr_line' id='line_1_57' title="bbox 1742 2812 3328 2887; baseline -0.008 -13"><span class='ocrx_word' id='word_1_441' title='bbox 1742 2820 1947 2887; x_wconf 83' lang='lat' dir='ltr'><strong>cipium</strong></span> <span class='ocrx_word' id='word_1_442' title='bbox 1985 2817 2130 2871; x_wconf 90' lang='lat' dir='ltr'><strong>illius</strong></span> <span class='ocrx_word' id='word_1_443' title='bbox 2162 2816 2380 2885; x_wconf 80' lang='lat' dir='ltr'><strong>generis</strong></span> <span class='ocrx_word' id='word_1_444' title='bbox 2406 2813 2559 2882; x_wconf 85' lang='lat' dir='ltr'><strong>cujus</strong></span> <span class='ocrx_word' id='word_1_445' title='bbox 2590 2814 2800 2883; x_wconf 85' lang='lat' dir='ltr'><strong>species</strong></span> <span class='ocrx_word' id='word_1_446' title='bbox 2837 2814 3141 2877; x_wconf 83' lang='lat' dir='ltr'><strong>exsistunt;</strong></span> <span class='ocrx_word' id='word_1_447' title='bbox 3179 2812 3328 2865; x_wconf 89' lang='lat' dir='ltr'><strong>verbi</strong></span> 
     </span>
    </p>
   </div>
   <div class='ocr_carea' id='block_1_58' title="bbox 1742 2906 3329 2982">
    <p class='ocr_par' dir='ltr' id='par_1_58' title="bbox 1742 2906 3329 2982">
     <span class='ocr_line' id='line_1_58' title="bbox 1742 2906 3329 2982; baseline -0.008 -17"><span class='ocrx_word' id='word_1_448' title='bbox 1742 2913 1916 2982; x_wconf 79' lang='lat' dir='ltr'><strong>gratia</strong></span> <span class='ocrx_word' id='word_1_449' title='bbox 1942 2913 2089 2981; x_wconf 88' lang='lat' dir='ltr'><strong>equi,</strong></span> <span class='ocrx_word' id='word_1_450' title='bbox 2111 2912 2298 2974; x_wconf 86' lang='lat' dir='ltr'><strong>boves,</strong></span> <span class='ocrx_word' id='word_1_451' title='bbox 2326 2912 2595 2974; x_wconf 87' lang='lat' dir='ltr'><strong>homines,</strong></span> <span class='ocrx_word' id='word_1_452' title='bbox 2625 2908 2691 2962; x_wconf 87' lang='lat' dir='ltr'><strong>ad</strong></span> <span class='ocrx_word' id='word_1_453' title='bbox 2725 2923 2889 2961; x_wconf 88' lang='lat' dir='ltr'><strong>unum</strong></span> <span class='ocrx_word' id='word_1_454' title='bbox 2920 2906 3329 2976; x_wconf 79' lang='lat' dir='ltr'><strong>quodammodo</strong></span> 
     </span>
    </p>
   </div>
   <div class='ocr_carea' id='block_1_59' title="bbox 1744 2995 3326 3066">
    <p class='ocr_par' dir='ltr' id='par_1_59' title="bbox 1744 2995 3326 3066">
     <span class='ocr_line' id='line_1_59' title="bbox 1744 2995 3326 3066; baseline -0.005 -9"><span class='ocrx_word' id='word_1_455' title='bbox 1744 3002 1947 3057; x_wconf 84' lang='lat' dir='ltr'><strong>animal</strong></span> <span class='ocrx_word' id='word_1_456' title='bbox 1980 3005 2338 3058; x_wconf 87' lang='lat' dir='ltr'><strong>reducuntur.</strong></span> <span class='ocrx_word' id='word_1_457' title='bbox 2374 3001 2488 3057; x_wconf 83' lang='lat' dir='ltr'><strong>Hoc</strong></span> <span class='ocrx_word' id='word_1_458' title='bbox 2520 3011 2702 3055; x_wconf 90' lang='lat' dir='ltr'><strong>autem</strong></span> <span class='ocrx_word' id='word_1_459' title='bbox 2737 3001 2893 3063; x_wconf 90' lang='lat' dir='ltr'><strong>dicit,</strong></span> <span class='ocrx_word' id='word_1_460' title='bbox 2928 3014 3034 3052; x_wconf 90' lang='lat' dir='ltr'><strong>non</strong></span> <span class='ocrx_word' id='word_1_461' title='bbox 3059 2997 3202 3066; x_wconf 84' lang='lat' dir='ltr'><strong>quod</strong></span> <span class='ocrx_word' id='word_1_462' title='bbox 3235 2995 3326 3049; x_wconf 85' lang='lat' dir='ltr'><strong>illa</strong></span> 
     </span>
    </p>
   </div>
   <div class='ocr_carea' id='block_1_60' title="bbox 1745 3090 3328 3159">
    <p class='ocr_par' dir='ltr' id='par_1_60' title="bbox 1745 3090 3328 3159">
     <span class='ocr_line' id='line_1_60' title="bbox 1745 3090 3328 3159; baseline -0.006 -9"><span class='ocrx_word' id='word_1_463' title='bbox 1745 3105 1873 3151; x_wconf 88' lang='lat' dir='ltr'><strong>ante</strong></span> <span class='ocrx_word' id='word_1_464' title='bbox 1905 3095 2073 3150; x_wconf 90' lang='lat' dir='ltr'><strong>multa</strong></span> <span class='ocrx_word' id='word_1_465' title='bbox 2101 3096 2487 3159; x_wconf 89' lang='lat' dir='ltr'><strong>constituatur,</strong></span> <span class='ocrx_word' id='word_1_466' title='bbox 2512 3102 2573 3157; x_wconf 83' lang='lat' dir='ltr'><strong>ut</strong></span> <span class='ocrx_word' id='word_1_467' title='bbox 2601 3093 2752 3147; x_wconf 87' lang='lat' dir='ltr'><strong>Plato</strong></span> <span class='ocrx_word' id='word_1_468' title='bbox 2777 3092 3081 3153; x_wconf 83' lang='lat' dir='ltr'><strong>asserebat,</strong></span> <span class='ocrx_word' id='word_1_469' title='bbox 3121 3090 3328 3153; x_wconf 86' lang='lat' dir='ltr'><strong>ideam,</strong></span> 
     </span>
    </p>
   </div>
   <div class='ocr_carea' id='block_1_61' title="bbox 1746 3181 3331 3258">
    <p class='ocr_par' dir='ltr' id='par_1_61' title="bbox 1746 3181 3331 3258">
     <span class='ocr_line' id='line_1_61' title="bbox 1746 3181 3331 3258; baseline -0.008 -15"><span class='ocrx_word' id='word_1_470' title='bbox 1746 3189 2003 3258; x_wconf 91' lang='lat' dir='ltr'><strong>inquam;</strong></span> <span class='ocrx_word' id='word_1_471' title='bbox 2032 3189 2125 3243; x_wconf 89' lang='lat' dir='ltr'><strong>sed</strong></span> <span class='ocrx_word' id='word_1_472' title='bbox 2167 3188 2311 3257; x_wconf 90' lang='lat' dir='ltr'><strong>quod</strong></span> <span class='ocrx_word' id='word_1_473' title='bbox 2341 3188 2393 3241; x_wconf 89' lang='lat' dir='ltr'><strong>in</strong></span> <span class='ocrx_word' id='word_1_474' title='bbox 2429 3185 2637 3248; x_wconf 89' lang='lat' dir='ltr'><strong>multis,</strong></span> <span class='ocrx_word' id='word_1_475' title='bbox 2669 3188 2832 3239; x_wconf 87' lang='lat' dir='ltr'><strong>etiam</strong></span> <span class='ocrx_word' id='word_1_476' title='bbox 2865 3191 2986 3251; x_wconf 87' lang='lat' dir='ltr'><strong>post</strong></span> <span class='ocrx_word' id='word_1_477' title='bbox 3017 3181 3205 3243; x_wconf 81' lang='lat' dir='ltr'><strong>multa,</strong></span> <span class='ocrx_word' id='word_1_478' title='bbox 3232 3194 3331 3249; x_wconf 87' lang='lat' dir='ltr'><strong>po-</strong></span> 
     </span>
    </p>
   </div>
   <div class='ocr_carea' id='block_1_62' title="bbox 1747 3269 3332 3349">
    <p class='ocr_par' dir='ltr' id='par_1_62' title="bbox 1747 3269 3332 3349">
     <span class='ocr_line' id='line_1_62' title="bbox 1747 3269 3332 3349; baseline -0.008 -14"><span class='ocrx_word' id='word_1_479' title='bbox 1747 3282 1854 3335; x_wconf 87' lang='lat' dir='ltr'><strong>tius</strong></span> <span class='ocrx_word' id='word_1_480' title='bbox 1869 3280 1991 3349; x_wconf 85' lang='lat' dir='ltr'><strong>quis</strong></span> <span class='ocrx_word' id='word_1_481' title='bbox 2006 3278 2340 3348; x_wconf 88' lang='lat' dir='ltr'><strong>concipiens,</strong></span> <span class='ocrx_word' id='word_1_482' title='bbox 2366 3291 2432 3330; x_wconf 81' lang='lat' dir='ltr'><strong>ex</strong></span> <span class='ocrx_word' id='word_1_483' title='bbox 2462 3275 2621 3346; x_wconf 82' lang='lat'><strong>535</strong></span> <span class='ocrx_word' id='word_1_484' title='bbox 2647 3276 2731 3329; x_wconf 89' lang='lat' dir='ltr'><strong>his</strong></span> <span class='ocrx_word' id='word_1_485' title='bbox 2753 3291 2917 3329; x_wconf 91' lang='lat' dir='ltr'><strong>unum</strong></span> <span class='ocrx_word' id='word_1_486' title='bbox 2932 3269 3164 3341; x_wconf 83' lang='lat' dir='ltr'><strong>&#39;aliquod</strong></span> <span class='ocrx_word' id='word_1_487' title='bbox 3193 3271 3332 3323; x_wconf 85' lang='lat' dir='ltr'><strong>mul-</strong></span> 
     </span>
    </p>
   </div>
   <div class='ocr_carea' id='block_1_63' title="bbox 46 3364 1638 3453">
    <p class='ocr_par' dir='ltr' id='par_1_63' title="bbox 46 3378 1638 3449">
     <span class='ocr_line' id='line_1_63' title="bbox 46 3378 1638 3449; baseline 0 -19"><span class='ocrx_word' id='word_1_488' title='bbox 46 3380 168 3441; x_wconf 71' lang='grc' dir='ltr'>λοὺς</span> <span class='ocrx_word' id='word_1_489' title='bbox 199 3380 280 3441; x_wconf 83' lang='grc' dir='ltr'><strong>είς</strong></span> <span class='ocrx_word' id='word_1_490' title='bbox 308 3378 439 3449; x_wconf 91' lang='grc' dir='ltr'>μίαν</span> <span class='ocrx_word' id='word_1_491' title='bbox 475 3378 779 3446; x_wconf 85' lang='grc' dir='ltr'>συνάγουσα</span> <span class='ocrx_word' id='word_1_492' title='bbox 810 3379 992 3448; x_wconf 76' lang='grc' dir='ltr'>φύσιν,</span> <span class='ocrx_word' id='word_1_493' title='bbox 1017 3380 1155 3448; x_wconf 82' lang='grc' dir='ltr'>ὅπερ</span> <span class='ocrx_word' id='word_1_494' title='bbox 1184 3379 1402 3441; x_wconf 86' lang='grc' dir='ltr'>πάντως</span> <span class='ocrx_word' id='word_1_495' title='bbox 1430 3379 1638 3446; x_wconf 89' lang='grc' dir='ltr'>γίνεται</span> 
     </span>
    </p>
   </div>
   <div class='ocr_carea' id='block_1_64' title="bbox 1819 3364 3328 3453">
    <p class='ocr_par' dir='ltr' id='par_1_64' title="bbox 1819 3364 3328 3439">
     <span class='ocr_line' id='line_1_64' title="bbox 1819 3364 3328 3439; baseline -0.007 -14"><span class='ocrx_word' id='word_1_496' title='bbox 1819 3386 1924 3425; x_wconf 82' lang='grc' dir='ltr'>-υιιι</span> <span class='ocrx_word' id='word_1_497' title='bbox 1956 3371 2350 3426; x_wconf 86' lang='lat' dir='ltr'><strong>elementorum</strong></span> <span class='ocrx_word' id='word_1_498' title='bbox 2378 3378 2704 3439; x_wconf 88' lang='lat' dir='ltr'><strong>componat;</strong></span> <span class='ocrx_word' id='word_1_499' title='bbox 2741 3377 2927 3421; x_wconf 88' lang='lat' dir='ltr'><strong>noster</strong></span> <span class='ocrx_word' id='word_1_500' title='bbox 2948 3364 3093 3418; x_wconf 90' lang='lat' dir='ltr'><strong>enim</strong></span> <span class='ocrx_word' id='word_1_501' title='bbox 3125 3377 3328 3417; x_wconf 80' lang='lat' dir='ltr'><strong>conce-</strong></span> 
     </span>
    </p>
   </div>
   <div class='ocr_carea' id='block_1_65' title="bbox 49 3471 1642 3543">
    <p class='ocr_par' dir='ltr' id='par_1_65' title="bbox 49 3471 1642 3543">
     <span class='ocr_line' id='line_1_65' title="bbox 49 3471 1642 3543; baseline 0 -20"><span class='ocrx_word' id='word_1_502' title='bbox 49 3471 185 3539; x_wconf 82' lang='grc' dir='ltr'>μετὰ</span> <span class='ocrx_word' id='word_1_503' title='bbox 232 3472 304 3525; x_wconf 75' lang='grc' dir='ltr'>τὰ</span> <span class='ocrx_word' id='word_1_504' title='bbox 362 3471 534 3524; x_wconf 84' lang='grc' dir='ltr'>πολλά</span> <span class='ocrx_word' id='word_1_505' title='bbox 580 3472 700 3524; x_wconf 87' lang='grc' dir='ltr'>τότε</span> <span class='ocrx_word' id='word_1_506' title='bbox 747 3472 844 3543; x_wconf 82' lang='grc' dir='ltr'><strong>τὴν</strong></span> <span class='ocrx_word' id='word_1_507' title='bbox 899 3473 1154 3542; x_wconf 84' lang='grc' dir='ltr'>τοιαύτην</span> <span class='ocrx_word' id='word_1_508' title='bbox 1198 3474 1325 3543; x_wconf 91' lang='grc' dir='ltr'>μίαν</span> <span class='ocrx_word' id='word_1_509' title='bbox 1376 3471 1536 3541; x_wconf 78' lang='grc' dir='ltr'>φύσιν</span> <span class='ocrx_word' id='word_1_510' title='bbox 1566 3471 1642 3536; x_wconf 84' lang='grc' dir='ltr'>ὡς</span> 
     </span>
    </p>
   </div>
   <div class='ocr_carea' id='block_1_66' title="bbox 47 3562 1641 3634">
    <p class='ocr_par' dir='ltr' id='par_1_66' title="bbox 47 3562 1641 3634">
     <span class='ocr_line' id='line_1_66' title="bbox 47 3562 1641 3634; baseline 0.001 -20"><span class='ocrx_word' id='word_1_511' title='bbox 47 3564 244 3617; x_wconf 76' lang='grc' dir='ltr'>ἐνιαίόν</span> <span class='ocrx_word' id='word_1_512' title='bbox 298 3581 353 3616; x_wconf 89' lang='grc' dir='ltr'><strong>τι</strong></span> <span class='ocrx_word' id='word_1_513' title='bbox 399 3563 657 3633; x_wconf 85' lang='grc' dir='ltr'>κατέχει,</span> <span class='ocrx_word' id='word_1_514' title='bbox 706 3565 799 3617; x_wconf 82' lang='grc' dir='ltr'><strong>καί</strong></span> <span class='ocrx_word' id='word_1_515' title='bbox 844 3564 1048 3634; x_wconf 79' lang='grc' dir='ltr'>ταύτην</span> <span class='ocrx_word' id='word_1_516' title='bbox 1096 3564 1466 3634; x_wconf 84' lang='grc' dir='ltr'>συναγομένην</span> <span class='ocrx_word' id='word_1_517' title='bbox 1500 3562 1641 3616; x_wconf 70' lang='grc' dir='ltr'>οὕτω</span> 
     </span>
    </p>
   </div>
   <div class='ocr_carea' id='block_1_67' title="bbox 50 3655 1643 3728">
    <p class='ocr_par' dir='ltr' id='par_1_67' title="bbox 50 3655 1643 3728">
     <span class='ocr_line' id='line_1_67' title="bbox 50 3655 1643 3728; baseline 0 -20"><span class='ocrx_word' id='word_1_518' title='bbox 50 3656 182 3724; x_wconf 84' lang='grc' dir='ltr'>μετά</span> <span class='ocrx_word' id='word_1_519' title='bbox 210 3656 281 3708; x_wconf 76' lang='grc' dir='ltr'>τὰ</span> <span class='ocrx_word' id='word_1_520' title='bbox 316 3655 488 3708; x_wconf 76' lang='grc' dir='ltr'>πολλὰ</span> <span class='ocrx_word' id='word_1_521' title='bbox 509 3656 617 3708; x_wconf 85' lang='grc' dir='ltr'><strong>τῶν</strong></span> <span class='ocrx_word' id='word_1_522' title='bbox 652 3656 860 3709; x_wconf 83' lang='grc' dir='ltr'>πολλῶν</span> <span class='ocrx_word' id='word_1_523' title='bbox 893 3660 1223 3728; x_wconf 55' lang='grc' dir='ltr'>προεπινοεὶ</span> <span class='ocrx_word' id='word_1_524' title='bbox 1270 3657 1345 3719; x_wconf 84' lang='grc' dir='ltr'>ὡς</span> <span class='ocrx_word' id='word_1_525' title='bbox 1374 3656 1485 3709; x_wconf 84' lang='grc' dir='ltr'><strong>τῶν</strong></span> <span class='ocrx_word' id='word_1_526' title='bbox 1513 3656 1643 3709; x_wconf 87' lang='grc' dir='ltr'>πολ-</span> 
     </span>
    </p>
   </div>
   <div class='ocr_carea' id='block_1_68' title="bbox 47 3747 1641 3821">
    <p class='ocr_par' dir='ltr' id='par_1_68' title="bbox 47 3747 1641 3821">
     <span class='ocr_line' id='line_1_68' title="bbox 47 3747 1641 3821; baseline 0.003 -23"><span class='ocrx_word' id='word_1_527' title='bbox 47 3748 151 3799; x_wconf 73' lang='grc' dir='ltr'><strong>λῶν</strong></span> <span class='ocrx_word' id='word_1_528' title='bbox 185 3747 517 3817; x_wconf 81' lang='grc' dir='ltr'>συστατικὴν</span> <span class='ocrx_word' id='word_1_529' title='bbox 541 3749 634 3800; x_wconf 73' lang='grc' dir='ltr'><strong>καὶ</strong></span> <span class='ocrx_word' id='word_1_530' title='bbox 667 3750 975 3819; x_wconf 80' lang='grc' dir='ltr'>συνοχικήν.</span> <span class='ocrx_word' id='word_1_531' title='bbox 1008 3750 1069 3801; x_wconf 82' lang='grc' dir='ltr'>Εἰ</span> <span class='ocrx_word' id='word_1_532' title='bbox 1108 3750 1286 3803; x_wconf 85' lang='grc' dir='ltr'>τοίνυν</span> <span class='ocrx_word' id='word_1_533' title='bbox 1330 3750 1641 3821; x_wconf 79' lang='grc' dir='ltr'>ἀναιρεθείη</span> 
     </span>
    </p>
   </div>
   <div class='ocr_carea' id='block_1_69' title="bbox 48 3840 1641 3912">
    <p class='ocr_par' dir='ltr' id='par_1_69' title="bbox 48 3840 1641 3912">
     <span class='ocr_line' id='line_1_69' title="bbox 48 3840 1641 3912; baseline 0.003 -22"><span class='ocrx_word' id='word_1_534' title='bbox 48 3842 104 3891; x_wconf 74' lang='grc' dir='ltr'><strong>τὸ</strong></span> <span class='ocrx_word' id='word_1_535' title='bbox 132 3841 211 3903; x_wconf 85' lang='grc' dir='ltr'><strong>ἒν,</strong></span> <span class='ocrx_word' id='word_1_536' title='bbox 245 3840 372 3892; x_wconf 74' lang='grc' dir='ltr'>οὔτε</span> <span class='ocrx_word' id='word_1_537' title='bbox 404 3840 548 3902; x_wconf 80' lang='grc' dir='ltr'>ὅλον,</span> <span class='ocrx_word' id='word_1_538' title='bbox 576 3840 699 3892; x_wconf 73' lang='grc' dir='ltr'>οὔτε</span> <span class='ocrx_word' id='word_1_539' title='bbox 732 3843 917 3911; x_wconf 88' lang='grc' dir='ltr'>μόριον</span> <span class='ocrx_word' id='word_1_540' title='bbox 940 3842 1114 3905; x_wconf 71' lang='grc' dir='ltr'>ἔσται,</span> <span class='ocrx_word' id='word_1_541' title='bbox 1144 3842 1179 3895; x_wconf 80' lang='grc' dir='ltr'><strong>ἃ.</strong></span> <span class='ocrx_word' id='word_1_542' title='bbox 1210 3842 1274 3912; x_wconf 83' lang='grc' dir='ltr'>δὴ</span> <span class='ocrx_word' id='word_1_543' title='bbox 1304 3844 1397 3894; x_wconf 75' lang='grc' dir='ltr'><strong>καὶ</strong></span> <span class='ocrx_word' id='word_1_544' title='bbox 1423 3842 1641 3905; x_wconf 84' lang='grc' dir='ltr'>ὲνιαίως</span> 
     </span>
    </p>
   </div>
   <div class='ocr_carea' id='block_1_70' title="bbox 48 3932 1638 4005">
    <p class='ocr_par' dir='ltr' id='par_1_70' title="bbox 48 3932 1638 4005">
     <span class='ocr_line' id='line_1_70' title="bbox 48 3932 1638 4005; baseline 0.003 -23"><span class='ocrx_word' id='word_1_545' title='bbox 48 3932 535 4002; x_wconf 77' lang='grc' dir='ltr'>κατονομάζονται·</span> <span class='ocrx_word' id='word_1_546' title='bbox 565 3936 769 3985; x_wconf 75' lang='grc' dir='ltr'>τούτων</span> <span class='ocrx_word' id='word_1_547' title='bbox 800 3934 856 3986; x_wconf 81' lang='grc' dir='ltr'>δὲ</span> <span class='ocrx_word' id='word_1_548' title='bbox 888 3933 1306 4005; x_wconf 77' lang='grc' dir='ltr'>ἀναιρεθέντων,</span> <span class='ocrx_word' id='word_1_549' title='bbox 1350 3934 1499 3985; x_wconf 79' lang='grc' dir='ltr'>οὐδὲν</span> <span class='ocrx_word' id='word_1_550' title='bbox 1530 3933 1638 3986; x_wconf 85' lang='grc' dir='ltr'><strong>τῶν</strong></span> 
     </span>
    </p>
   </div>
   <div class='ocr_carea' id='block_1_71' title="bbox 45 4023 1639 4097">
    <p class='ocr_par' dir='ltr' id='par_1_71' title="bbox 45 4023 1639 4097">
     <span class='ocr_line' id='line_1_71' title="bbox 45 4023 1639 4097; baseline 0.002 -22"><span class='ocrx_word' id='word_1_551' title='bbox 45 4024 211 4075; x_wconf 70' lang='grc' dir='ltr'>ὄντων</span> <span class='ocrx_word' id='word_1_552' title='bbox 246 4024 422 4075; x_wconf 74' lang='grc' dir='ltr'>ἔσται.</span> <span class='ocrx_word' id='word_1_553' title='bbox 470 4024 544 4075; x_wconf 88' lang='grc' dir='ltr'>Τὸ</span> <span class='ocrx_word' id='word_1_554' title='bbox 585 4023 643 4075; x_wconf 84' lang='grc' dir='ltr'>ἓν</span> <span class='ocrx_word' id='word_1_555' title='bbox 693 4025 803 4095; x_wconf 82' lang='grc' dir='ltr'>ἄρα</span> <span class='ocrx_word' id='word_1_556' title='bbox 853 4025 1033 4078; x_wconf 84' lang='grc' dir='ltr'>πάντα</span> <span class='ocrx_word' id='word_1_557' title='bbox 1085 4025 1364 4089; x_wconf 79' lang='grc' dir='ltr'>ἐνοειδῶς,</span> <span class='ocrx_word' id='word_1_558' title='bbox 1398 4025 1639 4097; x_wconf 87' lang='grc' dir='ltr'>δηλονότι</span> 
     </span>
    </p>
   </div>
   <div class='ocr_carea' id='block_1_72' title="bbox 48 4098 1644 4189">
    <p class='ocr_par' dir='ltr' id='par_1_72' title="bbox 48 4098 1644 4189">
     <span class='ocr_line' id='line_1_72' title="bbox 48 4098 1644 4189; baseline 0.001 -20"><span class='ocrx_word' id='word_1_559' title='bbox 48 4118 165 4169; x_wconf 77' lang='grc' dir='ltr'>καθ’</span> <span class='ocrx_word' id='word_1_560' title='bbox 197 4117 299 4169; x_wconf 83' lang='grc' dir='ltr'>’ένα</span> <span class='ocrx_word' id='word_1_561' title='bbox 328 4118 424 4169; x_wconf 76' lang='grc' dir='ltr'><strong>καὶ</strong></span> <span class='ocrx_word' id='word_1_562' title='bbox 448 4118 539 4169; x_wconf 78' lang='grc' dir='ltr'><strong>τὸν</strong></span> <span class='ocrx_word' id='word_1_563' title='bbox 570 4118 733 4169; x_wconf 82' lang='grc' dir='ltr'>αὑτὸν</span> <span class='ocrx_word' id='word_1_564' title='bbox 779 4117 954 4185; x_wconf 84' lang='grc' dir='ltr'>λόγον·</span> <span class='ocrx_word' id='word_1_565' title='bbox 996 4118 1116 4170; x_wconf 75' lang='grc' dir='ltr'>οὐδὲ</span> <span class='ocrx_word' id='word_1_566' title='bbox 1148 4118 1255 4189; x_wconf 81' lang='grc' dir='ltr'><strong>γάρ</strong></span> <span class='ocrx_word' id='word_1_567' title='bbox 1287 4118 1459 4181; x_wconf 81' lang='grc' dir='ltr'>ἄλλως</span> <span class='ocrx_word' id='word_1_568' title='bbox 1490 4098 1644 4187; x_wconf 78' lang='grc' dir='ltr'>λέγε-</span> 
     </span>
    </p>
   </div>
   <div class='ocr_carea' id='block_1_73' title="bbox 48 4208 1643 4282">
    <p class='ocr_par' dir='ltr' id='par_1_73' title="bbox 48 4208 1643 4282">
     <span class='ocr_line' id='line_1_73' title="bbox 48 4208 1643 4282; baseline 0.001 -22"><span class='ocrx_word' id='word_1_569' title='bbox 48 4227 133 4261; x_wconf 82' lang='grc' dir='ltr'><strong>ται</strong></span> <span class='ocrx_word' id='word_1_570' title='bbox 152 4209 213 4261; x_wconf 88' lang='grc' dir='ltr'>τὺ</span> <span class='ocrx_word' id='word_1_571' title='bbox 252 4210 375 4262; x_wconf 82' lang='grc' dir='ltr'>ὅλον</span> <span class='ocrx_word' id='word_1_572' title='bbox 420 4208 477 4261; x_wconf 85' lang='grc' dir='ltr'>ἒν</span> <span class='ocrx_word' id='word_1_573' title='bbox 525 4210 618 4261; x_wconf 74' lang='grc' dir='ltr'><strong>καὶ</strong></span> <span class='ocrx_word' id='word_1_574' title='bbox 649 4209 823 4272; x_wconf 81' lang='grc' dir='ltr'>άλλως</span> <span class='ocrx_word' id='word_1_575' title='bbox 853 4211 914 4264; x_wconf 80' lang='grc' dir='ltr'><strong>τὸ</strong></span> <span class='ocrx_word' id='word_1_576' title='bbox 947 4211 1129 4282; x_wconf 84' lang='grc' dir='ltr'>μέρος,</span> <span class='ocrx_word' id='word_1_577' title='bbox 1159 4212 1251 4263; x_wconf 77' lang='grc' dir='ltr'><strong>καὶ</strong></span> <span class='ocrx_word' id='word_1_578' title='bbox 1279 4210 1452 4273; x_wconf 81' lang='grc' dir='ltr'>ἄλλως</span> <span class='ocrx_word' id='word_1_579' title='bbox 1483 4210 1643 4263; x_wconf 78' lang='grc' dir='ltr'>τοῦτο</span> 
     </span>
    </p>
   </div>
   <div class='ocr_carea' id='block_1_74' title="bbox 48 4300 1643 4375">
    <p class='ocr_par' dir='ltr' id='par_1_74' title="bbox 48 4300 1643 4375">
     <span class='ocr_line' id='line_1_74' title="bbox 48 4300 1643 4375; baseline 0.003 -23"><span class='ocrx_word' id='word_1_580' title='bbox 48 4302 138 4352; x_wconf 74' lang='grc' dir='ltr'><strong>καὶ</strong></span> <span class='ocrx_word' id='word_1_581' title='bbox 168 4300 345 4363; x_wconf 87' lang='grc' dir='ltr'>άλλως</span> <span class='ocrx_word' id='word_1_582' title='bbox 386 4303 563 4353; x_wconf 79' lang='grc' dir='ltr'>έκεῖνο</span> <span class='ocrx_word' id='word_1_583' title='bbox 595 4302 942 4372; x_wconf 71' lang='grc' dir='ltr'>προείληφεν,</span> <span class='ocrx_word' id='word_1_584' title='bbox 975 4302 1088 4356; x_wconf 78' lang='grc' dir='ltr'>ἀλλ’</span> <span class='ocrx_word' id='word_1_585' title='bbox 1138 4304 1225 4355; x_wconf 78' lang='grc' dir='ltr'>ἵνα</span> <span class='ocrx_word' id='word_1_586' title='bbox 1269 4304 1342 4375; x_wconf 87' lang='grc' dir='ltr'>μή</span> <span class='ocrx_word' id='word_1_587' title='bbox 1388 4320 1471 4367; x_wconf 87' lang='grc' dir='ltr'><strong>τις</strong></span> <span class='ocrx_word' id='word_1_588' title='bbox 1511 4306 1643 4357; x_wconf 71' lang='lat'><strong>67:0-</strong></span> 
     </span>
    </p>
   </div>
   <div class='ocr_carea' id='block_1_75' title="bbox 48 4393 1640 4468">
    <p class='ocr_par' dir='ltr' id='par_1_75' title="bbox 48 4393 1640 4468">
     <span class='ocr_line' id='line_1_75' title="bbox 48 4393 1640 4468; baseline 0.004 -23"><span class='ocrx_word' id='word_1_589' title='bbox 48 4394 253 4464; x_wconf 74' lang='grc' dir='ltr'>πτευσῃ</span> <span class='ocrx_word' id='word_1_590' title='bbox 271 4393 525 4446; x_wconf 78' lang='grc' dir='ltr'>ἐντεῦθεν</span> <span class='ocrx_word' id='word_1_591' title='bbox 541 4394 637 4464; x_wconf 81' lang='grc' dir='ltr'>τὴν</span> <span class='ocrx_word' id='word_1_592' title='bbox 662 4395 769 4466; x_wconf 81' lang='grc' dir='ltr'><strong>πρὸ</strong></span> <span class='ocrx_word' id='word_1_593' title='bbox 785 4396 895 4449; x_wconf 84' lang='grc' dir='ltr'><strong>τῶν</strong></span> <span class='ocrx_word' id='word_1_594' title='bbox 929 4396 1141 4450; x_wconf 85' lang='grc' dir='ltr'>πολλῶν</span> <span class='ocrx_word' id='word_1_595' title='bbox 1163 4396 1326 4461; x_wconf 77' lang='grc' dir='ltr'>ἰδέαν,</span> <span class='ocrx_word' id='word_1_596' title='bbox 1357 4398 1509 4468; x_wconf 62' lang='grc' dir='ltr'>φησι,</span> <span class='ocrx_word' id='word_1_597' title='bbox 1543 4398 1640 4451; x_wconf 80' lang='grc' dir='ltr'>καὶ</span> 
     </span>
    </p>
   </div>
   <div class='ocr_carea' id='block_1_76' title="bbox 48 4486 1640 4557">
    <p class='ocr_par' dir='ltr' id='par_1_76' title="bbox 48 4486 1640 4557">
     <span class='ocr_line' id='line_1_76' title="bbox 48 4486 1640 4557; baseline 0.003 -20"><span class='ocrx_word' id='word_1_598' title='bbox 48 4487 437 4554; x_wconf 66' lang='grc' dir='ltr'>προείληφεν,</span> <span class='ocrx_word' id='word_1_599' title='bbox 475 4486 675 4538; x_wconf 71' lang='grc' dir='ltr'>ὡσανεὶ</span> <span class='ocrx_word' id='word_1_600' title='bbox 706 4488 786 4539; x_wconf 88' lang='grc' dir='ltr'>ὅτι</span> <span class='ocrx_word' id='word_1_601' title='bbox 819 4491 1003 4548; x_wconf 78' lang='grc' dir='ltr'>αὐτοῖς</span> <span class='ocrx_word' id='word_1_602' title='bbox 1026 4493 1152 4557; x_wconf 73' lang='grc' dir='ltr'>τοῖς</span> <span class='ocrx_word' id='word_1_603' title='bbox 1180 4490 1415 4553; x_wconf 79' lang='grc' dir='ltr'>πολλοῖς,</span> <span class='ocrx_word' id='word_1_604' title='bbox 1457 4492 1551 4543; x_wconf 74' lang='grc' dir='ltr'><strong>καὶ</strong></span> <span class='ocrx_word' id='word_1_605' title='bbox 1579 4489 1640 4541; x_wconf 84' lang='grc' dir='ltr'><strong>οὐ</strong></span> 
     </span>
    </p>
   </div>
   <div class='ocr_carea' id='block_1_77' title="bbox 47 4577 1643 4648">
    <p class='ocr_par' dir='ltr' id='par_1_77' title="bbox 47 4577 1643 4648">
     <span class='ocr_line' id='line_1_77' title="bbox 47 4577 1643 4648; baseline 0.004 -19"><span class='ocrx_word' id='word_1_606' title='bbox 47 4578 166 4629; x_wconf 67' lang='grc' dir='ltr'>καθ’</span> <span class='ocrx_word' id='word_1_607' title='bbox 222 4578 356 4631; x_wconf 81' lang='grc' dir='ltr'>αὐτὸ</span> <span class='ocrx_word' id='word_1_608' title='bbox 403 4577 683 4648; x_wconf 79' lang='grc' dir='ltr'>θεωρεῖται</span> <span class='ocrx_word' id='word_1_609' title='bbox 727 4579 788 4630; x_wconf 87' lang='grc' dir='ltr'><strong>τὸ</strong></span> <span class='ocrx_word' id='word_1_610' title='bbox 830 4580 908 4633; x_wconf 78' lang='grc' dir='ltr'><strong>ἓν.</strong></span> <span class='ocrx_word' id='word_1_611' title='bbox 960 4582 1113 4635; x_wconf 77' lang='grc' dir='ltr'>Ἐπεὶ</span> <span class='ocrx_word' id='word_1_612' title='bbox 1151 4582 1328 4635; x_wconf 87' lang='grc' dir='ltr'>τοίνυν</span> <span class='ocrx_word' id='word_1_613' title='bbox 1375 4582 1436 4634; x_wconf 87' lang='grc' dir='ltr'><strong>τὸ</strong></span> <span class='ocrx_word' id='word_1_614' title='bbox 1478 4583 1536 4635; x_wconf 83' lang='grc' dir='ltr'>ἓν</span> <span class='ocrx_word' id='word_1_615' title='bbox 1573 4581 1643 4635; x_wconf 81' lang='grc' dir='ltr'><strong>τά</strong></span> 
     </span>
    </p>
   </div>
   <div class='ocr_carea' id='block_1_78' title="bbox 48 4670 1637 4743">
    <p class='ocr_par' dir='ltr' id='par_1_78' title="bbox 48 4670 1637 4743">
     <span class='ocr_line' id='line_1_78' title="bbox 48 4670 1637 4743; baseline 0.003 -22"><span class='ocrx_word' id='word_1_616' title='bbox 48 4672 224 4723; x_wconf 74' lang='grc' dir='ltr'>πάντα</span> <span class='ocrx_word' id='word_1_617' title='bbox 254 4670 675 4741; x_wconf 77' lang='grc' dir='ltr'>περιλαμϐάνει,</span> <span class='ocrx_word' id='word_1_618' title='bbox 700 4671 917 4726; x_wconf 83' lang='grc' dir='ltr'>πάντων</span> <span class='ocrx_word' id='word_1_619' title='bbox 946 4672 1001 4725; x_wconf 84' lang='grc' dir='ltr'>δὲ</span> <span class='ocrx_word' id='word_1_620' title='bbox 1022 4672 1263 4743; x_wconf 84' lang='grc' dir='ltr'>ποιητὴς</span> <span class='ocrx_word' id='word_1_621' title='bbox 1289 4676 1317 4725; x_wconf 89' lang='grc' dir='ltr'>ὁ</span> <span class='ocrx_word' id='word_1_622' title='bbox 1348 4674 1480 4737; x_wconf 89' lang='grc' dir='ltr'>Θεός</span> <span class='ocrx_word' id='word_1_623' title='bbox 1499 4676 1637 4736; x_wconf 78' lang='grc' dir='ltr'>ἐστι,</span> 
     </span>
    </p>
   </div>
   <div class='ocr_carea' id='block_1_79' title="bbox 1746 3452 3328 3534">
    <p class='ocr_par' dir='ltr' id='par_1_79' title="bbox 1746 3452 3328 3534">
     <span class='ocr_line' id='line_1_79' title="bbox 1746 3452 3328 3534; baseline -0.008 -17"><span class='ocrx_word' id='word_1_624' title='bbox 1746 3473 1867 3534; x_wconf 91' lang='lat' dir='ltr'><strong>ptus</strong></span> <span class='ocrx_word' id='word_1_625' title='bbox 1895 3463 2025 3516; x_wconf 90' lang='lat' dir='ltr'><strong>dum</strong></span> <span class='ocrx_word' id='word_1_626' title='bbox 2074 3462 2241 3515; x_wconf 89' lang='lat' dir='ltr'><strong>multa</strong></span> <span class='ocrx_word' id='word_1_627' title='bbox 2285 3462 2337 3513; x_wconf 91' lang='lat' dir='ltr'><strong>in</strong></span> <span class='ocrx_word' id='word_1_628' title='bbox 2374 3476 2536 3513; x_wconf 89' lang='lat' dir='ltr'><strong>unam</strong></span> <span class='ocrx_word' id='word_1_629' title='bbox 2584 3459 2793 3527; x_wconf 74' lang='lat' dir='ltr'><strong>colligit</strong></span> <span class='ocrx_word' id='word_1_630' title='bbox 2848 3466 3127 3518; x_wconf 87' lang='lat' dir='ltr'><strong>naturam,</strong></span> <span class='ocrx_word' id='word_1_631' title='bbox 3179 3452 3328 3522; x_wconf 90' lang='lat' dir='ltr'><strong>quod</strong></span> 
     </span>
    </p>
   </div>
   <div class='ocr_carea' id='block_1_80' title="bbox 1746 3549 3338 3623">
    <p class='ocr_par' dir='ltr' id='par_1_80' title="bbox 1746 3549 3338 3623">
     <span class='ocr_line' id='line_1_80' title="bbox 1746 3549 3338 3623; baseline -0.006 -16"><span class='ocrx_word' id='word_1_632' title='bbox 1746 3557 1933 3623; x_wconf 87' lang='lat' dir='ltr'><strong>utique</strong></span> <span class='ocrx_word' id='word_1_633' title='bbox 1973 3554 2033 3607; x_wconf 84' lang='lat' dir='ltr'><strong>lit</strong></span> <span class='ocrx_word' id='word_1_634' title='bbox 2073 3562 2195 3623; x_wconf 86' lang='lat' dir='ltr'><strong>post</strong></span> <span class='ocrx_word' id='word_1_635' title='bbox 2229 3552 2399 3605; x_wconf 92' lang='lat' dir='ltr'><strong>multa</strong></span> <span class='ocrx_word' id='word_1_636' title='bbox 2422 3591 2437 3618; x_wconf 93' lang='lat'><strong>,</strong></span> <span class='ocrx_word' id='word_1_637' title='bbox 2472 3564 2584 3605; x_wconf 87' lang='lat' dir='ltr'><strong>tum</strong></span> <span class='ocrx_word' id='word_1_638' title='bbox 2628 3549 2936 3604; x_wconf 87' lang='lat' dir='ltr'><strong>istiusmodi</strong></span> <span class='ocrx_word' id='word_1_639' title='bbox 2982 3561 3145 3601; x_wconf 90' lang='lat' dir='ltr'><strong>unam</strong></span> <span class='ocrx_word' id='word_1_640' title='bbox 3172 3556 3338 3599; x_wconf 76' lang='lat' dir='ltr'><strong>natu-</strong></span> 
     </span>
    </p>
   </div>
   <div class='ocr_carea' id='block_1_81' title="bbox 1749 3640 3334 3715">
    <p class='ocr_par' dir='ltr' id='par_1_81' title="bbox 1749 3640 3334 3715">
     <span class='ocr_line' id='line_1_81' title="bbox 1749 3640 3334 3715; baseline -0.006 -17"><span class='ocrx_word' id='word_1_641' title='bbox 1749 3660 1864 3699; x_wconf 87' lang='lat' dir='ltr'><strong>ram</strong></span> <span class='ocrx_word' id='word_1_642' title='bbox 1919 3645 2074 3715; x_wconf 88' lang='lat' dir='ltr'><strong>quasi</strong></span> <span class='ocrx_word' id='word_1_643' title='bbox 2127 3645 2337 3698; x_wconf 88' lang='lat' dir='ltr'><strong>unitam</strong></span> <span class='ocrx_word' id='word_1_644' title='bbox 2386 3644 2772 3712; x_wconf 88' lang='lat' dir='ltr'><strong>apprehendit,</strong></span> <span class='ocrx_word' id='word_1_645' title='bbox 2801 3652 2857 3695; x_wconf 91' lang='lat' dir='ltr'><strong>et</strong></span> <span class='ocrx_word' id='word_1_646' title='bbox 2913 3641 3056 3694; x_wconf 91' lang='lat' dir='ltr'><strong>hanc</strong></span> <span class='ocrx_word' id='word_1_647' title='bbox 3086 3640 3157 3692; x_wconf 89' lang='lat' dir='ltr'><strong>ita</strong></span> <span class='ocrx_word' id='word_1_648' title='bbox 3208 3647 3334 3706; x_wconf 85' lang='lat' dir='ltr'><strong>post</strong></span> 
     </span>
    </p>
   </div>
   <div class='ocr_carea' id='block_1_82' title="bbox 1746 3733 3330 3805">
    <p class='ocr_par' dir='ltr' id='par_1_82' title="bbox 1746 3733 3330 3805">
     <span class='ocr_line' id='line_1_82' title="bbox 1746 3733 3330 3805; baseline -0.006 -14"><span class='ocrx_word' id='word_1_649' title='bbox 1746 3738 1916 3792; x_wconf 86' lang='lat' dir='ltr'><strong>multa</strong></span> <span class='ocrx_word' id='word_1_650' title='bbox 1977 3747 2321 3792; x_wconf 88' lang='lat' dir='ltr'><strong>contractam</strong></span> <span class='ocrx_word' id='word_1_651' title='bbox 2379 3737 2622 3805; x_wconf 90' lang='lat' dir='ltr'><strong>concipit</strong></span> <span class='ocrx_word' id='word_1_652' title='bbox 2678 3749 2776 3804; x_wconf 92' lang='lat' dir='ltr'><strong>pro</strong></span> <span class='ocrx_word' id='word_1_653' title='bbox 2809 3733 3015 3795; x_wconf 83' lang='lat' dir='ltr'><strong>multis,</strong></span> <span class='ocrx_word' id='word_1_654' title='bbox 3070 3742 3330 3798; x_wconf 86' lang='lat' dir='ltr'><strong>tanquam</strong></span> 
     </span>
    </p>
   </div>
   <div class='ocr_carea' id='block_1_83' title="bbox 1746 3823 3333 3894">
    <p class='ocr_par' dir='ltr' id='par_1_83' title="bbox 1746 3823 3333 3894">
     <span class='ocr_line' id='line_1_83' title="bbox 1746 3823 3333 3894; baseline -0.003 -12"><span class='ocrx_word' id='word_1_655' title='bbox 1746 3830 2042 3883; x_wconf 89' lang='lat' dir='ltr'><strong>multorum</strong></span> <span class='ocrx_word' id='word_1_656' title='bbox 2071 3829 2489 3883; x_wconf 90' lang='lat' dir='ltr'><strong>constitutivam</strong></span> <span class='ocrx_word' id='word_1_657' title='bbox 2524 3837 2581 3880; x_wconf 88' lang='lat' dir='ltr'><strong>et</strong></span> <span class='ocrx_word' id='word_1_658' title='bbox 2607 3825 3026 3894; x_wconf 83' lang='lat' dir='ltr'><strong>complexivam.</strong></span> <span class='ocrx_word' id='word_1_659' title='bbox 3053 3825 3112 3878; x_wconf 82' lang='lat' dir='ltr'><strong>Si</strong></span> <span class='ocrx_word' id='word_1_660' title='bbox 3146 3823 3333 3890; x_wconf 79' lang='lat' dir='ltr'><strong>itaque</strong></span> 
     </span>
    </p>
   </div>
   <div class='ocr_carea' id='block_1_84' title="bbox 1744 3916 3333 3989">
    <p class='ocr_par' dir='ltr' id='par_1_84' title="bbox 1744 3916 3333 3989">
     <span class='ocr_line' id='line_1_84' title="bbox 1744 3916 3333 3989; baseline -0.005 -15"><span class='ocrx_word' id='word_1_661' title='bbox 1744 3937 1913 3974; x_wconf 91' lang='lat' dir='ltr'><strong>unum</strong></span> <span class='ocrx_word' id='word_1_662' title='bbox 1959 3921 2203 3985; x_wconf 81' lang='lat' dir='ltr'><strong>tollatur,</strong></span> <span class='ocrx_word' id='word_1_663' title='bbox 2234 3935 2413 3989; x_wconf 90' lang='lat' dir='ltr'><strong>neque</strong></span> <span class='ocrx_word' id='word_1_664' title='bbox 2446 3930 2641 3983; x_wconf 90' lang='lat' dir='ltr'><strong>totum,</strong></span> <span class='ocrx_word' id='word_1_665' title='bbox 2675 3932 2851 3986; x_wconf 89' lang='lat' dir='ltr'><strong>neque</strong></span> <span class='ocrx_word' id='word_1_666' title='bbox 2902 3931 3031 3983; x_wconf 74' lang='lat' dir='ltr'><strong>pars</strong></span> <span class='ocrx_word' id='word_1_667' title='bbox 3079 3916 3333 3979; x_wconf 79' lang='lat' dir='ltr'><strong>exsistet,</strong></span> 
     </span>
    </p>
   </div>
   <div class='ocr_carea' id='block_1_85' title="bbox 1745 4007 3331 4081">
    <p class='ocr_par' dir='ltr' id='par_1_85' title="bbox 1745 4007 3331 4081">
     <span class='ocr_line' id='line_1_85' title="bbox 1745 4007 3331 4081; baseline -0.006 -17"><span class='ocrx_word' id='word_1_668' title='bbox 1745 4028 1863 4081; x_wconf 80' lang='lat' dir='ltr'><strong>qua:</strong></span> <span class='ocrx_word' id='word_1_669' title='bbox 1912 4011 2102 4081; x_wconf 90' lang='lat' dir='ltr'><strong>utique</strong></span> <span class='ocrx_word' id='word_1_670' title='bbox 2139 4012 2308 4066; x_wconf 88' lang='lat' dir='ltr'><strong>etiam</strong></span> <span class='ocrx_word' id='word_1_671' title='bbox 2355 4012 2508 4065; x_wconf 91' lang='lat' dir='ltr'><strong>unite</strong></span> <span class='ocrx_word' id='word_1_672' title='bbox 2545 4008 2970 4065; x_wconf 87' lang='lat' dir='ltr'><strong>denominatur;</strong></span> <span class='ocrx_word' id='word_1_673' title='bbox 3015 4007 3101 4059; x_wconf 87' lang='lat' dir='ltr'><strong>his</strong></span> <span class='ocrx_word' id='word_1_674' title='bbox 3146 4015 3331 4058; x_wconf 89' lang='lat' dir='ltr'><strong>autem</strong></span> 
     </span>
    </p>
   </div>
   <div class='ocr_carea' id='block_1_86' title="bbox 1745 4099 3329 4169">
    <p class='ocr_par' dir='ltr' id='par_1_86' title="bbox 1745 4099 3329 4169">
     <span class='ocr_line' id='line_1_86' title="bbox 1745 4099 3329 4169; baseline -0.005 -11"><span class='ocrx_word' id='word_1_675' title='bbox 1745 4103 1994 4169; x_wconf 85' lang='lat' dir='ltr'><strong>sublatis,</strong></span> <span class='ocrx_word' id='word_1_676' title='bbox 2033 4103 2175 4157; x_wconf 85' lang='lat' dir='ltr'><strong>nulla</strong></span> <span class='ocrx_word' id='word_1_677' title='bbox 2223 4118 2310 4157; x_wconf 84' lang='lat' dir='ltr'><strong>res</strong></span> <span class='ocrx_word' id='word_1_678' title='bbox 2335 4102 2584 4157; x_wconf 78' lang='lat' dir='ltr'><strong>exsistet.</strong></span> <span class='ocrx_word' id='word_1_679' title='bbox 2637 4100 2813 4156; x_wconf 88' lang='lat' dir='ltr'><strong>Unum</strong></span> <span class='ocrx_word' id='word_1_680' title='bbox 2843 4114 2975 4169; x_wconf 81' lang='lat' dir='ltr'><strong>ergo</strong></span> <span class='ocrx_word' id='word_1_681' title='bbox 3016 4109 3101 4153; x_wconf 87' lang='lat' dir='ltr'><strong>est</strong></span> <span class='ocrx_word' id='word_1_682' title='bbox 3143 4099 3329 4151; x_wconf 83' lang='lat' dir='ltr'><strong>omnia</strong></span> 
     </span>
    </p>
   </div>
   <div class='ocr_carea' id='block_1_87' title="bbox 1746 4193 3332 4259">
    <p class='ocr_par' dir='ltr' id='par_1_87' title="bbox 1746 4193 3332 4259">
     <span class='ocr_line' id='line_1_87' title="bbox 1746 4193 3332 4259; baseline -0.003 -10"><span class='ocrx_word' id='word_1_683' title='bbox 1746 4193 2117 4259; x_wconf 78' lang='lat' dir='ltr'><strong>uniformiter,</strong></span> <span class='ocrx_word' id='word_1_684' title='bbox 2145 4195 2196 4248; x_wconf 90' lang='lat' dir='ltr'><strong>id</strong></span> <span class='ocrx_word' id='word_1_685' title='bbox 2228 4207 2313 4249; x_wconf 90' lang='lat' dir='ltr'><strong>est</strong></span> <span class='ocrx_word' id='word_1_686' title='bbox 2343 4194 2646 4248; x_wconf 84' lang='lat' dir='ltr'><strong>secundum</strong></span> <span class='ocrx_word' id='word_1_687' title='bbox 2679 4208 2843 4246; x_wconf 90' lang='lat' dir='ltr'><strong>unam</strong></span> <span class='ocrx_word' id='word_1_688' title='bbox 2874 4204 2931 4247; x_wconf 91' lang='lat' dir='ltr'><strong>et</strong></span> <span class='ocrx_word' id='word_1_689' title='bbox 2959 4193 3206 4247; x_wconf 87' lang='lat' dir='ltr'><strong>eamdem</strong></span> <span class='ocrx_word' id='word_1_690' title='bbox 3242 4208 3332 4245; x_wconf 90' lang='lat' dir='ltr'><strong>ra-</strong></span> 
     </span>
    </p>
   </div>
   <div class='ocr_carea' id='block_1_88' title="bbox 1745 4285 3337 4355">
    <p class='ocr_par' dir='ltr' id='par_1_88' title="bbox 1745 4285 3337 4355">
     <span class='ocr_line' id='line_1_88' title="bbox 1745 4285 3337 4355; baseline -0.001 -12"><span class='ocrx_word' id='word_1_691' title='bbox 1745 4291 1988 4351; x_wconf 78' lang='lat' dir='ltr'><strong>tionem;</strong></span> <span class='ocrx_word' id='word_1_692' title='bbox 2040 4302 2216 4355; x_wconf 88' lang='lat' dir='ltr'><strong>ncque</strong></span> <span class='ocrx_word' id='word_1_693' title='bbox 2253 4288 2398 4340; x_wconf 89' lang='lat' dir='ltr'><strong>enim</strong></span> <span class='ocrx_word' id='word_1_694' title='bbox 2446 4286 2610 4340; x_wconf 86' lang='lat' dir='ltr'><strong>aliter</strong></span> <span class='ocrx_word' id='word_1_695' title='bbox 2662 4294 2835 4339; x_wconf 91' lang='lat' dir='ltr'><strong>totum</strong></span> <span class='ocrx_word' id='word_1_696' title='bbox 2895 4294 2949 4338; x_wconf 90' lang='lat' dir='ltr'><strong>et</strong></span> <span class='ocrx_word' id='word_1_697' title='bbox 2998 4285 3159 4340; x_wconf 78' lang='lat' dir='ltr'><strong>aliter</strong></span> <span class='ocrx_word' id='word_1_698' title='bbox 3207 4300 3337 4355; x_wconf 86' lang='lat' dir='ltr'><strong>pars</strong></span> 
     </span>
    </p>
   </div>
   <div class='ocr_carea' id='block_1_89' title="bbox 1745 4377 3337 4451">
    <p class='ocr_par' dir='ltr' id='par_1_89' title="bbox 1745 4377 3337 4451">
     <span class='ocr_line' id='line_1_89' title="bbox 1745 4377 3337 4451; baseline 0.001 -19"><span class='ocrx_word' id='word_1_699' title='bbox 1745 4378 1877 4451; x_wconf 87' lang='lat' dir='ltr'><strong>quid</strong></span> <span class='ocrx_word' id='word_1_700' title='bbox 1908 4393 2074 4432; x_wconf 90' lang='lat' dir='ltr'><strong>unum</strong></span> <span class='ocrx_word' id='word_1_701' title='bbox 2109 4379 2334 4443; x_wconf 88' lang='lat' dir='ltr'><strong>dicitur,</strong></span> <span class='ocrx_word' id='word_1_702' title='bbox 2361 4393 2539 4447; x_wconf 87' lang='lat' dir='ltr'><strong>neque</strong></span> <span class='ocrx_word' id='word_1_703' title='bbox 2574 4377 2738 4431; x_wconf 87' lang='lat' dir='ltr'><strong>aliter</strong></span> <span class='ocrx_word' id='word_1_704' title='bbox 2763 4377 2866 4431; x_wconf 88' lang='lat' dir='ltr'><strong>hoc</strong></span> <span class='ocrx_word' id='word_1_705' title='bbox 2912 4386 2968 4431; x_wconf 89' lang='lat' dir='ltr'><strong>et</strong></span> <span class='ocrx_word' id='word_1_706' title='bbox 3010 4378 3172 4433; x_wconf 87' lang='lat' dir='ltr'><strong>aliter</strong></span> <span class='ocrx_word' id='word_1_707' title='bbox 3200 4377 3337 4433; x_wconf 90' lang='lat' dir='ltr'><strong>illud</strong></span> 
     </span>
    </p>
   </div>
   <div class='ocr_carea' id='block_1_90' title="bbox 1748 4470 3337 4541">
    <p class='ocr_par' dir='ltr' id='par_1_90' title="bbox 1748 4470 3337 4541">
     <span class='ocr_line' id='line_1_90' title="bbox 1748 4470 3337 4541; baseline 0.001 -16"><span class='ocrx_word' id='word_1_708' title='bbox 1748 4470 2097 4535; x_wconf 88' lang='lat' dir='ltr'><strong>anticipavit,</strong></span> <span class='ocrx_word' id='word_1_709' title='bbox 2158 4473 2251 4523; x_wconf 89' lang='lat' dir='ltr'><strong>sed</strong></span> <span class='ocrx_word' id='word_1_710' title='bbox 2305 4485 2375 4524; x_wconf 89' lang='lat' dir='ltr'><strong>ne</strong></span> <span class='ocrx_word' id='word_1_711' title='bbox 2429 4471 2554 4539; x_wconf 89' lang='lat' dir='ltr'><strong>quis</strong></span> <span class='ocrx_word' id='word_1_712' title='bbox 2601 4472 2726 4525; x_wconf 90' lang='lat' dir='ltr'><strong>hinc</strong></span> <span class='ocrx_word' id='word_1_713' title='bbox 2774 4472 3106 4541; x_wconf 86' lang='lat' dir='ltr'><strong>opinaretur</strong></span> <span class='ocrx_word' id='word_1_714' title='bbox 3157 4472 3337 4527; x_wconf 89' lang='lat' dir='ltr'><strong>ideam</strong></span> 
     </span>
    </p>
   </div>
   <div class='ocr_carea' id='block_1_91' title="bbox 1746 4564 3335 4634">
    <p class='ocr_par' dir='ltr' id='par_1_91' title="bbox 1746 4564 3335 4634">
     <span class='ocr_line' id='line_1_91' title="bbox 1746 4564 3335 4634; baseline 0.001 -17"><span class='ocrx_word' id='word_1_715' title='bbox 1746 4565 2039 4634; x_wconf 89' lang='lat' dir='ltr'><strong>quamdam</strong></span> <span class='ocrx_word' id='word_1_716' title='bbox 2080 4573 2208 4618; x_wconf 87' lang='lat' dir='ltr'><strong>ante</strong></span> <span class='ocrx_word' id='word_1_717' title='bbox 2260 4565 2452 4630; x_wconf 86' lang='lat' dir='ltr'><strong>multa,</strong></span> <span class='ocrx_word' id='word_1_718' title='bbox 2510 4566 2658 4634; x_wconf 79' lang='lat' dir='ltr'><strong>addit</strong></span> <span class='ocrx_word' id='word_1_719' title='bbox 2708 4564 3136 4633; x_wconf 84' lang='lat' dir='ltr'><strong>comprehendit,</strong></span> <span class='ocrx_word' id='word_1_720' title='bbox 3187 4567 3335 4633; x_wconf 83' lang='lat' dir='ltr'><strong>quod</strong></span> 
     </span>
    </p>
   </div>
   <div class='ocr_carea' id='block_1_92' title="bbox 1747 4645 3336 4731">
    <p class='ocr_par' dir='ltr' id='par_1_92' title="bbox 1747 4645 3336 4731">
     <span class='ocr_line' id='line_1_92' title="bbox 1747 4645 3336 4731; baseline 0.001 -20"><span class='ocrx_word' id='word_1_721' title='bbox 1747 4659 2151 4731; x_wconf 85' lang='lat' dir='ltr'><strong>quodammodo</strong></span> <span class='ocrx_word' id='word_1_722' title='bbox 2182 4660 2313 4713; x_wconf 88' lang='lat' dir='ltr'><strong>illud</strong></span> <span class='ocrx_word' id='word_1_723' title='bbox 2345 4645 2513 4713; x_wconf 85' lang='lat' dir='ltr'><strong>unum</strong></span> <span class='ocrx_word' id='word_1_724' title='bbox 2547 4676 2659 4714; x_wconf 92' lang='lat' dir='ltr'><strong>non</strong></span> <span class='ocrx_word' id='word_1_725' title='bbox 2699 4660 2999 4713; x_wconf 85' lang='lat' dir='ltr'><strong>secundum</strong></span> <span class='ocrx_word' id='word_1_726' title='bbox 3031 4674 3110 4725; x_wconf 90' lang='lat' dir='ltr'><strong>se,</strong></span> <span class='ocrx_word' id='word_1_727' title='bbox 3155 4660 3250 4711; x_wconf 83' lang='lat' dir='ltr'><strong>sed</strong></span> <span class='ocrx_word' id='word_1_728' title='bbox 3280 4659 3336 4713; x_wconf 87' lang='lat' dir='ltr'><strong>in</strong></span> 
     </span>
    </p>
   </div>
   <div class='ocr_carea' id='block_1_93' title="bbox 48 4751 1638 4832">
    <p class='ocr_par' dir='ltr' id='par_1_93' title="bbox 48 4763 1638 4832">
     <span class='ocr_line' id='line_1_93' title="bbox 48 4763 1638 4832; baseline 0.003 -19"><span class='ocrx_word' id='word_1_729' title='bbox 48 4765 137 4813; x_wconf 65' lang='grc' dir='ltr'><strong>καί</strong></span> <span class='ocrx_word' id='word_1_730' title='bbox 168 4764 233 4815; x_wconf 81' lang='grc' dir='ltr'><strong>ὲκ</strong></span> <span class='ocrx_word' id='word_1_731' title='bbox 266 4763 487 4814; x_wconf 82' lang='grc' dir='ltr'>πάντων</span> <span class='ocrx_word' id='word_1_732' title='bbox 515 4763 836 4832; x_wconf 77' lang='grc' dir='ltr'>ὀνομάζεται</span> <span class='ocrx_word' id='word_1_733' title='bbox 866 4765 941 4827; x_wconf 82' lang='grc' dir='ltr'>ὡς</span> <span class='ocrx_word' id='word_1_734' title='bbox 963 4766 1136 4827; x_wconf 79' lang='grc' dir='ltr'>αἴτιος</span> <span class='ocrx_word' id='word_1_735' title='bbox 1156 4766 1220 4816; x_wconf 82' lang='grc' dir='ltr'><strong>ὲκ</strong></span> <span class='ocrx_word' id='word_1_736' title='bbox 1236 4765 1343 4818; x_wconf 81' lang='grc' dir='ltr'><strong>τῶν</strong></span> <span class='ocrx_word' id='word_1_737' title='bbox 1362 4766 1638 4829; x_wconf 85' lang='grc' dir='ltr'>αἱτιατῶν,</span> 
     </span>
    </p>
   </div>
   <div class='ocr_carea' id='block_1_94' title="bbox 1819 4751 3337 4832">
    <p class='ocr_par' dir='ltr' id='par_1_94' title="bbox 1819 4751 3337 4822">
     <span class='ocr_line' id='line_1_94' title="bbox 1819 4751 3337 4822; baseline 0 -17"><span class='ocrx_word' id='word_1_738' title='bbox 1819 4751 1938 4806; x_wconf 72' lang='lat' dir='ltr'><strong>Jltis</strong></span> <span class='ocrx_word' id='word_1_739' title='bbox 1973 4752 2081 4805; x_wconf 86' lang='lat' dir='ltr'><strong>illis</strong></span> <span class='ocrx_word' id='word_1_740' title='bbox 2133 4753 2500 4822; x_wconf 86' lang='lat' dir='ltr'><strong>concipiatur.</strong></span> <span class='ocrx_word' id='word_1_741' title='bbox 2537 4753 2671 4805; x_wconf 84' lang='lat' dir='ltr'><strong>Cum</strong></span> <span class='ocrx_word' id='word_1_742' title='bbox 2711 4755 2896 4819; x_wconf 87' lang='lat' dir='ltr'><strong>itaque</strong></span> <span class='ocrx_word' id='word_1_743' title='bbox 2931 4768 3097 4805; x_wconf 88' lang='lat' dir='ltr'><strong>unum</strong></span> <span class='ocrx_word' id='word_1_744' title='bbox 3153 4751 3337 4805; x_wconf 84' lang='lat' dir='ltr'><strong>omnia</strong></span> 
     </span>
    </p>
   </div>
   <div class='ocr_carea' id='block_1_95' title="bbox 47 4855 1641 4929">
    <p class='ocr_par' dir='ltr' id='par_1_95' title="bbox 47 4855 1641 4929">
     <span class='ocr_line' id='line_1_95' title="bbox 47 4855 1641 4929; baseline 0.003 -24"><span class='ocrx_word' id='word_1_745' title='bbox 47 4856 269 4917; x_wconf 79' lang='grc' dir='ltr'>εἰκότως</span> <span class='ocrx_word' id='word_1_746' title='bbox 302 4856 398 4907; x_wconf 85' lang='grc' dir='ltr'><strong>καί</strong></span> <span class='ocrx_word' id='word_1_747' title='bbox 429 4858 494 4925; x_wconf 78' lang='grc' dir='ltr'>τῇ</span> <span class='ocrx_word' id='word_1_748' title='bbox 526 4855 619 4907; x_wconf 79' lang='grc' dir='ltr'>τοῦ</span> <span class='ocrx_word' id='word_1_749' title='bbox 655 4856 769 4919; x_wconf 79' lang='grc' dir='ltr'>ἐνὸς</span> <span class='ocrx_word' id='word_1_750' title='bbox 792 4858 1085 4928; x_wconf 79' lang='grc' dir='ltr'>,ἐπωνυμίᾳ</span> <span class='ocrx_word' id='word_1_751' title='bbox 1113 4858 1384 4926; x_wconf 79' lang='grc' dir='ltr'>ὑμνεῖται,</span> <span class='ocrx_word' id='word_1_752' title='bbox 1410 4858 1438 4909; x_wconf 87' lang='grc' dir='ltr'><strong>ὂ</strong></span> <span class='ocrx_word' id='word_1_753' title='bbox 1461 4857 1524 4929; x_wconf 80' lang='grc' dir='ltr'>δὴ</span> <span class='ocrx_word' id='word_1_754' title='bbox 1547 4858 1641 4911; x_wconf 80' lang='grc' dir='ltr'>καὶ</span> 
     </span>
    </p>
   </div>
   <div class='ocr_carea' id='block_1_96' title="bbox 47 4948 1643 5019">
    <p class='ocr_par' dir='ltr' id='par_1_96' title="bbox 47 4948 1643 5019">
     <span class='ocr_line' id='line_1_96' title="bbox 47 4948 1643 5019; baseline 0.002 -22"><span class='ocrx_word' id='word_1_755' title='bbox 47 4948 108 4999; x_wconf 82' lang='grc' dir='ltr'>ἐκ</span> <span class='ocrx_word' id='word_1_756' title='bbox 151 4948 247 5000; x_wconf 75' lang='grc' dir='ltr'>τοῦ</span> <span class='ocrx_word' id='word_1_757' title='bbox 296 4948 660 5002; x_wconf 73' lang='grc' dir='ltr'>ἀποστολικοῦ</span> <span class='ocrx_word' id='word_1_758' title='bbox 703 4950 866 5019; x_wconf 75' lang='grc' dir='ltr'>ῥητοῦ</span> <span class='ocrx_word' id='word_1_759' title='bbox 902 4950 1237 5019; x_wconf 69' lang='grc' dir='ltr'>παρίστησι,</span> <span class='ocrx_word' id='word_1_760' title='bbox 1285 4950 1503 5013; x_wconf 86' lang='grc' dir='ltr'>πάντως</span> <span class='ocrx_word' id='word_1_761' title='bbox 1555 4948 1643 5001; x_wconf 76' lang='grc' dir='ltr'>διὰ</span> 
     </span>
    </p>
   </div>
   <div class='ocr_carea' id='block_1_97' title="bbox 48 5037 1644 5113">
    <p class='ocr_par' dir='ltr' id='par_1_97' title="bbox 48 5037 1644 5113">
     <span class='ocr_line' id='line_1_97' title="bbox 48 5037 1644 5113; baseline 0.023 -43"><span class='ocrx_word' id='word_1_762' title='bbox 48 5039 145 5108; x_wconf 54' lang='grc' dir='ltr'><strong>τὴν</strong></span> <span class='ocrx_word' id='word_1_763' title='bbox 177 5040 447 5110; x_wconf 72' lang='grc' dir='ltr'>ἀμέρειαν</span> <span class='ocrx_word' id='word_1_764' title='bbox 472 5039 571 5108; x_wconf 81' lang='grc' dir='ltr'><strong>τῆς</strong></span> <span class='ocrx_word' id='word_1_765' title='bbox 596 5037 865 5111; x_wconf 63' lang='grc' dir='ltr'>ἐνέτητος,</span> <span class='ocrx_word' id='word_1_766' title='bbox 891 5043 971 5094; x_wconf 79' lang='grc' dir='ltr'>ὅτι</span> <span class='ocrx_word' id='word_1_767' title='bbox 1001 5043 1095 5095; x_wconf 79' lang='grc' dir='ltr'><strong>καὶ</strong></span> <span class='ocrx_word' id='word_1_768' title='bbox 1124 5042 1184 5093; x_wconf 80' lang='grc' dir='ltr'>τὸ</span> <span class='ocrx_word' id='word_1_769' title='bbox 1207 5041 1265 5093; x_wconf 83' lang='grc' dir='ltr'>ἒν</span> <span class='ocrx_word' id='word_1_770' title='bbox 1298 5043 1523 5113; x_wconf 78' lang='grc' dir='ltr'>ἀμερὲς,</span> <span class='ocrx_word' id='word_1_771' title='bbox 1549 5041 1644 5094; x_wconf 67' lang='grc' dir='ltr'><strong>καὶ</strong></span> 
     </span>
    </p>
   </div>
   <div class='ocr_carea' id='block_1_98' title="bbox 49 5131 1646 5203">
    <p class='ocr_par' dir='ltr' id='par_1_98' title="bbox 49 5131 1646 5203">
     <span class='ocr_line' id='line_1_98' title="bbox 49 5131 1646 5203; baseline -0.001 -17"><span class='ocrx_word' id='word_1_772' title='bbox 49 5133 223 5186; x_wconf 71' lang='grc' dir='ltr'>πάντα</span> <span class='ocrx_word' id='word_1_773' title='bbox 256 5134 315 5184; x_wconf 80' lang='grc' dir='ltr'><strong>ὲν</strong></span> <span class='ocrx_word' id='word_1_774' title='bbox 341 5131 420 5199; x_wconf 82' lang='grc' dir='ltr'><strong>τῷ</strong></span> <span class='ocrx_word' id='word_1_775' title='bbox 446 5131 565 5201; x_wconf 81' lang='grc' dir='ltr'><strong>Θεῷ</strong></span> <span class='ocrx_word' id='word_1_776' title='bbox 610 5133 955 5203; x_wconf 84' lang='grc' dir='ltr'>περιέχονται</span> <span class='ocrx_word' id='word_1_777' title='bbox 997 5134 1139 5187; x_wconf 88' lang='grc' dir='ltr'><strong>κατά</strong></span> <span class='ocrx_word' id='word_1_778' title='bbox 1165 5133 1263 5203; x_wconf 81' lang='grc' dir='ltr'>τὴν</span> <span class='ocrx_word' id='word_1_779' title='bbox 1294 5135 1387 5187; x_wconf 74' lang='grc' dir='ltr'>τοῦ</span> <span class='ocrx_word' id='word_1_780' title='bbox 1420 5135 1537 5197; x_wconf 83' lang='grc' dir='ltr'>ἐνὸς</span> <span class='ocrx_word' id='word_1_781' title='bbox 1570 5136 1646 5185; x_wconf 84' lang='grc' dir='ltr'><strong>εἱ-</strong></span> 
     </span>
    </p>
   </div>
   <div class='ocr_carea' id='block_1_99' title="bbox 50 5226 1645 5299">
    <p class='ocr_par' dir='ltr' id='par_1_99' title="bbox 50 5226 1645 5299">
     <span class='ocr_line' id='line_1_99' title="bbox 50 5226 1645 5299; baseline 0.002 -24"><span class='ocrx_word' id='word_1_782' title='bbox 50 5226 209 5276; x_wconf 70' lang='grc' dir='ltr'>κόναο</span> <span class='ocrx_word' id='word_1_783' title='bbox 247 5227 332 5278; x_wconf 78' lang='grc' dir='ltr'><strong>ὅτι</strong></span> <span class='ocrx_word' id='word_1_784' title='bbox 367 5226 547 5277; x_wconf 84' lang='grc' dir='ltr'>πάντα</span> <span class='ocrx_word' id='word_1_785' title='bbox 579 5227 673 5278; x_wconf 74' lang='grc' dir='ltr'><strong>καὶ</strong></span> <span class='ocrx_word' id='word_1_786' title='bbox 711 5228 767 5278; x_wconf 83' lang='grc' dir='ltr'><strong>ἐν</strong></span> <span class='ocrx_word' id='word_1_787' title='bbox 788 5228 936 5296; x_wconf 73' lang='grc' dir='ltr'>αὐτῷ</span> <span class='ocrx_word' id='word_1_788' title='bbox 971 5228 1338 5299; x_wconf 88' lang='grc' dir='ltr'>περιέχονται,</span> <span class='ocrx_word' id='word_1_789' title='bbox 1372 5226 1510 5297; x_wconf 84' lang='grc' dir='ltr'>πλὴν</span> <span class='ocrx_word' id='word_1_790' title='bbox 1555 5228 1645 5278; x_wconf 83' lang='grc' dir='ltr'>ἐν-</span> 
     </span>
    </p>
   </div>
   <div class='ocr_carea' id='block_1_100' title="bbox 48 5317 1642 5390">
    <p class='ocr_par' dir='ltr' id='par_1_100' title="bbox 48 5317 1642 5390">
     <span class='ocr_line' id='line_1_100' title="bbox 48 5317 1642 5390; baseline 0.003 -24"><span class='ocrx_word' id='word_1_791' title='bbox 48 5317 217 5369; x_wconf 75' lang='grc' dir='ltr'>ταῦθα</span> <span class='ocrx_word' id='word_1_792' title='bbox 244 5318 344 5388; x_wconf 78' lang='grc' dir='ltr'><strong>μὲν</strong></span> <span class='ocrx_word' id='word_1_793' title='bbox 372 5317 448 5379; x_wconf 79' lang='grc' dir='ltr'>ὡς</span> <span class='ocrx_word' id='word_1_794' title='bbox 478 5319 535 5369; x_wconf 86' lang='grc' dir='ltr'><strong>ἐν</strong></span> <span class='ocrx_word' id='word_1_795' title='bbox 565 5319 812 5390; x_wconf 82' lang='grc' dir='ltr'>στοιχείῳ</span> <span class='ocrx_word' id='word_1_796' title='bbox 837 5321 930 5372; x_wconf 77' lang='grc' dir='ltr'><strong>καὶ</strong></span> <span class='ocrx_word' id='word_1_797' title='bbox 959 5321 1119 5389; x_wconf 76' lang='grc' dir='ltr'>φύσει</span> <span class='ocrx_word' id='word_1_798' title='bbox 1140 5359 1153 5383; x_wconf 92' lang='grc'><strong>,</strong></span> <span class='ocrx_word' id='word_1_799' title='bbox 1186 5321 1278 5373; x_wconf 75' lang='grc' dir='ltr'>ἐπὶ</span> <span class='ocrx_word' id='word_1_800' title='bbox 1319 5320 1374 5371; x_wconf 82' lang='grc' dir='ltr'><strong>δὲ</strong></span> <span class='ocrx_word' id='word_1_801' title='bbox 1402 5318 1536 5372; x_wconf 75' lang='grc' dir='ltr'>Θεοῦ</span> <span class='ocrx_word' id='word_1_802' title='bbox 1565 5319 1642 5382; x_wconf 80' lang='grc' dir='ltr'>ὡς</span> 
     </span>
    </p>
   </div>
   <div class='ocr_carea' id='block_1_101' title="bbox 51 5408 1639 5483">
    <p class='ocr_par' dir='ltr' id='par_1_101' title="bbox 51 5408 1639 5483">
     <span class='ocr_line' id='line_1_101' title="bbox 51 5408 1639 5483; baseline 0.004 -24"><span class='ocrx_word' id='word_1_803' title='bbox 51 5408 104 5459; x_wconf 77' lang='grc' dir='ltr'>ἐν</span> <span class='ocrx_word' id='word_1_804' title='bbox 148 5410 308 5478; x_wconf 81' lang='grc' dir='ltr'>αἰτίῳ</span> <span class='ocrx_word' id='word_1_805' title='bbox 351 5409 621 5479; x_wconf 84' lang='grc' dir='ltr'>ποιητικῷ</span> <span class='ocrx_word' id='word_1_806' title='bbox 654 5412 748 5462; x_wconf 76' lang='grc' dir='ltr'><strong>καὶ</strong></span> <span class='ocrx_word' id='word_1_807' title='bbox 788 5413 1151 5481; x_wconf 81' lang='grc' dir='ltr'>ὑπεροχικῶς.</span> <span class='ocrx_word' id='word_1_808' title='bbox 1195 5412 1287 5483; x_wconf 80' lang='grc' dir='ltr'><strong>Τῷ</strong></span> <span class='ocrx_word' id='word_1_809' title='bbox 1322 5411 1379 5464; x_wconf 84' lang='grc' dir='ltr'><strong>δὲ</strong></span> <span class='ocrx_word' id='word_1_810' title='bbox 1429 5412 1530 5480; x_wconf 60' lang='grc' dir='ltr'><strong>ὑφ’</strong></span> <span class='ocrx_word' id='word_1_811' title='bbox 1563 5410 1639 5477; x_wconf 82' lang='grc' dir='ltr'>ἧς</span> 
     </span>
    </p>
   </div>
   <div class='ocr_carea' id='block_1_102' title="bbox 51 5500 1641 5576">
    <p class='ocr_par' dir='ltr' id='par_1_102' title="bbox 51 5500 1641 5576">
     <span class='ocr_line' id='line_1_102' title="bbox 51 5500 1641 5576; baseline 0.004 -25"><span class='ocrx_word' id='word_1_812' title='bbox 51 5501 139 5551; x_wconf 70' lang='grc' dir='ltr'>καὶ</span> <span class='ocrx_word' id='word_1_813' title='bbox 163 5502 233 5565; x_wconf 79' lang='grc' dir='ltr'><strong>ἐξ</strong></span> <span class='ocrx_word' id='word_1_814' title='bbox 280 5500 359 5567; x_wconf 82' lang='grc' dir='ltr'>ἧς</span> <span class='ocrx_word' id='word_1_815' title='bbox 388 5502 449 5553; x_wconf 82' lang='grc' dir='ltr'><strong>τὸ</strong></span> <span class='ocrx_word' id='word_1_816' title='bbox 477 5502 608 5555; x_wconf 81' lang='grc' dir='ltr'>ἔστι</span> <span class='ocrx_word' id='word_1_817' title='bbox 649 5503 743 5554; x_wconf 74' lang='grc' dir='ltr'><strong>καὶ</strong></span> <span class='ocrx_word' id='word_1_818' title='bbox 788 5503 849 5555; x_wconf 84' lang='grc' dir='ltr'><strong>τὸ</strong></span> <span class='ocrx_word' id='word_1_819' title='bbox 890 5506 1289 5559; x_wconf 76' lang='grc' dir='ltr'>συντέτακται</span> <span class='ocrx_word' id='word_1_820' title='bbox 1322 5503 1641 5576; x_wconf 88' lang='grc' dir='ltr'>ἁρμοστέον·</span> 
     </span>
    </p>
   </div>
   <div class='ocr_carea' id='block_1_103' title="bbox 51 5593 1640 5665">
    <p class='ocr_par' dir='ltr' id='par_1_103' title="bbox 51 5593 1640 5665">
     <span class='ocr_line' id='line_1_103' title="bbox 51 5593 1640 5665; baseline 0.002 -21"><span class='ocrx_word' id='word_1_821' title='bbox 51 5594 245 5663; x_wconf 77' lang='grc' dir='ltr'>καὶτῷ</span> <span class='ocrx_word' id='word_1_822' title='bbox 283 5594 359 5647; x_wconf 79' lang='grc' dir='ltr'>δι’</span> <span class='ocrx_word' id='word_1_823' title='bbox 402 5593 478 5661; x_wconf 81' lang='grc' dir='ltr'>ἧς</span> <span class='ocrx_word' id='word_1_824' title='bbox 514 5596 608 5647; x_wconf 78' lang='grc' dir='ltr'><strong>καὶ</strong></span> <span class='ocrx_word' id='word_1_825' title='bbox 653 5596 723 5648; x_wconf 76' lang='grc' dir='ltr'>ἐν</span> <span class='ocrx_word' id='word_1_826' title='bbox 764 5595 802 5662; x_wconf 71' lang='grc' dir='ltr'>ᾖ</span> <span class='ocrx_word' id='word_1_827' title='bbox 841 5596 902 5647; x_wconf 81' lang='grc' dir='ltr'>τὸ</span> <span class='ocrx_word' id='word_1_828' title='bbox 934 5597 1104 5664; x_wconf 75' lang='grc' dir='ltr'>μένει</span> <span class='ocrx_word' id='word_1_829' title='bbox 1166 5599 1260 5650; x_wconf 79' lang='grc' dir='ltr'><strong>καί</strong></span> <span class='ocrx_word' id='word_1_830' title='bbox 1303 5594 1640 5665; x_wconf 72' lang='grc' dir='ltr'>συνέχεται·</span> 
     </span>
    </p>
   </div>
   <div class='ocr_carea' id='block_1_104' title="bbox 53 5686 1643 5757">
    <p class='ocr_par' dir='ltr' id='par_1_104' title="bbox 53 5686 1643 5757">
     <span class='ocr_line' id='line_1_104' title="bbox 53 5686 1643 5757; baseline 0.006 -24"><span class='ocrx_word' id='word_1_831' title='bbox 53 5686 138 5735; x_wconf 74' lang='grc' dir='ltr'><strong>καὶ</strong></span> <span class='ocrx_word' id='word_1_832' title='bbox 167 5686 245 5757; x_wconf 83' lang='grc' dir='ltr'><strong>τῷ</strong></span> <span class='ocrx_word' id='word_1_833' title='bbox 270 5690 360 5753; x_wconf 74' lang='grc' dir='ltr'>εἰς</span> <span class='ocrx_word' id='word_1_834' title='bbox 396 5686 479 5753; x_wconf 79' lang='grc' dir='ltr'><strong>ἣν</strong></span> <span class='ocrx_word' id='word_1_835' title='bbox 522 5687 582 5738; x_wconf 82' lang='grc' dir='ltr'><strong>τὸ</strong></span> <span class='ocrx_word' id='word_1_836' title='bbox 609 5688 1062 5755; x_wconf 77' lang='grc' dir='ltr'>ἀποπληροῦται</span> <span class='ocrx_word' id='word_1_837' title='bbox 1093 5690 1187 5741; x_wconf 69' lang='grc' dir='ltr'><strong>καὶ</strong></span> <span class='ocrx_word' id='word_1_838' title='bbox 1225 5688 1643 5757; x_wconf 55' lang='grc' dir='ltr'>ἐπιστρέφεται</span> 
     </span>
    </p>
   </div>
   <div class='ocr_carea' id='block_1_105' title="bbox 52 5776 1638 5855">
    <p class='ocr_par' dir='ltr' id='par_1_105' title="bbox 52 5776 1638 5855">
     <span class='ocr_line' id='line_1_105' title="bbox 52 5776 1638 5855; baseline -0.001 -21"><span class='ocrx_word' id='word_1_839' title='bbox 52 5776 354 5843; x_wconf 78' lang='grc' dir='ltr'>ἀποδοτέον,</span> <span class='ocrx_word' id='word_1_840' title='bbox 382 5782 431 5833; x_wconf 87' lang='grc' dir='ltr'>εἰ</span> <span class='ocrx_word' id='word_1_841' title='bbox 472 5780 565 5833; x_wconf 74' lang='grc' dir='ltr'><strong>καὶ</strong></span> <span class='ocrx_word' id='word_1_842' title='bbox 605 5783 632 5833; x_wconf 89' lang='grc' dir='ltr'>ὁ</span> <span class='ocrx_word' id='word_1_843' title='bbox 672 5780 854 5851; x_wconf 84' lang='grc' dir='ltr'>πατὴρ</span> <span class='ocrx_word' id='word_1_844' title='bbox 897 5781 986 5849; x_wconf 78' lang='grc' dir='ltr'><strong>ὑφ’</strong></span> <span class='ocrx_word' id='word_1_845' title='bbox 1014 5782 1073 5836; x_wconf 80' lang='grc' dir='ltr'>ἓν</span> <span class='ocrx_word' id='word_1_846' title='bbox 1098 5782 1165 5834; x_wconf 76' lang='grc' dir='ltr'><strong>τά</strong></span> <span class='ocrx_word' id='word_1_847' title='bbox 1199 5786 1421 5855; x_wconf 75' lang='grc' dir='ltr'>ῥήματα</span> <span class='ocrx_word' id='word_1_848' title='bbox 1461 5781 1638 5845; x_wconf 76' lang='grc' dir='ltr'>ἔταξε.</span> 
     </span>
    </p>
   </div>
   <div class='ocr_carea' id='block_1_106' title="bbox 54 5867 1640 5945">
    <p class='ocr_par' dir='ltr' id='par_1_106' title="bbox 54 5867 1640 5945">
     <span class='ocr_line' id='line_1_106' title="bbox 54 5867 1640 5945; baseline 0.003 -24"><span class='ocrx_word' id='word_1_849' title='bbox 54 5867 154 5922; x_wconf 70' lang='grc' dir='ltr'>Καὶ</span> <span class='ocrx_word' id='word_1_850' title='bbox 178 5873 276 5925; x_wconf 73' lang='grc' dir='ltr'>οὐκ</span> <span class='ocrx_word' id='word_1_851' title='bbox 309 5872 373 5926; x_wconf 74' lang='grc' dir='ltr'>ἂν</span> <span class='ocrx_word' id='word_1_852' title='bbox 404 5871 583 5941; x_wconf 69' lang='grc' dir='ltr'>εὕροις</span> <span class='ocrx_word' id='word_1_853' title='bbox 614 5889 664 5925; x_wconf 85' lang='grc' dir='ltr'><strong>τι</strong></span> <span class='ocrx_word' id='word_1_854' title='bbox 696 5874 800 5926; x_wconf 77' lang='grc' dir='ltr'>τῶν</span> <span class='ocrx_word' id='word_1_855' title='bbox 841 5872 1031 5943; x_wconf 73' lang='grc' dir='ltr'>ὄντων,</span> <span class='ocrx_word' id='word_1_856' title='bbox 1058 5876 1085 5926; x_wconf 76' lang='grc' dir='ltr'><strong>ὃ</strong></span> <span class='ocrx_word' id='word_1_857' title='bbox 1117 5874 1189 5943; x_wconf 80' lang='grc' dir='ltr'>μὴ</span> <span class='ocrx_word' id='word_1_858' title='bbox 1224 5876 1280 5929; x_wconf 81' lang='grc' dir='ltr'><strong>ὲν</strong></span> <span class='ocrx_word' id='word_1_859' title='bbox 1311 5876 1387 5945; x_wconf 78' lang='grc' dir='ltr'><strong>τῷ</strong></span> <span class='ocrx_word' id='word_1_860' title='bbox 1415 5877 1513 5937; x_wconf 70' lang='grc' dir='ltr'>ἐνὶ,</span> <span class='ocrx_word' id='word_1_861' title='bbox 1548 5874 1640 5927; x_wconf 73' lang='grc' dir='ltr'><strong>καὶ</strong></span> 
     </span>
    </p>
   </div>
   <div class='ocr_carea' id='block_1_107' title="bbox 1746 4842 3335 4913">
    <p class='ocr_par' dir='ltr' id='par_1_107' title="bbox 1746 4842 3335 4913">
     <span class='ocr_line' id='line_1_107' title="bbox 1746 4842 3335 4913; baseline -0.003 -12"><span class='ocrx_word' id='word_1_862' title='bbox 1746 4842 2164 4913; x_wconf 76' lang='lat' dir='ltr'><strong>complectatur,</strong></span> <span class='ocrx_word' id='word_1_863' title='bbox 2201 4846 2445 4898; x_wconf 88' lang='lat' dir='ltr'><strong>omnium</strong></span> <span class='ocrx_word' id='word_1_864' title='bbox 2481 4858 2614 4897; x_wconf 90' lang='lat' dir='ltr'><strong>vero</strong></span> <span class='ocrx_word' id='word_1_865' title='bbox 2631 4856 2849 4898; x_wconf 86' lang='lat' dir='ltr'><strong>creator</strong></span> <span class='ocrx_word' id='word_1_866' title='bbox 2874 4846 2947 4897; x_wconf 89' lang='lat' dir='ltr'><strong>sit</strong></span> <span class='ocrx_word' id='word_1_867' title='bbox 2982 4844 3146 4907; x_wconf 84' lang='lat' dir='ltr'><strong>Deus,</strong></span> <span class='ocrx_word' id='word_1_868' title='bbox 3182 4852 3238 4896; x_wconf 90' lang='lat' dir='ltr'><strong>et</strong></span> <span class='ocrx_word' id='word_1_869' title='bbox 3264 4859 3335 4897; x_wconf 76' lang='lat' dir='ltr'><strong>ex</strong></span> 
     </span>
    </p>
   </div>
   <div class='ocr_carea' id='block_1_108' title="bbox 1746 4936 3333 5001">
    <p class='ocr_par' dir='ltr' id='par_1_108' title="bbox 1746 4936 3333 5001">
     <span class='ocr_line' id='line_1_108' title="bbox 1746 4936 3333 5001; baseline -0.003 -6"><span class='ocrx_word' id='word_1_870' title='bbox 1746 4938 2003 4995; x_wconf 90' lang='lat' dir='ltr'><strong>omnibus</strong></span> <span class='ocrx_word' id='word_1_871' title='bbox 2034 4936 2248 4991; x_wconf 75' lang='lat' dir='ltr'><strong>ellectis</strong></span> <span class='ocrx_word' id='word_1_872' title='bbox 2285 4946 2343 4990; x_wconf 90' lang='lat' dir='ltr'><strong>ut</strong></span> <span class='ocrx_word' id='word_1_873' title='bbox 2374 4951 2542 4991; x_wconf 83' lang='lat' dir='ltr'><strong>causa</strong></span> <span class='ocrx_word' id='word_1_874' title='bbox 2568 4938 2909 5001; x_wconf 88' lang='lat' dir='ltr'><strong>nominetur,</strong></span> <span class='ocrx_word' id='word_1_875' title='bbox 2946 4938 3146 4990; x_wconf 87' lang='lat' dir='ltr'><strong>merito</strong></span> <span class='ocrx_word' id='word_1_876' title='bbox 3164 4936 3333 4991; x_wconf 87' lang='lat' dir='ltr'><strong>etiatu</strong></span> 
     </span>
    </p>
   </div>
   <div class='ocr_carea' id='block_1_109' title="bbox 1748 5030 3337 5098">
    <p class='ocr_par' dir='ltr' id='par_1_109' title="bbox 1748 5030 3337 5098">
     <span class='ocr_line' id='line_1_109' title="bbox 1748 5030 3337 5098; baseline -0.002 -13"><span class='ocrx_word' id='word_1_877' title='bbox 1748 5033 1909 5085; x_wconf 90' lang='lat' dir='ltr'><strong>unius</strong></span> <span class='ocrx_word' id='word_1_878' title='bbox 1963 5031 2184 5083; x_wconf 89' lang='lat' dir='ltr'><strong>nomine</strong></span> <span class='ocrx_word' id='word_1_879' title='bbox 2237 5030 2569 5097; x_wconf 85' lang='lat' dir='ltr'><strong>celebratur,</strong></span> <span class='ocrx_word' id='word_1_880' title='bbox 2604 5030 2749 5097; x_wconf 91' lang='lat' dir='ltr'><strong>quod</strong></span> <span class='ocrx_word' id='word_1_881' title='bbox 2783 5034 2947 5085; x_wconf 87' lang='lat' dir='ltr'><strong>etiam</strong></span> <span class='ocrx_word' id='word_1_882' title='bbox 2992 5046 3060 5084; x_wconf 76' lang='lat' dir='ltr'><strong>ex</strong></span> <span class='ocrx_word' id='word_1_883' title='bbox 3114 5038 3337 5098; x_wconf 85' lang='lat' dir='ltr'><strong>aposto-</strong></span> 
     </span>
    </p>
   </div>
   <div class='ocr_carea' id='block_1_110' title="bbox 1749 5124 3338 5194">
    <p class='ocr_par' dir='ltr' id='par_1_110' title="bbox 1749 5124 3338 5194">
     <span class='ocr_line' id='line_1_110' title="bbox 1749 5124 3338 5194; baseline -0.003 -15"><span class='ocrx_word' id='word_1_884' title='bbox 1749 5127 1855 5180; x_wconf 90' lang='lat' dir='ltr'><strong>lico</strong></span> <span class='ocrx_word' id='word_1_885' title='bbox 1889 5126 2037 5179; x_wconf 88' lang='lat' dir='ltr'><strong>dicto</strong></span> <span class='ocrx_word' id='word_1_886' title='bbox 2070 5126 2288 5194; x_wconf 85' lang='lat' dir='ltr'><strong>probat,</strong></span> <span class='ocrx_word' id='word_1_887' title='bbox 2323 5126 2547 5179; x_wconf 91' lang='lat' dir='ltr'><strong>omnino</strong></span> <span class='ocrx_word' id='word_1_888' title='bbox 2569 5165 2584 5191; x_wconf 93' lang='lat'><strong>,</strong></span> <span class='ocrx_word' id='word_1_889' title='bbox 2621 5134 2843 5193; x_wconf 88' lang='lat' dir='ltr'><strong>propter</strong></span> <span class='ocrx_word' id='word_1_890' title='bbox 2877 5126 3102 5179; x_wconf 90' lang='lat' dir='ltr'><strong>unitatis</strong></span> <span class='ocrx_word' id='word_1_891' title='bbox 3136 5124 3338 5178; x_wconf 88' lang='lat' dir='ltr'><strong>indivi-</strong></span> 
     </span>
    </p>
   </div>
   <div class='ocr_carea' id='block_1_111' title="bbox 1749 5216 3337 5283">
    <p class='ocr_par' dir='ltr' id='par_1_111' title="bbox 1749 5216 3337 5283">
     <span class='ocr_line' id='line_1_111' title="bbox 1749 5216 3337 5283; baseline -0.002 -9"><span class='ocrx_word' id='word_1_892' title='bbox 1749 5219 2093 5283; x_wconf 87' lang='lat' dir='ltr'><strong>sibilitatem,</strong></span> <span class='ocrx_word' id='word_1_893' title='bbox 2130 5234 2294 5272; x_wconf 90' lang='lat' dir='ltr'><strong>unum</strong></span> <span class='ocrx_word' id='word_1_894' title='bbox 2330 5217 2494 5271; x_wconf 85' lang='lat' dir='ltr'><strong>etiam</strong></span> <span class='ocrx_word' id='word_1_895' title='bbox 2524 5217 2815 5270; x_wconf 84' lang='lat' dir='ltr'><strong>indivisum</strong></span> <span class='ocrx_word' id='word_1_896' title='bbox 2841 5226 2895 5271; x_wconf 82' lang='lat' dir='ltr'><strong>et</strong></span> <span class='ocrx_word' id='word_1_897' title='bbox 2928 5217 3112 5271; x_wconf 86' lang='lat' dir='ltr'><strong>omnia</strong></span> <span class='ocrx_word' id='word_1_898' title='bbox 3149 5218 3200 5270; x_wconf 92' lang='lat' dir='ltr'><strong>in</strong></span> <span class='ocrx_word' id='word_1_899' title='bbox 3225 5216 3337 5271; x_wconf 88' lang='lat' dir='ltr'><strong>Deo</strong></span> 
     </span>
    </p>
   </div>
   <div class='ocr_carea' id='block_1_112' title="bbox 1752 5309 3336 5377">
    <p class='ocr_par' dir='ltr' id='par_1_112' title="bbox 1752 5309 3336 5377">
     <span class='ocr_line' id='line_1_112' title="bbox 1752 5309 3336 5377; baseline -0.004 -10"><span class='ocrx_word' id='word_1_900' title='bbox 1752 5311 2026 5367; x_wconf 84' lang='lat' dir='ltr'><strong>contineri</strong></span> <span class='ocrx_word' id='word_1_901' title='bbox 2087 5314 2388 5364; x_wconf 84' lang='lat' dir='ltr'><strong>secundum</strong></span> <span class='ocrx_word' id='word_1_902' title='bbox 2451 5309 2744 5377; x_wconf 83' lang='lat' dir='ltr'><strong>imaginem</strong></span> <span class='ocrx_word' id='word_1_903' title='bbox 2813 5310 3012 5373; x_wconf 91' lang='lat' dir='ltr'><strong>unius;</strong></span> <span class='ocrx_word' id='word_1_904' title='bbox 3074 5310 3336 5376; x_wconf 88' lang='lat' dir='ltr'><strong>quoniam</strong></span> 
     </span>
    </p>
   </div>
   <div class='ocr_carea' id='block_1_113' title="bbox 1751 5402 3337 5472">
    <p class='ocr_par' dir='ltr' id='par_1_113' title="bbox 1751 5402 3337 5472">
     <span class='ocr_line' id='line_1_113' title="bbox 1751 5402 3337 5472; baseline -0.004 -13"><span class='ocrx_word' id='word_1_905' title='bbox 1751 5404 1935 5459; x_wconf 71' lang='lat' dir='ltr'><strong>omnia</strong></span> <span class='ocrx_word' id='word_1_906' title='bbox 2000 5404 2164 5458; x_wconf 88' lang='lat' dir='ltr'><strong>etiam</strong></span> <span class='ocrx_word' id='word_1_907' title='bbox 2215 5404 2269 5457; x_wconf 92' lang='lat' dir='ltr'><strong>iu</strong></span> <span class='ocrx_word' id='word_1_908' title='bbox 2337 5404 2456 5472; x_wconf 92' lang='lat' dir='ltr'><strong>ipso</strong></span> <span class='ocrx_word' id='word_1_909' title='bbox 2516 5402 2892 5467; x_wconf 88' lang='lat' dir='ltr'><strong>continentur,</strong></span> <span class='ocrx_word' id='word_1_910' title='bbox 2960 5411 3337 5456; x_wconf 89' lang='lat' dir='ltr'><strong>verumtamen</strong></span> 
     </span>
    </p>
   </div>
   <div class='ocr_carea' id='block_1_114' title="bbox 1755 5499 3338 5570">
    <p class='ocr_par' dir='ltr' id='par_1_114' title="bbox 1755 5499 3338 5570">
     <span class='ocr_line' id='line_1_114' title="bbox 1755 5499 3338 5570; baseline -0.004 -15"><span class='ocrx_word' id='word_1_911' title='bbox 1755 5511 2016 5570; x_wconf 85' lang='lat' dir='ltr'><strong>tanquam</strong></span> <span class='ocrx_word' id='word_1_912' title='bbox 2063 5500 2117 5554; x_wconf 89' lang='lat' dir='ltr'><strong>in</strong></span> <span class='ocrx_word' id='word_1_913' title='bbox 2150 5500 2420 5556; x_wconf 88' lang='lat' dir='ltr'><strong>elemento</strong></span> <span class='ocrx_word' id='word_1_914' title='bbox 2469 5510 2523 5555; x_wconf 92' lang='lat' dir='ltr'><strong>et</strong></span> <span class='ocrx_word' id='word_1_915' title='bbox 2558 5510 2782 5563; x_wconf 89' lang='lat' dir='ltr'><strong>natura,</strong></span> <span class='ocrx_word' id='word_1_916' title='bbox 2819 5500 2872 5551; x_wconf 89' lang='lat' dir='ltr'><strong>in</strong></span> <span class='ocrx_word' id='word_1_917' title='bbox 2898 5499 3022 5561; x_wconf 84' lang='lat' dir='ltr'><strong>Deo</strong></span> <span class='ocrx_word' id='word_1_918' title='bbox 3056 5510 3187 5549; x_wconf 90' lang='lat' dir='ltr'><strong>vero</strong></span> <span class='ocrx_word' id='word_1_919' title='bbox 3214 5505 3338 5548; x_wconf 87' lang='lat' dir='ltr'><strong>tau-</strong></span> 
     </span>
    </p>
   </div>
   <div class='ocr_carea' id='block_1_115' title="bbox 1751 5590 3335 5665">
    <p class='ocr_par' dir='ltr' id='par_1_115' title="bbox 1751 5590 3335 5665">
     <span class='ocr_line' id='line_1_115' title="bbox 1751 5590 3335 5665; baseline -0.004 -18"><span class='ocrx_word' id='word_1_920' title='bbox 1751 5608 1919 5665; x_wconf 86' lang='lat' dir='ltr'><strong>quam</strong></span> <span class='ocrx_word' id='word_1_921' title='bbox 1945 5608 2109 5647; x_wconf 85' lang='lat' dir='ltr'><strong>causa</strong></span> <span class='ocrx_word' id='word_1_922' title='bbox 2141 5593 2433 5661; x_wconf 83' lang='lat' dir='ltr'><strong>etliciente,</strong></span> <span class='ocrx_word' id='word_1_923' title='bbox 2467 5604 2522 5649; x_wconf 91' lang='lat' dir='ltr'><strong>et</strong></span> <span class='ocrx_word' id='word_1_924' title='bbox 2552 5594 2874 5648; x_wconf 86' lang='lat' dir='ltr'><strong>eminenter.</strong></span> <span class='ocrx_word' id='word_1_925' title='bbox 2909 5590 3122 5646; x_wconf 81' lang='lat' dir='ltr'><strong>Vocula:</strong></span> <span class='ocrx_word' id='word_1_926' title='bbox 3153 5600 3335 5642; x_wconf 81' lang='lat' dir='ltr'><strong>autem</strong></span> 
     </span>
    </p>
   </div>
   <div class='ocr_carea' id='block_1_116' title="bbox 1749 5686 3335 5757">
    <p class='ocr_par' dir='ltr' id='par_1_116' title="bbox 1749 5686 3335 5757">
     <span class='ocr_line' id='line_1_116' title="bbox 1749 5686 3335 5757; baseline -0.005 -14"><span class='ocrx_word' id='word_1_927' title='bbox 1749 5708 1783 5743; x_wconf 80' lang='grc' dir='ltr'><strong>α</strong></span> <span class='ocrx_word' id='word_1_928' title='bbox 1820 5703 1926 5756; x_wconf 88' lang='lat' dir='ltr'><strong>qua</strong></span> <span class='ocrx_word' id='word_1_929' title='bbox 1963 5696 2019 5741; x_wconf 89' lang='lat' dir='ltr'><strong>et</strong></span> <span class='ocrx_word' id='word_1_930' title='bbox 2051 5702 2116 5741; x_wconf 64' lang='lat' dir='ltr'><strong>ea:</strong></span> <span class='ocrx_word' id='word_1_931' title='bbox 2154 5703 2261 5757; x_wconf 87' lang='lat' dir='ltr'><strong>qua</strong></span> <span class='ocrx_word' id='word_1_932' title='bbox 2302 5686 2496 5744; x_wconf 80' lang='lat' dir='ltr'><strong>referri</strong></span> <span class='ocrx_word' id='word_1_933' title='bbox 2533 5686 2733 5740; x_wconf 84' lang='lat' dir='ltr'><strong>debent</strong></span> <span class='ocrx_word' id='word_1_934' title='bbox 2767 5686 2837 5738; x_wconf 89' lang='lat' dir='ltr'><strong>ad</strong></span> <span class='ocrx_word' id='word_1_935' title='bbox 2870 5696 2991 5739; x_wconf 73' lang='lat' dir='ltr'><strong>sunt</strong></span> <span class='ocrx_word' id='word_1_936' title='bbox 3029 5694 3086 5738; x_wconf 91' lang='lat' dir='ltr'><strong>et</strong></span> <span class='ocrx_word' id='word_1_937' title='bbox 3120 5699 3335 5752; x_wconf 82' lang='lat' dir='ltr'><strong>compo-</strong></span> 
     </span>
    </p>
   </div>
   <div class='ocr_carea' id='block_1_117' title="bbox 1750 5780 3335 5851">
    <p class='ocr_par' dir='ltr' id='par_1_117' title="bbox 1750 5780 3335 5851">
     <span class='ocr_line' id='line_1_117' title="bbox 1750 5780 3335 5851; baseline -0.003 -15"><span class='ocrx_word' id='word_1_938' title='bbox 1750 5789 1978 5851; x_wconf 80' lang='lat' dir='ltr'><strong>nuntur;</strong></span> <span class='ocrx_word' id='word_1_939' title='bbox 2002 5795 2095 5850; x_wconf 85' lang='lat' dir='ltr'><strong>per</strong></span> <span class='ocrx_word' id='word_1_940' title='bbox 2128 5797 2286 5850; x_wconf 83' lang='lat' dir='ltr'><strong>quant</strong></span> <span class='ocrx_word' id='word_1_941' title='bbox 2312 5798 2443 5837; x_wconf 90' lang='lat' dir='ltr'><strong>vero</strong></span> <span class='ocrx_word' id='word_1_942' title='bbox 2476 5791 2533 5838; x_wconf 91' lang='lat' dir='ltr'><strong>et</strong></span> <span class='ocrx_word' id='word_1_943' title='bbox 2564 5782 2618 5835; x_wconf 88' lang='lat' dir='ltr'><strong>in</strong></span> <span class='ocrx_word' id='word_1_944' title='bbox 2638 5798 2763 5850; x_wconf 88' lang='lat' dir='ltr'><strong>qua,</strong></span> <span class='ocrx_word' id='word_1_945' title='bbox 2790 5780 2857 5835; x_wconf 89' lang='lat' dir='ltr'><strong>ad</strong></span> <span class='ocrx_word' id='word_1_946' title='bbox 2893 5789 3104 5833; x_wconf 84' lang='lat' dir='ltr'><strong>manent</strong></span> <span class='ocrx_word' id='word_1_947' title='bbox 3127 5789 3183 5833; x_wconf 92' lang='lat' dir='ltr'><strong>et</strong></span> <span class='ocrx_word' id='word_1_948' title='bbox 3205 5794 3335 5831; x_wconf 85' lang='lat' dir='ltr'><strong>cou-</strong></span> 
     </span>
    </p>
   </div>
   <div class='ocr_carea' id='block_1_118' title="bbox 1747 5875 3310 5941">
    <p class='ocr_par' dir='ltr' id='par_1_118' title="bbox 1747 5875 3310 5941">
     <span class='ocr_line' id='line_1_118' title="bbox 1747 5875 3310 5941; baseline -0.001 -10"><span class='ocrx_word' id='word_1_949' title='bbox 1747 5877 2021 5941; x_wconf 71' lang='lat' dir='ltr'><strong>tiut’utur;</strong></span> <span class='ocrx_word' id='word_1_950' title='bbox 2052 5882 2104 5929; x_wconf 90' lang='lat' dir='ltr'><strong>ct</strong></span> <span class='ocrx_word' id='word_1_951' title='bbox 2134 5875 2202 5929; x_wconf 83' lang='lat' dir='ltr'><strong>ad</strong></span> <span class='ocrx_word' id='word_1_952' title='bbox 2227 5892 2386 5941; x_wconf 85' lang='lat' dir='ltr'><strong>quam</strong></span> <span class='ocrx_word' id='word_1_953' title='bbox 2410 5878 2476 5929; x_wconf 77' lang='lat' dir='ltr'><strong>ad</strong></span> <span class='ocrx_word' id='word_1_954' title='bbox 2509 5877 2833 5919; x_wconf 62' lang='lat' dir='ltr'><strong>rc&quot;&quot;“&quot;&quot;&quot;&quot;&#39;</strong></span> <span class='ocrx_word' id='word_1_955' title='bbox 2861 5883 2906 5910; x_wconf 61' lang='grc' dir='ltr'><strong>θ’</strong></span> <span class='ocrx_word' id='word_1_956' title='bbox 2943 5885 3310 5909; x_wconf 67' lang='lat'><strong>&quot;&quot;&quot;&quot;&quot;&quot;&quot;&quot;&quot;“</strong></span> 
     </span>
    </p>
   </div>
  </div>
