3742 6374
328 382 491 437 ⁴θθί

1534 373 1589 431 S.
1629 371 1930 430 DIONYSII
1965 368 2427 427 AREOPAGITA'Z
3574 362 3655 415 2³2

395 500 493 554 etsi
534 496 696 550 Pater
732 494 1051 565 singillatim
1087 503 1142 549 et
1164 493 1506 548 simulverba
1533 493 1841 549 collocarit.

2175 505 2191 539 t
2232 485 2391 538 τοῦτο
2428 484 2564 555 ὅπερ
2596 483 2761 545 ἐστὶν,
2797 482 2816 551 (
2836 480 2980 534 οὕτω
3017 478 3128 549 γὰρ
3173 474 3514 530 συντακτέον
3552 482 3646 529 κεῖ

395 603 501 658 que
533 588 832 657 quidquam
869 584 1131 654 reperies.
1165 584 1309 653 quod
1342 598 1449 637 non
1478 583 1532 636 in
1567 597 1677 636 uno
1699 582 1863 635 etiam
1902 581 1975 636 sit

394 662 446 736 id
477 679 624 748 quod
669 689 755 733 est
782 679 887 747 (sic
915 678 1059 732 enim
1100 691 1195 748 per
1223 676 1560 747 hyperbaton
1594 675 1837 729 construi
1871 676 1971 731 de-

394 772 505 837 bet)
541 780 597 826 et
643 770 996 841 perﬁciatur,
1045 778 1099 824 et
1148 776 1542 832 conservetur,
1602 767 1655 821 in
1708 776 1974 835 quantum

394 878 561 917 unum
586 869 643 915 et
674 860 932 915 divinitas
962 858 1518 930 superessentialiter,
1547 858 1690 912 sicut
1721 858 1886 913 etiam
1920 858 1973 911 in

394 955 518 1009 aliis
567 953 900 1008 nominatur.
936 951 1053 1006 Non
1096 952 1343 1007 absolute
1376 966 1506 1005 vero
1539 951 1684 1005 omni
1722 966 1853 1013 uno,
1888 965 1977 1005 se-

394 1045 628 1099 cumlum
651 1050 794 1114 quod
828 1043 973 1098 Deus
1010 1059 1148 1098 unus
1182 1053 1232 1098 et
1268 1059 1433 1098 unum
1472 1053 1847 1112 nuncupatur;
1875 1044 1976 1097 hoc

394 1134 538 1188 enim
572 1149 680 1191 uno
712 1133 831 1189 solo
868 1148 955 1187 res
981 1133 1274 1197 exsistunt,
1309 1142 1363 1186 et
1394 1141 1611 1203 Oportet
1662 1132 1828 1187 etiam
1880 1146 1977 1186 nos

395 1227 601 1281 idcirco
647 1241 678 1281 a
731 1226 960 1291 multis,
1015 1226 1181 1281 etiam
1214 1225 1405 1279 divisis
1438 1225 1863 1297 cognitionibus,
1910 1226 1975 1279 ad

395 1336 606 1385 unum,
648 1320 795 1389 quod
852 1320 1097 1373 omnium
1154 1333 1317 1372 causa
1368 1325 1475 1381 est,
1528 1318 1781 1373 converti
1831 1316 1976 1387 quod

395 1413 556 1466 etiam
606 1422 733 1467 ante
770 1426 933 1465 omne
966 1426 1130 1466 unum
1178 1420 1282 1476 est,
1332 1410 1542 1465 scilicet
1588 1423 1717 1466 ante
1760 1425 1976 1464 omnem

396 1516 673 1569 naturam,
727 1514 782 1558 et
825 1513 955 1557 ante
1010 1517 1231 1560 omnem
1286 1502 1714 1567 multitudinem,
1766 1501 1980 1557 scilicet

396 1606 614 1646 onmem
629 1592 946 1662 singillatim
975 1608 989 1657 ;
1024 1593 1125 1646 hoc
1154 1593 1301 1649 enim
1331 1608 1497 1648 unum
1524 1608 1699 1661 neque
1723 1609 1976 1662 parvum,

398 1698 574 1752 neque
610 1684 883 1741 mediocre
918 1695 1162 1740 vocatur.
1201 1685 1554 1753 Quinetiam,
1588 1686 1633 1740 si
1669 1686 1977 1741 audendmn

397 1776 489 1840 sit,
523 1791 700 1844 neque
721 1775 1028 1845 pulchrum,
1055 1793 1231 1847 neque
1261 1779 1460 1832 bonum
1487 1796 1500 1830 :
1527 1779 1640 1845 inec
1668 1778 1812 1833 enim
1842 1793 1982 1847 quo-

2076 578 2424 651 ὑπερϐατόνο)
2456 578 2548 630 xa‘t
2581 574 2919 638 τελειοῦται,
2966 572 3062 625 καὶ
3091 568 3424 633 διασώζεται
3449 606 3466 629 ,
3498 568 3659 620 :36";

2076 673 2134 726 ἒν
2163 673 2257 725 καὶ
2293 674 2326 743 ἡ
2375 670 2567 739 θεότης
2608 666 2966 739 ύπερουσίως,
3012 665 3089 727 ὡς
3134 664 3230 716 καὶ
3256 663 3317 715 ὲν
3344 663 3465 722 τοῖς
3494 660 3669 723 dm;

2076 762 2419 833 ὀνομάζεται.
2453 761 2567 815 Ούκ
2594 759 2879 822 ἀπολύτως
2907 757 2964 811 δὲ
2994 756 3159 810 παντὶ
3188 755 3289 817 ἑνὶ,
3323 752 3453 806 καθ’
3481 752 3509 804 ὃ
3533 752 3673 815 ea;

2078 850 2158 920 εἷς
2186 857 2281 909 καὶ
2323 854 2380 907 ἓν
2422 852 2768 924 ὀνομάζεται·
2818 848 2993 919 τούτῳ
3038 846 3149 919 γὰρ
3186 846 3333 917 μόνῳ
3369 844 3453 914 τῷ
3489 846 3561 896 ἑνὶ
3590 846 3685 897 τὰ

2078 948 2203 1001 ὄντα
2234 946 2373 1009 ἐστὶ,
2405 946 2498 999 καὶ
2523 944 2629 1016 χρὴ
2665 944 2758 997 καὶ
2786 943 2935 1013 ἡμᾶς
2970 939 3058 994 διά
3078 937 3236 992 τοῦτο
3265 936 3377 990 ἀπὸ
3405 936 3511 988 τῶν
3538 936 3681 987 πάι-

2077 1040 2183 1093 λῶν
2216 1039 2312 1092 καὶ
2336 1035 2753 1107 ἐσκεδασμένων
2772 1033 3030 1103 γνώσεων
3058 1031 3151 1083 ἐπὶ
3170 1030 3232 1082 τὸ
3250 1028 3475 1082 πάντων
3499 1029 3687 1080 αἴτεε»

2078 1131 2136 1184 ἓν
2167 1128 2589 1201 ἐπιστρέφεσθαι
2613 1169 2628 1195 ,
2680 1128 2818 1198 ὅπερ
2868 1125 2985 1177 ἐστὶ
3030 1123 3126 1177 καὶ
3164 1121 3273 1192 πρὸ
3304 1120 3504 1181 παντὸς
3524 1122 3679 1182 ἰνὸς,

2077 1223 2318 1294 δηλονότι
2339 1221 2446 1293 πρὸ
2466 1221 2648 1291 πάσης
2679 1219 2913 1289 φύσεως,
2936 1218 3032 1270 καὶ
3051 1216 3157 1287 πρὸ
3189 1214 3392 1276 παντὸς
3412 1211 3685 1283 πλήθους,

2077 1316 2319 1387 δηλονότι
2352 1316 2553 1378 παντὸς
2592 1312 2685 1367 τοῦ
2736 1311 2855 1366 καθ’
2895 1311 3142 1364 ἕκαστον·
3192 1306 3354 1360 τοῦτο
3375 1305 3486 1376 γὰρ
3519 1306 3571 1357 τὸ
3604 1304 3679 1356 ἓν

2079 1409 2201 1463 οὔτε
2233 1409 2426 1481 μικρὸν
2454 1406 2579 1461 οὔτε
2614 1408 2832 1479 μέτριον
2855 1405 3119 1458 καλεῖται.
3142 1403 3206 1455 Εἰ
3235 1402 3293 1455 δὲ
3324 1401 3405 1454 δεῖ
3439 1399 3525 1453 καὶ
3544 1398 3687 1451 ταὶ·

2084 1503 2277 1573 μῆσαι,
2306 1500 2431 1554 οὔτε
2452 1500 2617 1553 καλὸν
2644 1499 2768 1552 οὔτε
2791 1498 3010 1568 ἀγαθόν·
3034 1497 3208 1551 ταῦτα
3237 1496 3349 1567 γὰρ
3378 1495 3520 1564 πάθη
3546 1511 3685 1556 πως

2080 1589 2191 1647 οἷόν
2216 1595 2319 1647 εἰσι
2352 1593 2447 1647 καὶ
2478 1592 2713 1662 σχέσεις,
2739 1592 2834 1645 καὶ
2856 1588 3263 1661 συμϐεϐηκότα,
3296 1589 3501 1643 αὑτὸδὲ
3526 1588 3579 1641 τὸ
3616 1590 3689 1639 ἐν

2082 1686 2177 1740 καὶ
2206 1686 2349 1757 ὑπὲρ
2383 1684 2555 1739 ταῦτα
2599 1686 2822 1737 νοεῖται·
2868 1683 2936 1735 τὰ
2978 1682 3035 1736 δὲ
3071 1681 3244 1752 πάθη,
3276 1681 3356 1745 ὡς
3379 1682 3441 1734 τὸ
3480 1681 3691 1751 pupae

2083 1778 2177 1832 καὶ
2224 1778 2286 1830 τὸ
2343 1777 2583 1849 μέτριον,
2638 1777 2733 1830 καὶ
2780 1777 2876 1828 σὺν
2935 1774 3115 1838 ἄλλοις
3157 1773 3424 1827 νοοῦνται.
3460 1772 3528 1824 Τὸ
3570 1769 3687 1824 σίζει,

398 1867 695 1922 damtnodo
727 1867 1045 1923 affectiones
1078 1879 1229 1934 sunt,
1264 1877 1319 1921 et
1353 1868 1720 1936 habitudines,
1754 1876 1808 1922 et
1834 1883 1876 1920 ac

2208 1870 2285 1923 >ῦν
2318 1870 2411 1922 καὶ
2432 1868 2642 1932 ἀπαθὲς
2672 1868 2729 1922 ἒν
2760 1866 2882 1920 οὔτε
2910 1868 2986 1931 ὡς
3014 1867 3170 1936 γένος
3220 1866 3402 1918 θετέον
3452 1864 3549 1916 τῶν
3588 1866 3686 1916 ὃν,

398 1958 606 2025 dentia,
639 1959 811 2026 ipsum
852 1974 981 2013 vero
1019 1960 1123 2015 hoc
1148 1977 1310 2017 unum
1347 1961 1512 2015 etiam
1545 1974 1710 2027 supra
1746 1960 1860 2019 haec
1893 1960 1976 2015 in-

398 2048 690 2119 telligitur;
726 2048 1044 2104 allectiones
1065 2065 1216 2116 vero,
1243 2060 1301 2107 ut
1327 2066 1553 2122 parvum
1594 2050 1758 2123 536
1784 2060 1839 2105 et
1869 2066 1982 2106 me-

397 2142 606 2206 diocre,
643 2142 809 2196 etiam
837 2157 962 2197 cum
991 2143 1148 2207 aliis,
1188 2158 1284 2199 seu
1326 2142 1695 2209 dependenter
1728 2143 1797 2199 ab
1834 2141 1978 2207 aliis,

399 2232 797 2304 intelliguntur.
838 2234 981 2305 Ergo
1029 2253 1198 2291 unum
1245 2236 1375 2289 illud
1424 2236 1653 2304 simplex
1689 2246 1742 2289 et
1786 2250 1983 2304 expers

397 2326 770 2390 :tﬂ'ectionum,
795 2346 972 2398 neque
990 2338 1247 2398 tanquam
1271 2344 1441 2399 genus
1461 2344 1642 2384 rerum
1667 2329 1979 2398 ponendum

400 2416 626 2487 (genera
662 2422 806 2474 enim
831 2421 1053 2475 omnino
1107 2420 1422 2475 dividuntur
1464 2420 1517 2474 in
1549 2417 1781 2488 species)
1808 2434 1985 2488 neque

400 2519 705 2575 punctum,
760 2526 938 2581 neque
992 2514 1213 2582 proprie
1269 2528 1491 2575 monas,
1544 2512 1633 2567 illa
1670 2514 1815 2571 enim
1846 2527 1982 2567 con—

401 2602 692 2659 nexionem
718 2604 926 2659 habent
960 2620 1086 2660 cum
1120 2606 1507 2674 sequentibus;
1541 2606 1645 2661 hoc
1686 2617 1869 2662 autem
1899 2616 1985 2661 est

401 2692 888 2763 simplicissimum.
925 2697 1032 2751 Sed
1072 2713 1248 2766 neque
1281 2698 1409 2751 illud
1443 2714 1611 2753 unum
1641 2714 1741 2754 ens
1764 2699 1985 2768 aliquod

400 2789 750 2849 statuendum
775 2798 896 2853 est,
943 2789 1037 2844 sed
1079 2790 1287 2843 entium
1340 2789 1691 2858 principium,
1723 2794 1981 2860 quoniam

402 2881 457 2935 id
477 2881 620 2950 quod
650 2889 758 2943 est,
791 2882 1028 2935 essentia
1069 2890 1174 2944 est,
1200 2895 1229 2933 a
1260 2881 1424 2936 verbo
1449 2896 1591 2944 esse,
1625 2882 1768 2938 Deus
1801 2890 1982 2937 autem

401 2971 888 3041 supraessentialis
920 2982 1024 3038 est,
1053 2983 1110 3027 et
1142 2987 1305 3036 supra
1343 2973 1393 3027 id
1412 2974 1557 3043 quod
1577 2982 1695 3039 est;
1726 2974 1985 3044 quocirca

401 3064 566 3118 etiam
619 3080 784 3134 supra
819 3079 1038 3119 omnem
1089 3067 1383 3129 terminum
1407 3104 1424 3131 ,
1458 3074 1514 3120 et
1561 3081 1727 3134 supra
1766 3082 1986 3121 ontttem

405 3158 730 3214 infinitatem
761 3160 1018 3227 exsistit,
1060 3166 1116 3215 et
1170 3160 1298 3213 illud
1332 3160 1507 3229 ipsum
1546 3176 1669 3217 esse
1694 3162 1908 3228 detinit,
1932 3173 1988 3216 et

404 3255 565 3308 unice
602 3268 769 3309 causa
796 3264 899 3319 est,
928 3254 979 3307 id
1010 3264 1097 3308 est
1125 3228 1437 3309 eminenter
1464 3265 1518 3310 et
1554 3257 1981 3324 inimitabiliter,
2014 3228 2056 3285 Ο

405 3355 516 3400 tam
549 3346 795 3400 omnium
846 3362 1026 3401 rerum
1059 3362 1220 3416 quam
1255 3356 1493 3402 tutorum
1525 3348 1798 3413 omnium,
1839 3350 1988 3404 scili-

403 3446 494 3491 cet
524 3437 902 3507 integrorum;
944 3447 1001 3492 et
1046 3439 1208 3492 simul
1234 3438 1399 3493 etiam
1430 3451 1558 3493 ante
1596 3442 1781 3494 omnia
1811 3452 1867 3496 et
1895 3457 1987 3494 su-

404 3544 503 3598 pra
544 3529 726 3584 omnia
780 3538 1037 3598 tanquam
1084 3546 1272 3586 causa.
1318 3530 1397 3585 Ne
1429 3534 1615 3601 itaque
1662 3534 1795 3587 illud
1829 3534 1988 3588 simul

405 3624 731 3691 quihusdam
781 3622 1121 3677 contrarium
1171 3626 1423 3681 videatur
1458 3625 1525 3679 iis
1559 3641 1681 3694 quae
1727 3643 1758 3680 a
1804 3628 1986 3681 divina

409 3715 698 3783 Scriptura
726 3715 872 3769 dicta
898 3722 1047 3778 sunt,
1075 3715 1218 3787 quod
1246 3716 1489 3785 qualibet
1520 3718 1606 3771 die
1638 3717 1740 3771 hoc
1772 3727 1827 3772 et
1856 3719 1988 3773 illud

408 3809 684 3864 creaverit
710 3820 765 3864 et
785 3810 1125 3878 produxerit.
1158 3807 1332 3863 Simul
1367 3810 1531 3876 dixit,
1564 3814 1862 3866 secundum
1888 3813 1991 3866 vir-

409 3913 577 3956 tutem
627 3904 929 3969 creatoris;
973 3913 1192 3974 poterat
1234 3907 1399 3959 etiam
1453 3907 1504 3958 in
1549 3915 1821 3960 momento
1854 3918 1991 3960 tem-

408 3998 558 4065 poris
578 3998 758 4050 omnia
783 3998 1107 4064 producere,
1138 4000 1599 4059 quernadmodum
1633 4003 1850 4070 quoque
1873 4016 1991 4052 ma-

411 4106 553 4157 gnus
587 4089 1019 4160 Chrysostomus
1049 4091 1115 4143 de
1148 4092 1248 4145 hac
1281 4106 1337 4145 re
1381 4093 1567 4146 sentit.
1601 4091 1669 4145 Et
1702 4107 1866 4161 supra
1914 4093 1992 4162 ip-

410 4197 528 4236 sum
560 4199 727 4237 unum
764 4184 906 4239 Deus
931 4195 1037 4250 est,
1072 4195 1129 4237 ut
1159 4185 1252 4253 qui
1278 4199 1441 4254 supra
1469 4185 1653 4238 omnia
1684 4186 1909 4249 eminet,
1935 4194 1993 4240 et

409 4290 573 4328 (illine
620 4289 718 4330 ens
758 4278 887 4344 quid
932 4292 1097 4330 unum
1154 4278 1384 4341 deliuit;
1442 4292 1565 4330 naut
1618 4277 1667 4330 id
1713 4277 1857 4346 quod
1908 4283 1993 4330 est

411 4381 607 4428 unum,
634 4369 844 4422 muneri
880 4367 1371 4424 manifestationent
1419 4369 1626 4433 habet,
1661 4382 1785 4422 cuin
1825 4366 1989 4423 alicui

415 4460 491 4511 rei
524 4459 837 4528 apponitur.
870 4460 1012 4528 Ergo
1042 4477 1209 4514 unum
1248 4464 1300 4516 in
1335 4461 1511 4523 rebus,
1540 4461 1590 4515 id
1634 4472 1722 4516 est
1766 4471 1990 4515 creatu-

2082 1980 2211 2029 των,
2241 1960 2595 2033 (τὰγάργένη
2613 1961 2944 2032 διαιροῦνται
2975 1962 3051 2022 είς
3077 1959 3147 2012 τὰ
3176 1958 3341 2029 εἴδηο)
3363 1956 3485 2010 οὔτε
3514 1974 3683 2023 στιγ-

2085 2054 2211 2125 μὴν,
2265 2051 2389 2107 οὔτε
2440 2053 2644 2125 μονάδα
2689 2054 2913 2125 κυρίως,
2964 2053 3147 2123 σχέσιν
3188 2050 3299 2123 γάρ
3358 2050 3468 2119 ἔχει
3506 2051 3691 2102 τίετε

2084 2146 2224 2217 πρὸς
2251 2145 2321 2199 τὰ
2349 2145 2569 2216 ὲφεξῆςο
2603 2146 2664 2199 τὸ
2694 2146 2751 2199 δέ
2781 2148 2928 2199 ἐστιν
2952 2144 3347 2198 ἁπλούστατον.
3541 2143 3685 2194 οὗτε

2082 2237 2141 2291 ὃν
2170 2237 2351 2291 θετέον
2370 2238 2501 2293 αὐτὸ
2529 2239 2590 2292 τὸ
2617 2238 2696 2304 ἓν,
2725 2238 2836 2291 ἀλλ’
2862 2239 3036 2311 ἀρχὴν
3058 2238 3245 2291 ὄντων·
3276 2237 3374 2291 καὶ
3398 2236 3456 2289 τὸ
3482 2236 3535 2287 ὃν
3565 2236 3691 2305 γὰρ

2084 2330 2242 2383 οὐσία
2273 2330 2441 2398 ἐστὶν,
2463 2330 2573 2383 ἀπὸ
2594 2329 2688 2384 τοῦ
2710 2330 2881 2384 εἶναι·
2912 2333 2940 2383 ὁ
2960 2330 3015 2383 δὲ
3044 2329 3176 2393 Θεὸς
3206 2327 3547 2399 ύπερούσιος,
3585 2330 3688 2379 καὶ

2087 2424 2227 2494 ὑπὲρ
2254 2423 2315 2477 τὸ
2341 2422 2421 2487 ὃν,
2450 2422 2537 2476 διὰ
2568 2422 2726 2477 τοῦτο
2745 2424 2840 2476 καὶ
2872 2421 3014 2492 ὑπὲρ
3041 2420 3219 2474 πάντα
3247 2421 3399 2492 ὅρον,
3425 2421 3689 2489 uitio-rip

2088 2518 2269 2570 πᾶσαν
2314 2516 2595 2588 ἀοριστίαν
2633 2515 2771 2579 ἐστὶ,
2816 2515 2910 2568 καὶ
2941 2514 3073 2568 αὐτὸ
3098 2512 3159 2566 τὸ
3188 2509 3330 2566 εἶναι
3358 2511 3550 2582 ὁρίζει,
3588 2514 3683 2565 καὶ

2089 2609 2262 2663 αἴτιόν
2304 2610 2452 2662 ἐστιν
2488 2608 2703 2672 ἑνικῶς,
2745 2608 2987 2680 δηλονότι
3015 2607 3311 2678 ἐξαιρέτως
3342 2606 3436 2659 καὶ
3462 2606 3681 2676 ἀμιμή-

2086 2722 2215 2766 τως,
2229 2704 2323 2756 καὶ
2338 2703 2553 2756 πάντων
2582 2700 2691 2754 τῶν
2715 2702 2903 2768 ὄντων,
2932 2702 3025 2755 καὶ
3042 2701 3178 2753 ὅλων
3209 2700 3456 2763 πάντων,
3492 2699 3680 2768 δηλον-

2086 2797 2168 2850 ότι
2202 2796 2537 2868 όλοκλήρων·
2579 2796 2671 2849 καὶ
2709 2794 2826 2865 ἃμα
2858 2796 2952 2848 καὶ
2994 2794 3101 2866 πρὸ
3140 2794 3383 2858 πάντων,
3420 2794 3513 2846 καί
3542 2793 3684 2863 ὑπὲρ

2090 2889 2267 2942 πάντα
2295 2888 2371 2951 ὡς
2399 2888 2590 2941 αἴτιον.
2626 2887 2719 2959 Μὴ
2740 2886 2871 2956 γοῦν
2900 2887 3024 2956 δόξῃ
3049 2887 3187 2938 τισὶν
3206 2886 3455 2939 ἐναντίον
3483 2886 3544 2937 τὸ
3565 2886 3678 2953 ᾶμι

2088 2980 2226 3049 πρὸς
2240 2979 2308 3032 τά
2331 2979 2483 3052 παρά
2513 2981 2613 3051 τῆς
2641 2979 2791 3042 θείας
2813 2978 3037 3050 Γραφῆς
3066 2977 3355 3048 εἰρημένα,
3379 2978 3463 3029 ὅτι
3487 2978 3546 3029 ἐν
3593 2980 3681 3047 μιᾷ

2091 3072 2296 3143 ἑκάστῃ
2326 3072 2511 3143 ἡμέρᾳ
2547 3072 2665 3124 τόδε
2699 3089 2751 3125 τι
2791 3070 3191 3142 ἐδημιούργησε
3230 3070 3325 3122 καὶ
3351 3070 3673 3139 ὑπέστης-εει.

2094 3164 2249 3233 ’Ἅμα
2283 3160 2432 3225 εἷπε,
2470 3164 2611 3217 κατά
2639 3163 2736 3235 τὴν
2770 3163 2865 3216 τοῦ
2900 3161 3122 3232 ποιητοῦ
3155 3161 3413 3231 δύναμιν
3458 3160 3678 3231 ἠδύνατο

2092 3256 2203 3327 γάρ
2238 3258 2333 3310 καὶ
2358 3258 2415 3309 ὲν
2444 3257 2709 3328 ἀκαριαίᾳ
2736 3255 2930 3326 καιροῦ
2951 3258 3087 3327 ῥοπῇ
3114 3254 3183 3307 τά
3200 3254 3384 3307 πάντα
3417 3255 3673 3322 συστήσα-

2093 3347 2239 3409 σθαι,
2282 3347 2466 3411 καθὼς
2510 3349 2604 3401 καὶ
2641 3349 2669 3400 ό
2715 3348 2890 3419 μέγας
2937 3346 3292 3417 διαλαμὸἁνει
3330 3349 3464 3417 περὶ
3496 3349 3675 3399 τούτου

2093 3439 2494 3511 Χρυσόστομος.
2549 3440 2660 3493 Καὶ
2706 3441 2848 3511 ὑπὲρ
2894 3439 3026 3493 αὐτὸ
3060 3439 3123 3493 τὸ
3153 3438 3211 3491 ἒν
3239 3442 3271 3491 ό
3299 3439 3459 3502 Θεὸς,
3487 3439 3567 3501 ὡς
3594 3442 3673 3490 καὶ

2094 3532 2268 3584 πάντα
2289 3532 2591 3604 ὑπερέχων,
2624 3534 2719 3587 καὶ
2757 3518 2872 3588 πᾶν
2892 3533 2955 3585 τὸ
2982 3532 3040 3588 ὃν
3075 3532 3133 3586 ἓν
3169 3530 3365 3599 ὁρίζει
3400 3533 3460 3584 τὸ
3489 3532 3601 3600 γάρ
3628 3532 3673 3581 ὃν

2092 3624 2149 3677 ἓν
2179 3625 2414 3697 ἀριθμοῦ
2441 3624 2672 3696 δήλωσιν
2700 3625 2814 3696 ἔχει
2847 3626 2938 3678 έπί
2968 3642 3111 3688 τινος
3143 3624 3299 3687 ὄντος
3335 3626 3668 3695 ταττόμενον.

2107 3718 2229 3772 Ἐπὶ
2255 3719 2363 3772 τῶν
2389 3718 2558 3773 ὄντων
2588 3719 2800 3786 τοίνυν,
2834 3718 3082 3772 τουτέστι
3111 3716 3220 3769 τῶν
3254 3719 3597 3787 κτισμάτων.
3626 3717 3673 3765 τὶ

2092 3811 2151 3864 ἓν
2180 3810 2485 3881 τιθέμενον,
2519 3810 2662 3865 κατά
2693 3810 2931 3883 ἀριθμοῦ
2964 3811 3170 3865 ἔννοιαν
3200 3808 3440 3862 τίθεταιο
3474 3810 3569 3861 καὶ
3598 3807 3671 3859 διὰ

2090 3902 2249 3956 τοῦτο
2269 3902 2331 3956 τὸ
2369 3902 2428 3957 ὃν
2464 3902 2522 3956 ἓν
2551 3903 2845 3975 ἐνάριθμον
2873 3903 3039 3972 λέγει,
3085 3901 3327 3971 δηλονότι
3368 3903 3433 3955 τὸ
3490 3903 3551 3954 ἓν
3598 3903 3672 3953 καὶ

2095 3998 2400 4052 ὑποπῖπτον
2443 3996 2523 4068 τῷ
2569 3996 2789 4068 ἀριθμῷ
2832 3997 2890 4050 ἓν
2930 3998 3075 4049 ἐστιν
3117 3994 3673 4063 ἀντιδιαστελλόμενον

2093 4089 2230 4159 πρὸς
2259 4088 2328 4142 τὰ
2374 4089 2466 4143 δύο
2497 4088 2620 4160 ἣτὰ
2652 4088 2800 4159 τρία.
2844 4089 2900 4143 Ὁ
2928 4089 2985 4142 δὲ
3012 4086 3252 4149 τοιοῦτος
3285 4086 3527 4157 ἀριθμὸς
3556 4085 3667 4137 πάν-

2092 4199 2201 4245 τως
2224 4182 2414 4244 οὐσίας
2450 4182 2666 4253 μετέχει
2708 4182 2873 4245 τινός·
2904 4182 2965 4234 τὸ
3003 4181 3060 4235 δὲ
3105 4180 3440 4251 ύπερούσιον
3479 4182 3537 4232 ἓν
3570 4178 3667 4231 καθ’

2094 4275 2227 4328 αὐτὸ
2252 4276 2346 4328 καὶ
2389 4276 2758 4329 ἁπλούστατον
2788 4278 2924 4329 ἐστι.
2971 4274 3303 4345 Θαυμασίως
3339 4270 3439 4326 οῦν
3467 4273 3536 4326 τὰ
3565 4271 3669 4339 περὶ

2094 4368 2341 4438 ἀριθμῶν
2365 4368 2789 4440 φυσιολογήσας,
2830 4369 3057 4437 ἐπάγει,
3090 4370 3192 4433 ὄτι,
3239 4367 3346 4420 κᾶν
3393 4368 3491 4419 καὶ
3526 4364 3669 4434 μονὰς

2096 4460 2198 4515 κᾶν
2228 4461 2385 4533 τριάς
2413 4463 2633 4534 ὑμνοῖτο
2664 4463 2859 4533 ήύπὲρ
2888 4462 3065 4515 πάντα
3098 4461 3313 4530 θεότης,
3358 4460 3488 4513 οὔτε
3527 4456 3666 4529 pavi;

414 4552 507 4613 ris,
538 4553 791 4620 positum.
826 4555 1122 4607 secundum
1171 4555 1381 4607 numeri
1418 4553 1681 4606 rationem
1731 4552 1892 4623 ponitl

2184 4571 2196 4605 ε
2230 4553 2420 4624 μονὰς,
2450 4552 2576 4606 οὔτε
2606 4553 2766 4624 τριάς
2787 4553 2881 4606 ἆτε
2910 4553 3069 4624 τριάς
3099 4556 3267 4613 ἐστιν,
3295 4552 3330 4623 ἢ
3365 4554 3502 4624 παρ’
3532 4550 3662 4621 ἡμῶν

411 4656 468 4698 et
501 4644 705 4701 idcirco
746 4646 890 4713 quod
938 4660 1104 4698 unum
1143 4657 1247 4711 est,
1290 4646 1355 4698 ad
1401 4661 1689 4700 numerum
1733 4655 1987 4714 spectare

415 4737 567 4802 dicit,
593 4738 707 4793 sive
737 4739 787 4791 id
810 4740 953 4808 quod
972 4741 1073 4792 sub
1093 4754 1377 4792 numerum
1395 4739 1564 4805 cadit,
1600 4755 1765 4793 unum
1796 4750 1879 4793 est
1898 4754 1994 4808 per

414 4833 808 4901 oppositiouem
836 4834 1061 4887 duorum
1097 4832 1179 4885 vel
1212 4833 1398 4886 trium.
1417 4832 1565 4888 Talis
1592 4844 1775 4887 autem
1801 4848 1995 4887 nume-

415 4939 511 4978 rus
539 4926 761 4980 omnino
792 4925 1029 4995 aliquam
1071 4926 1431 4981 substantiam
1470 4927 1794 4996 participat;
1824 4942 1993 4980 unum

415 5028 598 5075 autem
640 5020 1168 5083 supersubstantiale
1198 5020 1498 5074 sectmdum
1519 5036 1578 5074 se
1604 5035 1824 5089 quoque
1856 5021 1994 5073 sim~

417 5109 771 5179 plicissimum
797 5112 1033 5167 exsistit.
1066 5112 1390 5167 Mirabiliter
1425 5112 1606 5180 itaque
1638 5128 1992 5167 numerorum

419 5214 669 5259 naturam
696 5206 1032 5274 investigatis
1064 5205 1271 5270 subdit,
1304 5204 1670 5271 divinitatem,
1703 5220 1828 5279 quae
1873 5221 1997 5259 om-

419 5299 507 5353 nia
570 5305 820 5366 superat,
866 5298 981 5350 sive
1026 5312 1217 5351 monas
1267 5297 1383 5351 sive
1433 5297 1568 5350 trias
1636 5297 1990 5363 praedicetur,

419 5406 597 5460 neque
655 5390 940 5446 monadem
1005 5405 1111 5461 qua
1158 5391 1473 5454 monadem,
1532 5406 1710 5459 neque
1767 5392 1995 5445 triadem

418 5503 526 5554 qua
578 5488 810 5542 triadem
845 5523 862 5551 ,
941 5502 1115 5554 neque
1187 5504 1218 5539 a
1280 5486 1472 5549 nobis,
1531 5500 1707 5553 neque
1765 5486 1833 5539 ab
1874 5484 1998 5538 aliis

420 5595 519 5648 per
570 5594 829 5635 numeros
855 5580 1134 5649 cognosci,
1171 5578 1264 5635 sed
1313 5594 1477 5648 supra
1511 5593 1730 5632 omnem
1757 5588 1995 5633 mentem

420 5681 475 5727 et
501 5687 622 5728 esse
648 5683 702 5726 et
733 5674 1001 5727 nominari
1036 5672 1239 5728 Deum:
1269 5672 1501 5728 dicendo
1530 5672 1673 5725 enim
1702 5673 1845 5739 quod
1889 5687 1997 5724 non

423 5776 529 5834 est,
554 5768 916 5837 intelligimus
957 5770 1086 5838 quid
1118 5769 1189 5823 sit
1215 5768 1379 5823 Deus.
1418 5766 1496 5820 Ne
1538 5767 1701 5836 igitur
1732 5765 1996 5834 simplici-

426 5876 509 5920 ter
539 5864 728 5927 audias
752 5863 903 5933 illud,
951 5879 1126 5935 neque
1163 5877 1355 5918 monas
1398 5876 1574 5931 neque
1603 5862 1770 5926 trias,
1803 5859 1896 5914 sed
1928 5858 1995 5914 il-

2094 4645 2162 4705 δι’
2209 4646 2457 4718 ἀριθμῶν
2495 4645 2871 4716 γνωριζομένη
2902 4645 2933 4716 ἢ
2976 4647 3106 4715 παρ’
3150 4645 3372 4715 ἐτέρου,
3398 4645 3516 4698 ἀλλ’
3550 4641 3664 4709 ὑπὲρ

2096 4739 2272 4793 πάντα
2304 4739 2427 4793 νοῦν
2456 4740 2550 4792 xai.
2571 4738 2685 4791 ἔστι
2708 4740 2801 4791 καὶ
2837 4738 3161 4809 ὀνομάζεται
3199 4739 3228 4791 ὁ
3271 4738 3433 4801 Θεόςο
3466 4736 3551 4790 διά
3578 4733 3664 4801 γὰρ

2093 4832 2187 4886 τοῦ
2217 4835 2390 4887 εἰπεῖν
2418 4834 2556 4904 ὅπερ
2595 4834 2694 4886 οὐκ
2723 4833 2868 4895 ἔστι,
2896 4831 3122 4898 νοοῦμεν
3150 4832 3179 4883 ὅ
3205 4848 3257 4883 τι
3298 4832 3453 4883 ἐστὶν
3482 4833 3510 4882 ό

2095 4923 2187 4995 Μὴ
2218 4926 2396 4978 τοίνυν
2438 4926 2623 4989 ἁπλῶς
2652 4926 2733 4988 τὸ,
2764 4926 2878 4978 Οὐκ
2923 4925 3039 4977 ἔστι
3076 4923 3241 4995 μονὰς
3283 4923 3317 4993 ἢ
3352 4924 3535 4993 τριὰς,
3560 4919 3661 4980 ἐξα*

2097 5020 2318 5094 κούσῃς,
2352 5020 2487 5074 ἀλλά
2516 5021 2653 5093 πρὸς
2678 5018 2752 5088 τῇ
2776 5017 3181 5087 διεγνωσμένῃ
3219 5015 3486 5079 σύνταξον
3504 5014 3559 5065 τὸ
3574 5011 3659 5062 οὐκ

2095 5112 2283 5165 ἐστιν’
2316 5114 2377 5165 οὑ
2418 5112 2527 5183 γάρ
2575 5112 2785 5166 ἀνελεῖν
2817 5110 2885 5163 τὰ
2929 5111 3031 5180 τῆς
3080 5108 3337 5178 τοιαύτης
3374 5103 3653 5177 ὁμολογίας.

2097 5203 2233 5255 ἀλλά
2260 5203 2321 5256 τὺ
2355 5205 2757 5275 ἀνεξιχνίαστον
2794 5203 2824 5253 ὁ
2864 5202 3021 5271 λόγος
3063 5199 3308 5270 βούλεται
3353 5196 3575 5261 διδάξαι.
3598 5190 3653 5240 Ίλ

2098 5294 2228 5364 γοῦν
2256 5299 2718 5366 ὑπερηνωμένον
2757 5296 2892 5366 φησὶ
2935 5292 3227 5364 δηλοῦσθαι
3255 5293 3323 5344 ἐκ
3350 5292 3460 5363 τῆς
3494 5292 3653 5353 ovatu-

2102 5390 2222 5453 σίας
2252 5389 2354 5459 τῆς
2385 5388 2632 5460 μονάδος,
2675 5388 2737 5441 τὸ
2764 5388 2823 5440 δὲ
2854 5387 3101 5455 θεόγονον
3147 5386 3214 5437 ὲκ
3257 5383 3362 5454 τῆς
3397 5376 3649 5451 ὀνομασίας

2098 5484 2199 5553 τῆς
2226 5483 2462 5555 τριάδος⁸
2495 5483 2581 5535 ἵνα
2600 5481 2710 5553 γὰρ
2738 5482 2992 5551 παραστῇ
3014 5478 3123 5531 τῶν
3143 5476 3527 5546 ἀνεκλαλήτων
3552 5469 3651 5520 ὑπ’

2101 5581 2343 5631 στάσεων
2366 5582 2399 5647 ἡ
2430 5574 2780 5647 προσκυνητὴ
2808 5572 3129 5641 ἕκφανσις,ό
3147 5569 3380 5643 ἀριθμὸς
3400 5557 3644 5629 ἐπενοήθην

2101 5673 2242 5726 καθά
2266 5674 2358 5725 καὶ
2404 5670 2681 5732 Βασίλειος
2730 5668 2825 5720 καὶ
2855 5665 3150 5737 Γρηγόριος
3177 5664 3228 5716 οί
3265 5662 3399 5715 θεῖοι
3452 5658 3645 5745 λέγουτξ

2104 5766 2326 5834 Γόνιμον
2355 5752 2412 5815 δὲ
2444 5763 2535 5815 τὸν
2578 5759 2797 5829 Πατέρα
2824 5757 3129 5828 ὠνόμασεν,
3168 5756 3264 5808 ἆτε
3304 5756 3642 5834 armo-xu???
3677 5818 3684 5830 ‘

2106 5854 2234 5913 1ιῖοῦ
2267 5856 2505 5929 Πατέρα,
2554 5855 2646 5908 καὶ
2678 5852 2769 5906 τοῦ
2812 5847 3298 5923 συμπροσκυνητοῦ
3333 5845 3483 5918 αὐτῷ
3512 5831 3641 5893 ιινες.
