3768 6362
26 296 143 355 993

597 305 685 361 DE
713 306 968 364 DlVlNlS
998 308 1395 377 NOMINIBUS,
1431 310 1587 367 CAP.
1628 310 1842 370 Xlll.-—-
1889 314 2233 371 PARAPHR.
2271 316 2743 374 PACHYMERJE.

3250 327 3353 382 99‘

26 434 222 487 ματος
258 420 455 493 πηγὴν
523 425 614 477 καὶ
646 425 822 497 ἀρχὴν
851 428 945 481 καὶ
974 428 1173 481 αἰτίαν.
1216 427 1514 501 Γονιμότης

1896 448 1912 486 :
1951 434 2073 487 Non
2117 446 2191 488 est
2232 443 2489 488 construe
2531 450 2653 489 cum
2690 435 3063 512 διεγνωσμένῃ
3099 454 3193 494 seu
3220 456 3351 497 voce

25 511 197 584 ῐνότη
206 531 265 577 ς,
288 515 323 586 ἢ
342 515 531 587 ἕτερόν
548 534 601 568 τι
617 517 788 588 ὄνομα
803 519 910 571 τῶν
928 521 1433 592 συνεγνωσμένωνῆ
1456 522 1664 593 ἀνθρώ-

25 621 184 667 ποις.
208 606 247 677 ἢ
287 608 388 660 καὶ
409 608 600 672 αὑταῖς
616 612 736 673 ταῖς
752 615 970 683 νοηταῖς
996 610 1306 683 δυνάμεσιν,
1338 613 1437 666 οὐκ
1467 613 1532 695 ἂν
1562 631 1665 668 πα-

25 699 356 769 ραστήσειε
382 700 596 772 τρανῶς
613 701 680 755 τὰ
709 702 782 767 ὧι,
814 705 953 757 εἰσιν
982 706 1046 759 ὲκ
1070 706 1287 760 πάντων
1307 708 1662 781 ἀποκεκρυμ-

25 789 179 858 μένα
219 790 328 843 τοῦ
362 791 520 845 Θεοῦ.
554 794 679 858 Πῶς
710 794 821 867 γὰρ
840 796 1065 850 δυνατὸν
1093 799 1357 870 ὀνομάσαι
1385 801 1494 855 ἀπό
1519 818 1663 866 τινος

25 881 141 932 τῶν
195 882 387 937 ὄντων
429 884 519 937 τὸν
561 885 693 938 Θεὸν
714 929 727 953 ,
783 886 947 959 μηδὲν
986 890 1095 942 τῶν
1142 891 1359 945 πάντων
1384 892 1533 958 ὄντα,
1569 896 1661 949 καὶ

26 973 180 1045 ὑπὲρ
228 976 308 1029 τά
345 976 524 1030 πάντα
556 976 725 1044 hirta;
774 980 885 1033 Καὶ
922 981 974 1033 τί
1002 981 1145 1050 λέγω
1173 984 1301 1055 περὶ
1342 983 1450 1036 τῶν
1488 984 1660 1039 ἄλλων

25 1064 376 1135 δνομάτων,
439 1070 575 1122 ὅπου
640 1070 733 1123 καὶ
790 1072 922 1125 αὐτὸ
980 1073 1041 1126 τὸ
1096 1076 1423 1131 σεπτὸτατον
1488 1079 1659 1149 ὄνομα

25 1158 50 1225 ἢ
108 1158 417 1231 ἀγαθὸτης
446 1161 547 1214 οὐκ
595 1163 793 1216 οἰκεῖον
848 1162 1053 1236 κυρίως
1085 1166 1325 1238 Θεῴςοί
1376 1168 1487 1241 γὰρ
1544 1171 1661 1224 θεο-

25 1249 185 1316 λόγοι
231 1251 330 1304 διὰ
376 1251 439 1305 τὸ
465 1252 602 1317 ὅλως
657 1257 799 1307 νοεῖν
835 1273 888 1308 τι
946 1258 1039 1311 καὶ
1084 1257 1261 1327 λέγειν
1311 1263 1441 1335 περὶ
1498 1263 1656 1328 Θεοῦ,

25 1342 105 1412 τῷ
138 1344 290 1416 περὶ
325 1344 490 1398 αὐτὸν
523 1346 671 1417 πόοῳ
700 1348 1081 1420 κατεχόμενοι,
1116 1352 1176 1404 τὸ
1200 1352 1302 1423 τῆς
1324 1354 1658 1427 ἀγαθὸτητος

25 1435 215 1506 ὖνομα
236 1436 511 1491 ἐπέϐαλον
530 1437 609 1508 τῷ
624 1438 763 1510 Θεῷ,
796 1440 934 1494 ἀλλὰ
959 1442 1166 1512 κυρίως
1186 1445 1280 1497 καὶ
1309 1445 1657 1519 ὑπεράγαθός

25 1527 149 1579 ἐστι
190 1530 297 1581 καὶ
338 1530 662 1601 ὑπερούσιος
704 1533 732 1584 ὁ
769 1532 919 1596 Θεός.
969 1535 1034 1586 Αἱ
1065 1534 1122 1587 δὲ
1164 1536 1489 1606 ἀποφάσεις,
1536 1542 1655 1613 ἦτοι

26 1618 309 1691 ἀρνήσεις
335 1622 433 1674 καὶ
466 1624 770 1694 στερήσεις,
802 1625 894 1677 ἐπὶ
914 1624 1050 1677 Θεοῦ
1070 1627 1169 1698 οὐχ
1195 1629 1383 1694 ἁπλῶς
1410 1631 1655 1703 εἴρηνται

25 1715 145 1775 τοῖς
184 1712 490 1782 θεολόγοις·
544 1715 604 1768 οὐ
650 1715 761 1788 γὰρ
796 1716 872 1780 ὼς
912 1717 1158 1787 λέγονται
1197 1720 1474 1788 νοοῦνται,
1536 1723 1653 1778 ἀλλ’

26 1804 134 1856 ὺπε
143 1805 618 1877 ραναϐεόηκότως
646 1807 992 1881 θεωροῦνται.
1024 1810 1097 1863 Τὸ
1112 1810 1222 1883 γὰρ
1241 1810 1529 1877 ἀθάνατος,
1549 1817 1645 1869 καὶ
1668 1820 1669 1823 “

25 1897 278 1965 ἀόρατος
304 1938 318 1960 ,
366 1899 463 1952 καὶ
493 1898 768 1971 ἀνενδεὴς,
817 1902 911 1954 καὶ
938 1901 1005 1954 τὰ
1038 1901 1280 1968 τοιαῦτα,
1311 1903 1410 1956 οὐκ
1442 1905 1509 1958 ἄν
1534 1920 1635 1973 τις,

25 1990 237 2058 σοφίας
274 1991 542 2061 μετέχων,
577 1991 987 2065 δημωδέστερον
1030 1992 1293 2048 ἀπολάϐοι
1318 2036 1333 2059 ,
1364 1995 1498 2049 ἀλλά
1531 1997 1639 2050 τῶν

25 2082 391 2153 δηλουμένων
440 2082 813 2154 ἐξιστάμενος,
863 2085 955 2137 ἐπὶ
993 2084 1093 2148 τὰς
1125 2086 1492 2157 σεσιγημὲνας
1548 2089 1642 2142 καὶ

25 2173 326 2244 θειοτέρας
356 2173 567 2236 ἑννοίας
599 2174 932 2228 ἀνανεύσειε·
962 2175 1042 2229 διὸ
1084 2178 1177 2230 καὶ
1209 2177 1406 2248 νοητὰς
1438 2179 1639 2232 θεωνυ-

25 2266 167 2333 μίας
200 2264 410 2335 ἐφεξῆς
426 2266 606 2329 καλῶς
620 2265 792 2330 αὐτὰς
824 2268 1239 2339 προσαγορεύει.
1286 2267 1638 2342 Ἐξισταμένη

25 2355 139 2427 γὰρ
171 2359 208 2428 ἡ
244 2357 397 2429 ψυχὴ
430 2358 538 2411 τῶν
569 2359 894 2429 σωματικῶν
938 2361 1165 2413 ἁπασῶν
1208 2362 1511 2433 αἰσθήσεων
1544 2364 1640 2417 καὶ

25 2452 348 2522 κοσμικῶν,
381 2451 602 2522 (ταύτας
622 2453 730 2524 γὰρ
759 2452 1072 2523 συμφύλους
1100 2455 1310 2525 φησίνο)
1333 2454 1476 2508 οὕτω
1513 2472 1639 2508 συν-

25 2545 271 2597 άπτεται
318 2544 400 2615 τῷ
445 2546 739 2616 ἀκραιφνεῖ
768 2547 868 2616 τῆς
913 2546 1169 2615 γνώσεως
1195 2547 1289 2599 τοῦ
1319 2547 1454 2601 Θεοῦ
1472 2588 1485 2612 ,
1515 2549 1638 2602 καθ’

25 2636 154 2689 ὅσον
186 2637 421 2690 δυνατόν
454 2638 602 2690 ἐστιν
632 2637 947 2709 ἀνθρωπίνῃ
978 2637 1158 2709 φύσει,
1192 2638 1268 2702 ὡς
1299 2641 1393 2692 καὶ
1417 2641 1445 2691 ὁ
1488 2640 1641 2693 Ἀπό-

26 2731 222 2795 στολος
254 2732 577 2791 αίνίττεται.
608 2730 802 2800 λέγων·
851 2731 961 2784 Kal
1016 2730 1169 2784 οὕτω
1211 2730 1469 2785 πάντοτε
1516 2732 1639 2787 σὺν

26 2825 235 2891 Κυρίῳ
265 2824 555 2892 ἐσόμεθα·
591 2824 686 2876 καὶ
724 2822 889 2876 πάλιν
960 2822 1092 2876 Νῦν
1118 2823 1198 2889 ὡς
1239 2824 1309 2877 ἐν
1334 2825 1634 2894 αἰνίγματι

25 2915 126 2967 καὶ
153 2916 230 2968 ἐν
258 2915 536 2982 ἐσόπτρῳ
568 2913 817 2984 ὁρῶμεν,
862 2918 995 2968 τότε
1029 2913 1097 2967 δὲ
1124 2916 1450 2983 πρόσωπον
1480 2916 1630 2984 πρὸς

26 3006 370 3073 πρόσωπον
388 3005 675 3074 ὀψόμεθα.

1767 524 1997 591 cognita,
2040 539 2223 577 sermo
2257 524 2400 579 enim
2439 540 2544 577 non
2578 525 2691 578 vult
2725 528 3093 583 condemnare
3123 546 3243 599 quae
3276 532 3350 585 ita

1764 627 1863 681 pro
1892 613 2146 670 confesso
2186 615 2475 681 habentur,
2506 616 2601 670 sed
2634 616 2797 693 Deum
2842 635 2965 675 esse
2997 620 3350 689 ininvestiga-

1763 703 1924 759 bilem
1960 707 2138 761 docet.
2169 704 2303 762 Illud
2341 708 2521 775 itaque
2554 726 2566 759 :
2608 711 2786 779 Supra
2826 729 2985 781 quam
3030 714 3238 767 unitum
3271 717 3348 768 ait

1763 795 2058 865 signiﬁcari
2090 813 2157 852 ex
2200 799 2418 853 nomine
2460 798 2619 870 537
2656 801 2901 868 unitatis,
2945 804 3185 858 divinam
3221 822 3349 861 vero

1765 887 2267 945 fecunditatentex
2322 892 2540 947 nomine
2597 895 2888 960 trinitatis;
2945 908 3003 950 tit
3051 899 3197 951 enim
3253 901 3348 953 atl-

1762 980 1968 1032 oranda
2018 978 2378 1034 inell‘abilium
2428 996 2783 1049 personarum
2841 986 3207 1041 manifestatio
3264 1005 3348 1044 re-

1762 1079 2218 1138 praesentaretur,
2252 1086 2513 1125 numerus
2538 1074 2880 1142 cxcogitatus
2910 1084 3015 1140 est,
3046 1079 3188 1131 sicut
3235 1079 3343 1132 divi

1761 1159 1998 1214 Basilius
2033 1171 2089 1216 et
2126 1160 2424 1232 Gregorius
2461 1164 2633 1217 aiunt.
2664 1164 2879 1219 Patrem
2926 1179 3107 1223 autem
3158 1169 3349 1225 fecuno

1759 1251 1887 1305 dum
1913 1253 2227 1321 appellavit,
2263 1263 2523 1325 tanquam
2554 1258 2817 1311 adorandi
2863 1259 2978 1312 Filii
3016 1262 3343 1331 genitorem,

1758 1354 1813 1397 et
1844 1344 2005 1401 simul
2042 1360 2161 1399 cum
2200 1346 2315 1416 ipso
2346 1349 2604 1403 adorandi
2641 1348 2879 1417 Spiritus
2907 1354 3080 1406 sancti
3117 1352 3341 1419 fontem,

1760 1450 1823 1487 ac
1858 1436 2186 1505 principium
2217 1448 2273 1492 et
2319 1455 2563 1493 causam.
2610 1440 2944 1497 Fecunditas
2985 1455 3169 1499 autem
3225 1448 3346 1500 uni—

1760 1534 1933 1593 tasve,
1985 1538 2079 1582 aut
2128 1528 2274 1585 aliud
2318 1530 2533 1599 aliquod
2596 1548 2831 1597 nomen,
2877 1534 3189 1590 numinibus
3250 1516 3345 1593 alit

1759 1618 1921 1673 etiam
1982 1619 2231 1689 ipsismet
2282 1621 2698 1676 intellectilibus
2752 1624 3049 1680 virtutibus
3108 1640 3339 1692 notum,

1758 1726 1867 1766 non
1911 1721 2095 1782 posset
2159 1713 2308 1768 clare
2355 1715 2615 1769 exhibere
2670 1716 2764 1770 Dei
2816 1718 3133 1773 abscondita
3183 1732 3343 1791 prout

1754 1812 1901 1859 sunt.
1935 1804 2221 1871 Quomodo
2268 1808 2631 1871 ettint.l)eus,
2687 1810 2778 1879 qui
2836 1812 2971 1865 nihil
3019 1829 3199 1868 rerum
3237 1829 3338 1879 est,

1750 1895 1843 1949 sed
1878 1910 2042 1964 supra
2078 1912 2169 1951 res
2211 1912 2424 1964 omnes,
2451 1914 2519 1951 ex
2557 1916 2612 1955 re
2647 1902 2828 1970 aliqua
2864 1919 3058 1958 nomen
3090 1908 3341 1975 accipere

1748 1988 1965 2055 possit?
1989 1988 2057 2042 Et
2087 1990 2219 2057 quid
2248 1990 2371 2045 dico
2404 1991 2471 2045 de
2501 1992 2622 2046 aliis
2650 1995 2984 2058 nominibus,
3020 2013 3145 2052 cum
3174 2003 3337 2053 etiam

1749 2077 2043 2147 ipsummet
2070 2081 2518 2151 augustissimum
2555 2100 2750 2138 nomen
2802 2087 3063 2142 bonitatis
3112 2106 3216 2143 non
3267 2090 3340 2144 sit

1749 2172 1968 2240 proprie
2002 2172 2112 2227 Deo
2168 2175 2490 2243 proprium?
2539 2174 2798 2247 Theologi
2844 2180 3015 2244 enim,
3048 2191 3103 2233 ut
3132 2181 3335 2251 aliquid

1745 2264 1971 2318 omnino
2015 2264 2381 2335 intelligerent
2408 2275 2462 2319 et
2504 2267 2571 2320 de
2599 2265 2712 2322 Deo
2741 2269 3006 2333 dicerent.
3044 2272 3212 2341 ipsius
3241 2274 3339 2327 dc-

1747 2358 1948 2412 sideriu
1972 2360 2232 2427 correpti,
2275 2376 2472 2416 nomen
2501 2362 2766 2418 bonitatis
2795 2364 2904 2418 Deo
2936 2365 3333 2434 imposuerunt,

1745 2449 1995 2517 quamvis
2031 2450 2252 2519 proprie
2287 2450 2431 2506 Deus
2466 2452 2538 2506 sit
2571 2468 2734 2523 supra
2781 2456 3110 2519 bonitatem,
3139 2468 3194 2511 et
3242 2475 3336 2513 su-

1712 2553 1840 2607 .pra
1895 2540 2212 2594 essentiam.
2277 2541 2605 2611 Ἀποφάσεις
2652 2558 2802 2611 vero,
2847 2546 2965 2600 sive
3018 2549 3337 2617 negationes

1742 2642 1797 2686 et
1825 2633 2184 2699 privationes,
2233 2633 2288 2687 in
2345 2635 2454 2688 Deo
2496 2649 2602 2689 non
2633 2635 2954 2705 simpliciter
2992 2654 3021 2692 a
3065 2641 3335 2713 theologis

1745 2723 2040 2792 dicuntur;
2092 2740 2199 2779 non
2231 2726 2376 2779 enim
2420 2726 2562 2780 sicut
2611 2728 2870 2782 dicuntur
2898 2729 2972 2783 ita
3020 2732 3335 2804 intelligun—

1743 2826 1855 2881 tur,
1882 2818 1976 2872 sed
2010 2818 2170 2873 modo
2213 2820 2681 2873 transcendentali
2715 2821 3162 2878 considerantur.
3194 2825 3331 2880 Nam

1740 2908 2089 2975 immortalis,
2145 2918 2200 2963 et
2241 2908 2556 2975 invisibilis,
2584 2920 2641 2964 et
2678 2911 2877 2966 nul-lius
2915 2909 3159 2983 indigus,’
3176 2925 3231 2971 et
3257 2918 3332 2971 si-

1737 3002 1911 3067 milia,
1940 3017 2125 3066 nemu,
2153 3002 2244 3071 qui
2276 3016 2501 3071 compos
2531 3002 2601 3056 sit
2644 3005 2952 3072 sapientiae,
3004 3008 3165 3061 modo
3214 3007 3335 3063 vul-.

26 3103 144 3169 gari
180 3102 446 3170 accipiet,
491 3102 587 3157 sed
630 3117 658 3157 a
699 3100 861 3156 rebus
905 3115 1027 3170 qua:
1085 3102 1468 3171 significantur
1530 3101 1832 3167 recedens,
1890 3101 1956 3153 ad
2021 3102 2221 3155 tacitas
2274 3109 2328 3154 et
2377 3100 2675 3171 diviniqrcs
2722 3102 3102 3170 cogitationes,
3154 3106 3329 3159 susci-

29 3197 184 3263 piet;
219 3207 454 3267 propter
482 3197 626 3266 quod
667 3198 832 3253 etiam
865 3199 1207 3256 intellectiles
1259 3202 1353 3255 Dei
1420 3201 1895 3256 denominatioues
1933 3200 2189 3269 deinceps
2233 3211 2382 3255 recte
2425 3202 2573 3269 ipsas
2630 3199 2891 3269 appellat.
2947 3198 3082 3253 Nam
3144 3203 3327 3257 anima

30 3290 121 3343 ubi
154 3288 449 3359 corporeis
484 3289 735 3344 omnibus
794 3292 1046 3346 sensibus
1076 3302 1131 3347 et
1179 3292 1342 3347 rebus
1381 3294 1673 3347 unindanis
1735 3307 1795 3347 se
1846 3291 2115 3345 abdicarit
2163 3292 2287 3359 (has
2338 3293 2481 3346 enim
2530 3292 2829 3351 familiares
2860 3300 3067 3364 vocat),
3119 3306 3327 3353 tantum

30 3381 353 3449 purissima:
386 3379 480 3434 Dei
503 3380 819 3450 cognitioni,
847 3391 1108 3452 quantum
1141 3394 1350 3439 natura:
1412 3385 1663 3440 humana:
1725 3385 1872 3445 licet.
1925 3385 2316 3453 conjungitur,
2377 3385 2519 3438 sicut
2579 3389 2874 3456 Apostolus
2924 3390 3190 3455 insinuat,
3244 3391 3328 3445 di-

29 3486 161 3525 cens
192 3487 211 3526 :
248 3469 318 3523 Et
343 3472 422 3523 sic
464 3486 667 3539 semper
700 3488 815 3526 cum
858 3473 1089 3528 Domino
1126 3476 1325 3529 erimus
1357 3485 1424 3543 nl;
1479 3486 1532 3531 et
1576 3476 1773 3531 iterum
1816 3492 1832 3529 :

30 3577 155 3621 tunc
179 3578 367 3620 autem
392 3566 529 3635 [acie
559 3568 627 3621 ad
656 3568 847 3637 faciem
882 3570 1170 3625 videbimus
1201 3579 1248 3626 ο.

1885 3458 2134 3530 Videmus
2166 3492 2305 3529 nunc
2364 3493 2459 3545 per
2526 3480 2795 3544 speculum
2819 3492 2866 3535 et
2906 3482 2961 3535 in
3023 3482 3325 3550 wnigmate,

98 3658 261 3729 ξίν.
314 3658 531 3722 Ταύτας
569 3662 732 3731 ἡμεῖς
776 3659 875 3725 τὰς
926 3666 1122 3734 νοητὰς
1167 3664 1504 3737 θεωνυμίας,
1559 3666 1586 3717 ι]

1833 3667 1838 3730 ί
1874 3661 1961 3715 IV.
1992 3661 2118 3716 llaec
2142 3676 2243 3719 nos
2267 3661 2447 3715 divina
2482 3661 2730 3724 nomina,
2758 3660 2939 3730 quoad
2988 3660 3183 3728 licuit,
3223 3677 3321 3716 ex-

28 3752 278 3819 ἑφικτδν,
306 3751 709 3824 ἀνεπτύξαμεν,
726 3754 969 3825 δηλονότι
984 3757 1083 3827 οὐχ
1102 3756 1469 3830 ὑψηλοτέρως,
1493 3759 1630 3812 ἀλλὰ

29 3843 174 3897 κατά
207 3843 274 3897 τὸ
316 3843 551 3915 γράμμα
598 3845 1022 3919 ἀποδεδώκαμεν
1066 3850 1497 3921 ταπεινοτέρως,
1554 3851 1628 3923 μὴ

31 3934 194 4001 μόνον
227 3934 343 3987 τῶν
375 3934 644 4002 ἀγγέλων,
680 3936 707 3988 ὁ
730 3935 840 4007 γὰρ
862 3936 1067 3990 τούτων
1084 3937 1395 4000 κατώτατος
1427 3938 1629 4008 μείζων

29 4025 254 4079 πάντων
286 4026 397 4078 τῶν
419 4028 478 4078 ἐν
510 4030 575 4099 τῇ
624 4028 922 4101 Ἐκκλησία
956 4030 1219 4098 θεολόγων
1246 4031 1362 4084 ἐστί
1383 4048 1395 4061 ’
1437 4031 1512 4103 μὴ
1541 4037 1631 4103 μό-

28 4134 114 4171 νον
165 4118 280 4172 τῶν
329 4118 630 4187 θεολόγων,
680 4114 755 4174 ὧν
782 4138 841 4174 τε
896 4123 1207 4178 συνοπαδῶν
1232 4125 1418 4192 λέγει,
1465 4125 1628 4178 οἱονεὶ

32 4210 322 4284 μαθητῶν,
354 4212 448 4265 καὶ
481 4205 556 4265 ῶν
590 4214 864 4285 ἀσκητῶν,
900 4215 1142 4286 δηλονότι
1173 4218 1281 4269 τῶν
1306 4216 1405 4278 τὰς
1431 4215 1627 4282 ὲλλάμ-
1676 4256 1679 4259 -

27 4304 153 4372 ψεις
186 4303 293 4367 τὰς
328 4303 481 4368 θείας
514 4306 876 4376 κτησαμένων
906 4306 973 4359 δι’
997 4308 1306 4378 ἀσκήσεως,
1339 4310 1432 4361 καὶ
1464 4309 1523 4361 οὐ
1559 4310 1625 4362 δι’

28 4400 301 4470 ὁράσεως,
339 4397 480 4451 κατά
502 4400 627 4463 τοὺς
640 4399 972 4463 ἀποστόλους
991 4418 1004 4430 ·
1044 4401 1118 4472 μὴ
1141 4400 1297 4471 μόνον
1317 4402 1445 4470 γοῦν
1462 4403 1627 4473 ἐσχά-

28 4505 137 4552 τως
173 4489 272 4541 καὶ
304 4488 706 4559 ταπεινοτέρως
737 4488 942 4542 τούτων
976 4490 1222 4561 εἴπομεν,
1257 4491 1390 4545 ἀλλὰ
1424 4494 1517 4546 καὶ
1537 4495 1628 4547 αὺ-

27 4581 138 4633 τῶν
171 4580 284 4632 τῶν
312 4578 598 4650 ὁμοταγῶν
647 4583 798 4652 ἡμῖν.
836 4581 1023 4635 Ταῦτα
1054 4583 1123 4635 δὲνι
1144 4584 1237 4635 καὶ⁴
1268 4583 1335 4636 τὰ
1370 4585 1495 4655 ὲξῆς
1531 4602 1625 4655 με-

28 4670 273 4739 τριάζων
320 4669 676 4741 ἀγιοπρεπῶς
715 4671 744 4723 ὁ
785 4670 969 4740 πατήρ
1004 4686 1192 4739 φησιν.
1221 4671 1404 4735 Ὥστε,
1441 4673 1489 4723 εὶ
1526 4671 1624 4741 μέν

29 4777 177 4824 τινος
201 4760 749 4832 κατεστοχασάμεοα,
774 4761 933 4831 χάρις
962 4758 1039 4830 τῷ
1073 4759 1230 4831 αἰτίῳ
1258 4761 1367 4813 τῶν
1403 4766 1623 4814 πάντων

29 4851 257 4922 ἀγαθῶν
292 4851 433 4922 Θεῷ,
468 4851 546 4922 τῷ
579 4851 905 4923 δωρουμένῳ
960 4852 1053 4905 καὶ
1086 4851 1148 4904 τὸ
1193 4853 1370 4919 λέγειν
1420 4852 1515 4904 καὶ
1563 4851 1624 4903 τὸ

30 4941 84 4998 εὖ
109 4945 316 5012 λέγειν.
348 4945 410 4997 Εἰ
442 4944 574 5012 γοῦν
594 4944 1038 5015 κατωρθῶσαμέν
1054 4962 1128 5008 τι,
1151 4944 1243 4997 καὶ
1264 4943 1343 4995 ἔτι
1380 4943 1623 4997 διδάσκο-

1732 3754 2047 3823 plicuimus,
2086 3754 2339 3808 videlicet
2369 3768 2476 3806 non
2506 3754 2822 3817 sublimius,
2869 3753 2965 3806 sed
3015 3754 3321 3810 secundum
3368 3768 3383 3785 ο

1731 3845 1973 3897 litteram
2026 3843 2290 3896 humilius
2325 3842 2650 3895 tradidimus
2689 3856 2798 3895 non
2852 3840 3027 3895 solum
3079 3840 3317 3909 angelis,

1732 3951 1860 3990 nam
1895 3934 2116 3989 iniimus
2138 3934 2306 3987 etiam
2336 3933 2529 3987 horum
2582 3933 2757 3998 major
2805 3940 2890 3985 est
2921 3932 3175 3986 omnibus
3213 3933 3320 3989 Ec-

1730 4031 1911 4083 clesia:
1945 4025 2255 4093 theologis;
2281 4040 2388 4078 non
2418 4023 2591 4078 solum
2628 4022 2915 4091 theologis,
2949 4023 3148 4091 inquit,
3184 4040 3318 4079 cou-

1731 4119 2012 4175 sodalibus
2040 4126 2095 4172 et
2118 4116 2274 4187 quasi
2300 4115 2608 4185 discipulis,
2639 4126 2693 4169 et
2721 4118 2946 4179 ascetis,
2978 4116 3069 4183 qui
3102 4116 3316 4174 scilicet

1729 4212 1948 4266 divinas
1977 4208 2379 4263 illustrationes
2396 4208 2689 4270 exercitio,
2712 4217 2770 4261 et
2800 4221 2906 4261 non
2933 4223 3031 4277 per
3050 4208 3315 4274 visiones,

1730 4312 2083 4373 acceperunt,
2116 4313 2173 4357 ut
2202 4301 2456 4371 apostoli.
2487 4300 2605 4355 Non
2634 4300 2808 4355 solum
2838 4302 3022 4371 itaque
3058 4301 3144 4356 his
3183 4302 3316 4356 siin-

1729 4395 1927 4467 plicius
1965 4404 2021 4449 et
2055 4395 2315 4449 humilius
2348 4394 2612 4457 diximus,
2648 4408 2837 4447 verum
2878 4394 3044 4448 etiam
3068 4394 3315 4463 ipsismet

1726 4486 2028 4557 aequalibus
2057 4486 2284 4541 nostris.
2318 4485 2444 4540 Hinc
2472 4500 2623 4550 vero,
2660 4494 2716 4539 et
2747 4499 2869 4553 qua:
2898 4494 3228 4553 sequuntur,
3257 4496 3315 4540 ut

1727 4591 1979 4636 sanctum
2013 4581 2195 4644 decet,
2232 4580 2320 4634 hic
2336 4578 2647 4633 Paterdixit
2670 4578 2850 4634 studio
2874 4581 3176 4633 modestia.
3209 4580 3315 4632 Ita-

1726 4688 1854 4744 que,
1878 4672 2043 4744 538
2064 4674 2107 4727 si
2128 4672 2346 4741 quidem
2385 4680 2533 4726 recte
2588 4672 2719 4740 quid
2747 4670 3111 4738 coniecimus,
3135 4671 3312 4738 gratia

1725 4767 1798 4821 sit
1829 4764 1940 4820 Deo
1963 4768 2232 4820 bonorum
2263 4765 2506 4818 omnium
2542 4762 2777 4826 auctori,
2804 4764 2893 4829 qui
2934 4761 3085 4814 dedit
3140 4771 3200 4814 ut
3227 4760 3312 4815 di-

1724 4872 1999 4922 ceremus,
2032 4868 2087 4910 et
2118 4858 2257 4911 bene
2282 4856 2611 4909 diceremus.
2667 4853 2722 4907 Si
2755 4853 2885 4922 quid
2934 4854 3120 4921 itaque
3154 4864 3311 4908 recte

1726 4944 1986 5011 diximus,
2011 4944 2096 4998 vel
2121 4945 2302 4999 adhuc
2326 4946 2607 5007 docemus,
2639 4950 2693 4995 et
2718 4942 2761 4995 si
2792 4943 2920 5011 quid
2944 4958 3156 5005 eorum,
3184 4958 3309 5011 quae

35 5055 158 5107 μεν,
173 5039 277 5104 ὅτι,
302 5036 409 5089 κᾶν
424 5036 609 5106 ἕτεραι
623 5037 953 5109 ὁμοδύναμοι
967 5038 1262 5108 θεωνυμίαι
1278 5039 1335 5090 ὲν
1350 5040 1415 5109 τῇ
1431 5038 1523 5110 Γρι

1847 5037 2194 5105 arquivalent,
2221 5037 2502 5092 nominum
2535 5034 2844 5088 divinorum
2895 5035 2946 5088 iii
3004 5034 3306 5102 Scripturis

32 5128 327 5200 εὑρεθῶσι,
365 5125 471 5197 χρὴ
496 5127 589 5179 καὶ
617 5127 821 5191 ταύτας
844 5128 983 5182 κατά
1015 5127 1116 5191 τὰς
1149 5126 1318 5191 αὐτὰς
1353 5131 1623 5196 ὲκφαντο-

32 5220 196 5291 ρικὰς
235 5219 490 5290 μεθόδους
520 5220 979 5291 προσυπακούειν.
1004 5222 1066 5274 Ei
1085 5221 1141 5274 δὲ
1172 5222 1271 5274 οὐκ
1291 5219 1465 5291 ὀρθῶς
1482 5220 1617 5291 ἔχει,

31 5314 127 5366 καὶ
157 5310 247 5365 διά
286 5310 446 5362 τοῦτο
484 5310 586 5381 τῆς
618 5310 876 5382 ἀληθείας
912 5313 1107 5377 ὁλικῶς
1155 5311 1639 5385 ἀπεπλανηθημεν,

32 5409 64 5479 ἢ
94 5405 324 5469 ἀτελῶς,
361 5407 454 5458 καὶ
486 5405 573 5460 διὰ
606 5404 765 5459 τοῦτο
801 5408 1039 5479 μερικῶς
1072 5408 1411 5480 ἡμάρτομεν,
1448 5408 1531 5480 εἴη
1549 5409 1615 5462 ἂν

32 5497 133 5567 τῆς
168 5497 270 5567 σῆς
305 5495 749 5566 φιλανθρωπίας,
786 5497 895 5550 θεῖε
931 5498 1161 5570 Τιμόθεε
1185 5540 1199 5564 ,
1236 5497 1617 5570 ἐπανορθώσα-

36 5586 158 5643 σθαι
172 5587 263 5641 τὸν
279 5586 551 5649 ἀκουσίως
583 5586 879 5655 ἀγνοοῦντα
905 5589 998 5641 καὶ
1022 5588 1211 5659 μαθεῖν
1230 5588 1503 5660 δεόμενον.
1521 5588 1617 5641 καὶ

193 5780 219 5805 ιι
254 5768 278 5823 ι
313 5769 504 5824 Thess.
546 5784 616 5831 iv,
668 5766 756 5820 16.
854 5738 929 5818 ’Ἰ
965 5765 1089 5819 Cor.
1132 5782 1264 5832 ιιιι,
1304 5768 1392 5820 12.

1727 5129 2054 5197 reperiatur,
2102 5137 2319 5200 oportet
2373 5127 2538 5180 etiam
2587 5124 2701 5179 hzec
2756 5126 3057 5178 secundum
3083 5125 3305 5180 easdem

1724 5220 2036 5291 explicandi
2093 5221 2333 5275 rationes
2387 5216 2821 5286 subintelligere.
2875 5214 2969 5270 Sin
3000 5230 3129 5269 vero
3184 5216 3304 5270 hree

1724 5313 1909 5368 minus
1935 5324 2081 5369 recte
2118 5328 2176 5368 se
2206 5312 2469 5374 habeant,
2498 5318 2663 5379 atque
2688 5310 2826 5362 adeo
2866 5323 2895 5361 a
2930 5308 3163 5362 veritate
3216 5308 3302 5362 vel

1720 5407 1945 5461 omnino
1969 5408 2048 5461 vel
2080 5422 2147 5462 ex
2184 5415 2337 5474 parte
2370 5402 2779 5466 aberravimus,
2807 5401 2912 5455 erit
2937 5400 3304 5454 humanitatis

1724 5506 1850 5565 tuae,
1879 5500 2061 5555 divine
2093 5497 2414 5562 Timothee,
2442 5496 2720 5564 corrigere
2745 5510 2851 5547 non
2904 5502 3096 5562 sponte
3146 5492 3303 5561 igno-

1726 5599 1961 5657 rantem,
1981 5592 2262 5648 etdiscere
2289 5590 2620 5659 cupientem,
2646 5596 2699 5641 et
2719 5584 3096 5640 inﬁrmitatem
3121 5598 3298 5637 meatu
