3768 6308
507 281 611 337 995

1703 276 1763 337 S.
1800 274 2090 332 DlONYSll
2124 276 2585 333 AREOPAGlT/E
3252 296 3253 299 ‘
3653 290 3720 339 ιω

509 400 813 471 adjuvare‘.
866 411 1168 468 curareque
1224 384 1495 451 nolentem
1553 406 1841 466 aegrotare.
1909 396 1997 449 Att

2228 394 2456 465 οηθῆσαι
2490 394 2568 465 τῷ
2585 395 2802 448 ἀσθενεῖ
2833 395 2976 467 ἐμοὶ,
2996 397 3090 450 καὶ
3124 398 3382 453 ἰάσασθαι
3415 400 3505 453 τὸν
3530 400 3616 455 οὐκ
3640 404 3716 456 ἐθέ-

413 547 415 550 r
510 496 642 550 item
697 503 799 546 tua:
825 490 1184 545 humanitatis
1211 490 1336 554 erit,
1373 504 1434 543 ea
1464 504 1584 556 qua:
1612 504 1639 540 a
1683 497 1732 542 te
1756 489 1870 556 ipso
1896 486 2086 549 habes,

510 586 593 640 vel
625 584 692 638 ab
716 582 890 636 altero
929 580 1193 644 didicisti,
1220 579 1402 633 omnia
1435 586 1617 633 autem
1663 594 1691 632 a
1725 579 1834 632 Deo
1865 578 2087 645 accepi-

508 674 677 739 sti,in
704 688 803 729 nos
836 673 1000 727 etiam
1024 670 1298 725 derivare.
1356 669 1545 739 Neque
1596 670 1779 740 pigeat
1831 686 1897 723 ex
1933 678 2089 737 parte

507 768 673 822 etiam
699 766 802 819 hoc
832 779 929 818 nos
961 763 1225 818 beneﬁcio
1245 763 1482 827 allicere,
1514 779 1636 817 cum
1662 772 1715 817 et
1744 778 1863 826 nos,
1890 778 1934 817 sn
1958 763 2087 831 quid

507 860 878 928 cognovimus,
916 871 1025 910 non
1083 856 1225 909 intra
1263 872 1360 910 nos
1410 857 1809 921 continuimus,
1898 871 2086 910 verum

505 952 669 1005 etiam
755 948 1322 1015 communicavimus,
1391 958 1444 1003 et
1529 947 2082 1014 communicabimus,

510 1050 677 1110 prout
740 1034 1005 1094 liabeiiius
1059 1048 1112 1093 et
1188 1038 1434 1109 proferre
1488 1054 1822 1108 possumus,
1878 1053 1942 1092 ac
1990 1052 2095 1093 vos

507 1137 715 1188 audire.
792 1132 907 1188 lloc
969 1132 1112 1185 enim
1189 1132 1464 1200 proprium
1541 1141 1625 1185 est
1685 1130 2082 1197 humanitatis,

504 1238 565 1282 ut
607 1229 659 1281 in
697 1225 838 1279 nulla
899 1239 955 1278 re
1006 1232 1315 1278 sanctorum
1371 1223 1718 1277 traditionem
1770 1222 2032 1275 violemus
2067 1259 2085 1287 ,

506 1319 608 1373 nisi
665 1318 806 1373 forte
873 1317 956 1370 vel
1009 1318 1075 1369 ad
1138 1314 1543 1385 intelligendum
1602 1313 1686 1367 vel
1738 1314 1801 1365 ad
1826 1312 2087 1382 eloquen-

505 1415 634 1467 dum
688 1410 1078 1464 imbecilliores
1136 1410 1471 1464 exsistimus.
1532 1407 1640 1461 Sed
1697 1408 1812 1460 haec
1842 1406 2081 1475 quidem,

506 1513 565 1558 ut
595 1504 706 1558 Deo
738 1502 935 1571 placet,
973 1501 1053 1555 sic
1113 1501 1375 1564 habeant,
1434 1509 1488 1554 et
1520 1499 1661 1553 dicta
1710 1498 1844 1564 sint,
1887 1513 2006 1566 quae
2055 1512 2085 1549 a

505 1596 665 1650 nobis
717 1594 945 1648 dicenda
1003 1602 1183 1647 erant.
1222 1592 1382 1647 Modo
1436 1607 1567 1647 vero
1621 1592 1743 1645 linis
1792 1590 1868 1645 sit
1926 1588 2085 1657 hujus

504 1682 723 1752 operis,
777 1691 831 1736 et
865 1682 931 1734 ad
964 1681 1110 1735 aliud
1170 1689 1533 1736 transeamus.
1579 1682 1820 1736 Observa
1877 1692 2080 1747 autem,

508 1774 683 1843 ipsum
713 1772 896 1827 dicere
922 1771 1279 1841 Symbolicam
1309 1772 1651 1842 theologiam,
1672 1787 1792 1842 qua:
1819 1773 2084 1826 hactenus

507 1882 611 1921 non
647 1865 870 1934 prodiit.
903 1862 1055 1929 Quod
1086 1864 1129 1917 si
1160 1864 1294 1917 velis
1326 1863 1686 1918 dill‘erentiam
1719 1878 1877 1918 nosse
1923 1865 2083 1918 theo-

506 1957 694 2027 logica:
719 1955 1124 2009 informationis
1174 1964 1231 2009 et
1264 1956 1581 2025 symbolica:
1612 1956 1913 2026 theologiae,
1963 1955 2081 2025 lege

504 2055 665 2115 caput
692 2046 910 2099 tertium
935 2046 1201 2100 sermonis
1232 2045 1310 2099 De
1338 2048 1560 2116 mystica
1586 2048 1865 2117 theologia,
1886 2052 1950 2103 de
1972 2062 2079 2117 quo

500 2140 664 2193 etiam
708 2152 826 2201 nos,
861 2137 969 2191 Deo
997 2137 1181 2203 dante,
1213 2153 1313 2193 suo
1369 2148 1612 2207 tempore
1639 2140 1904 2194 dicemus.

2196 486 2355 539 λοντα
2387 488 2711 559 ἀρρωστεῖν.
2761 489 2872 541 Καὶ
2904 489 3063 543 πάλιν
3086 491 3183 561 τῆς
3221 493 3321 563 σῆς
3370 493 3721 565 φιλανθρωπᾷις

2192 577 2300 647 εἴη,
2336 577 2396 629 τὸ
2428 577 2496 630 τὰ
2534 579 2637 649 μὲν
2666 582 2801 651 παρ’
2831 581 3031 633 ἑαυτοῦ
3060 581 3279 652 ἔχοντα,
3300 583 3373 637 τά
3404 584 3463 636 δὲ
3495 586 3613 655 παρ’
3640 587 3722 639 ἑτέ-

2194 687 2303 739 ρων
2339 670 2696 740 μανθάνοντα,
2734 671 2984 725 πάνταδὲ
3017 674 3235 738 πάντως
3264 677 3333 728 ὲκ
3362 676 3461 729 τοῦ
3482 676 3602 729 Θεοῦ
3622 678 3723 748 λαμ-

2192 762 2443 825 ϐάνοντα,
2486 763 2581 816 καὶ
2604 767 2683 828 εἰς
2702 767 2848 835 ἡμᾶς
2870 766 3202 821 διαϐιϐάσαι.
3223 768 3317 839 Μὴ
3337 768 3471 837 γοῦν
3490 770 3723 844 ἀποκάμῃς

2191 855 2256 906 ἐκ
2287 854 2486 925 μέρους
2508 858 2601 909 καὶ
2632 858 2793 922 αὐτὸς
2809 860 3116 932 εὐεργετῶν
3144 863 3313 932 ἡμᾶς,
3332 863 3460 915 ἐπεὶ
3488 863 3723 933 καὶὴμεῐς.

2190 943 2245 995 εἴ
2269 962 2323 996 τι
2355 944 2420 998 ἂν
2455 948 2535 1010 εἰς
2568 946 2768 1015 γνῶσιν
2789 949 3028 1021 εἴχομεν,
3064 952 3164 1005 οὐκ
3202 952 3440 1023 ἔσχομεν
3484 957 3601 1022 παρ’
3630 956 3722 1005 ἐπι-

2188 1038 2322 1099 τοῖς,
2375 1036 2511 1091 ἀλλά
2552 1040 2647 1092 καὶ⁹
2697 1043 3145 1115 μεταδεδώκαμεν
3167 1084 3182 1108 ,
3219 1046 3315 1097 καὶ
3373 1046 3724 1116 μεταδώσομεν,

2190 1128 2372 1192 καθὼς
2392 1129 2587 1200 ἔχομεν
2610 1133 2701 1184 καὶ
2718 1134 2877 1202 ἡμεῖς
2898 1133 3179 1204 δυνάμεως
3206 1135 3411 1202 λέγειν,
3432 1138 3585 1189 καὶοί
3604 1136 3726 1189 ﬁxo-l-

2188 1236 2338 1281 οντες
2366 1220 2604 1273 ἀκούειν.
2653 1222 2822 1275 Τοῦτο
2862 1222 2971 1294 γὰρ
3018 1223 3437 1294 φιλανθρωπίας
3474 1226 3595 1278 ἴδιον
3637 1227 3723 1278 κατ’

2188 1309 2336 1361 οὐδὲν
2366 1311 2462 1380 τὴν
2477 1310 2587 1363 τῶν
2614 1312 2785 1380 ἁγίων
2808 1312 3116 1376 ἀδικοῦντες
3144 1314 3469 1383 παράδοσιν,
3501 1318 3546 1367 εἰ
3572 1316 3634 1386 μὴ
3649 1320 3725 1385 ip:

2186 1401 2247 1452 οὐ
2269 1400 2630 1472 δυνησόμεθα,
2650 1403 2765 1455 ἀλλ’
2796 1403 2829 1474 ἢ
2864 1403 3004 1457 κατά
3042 1405 3166 1458 νοῦν
3212 1405 3465 1470 ἀσθενεῖς
3494 1408 3723 1477 φανῶμεν,

2187 1493 2219 1564 ἦ
2254 1492 2583 1561 κατὰλόγον.
2632 1494 2790 1547 Ἀλλά
2820 1495 2886 1548 τὰ
2916 1496 3053 1567 μετά
3086 1496 3282 1562 ταῦτα,
3318 1497 3395 1561 ὡς
3420 1498 3498 1569 τῷ
3530 1499 3632 1569 Θεῷ
3665 1502 3725 1567 ςέ-

2186 1586 2297 1650 λον,
2316 1584 2486 1649 οὖτως
2509 1586 2697 1656 ἐχέτω,
2716 1587 2809 1640 καὶ
2830 1586 2971 1640 οὕτω
2991 1587 3233 1656 λεγέσθω
3248 1589 3317 1642 τὰ
3334 1591 3725 1664 ἐπαγγελλόμενα

2187 1675 2435 1745 λέγεσθαι
2462 1678 2589 1747 παρ’
2613 1679 2790 1749 ἡμῶν.
2818 1678 2930 1731 Νῦν
2961 1680 3018 1733 δὲ
3040 1679 3181 1733 ἔστω
3216 1681 3393 1751 πέρας
3436 1686 3500 1753 τῇ
3546 1686 3726 1757 τοιαὺτςλ

2189 1770 2558 1841 πραγματείᾳ,
2596 1772 2689 1823 καὶ
2721 1772 2806 1840 ἐφ’
2840 1771 3031 1843 ἑτέραν
3058 1774 3503 1845 μεταϐησόμεθα.
3527 1777 3724 1847 Σημείω-

2186 1880 2274 1916 σαι
2305 1863 2380 1926 δὲ,
2419 1864 2499 1916 ὅτι
2534 1863 2916 1931 Συμϐολικὴν
2943 1867 3264 1934 θεολογίαν
3297 1866 3449 1935 λέγει
3474 1908 3486 1930 ,
3531 1870 3651 1932 τέως
3674 1869 3727 1939 μὴ

2188 1960 2514 2030 φερομένην.
2552 1961 2613 2013 El
2655 1960 2710 2013 δὲ
2764 1960 2939 2030 βούλει
2980 1959 3079 2031 τὴν
3124 1960 3395 2032 διαφορὰν
3434 1962 3618 2015 εἰδέναι
3656 1965 3725 2033 τῆς

2189 2050 2500 2120 θεολογικῆς
2525 2050 2946 2115 ὑποτυπώσεως,
2983 2051 3079 2105 καὶ
3106 2051 3207 2121 τῆς
3231 2051 3561 2124 συμϐολικῆς
3594 2054 3726 2106 Ocelo

2190 2144 2333 2211 γίας,
2359 2141 2629 2211 ἀνάγνωθι
2652 2142 2712 2197 τὸ
2741 2142 2921 2211 τρίτον
2953 2144 3247 2213 κεφάλαιον
3260 2144 3358 2198 τοῦ
3392 2147 3518 2218 περὶ
3545 2151 3728 2201 Mem»

507 2230 613 2301 ιιῆς
644 2230 953 2299 θεολογίας
984 2229 1166 2298 λόγου,
1199 2232 1327 2303 περὶ
1347 2226 1407 2285 οὗ
1432 2233 1525 2285 καὶ
1576 2235 1757 2303 ἡμεῖς,
1802 2234 1936 2286 Θεοῦ
1952 2234 2204 2303 διδόντος,
2249 2236 2390 2290 κατά
2418 2235 2611 2308 καιρὸν
2632 2236 2875 2309 λέξομεν.
