3772 6300
380 303 484 355 9‘39
1523 292 1579 347 S.
1616 287 1917 346 DIONYSII
1951 285 2418 343 AREOPAGIT/E
3537 287 3659 340 1000

382 420 510 470 tiam
549 428 657 484 est,
691 426 952 486 quantum
1000 413 1081 466 l'as
1104 421 1210 478 est,
1269 407 1834 464 imlemonstrabiliter
1875 421 1930 459 as

2115 409 2161 462 ιὶ
2191 409 2442 481 ἀπολὺτῳ
2465 408 2719 479 καθαρῶς
2740 409 2994 463 ἐκστάσει
3024 408 3163 478 πρὸς
3210 407 3315 478 τὴν
3346 405 3657 478 ὑπεροὺσιον

381 525 610 581 surgas;
644 509 909 577 siquidem
938 522 1034 575 per
1073 504 1301 558 liberam
1328 513 1384 556 et
1417 502 1762 563 absolutam,
1789 509 1843 551 et
1868 514 1930 567 pu

2115 507 2163 559 >5
2198 505 2339 558 θείου
2375 505 2597 567 σκότους
2633 504 2843 565 ἀκτῖνα,
2876 504 3053 556 πάντα
3070 500 3292 571 ἀφελὼν
3328 502 3428 553 καὶ
3452 503 3516 553 ὲκ
3540 502 3660 554 niv-

384 616 505 656 ram
532 603 603 656 tui
639 601 809 670 ipsius
838 615 864 652 a
902 600 1068 652 rebus
1126 597 1383 650 munibus
1438 592 1850 653 avocationem,
1900 588 1969 642 ad

388 693 856 763 Supernaturalem
898 691 1043 744 illum
1082 688 1334 758 caliginis
1361 687 1560 739 divina:
1590 684 1835 745 radium,
1870 680 1969 735 de-

395 786 584 841 tractis
612 783 869 839 omnibus
887 792 941 836 et
966 797 993 834 a
1023 781 1234 835 eunetis
1268 776 1557 847 expeditus
1580 816 1594 838 ,
1617 772 1895 828 eveheris.

2070 620 2179 655 των
2209 599 2514 661 ἀπολυθεὶς,
2542 596 2841 667 ἀναχθήσῃ.

462 1097 585 1151 llaec
614 1103 796 1149 autem
829 1094 974 1157 vide,
1004 1106 1072 1146 ne
1099 1092 1223 1162 quis
1253 1090 1434 1143 audiat
1471 1088 1792 1149 rudiorum;
1827 1086 1965 1138 istos

383 1191 527 1253 dico,
561 1187 655 1255 qui
686 1184 849 1238 rebus
873 1184 890 1255 (
914 1182 1291 1254 naturalibus)
1316 1182 1722 1243 adhaerescunt,
1748 1188 1805 1231 et
1829 1175 1964 1230 nihil

386 1281 529 1333 ultra
566 1278 836 1331 naturalia
864 1275 1356 1347 supernaturaliter
1400 1288 1525 1327 esse
1571 1271 1962 1340 imaginantur,

384 1370 635 1440 quinimo
668 1369 1007 1421 arbitrantur
1039 1382 1137 1420 sua
1167 1366 1476 1437 cognitione
1506 1377 1671 1417 nosse
1698 1378 1843 1424 eum,
1875 1360 1966 1431 qui

383 1462 553 1531 posuit
595 1461 835 1514 tenebras
886 1460 1165 1511 latibulum
1206 1474 1360 1510 suum
1396 1468 1443 1509 Ρ.
1492 1455 1645 1521 Quod
1701 1453 1745 1508 si
1799 1468 1965 1521 supra

386 1564 601 1624 captum
636 1555 829 1607 horum
862 1553 970 1607 sint
999 1551 1311 1606 divinorum
1364 1550 1753 1620 mysteriorum
1806 1547 1964 1601 insti-

386 1651 663 1711 tutiones;
697 1646 826 1715 quid
856 1645 1053 1699 dixerit
1077 1644 1196 1715 quis
1228 1641 1295 1695 de
1332 1642 1439 1696 iliis
1470 1642 1562 1711 qui
1599 1640 1771 1710 magis
1805 1639 1965 1693 rudes

384 1749 533 1803 sunt,
565 1739 659 1808 qui
701 1753 967 1793 summam
1016 1752 1239 1791 causam
1271 1736 1537 1799 omnium,
1562 1749 1630 1789 ex
1663 1735 1727 1787 iis
1757 1747 1877 1801 qua:
1906 1731 1930 1784 il

2115 1722 2437 1795 τερκειμένη

386 1838 578 1883 natura
625 1844 805 1883 rerum
857 1839 1099 1881 extrema
1157 1834 1285 1881 sunt
1338 1826 1665 1894 designant,
1719 1824 1962 1891 nihilque

384 1925 542 1977 aiunt
571 1938 687 1976 eam
720 1919 1047 1974 antecellere
1077 1918 1256 1988 impiis
1302 1917 1598 1972 multarum
1658 1916 1959 1970 formarum

384 2014 738 2083 imaginibus,
770 2028 907 2080 quas
932 2012 1031 2080 ipsi
1066 2000 1297 2081 lingunt,
1321 2026 1446 2064 cum
1479 2014 1761 2076 Oporteret
1784 2011 1837 2062 in
1873 2022 1961 2069 ea,

386 2115 443 2157 ut
468 2105 711 2160 omnium
752 2120 940 2166 causa,
974 2119 1168 2156 omnes
1195 2102 1403 2155 entium
1439 2100 1831 2153 aliirmationes
1856 2106 1967 2152 sla-

382 2208 537 2253 Iuere
562 2213 625 2251 ac
656 2198 725 2252 de
746 2213 808 2253 ca
838 2197 1144 2259 aﬂirmare;
1177 2195 1309 2263 quin
1338 2194 1459 2246 illas
1493 2192 1637 2262 ipsas
1665 2205 1856 2245 omnes
1895 2190 1963 2243 de

379 2312 443 2351 ea
476 2297 648 2368 magis
671 2296 891 2366 proprie
928 2309 1150 2362 negare,
1184 2302 1441 2360 tanquam
1467 2305 1631 2358 supra
1651 2289 1833 2343 omnia
1868 2304 1960 2341 su-

381 2390 798 2457 perexsistente,
836 2400 935 2439 nec
962 2384 1284 2438 existimare
1317 2380 1633 2449 negationes
1652 2377 1968 2432 afﬁrmatio-

382 2481 543 2534 nibus
568 2494 689 2534 esse
718 2477 1049 2541 contrarias,
1077 2476 1172 2530 sed
1198 2475 1373 2544 ipsam
1416 2474 1587 2529 multo
1641 2474 1879 2541 priorem
1912 2482 1967 2526 et

383 2572 723 2639 superiorem
797 2569 1204 2639 privationibus
1256 2581 1380 2622 esse
1426 2582 1589 2636 supra
1641 2581 1857 2621 omnem
1910 2574 1967 2621 et

384 2662 746 2725 ablutionem,
786 2671 841 2714 et
871 2660 1227 2729 positionem.

2139 1075 2356 1131 Τούτων
2384 1071 2440 1124 δὲ
2469 1070 2570 1139 ὅρα
2592 1106 2606 1129 ,
2635 1065 2783 1124 ὅπως
2841 1055 3026 1130 μηδεὶς
3067 1051 3179 1105 τῶν
3218 1045 3490 1139 ἀμυήτων
3532 1042 3655 1094 ἐπα-
3696 1125 3707 1133 ι

2069 1170 2273 1239 κούσηο
2309 1162 2531 1223 τούτους
2564 1157 2623 1210 δέ
2648 1172 2789 1226 φημι
2817 1151 2943 1213 τοὺς
2972 1151 3029 1201 ὲν
3058 1146 3171 1207 τοῖς
3198 1137 3354 1194 οὑσιν
3386 1124 3658 1281 ἐνὶσχημέ-
3682 1140 3705 1199 J:

2214 1230 2225 1242 .
2260 1259 2347 1281 __.\
2391 1256 2538 1281 “'3‘.-.
2568 1251 2711 1281 ,οη-ΧΑ
2731 1248 2797 1281 μὲν
2827 1245 2952 1281 Χυηη
2984 1236 3330 1281 ὕπειουσίιῡε
3366 1226 3449 1281 εἶν
3493 1243 3657 1281 ιφανο

2068 1230 2225 1326 νους,⁸
2258 1259 2353 1313 καὶ
2389 1256 2538 1308 οὐδὲν
2568 1251 2711 1321 ὑπὲρ
2731 1248 2798 1301 τὰ
2827 1245 2957 1297 ὅντα
2984 1236 3330 1310 ὑπερουσίως
3366 1226 3508 1284 εἶναι
3533 1243 3657 1295 φαν-

2067 1353 2418 1425 ταζομένους,
2445 1347 2558 1401 ἀλλ’
2588 1342 2865 1414 οἰομένους
2897 1335 3093 1389 εἰδέναι
3138 1332 3205 1401 τῇ
3247 1325 3376 1381 καθ’
3406 1319 3653 1382 αὐτοὺςτδ

2068 1446 2267 1517 γνώσει
2302 1442 2394 1496 τὸν
2423 1440 2647 1511 θέμενον
2685 1433 2873 1493 σκότος
2913 1421 3243 1496 ἀποκρυφὴν
3288 1414 3478 1470 αὑτοῦ.
3516 1414 3575 1465 Εἰ
3605 1411 3655 1462 δὲ

2071 1542 2213 1611 ὑπὲρ
2232 1536 2453 1597 τούτους
2489 1531 2625 1585 εἰσιν
2654 1528 2709 1579 αἱ
2744 1524 2885 1577 θεῖαι
2920 1512 3343 1590 μυσταγωγίαι,
3392 1508 3447 1560 τί
3480 1507 3543 1561 ἄν
3578 1520 3654 1563 τις

2075 1636 2208 1705 φαίη
2246 1630 2375 1701 περὶ
2416 1626 2525 1679 τῶν
2574 1619 2772 1693 μᾶλλον
2820 1612 3083 1684 ἁμὺστων
3107 1649 3121 1671 ,
3152 1608 3273 1659 ὅσοι
3312 1601 3415 1671 τὴν
3450 1599 3655 1651 πάντων

2443 1736 2470 1770 ν
2500 1714 2679 1769 αἰτίαν
2717 1709 2812 1763 xui.
2838 1711 2903 1760 ὲκ
2938 1702 3045 1757 τῶν
3080 1704 3137 1754 ὲν
3166 1700 3285 1760 τοῖς
3318 1691 3474 1748 οὖσιν
3504 1689 3653 1760 ὲσχάο

2065 1832 2173 1871 των
2197 1808 2708 1887 χαρακτηρίζουσιν,
2727 1802 2819 1856 xu‘t
2841 1796 2992 1851 οὐδὲν
3017 1793 3186 1863 αὑτὴν
3213 1788 3512 1859 ὑπερέχειν
3532 1782 3655 1852 φασὶ

2065 1912 2173 1965 τῶν
2198 1903 2578 1975 πλαττομένων
2596 1899 2773 1958 αὑτοῖς
2798 1890 2973 1945 ἀθέων
2990 1887 3083 1941 καὶ
3113 1879 3417 1936 πολυειδῶν
3449 1891 3656 1975 uagitu-

2020 2054 2023 2057 ,
2073 2004 2278 2077 μάτων,
2310 1998 2426 2051 δέον
2452 1980 2693 2059 ἐπ”αὑτῇ
2717 1987 2809 2041 καὶ
2831 1985 3011 2044 πάσας
3039 1978 3140 2041 τὰς
3167 1976 3280 2028 τῶν
3317 1973 3489 2024 ὄντων
3518 1964 3653 2018 τιθέ-

2848 2075 2854 2077 _
3032 2070 3045 2077 _
3183 2069 3193 2077 _
3425 2065 3436 2077 ,
3483 2061 3493 2075 ,
3593 2056 3651 2077 Δ

2069 2056 2155 2151 ναι
2180 2097 2226 2126 ⁷⁵
2263 2092 2359 2147 καὶ
2390 2084 2763 2153 καταφάσκειν
2801 2075 3000 2137 θέσεις,
3017 2070 3091 2134 ὡς
3123 2069 3351 2123 πάντων
3384 2056 3656 2131 uia-iu,qu

2071 2192 2249 2251 πάσας
2277 2183 2445 2245 αὑτάς
2467 2176 2799 2251 κυριώτερον
2816 2168 3178 2237 ἀποφάσκειν,
3203 2162 3281 2225 ὼς
3314 2160 3460 2228 ὑπὲρ
3491 2154 3654 2206 πάντα

2069 2245 2372 2353 ὑπερούσῃ,
2403 2274 2499 2328 καὶ
2639 2265 2845 2320 οἴεσθαι
2871 2261 2971 2323 τὰς
3000 2256 3309 2324 ἀποφάσεις
3352 2245 3654 2353 ἀντικειμέ-

2068 2395 2165 2441 νας
2182 2344 2334 2427 ἐἶναι
2366 2372 2485 2431 ταῖς
2520 2363 2914 2431 καταφάσεσιν,
2947 2352 3081 2409 ἀλλά
3104 2349 3241 2403 πολὺ
3271 2344 3539 2416 πρότερον
3573 2344 3655 2391 αὖα

2069 2469 2167 2539 τὴν
2196 2466 2335 2534 ὑπὲρ
2359 2461 2456 2523 τάς
2492 2456 2779 2527 στερήσεις
2809 2445 2949 2503 εἷναι
2991 2447 3090 2516 τὴν
3144 2441 3293 2510 ὑπὲρ
3343 2438 3526 2489 πᾶσαν
3568 2430 3652 2482 καὶ

2071 2556 2360 2628 ἀφαίρεσιν
2384 2551 2479 2605 καὶ
2506 2549 2653 2602 θέσιν
2685 2547 2702 2612 ζ

1914 2761 1940 2832 §
2017 2762 2127 2822 Ill.

369 2912 375 2917 ’
453 2920 569 2976 llac
617 2920 809 2989 utique
852 2919 1068 2973 ratione
1109 2917 1270 2971 divus
1300 2914 1733 2971 Bartltolomaeus
1788 2912 1866 2967 ait
1912 2921 1968 2964 ct

380 3014 656 3082 copiosam
710 3027 834 3066 esse
896 3010 1219 3077 theologiam
1250 3050 1266 3074 ,
1321 3018 1377 3065 et
1428 3009 1709 3062 minimam
1743 3045 1759 3070 ,
1804 3014 1966 3073 atque

2147 2904 2302 2957 Οὑτω
2328 2902 2458 2973 γοῦν
2483 2903 2510 2954 ὁ
2532 2901 2673 2962 θεῖος
2700 2892 3101 2969 Βαρθολομαῖός
3125 2888 3172 2925 ⁷⁸
3200 2907 3341 2959 φησι
3364 2930 3377 2950 ,
3412 2889 3506 2941 καὶ
3540 2884 3629 2937 πολ

2074 2998 2171 3070 λὴν
2189 2997 2285 3068 τὴν
2318 2994 2597 3062 θεολογίαν
2630 2987 2767 3044 εἶναι
2800 2989 2893 3043 καὶ
2916 2986 3209 3055 ἐλαχίστην
3228 3002 3241 3013 '
3270 2985 3364 3037 καὶ
3398 2982 3457 3036 τὸ
3488 2982 3648 3047 Εὑαγ-

382 3103 736 3172 Evangelium
761 3101 1000 3171 amplum
1028 3111 1085 3155 et
1114 3116 1394 3171 maguum,
1436 3110 1492 3154 et
1539 3114 1731 3154 rursus
1779 3097 1930 3151 conci

2115 3093 2252 3144 έλιον
2282 3088 2454 3141 πλατὺ
2482 3088 2577 3140 καὶ
2631 3084 2797 3155 μέγα,
2843 3081 2936 3134 καὶ
2987 3075 3144 3141 αὖθις
3203 3073 3647 3145 συντετμημένον.

379 3211 523 3249 sum.
549 3192 707 3259 Illud,
734 3202 793 3245 ut
818 3192 950 3245 mihi
984 3193 1219 3259 videtur,
1238 3192 1440 3248 eximie
1467 3191 1800 3261 intelligens,
1825 3189 1967 3259 quod

381 3284 617 3354 benigna
651 3284 899 3337 omnium
923 3296 1086 3336 causa
1120 3283 1190 3337 sit
1218 3293 1274 3337 et
1313 3283 1662 3351 multiloqua,
1691 3290 1746 3336 et
1776 3280 1967 3335 brevi-

383 3377 548 3446 loqua
582 3375 742 3430 simul
770 3385 931 3443 atque
957 3374 1159 3429 nullius
1207 3374 1483 3429 sermonis
1507 3414 1523 3437 ,
1562 3383 1753 3443 utpote
1809 3373 1965 3441 cujus

382 3482 562 3536 neque
594 3466 761 3520 dictio
811 3480 985 3534 neque
1041 3465 1397 3536 intelligentia
1446 3466 1560 3529 sit,
1588 3464 1715 3532 quia
1752 3464 1968 3517 cunctis

380 3559 585 3613 creatis
600 3557 1127 3625 superessentialiter
1141 3558 1529 3627 supereminet,
1544 3569 1595 3612 et
1614 3557 1820 3624 alisque
1840 3570 1969 3623 0pc—

384 3651 637 3704 rimentis
666 3665 729 3703 ac
755 3662 881 3704 vere
907 3649 1215 3705 oSIenditur
1240 3650 1373 3705 solis
1398 3650 1488 3712 iis,
1508 3649 1599 3719 qui
1628 3657 1824 3703 cuncta
1848 3662 1969 3717 qua:

384 3741 622 3810 impura,
653 3755 885 3809 qumque
914 3755 1049 3807 pura
1082 3748 1233 3805 sunt,
1269 3748 1686 3808 pertranseunt,
1717 3754 1965 3792 omnem-

381 3846 489 3901 que
546 3832 793 3885 omnium
876 3840 1191 3883 sanctorum
1259 3829 1607 3899 fastigiorum
1684 3843 1965 3883 ascensum

387 3924 805 3986 transcendunt,
839 3931 893 3976 et
917 3922 1102 3976 omnia
1132 3921 1313 3976 divina
1353 3909 1574 3984 lumina,
1610 3932 1667 3976 et
1698 3936 1881 3988 sonos,
1913 3929 1968 3975 et

384 4019 669 4071 sermones
701 4014 958 4068 caelestes
993 4013 1354 4082 relinquunt,
1394 4020 1448 4066 et
1471 4012 1524 4065 in
1550 4011 1838 4082 caliginem
1871 4012 1969 4065 ab-

383 4106 708 4167 sorbentur,
738 4104 827 4157 ubi
885 4118 1016 4158 vere
1074 4113 1179 4167 est,
1212 4105 1355 4157 sicut
1408 4103 1481 4155 ait
1527 4102 1831 4167 Scriptura,
1874 4103 1963 4169 qui

383 4209 469 4254 est
493 4200 638 4252 ultra
673 4197 880 4251 omnia.
910 4195 1030 4251 Non
1065 4198 1211 4252 enim
1265 4205 1470 4249 temere
1515 4195 1731 4249 divinus
1753 4193 1966 4264 Moyses

383 4293 593 4363 expiari
623 4293 854 4362 primum
894 4292 1013 4362 ipse
1038 4290 1291 4360 jubetur,
1340 4303 1404 4343 ac
1445 4287 1642 4341 deinde
1669 4302 1698 4340 a
1728 4301 1835 4341 non
1864 4301 1964 4340 ex—

332 4449 343 4458 .
385 4382 549 4451 piatis
582 4384 888 4453 segregari,
918 4393 974 4435 et
1001 4395 1125 4453 post
1155 4397 1372 4437 omnem
1399 4380 1765 4449 expiationem
1802 4379 1961 4453 54],

2083 3183 2237 3253 Ἐμοὶ
2261 3181 2408 3233 δοκεῖ
2428 3180 2471 3209 ⁷⁷
2507 3179 2683 3231 ἐκεῖνο
2715 3172 3009 3245 ὑπερφυῶς
3033 3169 3320 3239 ἐννοήσας,
3352 3168 3437 3220 ὅτι
3456 3167 3641 3220 καὶπο-

2069 3261 2293 3343 λὺλογόξ
2322 3276 2470 3326 ἐστιν
2500 3273 2532 3341 ἡ
2576 3267 2757 3339 ἀγαθὴ
2784 3266 2999 3319 πάντων
3033 3264 3207 3325 αἰτία,
3260 3262 3361 3316 καὶ
3405 3257 3647 3331 βραχὺλε-

2070 3384 2197 3429 κτος
2224 3366 2339 3434 ἅμα
2388 3363 2481 3415 καὶ
2535 3361 2745 3427 ἄλογος,
2798 3358 2874 3421 ὡς
2927 3355 3052 3409 οὑτε
3109 3354 3271 3422 λόγον
3324 3352 3456 3405 οὔτε
3487 3350 3648 3421 νόησιν

2032 3492 2035 3493 ν
2072 3457 2290 3529 ἔχουσα,
2321 3454 2408 3508 διὰ
2436 3454 2500 3506 τὸ
2527 3454 2742 3506 πάντων
2765 3450 2935 3519 αὑτὴν
2964 3446 3315 3517 ὑπερουσίως
3339 3439 3649 3513 ὑπερκειμέ-

2070 3568 2166 3622 νην
2189 3546 2346 3611 εἶναι,
2379 3548 2473 3601 καὶ
2504 3546 2683 3616 μόνοις
2707 3539 3188 3613 ἀπερικαλὺπτως,
3214 3538 3313 3589 xui.
3336 3536 3546 3606 ἀληθῶς
3567 3536 3647 3587 ἐκ·

2071 3640 2406 3713 φαινομένην
2426 3640 2543 3700 τοῖς
2571 3637 2665 3689 καὶ
2692 3634 2760 3687 τά
2788 3633 2958 3702 ἐναγῆ
2986 3631 3171 3683 πάντα
3207 3629 3306 3682 καὶ
3354 3628 3425 3681 τὰ
3455 3624 3647 3694 καθαρὶ

2068 3730 2425 3791 διαϐαίνουσι,
2463 3729 2558 3781 καὶ
2579 3727 2757 3779 πᾶσαν
2778 3721 2968 3775 πασῶν
2994 3719 3167 3788 ἁγίων
3186 3721 3509 3791 ἀκροτήτων
3534 3716 3645 3769 ave-

2071 3825 2230 3878 ϐασιν
2266 3818 2687 3892 ὑπερϐαίνουσι,
2732 3816 2826 3867 καὶ
2873 3814 3053 3866 πάντα
3096 3811 3221 3863 θεῖα
3264 3812 3311 3843 7‘
3346 3812 3530 3879 φῶτα,
3568 3808 3648 3859 καὶ

2069 3917 2255 3987 ἤχους,
2292 3914 2387 3967 καὶ
2410 3912 2603 3980 λόγους
2636 3908 2920 3980 οὐρανίους
2946 3903 3397 3975 ἀπολιμπάνουσι
3419 3944 3433 3967 ,
3462 3900 3549 3955 καὶ
3580 3902 3648 3961 είς

2069 4010 2161 4063 τὸν
2189 4008 2387 4077 γνὸφον
2412 4002 2797 4075 είσδυομένοις,
2829 3996 2889 4053 οὑ
2910 3999 3079 4061 ὅντως
3104 4000 3281 4061 ἐστὶν,
3316 3997 3395 4061 ὡς
3410 3996 3476 4048 τὰ
3511 3993 3646 4061 λόγιὰ

2070 4117 2235 4170 φησιν
2262 4139 2276 4162 ,
2305 4100 2333 4150 ὁ
2360 4098 2580 4151 πάντων
2626 4093 2902 4147 ἐπέκεινα.
2941 4091 3051 4144 Καὶ
3088 4089 3203 4160 γὰρ
3248 4089 3355 4159 οὑχ
3402 4084 3578 4147 ἀπλῶς
3622 4084 3645 4133 ὁ

2070 4193 2210 4255 θεῖος
2243 4190 2482 4258 Μωῦσῆς
2509 4185 2956 4256 ἀποκαθαρθῆναι
2994 4182 3218 4253 πρῶτον
3248 4182 3417 4243 αὑτὸς
3449 4177 3645 4232 κελεύε-

2067 4302 2158 4337 ται
2188 4284 2257 4348 τ’,
2288 4284 2383 4336 καὶ
2404 4278 2559 4343 αὖθις
2588 4281 2695 4345 τῶν
2727 4279 2801 4349 μὴ
2831 4276 3089 4330 τοιούτων
3130 4274 3538 4346 ἀφορισθῆναι,
3566 4269 3645 4323 καὶ

2074 4374 2210 4447 μετά
2241 4363 2422 4427 πᾶσαν
2439 4371 2815 4441 ἀποκάθαρσιν
2838 4367 3026 4421 ἀκούει
3048 4368 3161 4420 τῶν
3180 4366 3520 4435 πολυφώνων
3546 4360 3646 4415 σαλ-

384 4475 537 4528 audit
566 4474 890 4529 multisonas
923 4475 1082 4529 tubas
1109 4514 1124 4540 ,
1184 4474 1471 4541 cernitque
1510 4473 1677 4527 multa
1734 4473 1930 4526 lumina

2120 4470 2308 4537 ίγγων,
2344 4466 2389 4496 ⁸⁸³
2425 4464 2527 4534 ὁρᾷ
2584 4462 2742 4531 φῶτα
2792 4459 2963 4513 πολλὰ
2992 4501 3007 4523 ,
3063 4459 3324 4531 καθαρὰς
3382 4454 3642 4525 ἀπαστρά-

384 4582 553 4637 puros
578 4582 642 4621 ac
676 4564 1003 4637 multiplices
1027 4567 1209 4621 radios
1237 4566 1505 4637 jacentia:
1547 4568 1888 4635 postmodum
1931 4580 1960 4618 a

386 4659 739 4714 nudtitudine
779 4668 1091 4729 separatur,
1122 4670 1326 4713 etcum
1362 4659 1552 4713 electis
1586 4659 1963 4714 sacerdotibus

383 4754 454 4807 ad
486 4768 759 4808 summum
792 4752 1072 4822 fastigium
1105 4753 1417 4807 divinorum
1464 4767 1787 4807 ascensuum
1839 4769 1965 4823 per-

386 4848 611 4918 tingitQ.
655 4847 762 4901 Sed
798 4848 1058 4901 hactenus
1108 4849 1349 4901 nondum
1395 4856 1647 4901 versatur
1695 4862 1816 4901 cum
1847 4848 1963 4917 ipso

382 4939 519 5004 Deo,
554 4954 656 4993 nec
687 4952 810 4991 eum
846 4940 992 4992 videt
1019 4936 1462 5008 (inaspectabilis
1504 4938 1648 4991 enim
1687 4937 1824 5005 est),
1868 4938 1962 4991 sed

382 5029 566 5083 locum
602 5029 691 5082 ubi
720 5029 876 5082 stetit
902 5037 945 5081 ε.
977 5026 1091 5083 Hoc
1135 5039 1317 5083 autem
1342 5028 1597 5082 existimo
1623 5026 1959 5095 signiﬁcare,

384 5122 726 5177 divinissitna
751 5132 1037 5176 etsumma
1074 5135 1265 5175 eorum
1296 5136 1417 5189 qua:
1447 5129 1751 5174 cernuntur
1774 5128 1830 5171 et
1877 5118 1961 5171 in-

388 5214 728 5283 telliguntur,
768 5214 1009 5266 rationes
1062 5213 1329 5283 quasdam
1359 5226 1479 5266 esse
1516 5226 1636 5280 qua:
1676 5209 1965 5277 subjiciam

455 5338 484 5377 ιι
520 5327 665 5382 Psal.
704 5342 843 5394 xm,
879 5325 965 5379 12.
1046 5335 1073 5375 τι
1112 5326 1277 5379 Exod.
1312 5341 1424 5380 xix.

1524 5334 1547 5361 τ
1583 5318 1760 5377 Exod.
1799 5340 1999 5378 xxxiii.

2073 4573 2275 4612 πτοντα
2317 4556 2361 4587 ⁸¹
2394 4554 2491 4606 καὶ
2520 4552 2852 4623 πολυχὺτους
2880 4552 3104 4613 ἀκτῖνας
3125 4566 3137 4578 ⁸
3166 4545 3293 4602 εἶτα
3324 4547 3437 4601 τῶν
3459 4542 3643 4599 πολλῶν

2072 4646 2514 4721 ἀφώρισται,καὶ
2556 4647 2695 4699 κατά
2726 4648 2770 4678 ⁸²
2796 4644 2904 4697 τῶν
2932 4644 3207 4713 ἐκκρίτων
3252 4644 3300 4674 ⁸³
3336 4642 3524 4713 ἱερέων
3566 4635 3644 4690 ἐπὶ

2071 4744 2169 4815 τὴν
2196 4742 2475 4813 ἀκρότητα
2499 4739 2607 4792 τῶν
2632 4739 2790 4793 θείων
2811 4738 3129 4793 ἀναόἀσεων
3152 4735 3374 4804 φθάνει.
3403 4736 3518 4793 Κάν
3540 4730 3644 4783 τού-

2069 4856 2185 4902 τοις
2209 4835 2357 4906 αὑτῷ
2387 4836 2484 4907 μὲν
2506 4836 2566 4888 οὑ
2601 4835 2910 4904 συγγίνεται
2940 4831 3019 4902 τῷ
3047 4828 3191 4899 Θεῷ,
3228 4830 3431 4901 θεωρεῖ
3483 4828 3533 4881 δὲ
3562 4826 3644 4877 οὐκ

2072 4930 2233 4983 αὑτὸν
2285 4929 2545 4999 (ἀθέατος
2565 4928 2741 4999 γάρ’)
2786 4925 2920 4979 ἀλλά
2972 4925 3064 4977 τὸν
3114 4924 3285 4976 τόπον
3327 4918 3389 4977 οὑ
3434 4926 3542 4975 ἐστι
3578 4916 3641 4965 8‘.

2071 5022 2241 5075 Τοῦτο
2268 5021 2325 5074 δὲ
2352 5018 2505 5091 οἶμαι
2537 5020 2822 5092 σημαίνειν
2837 5020 2881 5051 ⁸⁵
2910 5018 2971 5072 τὸ
2992 5016 3060 5071 τὰ
3086 5018 3349 5071 θειότατα
3380 5018 3474 5071 καὶ
3502 5009 3643 5082 nix?"

2068 5132 2207 5169 τατα
2239 5115 2348 5167 τῶν
2367 5113 2660 5185 ὁρωμένων
2684 5112 2778 5167 καὶ
2792 5112 3096 5182 νοουμένων
3121 5110 3484 5173 ὑττοθετικοὺς
3514 5118 3642 5163 τινας

2070 5204 2210 5263 εἶναι
2242 5207 2433 5275 λόγους
2468 5205 2579 5259 τῶν
2626 5204 3082 5275 ὑποϐεϐλημένων
3132 5203 3215 5274 τῷ
3247 5206 3433 5262 πάντα

1659 5479 1892 5535 VARUE
1962 5480 2256 5537 LECTION
2264 5481 2367 5535 ES.

453 5598 499 5629 ⁷⁵
531 5599 804 5668 οἰομένους
838 5596 995 5662 ε’ναι,
1031 5599 1129 5655 Clt.
1166 5600 1285 5652 κατ’
1309 5600 1522 5663 αὐτούς,
1558 5599 1617 5653 D.
1652 5599 1774 5652 καθ’
1810 5599 2055 5664 ἑαυτούς,
2078 5600 2135 5653 S.

2054 5672 2099 5701 ⁸⁰
2136 5669 2247 5723 καί.

1117 5670 1173 5723 S.
1196 5670 1255 5721 P.

650 5737 864 5810 “iam,
902 5740 941 5794 S
995 5742 1053 5794 ι».
1093 5742 1152 5793 υ.
1194 5742 1284 5795 Se.

386 5667 449 5722 Ι).
527 5670 570 5700 ⁷⁸
599 5667 775 5722 πάντα
808 5671 874 5722 τὰ
909 5670 1047 5735 θεῖα,

387 5740 440 5793 S.
478 5739 536 5792 P.

1331 5672 1374 5701 79
1406 5669 1859 5740 παρακελεύεται.
1904 5671 1959 5724 S.

1363 5741 1406 5772 ⁸⁸
1444 5740 1715 5809 σημαίνει.

2213 5601 2258 5630 ⁷⁵
2290 5598 2544 5653 τεθεῖναι,
2582 5593 2641 5647 S.
2720 5595 2765 5624 ⁷⁵
2792 5592 3217 5665 Βαρτολομαῖος’
3256 5593 3323 5648 ι).
3403 5592 3634 5653 τειρσςοχεῖνν

2326 5670 2366 5700 ει
2404 5666 2802 5737 ἀστράπτοντα,
2844 5664 2899 5719 S.
2973 5666 3017 5696 ⁸²
3054 5666 3218 5736 μετά.
3300 5666 3347 5697 ⁸³
3373 5664 3634 5736 ὲγκρίτων,
