3742 6338
354 308 492 367 toos
1504 304 1561 357 s.
1603 301 1901 359 DlONYSli
1942 301 2405 359 AREOPAGI‘ME
2888 267 2893 270 ’
3508 303 3653 358 iam

351 424 580 477 siet-inm
620 421 980 476 sanctissima.
1004 418 1289 474 Trinitatis
1329 418 1485 473 nobis
1523 418 1783 483 declaret,
1808 433 1931 470 cum
1959 427 2183 472 econtra
2225 421 2402 474 omnis
2434 419 2695 485 cognitio,
2728 434 2892 489 quam
2935 420 3199 475 habemus
3231 413 3295 473 es
3327 422 3627 474 creaturis

353 497 608 549 videatur
636 493 817 560 potius
851 493 1162 553 ostendere,
1195 490 1298 545 hoc
1326 494 1646 561 mysterium
1676 505 1801 561 esse
1824 488 2179 561 impossibile.
2214 490 2394 555 Quare
2426 492 2528 545 etsi
2569 490 2671 544 hoc
2702 488 3016 561 mysterium
3048 509 3155 544 non
3198 493 3270 543 sit
3308 501 3528 545 contra
3568 508 3626 543 ra

353 568 577 620 tionem.
611 566 690 632 (ut
721 563 884 629 aliqui
920 562 1056 615 falso
1089 560 1391 632 dixerunt;
1427 561 1553 630 quia
1583 560 1844 632 quidquid
1877 560 2104 632 veritati
2132 561 2528 632 contrarialnr,
2574 577 2677 614 non
2711 560 2872 617 debet
2911 564 3016 616 dic'i
3056 563 3227 620 ratio.
3259 562 3359 615 sed
3392 575 3638 632 error;

351 648 436 690 est
465 630 641 687 tamen
670 650 830 701 sttpra
864 648 1082 687 omnem
1110 631 1376 685 rationein
1412 631 1734 691 naturalem,
1775 632 1844 683 ita
1879 640 1956 688 ut.
1997 630 2206 683 seclusa
2234 631 2588 698 revelatione,
2627 648 2904 696 nunquam
2940 634 3103 700 possit
3139 632 3319 695 nobis,
3361 630 3633 700 tanqnart

354 706 586 776 positive
614 704 914 773 probabile,
943 703 1129 776 venire
1158 702 1501 776 in_nieuten_i,
1535 701 1634 776 hoc
1664 701 1981 771 mysterium
2014 716 2135 754 esse
2152 702 2446 776 possibile,
2476 703 2600 776 quia
2636 703 2767 776 nihil
2799 714 2880 757 est
2912 708 3054 755 unde
3089 702 3641 776 t‘:l_tn_COgllili0n8ll

353 771 628 845 possimus
653 776 963 839 concipere,
992 773 1066 845 uti
1094 773 1293 840 passim
1323 771 1555 845 theologi
1584 772 1635 824 in
1667 782 1887 845 pariet,
1922 780 2119 845 quaist.
2149 771 2240 845 52,
2274 774 2491 845 docent.
2520 771 2690 845 Simul
2731 782 2911 827 tamen
2942 784 3087 845 recte
3127 771 3336 825 dicitur
3366 773 3487 845 hoc
3524 790 3648 843 my-

353 840 580 901 sterium
629 860 966 916 supraquamy
999 843 1211 916 lucens;
1247 845 1382 916 quia
1401 843 1489 897 ubi
1516 840 1703 896 lnmcn
1739 840 1967 916 rationis
1996 841 2213 916 caecutit
2234 854 2290 916 et
2320 842 2521 907 deficit,
2547 843 2621 898 ibi
2654 844 2830 898 lumen
2870 844 2992 916 ﬁdei
3033 847 3246 898 acutius
3280 844 3489 897 rutilat
3527 840 3652 898 cre-

353 916 552 977 dendo,
589 911 751 983 quam
787 911 1055 984 quiclibet
1097 914 1269 980 logica
1306 914 1386 965 vel
1435 914 1820 984 mathematica
1858 911 2202 984 ratiocinatio
2239 914 2692 977 demonstrando,
2736 916 2934 984 quippe
2972 914 3150 968 lumen
3190 917 3650 978 supcriiatnrale

354 997 520 1053 atque
548 982 853 1047 infallibilc,
916 983 1058 1052 quod
1096 984 1202 1036 falli
1237 1000 1343 1038 non
1374 992 1567 1052 potest,
1605 999 1701 1037 nec
1734 983 1955 1044 fallere;
2004 990 2145 1035 unae
2183 982 2306 1037 licet
2346 984 2546 1036 nullam
2599 982 2777 1052 pariat
2813 982 3169 1045 evidentiam,
3221 984 3391 1037 habet
3446 994 3645 1038 tamen

353 1058 736 1113 certitudinem
776 1055 1018 1124 qualibet
1051 1055 1323 1124 evidentia
1359 1054 1642 1119 majorem.
1676 1054 1905 1124 Possunt
1943 1053 2054 1105 haec
2088 1055 2252 1106 etiam
2292 1055 2359 1108 de
2402 1054 2489 1107 illa
2531 1056 2864 1109 revelatione
2896 1055 3104 1122 accipi,
3141 1070 3261 1122 qua:
3307 1054 3645 1109 claritatem

354 1128 557 1182 habeat
587 1142 654 1180 ex
684 1122 980 1185 revelante.
1008 1124 1094 1177 ubi
1123 1122 1387 1188 simplicia
1422 1138 1468 1177 et
1500 1126 1764 1185 absoluta,
1799 1123 1848 1176 id
1879 1134 1961 1196 est
1990 1137 2202 1196 caquie
2229 1125 2369 1177 nmlc
2398 1125 2556 1179 sicuti
2592 1135 2740 1187 sunt,
2774 1127 2892 1179 sine
2919 1127 3237 1196 syniliolicis
3270 1128 3644 1191 integumen-

357 1200 443 1265 tis,
478 1205 532 1251 et
562 1199 680 1251 sine
706 1196 1005 1265 parabolis,
1036 1212 1101 1250 ac
1125 1197 1243 1248 sine
1269 1197 1472 1252 verbis.
1508 1212 1628 1261 qua:
1664 1194 2028 1263 explicatione
2067 1194 2332 1261 indigent,
2378 1196 2760 1265 intelliguntur
2793 1206 2845 1249 ct
2874 1194 3149 1259 videntur,
3186 1196 3296 1265 Deo
3334 1197 3643 1263 aperiente

355 1264 636 1337 mysteria,
663 1264 783 1333 qua:
819 1269 898 1319 sic
935 1276 1156 1337 ostensa
1192 1276 1244 1319 ct
1275 1266 1534 1329 revelata,
1560 1280 1664 1337 non
1695 1273 1922 1329 possunt
1947 1274 2133 1330 postea
2159 1280 2410 1337 sermone
2440 1264 2710 1337 expromi.
2734 1266 2877 1320 sicut
2901 1266 2959 1320 S.
2996 1266 3195 1319 Paulus
3238 1264 3509 1334 Dionysii
3563 1266 3643 1318 in-

352 1334 595 1399 stitutor,
623 1343 689 1391 de
723 1336 1027 1404 liujnsmodi
1063 1336 1271 1389 visione
1306 1351 1367 1390 ac
1403 1336 1735 1388 revclatione
1765 1337 2150 1404 mysteriorum
2188 1334 2420 1403 simplici
2455 1345 2510 1389 et
2539 1336 2809 1401 absoluta,
2840 1338 2891 1391 id
2921 1346 3007 1390 est
3038 1338 3178 1390 nuda
3209 1347 3265 1390 et
3292 1347 3533 1403 aperta,
3564 1354 3645 1388 re-

355 1410 518 1463 motis
543 1408 807 1479 symbolis
835 1408 1109 1479 etverbis
1132 1406 1501 1479 explicatione
1540 1406 1933 1479 indigentibus,
1980 1405 2031 1457 iii
2074 1416 2231 1479 raptu
2262 1406 2365 1479 illo
2395 1421 2493 1479 suo
2520 1408 2778 1479 scripsit;
2817 1407 2950 1479 Qua:
2983 1425 3087 1460 non
3117 1409 3255 1464 licet,
3296 1409 3517 1474 inquit,
3550 1410 3645 1457 lia.

353 1480 485 1532 mitti
519 1475 661 1549 loqui
690 1490 757 1540 υς
796 1478 861 1530 ad
893 1477 994 1549 hoc
1027 1478 1169 1549 enim
1206 1477 1414 1549 videtur
1442 1475 2014 1549 Dioiiysznsrctnlisse
2044 1476 2307 1549 qnodhic
2337 1477 2495 1540 dixit,
2524 1476 2577 1528 in
2605 1477 2830 1546 caligine
2866 1478 3147 1549 plusquam
3182 1481 3392 1529 lucente
3424 1478 3643 1529 silentii

353 1566 554 1602 arcana
584 1545 844 1601 'tlocentis.
870 1547 1167 1616 Ualigineiii
1197 1546 1433 1610 vocavit,
1466 1545 1592 1615 qua:
1627 1545 1847 1611 Paulus,
1880 1545 2116 1617 ἆρῤητα,
2161 1545 2210 1598 id
2248 1554 2332 1599 est
2367 1564 2566 1600 arcana
2593 1563 2612 1611 ;
2649 1545 2761 1601 [nec
2793 1547 2937 1600 enim
2972 1549 3397 1609 obscurissima,
3425 1561 3489 1599 et
3524 1564 3643 1615 qua:

353 1619 613 1688 explicari
645 1633 749 1671 non
786 1627 1017 1686 possunt
1052 1618 1216 1677 (sicut
1246 1631 1418 1688 neque
1451 1617 1620 1670 vuleri
1661 1629 1839 1685 potest
1866 1620 2061 1681 caligo,
2099 1631 2273 1685 neque
2304 1633 2424 1683 qua:
2457 1617 2691 1685 caligine
2715 1619 2932 1671 obtecta
2966 1628 3115 1677 sunt)
3144 1619 3299 1681 vidit,
3336 1628 3393 1669 et
3423 1634 3644 1681 Cogno-

354 1686 440 1743 vit
466 1690 665 1742 Paulus
696 1691 748 1740 in
780 1691 894 1740 lucc
923 1688 1242 1741 clarissima:
1273 1686 1616 1740 revelationis
1652 1690 1767 1740 sine
1790 1687 1923 1740 'nllis
1947 1687 2227 1756 symbolis.
2264 1687 2397 1741 illud
2428 1689 2593 1741 etiam
2630 1690 3027 1743 observandum
3058 1698 3141 1742 est
3171 1690 3263 1754 (ne
3294 1704 3371 1756 qu
3397 1704 3425 1741 s
3459 1693 3641 1741 inier-

354 1760 719 1828 pretationem
755 1770 958 1828 temere
991 1758 1372 1826 reprehendat,
1405 1758 1545 1826 quod
1576 1759 1864 1823 vertimus,
1891 1759 2205 1824 aperiuntur
2234 1759 2287 1811 in
2320 1758 2566 1828 caligine)
2598 1759 2737 1812 male
2766 1760 2871 1827 legi
2917 1762 2967 1812 in
3008 1760 3419 1826 exemplaribus
3448 1758 3639 1813 hacte.

357 1826 459 1884 tius
486 1831 647 1882 editis
679 1826 1104 1897 ἐγκαλύπτεται,
1151 1830 1201 1881 id
1236 1836 1319 1881 est
1349 1840 1621 1898 teguntur,
1653 1843 1775 1881 cum
1813 1830 2003 1882 melius
2048 1831 2311 1898 repererit
2350 1827 2650 1882 Turrianus
2689 1826 2875 1883 noster
2905 1832 2956 1882 in
2995 1830 3293 1896 exemplii-i
3338 1845 3448 1883 ius.
3491 1830 3639 1894 quod

357 1900 757 1970 Cyparissiotus
788 1901 991 1963 habuit,
1018 1898 1443 1961 ὲκκαλύπτεται,
1482 1898 1532 1951 id
1577 1909 1661 1953 est
1695 1900 2036 1970 deteguntur.
2066 1897 2163 1952 Cui
2214 1899 2377 1951 etiam
2436 1900 2659 1967 lctlioni
2697 1900 3019 1966 astiptilatur
3056 1916 3157 1955 ins.
3192 1900 3489 1965 exemplar
3521 1898 3641 1952 Ce-

356 1969 595 2027 sarenm.
628 1969 803 2023 Possit
828 1971 993 2022 etiam
1026 1986 1130 2022 non
1164 1972 1455 2037 incongrue
1487 1985 1581 2037 per
1609 1971 1896 2037 caliginem
1933 1969 2154 2037 intelligi
2188 1970 2343 2039 liilcs,
2376 1985 2496 2039 qua:
2524 1978 2607 2024 est
2635 1976 3019 2036 sperandarum
3066 1970 3376 2022 substantia
3424 1986 3633 2028 rerum,

357 2051 723 2110 argumentum
754 2056 858 2092 non
890 2045 1319 2108 apporentium'.
1347 2038 1629 2110 Siquidem
1677 2040 1728 2091 in
1771 2039 1882 2102 illa,
1928 2051 2147 2109 propter
2180 2038 2342 2109 5&3
2374 2038 2762 2093 obscuritatem
2801 2041 2941 2109 ejus,
2975 2050 3228 2106 ιςιιι-ιιιειιιι
3268 2040 3324 2092 in
3374 2043 3635 2109 caligine,

358 2109 453 2166 sed
483 2123 707 2181 propter
737 2112 1206 2177 supernatiiralein
1236 2124 1395 2178 quam
1420 2124 1482 2161 cit
1515 2109 1700 2162 divino
1729 2111 2036 2163 testimonio
2067 2122 2357 2178 participat
2382 2111 2792 2175 certitudinem,
2845 2127 3168 2180 supraquam
3197 2110 3435 2175 lucente,
3462 2127 3630 2181 supra

356 2180 915 2236 omneiii'tiattiralein
949 2182 1487 2241 denionstrationcm,
1518 2180 1804 2241 silentium,
1838 2181 2110 2248 quoddam
2160 2183 2429 2248 reperitur
2476 2196 2692 2234 arcana:
2738 2195 2835 2235 seu
2879 2186 3123 2250 mystica:
3171 2180 3462 2243 doctrinis,
3514 2180 3634 2247 qua:

357 2268 462 2305 non
496 2262 574 2306 est
601 2254 654 2305 in
677 2252 1108 2319 persuasibilibus
1140 2256 1385 2303 humana:
1413 2250 1689 2314 sapientia:
1722 2252 1910 2312 verbis,
1934 2253 2023 2302 sed
2059 2251 2111 2302 in
2138 2252 2441 2304 ostensione
2466 2268 2524 2319 sp
2553 2264 2683 2303 ritus
2714 2262 2760 2303 et
2790 2252 3026 2315 virtutis,
3056 2262 3110 2303 ut
3138 2252 3272 2318 ﬁdes
3302 2263 3493 2304 nostra
3528 2269 3633 2303 non

355 2335 424 2376 sit
454 2326 507 2376 in
524 2324 795 2389 sapientia
827 2322 1123 2387 hominum,
1164 2321 1254 2372 sed
1298 2322 1352 2371 in
1396 2322 1586 2372 virtute
1619 2319 1778 2372 DeiX.
1814 2322 1946 2385 Qua:
1972 2320 2030 2373 in
2061 2319 2382 2374 obscuritate
2421 2322 2923 2386 tetiebrs'cosissima,
2956 2331 3181 2389 propter
3224 2323 3632 2376 incvidcntiain

355 2408 540 2447 rerum
575 2392 992 2454 Cl‘cdelltlat‘tllll,
1035 2391 1153 2458 plus
1183 2406 1359 2462 quant
1391 2389 1704 2456 clarissime,
1750 2400 1969 2458 propter
2007 2392 2333 2445 evidentiam
2376 2392 2775 2452 (retlibilitatis,
2819 2409 2979 2461 quam
3019 2392 3237 2462 pariunt
3276 2405 3424 2446 noue
3470 2395 3630 2455 lidei;

358 2464 656 2533 superi-acet
695 2478 853 2533 supra
887 2476 1101 2515 omnem
1132 2461 1491 2533 scientilicam
1526 2463 2072 2533 demonstrationem.
2106 2472 2324 2529 propter
2355 2464 2593 2517 divinam
2630 2461 3041 2523 revela-tonent,
3077 2466 3163 2514 cui
3197 2477 3471 2533 assensus
3507 2466 3629 2516 tidei

360 2532 673 2588 immediate
706 2532 984 2595 innititur,
1025 2544 1079 2585 et
1118 2532 1312 2585 eximie
1338 2532 1716 2585 certitudinem
1759 2533 1986 2585 sortitur
2024 2538 2235 2599 (utpote
2275 2540 2777 2600 supcrnatnralein)
2827 2534 3070 2601 qualibet
3106 2532 3347 2586 naturali
3394 2538 3627 2586 scientia

364 2607 538 2673 magis
566 2602 926 2657 iiil’allibilein.
962 2601 1029 2673 Et
1055 2602 1107 2653 in
1136 2601 1442 2673 omnimodo
1473 2602 1881 2673 intangibilitate
1898 2613 2059 2673 atque
2079 2602 2447 2656 invisibilitnte
2472 2604 2854 2673 mysteriorum
2880 2619 3095 2656 onmem
3125 2612 3332 2657 tactuai
3363 2613 3421 2657 et
3452 2606 3628 2656 visunt

360 2670 734 2743 υίίἰῐειιιιιιιιιιιι
766 2670 1116 2743 prtepnlcltris
1148 2672 1520 2743 splendoribus
1551 2672 1772 2725 luminis
1804 2670 1994 2737 divini,
2026 2674 2213 2743 mentis
2239 2675 2409 2726 oculis
2437 2670 2641 2738 captus,
2690 2676 2740 2727 id
2785 2683 2888 2737 est,
2932 2688 3231 2727 secundum
3274 2675 3627 2741 Apostoluin,

361 2749 415 2798 in
454 2740 810 2810 captivitatem
840 2740 1131 2812 rédigentes
1165 2757 1369 2813 omnem
1393 2741 1709 2795 intellectum
1744 2743 1798 2795 in
1827 2743 2133 2812 obsequium
2170 2740 2432 2797 C/tristit‘.
2460 2745 2885 2813 Superadimplet
2926 2746 3069 2797 omni
3098 2743 3300 2811 gaudio
3330 2740 3385 2795 et
3415 2760 3552 2811 pace
3578 2747 3629 2798 in

350 2817 619 2869 credendo
652 2815 716 2866 1.?
742 2825 799 2866 ut
827 2811 1035 2883 possint
1091 2811 1524 2880 comprehendere
1553 2829 1671 2865 cum
1702 2811 1966 2885 omnibus
1989 2816 2204 2877 sanctis,
2224 2830 2343 2885 qua:
2369 2824 2435 2867 sit
2468 2811 2696 2867 latitudo
2725 2811 3100 2883 et‘tongitudo,
3131 2824 3179 2865 et
3209 2817 3549 2875 sublimitas,
3584 2828 3629 2867 et

360 2888 684 2955 profundum
716 2898 735 2936 :
768 2887 905 2938 scire
931 2886 1089 2938 etiam
1120 2885 1588 2950 supereminentem
1617 2888 1851 2938 scientia:
1881 2884 2179 2937 claritatem
2213 2884 2432 2951 Christi,
2470 2895 2525 2937 ut
2564 2886 2893 2954 impleantur
2920 2887 2974 2937 in
3007 2900 3213 2955 omnem
3236 2887 3629 2952 plenitudinem

359 2953 460 3010 Dei
483 2967 536 3010 ι.
588 2955 718 3011 ﬂwc
748 2957 977 3025 quidem,
1013 2956 1211 3023 inquit,
1242 2968 1369 3025 mea
1413 2957 1516 3006 sint
1561 2968 1701 3019 vota,
1733 2957 1836 3007 hoc
1873 2965 1953 3006 est
1997 2957 2141 3023 quod
2177 2968 2331 3024 opto,
2370 2957 2515 3024 quod
2549 2953 2820 3009 desidero.
2871 2955 3139 3023 Deinceps
3172 2953 3535 3008 Timotheum
3567 2960 3628 3007 ad

364 3030 651 3097 mysticam
688 3023 1209 3097 contemplationem
1238 3023 1548 3097 inl'ormans
1571 3027 1689 3078 ait:
1726 3025 1803 3077 Tu
1836 3040 1972 3091 vero,
2005 3027 2162 3077 citare
2202 3023 2486 3091 Timotltee,
2533 3029 2590 3079 in
2631 3026 2865 3095 mysticis
2905 3040 3084 3079 rerum
3114 3025 3432 3097 divitiarum
3465 3036 3630 3096 atque

362 3096 665 3153 uitalestium
696 3096 1238 3165 contemplationibus,
1265 3108 1372 3147 non
1399 3096 1551 3163 segni
1580 3106 1631 3148 et
1662 3098 1917 3159 remissa,
1942 3099 2034 3149 sed
2061 3097 2303 3165 diligenti
2338 3109 2394 3151 et
2418 3098 2618 3151 intenta
2644 3098 3018 3149 exercitatione
3042 3106 3092 3148 te
3119 3096 3345 3150 excolas
3366 3110 3587 3164 oportet
3611 3115 3625 3150 ς

361 3180 419 3226 et
446 3174 568 3224 ideo
597 3185 781 3222 sensus
819 3169 1074 3237 relinque,
1100 3167 1218 3234 qni,
1249 3175 1435 3232 utpote
1465 3165 1751 3229 animales,
1791 3184 1898 3220 non
1932 3168 2151 3232 capiunt
2173 3183 2234 3221 ea
2269 3183 2390 3237 qua:
2428 3181 2555 3222 sunt
2582 3167 2806 3237 spiritus
2827 3165 2885 3233 h;
2928 3177 2985 3220 et
3020 3165 3413 3219 intellectuales
3444 3184 3630 3233 opem-

363 3255 554 3304 ttones,
585 3241 821 3303 scilicet,
848 3253 985 3307 quas
1010 3238 1326 3290 intellectus
1353 3252 1519 3306 agens
1549 3252 1579 3288 a
1615 3242 1776 3290 rebus
1805 3237 2156 3307 sensibilibus
2184 3239 2477 3293 abstractis
2507 3236 2815 3307 Speciebus,
2851 3238 2904 3291 iii
2943 3237 3218 3292 intelleCtu
3254 3238 3507 3305 patiente
3539 3256 3630 3290 ua-

362 3314 617 3367 tnralitcr
653 3311 939 3372 cll'oriuat;
982 3318 1039 3361 el.
1082 3310 1352 3360 sensibilia
1396 3308 1638 3359 omnium
1679 3322 1940 3362 sensuum
1981 3306 2215 3373 objecta,
2258 3319 2313 3362 et
2348 3306 2700 3377 intelligtbilia
2737 3312 2917 3361 omnia
2950 3309 3217 3378 principia
3266 3309 3625 3362 scientiarum

363 3383 701 3436 naturalium
728 3397 791 3434 ac
822 3378 1331 3444 ratiocinationuiii,
1362 3388 1416 3431 et
1464 3394 1524 3429 ea
1559 3393 1676 3444 quae
1700 3390 1844 3441 sunt,
1873 3380 1924 3431 id
1951 3389 2036 3431 est
2068 3394 2247 3432 rerum
2271 3381 2562 3443 essentias,
2588 3395 2707 3448 qua:
2735 3379 2878 3448 quod
2902 3379 3257 3435 insatiabiles
3289 3388 3429 3440 sint,
3456 3396 3486 3431 a
3513 3381 3624 3448 phi-

349 3452 610 3521 ~iosopliis
640 3451 859 3520 proprie
888 3451 1143 3521 dicuntur
1174 3462 1335 3521 esse;
1374 3457 1430 3501 ct
1466 3463 1527 3500 ea
1555 3464 1673 3521 quae
1701 3464 1803 3521 non
1848 3456 1968 3501 sunt
2012 3451 2279 3521 unirersa,
2318 3452 2368 3504 id
2397 3460 2483 3505 est
2520 3466 2712 3504 omnes
2752 3464 2840 3504 res
2880 3449 3227 3518 temporales,
3257 3464 3383 3517 quae
3410 3464 3627 3518 propter

366 3518 685 3577 continuant
712 3518 1069 3574 mutationem
1102 3520 1425 3572 dicebantur
1451 3534 1481 3570 tt
1513 3519 1851 3587 phil050pliis
1877 3535 1983 3572 non
2016 3535 2156 3573 esse.
2194 3518 2262 3572 Ut
2297 3523 2365 3573 ad
2398 3522 2666 3583 unionem,
2698 3537 2820 3591 qua:
2843 3536 2940 3589 per
2969 3521 3298 3574 charitatein
3332 3524 3396 3573 tit
3421 3531 3479 3573 et
3507 3538 3628 3587 gra-

360 3605 500 3648 tiam
548 3592 660 3661 ejus
690 3592 779 3661 qui
811 3606 967 3656 supra
997 3590 1278 3661 essentiam
1296 3601 1403 3661 est,
1438 3598 1497 3661 ut
1528 3599 1720 3644 auctor
1745 3591 2019 3661 essentne,
2048 3591 2291 3658 qualibet
2319 3592 2667 3656 conceptibili
2701 3590 2729 3645 ει
2762 3594 2918 3645 nobis
2946 3592 3185 3645 essentia
3216 3590 3548 3651 siinlituior,
3578 3604 3630 3644 et

365 3680 533 3732 supra
554 3658 769 3715 omnem
799 3662 1074 3713 notionem
1101 3658 1339 3732 notionis
1364 3660 1788 3732 designatr‘iceiii
1812 3660 2100 3726 exsistcns,
2127 3674 2381 3731 quantum
2407 3676 2502 3729 per
2526 3663 2757 3731 gratiam
2780 3662 2865 3730 [as
2892 3675 2990 3726 est,
3018 3678 3113 3730 per
3138 3662 3326 3727 tidem,
3353 3665 3629 3716 indenunt—

352 3731 663 3789 .strabititer
690 3734 806 3787 sine
837 3733 1059 3802 notione
1086 3731 1192 3784 ulla
1221 3731 1482 3802 naturali,
1514 3733 2005 3797 supcruatnraliter
2032 3749 2303 3802 assurgas.
2325 3732 2460 3785 Nam
2494 3736 2644 3795 lides,
2674 3735 2762 3787 cui
2793 3733 2938 3785 nulla
2971 3734 3371 3787 demonstratio
3410 3736 3499 3786 vel
3531 3751 3628 3785 na-

368 3806 560 3861 turalis
596 3808 745 3858 notio
768 3801 1119 3871 suifragatnr,
1151 3801 1358 3869 primus
1386 3803 1585 3869 gradus
1611 3813 1693 3855 est
1725 3818 1832 3870 quo
1874 3801 2220 3857 ascendimus
2246 3805 2314 3859 ad
2339 3806 2689 3866 cliaritatein,
2717 3820 2823 3872 qua
2851 3820 2979 3857 eum
3016 3806 3123 3857 Deo
3152 3806 3549 3872 conjungnnur
3578 3815 3630 3858 et

367 3879 611 3930 uiiiniiir.
645 3876 921 3944 Siquidem
953 3888 1046 3942 per
1079 3874 1318 3937 liberum,
1360 3874 1418 3944 id
1457 3885 1542 3927 est
1580 3875 1966 3937 voluntariam,
2021 3887 2067 3927 et
2100 3875 2417 3938 absolutam,
2454 3876 2504 3927 id
2542 3882 2626 3927 est
2663 3876 2794 3927 nulli
2824 3884 3094 3928 creaturae
3126 3876 3627 3939 adliazresceuteiu,

351 3960 413 4002 .et
436 3964 647 4016 purum,
684 3943 732 4000 id
764 3958 847 4000 est
880 3945 1178 4016 sinceram,
1207 3944 1284 3994 tui
1322 3943 1506 4016 ipsius,
1532 3945 1730 4016 anima:
1752 3946 2047 4016 scilicetet
2068 3946 2414 3998 all‘eciionuni
2440 3948 2706 4014 corporis,
2738 3961 2771 3998 a
2800 3948 2951 3998 rebus
2974 3946 3221 3997 omnibus
3250 3946 3489 4009 creatis,
3513 3948 3628 3999 sive

368 4012 663 4073 sensilibus
688 4020 803 4070 sive
827 4014 1253 4071 intellectilibus.
1278 4013 1662 4078 avocationem,
1686 4012 1871 4069 Graece
1889 4015 2166 4077 ἐκστάσει,
2195 4016 2245 4070 id
2268 4012 2733 4083 estpereitstasim
2750 4032 2843 4071 seu
2863 4021 3468 4083 escessumqueimtani
3487 4032 3629 4068 amo-

368 4092 473 4152 ris,
499 4098 555 4141 et
590 4091 790 4141 mentis
830 4088 1277 4149 absit-actionem,
1315 4095 1481 4154 atque
1506 4088 1751 4139 omnium
1784 4087 2223 4154 abnegationem,
2255 4091 2322 4139 ad
2340 4089 2802 4155 supernuturalem
2846 4087 3017 4150 illum,
3051 4087 3118 4138 ad
3163 4102 3330 4154 quem
3365 4088 3627 4140 naturalis

354 4162 550 4214 omnis
583 4160 810 4211 intuitus
836 4157 1193 4224 obstupescit,
1250 4157 1494 4225 caliginis
1521 4155 1713 4209 dicitur
1739 4157 1971 4221 radium,
1998 4156 2086 4210 ubi
2113 4173 2207 4225 per
2234 4160 2393 4211 lidettt
2421 4158 2571 4211 Deus
2597 4159 3042 4226 apprehenditur,
3073 4168 3126 4209 ct
3157 4173 3253 4223 per
3277 4157 3624 4211 dilectionem

334 4258 341 4265 ’
370 4234 568 4283 attinnt:
602 4240 811 4292 nuttnr,
834 4232 1086 4279 detractis
1110 4228 1372 4293 omnibus,
1402 4238 1509 4281 tam
1541 4242 1800 4298 sensuum
1827 4242 1990 4296 quam
2018 4229 2497 4282 ratioeitiationum
2523 4230 2866 4298 ambagibus,
2890 4238 2939 4281 et
2970 4244 3003 4280 a
3028 4228 3233 4280 cunctis
3266 4226 3627 4296 impedimen-

364 4304 443 4354 tis
467 4300 736 4366 expeditus
762 4300 1012 4360 eveheris,
1047 4310 1100 4352 et
1132 4300 1426 4367 anagogice
1453 4297 1857 4351 subliinaberis.
2042 4330 2057 4355 λ

449 4370 547 4424 Ubi
589 4381 739 4431 uota,
781 4374 1056 4437 quomodo
1085 4371 1231 4422 dicat
1264 4366 1581 4435 ἀγνώστοις,
1630 4368 1683 4420 id
1728 4380 1814 4421 est
1856 4370 2416 4434 indeinonstrabiliter,
2461 4371 2668 4439 absque
2719 4371 2941 4424 notione
2976 4368 3237 4431 naturali,
3276 4368 3344 4419 ad
3387 4369 3622 4422 divinam

374 4442 633 4497 unionem
669 4442 1063 4503 assurgemlnm
1103 4455 1248 4493 esse.
1291 4440 1406 4491 t\on
1437 4439 1582 4492 enim
1618 4439 1836 4493 curiose
1869 4440 2253 4508 inquirendum
2299 4450 2400 4501 est,
2435 4458 2535 4495 nec
2584 4444 2939 4495 demonstrari
2991 4450 3165 4508 potest
3209 4444 3489 4508 quomodo
3538 4447 3624 4494 list

374 4516 478 4567 ista
512 4512 753 4580 cognitio
775 4514 1028 4581 .iiiystiuc
1061 4510 1345 4577 theologia:
1377 4524 1484 4582 per,
1505 4511 1903 4582 copulationem
1932 4527 2053 4564 cum
2099 4511 2227 4576 Deo,
2264 4514 2449 4566 relicta
2479 4514 2624 4566 omni
2658 4513 2768 4563 alia
2804 4514 3117 4582 cognitione
3148 4527 3351 4575 rerum,
3397 4516 3449 4561 id
3483 4518 3619 4581 (μαι

371 4583 577 4640 l’aultis
602 4580 878 4649 apostolus
908 4582 1259 4649 signiﬁcavit,
1287 4596 1410 4631 cuni
1437 4580 1574 4632 dixit
1596 4584 1662 4634 tle
1685 4580 1772 4632 illa
1794 4596 1892 4633 sua
1924 4597 2048 4634 cum
2080 4583 2185 4635 Deo
2211 4583 2574 4651 copulatione,
2598 4584 2657 4635 in
2686 4599 2790 4649 qua
2818 4580 3075 4652 mysteria
3102 4584 3189 4633 illa
3215 4596 3427 4634 arcana
3458 4580 3619 4635 vidit:

368 4656 496 4708 Sive
526 4656 579 4706 in
608 4665 846 4720 Corpore,
878 4653 986 4704 sive
1015 4665 1165 4704 extra
1205 4666 1417 4719 corpus,
1447 4652 1659 4715 nescio;
1685 4652 1825 4704 Dens
1860 4655 2019 4705 scitc.
2046 4653 2260 4717 Nescio,
2295 4657 2490 4722 inquit,
2522 4658 2574 4708 id
2607 4663 2688 4707 est
2733 4669 2837 4706 iion
2870 4656 3085 4705 curiose
3128 4655 3366 4720 inquiro,
3396 4668 3500 4705 nec
3530 4658 3621 4705 dc-

310 4708 330 4800 ξ
377 4708 889 4800 ιιιυιιειιζιιιτᾳίγπιυιι,
918 4724 1049 4777 satis
1072 4723 1224 4800 1_iiil_ii_
1254 4708 1335 4775 est
1370 4708 1569 4800 yidissc
1592 4708 1651 4775 et
1680 4725 1898 4776 audisse
1940 4739 2141 4800 arcana
2154 4708 2267 4800 “illa
2311 4708 2499 4789 verba,
2537 4737 2649 4779 etc.
2680 4726 2900 4777 Lessius
2935 4726 2990 4776 in
3028 4708 3363 4800 Prae-talione
3387 4723 3512 4775 l.bri
3549 4723 3621 4774 De

320 4791 329 4831 ἶ
373 4795 781 4865 perfectionibus
812 4796 1023 4858 uicinis,
1056 4795 1132 4845 ait
1162 4791 1481 4865 Dionysium
1519 4793 1607 4846 hic
1638 4809 1797 4862 agerc
1834 4798 1900 4846 de
1934 4795 2093 4848 modo
2133 4794 2220 4849 illo
2248 4799 2648 4857 contemplandi
2675 4837 2690 4859 ,
2728 4810 2780 4848 iii
2819 4809 2926 4863 quo
2962 4796 3327 4865 consideratis
3366 4806 3620 4847 accurate

326 4882 331 4916 1
369 4865 807 4935 pet-lectionibus
832 4869 1050 4925 divinis,
1081 4879 1350 4932 quatenus
1379 4864 1444 4914 ad
1467 4874 1679 4915 certain
1708 4867 1944 4932 speciem
1977 4866 2241 4929 limitatio,
2269 4882 2334 4920 ac
2359 4868 2499 4921 inter
2524 4886 2583 4921 se
2615 4867 2891 4921 distincta:
2914 4864 3240 4927 oll'eruntnr,
3264 4881 3422 4918 mens
3446 4878 3618 4917 assur-

376 4942 453 5004 git
478 4938 543 4990 ad
576 4937 779 5004 aliquid
811 4937 1100 4989 sublimius
1127 4943 1180 4987 et
1220 4936 1578 5006 illiuiitatum,
1606 4939 1859 4988 omnibus
1888 4937 2004 4988 istis
2031 4936 2246 4989 iiitinite
2268 4947 2638 5006 praestantius,
2673 4940 2857 5004 illique
2888 4938 3071 5005 ignoto
3104 4938 3261 4989 modo
3288 4952 3349 4989 se
3383 4947 3618 4988 content-

374 5010 618 5078 platioiie
643 5018 698 5059 et
723 5020 910 5060 amore
931 5006 1231 5075 coniungit.
1272 5005 1593 5058 lleiscntius
1622 5006 1688 5078 ad
1726 5011 1870 5059 hunc
1898 5008 2100 5071 locum,
2136 5023 2233 5076 per
2262 5005 2547 5078 caliginem
2582 5012 2835 5074 intelligit
2870 5008 2960 5060 Dei
2996 5014 3098 5061 sub
3132 5012 3341 5060 ratione
3375 5008 3514 5058 lucis
3539 5022 3616 5057 in-

376 5076 575 5132 creata:
614 5088 675 5130 et
707 5078 1097 5131 inaccessibilis
1129 5093 1183 5130 in
1225 5092 1418 5129 anima:
1453 5076 1750 5130 essentiam
1788 5078 2056 5144 illapsum,
2101 5094 2193 5147 qui
2234 5076 2404 5147 ipsum
2447 5081 2536 5132 illa
2574 5078 2932 5134 inacccssibtli
2982 5078 3099 5131 luce
3139 5077 3437 5147 pert’uudat
3465 5087 3614 5142 atque

288 5216 291 5219 ν
340 5156 343 5159 ’
376 5147 703 5215 absorbent;
736 5147 816 5200 vel
845 5160 992 5202 certe
1018 5149 1166 5202 illam
1190 5161 1502 5215 supremam
1536 5148 1992 5213 cciijuiictionem,
2019 5164 2124 5218 qua
2154 5166 2333 5202 anima
2362 5165 2523 5217 supra
2547 5166 2740 5205 omnes
2769 5150 3044 5218 potentias
3065 5156 3437 5219 sensuivaset
3469 5151 3613 5198 intel—

374 5220 659 5282 lectnales,
690 5233 851 5288 supra
874 5232 1067 5279 omnes
1095 5232 1290 5271 sensus
1320 5226 1414 5269 aut
1443 5226 1645 5271 tuentis
1670 5221 2018 5286 operationes
2049 5226 2361 5274 immediate
2395 5222 2623 5276 inltwret
2653 5224 2761 5275 lico
2794 5236 2891 5289 per
2921 5222 3165 5274 intimam
3200 5218 3611 5272 trauslusioueni

375 5300 461 5346 tiit
484 5301 554 5343 ita
584 5290 798 5358 loquar)
826 5292 1077 5345 essentia:
1109 5290 1223 5354 Dei,
1255 5304 1377 5357 qua:
1408 5289 1497 5340 lux
1534 5290 1747 5363 tnlinita
1779 5300 1885 5356 est,
1920 5308 1971 5344 tn
2003 5305 2296 5345 essentiam
2329 5297 2563 5358 animae;
2596 5308 2693 5363 per
2728 5306 2890 5360 quam
2920 5294 3173 5344 nimirum
3206 5290 3434 5358 speciali
3467 5296 3611 5340 modo

374 5363 558 5415 anima
587 5362 680 5414 Dci
715 5368 874 5414 sedes
903 5364 1304 5422 constituatur,
1340 5369 1433 5411 aut
1464 5367 1632 5411 etiam
1665 5361 2029 5417 Deusan'ima:
2059 5377 2294 5415 nitatur.
2338 5361 2635 5431 caliginem
2668 5374 2848 5416 autem
2889 5373 3050 5417 Vocat
3084 5363 3290 5431 duplici
3317 5374 3386 5412 ue
3411 5372 3607 5431 causis:

376 5433 580 5493 l'rinia,
623 5435 768 5498 quod
799 5432 968 5485 Deum
995 5433 1285 5495 caliginem
1320 5434 1632 5483 inhabitare
1664 5432 1946 5504 Scriptura
1974 5435 2277 5504 perliioeat.
2312 5430 2489 5489 Nubes
2519 5448 2566 5488 et
2601 5437 2772 5503 caligo
2804 5435 2859 5485 in
2889 5434 3110 5486 circuitu
3137 5430 3337 5502 ejusd;
3368 5442 3424 5484 et
3459 5430 3608 5482 alibi;

446 5701 469 5763 ιι
510 5688 548 5742 Il
583 5688 709 5740 (Lor.
748 5703 845 5763 sit,
880 5688 933 5740 4.
984 5698 1034 5763 __'
1072 5687 1209 5744 llcb.
1255 5704 1329 5753 XI,
1498 5702 1522 5763 ξ
1559 5685 1738 5763 cor.
1804 5702 1862 5751 it,
1899 5685 1924 5739 Α

2140 5688 2269 5743 Cor.
2305 5703 2359 5755 ι,
2395 5689 2447 5743 5.
2548 5698 2568 5725 ι
2607 5689 2762 5744 lloui.
2801 5708 2889 5755 xv,
2934 5692 3015 5747 l3.
3113 5705 3137 5732 ι
3180 5692 3378 5763 Eplies.
3414 5703 3494 5754 tit,
3533 5686 3607 5743 l8.

374 5759 404 5802 ι
438 5760 455 5814 Ι
490 5768 616 5813 ι.υι·.
656 5775 715 5824 ιι,
760 5762 842 5812 ιιι.
921 5771 941 5797 ε
982 5758 1022 5812 ll
1058 5764 1184 5814 Cor.
1229 5774 1329 5825 sti,
1364 5758 1417 5811 5.
1493 5756 1521 5794 ἀ
1558 5758 1701 5811 Psal.
1741 5772 1882 5824 xcvi,
1914 5762 1971 5813 2.
