3772 6296
369 331 499 390 14311
1544 333 1602 390 S.
1647 332 1945 391 DIONYSII
1992 335 2451 392 AREOPAGITJE
3494 338 3638 391 10H

373 459 487 502 erat
521 451 611 525 illa
642 454 831 525 nubes.
864 464 1005 525 qtue,
1036 448 1293 525 loquente
1326 452 1552 525 Domino
1580 473 1701 508 eum
1735 456 1936 525 Moyse.
1971 466 2207 508 montem
2249 456 2399 509 Sinai
2422 454 2703 525 operiebat
2731 454 2773 507 ί.
2806 452 2905 507 Ubi
2933 471 3049 509 rere
3085 466 3183 520 est,
3209 457 3350 511 sicut
3372 446 3451 509 (tu
3485 455 3637 509 Scri-

372 528 549 583 mura.
576 522 714 576 Psal.
752 537 881 579 που.
906 522 939 573 6
982 540 997 575 :
1042 520 1217 594 Nubes
1253 535 1301 577 et
1341 524 1510 592 caligo
1552 529 1602 579 in
1635 520 1853 581 circuitu
1890 528 2044 587 eius:
2074 535 2127 579 ct
2167 526 2336 580 Exod.
2372 520 2467 589 xx,
2496 522 2559 575 2i
2600 542 2613 577 :
2658 524 2862 594 Moyses
2890 529 3109 580 arcessit
3149 529 3222 580 ad
3258 528 3538 587 mliqinem
3580 529 3633 579 in

373 607 475 666 (tua
514 602 626 646 erat
666 594 819 666 Deus,
860 594 963 666 Qui
992 602 1067 645 est
1096 592 1232 646 ultra
1264 597 1460 658 omnin,
1502 598 1708 650 scilicet
1737 610 1941 652 creata.
1976 596 2093 651 Non
2126 597 2262 649 enim
2293 605 2482 650 temere
2511 592 2978 662 divinttsfilloyses
3017 598 3226 661 expiari
3248 599 3482 666 primum
3524 599 3635 662 ipse

367 660 603 726 iubetur.
635 681 697 716 ac
736 664 926 717 deinde
952 682 983 716 ιι
1013 681 1114 715 non
1153 666 1381 729 expiatis
1424 673 1707 729 καινίσαι-ἰ.
1751 669 1917 721 Exodi
1950 670 2093 721 enim
2127 684 2217 721 xIx
2252 668 2466 732 legitur.
2499 681 2606 730 quo
2637 678 2794 732 pacto
2826 660 2987 728 Deus.
3017 669 3108 736 qui
3155 668 3206 722 in
3248 660 3488 735 caligine
3534 660 3631 721 de—

373 746 668 807 scensurus
700 745 841 795 erat.
875 736 1197 801 prmeepcrit
1236 736 1490 802 populum
1532 739 1862 792 sanrtiﬁcari
1892 748 1945 792 et
1974 740 2141 792 lavari
2188 752 2205 792 :
2233 739 2284 792 in
2328 754 2435 805 quo
2469 737 2770 798 intelligere,
2814 748 3127 807 promptum
3170 750 3279 797 est.
3312 742 3491 805 ipsum
3522 756 3632 801 pr:-.

372 804 585 855 metet-is
627 804 794 857 lotum
826 814 878 856 et
911 808 1189 860 expiatum
1234 808 1300 858 ad
1334 818 1572 861 montem
1616 810 1932 867 accessisse.
1969 809 2035 862 Et
2078 822 2192 871 rost
2240 804 2442 863 omnem
2491 804 2865 869 erui/itionem.
2896 810 3042 862 audit
3090 804 3410 863 multisonas
3452 811 3625 869 mbas.

373 884 643 950 rfrnttque
672 876 841 929 multo
876 877 1098 950 Iuntina.
1134 895 1293 943 puros
1325 897 1388 932 ne
1414 880 1726 944 multiplices
1763 881 1938 933 radio:
1959 881 2236 950 facientia.
2274 880 2397 933 llzec
2429 880 2548 929 vide
2590 878 2756 931 Exod.
2789 895 2877 932 xu
2917 888 2966 931 et
2995 896 3085 938 xx.
3117 879 3289 934 fusius
3323 881 3627 947 descripta.

381 940 728 1015 Postm’odum
761 964 791 997 α
826 940 1168 1001 multitudine
1203 960 1485 1015 separatur
1508 940 1695 1004 el'cnnt
1721 952 1895 1005 electis
1920 940 2297 1008 sacerdotibus.
2333 966 2439 1002 uno
2460 951 2781 1013 quideutattt
2810 950 3087 1015 pluribus:
3129 967 3252 1003 nam
3284 966 3410 1004 eum
3445 940 3624 1003 Aaron

375 1010 1025 1089 legitureonseendisse.‘
1045 1019 1126 1071 At!
1152 1010 1411 1072 sumntum
1439 1022 1710 1088 fastigium
1751 1024 2049 1075 divinorum
2087 1038 2398 1076 ascensuttm
2422 1010 2689 1086 pertingit.
2718 1010 3004 1087 postquam
3034 1021 3244 1074 scilicet
3280 1020 3484 1089 populo
3514 1032 3627 1074 ter—

375 1084 551 1157 minos
588 1087 639 1140 in
675 1097 859 1141 monte
886 1086 1216 1153 prmllserat.
1243 1090 1381 1145 ultra
1412 1084 1550 1157 quos
1570 1084 1697 1147 sine
1728 1093 1970 1153 periculo
1999 1093 2293 1147 ascendere
2325 1084 2428 1144 non
2464 1084 2872 1151 noterat.'quool
2918 1106 3024 1143 non
3063 1102 3211 1145 esset
3251 1084 3427 1153 eaan
3465 1100 3624 1145 tanta

375 1156 655 1230 puritatis.
690 1174 866 1220 neque
894 1159 1091 1212 divina!
1124 1158 1258 1211 lucis
1294 1162 1472 1213 radios
1500 1179 1529 1213 e
1564 1163 1868 1230 propinquo
1897 1164 2167 1217 sustinere
2197 1173 2399 1226 posset.
2434 1161 2538 1216 Sed
2561 1163 2811 1212 hactenus
2839 1163 3069 1215 nondum
3101 1172 3346 1216 versatur
3368 1180 3491 1215 cum
3516 1165 3627 1227 ipso

380 1224 506 1277 Deo.
541 1227 664 1283 ll:ec
697 1230 842 1281 enim
878 1230 1056 1281 adhuc
1088 1232 1385 1299 symlmliea
1414 1243 1592 1290 erant.
1622 1224 1674 1285 et
1710 1224 1789 1285 ad.
1807 1250 2157 1298 congressum
2189 1224 2279 1287 hei
2324 1232 2701 1296 disponebant.
2742 1230 2849 1284 Nec
2888 1248 3003 1285 eum
3037 1234 3195 1293 videt.
3229 1233 3448 1287 scilicet
3494 1224 3625 1287 utin

377 1311 435 1346 se
463 1308 545 1353 est
575 1301 990 1365 linaspertabilis
1013 1301 1149 1354 enim
1177 1303 1277 1355 est)
1310 1303 1515 1355 scilii-et
1550 1306 1697 1358 omni
1730 1305 2029 1359 intellectui
2067 1316 2281 1362 creato.
2305 1304 2509 1357 lumine
2539 1303 2725 1365 gloria!
2749 1304 2984 1354 nondum
3012 1304 3247 1356 elevato.
3279 1306 3426 1357 Deus
3457 1304 3623 1364 enim,

379 1367 885 1441 t'inquitGreporius
906 1371 1239 1435 Theologusl
1260 1374 1340 1429 (51
1359 1378 1371 1425 ι
1392 1383 1470 1423 est
1500 1374 1674 1427 lumen
1703 1392 1972 1428 summum
1991 1386 2045 1429 et
2065 1377 2422 1432 inaccessum.
2450 1374 2593 1440 quod
2617 1388 2789 1433 nmine
2818 1374 3429 1437 menteeomprehendi.
3459 1389 3628 1441 neque

378 1439 629 1511 oratione
659 1442 891 1505 exprimi
926 1450 1123 1509 potest.
1166 1442 1271 1497 Sed
1301 1445 1470 1496 locum
1518 1446 1605 1496 ubi
1637 1448 1804 1503 stetit,
1836 1447 2043 1501 scilicet
2072 1447 2275 1511 aliquid
2311 1439 2555 1497 creatum
2592 1444 2641 1495 in
2694 1458 2799 1508 quo
2827 1442 2965 1495 Deus
3000 1445 3261 1497 relueeat.
3294 1443 3455 1497 Sicut
3485 1439 3621 1496 enim

378 1508 431 1581 in
478 1514 651 1577 patria
690 1515 829 1566 Dens
859 1508 943 1568 est
983 1513 1136 1581 quasi
1181 1516 1460 1573 speculum
1494 1518 1544 1563 in
1579 1532 1684 1580 quo
1727 1519 1965 1568 relucent
1992 1508 2278 1574 creatum.
2309 1516 2388 1568 sic
2416 1514 2466 1566 in
2506 1515 2588 1564 via
2620 1528 2648 1563 e
2680 1528 2942 1564 converso
2972 1525 3238 1567 creaturae
3268 1524 3395 1566 sunt
3442 1530 3636 1577 spectt-

379 1578 513 1654 l_nm.
548 1585 601 1637 itt
625 1600 734 1650 quo
760 1578 1261 1643 Creator‘videtttr:
1295 1585 1437 1637 unde
1470 1578 1781 1649 Apostolus.
1824 1585 2095 1641 Videmus.
2124 1587 2322 1651 inquit.
2355 1601 2491 1638 nunc
2518 1601 2609 1649 per
2644 1583 2935 1647 speculum.
2965 1594 3013 1637 et
3042 1586 3094 1638 in
3119 1585 3629 1654 wuigmate'ldem:

378 1648 677 1707 Int'isibilin
708 1656 821 1719 Dei,
859 1673 949 1720 per
974 1672 1033 1708 en
1062 1672 1179 1719 qum
1207 1655 1349 1722 facta
1378 1648 1525 1715 sunt,
1564 1658 1824 1709 intellecta
1852 1648 2247 1718 conspiciuntur
2281 1656 2329 1711 1³.

456 1724 571 1777 Hoc
598 1735 774 1779 autem
816 1727 1058 1780 existimo
1099 1728 1421 1794 siqui/imre.
1456 1728 1786 1779 dirinissimn
1821 1736 1869 1780 et
1914 1742 2116 1780 summa
2146 1744 2324 1779 eorum
2353 1743 2470 1791 qua?
2513 1736 2802 1778 cernuntur
2842 1737 2889 1779 et
2932 1726 3304 1792 intelliguntur
3330 1763 3345 1787 ,
3401 1736 3630 1778 ratione:

377 1796 635 1848 mmsdam
666 1815 799 1858 esse.
839 1813 956 1861 qum
1002 1797 1282 1861 subjiciunt
1332 1803 1487 1849 menti
1540 1797 1656 1852 illa.
1691 1814 1807 1858 (iure
1849 1806 1969 1846 sunt
2014 1799 2247 1859 subiecta
2286 1799 2334 1850 ei
2354 1799 2443 1865 qui
2485 1798 2736 1849 universis
2767 1796 3028 1848 antecellit
3070 1813 3088 1849 :
3118 1798 3311 1862 quibus
3345 1800 3629 1862 prtrsentirt

379 1866 564 1936 iusius.
585 1885 703 1934 qum
721 1885 923 1921 omnem
950 1868 1314 1929 Imitationem
1337 1868 1526 1936 mentis
1549 1867 1725 1924 uiurt't.
1752 1866 2054 1920 declaratur
2084 1870 2349 1931 insistens,
2376 1878 2625 1936 tanquam
2655 1867 2706 1919 in
2734 1867 2963 1933 vestigiis
2990 1869 3208 1919 summis
3235 1866 3630 1919 inte/lectililtus

380 1934 614 1991 locorum
664 1940 782 2009 ejus
821 1938 1296 2009 sanctissintorunt.
1370 1934 1494 1992 llaec
1571 1939 1857 1990 verborum
1907 1940 2317 2002 pra‘eedentium
2367 1938 2446 1999 (ut
2484 1934 2636 1988 recte
2685 1947 2835 1987 notat
2886 1936 3225 2009 llersentins)
3268 1937 3628 2009 anagogicum

380 2020 598 2060 sensum
645 2007 907 2063 insinuat.
952 2007 1194 2069 Scilicet.
1237 2025 1298 2060 ea
1330 2023 1450 2075 qum
1481 2009 1641 2062 mira.
1670 2008 1941 2062 sublimia.
1977 2018 2029 2061 et
2064 2024 2167 2059 non
2214 2010 2411 2075 usitata
2450 2009 2587 2059 ltetts
2617 2016 2874 2070 operatur
2904 2008 3017 2058 sive
3066 2007 3115 2058 in
3149 2022 3375 2059 sensum
3410 2007 3629 2070 cadant,

380 2075 434 2129 in
467 2078 827 2143 intellectum,
857 2089 984 2146 puta
1022 2080 1197 2144 signa.
1231 2077 1516 2141 miracula,
1548 2088 1637 2130 aut
1669 2077 2019 2131 miraculosas
2062 2074 2458 2145 apparitiones.
2484 2079 2863 2133 revelationes.
2888 2087 3019 2146 etc...
3045 2092 3164 2128 esse
3195 2078 3441 2129 rationes
3467 2093 3627 2140 quas-

379 2149 504 2201 dam
543 2167 814 2215 congruas
858 2145 952 2203 seu
1001 2158 1331 2212 argumenta
1363 2149 1772 2201 accommodata
1812 2151 1878 2201 ad
1924 2149 2366 2211 signiﬁcandum.
2410 2150 2555 2215 quod
2602 2146 2744 2201 Deus
2790 2147 2919 2208 illic.
2958 2145 3045 2200 ubi
3083 2148 3184 2201 ista
3224 2148 3387 2210 linat,
3420 2156 3627 2199 certam

381 2218 581 2274 'tabeat
625 2221 1013 2288 praesentiam;
1046 2218 1312 2284 siquidem
1364 2228 1421 2271 ιιι
1468 2233 1524 2269 se.
1566 2218 1912 2287 peculiariter
1962 2230 2285 2282 prtesentetu
2316 2234 2438 2273 esse
2482 2218 2678 2271 alicubi
2726 2219 3084 2288 demonstret,
3116 2219 3253 2270 mira
3296 2216 3547 2284 quzedam
3574 2228 3627 2270 et

378 2299 581 2353 prmter
608 2286 765 2346 tisnm
801 2292 909 2345 illic
938 2301 1222 2357 operatur.
1250 2290 1340 2342 Sic
1371 2289 1421 2342 in
1448 2286 1715 2352 pra-sonte
1747 2291 2045 2356 proposito.
2079 2299 2133 2341 ut
2166 2289 2305 2341 Deus
2334 2289 2386 2342 in
2420 2298 2603 2341 monte
2632 2302 2689 2339 se.
2714 2290 2958 2357 habitare
2987 2286 3251 2340 lsraelitis
3281 2289 3631 2340 demonstra-

379 2369 486 2431 ret,
524 2372 573 2414 et
611 2362 838 2431 populus
884 2356 1270 2431 intelligereta
1309 2360 1420 2431 Deo
1451 2361 1565 2427 ipso
1592 2374 1651 2411 se
1692 2362 1944 2412 mandata
1983 2360 2117 2424 legis
2142 2360 2413 2421 accipere.
2447 2359 2619 2412 nubes
2648 2369 2709 2431 et
2726 2356 2947 2431 fulmina
2977 2369 3033 2431 et
3063 2357 3268 2410 fumum
3315 2360 3471 2431 prius
3499 2357 3630 2431 et_t_t_i-

379 2429 471 2489 sit.
508 2426 1029 2491 tubas'eravisonas
1060 2429 1236 2484 audiri
1280 2426 1482 2491 voluit:
1532 2431 1778 2498 quinimu
1815 2430 1914 2482 sub
1962 2440 2108 2484 certa
2139 2431 2321 2497 specie
2349 2441 2402 2483 et
2432 2432 2599 2497 ﬁgura
2631 2428 2850 2483 selectis
2887 2428 3021 2482 viris
3050 2445 3171 2482 sese
3206 2429 3492 2497 patefecit.
3534 2426 3629 2480 llis

378 2498 563 2568 itaque
591 2504 844 2555 omnibus
882 2512 1140 2564 tanquam
1186 2502 1239 2553 in
1273 2503 1523 2569 exemplo
1551 2501 1727 2552 allatis
1769 2510 1987 2553 sanctus
2017 2500 2305 2570 Dionysius
2334 2502 2591 2557 insinuat.
2638 2498 2805 2570 Deum
2837 2499 3202 2563 cognitionem
3253 2515 3484 2570 prorsus
3511 2513 3624 2551 om-

380 2584 504 2625 nem
542 2574 958 2637 transcendere,
989 2573 1219 2635 ideoque
1262 2586 1425 2638 supra
1464 2572 1827 2637 cognitionem
1857 2586 2072 2624 omnem
2118 2569 2230 2623 tum
2277 2569 2589 2624 sensibilem
2625 2579 2735 2622 tum
2768 2569 3187 2624 intellectualem
3226 2571 3401 2639 quteri
3432 2569 3631 2623 debere

379 2639 448 2693 ab
477 2644 548 2697 iis
578 2644 671 2711 qui
702 2644 767 2714 ad
812 2644 1053 2714 mystiete
1088 2641 1374 2714 theologim
1411 2643 1618 2701 apicem
1654 2642 2028 2714 contendunt;
2052 2642 2175 2695 utsi
2206 2642 2339 2707 quid
2378 2642 2429 2694 in
2456 2640 2820 2714 interioribus
2852 2640 3336 2714 contemplationis
3363 2640 3628 2714 gradibus

379 2710 634 2767 sanetum
660 2724 715 2766 et
752 2710 1071 2768 inusitatum
1106 2713 1321 2771 fecerit.
1351 2722 1407 2763 ιιι
1438 2723 1561 2763 sunt
1599 2711 1769 2775 ipsius
1801 2712 2168 2778 apparitiones
2196 2721 2290 2765 aut
2328 2712 2707 2774 revelationes,
2741 2711 3071 2776 peculiarem
3105 2712 3327 2778 quidem
3361 2710 3457 2764 Dei
3494 2725 3629 2778 prte-

379 2785 614 2837 sentiam
646 2794 703 2839 et
743 2784 1035 2839 adventum
1066 2783 1309 2836 denotari
1350 2782 1672 2849 intelligant.
1709 2782 1884 2846 ipsum
1915 2791 2094 2835 tamen
2127 2791 2185 2835 ut
2223 2783 2274 2835 in
2321 2800 2377 2834 se.
2407 2793 2485 2836 est
2533 2781 2698 2833 Deum
2730 2781 2952 2835 minime
2984 2783 3152 2835 videri
3194 2782 3401 2844 sciant,
3432 2782 3631 2847 quippe

380 2854 471 2913 qui
504 2854 619 2909 haec
653 2856 835 2908 omnia
882 2855 1110 2908 nmltnm
1140 2853 1377 2907 excedit.
1408 2853 1593 2919 Itaque
1628 2852 1718 2921 qui
1751 2851 1997 2918 prodigia
2029 2867 2057 2905 a
2100 2853 2208 2905 Deo
2236 2852 2426 2907 ell'ecta
2460 2852 2662 2908 vident.
2698 2860 2791 2903 aut
2823 2852 2912 2918 qui
2945 2868 3065 2904 eum
3107 2852 3211 2905 sub
3235 2850 3407 2906 certis
3445 2849 3629 2904 formis

380 2933 474 2977 aut
507 2925 960 2980 intelleclttalibtts
985 2934 1079 2979 aut
1106 2924 1397 2979 sensilibus
1428 2923 1533 2977 sibi
1563 2932 1908 2991 apparentem
1941 2922 2242 2982 intuentur.
2268 2938 2371 2976 non
2397 2924 2572 2990 ipsum
2610 2922 2827 2988 proprie
2852 2924 3056 2977 vident.
3080 2924 3174 2975 sed
3210 2932 3425 2975 tantum
3456 2921 3629 2973 locum

381 2996 469 3049 ubi
496 3007 642 3050 certa
678 2996 890 3049 ratione
919 2996 1150 3050 habitat.
1185 2996 1264 3048 Ad
1303 2994 1447 3048 hunc
1474 2994 1640 3056 igitur
1677 2994 1919 3051 modum.
1945 2992 2119 3060 inquit
2142 2993 2444 3060 Gregorius
2475 2992 2759 3057 theologus
2788 2992 2920 3050 (52).
2952 2993 3016 3046 de
3047 2991 3155 3044 Deo
3202 2992 3631 3061 philosophabe-

380 3066 477 3132 ris,
509 3067 586 3121 sis
614 3066 743 3122 licet
774 3066 1007 3136 Moyses,
1033 3075 1088 3119 et
1121 3066 1261 3119 Deus
1293 3063 1594 3136 Pharaonis
1628 3065 1643 3103 ἱ
1669 3080 1684 3124 ;
1716 3061 1841 3117 licet
1871 3079 2046 3136 usque
2072 3065 2137 3117 ad
2171 3067 2390 3118 tertium
2422 3064 2645 3136 crelum.
2675 3071 2731 3114 ut
2774 3063 2969 3115 Paulus
3010 3062 3060 3136 ιε,
3091 3063 3410 3136 pervenias.
3450 3070 3507 3114 et
3538 3077 3631 3114 au-

380 3136 501 3191 dias
540 3153 742 3192 arcana
775 3132 979 3199 verba;
1009 3136 1135 3189 licet
1168 3151 1330 3201 supra
1364 3134 1484 3187 illos
1523 3135 1589 3185 ad
1615 3143 1816 3185 statum
1848 3142 1901 3187 et
1931 3133 2179 3186 ordinem
2214 3136 2453 3200 aliquem
2489 3132 2800 3198 angelorum
2828 3143 2917 3186 aut
2949 3132 3409 3200 archangelorum
3439 3146 3627 3185 ascen-

381 3210 501 3265 das.
542 3208 803 3272 Ouamvis
834 3208 979 3260 enim
1011 3222 1174 3259 omne.
1202 3206 1428 3259 cmleste
1472 3213 1525 3256 et
1558 3203 1758 3270 aliquid
1795 3204 2204 3268 supercmleste.
2234 3206 2400 3257 multo
2439 3203 2824 3257 excellentiore
2866 3217 3078 3261 natura.
3113 3219 3279 3271 quam
3320 3219 3421 3256 nos
3468 3204 3556 3265 sit,
3580 3211 3630 3254 et

383 3277 490 3331 "eo
512 3278 891 3347 propinquius,
910 3286 959 3328 et
982 3277 1304 3343 quasilocus
1321 3275 1439 3338 ejus
1459 3276 1667 3347 :magis
1691 3282 1872 3347 tamen
1890 3274 2239 3347 distataADeo.
2269 3286 2322 3329 et
2342 3292 2371 3328 a
2404 3272 2640 3347 perfecta
2657 3273 3169 3347 eiusintelligentia,
3196 3283 3624 3347 quamnostram

381 3342 525 3401 hanc
551 3342 806 3401 naturam
839 3342 1289 3412 compositam.et
1320 3346 1600 3404 humilem,
1624 3355 1677 3395 et
1699 3344 1950 3395 deorsum
1987 3344 2304 3398 inclinatam
2331 3344 2635 3397 antecellat.
2666 3342 2816 3397 Unde
2844 3346 3024 3397 subdit
3050 3364 3061 3399 :
3090 3344 3153 3396 At
3184 3356 3311 3396 tunc
3336 3353 3402 3395 ab
3427 3344 3491 3394 iis
3516 3356 3633 3409 qua

382 3419 649 3481 ridentur,
685 3420 897 3472 scilicet
922 3417 1155 3483 speculis
1184 3426 1239 3469 et
1265 3416 1663 3479 :euigmatibus,
1691 3425 1739 3466 et
1768 3416 1832 3465 ab
1857 3415 1923 3465 tis
1944 3430 2060 3482 qua:
2083 3416 2275 3473 rident.
2306 3416 2518 3468 scilicet
2542 3414 2814 3468 mentibus
2848 3426 2901 3467 et
2927 3414 3332 3483 intelligentiis,
3358 3429 3459 3482 per
3486 3416 3637 3483 men-'

386 3489 455 3543 tis
478 3490 905 3541 abstractiouem
940 3482 1212 3539 absolutus
1245 3497 1290 3537 et
1316 3485 1609 3545 expeditus.
1635 3484 1755 3538 siue
1788 3485 2027 3541 notione.
2054 3486 2107 3537 in
2148 3486 2429 3553 caliginem
2464 3501 2581 3539 uere
2604 3486 2876 3553 mysticum
2906 3482 3449 3552 incognosctbilitatis
3476 3482 3633 3555 559

384 3558 703 3624 iuqrerlitur.
735 3558 790 3611 in
821 3574 925 3626 qua
964 3573 1141 3609 omnes
1166 3556 1481 3619 scienti/iras
1512 3556 1950 3626 nppreheusiones
1987 3555 2243 3615 excludit,
2278 3572 2375 3623 per
2399 3555 2642 3626 omnium
2684 3571 2864 3609 rerum
2890 3556 3354 3626 cognoscibilittm
3394 3558 3630 3620 negatio—

386 3644 535 3687 nem.
568 3629 691 3682 sine
715 3624 931 3696 propria
963 3630 1109 3691 (cum
1144 3627 1256 3678 bzec
1287 3625 1472 3696 haberi
1502 3626 1766 3696 nequeatl
1792 3624 2029 3696 notione.
2064 3626 2163 3680 buc
2197 3635 2403 3679 tantum
2437 3624 2849 3693 iutelh'gendoel
2879 3625 3120 3686 latendo.
3147 3628 3316 3679 Deum
3356 3626 3627 3696 inliuities,

383 3714 549 3765 quam
582 3699 651 3753 ab
672 3699 776 3751 ulla
794 3693 1044 3751 creatura
1064 3696 1276 3762 concipi
1297 3694 1486 3762 possit,
1506 3710 1624 3747 esse
1642 3709 1705 3761 pe
1717 3693 2046 3758 rfectiorem.
2069 3711 2164 3750 nec
2183 3697 2249 3749 ab
2268 3696 2375 3748 ulla
2398 3696 2679 3751 hominum
2701 3696 2782 3749 vel
2802 3696 3116 3765 angelorum
3137 3698 3361 3765 penitus
3383 3694 3628 3765 cognosci

387 3764 547 3835 posse.
577 3769 808 3837 (scilicet
836 3767 1165 3821 naturaliter
1193 3776 1350 3833 prout
1382 3765 1431 3817 in
1467 3782 1525 3814 se
1546 3773 1657 3837 cat,
1689 3779 1785 3830 per
1809 3766 2084 3837 proprium
2110 3770 2482 3833 covtceptuml.
2515 3765 2576 3817 Et
2603 3766 2682 3817 sic
2710 3767 2763 3818 in
2790 3764 3087 3820 omnimode
3113 3764 3351 3819 intactili
3384 3778 3432 3818 et
3458 3764 3630 3819 inrisi-

388 3834 480 3908 lili
506 3834 693 3902 Ιιαέτει,
720 3854 818 3908 per
847 3854 1089 3890 amorem
1123 3839 1211 3908 qui
1237 3845 1508 3888 amantem
1544 3835 1593 3887 in
1624 3845 1860 3908 amatum
1890 3834 2167 3908 transfert,
2199 3838 2451 3889 exsistens
2478 3845 2617 3908 totus
2646 3837 2808 3900 ipsius
2830 3838 2921 3904 qui
2940 3847 3011 3889 est
3045 3842 3186 3889 ultra
3212 3838 3630 3899 omnia,scilicet

388 3907 479 3961 llei
516 3906 737 3978 prepter
768 3909 981 3978 plenam
1015 3908 1095 3960 sui
1130 3906 1567 3978 abnegationem,
1597 3915 1649 3956 et
1677 3921 1704 3955 a
1755 3906 1922 3978 rebus
1945 3907 2201 3959 omnibus
2230 3907 2680 3978 abstraetiouem.
2710 3924 2871 3975 neque
2900 3909 3062 3960 ullius
3096 3924 3262 3975 neque
3295 3924 3456 3970 suus,
3483 3922 3629 3975 neque

386 3975 628 4033 alterius.
658 3975 791 4033 cm
819 3996 878 4032 eo
916 3989 1090 4032 autem
1118 3987 1193 4029 est
1219 3978 1426 4045 penitus
1466 3975 1905 4043 inrognoscibilis.
1950 3992 2041 4043 per
2068 3977 2391 4030 vocationem
2425 3979 2598 4030 omnis
2646 3978 2977 4046 cognitionis,
3026 3978 3322 4030 secundum
3377 3978 3629 4029 meliorem

384 4062 585 4113 fortem
611 4050 916 4118 copulatus,
945 4060 992 4100 et
1019 4064 1078 4101 eo
1114 4049 1230 4115 ipso
1257 4048 1395 4114 quod
1422 4046 1552 4099 nihil
1576 4046 1862 4112 cognoscit,
1884 4062 2045 4111 supra
2077 4058 2297 4100 mentem
2325 4063 2662 4116 cognoscens,
2700 4048 2747 4099 id
2793 4057 2869 4101 est
2913 4064 3005 4115 per
3036 4063 3280 4100 amorem
3313 4048 3629 4118 exstaticuttt

390 4130 538 4173 totus
567 4117 858 4185 absurptus
892 4121 941 4172 in
974 4119 1167 4175 Deum.
1197 4119 1285 4170 ubi
1316 4133 1477 4184 supra
1515 4128 1773 4177 mentem,
1801 4125 1854 4168 et
1887 4130 2216 4180 sermonem,
2249 4126 2305 4171 et
2336 4119 2600 4169 rationem
2640 4118 2937 4183 perﬁcitur.
2965 4120 3144 4182 Atque
3176 4119 3293 4171 ba-c
3328 4117 3631 4185 conjuncdo

386 4204 508 4241 rum
540 4190 649 4243 Deo
683 4206 845 4258 supra
890 4200 1125 4243 mentem
1164 4189 1359 4256 (inquit
1396 4188 1796 4258 Cyparissiottts
1841 4187 1962 4240 dec.
1990 4186 2197 4258 2._cap.
2235 4188 2321 4250 ιιι)
2354 4196 2437 4239 est
2474 4188 2681 4250 ingredi
2712 4203 2812 4258 per
2848 4189 3205 4241 nescientium
3252 4188 3558 4255 perlectam
3588 4188 3630 4238 in

390 4258 519 4328 illud
550 4256 823 4313 inﬁnitum
854 4260 1363 4328 incomprehensum
1408 4268 1570 4328 atque
1617 4257 1935 4310 immensum
1980 4256 2203 4325 pelagus
2245 4268 2454 4310 naturae
2493 4256 2724 4323 divinae,
2744 4260 2831 4312 ubi
2871 4262 3049 4311 omnis
3086 4269 3288 4312 natura
3339 4258 3627 4327 defatigata

389 4327 534 4382 sistit
564 4345 645 4395 se,
672 4339 725 4383 et
752 4329 981 4384 ulterius
1006 4327 1257 4398 progredi
1292 4345 1397 4381 non
1430 4327 1614 4384 audet.
1641 4336 1806 4395 atque
1831 4343 1857 4378 a
1885 4328 2070 4398 divino
2097 4329 2331 4394 quodam
2362 4328 2549 4398 odore,
2577 4338 2630 4380 et
2652 4333 2882 4396 quadam
2912 4346 2941 4381 a
2970 4344 3206 4398 corpore
3228 4338 3283 4381 et
3319 4344 3347 4381 a
3376 4328 3631 4382 creaturis

388 4401 737 4469 avocatione,
776 4401 828 4452 in
882 4396 1205 4452 laudabilem
1238 4408 1291 4452 et
1334 4398 1548 4450 beatum
1583 4408 1783 4449 statum
1825 4397 2175 4469 transfertur.
2214 4414 2316 4449 nou
2349 4396 2525 4451 solum
2573 4400 2945 4453 admirabilius
2977 4396 3141 4469 quam
3174 4400 3308 4467 dici,
3351 4402 3449 4454 sed
3485 4412 3628 4467 quam

390 4468 619 4532 intelligi
649 4470 817 4538 possit
850 4471 918 4523 ab
948 4470 1011 4523 iis
1042 4470 1131 4537 qui
1165 4483 1442 4538 nunquam
1472 4478 1676 4521 statum
1703 4469 1845 4520 hunc
1874 4468 2084 4538 experti
2117 4477 2264 4519 sunt.

460 4539 536 4593 Ex
586 4537 866 4608 praedictis
909 4539 1100 4609 collige
1147 4537 1340 4608 primo.
1371 4551 1435 4591 ex
1480 4538 1738 4590 citatione
1769 4539 1941 4609 sancti
1983 4537 2361 4609 liartholouuei
2391 4538 2526 4591 satis
2556 4538 2805 4609 idoneum
2838 4556 2936 4609 pro
2968 4539 3115 4593 libro
3148 4542 3252 4593 hoc
3283 4551 3482 4593 sancto
3519 4539 3629 4609 Dio-

389 4613 545 4680 nysio
575 4607 913 4680 Areopagitm
941 4607 1271 4680 vindicando
1305 4617 1712 4680 argumentum,
1748 4619 1804 4661 ttt
1842 4608 1931 4677 qui
1966 4607 2053 4680 hic
2089 4609 2311 4674 diserte,
2355 4609 2430 4661 uti
2474 4619 2528 4661 et
2565 4608 2715 4680 alibi.
2750 4607 3057 4663 divinorum
3102 4610 3390 4663 nominum
3435 4625 3557 4677 cap.
3583 4607 3631 4672 2,

388 4678 505 4734 Set
537 4683 593 4735 11
637 4678 870 4736 testetur
901 4690 955 4735 et
1000 4679 1344 4749 proﬁteatur,
1388 4694 1446 4733 se
1490 4678 1691 4732 multas
1730 4680 1798 4733 ab
1831 4678 2199 4746 apostolorum
2240 4692 2335 4730 ore
2376 4686 2429 4731 et
2458 4678 2680 4731 oraculo
2724 4680 2971 4734 hausisse
3017 4682 3344 4733 sententias.
3393 4682 3501 4734 Nec
3548 4694 3632 4730 nus

394 4752 593 4805 morari
627 4751 783 4806 debet
818 4750 1016 4820 (inquit
1051 4749 1395 4815 Hersentius)
1427 4750 1573 4817 qttod
1619 4749 1839 4820 quidam
1886 4758 2074 4802 nostro
2116 4764 2229 4801 aevo
2270 4749 2367 4803 \‘ll‘l
2400 4750 2783 4813 eruditissimi,
2823 4750 3087 4803 librorum
3127 4753 3325 4803 borum
3362 4762 3630 4803 auctorem

389 4823 759 4887 apostolorum
803 4819 1050 4890 tempore
1080 4820 1253 4873 multo
1284 4820 1642 4886 posteriorem
1671 4819 1895 4881 faciant,
1926 4820 2290 4887 audeantqne.
2320 4820 2452 4887 prolt
2496 4820 2684 4873 dolor!
2718 4829 2988 4874 tantorum
3024 4837 3253 4889 operum
3292 4823 3631 4889 scriptorem.

389 4891 622 4947 aliorum
652 4894 893 4946 omuiuut
929 4893 995 4960 (si
1036 4892 1335 4946 canonicos
1377 4891 1645 4959 excipias)
1693 4890 2124 4953 veracissituum,
2166 4890 2624 4943 modestissimum
2665 4907 2727 4945 ac
2777 4892 3210 4956 sanctissimum,
3266 4901 3328 4944 ttt
3377 4893 3490 4957 ipsa
3536 4890 3629 4952 ein.

384 4962 591 5029 scripta
621 4963 837 5017 abunde
870 4973 1159 5026 testantur,
1193 4961 1495 5027 turpissimi
1534 4961 1804 5014 mendacii
1836 4960 1957 5014 labe
1990 4960 2255 5013 infamare
2285 4964 2441 5028 quasi
2478 4961 2627 5014 libris
2671 4963 2783 5015 suis
2815 4963 3349 5015 contineudationem
3380 4962 3569 5013 fraude
3591 4965 3635 5012 et

392 5030 693 5100 impostura
731 5034 1031 5088 conciliare
1065 5032 1341 5093 voluerit;
1372 5034 1465 5101 qui
1503 5041 1681 5085 tamen
1713 5046 1814 5083 suo
1844 5030 2079 5097 pondere
2110 5038 2271 5097 atque
2303 5034 2616 5097 prtrstatttia
2651 5032 2862 5085 laudem
2892 5042 2945 5083 et
2975 5033 3512 5084 cmmncudatiouem
3543 5044 3631 5101 non

388 5099 613 5167 possunt
645 5108 784 5172 apud
825 5118 1016 5156 omnes
1047 5119 1152 5157 non
1200 5099 1453 5170 adipisci.
1484 5101 1560 5155 Ita
1602 5112 1784 5153 autem
1818 5100 1997 5156 allecti
2044 5116 2254 5163 sumus,
2288 5114 2341 5153 ut
2370 5104 2603 5170 amplius
2642 5103 2933 5156 credamus
2972 5101 3235 5169 Dionysio
3283 5117 3345 5155 se
3376 5099 3636 5170 apostolos

385 5181 441 5222 et
474 5174 678 5241 vidisse
701 5184 754 5227 et
783 5173 1057 5227 audivisse
1088 5175 1237 5228 clare
1264 5173 1567 5241 protiteuti,
1598 5186 1763 5240 quam
1791 5172 1915 5224 aliis
1945 5172 2202 5225 omnibus
2233 5173 2283 5225 in
2316 5173 2653 5226 contrarium
2681 5172 3143 5241 obstrepentibus.

459 5239 667 5312 Collige
703 5243 942 5297 secundo
974 5258 1036 5296 ex
1067 5239 1467 5297 eadem'saucti
1500 5241 1885 5297 Bartbolomtei
1927 5243 2218 5303 sententia,
2262 5252 2318 5294 nt
2372 5244 2607 5311 explicat
2640 5242 2913 5296 Marsilius
2945 5240 3187 5304 Ficiuus,
3220 5250 3464 5296 mentem
3506 5245 3633 5294 circa

393 5308 559 5384 Deum
594 5308 704 5366 {res
733 5314 916 5367 subire
961 5316 1180 5384 gradus.
1215 5314 1400 5369 Primo
1430 5314 1700 5383 siquidem
1745 5312 1925 5366 verbis
1969 5312 2227 5384 plurimis
2260 5308 2458 5384 utitur.
2489 5314 2730 5367 secundo
2762 5312 2973 5381 paucis,
3008 5312 3175 5384 tertio
3220 5314 3413 5367 nullis.
3447 5315 3514 5365 Ac
3534 5313 3636 5380 plu-

391 5383 545 5435 I‘ttttis
576 5386 793 5453 quidem
826 5379 1006 5439 verbis
1036 5386 1230 5451 utitur,
1274 5386 1362 5440 ubi
1393 5379 1738 5456 quaecunque
1756 5379 2075 5446 occurrunt,
2106 5382 2175 5435 de
2207 5382 2314 5437 Deo
2353 5379 2584 5438 aﬂirmat
2616 5379 2777 5451 atque
2809 5393 2990 5448 negat,
3018 5381 3245 5450 paribus
3269 5386 3495 5453 quidem
3529 5395 3633 5438 ver-

466 5542 484 5580 ί
527 5543 697 5597 Exod.
737 5559 849 5596 xix.
932 5547 955 5585 κ
991 5546 1011 5599 Ι’
1041 5547 1169 5601 Cor.
1206 5562 1325 5611 xm,
1366 5542 1447 5601 l2.
1528 5548 1554 5588 ἣ
1593 5546 1751 5603 Rom.
1789 5564 1827 5614 t,
1863 5542 1953 5598 20.
2040 5545 2056 5585 ί
2098 5543 2269 5601 Exod.
2307 5562 2402 5612 vn,
2442 5546 2491 5602 l.
2571 5545 2596 5586 ι
2632 5543 2674 5600 il
2708 5544 2836 5602 Cor.
2860 5557 2959 5607 xu,
2992 5543 3051 5599 2.

2095 5690 2201 5707 Α

458 5698 571 5761 (51)
608 5698 660 5749 In
690 5698 841 5753 Orat.
880 5701 953 5755 De
984 5702 1261 5768 baptismo.

461 5773 575 5833 (az)
610 5771 765 5823 Orat.
806 5772 858 5835 '3,
889 5772 960 5826 lle
992 5773 1279 5840 theologia.
