3772 6346
213 386 352 442 lOtS
758 386 845 442 DE
886 385 1192 443 MYSTICA
1230 388 1648 455 THEOLOGIA,
1686 391 1838 445 CAP.
1878 396 1918 451 Ι.
1949 425 2022 434 -—-
2067 394 2411 453 ιιΑιιΑΡιιιι.
2446 394 2900 452 PACIHMERJE
3331 398 3473 453 illi”;

212 504 319 565 bis,
352 507 448 558 sed
495 510 703 561 ratione
731 507 964 560 diversa.
1000 504 1191 559 Paucis
1233 520 1363 559 vero
1408 508 1588 559 verbis
1631 507 1738 576 agit
1763 507 1852 562 ubi
1900 510 1964 562 de
2000 509 2107 565 Deo
2155 511 2414 576 loquitur,
2460 512 2560 563 sub
2604 526 2665 563 ea
2718 509 2928 563 ratione
2962 521 3067 575 qua
3121 509 3356 563 refertur
3395 513 3462 565 ad

208 583 521 649 creaturas,
552 590 604 631 et
638 588 904 631 creaturm
929 576 994 649 ad
1023 577 1226 644 ipsum,
1247 577 1325 629 uti
1360 576 1417 649 li_t
1443 578 1493 630 in
1526 578 1667 630 libro
1689 578 1765 631 De
1788 580 1979 632 divinis
2008 581 2324 634 nominibus.
2352 580 2525 637 Nullis
2550 582 2785 648 denique
2816 580 2999 633 verbis
3028 580 3217 639 utitur,
3243 582 3464 649 quando

210 644 445 720 ulterius
482 663 566 720 res
594 657 822 720 creatas
858 650 922 701 ad
958 647 1123 720 Deum
1159 662 1263 699 non
1313 647 1499 720 refert,
1535 663 1708 716 neque
1748 649 1993 704 vicissim
2040 650 2206 702 Deum
2240 651 2305 720 ad
2347 651 2511 720 ipsas,
2543 653 2635 704 sed
2676 644 2930 716 tanquam
2968 649 3108 702 Deus
3136 644 3314 720 cresia
3347 667 3467 703 om-

213 716 325 788 nia,
358 727 415 770 et
450 718 745 771 relationes
768 731 956 772 omnes
983 716 1048 770 ad
1085 728 1295 788 creata,
1332 719 1384 769 in
1412 720 1593 786 seipso
1620 720 1987 781 transcendat,
2012 722 2103 773 nili
2134 720 2236 773 Ide
2265 716 2627 774 Deo'aliirmat
2678 730 2843 788 atque
2869 728 3049 786 negat,
3081 718 3175 772 sed
3208 720 3463 787 religioso

209 784 433 859 silentio
468 788 656 849 Deum,
686 797 741 839 nt
784 800 883 853 par
908 798 1010 851 est,
1042 787 1197 859 colit.
1228 785 1381 859 Tunc
1405 784 1619 841 deumm
1651 790 1729 841 ait
1773 800 1997 844 sanctus
2041 790 2328 859 Dionysius
2371 801 2609 844 mentem
2646 784 2847 844 omnem
2890 784 3123 842 omnium
3155 784 3460 843 sanctorum

210 852 558 928 fastigiorum
593 852 866 911 ascensum
903 856 1322 912 transcendendo
1364 858 1418 911 in
1460 858 1741 928 caliginem
1782 860 2070 925 absorberi,
2109 852 2196 913 ubi
2235 860 2509 919 Marsilins
2544 859 2761 913 Ficinus
2798 875 2893 928 per
2928 859 3141 927 fastigia
3171 873 3265 912 seu
3304 876 3463 913 cacu-

208 926 381 997 mina,
422 927 677 996 intelligit
719 936 942 982 naturas
972 929 1037 982 ad
1068 930 1329 983 unitatem
1376 926 1649 994 reductas,
1694 928 1789 982 sed
1831 929 2053 984 easdem
2091 931 2387 984 universim
2434 926 2826 990 consideratas,
2859 926 2995 997 quas
3043 941 3154 982 tres
3183 944 3307 983 eSse
3346 932 3458 992 ait;

210 994 425 1050 scilicet
456 994 822 1066 corporalem,
857 998 1169 1061 animalem,
1204 998 1647 1060 intellectualem,
1687 1014 1915 1067 quarum
1949 1001 2332 1068 cogitationem
2367 1010 2422 1052 et
2452 999 2703 1054 allectum
2735 994 2926 1053 debeat
2950 998 3132 1052 anima
3171 999 3461 1069 plurimum

210 1081 501 1138 superare,
534 1082 589 1119 ιιι
624 1069 798 1135 ipsum
844 1069 896 1120 in
942 1070 1121 1137 seipso
1154 1071 1359 1121 bonum
1388 1070 1723 1122 adinveniat.
1767 1069 2087 1124 llersentins
2129 1084 2257 1123 vero
2304 1071 2474 1137 magis
2521 1070 2768 1138 mystice,
2812 1084 2913 1138 per
2954 1078 3141 1122 sancta
3184 1072 3462 1122 cacumina

209 1136 345 1208 dicit
382 1138 609 1208 intelligi
642 1136 1039 1193 eminentiores
1061 1139 1259 1192 divina:
1282 1139 1763 1207 contemplationis
1790 1155 1853 1193 ac
1880 1140 2005 1193 vitae.
2030 1141 2159 1208 Spiri
2172 1140 2293 1194 talis
2316 1136 2539 1207 gradus,
2574 1136 2774 1207 quibus
2813 1136 3088 1206 competat
3115 1153 3317 1208 nomen
3341 1154 3464 1191 san-

209 1205 441 1269 ctitatis,
466 1223 533 1262 eo
562 1205 705 1276 quod
737 1208 875 1278 hanc
900 1209 1139 1262 efﬁciant
1174 1216 1265 1261 aut
1301 1219 1451 1264 certe
1480 1205 1805 1277 adaugeant.
1831 1209 1899 1263 Et
1924 1205 2129 1264 idcirco
2164 1212 2240 1262 ait
2267 1205 2525 1263 sanctum
2546 1205 2857 1278 Dionysium
2885 1205 3187 1263 sanctorum
3217 1207 3462 1278 fastigio-

211 1291 332 1348 rum
360 1293 637 1331 ascensum
673 1277 1005 1341 nominasse,
1036 1278 1164 1347 quia
1203 1278 1461 1333 nimirum
1495 1279 1545 1331 in
1578 1281 1738 1333 rebus
1768 1281 1955 1348 gratiis
1977 1295 2041 1333 ac
2072 1281 2269 1332 divina:
2297 1277 2770 1348 contemplationis
2795 1280 2951 1347 quasi
2985 1278 3243 1348 gradibus
3270 1294 3460 1332 asceti-

211 1346 476 1417 dendum,
500 1359 555 1401 et
586 1348 802 1415 quidem
835 1346 1472 1417 seinper’ascendendnm
1502 1357 1609 1405 est.
1629 1346 1789 1415 juxta
1814 1349 1943 1403 illud
1976 1367 1989 1402 :
2022 1349 2218 1403 Beatus
2243 1351 2319 1401 vir
2341 1350 2494 1417 cujus
2520 1346 2596 1402 est
2624 1346 2885 1400 auxilium
2909 1346 3006 1400 abs
3033 1358 3103 1412 te,
3128 1350 3458 1401 assensiones

134 1430 143 1433 '
290 1418 452 1470 corde
483 1418 743 1486 disposuit
772 1417 814 1470 ι.
846 1417 931 1482 Ει,
957 1415 996 1470 '1
1006 1430 1242 1472 ustorum
1267 1421 1451 1472 semita
1484 1420 1633 1486 quasi
1657 1421 1750 1473 tua:
1771 1419 2047 1488 splendens
2070 1421 2325 1487 procedit,
2351 1415 2415 1472 αι’
2432 1421 2614 1471 crescit
2639 1434 2802 1485 usque
2822 1417 2896 1488 ad
2917 1418 3200 1485 perfectam
3230 1419 3456 1472 diem".

208 1486 481 1557 Caeterum
509 1490 608 1541 hos
639 1489 838 1542 divina:
874 1488 1354 1554 contemplationis
1387 1490 1608 1557 gradus,
1640 1486 1940 1557 omnesque
1973 1486 2096 1544 vita:
2129 1490 2407 1543 interioris
2430 1498 2587 1542 actus
2615 1504 2678 1542 ac
2715 1486 3078 1555 perfectiones
3113 1488 3291 1541 anima
3323 1503 3461 1557 eon-

213 1556 531 1625 templatrix
573 1558 960 1612 transcendere
991 1559 1168 1622 debet,
1200 1568 1257 1610 ut
1301 1559 1366 1611 ad
1400 1556 1696 1627 mysticam
1737 1570 1791 1612 et
1823 1559 2116 1627 perfectam
2147 1574 2267 1612 cum
2321 1559 2428 1611 Deo
2468 1558 3014 1611 eonmmnicationem
3049 1558 3345 1625 perveniat.
3392 1556 3461 1611 Ut

210 1642 407 1681 sensus
440 1629 512 1681 sit
558 1646 572 1681 :
604 1627 1048 1697 Qualemcunque
1074 1629 1268 1698 anima
1301 1628 1608 1698 divinarum
1643 1643 1824 1681 rerum
1864 1631 2227 1698 cognitionem
2274 1639 2564 1682 consecuta
2609 1627 2795 1698 fuerit,
2821 1627 3255 1695 qnalemcunqne
3281 1627 3463 1696 perfe-

208 1698 409 1752 ctionis
440 1698 724 1752 interioris
756 1707 956 1752 statum
988 1697 1255 1768 attigerit,
1285 1697 1447 1753 debet
1480 1708 1661 1753 tamen
1692 1698 1850 1768 longe
1873 1697 2209 1768 multumque
2239 1713 2400 1767 supra
2433 1699 2544 1753 hate
2565 1697 2744 1764 evehi,
2773 1707 2831 1750 ut
2861 1698 2970 1752 Deo
2995 1698 3183 1753 intime
3205 1705 3258 1751 et
3291 1711 3458 1765 supra

209 1776 452 1822 tuentem
484 1768 863 1837 conjungatnr.

281 1838 337 1892 In
369 1839 435 1892 iis
452 1848 632 1892 autem
651 1836 769 1906 qua:
792 1849 1011 1894 sanctus
1037 1838 1321 1909 Dionysius
1337 1837 1610 1906 subiungit
1629 1838 1696 1893 de
1714 1838 1895 1908 Moyse
1915 1841 1967 1892 in
1988 1840 2180 1894 nubem
2209 1840 2296 1909 ing
2308 1856 2455 1895 rcsso
2475 1847 2622 1909 recte
2647 1846 2797 1891 notat
2817 1836 3156 1909 llersenlius,
3172 1836 3457 1909 h'storiam

208 1912 359 1966 illam
384 1926 490 1963 non
520 1919 776 1977 tanquam
799 1909 1101 1977 exetnplum
1127 1907 1527 1977 przemissornm
1552 1910 1737 1963 al'l‘erri
1756 1907 1885 1978 (non
1907 1911 2051 1962 enim
2075 1907 2357 1978 Scriptura
2383 1918 2575 1978 narrat
2596 1908 2950 1976 iii-caliginem
2973 1907 3455 1978 illamniysticam,

210 1983 275 2036 de
305 1995 413 2048 qua
440 1981 544 2033 hoc
574 1979 712 2032 libro
734 1993 915 2035 sermo
947 1988 1063 2041 est,
1085 1978 1322 2048 Moysem
1374 1980 1677 2049 ingressum
1708 1977 1896 2042 fuisse,
1922 1989 2017 2032 aut
2058 1977 2210 2048 quod
2246 1981 2386 2033 idem
2418 1990 2526 2042 est;
2558 1977 2669 2049 Deo
2709 1977 3243 2049 superessentialiter
3289 1977 3460 2049 fuisse

208 2046 595 2120 conjunctmn;
622 2050 717 2103 sed
756 2057 969 2120 tantum
1001 2046 1217 2114 nubem,
1256 2046 1647 2117 quinquennem
1684 2061 1996 2117 operuerat,
2029 2046 2279 2116 subiisse,
2320 2054 2373 2104 in
2422 2066 2529 2118 qna
2580 2047 2722 2120 Dens
2768 2048 3051 2120 habitasse
3090 2046 3313 2120 dicitur)
3361 2047 3459 2099 sed

210 2117 470 2188 tanquam
497 2120 808 2188 allegoriam
835 2119 1255 2188 pulcherrimam
1278 2129 1332 2172 et
1356 2120 1810 2188 appositissimam
1837 2120 1902 2173 iis
1931 2134 2049 2186 quae
2078 2128 2388 2174 tractantur
2417 2118 2753 2174 illustramlis
2783 2118 3076 2172 recenseri.
3113 2117 3190 2169 Ac
3216 2118 3454 2188 primum

249 2187 429 2245 uidem
469 2204 566 2259 per
596 2187 972 2259 purgationem
1009 2188 1153 2242 illam
1199 2187 1361 2259 550
1399 2187 1620 2260 Moysis,
1662 2190 1911 2258 designat
1968 2190 2225 2253 animam,
2254 2207 2375 2260 quae
2418 2192 2484 2244 ad
2518 2191 2641 2243 vitae
2688 2188 2962 2260 interioris
3004 2188 3212 2260 apicem
3259 2187 3456 2248 tendit,

249 2206 429 2245 niuem
469 2206 566 2259 per
596 2206 972 2259 purgationem
1009 2206 1153 2242 niam
1199 2206 1361 2259 υδυ
1399 2206 1620 2260 moysus,
1662 2206 1911 2258 uesuguat
1968 2206 2225 2253 annnam,
2254 2207 2375 2260 quae
2418 2206 2484 2244 au
2518 2206 2641 2243 vna:
2688 2206 2962 2242 llllel'lOl'lS
3004 2206 3212 2256 apicem
3259 2206 3456 2248 ieiuni,

207 2206 411 2317 gehere
441 2262 677 2329 primum
698 2269 929 2331 peccato
948 2261 1117 2331 tutori,
1144 2274 1326 2331 carnis
1352 2273 1564 2331 pravos
1595 2271 1776 2313 moms
1805 2260 2043 2322 vincere,
2082 2260 2275 2331 bisque
2311 2261 2566 2315 omnibus
2617 2258 2835 2331 purgari
2874 2267 3134 2331 quantum
3170 2258 3222 2331 in
3258 2271 3318 2309 se
3350 2266 3456 2331 est,

207 2327 457 2386 Graduni
485 2341 664 2383 autent
694 2329 837 2383 hunc
869 2329 1115 2396 qui'vitae
1150 2329 1413 2397 spiritalis
1442 2330 1651 2398 primus
1680 2340 1782 2396 est,
1812 2340 1866 2383 et
1906 2330 1956 2382 in
1987 2343 2095 2397 quo
2132 2327 2370 2386 maxime
2412 2328 2821 2398 niortilicationi
2873 2329 3317 2389 incumbentium,
3356 2327 3458 2398 viri

206 2402 488 2466 spiritales
512 2401 677 2452 vitam
711 2414 803 2453 seu
832 2400 973 2471 viam
1008 2401 1350 2471 purgativam
1388 2397 1617 2465 vacant;
1649 2416 1810 2467 quam
1841 2399 2188 2470 Pythagorici
2220 2403 2451 2471 primam
2472 2410 2539 2471 et
2563 2397 2719 2471 quasi
2752 2399 3074 2471 praecipuam
3108 2397 3463 2471 philosophiae

206 2488 319 2525 sua:
346 2483 557 2541 partem
587 2476 916 2523 statuerunt.
946 2470 1047 2523 Per
1082 2468 1286 2523 lamina
1317 2480 1497 2541 autem
1538 2481 1592 2525 et
1616 2468 1909 2541 sonas,rvia
1938 2468 2296 2524 illuminativa
2332 2470 2675 2537 intelligitur,
2711 2469 2761 2521 in
2796 2483 2901 2541 qua
2938 2468 3027 2541 Dei
3058 2478 3113 2541 et
3142 2468 3453 2520 divinarum

208 2537 394 2595 rerum
430 2540 982 2607 contemplationibus
1017 2551 1346 2594 exercentur
1377 2540 1573 2594 animas
1603 2540 1899 2607 spiritales,
1934 2541 2223 2607 multisque
2260 2543 2558 2595 luminibus
2594 2554 2657 2593 ac
2691 2539 2838 2593 sonis
2868 2537 3257 2591 rere-lulianum
3286 2544 3459 2605 atque

206 2611 636 2665 illustrationum
678 2626 708 2661 a
742 2609 851 2663 Deo
880 2610 1126 2679 exceptis
1161 2610 1523 2679 adaugentur,
1566 2611 1749 2665 multis
1788 2611 1969 2665 verbis
2006 2609 2463 2666 intellectualibus
2502 2610 2569 2664 ad
2622 2611 2791 2663 Deum
2827 2609 3068 2671 emissis,
3119 2617 3175 2661 et
3216 2608 3459 2661 viciSsiin

206 2682 393 2735 multis
428 2699 457 2735 a
492 2680 603 2733 Deo
634 2681 891 2734 immissis
928 2682 980 2732 in
1025 2682 1108 2733 via
1135 2679 1229 2734 Dei
1259 2683 1702 2750 progrediuntur,
1729 2691 1783 2735 et
1810 2679 2069 2749 paulatim
2100 2695 2131 2732 a
2160 2682 2338 2736 multis
2373 2688 2737 2750 segregantur,
2776 2682 2902 2732 dum
2953 2693 2981 2728 a
3024 2687 3331 2750 creatarnm
3377 2691 3462 2729 re-

205 2766 323 2805 run:
362 2766 471 2804 non
515 2750 688 2803 solum
728 2751 1104 2821 intelligentia,
1143 2751 1239 2804 sed
1260 2747 1442 2804 inulto
1481 2752 1651 2821 magis
1690 2747 1886 2805 alfeetu
1920 2751 2278 2819 scjunguntur
2308 2747 2470 2821 atque
2500 2747 2782 2821 secedunt.
2825 2749 2978 2816 Quod
3027 2756 3207 2801 autem
3250 2747 3461 2821 Moyses

202 2837 323 2874 cum
354 2822 561 2874 selectis
593 2816 955 2874 sacerdotibus
996 2828 1225 2875 montem
1272 2824 1545 2887 ascendat,
1572 2816 1822 2891 solusque
1861 2816 2139 2890 caliginem
2191 2816 2546 2889 ingrediatur,
2582 2819 2844 2882 insinuat,
2879 2832 3178 2891 paucorum
3212 2816 3365 2891 esse
3392 2816 3460 2869 ad

203 2892 436 2963 mystica
466 2891 1109 2963 fastigiaconscettdere,
1146 2892 1413 2963 siquidem
1444 2907 1635 2947 omnes
1663 2906 1694 2946 e
1722 2888 1879 2961 plebe
1920 2888 2135 2963 purgati
2173 2888 2390 2959 quidem
2416 2899 2565 2955 sunt,
2611 2900 2664 2944 et
2693 2904 2884 2963 omnes
2917 2888 3164 2963 sonitum
3209 2888 3460 2963 buccina:

202 2956 557 3036 audiverunt,
592 2956 647 3013 ἐι
678 2960 887 3036 fulgura
927 2956 1421 3036 viderunt,'_paucis
1454 2973 1634 3017 tamen
1681 2956 2000 3036 concessum
2032 2956 2137 3036 fuit
2165 2956 2234 3036 in
2277 2972 2517 3036 montem
2564 2958 2891 3036 ascendere,
2916 2956 3192 3036 Deumque
3232 2956 3456 3036 intueri.

203 3032 298 3084 Sic
332 3032 518 3099 plures
562 3027 780 3102 quoque
814 3030 867 3083 in
908 3032 992 3084 via
1018 3027 1300 3102 purgativa
1332 3034 1554 3102 degunt,
1581 3034 1877 3102 pauciores
1907 3046 2035 3084 vero
2072 3031 2126 3084 in
2163 3031 2545 3102 illuminativa,
2582 3029 2895 3102 paucissimi
2929 3043 3055 3080 vero
3092 3027 3160 3102 ad
3190 3027 3457 3081 unitivam

203 3097 555 3168 perveniunt.
578 3097 815 3171 Moyses,
832 3102 975 3171 enim
1013 3097 1159 3156 solus
1190 3108 1273 3171 (ut
1302 3097 1537 3156 hab'etur
1571 3097 1742 3156 Exodi
1764 3116 1885 3170 cap.
1919 3106 2010 3168 xx)
2042 3102 2276 3155 accessit
2304 3103 2372 3155 ad
2411 3097 2699 3169 caliginem
2734 3099 2787 3151 in
2813 3113 2916 3168 qua
2951 3108 3072 3149 erat
3094 3097 3268 3171 Dens,
3295 3112 3458 3171 quam

202 3166 492 3245 historiam
538 3166 771 3245 saucius
792 3170 1080 3243 Dionysius
1114 3166 1495 3245 accommodat
1540 3173 1769 3242 mystico
1813 3166 2089 3245 theologo,
2122 3173 2211 3240 qui
2231 3166 2544 3245 semotaei
2574 3171 2738 3245 veluti
2772 3182 2805 3221 a
2832 3166 2988 3245 :tergo
3031 3168 3217 3245 relicta
3247 3166 3461 3245 intelle-

200 3242 371 3315 ctuali
400 3243 733 3315 cognitione,
759 3241 811 3315 in
851 3239 1097 3315 mystica:
1133 3242 1348 3298 unionis
1371 3243 1550 3297 sinum
1587 3239 1870 3315 recipitur,
1899 3242 1989 3295 ubi
2012 3239 2100 3296 est
2126 3239 2365 3310 perfecta
2398 3242 2576 3311 caligo
2613 3239 2995 3315 ignorationis,
3027 3254 3148 3306 qua:
3186 3239 3459 3315 ituscipsa

203 3312 411 3384 nullam
458 3307 878 3384 intellectualem
908 3307 1085 3369 lucem
1114 3322 1209 3367 aut
1237 3315 1607 3383 cognitionem
1645 3307 1889 3368 admittit
1931 3320 1984 3366 et
2023 3307 2170 3379 vere,
2223 3315 2456 3384 mystica
2487 3307 2600 3379 e'st,
2633 3307 2759 3382 Quia
2796 3310 2984 3364 intima
3017 3322 3074 3363 ct
3115 3307 3351 3372 occulta,
3379 3308 3460 3361 sic

205 3390 263 3434 ut
290 3382 437 3436 nulla
470 3397 624 3436 mens
660 3382 931 3437 rationem
957 3384 1074 3452 eius
1100 3384 1275 3438 valeat
1310 3382 1797 3453 comprehendere.

1235 3688 1723 3748 PARAPHRASIS
1783 3692 2233 3775 PACIIYMEBIE
2268 3696 2402 3766 (55).

285 3826 349 3880 '0
371 3826 469 3896 μὲν
504 3824 647 3896 ἱερὸς
671 3825 945 3889 Διονύσιος
986 3825 1080 3880 τοῦ
1113 3828 1254 3896 Περὶ
1287 3829 1460 3882 θείων
1482 3828 1785 3899 ὀνομάτων

1964 3830 2120 3884 Divus
2145 3832 2361 3899 quidem
2394 3831 2703 3901 Dionysius,
2738 3833 2873 3887 libro
2906 3850 3007 3887 suo
3040 3834 3115 3889 De
3150 3835 3339 3888 divinis
3369 3850 3465 3887 no-

201 3918 363 3989 λόγου
386 3917 653 3989 προέταξε
669 3919 760 3971 τὸν
775 3920 917 3989 Περὶ
941 3918 1297 3991 θεολογικῶν
1314 3920 1782 3987 ὑποτυπώσεων,

203 4012 545 4085 προθεωρίαν
576 4012 683 4064 τῶν
734 4012 1006 4085 σποράδην
1041 4016 1098 4067 ὲν
1137 4018 1202 4086 τῇ
1246 4014 1433 4086 Γραφῇ
1483 4017 1611 4087 περὶ
1648 4016 1788 4069 Θεοῦ

202 4105 531 4177 εἰρημένων·
561 4104 794 4170 ὑπέταξε
820 4107 875 4159 δὲ
901 4107 991 4160 τὸν
1018 4108 1159 4176 Περὶ
1186 4107 1564 4177 συμϐολικῆς
1586 4112 1786 4163 θεολο-

201 4200 357 4270 γίας,
391 4201 451 4253 ὲν
477 4194 523 4268 ᾦ
552 4200 778 4267 ἐδίδαξε,
810 4202 953 4265 τίνες
985 4203 1040 4256 αἱ
1083 4201 1191 4256 ἀπὸ
1234 4201 1343 4255 τῶν
1374 4202 1645 4273 αἰσθητῶν
1693 4204 1786 4256 ἐπὶ

200 4290 274 4345 τὰ
310 4292 430 4345 θεῖα
465 4294 829 4363 μετωνυμίαι,
862 4294 957 4347 καὶ
985 4295 1052 4347 τὰ
1082 4294 1207 4365 ἑξῆς
1236 4294 1649 4367 πολυλογώτερα
1678 4295 1786 4349 τῶν

202 4384 347 4453 Περὶ
391 4385 751 4455 θεολογικῶν
801 4386 1269 4452 ὺποτυπώσεων,
1318 4390 1411 4441 καὶ
1448 4378 1631 4441 θείων(
1654 4390 1787 4441 ὀνο-

197 4475 406 4545 μάτων
439 4477 773 4549 ὑπάρχοντα,
800 4478 865 4530 δι’
895 4478 1095 4545 αἰτίαν,
1131 4480 1196 4550 ἢν
1226 4481 1282 4532 ἐν
1303 4480 1379 4551 τῷ
1406 4482 1575 4553 τρίτῳ
1616 4498 1787 4550 κεφα-

202 4567 340 4637 λαίῳ
373 4567 470 4620 τοῦ
488 4569 628 4636 Περὶ
646 4568 950 4639 μυστικῆς
973 4572 1279 4641 θεολογίας
1300 4574 1451 4643 φησι.
1478 4572 1633 4626 Μετὰ
1656 4571 1786 4641 γοῦν

198 4660 413 4723 τοῦτον,
448 4661 654 4714 ἐκείνου
685 4662 904 4733 ἤρξατο.
941 4662 1146 4732 Μηδεὶς
1184 4659 1276 4715 οὖν
1307 4664 1500 4718 οἰέσθω
1527 4665 1617 4718 τὸν
1647 4663 1785 4733 Περὶ

201 4750 583 4821 συμϐολικῆς
614 4754 943 4823 θεολογίας,
976 4755 1059 4823 ἐφ’
1081 4754 1139 4806 ὃν
1172 4754 1310 4825 μετὰ
1332 4756 1422 4809 τὸν
1444 4757 1582 4825 Περὶ
1615 4757 1787 4810 θείων

203 4842 516 4914 ὀνομάτων
562 4845 978 4914 μετελεύσεσθαί
1021 4864 1173 4918 φησι,
1201 4848 1293 4900 τὸν
1324 4850 1464 4915 Περὶ
1483 4848 1787 4919 μυστικῆς

203 4940 519 5007 θεολογίας
558 4933 715 5004 εἶναι,
743 4936 879 4992 ἀλλὰ
906 4941 1021 5010 μετ’
1046 4943 1251 4993 ἐκεῖνον
1280 4940 1466 4993 τοῦτον
1497 4941 1629 4993 ῐστω
1660 4957 1787 4993 συν-

201 5028 462 5099 τετάχθαι
492 5028 569 5099 τῷ
592 5031 756 5101 πατρί
781 5047 794 5059 ·
830 5032 903 5103 μὴ
931 5033 1316 5104 εὑρισκομένου
1347 5033 1404 5087 δὲ
1433 5033 1526 5087 νῦν
1553 5032 1784 5097 ἐκείνου,

203 5123 234 5176 ὸ
252 5122 389 5190 Περὶ
412 5122 718 5191 μυστικῆς
742 5126 1052 5195 θεολογίας
1075 5126 1259 5180 ἐνθάδε
1281 5128 1557 5181 τέτακται.

279 5302 307 5374 §
338 5303 381 5355 f.
411 5301 741 5372 Ἐπειδήπερ
770 5303 907 5370 Περὶ
932 5303 1239 5373 μυστικῆς
1265 5307 1574 5375 θεολογίας
1604 5306 1785 5377 μέλλει

202 5393 502 5456 διαλαϐεῖν,
525 5394 625 5463 τῆς
644 5394 909 5447 ἁπολύτου
940 5395 1081 5463 λέγω
1109 5398 1306 5461 παντὸς
1325 5415 1387 5451 συ
1395 5398 1590 5469 μὸόλου
1612 5415 1671 5452 τε
1695 5400 1788 5453 καὶ⁹

207 5487 490 5556 ὀνόματος,
522 5486 617 5538 καὶ
642 5486 731 5538 διά
755 5502 813 5538 τε
840 5488 936 5557 τῆς
966 5489 1180 5543 πάντων
1213 5491 1419 5560 νοητῶν
1447 5491 1782 5557 ἀπολύσεως,

208 5578 304 5633 καὶ
330 5579 432 5649 τῆς
477 5578 666 5631 πασῶν
705 5580 940 5651 νοήσεων
987 5582 1349 5647 ἁποπαύσεως
1392 5584 1785 5655 συναγομένης,

284 5730 305 5773 ι
342 5732 485 5794 Psal.
520 5749 749 5797 uuln,
784 5732 837 5787 6.
904 5732 1120 5790 InProv.
1158 5753 1228 5800 tv,
1271 5738 1354 5793 l8.

1888 3924 2111 3977 minibus
2139 3923 2481 3993 praemiserat
2510 3923 2659 3976 illum
2687 3922 2763 3977 De
2793 3923 3097 3994 tlteologicis
3129 3924 3464 3991 informatio-

1889 4020 2060 4082 nibus,
2091 4032 2188 4071 ceu
2230 4018 2489 4087 praevium
2520 4030 2802 4086 aspectum
2845 4033 3031 4072 eorum
3075 4034 3197 4086 qua:
3225 4022 3459 4087 sparsim

1890 4113 1941 4164 in
1975 4111 2264 4178 Scriptura
2296 4109 2361 4163 de
2396 4108 2505 4163 Deo
2532 4110 2673 4164 dicta
2719 4120 2880 4175 sunt;
2926 4111 3287 4180 subjunxerat
3333 4125 3465 4165 vero

1887 4203 2086 4258 librutn
2134 4201 2211 4256 De
2252 4202 2539 4272 symbolica
2588 4202 2871 4271 theologia,
2918 4202 2970 4255 in
3022 4217 3131 4272 quo
3179 4202 3461 4266 docuerat,

1886 4312 2133 4366 quamam
2166 4312 2194 4348 a
2220 4293 2513 4349 sensilibus
2530 4294 2597 4347 ad
2627 4293 2812 4348 divina
2840 4292 3229 4366 translationes
3255 4300 3461 4352 essent,

1887 4364 2019 4453 εις..
2047 4404 2171 4456 qua:
2195 4388 2398 4455 scripta
2435 4386 2511 4439 De
2535 4385 2840 4455 theologicis
2872 4364 3366 4455 informationibus,
3400 4401 3465 4439 ac

1893 4481 2090 4534 Divinis
2139 4479 2435 4534 nominibus
2484 4479 2780 4548 prolixiora
2837 4488 3028 4540 erant,
3080 4478 3153 4531 ob
3202 4492 3460 4541 causam,

1889 4586 2049 4640 quam
2085 4570 2137 4623 in
2167 4570 2329 4624 tertio
2374 4569 2555 4638 capite
2598 4567 2675 4621 De
2714 4568 2940 4637 mystica
2986 4564 3245 4633 theologia
3274 4564 3462 4625 tradit,

1890 4671 2013 4732 post
2060 4662 2180 4715 illos
2224 4663 2408 4731 itaque
2455 4667 2758 4721 tractatus,
2802 4661 2948 4712 hunc
3000 4656 3314 4725 auspicatus
3358 4663 3460 4707 est.

1886 4754 2059 4809 Nemo
2098 4755 2262 4825 igitur
2305 4755 2499 4809 librum
2543 4752 2692 4807 illum
2740 4751 2811 4805 De
2849 4750 3134 4821 symbolice
3180 4747 3462 4815 theologia,

1890 4850 1956 4903 ad
1987 4866 2171 4918 quem,
2198 4857 2317 4916 post
2351 4848 2498 4902 illum
2534 4846 2610 4900 De
2631 4844 2819 4898 divinis
2850 4842 3168 4905 nominibus,
3195 4856 3253 4894 se
3285 4850 3465 4891 trans-

1890 4942 1970 4997 ire
2001 4943 2152 5009 dicit,
2183 4942 2455 4997 existimet
2480 4940 2624 4992 hunc
2646 4951 2767 4989 esse
2796 4935 2869 4987 De
2915 4934 3135 5002 mystica
3176 4928 3462 4997 theologia,

1889 5036 1982 5089 sed
2009 5043 2129 5103 post
2160 5033 2313 5088 illum
2348 5031 2486 5084 sciat
2513 5028 2678 5082 istum
2707 5042 2735 5080 a
2780 5033 2970 5079 sancto
3001 5022 3166 5076 Patre
3194 5021 3456 5089 composi-

1893 5138 2003 5179 tum
2048 5126 2236 5190 fuisse,
2263 5125 2354 5194 qui
2390 5138 2513 5177 cum
2543 5120 2705 5174 modo
2738 5137 2842 5173 non
2895 5118 3219 5186 reperiatur,
3251 5114 3340 5169 hic
3382 5112 3461 5166 De

1816 5199 1860 5255 Β
1895 5220 2112 5291 mystica
2140 5218 2399 5285 theologia
2436 5216 2537 5268 hoc
2563 5214 2683 5267 loco
2714 5212 3084 5281 subjungitur.

1964 5307 2047 5380 ει.
2063 5309 2195 5361 Cum
2214 5307 2288 5359 De
2302 5308 2516 5374 mystica
2532 5303 2814 5372 theologia,
2831 5302 3061 5356 abomni
3083 5286 3301 5368 inquam
3318 5313 3463 5368 sym-

1892 5401 2015 5456 bolo
2045 5399 2369 5467 nomineqne
2397 5395 2664 5459 absoluta,
2696 5405 2748 5448 et
2786 5395 3026 5448 otnnium
3062 5391 3461 5446 intellectilium

1894 5494 2269 5555 absolutione,
2309 5492 2661 5558 oniniumque
2713 5489 3108 5559 cogitationum
3153 5482 3468 5540 cessatione

1894 5588 2142 5650 collecta,
2184 5585 2435 5640 dicturus
2453 5595 2617 5647 esset,
2649 5598 2811 5652 quam
2834 5584 2886 5636 in
2907 5581 3030 5637 aliis
3052 5594 3269 5651 quoque
3290 5577 3363 5632 ab
3378 5577 3467 5632 iu-

281 5846 396 5921 (55)
434 5846 563 5902 Vide
590 5845 805 5901 Scholia
836 5846 891 5901 S.
927 5847 1148 5904 ilaani.
1178 5860 1307 5907 tom.
1347 5850 1408 5919 ll,
1440 5867 1561 5921 cap.
1598 5850 1618 5905 ί
1659 5849 1822 5922 Mysi.
1875 5852 2033 5907 tlteol.
