3772 6348
282 357 448 441 ποιεί
1124 392 1127 395 -
1449 359 1507 415 s.
1543 358 1771 417 DIDNY:

2083 362 2351 420 ΡΛΕΙΤᾹΞ
3419 365 3572 420 50:6

282 471 527 528 tetlectili
542 472 788 527 motione
812 472 1176 528 cessationem
1198 473 1514 544 appellavit,
1530 474 1740 530 idcirco
1761 491 1771 528 :

2085 480 2117 532 ῐὲ
2163 481 2221 532 ὲν
2268 480 2477 551 ἑτέροις
2507 474 2629 535 εἷπε
2662 481 3177 554 καὶάνενεργησίαν
3210 482 3318 554 τῆς
3365 482 3574 550 νοερᾶς

284 576 499 635 tequam
517 566 677 620 verba
703 566 893 628 faciat,
909 566 1132 620 adhibet
1149 569 1543 637 precationem,
1558 580 1722 637 atque
1738 584 1773 623 s:

2167 588 2230 635 υς
2248 588 2265 601 ο
2295 570 2387 624 διὰ
2413 571 2572 624 τοῦτο
2602 572 2708 644 πρὸ
2733 573 2842 625 τῶν
2861 572 3035 640 λόγων
3063 576 3128 645 τῇ
3162 574 3297 645 εὐχῇ
3336 573 3572 643 χρῆται,
3617 572 3656 621 τ

290 666 423 711 :tam
465 658 676 711 invocat
698 656 1048 722 Trinitatem,
1072 658 1263 715 dicens
1290 659 1589 725 :Trinitas,
1613 672 1668 715 et
1696 677 1861 732 supra

290 770 321 818 p
338 766 457 803 sum
478 765 623 815 esse,
650 758 706 805 et
726 766 889 820 supra
922 768 1088 822 quam
1114 754 1281 808 Deum
1306 770 1449 818 esse,
1472 766 1529 810 et
1556 757 1677 823 plus
1698 771 1862 825 quam

273 842 437 913 551
475 844 674 897 bonum
713 859 833 900 esse
895 847 1124 915 habens;
1178 849 1447 919 siquidem
1479 851 1530 903 id
1566 852 1675 905 vim
1701 851 1866 907 habet

273 933 680 1000 productionis,
710 936 921 991 scilicet
949 952 1101 1004 esse;
1137 938 1266 992 illud
1297 954 1423 994 vero
1450 939 1726 1003 eﬂicacite,
1757 943 1866 997 sci-

283 1025 404 1080 licet
441 1026 603 1092 Deus,
650 1028 796 1083 aliud
850 1046 978 1085 vero
1026 1031 1383 1098 habitudiuis,
1414 1036 1629 1089 scilicet
1656 1034 1867 1102 bonus;

283 1134 405 1187 qua;
464 1120 654 1189 utique
709 1134 963 1177 naturam
1016 1122 1109 1178 Dei
1159 1126 1307 1177 nullo
1355 1126 1515 1179 modo
1566 1127 1865 1183 declarant.

285 1208 423 1263 llinc
476 1226 610 1265 vero
656 1213 871 1269 discere
932 1214 1119 1280 liceat,
1173 1216 1318 1281 quod
1370 1216 1497 1269 dum
1532 1217 1598 1271 de
1640 1218 1870 1289 mystica

288 1299 551 1371 theologia
580 1307 745 1357 verba
808 1304 995 1360 facere
1052 1305 1382 1371 instituerit,
1417 1317 1473 1360 et
1511 1318 1737 1378 propter
1769 1310 1872 1363 hoc

287 1394 503 1459 petierit
532 1395 851 1456 illuminari,
878 1398 1018 1451 hanc
1052 1398 1219 1467 ipsam
1242 1399 1615 1468 precationem
1646 1400 1875 1470 mystice

285 1496 601 1555 componat.
640 1486 755 1542 Non
790 1490 933 1542 enim
967 1490 1126 1552 dixit,
1156 1491 1283 1559 quid
1341 1492 1413 1545 sit
1447 1492 1629 1556 'l‘rias,
1661 1492 1755 1549 sed
1785 1492 1874 1546 illa

285 1579 487 1647 quibus
513 1588 599 1632 est
634 1582 904 1648 superior.
962 1579 1087 1635 llaec
1112 1582 1254 1634 enim
1287 1592 1369 1635 est
1403 1583 1636 1654 mystica
1670 1581 1879 1637 theolo-

288 1672 400 1741 gia,
434 1687 553 1741 qua:
606 1690 780 1743 neque
834 1678 1074 1731 seusatio
1119 1687 1230 1742 est,
1274 1694 1453 1748 neque
1509 1680 1671 1743 ratio,
1704 1692 1881 1745 neque

293 1765 496 1818 mentis
534 1767 723 1830 motio,
773 1782 950 1836 neque
981 1770 1249 1837 operatio,
1298 1786 1472 1838 neque
1502 1772 1749 1837 habitus,
1788 1786 1884 1826 ne-

1966 664 2223 735 καὶπρὸς
2251 664 2350 735 τὴν
2382 663 2539 732 ἁγίαν
2563 667 2840 718 ποτνιᾶται
2884 660 3110 737 Τριάδα,
3136 666 3312 734 λέγων
3347 683 3361 695 ·
3394 663 3576 736 Τριέις

1968 762 2062 813 καὶ
2109 760 2251 830 ὑπὲρ
2295 759 2359 812 τὸ
2414 754 2575 821 εἶναι,
2625 760 2721 811 καὶ
2776 759 2915 829 ὑπὲρ
2962 759 3022 811 τὸ
3067 758 3200 820 Θεὸς
3252 754 3421 821 εἶναι,
3474 758 3579 810 καὶ

1967 850 2030 903 τὸ
2081 849 2224 921 ὑπὲρ
2275 849 2338 901 τὸ
2385 848 2588 917 ἀγαθὸς
2636 844 2773 901 εἶναι
2826 849 3023 919 ἔχουσα
3047 864 3062 879 ·
3114 848 3175 900 τὸ
3227 849 3327 919 μὲν
3389 846 3581 914 ἔμφα-

1972 961 2057 997 σιν
2090 943 2203 1013 ἓχει
2240 942 2597 1014 παραγωγῆς,
2645 941 2885 1012 δηλονότι
2917 942 2979 995 τὸ
3027 937 3190 1005 εἶναι,
3227 940 3289 995 τδ
3320 938 3380 993 δὲ
3418 942 3581 1010 ἐνερ-

1971 1040 2146 1107 γείας,
2181 1037 2244 1089 τὸ
2273 1036 2405 1100 Θεός
2425 1053 2439 1067 ·
2474 1037 2535 1089 τὸ
2565 1035 2622 1088 δὲ
2656 1034 2842 1101 ἕξεως,
2874 1036 2936 1089 τὸ
2970 1036 3192 1105 ἀγαθὸς,
3227 1035 3263 1090 ἃ
3295 1032 3588 1105 ὅὴταῦτα,

1972 1131 2035 1183 οὐ
2069 1130 2231 1199 φύσιν
2265 1128 2449 1192 ποσῶς
2482 1127 2856 1199 παραδηλοῦσι
2888 1128 3045 1182 Θεοῦ.
3100 1129 3259 1181 Ἔστι
3292 1127 3350 1180 δὲ
3387 1121 3582 1179 ἐντεῦ-

1976 1223 2067 1277 θεν
2104 1221 2314 1292 μαθεῖν,
2350 1223 2431 1276 ὅτι
2461 1223 2587 1295 περὶ
2614 1224 2880 1294 μυστικῆς
2919 1219 3197 1290 θεολογίας
3232 1216 3581 1290 προθέμενος

1976 1310 2176 1380 λέγειν,
2211 1313 2305 1366 καὶ
2333 1316 2413 1377 εἰς
2442 1314 2603 1367 τοῦτο
2635 1312 2970 1383 φωτισθῆναι
3004 1311 3320 1381 εὐχόμενος,
3357 1308 3460 1360 καὶ
3487 1306 3584 1358 αῦ-

1977 1405 2078 1473 τὴν
2105 1405 2206 1474 τὴν
2225 1405 2391 1474 εὐχὴν
2424 1403 2703 1475 μυστικῶς
2725 1403 3032 1473 συντίθησιν
3054 1418 3067 1431 ·
3092 1401 3214 1453 οὐδὲ
3239 1399 3353 1470 γὰρ
3378 1394 3509 1451 εἷπε
3528 1396 3586 1450 τί

1983 1498 2131 1548 ἐστιν
2163 1498 2195 1566 ή
2230 1495 2421 1567 Τριάς,
2457 1494 2591 1548 ἀλλὰ
2617 1495 2787 1548 ταῦτα
2841 1495 2979 1565 ὑπὲρ
3014 1494 3048 1547 ἆ
3081 1496 3220 1545 ἐστι.
3257 1490 3438 1543 Τοῦτο
3471 1487 3585 1559 γάρ

1983 1590 2129 1641 ἐστιν
2157 1590 2191 1660 ἡ
2229 1588 2466 1659 μυστικὴ
2502 1587 2773 1656 θεολογία,
2807 1587 2909 1640 οὐκ
2955 1585 3234 1655 αἴσθησις,
3292 1584 3355 1636 οὐ
3394 1581 3584 1651 λόγος,

1982 1680 2042 1732 οὐ
2076 1680 2193 1743 νοὸς
2227 1680 2457 1750 κίνησις,
2494 1681 2596 1732 οὐκ
2629 1679 2902 1750 ἐνέργεια,
2936 1679 3035 1748 οὐχ
3062 1676 3197 1742 ἕξις,
3232 1676 3337 1728 οὐκ
3369 1673 3501 1729 ἄλλο
3532 1690 3589 1727 τι

1985 1774 2096 1827 τῶν
2131 1773 2417 1846 ἡμετέρων
2452 1774 2794 1845 παραστήσει
2826 1771 3031 1841 ταύτην
3053 1787 3067 1801 ·
3119 1768 3234 1823 ἀλλ’
3268 1772 3329 1823 ὲν
3363 1768 3592 1840 ἀκριϐεῖ

292 1871 403 1924 que
441 1857 588 1926 quod
619 1860 915 1928 quidquam
971 1875 1151 1913 rerum
1211 1865 1536 1916 nostratium
1604 1862 1781 1933 explic

2101 1864 2245 1935 νησία
2280 1863 2399 1928 νοὸς
2431 1864 2499 1917 τὰ
2536 1864 2663 1935 περὶ
2694 1863 2863 1933 αὐτῆς
2914 1861 3339 1933 ὲλλαμφθέντες,
3376 1860 3590 1930 γνωσό-

294 1949 505 2021 possit;
562 1951 655 2004 sed
708 1952 761 2005 in
816 1952 1058 2022 perlecta
1119 1954 1319 2008 mentis
1375 1954 1681 2010 cessatione
1729 1956 1877 2010 circa

295 2041 465 2109 ipsam
500 2040 807 2107 illuminati,
836 2058 1231 2113 cognoscemus
1263 2061 1384 2100 eam
1410 2060 1533 2102 esse
1562 2062 1729 2116 supra
1763 2060 1884 2101 om-

297 2139 382 2192 nia
409 2154 531 2209 quae
556 2155 707 2195 mens
738 2141 1022 2211 intelligit;
1053 2152 1110 2197 et
1158 2159 1280 2198 cum
1348 2145 1641 2216 mysticum
1670 2146 1799 2215 quid
1830 2159 1883 2203 et

297 2230 578 2285 inell‘abile
609 2233 910 2298 contineat,
980 2235 1283 2289 secundum
1317 2236 1421 2291 hoc
1474 2238 1649 2292 solum
1680 2254 1887 2292 sermo-

300 2338 397 2377 nes
425 2325 492 2377 de
517 2323 607 2378 illa
639 2336 823 2386 erunt,
870 2336 924 2379 et
977 2328 1248 2398 theologia
1284 2329 1595 2395 vocabitur,
1626 2333 1886 2400 quoniam

300 2417 401 2470 hoc
426 2415 495 2470 tle
535 2417 644 2470 Deo
691 2417 893 2471 dicitur
922 2421 1067 2486 quod
1119 2421 1192 2474 sit
1237 2436 1402 2490 supra
1444 2422 1649 2475 omnia.
1685 2422 1764 2476 Tu
1794 2422 1890 2476 ita-

295 2524 423 2576 que,
450 2525 484 2563 ο
527 2519 717 2564 sancta
765 2509 1033 2575 Trinitas,
1085 2512 1282 2568 divinat
1329 2514 1615 2583 sapientiae
1658 2514 1709 2567 in
1736 2515 1892 2569 Chri-

298 2602 496 2655 stianis
525 2614 753 2671 praises,
791 2617 913 2669 quze
971 2612 1207 2656 utentem
1240 2604 1389 2673 regis
1443 2613 1502 2657 ut
1532 2617 1772 2675 congrue
1826 2604 1891 2658 de

299 2694 502 2747 divinis
522 2695 746 2759 sentiat,
781 2704 836 2747 et
873 2709 980 2748 non
1014 2694 1196 2763 sapiat
1247 2710 1681 2763 supervacanea,
1714 2696 1892 2764 dirige

302 2800 403 2840 nos
433 2785 501 2838 ad
532 2801 849 2856 supremum
883 2786 1171 2851 verticem,
1230 2802 1342 2858 quo
1365 2788 1440 2841 nil
1473 2787 1764 2844 sublimius
1794 2804 1890 2843 ex-

302 2879 542 2946 cogitari
577 2888 780 2946 potest,
808 2880 901 2949 qui
959 2893 1289 2949 supraquam
1349 2880 1587 2949 ignotus,
1616 2892 1670 2941 et
1693 2896 1889 2952 supra-

303 2987 470 3039 quam
510 2972 725 3027 lucidus
762 2986 819 3026 et
870 2988 1033 3039 supra
1081 2986 1296 3028 omnem
1345 2972 1672 3041 cognitionis
1730 2984 1897 3043 nega-

305 3065 603 3129 tionem,et
632 3061 852 3119 lmuiuis
879 3063 1297 3119 aliirmationem
1334 3064 1575 3117 exsistit.
1605 3062 1893 3131 Quoniam,

308 3158 437 3210 licet
462 3157 648 3225 ignota
681 3156 752 3209 sit
806 3155 1112 3209 istiusmodi
1167 3154 1496 3221 sublimitas,
1552 3171 1659 3210 non
1712 3165 1893 3209 tamen

306 3250 466 3317 quasi
500 3247 648 3302 nullo
678 3247 839 3301 modo
868 3246 1075 3309 sit,sed
1107 3258 1367 3315 tanquam
1395 3248 1634 3301 exsistat
1657 3247 1895 3316 quidem,

309 3340 406 3395 sed
434 3355 501 3395 ex
533 3357 688 3408 aequo
713 3340 881 3394 etiam
907 3354 1067 3393 omne
1114 3338 1292 3392 lumen
1322 3340 1529 3403 vincat,
1562 3340 1637 3393 id
1667 3348 1749 3394 est
1782 3354 1898 3392 0m-

316 3448 440 3485 nem
482 3432 848 3501 cognitionem
903 3441 957 3484 et
1017 3446 1237 3485 onmem
1300 3430 1731 3499 ignorationem;
1801 3432 1924 3485 hoc.

310 3526 460 3578 enim
479 3532 564 3576 est
594 3539 926 3595 supraquam
970 3521 1183 3585 lucens,
1203 3530 1365 3589 atque
1394 3520 1520 3574 item
1570 3536 1899 3591 supr-aquam

317 3620 589 3686 ignotum.
619 3614 673 3667 In
720 3629 829 3683 quo
866 3614 1059 3682 utique
1090 3613 1316 3676 vertice,
1374 3611 1666 3681 simplicia,
1697 3623 1752 3667 et
1781 3613 1902 3666 uni-

316 3708 514 3762 l'ormia
541 3715 597 3761 et
628 3707 896 3769 absoluta,
924 3705 1176 3761 videlicet
1210 3721 1271 3760 ea
1304 3720 1425 3773 qua:
1464 3705 1581 3759 sine
1619 3706 1899 3775 symbolis,

314 3813 374 3857 et
404 3810 462 3854 ut
494 3810 644 3867 sunt,
676 3802 972 3865 exsistunt,
1000 3815 1104 3854 non
1147 3811 1326 3855 tamen
1362 3800 1673 3870 parabolice
1703 3809 1905 3869 myste-

319 3895 400 3946 ria
432 3895 734 3948 secundum
792 3908 1120 3965 supraquam
1173 3892 1409 3946 incidant
1464 3890 1665 3945 occulti
1710 3890 1901 3958 mysti-

316 3988 483 4055 eique
511 3986 716 4040 silentii
744 3986 1037 4053 caliginem
1072 3983 1344 4046 velantur,
1379 3982 1433 4036 in
1466 3983 1566 4036 hac
1593 3981 1780 4051 utique
1813 3997 1907 4034 ca-

319 4082 487 4149 ligiue
544 4079 1062 4143 tenebricosissima,
1117 4085 1339 4146 prepter
1392 4075 1707 4147 mysterium
1736 4082 1791 4129 et
1819 4091 1907 4128 ar-

320 4190 524 4228 cauum
556 4188 885 4245 supraquam
936 4172 1121 4225 lucent
1160 4185 1225 4223 ea
1275 4185 1397 4239 qua:
1440 4184 1772 4242 supraquam
1827 4168 1907 4221 lu-

320 4267 606 4321 cidissitna
677 4276 826 4328 sunt,
875 4271 1097 4333 propter
1153 4261 1476 4317 inﬁnitatem
1534 4261 1795 4325 donorum
1843 4275 1905 4313 ac

327 4361 796 4429 providentiarum
866 4368 923 4412 ct
975 4357 1368 4411 beneﬁciorum
1424 4355 1540 4418 Dei,
1589 4369 1657 4407 ex
1711 4352 1908 4422 quibus

323 4468 663 4521 supraqnam
735 4451 881 4504 lucet
921 4449 1052 4503 illud
1112 4449 1206 4503 Dei
1240 4449 1671 4503 secretissimuttt
1695 4488 1709 4510 ,
1738 4458 1791 4500 et
1823 4456 1906 4497 ta-

1988 1956 2126 2026 μεθα
2155 1956 2239 2008 ὅτι
2272 1955 2414 2026 ὑπὲρ
2448 1955 2646 2018 πάντα,
2693 1956 2797 2008 ὅσα
2845 1954 2911 2008 ἂν
2957 1957 2988 2008 ὁ
3016 1954 3143 2017 νοῦς
3174 1956 3391 2025 νοήσοι,
3428 1953 3585 2007 ἐστί·

1986 2050 2081 2102 καὶ
2112 2047 2174 2099 τὸ
2209 2046 2470 2117 μυστικὸν
2502 2047 2597 2099 καὶ
2630 2045 2994 2115 ἁνεκλάλητον
3036 2045 3257 2115 ἔχουσα,
3310 2047 3392 2108 εἰς
3426 2043 3593 2096 τοῦτο

1991 2140 2148 2209 μόνον
2182 2137 2290 2192 τῶν
2323 2137 2495 2206 λόγων
2554 2138 2725 2201 ἔσται,
2792 2139 2886 2191 καὶ
2952 2137 3203 2205 θεολογία
3236 2136 3589 2207 λεχθήσεται,

1987 2232 2120 2284 διότι
2152 2231 2310 2285 τοῦτο
2342 2232 2471 2302 περὶ
2504 2230 2640 2284 Θεοῦ
2688 2230 2923 2298 λέγεται,
2967 2231 3049 2283 ὅτι
3113 2229 3258 2297 ὑπὲρ
3301 2228 3373 2281 τὰ
3408 2228 3594 2280 πάντα

1991 2324 2127 2378 ἐστι.
2162 2325 2239 2377 Σὺ
2270 2324 2422 2394 γοῦν,
2463 2324 2710 2396 μακαρία
2743 2321 2938 2391 Τριὰς,
2975 2324 3009 2393 ἡ
3054 2321 3156 2392 τῆς
3203 2325 3262 2375 ὲν
3295 2325 3417 2385 τοῖς
3450 2324 3591 2392 Χρι-

1994 2419 2229 2480 στιανοῖς
2278 2416 2538 2488 περισσοῦ
2604 2416 2794 2484 σοφίας
2858 2413 3073 2485 ἔφορος,
3138 2414 3469 2486 κυϐερνῶσα
3500 2415 3592 2467 τὸν

1990 2510 2137 2573 νοῦν,
2170 2510 2245 2573 ὡς
2277 2509 2343 2563 ἂν
2407 2510 2791 2581 προσηκόντως
2844 2513 2957 2573 τοῖς
2991 2508 3154 2572 θείοις
3212 2511 3334 2577 νοῇ,
3384 2508 3483 2561 καὶ
3518 2508 3592 2578 μὴ

1992 2603 2229 2673 περισσὰ
2265 2603 2569 2672 σοφξςηται,
2638 2602 2815 2656 ἴθυνον
2841 2603 2989 2673 ἡμᾶς
3022 2602 3115 2654 ἐπὶ
3146 2601 3249 2671 τὴν
3278 2601 3595 2671 ἀκροτάτην

1995 2694 2258 2767 κορυφὴν,
2294 2694 2387 2748 καὶ
2422 2695 2560 2764 ὑπὲρ
2593 2691 2659 2763 ἦν
2716 2692 2818 2747 οὐκ
2876 2692 2994 2746 ἔστι
3027 2710 3079 2744 τι
3130 2690 3472 2763 ὑψηλότερον
3506 2693 3594 2745 ὲν-

1996 2787 2207 2857 νοῆσαι,
2242 2785 2340 2856 τὴν
2374 2787 2793 2855 υπεράγνωστον
2857 2786 2952 2838 καὶ
2985 2785 3268 2855 ὑπερφαῆ,
3318 2784 3421 2854 τὴν
3456 2784 3598 2854 ὑπὲρ

1997 2881 2184 2933 πᾶσαν
2215 2881 2311 2932 καὶ
2343 2879 2620 2947 ἀπόφασιν
2653 2876 2928 2946 γνώσεως,
2996 2878 3089 2930 καὶ
3137 2877 3461 2946 κατάφασιν
3496 2877 3599 2946 φά-

1996 2988 2109 3036 ους.
2149 2973 2269 3025 ’Ότι
2303 2973 2350 3025 εἱ
2383 2972 2479 3025 καὶ
2511 2968 2788 3039 ἄγνωστός
2821 2973 2969 3023 ἐστιν
3004 2970 3036 3042 ὴ
3064 2971 3294 3041 τοιαύτη
3330 2972 3593 3043 ἀκρότης,

2000 3060 2114 3118 ἀλλ’
2147 3064 2267 3135 οὐχὶ
2299 3063 2375 3127 ὡς
2410 3063 2634 3135 μηδαμῆ
2687 3063 2955 3134 μηδαμῶς
3004 3056 3161 3126 οὖσα,
3198 3063 3315 3116 ἀλλ’
3352 3064 3430 3127 ὡς
3464 3059 3596 3117 οὖσα

2006 3157 2126 3228 μὲν,
2159 3156 2366 3209 νικῶσα
2397 3156 2453 3208 δὲ
2503 3154 2682 3220 ὲξίσου
2731 3156 2827 3209 καὶ
2873 3158 2983 3210 πᾶν
3016 3157 3175 3225 φάος,
3208 3156 3462 3229 δηλονότι
3496 3159 3597 3211 πᾶ-

2005 3262 2103 3303 σαν
2134 3249 2355 3318 γνῶσιν,
2392 3249 2488 3302 καὶ
2522 3248 2701 3302 πᾶσαν
2745 3248 3054 3317 ἀγνωσίαν·
3104 3249 3266 3302 τοῦτο
3317 3251 3431 3322 γὰρ
3484 3252 3595 3304 ἐστι

1999 3342 2061 3395 τὸ
2094 3341 2395 3413 ὑπερφαὲς,
2431 3341 2523 3395 καὶ
2555 3336 2709 3404 αὖθις
2753 3339 2814 3392 τὸ
2875 3340 3325 3411 ὑπεράγνωστονο
3358 3341 3421 3392 ὲν
3454 3334 3579 3413 ᾗνδὴ

2002 3435 2213 3503 κορυφῇ
2249 3431 2317 3485 τὰ
2370 3431 2520 3485 ἀπλᾶ
2550 3430 2645 3485 καὶ
2678 3430 2884 3501 ὲνοειδῆ
2938 3432 3031 3485 καὶ
3064 3431 3337 3495 ἀπόλυτα,
3374 3430 3444 3484 τὰ
3478 3431 3593 3500 δίχα

2001 3525 2200 3598 δηλαδὴ
2236 3525 2539 3597 συμϐόλων,
2576 3524 2670 3580 καὶ
2701 3525 2776 3588 ὡς
2810 3524 3022 3594 ἔχουσιν
3055 3524 3217 3577 ὄντα*
3252 3525 3314 3577 οὐ
3356 3524 3466 3595 μὴν
3499 3542 3595 3577 πα-

2007 3617 2307 3689 ραδολικῶς
2370 3618 2647 3688 μυστήρια
2710 3616 2852 3670 κατὰ
2885 3616 2975 3669 τὸν
3028 3616 3366 3687 ὐπέρφωτον
3401 3617 3595 3686 γνόφον

2003 3710 2105 3779 τῆς
2138 3710 2374 3781 κρυφίας
2408 3710 2502 3762 καὶ
2539 3709 2805 3780 μυστικῆς
2856 3707 3013 3778 σιγῆς
3063 3707 3434 3771 κεκάλυπται,
3471 3712 3528 3762 ὲν
3554 3702 3596 3776 ᾧ

2005 3803 2069 3876 δὴ
2101 3805 2283 3875 γνόφῳ
2318 3804 2709 3873 σκοτεινοτάτῳ
2724 3802 2811 3855 διὰ
2838 3802 2898 3854 τὸ
2935 3803 3197 3871 μυστικὸν
3231 3802 3330 3854 καὶ
3364 3801 3595 3873 ἄρρητον

2007 3895 2423 3966 ὑπερλάμπουσι
2473 3895 2542 3950 τὰ
2588 3892 3062 3965 ὑπερφανέστατα,
3128 3890 3218 3944 διὰ
3264 3892 3329 3945 τὸ
3375 3894 3597 3962 ἄπειρον

2004 3988 2114 4041 τῶν
2143 3987 2241 4041 τοῦ
2295 3988 2431 4042 Θεοῦ
2476 3986 2698 4057 δωρεῶν
2747 3987 2842 4040 καὶ
2893 3983 3162 4056 προνοιῶν
3228 3984 3330 4038 καὶ
3375 3986 3594 4057 εὐεργε-

2009 4080 2159 4145 σιῶν,
2197 4079 2256 4144 ὲξ
2287 4074 2361 4133 ὧν
2396 4078 2745 4149 ὑπερλάμπει
2796 4076 2858 4128 τὸ
2888 4074 2982 4127 τοῦ
3020 4072 3158 4127 Θεοῦ
3193 4074 3593 4144 κρυφιώτατον,

2007 4175 2103 4228 καὶ
2135 4176 2193 4227 ἐν
2254 4172 2331 4243 τῷ
2382 4173 2577 4241 ἁναφεῖ
2638 4170 2732 4224 καὶ
2794 4167 3031 4240 ἀοράτῳ,
3094 4165 3207 4221 τῶν
3274 4167 3596 4236 ὑπερκάλων

2008 4264 2246 4333 ἀγλαῖὦν
2280 4262 2372 4316 καὶ
2403 4260 2804 4332 λαμπροτάτων
2830 4255 3241 4328 ὑπερπληροῦσι
3274 4256 3407 4319 τοὺς
3439 4257 3596 4325 ἀνομ-

2013 4357 2214 4427 μάτους
2247 4355 2394 4417 νόας,
2428 4354 2555 4417 τοὺς
2589 4353 2709 4405 κατ’
2731 4350 2888 4404 ἄλλον
2921 4349 3123 4420 τρόπον
3158 4348 3591 4419 πολυομμάτους,

2007 4449 2108 4513 τὰς
2158 4448 2454 4517 ἁγγελικάς
2516 4462 2658 4515 φημι
2721 4442 2816 4497 καὶ
2877 4441 3026 4504 θείας
3070 4440 3367 4511 δυνάμεις’
3404 4441 3464 4493 οὐ
3497 4441 3595 4512 γὰρ

323 4558 503 4609 ctum,
533 4544 815 4609 visumque
872 4540 1209 4611 fugientibus
1270 4556 1599 4610 supraqnam
1668 4537 1809 4606 pulcl

2104 4541 2307 4611 Ιαλμῶν
2340 4540 2615 4610 αἰσθητῶν
2648 4541 2756 4592 εισι
2822 4535 3031 4607 μεστοὶ,
3071 4533 3188 4587 ἀλλ’
3221 4534 3375 4586 ἐστιν
3427 4534 3593 4586 αὐτῶν

328 4635 631 4705 fulgoribus
661 4647 718 4688 et
764 4632 1147 4703 splendoribus
1193 4644 1403 4687 mentes
1454 4633 1626 4687 oculis
1656 4640 1910 4685 carentes

331 4726 524 4796 implet
552 4740 691 4796 quas
736 4726 845 4781 alio
876 4725 1038 4780 modo
1094 4726 1383 4781 multorum
1448 4725 1729 4781 oculorum
1785 4738 1911 4779 esse

329 4820 487 4883 dicit,
516 4818 793 4889 angelicas
848 4817 1061 4873 scilicet
1120 4817 1445 4887 divitiasque
1475 4818 1742 4871 virtutes:
1800 4833 1908 4872 non

326 4912 476 4967 cnim
503 4912 800 4968 sensilibus
828 4910 1007 4965 oculis
1063 4910 1235 4980 plena:
1278 4921 1430 4974 sunt,
1463 4911 1555 4963 sed
1592 4926 1784 4964 earum
1818 4924 1909 4962 es-

330 5008 508 5062 sentia
542 5006 662 5059 viva
690 5005 939 5074 quaedam
974 5020 1128 5059 meus
1161 5013 1269 5068 est,
1292 5006 1346 5064 id
1384 5013 1467 5056 est
1491 5002 1683 5056 oculus
1710 5003 1914 5072 perspi-

329 5101 681 5161 cacissiums,
706 5114 830 5167 qua:
863 5111 920 5152 et
948 5096 1125 5152 oculis
1169 5112 1360 5151 carere
1406 5095 1570 5166 552
1596 5107 1912 5157 censentur,

334 5205 558 5264 propter
586 5193 923 5245 inaccessam
947 5189 1095 5244 illam
1144 5190 1437 5258 caliginem
1479 5189 1680 5242 silentii
1720 5188 1909 5241 divini.

332 5286 391 5341 In
419 5294 682 5352 quantum
709 5282 897 5349 itaque
931 5282 1073 5335 Dens
1131 5278 1420 5332 invisibilis
1446 5288 1556 5339 est,
1614 5280 1665 5331 in
1702 5286 1912 5330 tantum

331 5378 501 5430 etiam
536 5384 747 5429 mentes
798 5374 913 5426 luce
956 5369 1128 5423 oculis
1166 5377 1376 5423 carent.
1436 5367 1913 5433 Quemadmodum

334 5469 485 5521 enim
538 5467 654 5535 ipse
688 5463 975 5519 invisibilis
1012 5461 1302 5524 exsistens,
1336 5459 1498 5513 simul
1547 5473 1765 5512 omnem
1792 5456 1909 5528 pul-

335 5558 784 5616 chritudiuetnet
820 5554 1150 5609 desiderium
1204 5552 1439 5612 excedit,
1479 5560 1534 5604 et
1570 5565 1676 5605 u0n
1711 5552 1916 5604 idcirco

337 5650 486 5718 quod
511 5665 615 5702 non
645 5649 915 5711 videatur,
948 5645 1269 5713 despicitur,
1294 5644 1388 5697 sed
1440 5642 1490 5695 in
1526 5650 1786 5708 quantum
1827 5642 1920 5693 de-

334 5746 640 5806 sideratur,
715 5738 1215 5809 pulchritudiuibus
1260 5736 1543 5805 adimplet.
1606 5735 1697 5788 Sic
1750 5734 1916 5786 etiam

335 5848 550 5895 mentes
579 5835 752 5890 oculis
775 5842 1027 5889 carentes
1080 5842 1326 5900 respectu
1362 5830 1667 5901 splendoris
1728 5843 1915 5885 carum

2012 4638 2044 4707 ἡ
2090 4632 2245 4686 ουσία
2280 4634 2374 4687 ἆτε
2408 4631 2515 4695 ζῶν
2548 4630 2691 4695 νοῦς,
2725 4632 2755 4684 ὃ
2787 4632 2935 4683 ἐστιν
2996 4625 3277 4696 ὀφθαλμὸς
3323 4624 3595 4697 ὀξυδερκέ-

2013 4742 2227 4788 στατος,
2263 4726 2319 4778 αἳ
2353 4724 2445 4777 καὶ
2495 4723 2800 4793 ἁνόμματοι
2863 4718 3190 4789 λογίζονται,
3224 4717 3314 4771 διὰ
3352 4718 3449 4772 τὸν
3478 4718 3593 4772 ἄδυ-

2010 4836 2102 4872 τον
2135 4817 2331 4887 γνόφου
2375 4815 2476 4884 τῆς
2510 4813 2659 4877 θείας
2722 4814 2900 4882 σιγῆς.
2956 4811 3106 4865 Καθὸ
3167 4810 3304 4880 γοῦν
3348 4811 3412 4863 τὸ
3455 4810 3594 4867 Θεῖον

2012 4910 2262 4982 ἀόρατον,
2293 4906 2433 4960 κατὰ
2465 4905 2623 4959 τοῦτο
2654 4906 2750 4959 καὶ
2781 4907 2829 4958 οἱ
2861 4902 2979 4967 νόες
3011 4902 3343 4973 ἀνόμματοι.
3395 4902 3480 4966 Ὧς
3497 4902 3594 4972 γὰρ

2014 5005 2188 5057 ἐκεῖνο
2226 5000 2456 5071 ἀόρατον
2488 4998 2567 5061 ὃν,
2603 4999 2753 5069 ὅμως
2804 4997 2945 5067 ὑπὲρ
2979 4997 3162 5048 πᾶσαν
3211 4994 3479 5065 καλλονὴν
3512 4995 3594 5047 καὶ

2014 5092 2198 5163 ἕφεσίν
2229 5094 2377 5144 ἐστι⁸
2417 5090 2512 5142 καὶ
2544 5089 2603 5141 οὗ
2641 5088 2776 5141 διότι
2824 5086 2922 5157 οὐχ
2956 5086 3171 5156 ὁρᾶται,
3240 5087 3593 5154 καταφμνεί-

2013 5201 2125 5246 ται,
2178 5181 2313 5236 ἀλλὰ
2346 5178 2478 5233 διότι
2517 5178 2783 5240 ποθεῐται,
2816 5175 2926 5228 τῶν
2965 5174 3239 5228 καλλονῶν
3274 5174 3591 5244 ἀποπληροῖ.

2017 5276 2172 5331 οὕτω
2220 5275 2315 5328 καὶ
2346 5274 2395 5326 0i.
2441 5271 2559 5334 νόες
2592 5270 2895 5340 ἀνόμμοιτοι
2944 5266 3097 5328 όντες
3142 5265 3280 5336 πρὸς
3330 5266 3401 5319 τὸ
3447 5267 3573 5337 ὑπερ

2018 5366 2212 5422 ϐάλλον
2245 5365 2344 5435 τῆς
2384 5362 2770 5434 λαμπρότητος
2806 5360 2854 5414 οἱ
2911 5357 3292 5428 πολυόμματοι
3344 5356 3489 5413 κατὰ
3518 5356 3595 5412 ἄλ-

2017 5460 2107 5513 λον
2140 5457 2359 5530 τρόπον,
2393 5454 2470 5519 ὡς
2506 5453 2873 5522 πολύγνωστοι
2908 5451 3017 5505 τῶν
3071 5448 3216 5503 κατὰ
3269 5449 3375 5520 τὴν
3404 5452 3595 5503 οἰκείαν

2016 5551 2244 5622 δύναμιν
2277 5547 2550 5618 γνώσεων,
2571 5547 2721 5616 ὅμως
2741 5545 2840 5615 τῆς
2868 5541 3018 5606 θείας
3048 5541 3403 5613 λαμπηδόνος
3438 5541 3595 5612 ἐφίεν-

2019 5660 2139 5696 ται’
2196 5642 2290 5694 καὶ
2351 5640 2410 5692 οὐ
2462 5636 2595 5690 διότι
2660 5637 2760 5689 οὐκ
2810 5632 3155 5703 ἐφικνοῦνται
3204 5632 3387 5685 διόλου
3445 5651 3594 5686 κατα-

2022 5733 2331 5805 φρονοῦσιν,
2384 5729 2519 5783 sua
2556 5728 2688 5781 διότι
2723 5725 2967 5786 ποθοῦσι,
3003 5723 3115 5777 τῶν
3178 5723 3463 5777 καλλονῶν
3492 5725 3595 5776 ἀνα-

2026 5825 2379 5897 πίμπλανται.
2420 5822 2491 5876 Τὸ
2524 5821 2576 5875 δὲ
2631 5813 2856 5883 ἀναφὲς
2900 5816 2979 5886 μὴ
3015 5816 3154 5871 κατὰ
3210 5816 3311 5887 τὴν
3354 5816 3595 5886 αἰσθητὴν
