3772 6298
82 338 220 395 illi?

628 339 718 394 ur.
755 339 1057 397 ursum
1091 323 1509 411 'mEOLocla,
1542 343 1697 413 esp,
1736 344 1779 404 ι.
1813 366 1882 386 έ-
1915 345 2117 403 mus]

1289 341 1509 411 LOGIA,
1542 343 1697 413 CAP,
1736 344 1779 404 ι.
1813 366 1882 386 ά-
1915 345 2268 403 PABAPHR.
2305 344 2778 405 PACIIYMERJE.

3200 342 3344 402 4018

81 454 318 526 ἐκλάσῃς
350 455 516 527 ἁφὴν,
550 455 688 511 ἀλλὰ
736 458 881 511 κατά
913 457 1011 529 τῆν
1042 460 1261 531 νοητὴν,
1296 460 1418 531 ἥτις
1446 462 1570 517 ἐστὶ

1857 474 1995 531 ptum
2026 465 2367 529 excedentis,
2392 465 2501 521 alio
2549 463 2709 520 modo
2739 461 2923 518 multis
2943 458 3117 517 oculis
3142 460 3346 515 instru-

79 544 297 613 γνῶσις.
334 545 425 600 Ἐν
457 545 587 617 γοῦν
617 548 696 619 τῷ
726 550 944 620 ἀναιρεῖ,
966 551 1130 620 ἤγουν
1165 550 1249 621 τῷ
1274 550 1535 624 ἀγνώστῳ
1574 554 1669 607 καὶ

80 639 318 711 ἀοράτῳ,
359 638 420 692 οὗ
468 640 629 694 παύει
690 638 781 695 τὸν
833 642 999 695 πόθον
1060 642 1171 696 τῶν
1213 643 1663 713 ἀνατεινομένων,

81 730 212 784 ἀλλά
252 728 459 803 μᾶλλον
502 732 877 804 ἀναζωπυρεῖ,
939 734 1024 786 διὸ
1093 733 1190 788 καὶ
1239 733 1348 787 τῶν
1396 733 1667 788 καλλονῶν

82 823 455 895 ἐμπίμπλησι.
498 824 570 878 Σὺ
603 825 680 889 δὲ,
718 820 764 879 ὦ
799 823 932 880 καλὲ
985 826 1239 898 Τιμόθεε,
1294 827 1541 893 σύντονος
1576 829 1670 882 ἔσο

83 914 213 983 πρὸς
245 912 319 967 τὰ
382 915 618 986 μυστικὰ
668 916 936 988 θεάματα,
969 919 1045 983 ὼς
1094 918 1161 974 ἃν
1223 920 1327 974 κᾶν
1358 921 1501 974 οὕτω
1550 924 1665 986 τοῖς

80 1008 244 1072 θείοις
297 1008 377 1072 ὡς
425 1009 649 1077 ἐφικτὸν
713 1011 1058 1084 ὲντρανισῃς.
1138 1012 1228 1077 ἀς
1260 1012 1370 1086 γὰρ
1403 1014 1493 1068 ἐπί
1523 1030 1669 1079 τινος

80 1093 264 1169 ὁλκῆς,
301 1100 435 1170 φέρε
468 1102 664 1165 ειπείν,
698 1101 785 1154 διὰ
815 1104 1023 1174 σχοίνου
1060 1104 1259 1176 βάρους
1288 1106 1433 1171 τινος
1464 1106 1670 1176 ὀφείλει

83 1192 334 1256 σύντονος
356 1188 495 1246 εἶναι
514 1196 542 1246 ὁ
561 1193 873 1257 ἓλκων,νκαὶ
893 1196 1057 1267 μηδὲν
1084 1197 1286 1268 μεταξὺ
1307 1199 1406 1269 τῆς
1425 1199 1673 1253 ὲλκυπιω

82 1284 180 1353 κῆς
220 1279 509 1354 δυνάμεως
543 1284 864 1353 καθυφεῖναι
893 1285 1012 1355 (ἐὰν
1053 1287 1163 1359 γὰρ
1209 1289 1446 1361 καθυφῇ,
1505 1290 1668 1344 πάλιν

81 1375 319 1446 ἀρχῆθεν
348 1376 507 1445 χρεία
535 1378 857 1447 συναγωγῆς
890 1380 990 1450 τῆς
1016 1378 1320 1451 δυνάμεως,
1363 1382 1457 1436 καὶ
1505 1382 1668 1437 πάλιν

80 1466 292 1529 τάσεως
349 1468 603 1521 συντόνου
626 1482 642 1498 ο
677 1468 774 1522 καὶ
821 1468 917 1522 ἐὰν
984 1470 1145 1525 πάλιν
1200 1471 1415 1544 καθυςςῇ
1475 1475 1569 1527 ἐπὶ
1606 1472 1670 1527 τὸ

81 1554 319 1630 ὲξαρχῆς
372 1559 512 1630 ἥξει,
548 1554 641 1614 καὶ
683 1554 836 1613 οὐδὲν
858 1560 1145 1617 εὐοδῶσειο
1201 1566 1235 1635 ἡ
1277 1563 1387 1637 γὰρ
1438 1564 1533 1618 ἐπὶ
1581 1583 1671 1636 μι-

82 1652 209 1722 κρὸν
261 1652 457 1722 ὕφεσις
505 1650 567 1707 τι
627 1650 735 1707 πᾶν
785 1655 1158 1728 ἀπόλλυσινο)
1207 1658 1350 1711 οὕτω
1398 1658 1527 1712 λάϐε
1574 1660 1670 1713 καὶ

82 1746 173 1799 ἐτη
198 1745 305 1815 τῆς
337 1745 490 1809 θείας
518 1746 977 1817 ὲπεντρανισεως,
1021 1748 1090 1820 ἢν
1130 1749 1227 1803 καὶ
1256 1749 1539 1823 διατριϐὴν
1580 1750 1669 1804 λέ-

79 1848 180 1907 γει.
237 1830 392 1902 Τέως
426 1838 481 1892 δὲ
512 1837 610 1892 καὶ
630 1837 732 1902 τὰς
758 1838 1041 1912 αἰσθήσεις
1097 1839 1350 1906 ἀπόλιπε,
1400 1844 1482 1897 ὅτι
1529 1843 1671 1915 ὑπὲρ
1700 1824 1745 1887 3

79 1932 353 2002 αἴσθησιν,
410 1932 504 1984 καὶ
559 1929 659 1995 τὰς
708 1933 939 2002 νοήσεις,
975 1932 1059 1985 ὅτι
1117 1933 1259 2003 ὑπὲρ
1305 1935 1518 2005 νόησιν·
1574 1936 1670 1990 καὶ

80 2024 257 2076 πάντα
287 2022 526 2094 αἰσθητὰ
549 2024 644 2076 καὶ
666 2023 837 2094 νοητὰ»
870 2024 932 2077 σύ
943 2024 1135 2095 μϐολα,
1177 2026 1271 2077 καὶ
1312 2024 1386 2097 μὴ
1418 2026 1549 2081 ὄντα
1576 2027 1670 2081 καὶ

78 2115 226 2177 ὅντα,
270 2118 336 2168 ὲκ
358 2112 704 2185 παραλλήλου
730 2115 796 2169 τὰ
828 2110 986 2171 αὑτά.
1022 2117 1103 2171 Τὰ
1151 2117 1260 2189 γὰρ
1279 2120 1512 2191 αἰσθητά
1541 2121 1671 2175 ἐκά-

77 2202 200 2257 λουν
231 2204 311 2276 μὴ
356 2204 507 2269 ὄντα,
547 2207 641 2258 ἂτε
676 2205 977 2277 μεταϐολῆς
1024 2204 1241 2278 ἀπάσης
1283 2207 1514 2262 πάντοτε
1548 2224 1672 2280 μετ-

78 2297 291 2366 έχοντα,
353 2298 448 2351 καὶ
491 2296 568 2368 μὴ
609 2297 868 2362 ὡσαύτως
911 2300 999 2352 ἀεὶ
1056 2300 1217 2352 δνταο
1265 2299 1334 2353 τὰ
1405 2301 1463 2354 δὲ
1503 2301 1669 2372 νοητά

77 2390 227 2451 ὄντα,
279 2389 357 2452 ὡς
393 2391 453 2441 ὲν
487 2389 774 2461 ταύτότητι
806 2390 1055 2463 μένοντα,
1080 2393 1174 2445 καὶ
1218 2388 1354 2464 πρὸς
1406 2391 1505 2464 τὴν
1531 2394 1666 2447 Evar-

79 2499 183 2545 σιν,
213 2481 315 2552 τὴν
348 2482 559 2535 ἑνιαίαν
591 2482 807 2554 ἐκείνην
842 2478 938 2536 καὶ
966 2478 1145 2556 ἀμερῆ
1175 2488 1268 2539 καὶ
1299 2487 1451 2539 θείαν
1482 2487 1660 2541 ὡσαν-

77 2574 124 2626 εἰ
169 2574 380 2643 νόησιν.
442 2572 613 2625 Τοῦτο
653 2573 762 2645 γάρ
789 2575 995 2645 ἐστινὴ
1034 2574 1246 2641 ἓνωσις,
1280 2574 1402 2630 καθ’
1427 2577 1492 2648 ῆν
1515 2577 1667 2631 ἑνοῦ-

75 2683 166 2719 ται
199 2668 228 2719 ὀ
274 2665 421 2730 νοῦς,
461 2665 555 2718 καὶ
614 2664 905 2734 συνάγεται
960 2667 1045 2729 εἰς
1102 2667 1164 2720 τὸ
1214 2662 1548 2739 κατανοῆσαι
1588 2682 1663 2722 τι.

89 2760 417 2830 Ἂγνὼστως
446 2759 776 2829 ἀνατάθητιο
836 2759 977 2830 πλὴν
1022 2759 1078 2812 δὲ
1112 2758 1205 2831 μὴ,
1253 2761 1335 2813 ὃτι
1374 2760 1667 2831 ἁγνώστως

74 2853 244 2921 λέγω,
294 2852 545 2923 ὑπολάϐῃ
604 2864 709 2914 τις,
754 2851 838 2904 ὅτι
886 2851 950 2902 σὺ
1003 2852 1121 2922 μὲν,
1168 2852 1243 2917 ὡς
1295 2854 1369 2924 μὴ
1418 2852 1669 2921 ὲφικνού·

79 2960 242 3014 μενος
275 2941 442 3012 τυχὸν
469 2942 579 2994 τῶν
623 2942 783 2996 θείων
816 2943 1177 3013 πραγμάτων,
1225 2942 1448 3012 ἄγνοιαν
1497 2944 1663 3015 ἔχεις,

78 3037 239 3101 ἄλλος
279 3037 338 3090 δέ
357 3052 441 3099 τις
460 3035 745 3104 γνώσεται,
792 3035 906 3089 ἀλλ’
930 3036 1068 3106 ὑπὲρ
1112 3030 1290 3089 πᾶσαν
1333 3026 1520 3091 οὖσξαν
1573 3038 1666 3091 καὶ

78 3129 285 3199 γνῶσιν
318 3128 389 3181 τὰ
424 3127 543 3181 θεῖά
574 3130 700 3191 εἰσι,
746 3127 845 3180 καὶ
880 3126 1161 3191 ἀπολύτως
1198 3128 1360 3181 πᾶσιν
1391 3124 1662 3198 ἄγνωστα.

82 3225 354 3294 ’Λσχετον
380 3221 438 3273 δὲ
472 3220 726 3273 ἔκστασιν
778 3217 924 3288 λέγει
962 3217 1063 3290 τὴν
1114 3219 1463 3293 ἀναχώρησιν
1495 3223 1672 3294 πάσης

81 3315 348 3383 σχέσεως.
408 3308 502 3381 Μή
540 3309 671 3379 γοῦν
725 3309 866 3380 ἔχων
927 3310 1113 3381 σχέσιν
1155 3310 1313 3374 τινὰ,
1370 3313 1509 3383 μήτε
1568 3314 1675 3386 μὴν

78 3407 219 3477 πρὸς
252 3404 468 3467 ἑαυτὸν,
531 3402 671 3474 μήτε
710 3403 819 3475 μὴν
870 3402 1005 3473 πρὸς
1064 3421 1117 3456 τι
1167 3403 1278 3457 τῶν
1331 3408 1674 3478 κτισμάτων,

79 3499 176 3552 καὶ
205 3494 372 3560 αὐτὸς
404 3497 581 3550 πάντα
608 3496 665 3562 ἐξ
696 3495 887 3549 ἑαυτοῦ
934 3494 1169 3564 ἀφελὼν,
1224 3497 1319 3550 καὶ
1351 3499 1416 3552 ἐκ
1460 3496 1679 3555 πάντων

79 3589 397 3652 ἀπολυθεὶς,
433 3587 510 3651 ὡς
571 3587 705 3658 μήτε
758 3587 1009 3657 κατέχειν
1044 3604 1098 3639 τι
1149 3587 1257 3640 τῶν
1290 3589 1440 3642 κάτω
1474 3588 1680 3661 συμϐό-

77 3682 190 3735 λων
239 3683 340 3734 καὶ
403 3678 694 3749 αἰσθητῶν,
738 3677 1030 3731 κάντεῦθεν
1074 3677 1393 3747 ἑδράζεσθαι
1442 3679 1672 3745 οἴεσθαι,

80 3780 226 3847 μήτε
273 3774 384 3845 μὴν
426 3770 750 3841 κατέχεσθαι
800 3770 950 3841 παρά
994 3786 1137 3833 τινος
1172 3769 1285 3823 τῶν
1322 3769 1578 3824 τοιούτων
1612 3775 1677 3826 ὲκ

75 3867 176 3921 τοῦ
214 3867 349 3937 περὶ
398 3864 466 3918 τὰ
508 3862 733 3917 τοιαῦτα
793 3860 1140 3934 στρέφεσθαι,
1206 3862 1378 3926 οὕτως
1425 3862 1519 3916 ἐπὶ
1573 3863 1676 3935 τὴν

78 3959 285 4013 ἀκτῖνα
336 3958 438 4028 τῆς
470 3955 620 4018 θείας
645 3953 1019 4025 ἀκαταληψίας
1051 3953 1351 4025 ἀναχθήσῃ.

1770 566 1895 629 ctua,
1940 568 2202 628 tanquam
2237 558 2523 613 multiscia:
2547 556 2724 627 quoad
2755 554 3093 621 cognitiones
3123 561 3347 623 earum-

1770 651 1894 706 dem
1943 653 2126 720 eaptui
2168 646 2628 712 accommodatas,
2678 648 2895 701 divinas
2926 655 3186 716 expetunt
3222 644 3347 700 illu-

1769 745 2099 810 stratioues;
2136 756 2238 798 nec
2287 742 2494 796 idcirco
2522 738 2666 808 quod
2691 753 2785 793 eas
2822 752 2927 792 non
2960 747 3345 807 assequuntur,

1765 824 1935 889 etiam
1974 842 2354 895 contemnunt.
2390 830 2484 886 sed
2525 829 2669 900 quod
2711 845 2805 884 eas
2846 830 3183 891 desiderent,
3227 827 3350 897 pul-

1769 925 2181 997 chritudinibus
2233 924 2533 993 replentur.
2590 922 2728 977 Illud
2780 932 2961 976 autem
3021 910 3226 991 ἀναφές
3282 933 3350 974 ne

1769 1020 2068 1076 secundum
2114 1022 2318 1072 tactum
2384 1016 2640 1072 sensilem
2696 1014 2957 1085 accipias.
3016 1014 3108 1068 sed
3151 1022 3351 1068 secun-

1769 1112 1897 1165 dum
1946 1108 2362 1170 inteliectilem,
2403 1123 2523 1176 qua:
2560 1119 2644 1162 est
2700 1107 2872 1161 notio.
2934 1106 3116 1175 Itaque
3159 1106 3211 1159 in
3262 1096 3347 1157 in-

1772 1202 1937 1258 tactili
1967 1216 2065 1255 seu
2099 1202 2284 1270 ignoto
2311 1209 2366 1253 et
2415 1198 2816 1268 inaspectabili,
2875 1214 2980 1251 non
3023 1197 3168 1251 sistit
3206 1197 3351 1251 desi-

1770 1296 1979 1350 derium
2021 1310 2205 1348 rerum
2243 1293 2589 1363 optabilium,
2650 1293 2745 1346 sed
2806 1292 2987 1359 potius
3028 1290 3348 1356 exsuscitat,

1771 1390 1915 1443 unde
1963 1387 2129 1442 etiam
2160 1386 2658 1457 pulcliritudinibns
2700 1384 2975 1452 adimplet.
3018 1374 3267 1445 Tuvero,
3316 1397 3351 1437 ο

1769 1479 1910 1534 bone
1948 1478 2253 1542 Timothee,
2296 1477 2544 1550 mysticis
2603 1475 2930 1543 spectaculis
2997 1473 3238 1537 intende,
3293 1480 3353 1525 ut

1769 1570 1853 1637 vel
1896 1571 1976 1625 sic
2018 1571 2234 1625 divinas
2278 1586 2365 1624 res
2423 1569 2500 1622 uti
2554 1568 2730 1629 det-et,
2778 1574 3052 1636 penetres.
3089 1564 3354 1631 Quemad-

1770 1663 1989 1718 modum
2024 1664 2172 1717 enim
2236 1662 2283 1716 si
2347 1661 2432 1715 cui
2474 1660 2623 1722 futue,
2683 1670 2742 1712 ut
2801 1659 2880 1712 sic
2924 1658 3125 1721 dicam,
3186 1671 3354 1727 grave

1777 1756 1996 1826 pondus
2045 1754 2263 1823 aliquod
2304 1754 2715 1815 attrahendum,
2779 1752 3020 1804 intentus
3063 1764 3211 1813 esse,
3255 1764 3358 1804 nec

1773 1847 2070 1918 quidquam
2111 1847 2416 1900 attractiva:
2485 1844 2758 1897 facultatis
2798 1842 3016 1897 interim
3077 1843 3357 1898 remittere

1772 1938 1936 1991 debet
1977 1938 2126 2006 (nam
2166 1935 2210 1990 si
2252 1935 2380 2004 quid
2426 1935 2725 1997 remiserit,
2778 1948 2969 1987 rursus
2990 1933 3059 1987 ab
3101 1932 3259 1986 initio
3299 1939 3359 1985 ut

1771 2027 1918 2083 vires
1959 2028 2177 2095 colligat
2225 2037 2281 2081 et
2343 2024 2593 2079 intendat
2646 2038 2875 2078 necesse
2927 2032 3030 2088 est,
3074 2022 3208 2077 etsi
3250 2023 3356 2076 ite-

1773 2133 1895 2173 rum
1956 2118 2224 2181 remittat,
2267 2116 2445 2169 denuo
2500 2115 2567 2167 ad
2629 2113 2951 2181 principium
3016 2110 3246 2175 redibit,
3303 2118 3358 2164 et

1772 2209 1907 2264 nihil
1951 2220 2103 2265 recte
2142 2216 2387 2278 peraget,
2442 2208 2700 2276 quoniam
2744 2205 2827 2258 vel
2888 2218 3053 2272 parva
3109 2203 3358 2257 remissio

1773 2312 1944 2355 totum
1986 2301 2275 2367 destruit);
2317 2299 2396 2353 sic
2431 2299 2596 2352 etiam
2639 2297 2828 2363 accipe
2887 2296 2940 2349 in
3003 2295 3184 2347 divina
3226 2309 3354 2363 per-

1769 2393 2153 2455 scrutatione,
2212 2404 2379 2459 quam
2422 2398 2478 2443 et
2531 2386 2979 2442 exercitationem
3036 2391 3217 2437 vocat.
3258 2370 3360 2438 Eo-

1771 2501 1945 2555 nsque
1986 2494 2168 2538 autem
2211 2497 2407 2537 sensus
2446 2479 2714 2548 relinque,
2738 2478 2995 2547 quoniam
3040 2491 3205 2544 supra
3229 2490 3360 2528 sen-

1769 2592 1928 2641 sum;
1970 2586 2025 2629 et
2082 2573 2508 2636 intellectiones,
2570 2570 2696 2639 quia
2756 2584 2920 2637 supra
2985 2568 3357 2623 intellectum:

1767 2668 2059 2736 Ouiniaqne
2082 2664 2303 2720 sensilia
2343 2662 2795 2729 intellectiliaqne
2813 2659 3079 2730 symbols,
3111 2668 3218 2711 tam
3241 2671 3362 2726 quae

1768 2777 1877 2819 non
1901 2770 2031 2815 sunt
2051 2773 2214 2827 quam
2238 2772 2360 2826 quae
2375 2766 2525 2821 sunt,
2545 2771 2612 2810 ex
2635 2755 2887 2824 opposito
2908 2753 3049 2821 ipsa.
3072 2750 3207 2804 Nam
3231 2766 3354 2805 sen-

1769 2856 1886 2910 silia
1911 2854 2173 2908 vocabant
2197 2866 2258 2906 ea
2282 2866 2402 2919 qua:
2446 2866 2552 2904 non
2592 2858 2822 2915 snat,«ut
2843 2861 2964 2915 quae
2984 2861 3205 2900 omnem
3229 2858 3352 2897 mu-

1772 2949 2031 3002 tationem
2075 2944 2427 3015 participant,
2465 2950 2519 2997 et
2557 2956 2665 2997 non
2723 2952 2849 2995 sunt
2903 2953 3118 3007 seraper
3155 2938 3347 2991 eodem

1770 3043 1965 3103 modo;
2018 3035 2347 3092 intelleclilia
2410 3050 2541 3090 vero
2597 3049 2661 3088 ea
2701 3048 2820 3101 qua:
2876 3040 3021 3091 sunt.
3085 3037 3271 3098 utpote
3306 3029 3361 3081 in

1777 3122 2055 3184 identitate
2095 3126 2494 3198 permanentia,
2550 3134 2606 3179 et
2664 3138 2833 3193 penes
2891 3121 3148 3174 unionem
3207 3116 3354 3172 illam

1779 3224 1983 3276 nnitam
2024 3230 2081 3275 et
2123 3214 2419 3273 indirisam
2462 3232 2527 3270 ac
2568 3216 2807 3270 divinam
2848 3212 3250 3282 quodammodo
3290 3210 3367 3264 in-

1778 3316 2169 3371 tellectionem.
2212 3308 2336 3366 Haec
2373 3311 2517 3364 enim
2557 3318 2641 3365 est
2689 3308 2837 3367 unio.
2881 3305 3177 3359 secundum
3201 3318 3365 3372 quan

1781 3422 1936 3461 tuens
1975 3406 2183 3468 unitur,
2242 3414 2297 3457 et
2357 3400 2642 3456 adducitur
2682 3398 2748 3452 ad
2807 3398 3009 3466 aliquid
3054 3396 3364 3463 intelligen-

1782 3500 1933 3553 dum.
1995 3494 2127 3551 Sine
2183 3495 2404 3548 notione
2461 3500 2723 3560 assurge;
2780 3495 3163 3543 Verumtamen
3205 3501 3369 3541 nemo

1782 3584 2079 3646 existimet,
2120 3582 2261 3653 quod
2302 3582 2420 3636 sine
2461 3581 2683 3634 notione
2723 3576 2922 3644 dicam,
2968 3585 3021 3631 te
3067 3573 3210 3630 forte
3247 3586 3371 3629 tan-

1778 3693 1941 3745 quam
1983 3692 2069 3730 res
2107 3676 2320 3729 divinas
2364 3673 2586 3727 minime
2644 3682 2954 3727 assecutum
2983 3712 3000 3733 ,
3058 3685 3152 3725 eas
3211 3667 3369 3739 igno-

1782 3779 2048 3830 raturum,
2092 3767 2255 3820 alium
2316 3780 2443 3818 vero
2499 3763 2810 3833 quempiam
2872 3762 2992 3817 illas
3050 3754 3369 3815 intellectu-

1781 3874 1937 3923 rum;
1984 3857 2081 3912 sed
2123 3857 2305 3912 divina
2350 3871 2513 3924 supra
2573 3870 2791 3910 omnem
2844 3854 3140 3907 essentiam
3176 3862 3232 3906 et
3276 3870 3372 3905 no-

1780 3952 1981 4006 tionem
2024 3951 2311 4012 exsistere,
2371 3961 2536 4017 atque
2587 3947 2835 4001 absolute
2891 3946 3145 4001 omnibus
3186 3944 3370 4015 ignota

76 4069 227 4109 esse.
301 4049 463 4121 553
532 4048 783 4101 Liberum
828 4060 954 4100 vero
1008 4060 1291 4099 excessum
1350 4042 1504 4112 dicit,
1551 4058 1823 4100 recessim:
1864 4046 1931 4096 ab
2002 4043 2147 4096 omni
2191 4030 2503 4098 aﬂectidne.
2561 4030 2773 4092 Nullam
2814 4054 2944 4107 ergo
3004 4036 3213 4092 habens
3286 4036 3369 4090 af-

76 4150 407 4205 fectionem.
450 4158 517 4197 ne
553 4142 768 4210 quidem
805 4143 870 4195 ad
928 4140 1295 4207 temetipsum,
1354 4154 1457 4194 nee
1503 4134 1664 4191 aliam
1730 4141 1796 4192 ad
1837 4137 2072 4206 aliquam
2114 4144 2448 4197 creaturam,
2505 4144 2557 4188 et
2604 4135 2950 4200 temetipsum
2995 4132 3061 4185 ab
3114 4126 3372 4185 omnibus

76 4240 437 4300 abstrahens,
495 4242 549 4289 et
603 4232 669 4286 ab
723 4232 972 4288 omnibus
1031 4231 1349 4295 absolutus,
1411 4240 1471 4283 nt
1528 4231 1659 4285 nihil
1712 4231 1876 4285 etiam
1948 4228 2320 4299 symbolorum
2383 4224 2702 4280 inferiorum
2779 4234 2833 4277 et
2902 4220 3181 4279 sensiliuin
3244 4222 3372 4277 reti-

77 4350 218 4389 neas
297 4331 439 4383 unde
508 4326 714 4398 puteris
754 4324 1093 4389 continuari;
1157 4336 1335 4392 neque
1389 4323 1553 4378 etiam
1617 4322 1908 4377 retincaris
1981 4321 2051 4374 ab
2114 4320 2297 4388 aliquo
2354 4310 2645 4386 siiuillmn,
2705 4310 2883 4372 te'ad
2936 4308 3063 4371 talia
3135 4330 3371 4370 conver.

76 4425 256 4478 tendo
285 4461 300 4486 ,
344 4421 425 4473 sic
463 4419 677 4473 demum
718 4419 785 4471 ad
827 4413 1023 4469 divina:
1047 4409 1716 4482 incomprehensibilitatis
1759 4414 1971 4467 radium
2014 4413 2324 4466 adduceris.

150 4520 181 4590 §
231 4517 296 4569 ll.
351 4513 659 4585 Σημείωσαι
705 4515 786 4567 ὅτι
854 4512 1159 4581 ἀμυήτους
1196 4508 1344 4578 λέγει
1390 4509 1486 4563 καὶ
1548 4508 1639 4561 τοὺ

1924 4506 1985 4560 ΙΙ.
2035 4504 2169 4560 Nota
2228 4513 2410 4558 autem
2448 4514 2503 4557 nt
2544 4500 2825 4575 ἀμυήτους
2875 4502 2964 4556 hic
3020 4501 3185 4555 etiam
3224 4501 3372 4560 dieaut

71 4613 182 4666 οὐκ
241 4606 545 4679 ἀμετὸχους
604 4603 712 4657 τῶν
764 4602 1063 4676 μυστικῶν,
1120 4604 1233 4664 τοῖς
1299 4601 1356 4654 δὲ
1400 4600 1681 4671 αἰσθητοῖς

72 4698 521 4769 ὲνειλουμένους,
579 4696 673 4748 καὶ
738 4694 888 4749 οὐδὲν
932 4693 1070 4764 ὑπὲρ
1119 4690 1187 4745 τὰ
1243 4691 1372 4744 ὂντα
1442 4685 1578 4745 εἶναι
1622 4691 1684 4743 τὸ

70 4799 244 4865 θεῖον
306 4789 761 4861 φανταζομένους,
806 4789 1045 4859 δηλονότι
1106 4789 1233 4851 τοὺς
1285 4787 1684 4849 πιστεύσαντας

74 4892 182 4960 μὲν
220 4884 305 4956 τῷ
353 4884 577 4953 ὀνόματι
600 4881 693 4934 τοῦ
716 4881 977 4953 Χριστοῦ,
1019 4881 1092 4951 μὴ
1136 4878 1239 4950 μὴν
1291 4880 1385 4932 ἐπὶ
1420 4876 1683 4930 τελεωτέ-

75 5001 185 5054 ραν
250 4977 505 5038 ἐλθόντας
545 4975 777 5043 γνῶσιν·
808 4973 1083 5044 ἀμύστους
1110 4970 1167 5024 δὲ
1204 4970 1350 5039 λέγει
1388 4969 1516 5031 τοὺς
1551 4986 1685 5021 παν-

80 5079 300 5131 τάπασι
341 5070 553 5123 πάντων
580 5067 689 5119 τῶν
741 5063 1019 5137 μυστικῶν
1051 5063 1347 5134 ἀμετόχους
1400 5056 1686 5115 εἰδωλολά-

78 5184 241 5241 ιρας.
285 5162 426 5232 Φησὶ
472 5160 686 5212 τοίνυν·
748 5159 890 5229 Ὅρα
958 5156 1032 5227 μή
1084 5172 1169 5217 τις
1219 5156 1283 5209 ἐκ
1331 5151 1538 5206 τούτων
1574 5150 1685 5203 τῶν

76 5238 379 5330 μυστικῶν
430 5250 833 5319 ἐπακούσηται⁴
895 5251 941 5301 εἰ
1006 5246 1115 5316 γαρ
1149 5248 1195 5299 οἱ
1234 5243 1469 5315 ἀμύητοι
1526 5238 1680 5295 οὐδὲν

72 5329 309 5419 ἔχουσιν
375 5340 705 5411 ὑψηλότερον
740 5339 1150 5409 φαντασθῆναι,
1220 5333 1353 5389 ἀλλὰ
1409 5329 1691 5403 νομίζουσι

71 5437 339 5494 τοιοῦτον
360 5428 498 5485 εἶναι
526 5431 618 5483 τὸν
651 5430 805 5493 Θεὸν,
846 5426 1028 5493 καθὼς
1058 5428 1311 5481 δύνανται
1340 5424 1493 5479 αὐτοὶ
1522 5424 1685 5488 νοεῖν,

68 5553 99 5587 τ
144 5548 189 5585 ν
235 5526 494 5595 θέμενον
544 5524 763 5587 σκότος
827 5521 1187 5588 ἀποκρυφὴν
1250 5517 1474 5581 αὑτοῦ,
1546 5512 1688 5569 κατὰ

70 5625 185 5700 τὴν
232 5617 484 5691 Γραφὴν,
538 5614 777 5684 δηλονότι
816 5613 905 5665 τὸν
943 5615 1001 5666 ὲν
1062 5617 1126 5684 τῇ
1182 5614 1463 5687 ὑπερτάτῃ
1512 5609 1689 5678 ἀγνωο

198 5811 233 5841 ιι
276 5794 426 5852 isaL
461 5810 589 5857 mi,
630 5794 712 5851 12.

1788 4614 1907 4657 eos,
1947 4598 2038 4666 qui
2083 4596 2322 4665 alioquin
2364 4595 2529 4649 etiam
2571 4606 2674 4648 non
2720 4602 2843 4645 sunt
2882 4601 3133 4645 exsortes
3168 4601 3374 4659 mystea

1793 4692 2024 4754 riorum,
2068 4688 2160 4742 sed
2202 4686 2365 4741 rebus
2406 4684 2583 4740 adhuc
2621 4685 2915 4740 sensilibus
2954 4680 3179 4735 involuti
3224 4693 3370 4749 sunt,

1792 4797 1968 4849 neque
2006 4780 2397 4848 imaginantur,
2461 4778 2630 4831 Deum
2689 4774 2982 4845 quidquam
3041 4786 3162 4826 esse
3202 4788 3373 4840 supra

1792 4892 1852 4929 ea
1896 4884 2016 4943 qdm
2052 4874 2342 4935 exsistunt,
2377 4872 2467 4934 qui
2506 4868 2757 4922 videlicet
2798 4867 2849 4919 in
2900 4856 3117 4919 nomine
3155 4864 3369 4929 quidem

1794 4958 1992 5020 Christi
2034 4964 2288 5022 credunt,
2330 4961 2396 5014 ad
2440 4958 2828 5027 perfectiorent
2895 4965 3073 5008 tamen
3117 4954 3372 5008 notitiam

1796 5076 1900 5113 non
1942 5063 2265 5129 assurgunt;
2306 5050 2583 5125 ἀμύστους
2640 5056 2770 5103 tero
2812 5056 2969 5102 Vocat
3028 5046 3373 5110 idololatras,

1792 5153 2036 5205 omnium
2069 5165 2294 5219 prorsus
2324 5147 2707 5215 mysteriorum
2741 5152 3013 5203 exsortes.
3037 5141 3128 5195 Ait
3150 5141 3370 5211 itaque:

1795 5242 1923 5295 Vulc
1965 5256 2031 5294 ne
2070 5238 2196 5310 quis
2248 5246 2436 5291 eorum
2497 5228 2756 5305 mysteria
2816 5235 2929 5287 hate
2986 5230 3204 5297 audiat;
3249 5247 3372 5289 nam

1795 5334 1839 5388 si
1877 5334 1949 5387 illi
1988 5333 2079 5401 qui
2122 5344 2227 5385 non
2268 5339 2394 5384 sunt
2434 5320 2713 5391 instructi,
2760 5314 2896 5378 nihil
2924 5322 3377 5378 subliminsima.

1796 5427 1969 5494 gium‘i
2033 5425 2284 5496 pOssinl,
2358 5423 2452 5476 sed
2511 5419 2830 5473 existiment
2892 5410 3197 5469 istiusmodi
3252 5429 3375 5476 esse

1799 5519 1986 5579 Deum,
2028 5515 2243 5584 qualem
2284 5506 2383 5580 ipsi
2425 5511 2713 5577 concipere
2752 5514 3002 5577 possunt.
3042 5504 3133 5573 qui
3172 5508 3373 5563 secum.

1796 5608 1921 5663 dunt
1963 5606 2307 5675 Scriptorum
2330 5602 2506 5673 positit
2535 5599 2777 5653 tenebras
2811 5592 3096 5652 latibulum
3144 5604 3299 5652 sum):
3325 5602 3373 5661 ’⁸.
