3772 6298
393 393 533 453 1019

399 512 453 568 id
489 518 575 566 est
608 504 697 576 qui
740 503 795 558 in
839 495 1228 555 sublimissima
1285 486 1629 561 ignoratione
1684 485 1979 536 absconsus
2007 474 2055 532 Α

398 613 516 670 est;
554 573 679 669 quid
737 595 886 648 dicat
924 589 1046 660 quis
1085 587 1151 639 de
1188 585 1252 638 iis
1273 582 1364 652 qui
1389 580 1560 650 magis
1598 573 1809 646 ιιι-οῖσιιί
1832 577 1980 635 sunt,

399 704 460 750 et
501 664 802 748 idololatra:
842 678 1148 738 exsistunt?
1186 679 1318 732 Cum
1357 687 1484 727 vero
1525 671 1655 724 dicit
1695 681 1856 736 supra
1883 664 1982 719 bos

399 801 522 841 esse
564 780 780 837 divinas
829 773 1218 848 mystagogias,
1261 784 1366 823 non
1403 765 1526 819 ideo
1564 760 1698 818 dicit
1737 757 1880 830 quod
1901 755 1984 809 di-

401 876 535 930 vina
578 872 720 927 forte
769 883 932 936 supra
978 866 1076 921 bos
1114 862 1332 933 quidem
1355 859 1484 922 sint,
1525 870 1630 910 non
1669 854 1778 909 sint
1801 858 1982 905 autem

405 979 572 1036 supra
613 963 782 1027 alios;
823 958 1024 1014 etenim
1065 953 1196 1024 quid
1239 950 1361 1005 novi
1403 945 1833 1036 erat,siqnide:u
1860 941 1984 1010 ipsi,

399 1030 525 1113 cum
569 1054 734 1110 rudes
772 1059 975 1114 essent,
1033 1041 1096 1100 ea
1154 1059 1257 1098 non
1311 1035 1614 1108 caperent?
1664 1033 1780 1088 Non
1839 1030 1986 1086 enim

406 1151 584 1204 dixit:
649 1145 826 1215 Supra
889 1143 1082 1196 horum
1141 1135 1549 1207 cognitionem,
1607 1126 1746 1183 sed:
1806 1123 1987 1192 Supra

403 1241 585 1308 ipsos;
629 1253 694 1291 ac
734 1233 1069 1291 si'diceret:
1124 1228 1372 1284 Nondum
1414 1224 1598 1279 sciunt
1653 1218 1822 1274 Deum
1865 1228 1990 1270 esse

402 1346 564 1402 supra
604 1328 660 1384 id
717 1327 860 1398 quod
920 1330 1151 1394 possunt
1205 1317 1546 1386 intelligere;
1605 1312 1847 1380 quiu'et
1885 1308 1990 1360 hoc

403 1400 595 1478 eorum
633 1429 846 1490 captum
887 1416 1124 1478 excedit,
1150 1422 1204 1467 et
1244 1409 1582 1465 arbitrantur
1621 1419 1717 1458 sua
1761 1400 1992 1456 n0tione

403 1532 462 1571 se
523 1515 690 1569 Deum
749 1523 944 1574 nosse,
1007 1505 1204 1575 duplici
1264 1503 1575 1557 laborantes
1633 1491 1984 1565 ignorantia,

404 1606 616 1663 scilicet
653 1601 952 1656 secundum
994 1598 1271 1662 aﬂ'ectum,
1326 1603 1382 1648 et
1419 1591 1601 1646 divina
1643 1589 1987 1657 ignorantes,

403 1708 460 1751 et
494 1695 638 1766 quod
679 1696 933 1766 ignorent
990 1690 1315 1744 nescientes.
1359 1685 1499 1754 Quid
1539 1684 1706 1754 igitur
1742 1682 1988 1735 dicemus

405 1790 474 1843 de
512 1786 777 1858 profanis,
816 1784 908 1854 qui
951 1783 1118 1837 Deum
1157 1797 1223 1835 ex
1283 1779 1445 1834 rebus
1507 1775 1735 1840 infimis,
1773 1773 1987 1828 scilicet

413 1879 730 1936 inanimatis
778 1875 1025 1932 materiis
1061 1884 1115 1928 et
1171 1872 1363 1926 formis
1403 1865 1764 1924 describunt?
1805 1866 1982 1935 Opor-

408 1982 486 2027 tct
542 1973 705 2025 etiam
765 1968 865 2038 ipsi
925 1979 1140 2021 onmem
1201 1977 1383 2016 rerum
1441 1959 1773 2029 positionem
1821 1955 1985 2010 attri-

406 2064 594 2128 buere,
637 2062 776 2116 sicut
811 2060 863 2114 in
907 2058 1047 2112 libro
1088 2054 1166 2110 De
1217 2054 1410 2108 divinis
1451 2051 1751 2106 nominibus
1811 2049 1986 2103 tradi-

412 2152 618 2215 dimus,
652 2149 911 2220 quoniam
947 2161 1013 2201 ex
1052 2144 1307 2200 omnibus
1345 2142 1591 2199 divinum
1639 2139 1846 2194 Numen
1889 2153 1988 2191 no-

408 2241 673 2307 minatur,
719 2250 975 2307 tanquam
1042 2250 1207 2291 causa
1273 2249 1339 2289 ex
1394 2231 1648 2294 eﬂ‘ectis;
1695 2238 1752 2283 et
1807 2229 1987 2282 omnia

408 2330 511 2400 Ipsi
551 2330 914 2393 attribuenda,
958 2337 1211 2398 tanquam
1250 2324 1536 2380 exsistenti
1584 2337 1748 2390 supra
1784 2320 1988 2374 oumia.

407 2425 527 2480 Non
567 2422 712 2476 enim
750 2422 966 2476 axioma
1028 2417 1479 2475 contradictiouis
1535 2415 1608 2470 ibi
1663 2414 1839 2467 locum
1892 2412 1992 2464 lia-

407 2515 523 2577 ltet,
548 2514 690 2567 sicut
730 2513 853 2566 hic;
881 2509 1136 2580 quoniam
1187 2507 1275 2562 hic
1298 2508 1350 2561 in
1375 2521 1432 2561 re
1455 2504 1603 2560 omni
1627 2503 1713 2558 vel
1753 2501 1990 2556 aﬂirma-

411 2608 485 2660 tio
535 2614 619 2661 est
659 2604 747 2658 vel
786 2604 1026 2674 negatio,
1067 2609 1122 2656 et
1157 2601 1202 2655 si
1255 2597 1542 2654 afﬁrmatio
1574 2611 1700 2651 vera
1741 2595 1851 2657 sit.
1895 2610 1990 2649 ne-

409 2698 559 2767 gatio
603 2697 736 2751 falsa
778 2705 882 2756 est.
925 2694 1008 2750 vel
1046 2703 1277 2759 contra;
1321 2693 1395 2747 ibi
1434 2691 1564 2746 vero
1607 2699 1715 2743 tam
1748 2687 1992 2742 aﬂirma-

411 2787 489 2845 tio
528 2805 689 2860 quam
722 2787 887 2860 555
926 2788 1145 2857 negatio
1178 2801 1306 2841 vera
1359 2793 1463 2850 est,
1526 2781 1830 2838 secundum
1871 2796 1996 2835 sen-

408 2896 503 2937 sus
539 2884 737 2936 dictos.
779 2879 914 2935 Cum
946 2893 1075 2933 vero
1115 2877 1256 2933 Deus
1311 2876 1384 2930 sit
1429 2889 1592 2946 supra
1623 2888 1842 2929 omnem
1863 2886 1990 2926 cum

409 2972 741 3026 ablationem
785 2979 902 3024 tum
945 2967 1292 3039 positionem,
1334 2977 1392 3022 et
1428 2979 1595 3037 supra
1619 2965 1672 3020 id
1695 2964 1841 3035 quod
1884 2976 1991 3016 non

407 3095 515 3150 est,
535 3093 590 3139 et
610 3099 773 3154 supra
825 3082 874 3137 id
896 3080 1042 3151 quod
1081 3088 1189 3147 est,
1231 3088 1288 3135 et
1340 3093 1502 3148 supra
1541 3077 1908 3147 cognitionem
1940 3080 1996 3126 et

409 3191 574 3246 supra
602 3175 1027 3246 ignorationem,
1052 3172 1223 3225 multo
1245 3171 1415 3241 magis
1436 3179 1518 3224 est
1540 3185 1703 3238 supra
1728 3165 1992 3238 privatio-
2018 3161 2060 3218 C

410 3283 530 3330 nes,
555 3269 636 3322 vel
664 3282 826 3334 supra
849 3265 1173 3334 positiones.
1202 3261 1337 3316 Nam
1360 3262 1452 3332 qui
1476 3261 1615 3316 tollit
1636 3260 1988 3330 positionem.

410 3357 692 3412 deﬁnitum
743 3359 871 3428 quid
936 3357 1094 3421 tollit,
1123 3365 1174 3412 et
1215 3355 1359 3410 forte
1396 3369 1548 3410 mens
1585 3355 1654 3408 ad
1689 3353 1817 3423 quid
1840 3353 1991 3407 aliud

413 3450 722 3515 delabetnr,
746 3451 1088 3513 existimans.
1109 3465 1233 3506 cum
1258 3449 1387 3506 illml
1411 3463 1517 3502 non
1548 3455 1714 3510 esset,
1749 3445 1870 3508 hoc,
1909 3446 1991 3500 vel

416 3541 600 3607 aliud;
625 3552 679 3595 et
701 3541 745 3596 si
768 3542 952 3596 omnia
974 3542 1098 3612 quis
1121 3540 1296 3604 tollat,
1327 3545 1581 3594 occurret
1613 3537 1687 3592 illi
1713 3537 1860 3606 quod
1884 3551 1996 3590 om-

415 3634 545 3688 nino
581 3648 688 3687 non
724 3643 836 3699 est;
859 3633 950 3704 qui
979 3648 1109 3693 vero
1134 3631 1676 3702 tollitprivationem,
1720 3628 1774 3683 in
1829 3629 1913 3684 his
1938 3629 1992 3683 in

414 3724 613 3794 quibus
653 3739 808 3779 mens
833 3741 942 3781 non
964 3736 1148 3796 potest
1186 3723 1478 3794 concipere
1515 3723 1754 3792 aliquam
1778 3720 1996 3774 habitu-

413 3815 616 3879 dinem,
656 3817 883 3872 omnino
950 3817 1155 3888 praebet
1215 3813 1631 3886 suspicandum,
1699 3811 1826 3867 illud
1873 3825 1996 3865 esse

414 3907 615 3976 aliquid
641 3908 1201 3979 incompreltensibile
1221 3907 1364 3978 quod
1408 3906 1557 3961 dico.
1602 3905 1742 3960 Ecce
1774 3903 1993 3973 positio.

414 4001 668 4068 quoniam
697 4003 934 4072 prmdico
965 4003 1032 4057 de
1056 4001 1168 4057 Deo
1191 4001 1368 4055 lumen
1398 4017 1413 4067 ;
1458 3999 1656 4070 aliquis
1679 4014 1806 4052 vero
1837 4007 1999 4069 negat

417 4090 568 4156 illud,
595 4095 720 4163 quia
755 4095 895 4148 Dens
915 4109 1019 4148 non
1044 4104 1128 4148 est
1151 4093 1330 4148 lumen
1359 4111 1373 4147 :
1419 4091 1666 4162 suspicor
1691 4091 1839 4144 illum
1872 4103 1997 4144 esse

416 4185 545 4253 quid
567 4185 712 4239 aliud
736 4199 766 4240 a
793 4186 1033 4252 lumine;
1080 4186 1432 4255 negatetiam
1466 4184 1618 4248 illud,
1659 4195 1712 4239 et
1749 4185 1816 4237 ad
1850 4183 1996 4238 aliud

416 4274 666 4340 dilabor;
701 4277 747 4330 si
781 4285 937 4347 neget
957 4278 1162 4344 omnia,
1213 4276 1378 4331 etiam
1405 4275 1541 4331 nihil
1579 4274 1808 4330 omnino
1847 4273 1998 4343 cogi-

419 4365 567 4420 tabo.
597 4365 729 4421 Veni
751 4368 916 4422 etiam
953 4370 1021 4423 ad
1066 4369 1451 4438 privationem.
1482 4366 1625 4422 Ecce
1646 4365 1776 4421 dicit
1805 4364 1990 4434 priva-

1579 370 1638 427 s.
1676 357 1976 424 otosvsn
2009 343 2486 412 AREOPAGITA'I,

3543 319 3694 375 ιοευ

2084 465 2176 537 σία
2196 458 2652 528 καλυπτόμενον
2704 450 2758 504 τί
2796 445 2864 502 ἄν
2902 439 3189 537 τιςβκώὶΔ
3215 445 3347 537 scapi.
3379 433 3500 537 τῶν
3550 433 3694 537 μᾶλ-

2082 526 2174 609 λοι
2213 526 2492 624 ἀμύστων,
2529 545 2624 600 καί
2658 533 3096 624 είδωλολατρῶνς
3130 531 3205 585 Ta
3239 527 3525 624 assus?

2082 661 2209 708 τους
2245 615 2384 696 εἰσὶν
2435 639 2493 690 αἱ
2541 635 2684 689 θεῖαι
2732 623 3107 701 μυσταγωγίαι
3132 661 3148 686 ,
3219 620 3280 674 οὑ
3338 615 3541 684 λέγει,
3609 615 3694 708 ὅτι

2084 739 2245 809 τνχδν
2270 734 2412 805 ὑπὲρ
2451 729 2649 791 αὐτοὺς
2681 724 2780 796 μέν
2807 724 2914 775 εἰσι
2963 717 3033 772 τά
3060 716 3202 780 θεῖα,
3231 712 3380 783 ὑπὲρ
3407 709 3618 771 ἄλλους
3638 707 3696 760 δὲ

2085 801 2185 884 οῦκ
2204 829 2310 881 είσι
2329 841 2344 856 ’
2379 801 2476 876 καὶ
2502 820 2556 873 τί
2575 817 2686 888 γὰρ
2715 814 2866 880 ξένον
2888 807 2977 882 ἦν,
3033 806 3087 860 εἴ
3133 821 3240 876 περ
3275 801 3462 862 αὑτοὶ,
3488 801 3694 869 uulsi;

2086 921 2258 982 ὅντες,
2286 915 2348 969 οὑ
2370 908 2818 980 κατελάμϐανονς
2878 901 2952 956 Οὑ
2989 898 3097 970 γάρ
3138 892 3314 960 εἶπεν,
3375 890 3565 962 ’Υπὲρ
3593 889 3694 959 τὴν

2086 1011 2289 1066 τούτων
2319 1006 2540 1078 γνῶσιν,
2567 1001 2684 1056 ἀλλ’
2736 996 2908 1067 Ὑπὲρ
2957 992 3176 1053 αὑτοὺς,
3222 986 3434 1041 ὡσανεὶ
3483 983 3693 1052 λέγων,

2087 1103 2206 1159 οὑδὲ
2232 1075 2393 1154 τοῦτο
2429 1092 2752 1156 κατέλαϐον,
2780 1090 2865 1142 ὅτι
2907 1088 2938 1139 δ
2972 1085 3105 1148 Θεὸς
3140 1081 3285 1153 ὑπὲρ
3314 1079 3346 1132 δ
3373 1077 3582 1148 νοῆσαι
3605 1075 3697 1128 so-

2088 1211 2275 1250 νανται
2323 1185 2467 1244 οὑτοι
2517 1186 2663 1240 ἔστιν
2683 1200 2696 1214 ·
2769 1178 2904 1235 ἀλλά
2952 1174 3241 1230 καὶτοῦτο
3295 1169 3446 1240 ὑπὲρ
3486 1167 3695 1230 αὐτοὺς

2091 1283 2352 1356 ἐγεγόνει,
2393 1279 2488 1335 καὶ
2526 1277 2726 1331 οἴονται
2769 1273 2839 1343 τῇ
2891 1267 3101 1324 ἑαυτῶν
3149 1263 3357 1335 γνώσει
3416 1261 3482 1315 το
3536 1259 3695 1313 Θεϊον

2091 1352 2310 1438 είδέναι,
2359 1371 2642 1432 νοσοῦντες
2713 1366 2812 1436 τὴν
2863 1362 3056 1432 διπλῆν
3121 1359 3372 1428 ἄγνοιαν,
3443 1352 3694 1425 δηλονότι

2088 1467 2188 1538 τὴν
2224 1463 2363 1519 κατά
2396 1460 2654 1522 διάθεσιν,
2675 1457 2779 1510 καὶ
2819 1452 2889 1507 τὰ
2930 1453 3050 1506 θεῖα
3073 1445 3430 1519 ἀγνοοῦντες,
3471 1444 3576 1498 καὶ
3605 1443 3690 1495 ὅτι

2090 1535 2375 1626 ἀγνοοῦσιν
2407 1553 2508 1606 οὑκ
2552 1549 2772 1610 εἰδότες.
2815 1546 2879 1599 Τί
2937 1542 3068 1614 γοῦν
3113 1539 3370 1610 εἴποιμεν
3411 1536 3564 1608 ,περὶ
3588 1535 3694 1588 τῶν

2091 1649 2370 1720 ἀμύστων,
2419 1646 2534 1698 ὅσοι
2572 1642 2664 1695 τὸν
2724 1639 2858 1693 Θεὸν
2910 1640 2976 1691 ὲκ
3027 1634 3136 1688 τῶν
3178 1632 3370 1693 αὑτοῖς
3419 1628 3692 1698 ἐσχάτων,

2090 1740 2333 1814 δηλονότι
2364 1739 2476 1792 τῶν
2519 1735 2743 1806 ἀψύχων
2781 1730 2922 1784 ὑλῶν
2975 1728 3068 1782 καὶ
3132 1721 3549 1814 μορφωμὰιωνῌ
3591 1737 3692 1790 χαο

2022 1814 2065 1869 Β
2094 1832 2520 1905 ρακτηρίζουσι;
2555 1825 2684 1880 Δέον
2725 1824 2810 1878 ἐπ’
2835 1819 2983 1891 αὑτῷ
3025 1818 3122 1872 καὶ
3147 1817 3331 1868 πᾶσαν
3375 1812 3496 1865 τῶν
3522 1810 3696 1863 ὅντων

2090 1901 2462 1992 καταῴάσκειν
2498 1917 2667 1980 θέσιν,
2697 1915 2772 1978 ὡς
2804 1917 2862 1967 ὲν
2889 1910 2968 1982 τῷ
3001 1907 3142 1976 Περὶ
3161 1906 3343 1961 θείων
3378 1901 3696 1972 ὀνομὰτω

2093 1990 2380 2083 ἐλέγομεν,
2409 2010 2494 2064 ὅτι
2547 2010 2610 2061 ὲκ
2635 2005 2856 2059 πάντων
2901 2001 2965 2056 τὸ
3019 2001 3173 2054 Θεῐον
3219 1994 3586 2066 ὀνομάζεται,
3620 1990 3695 2054 ῶς

2089 2105 2259 2168 αἴτιος
2323 2106 2388 2156 ὲκ
2452 2099 2562 2153 τῶν
2629 2094 2912 2150 αίτιατῶν·
2978 2092 3073 2146 ml.
3135 2090 3245 2144 πᾶν
3295 2087 3327 2140 ὃ
3377 2083 3698 2155 κατέφησεν

2091 2196 2452 2266 ἀποφάσκειν,
2517 2189 2593 2254 ὡς
2645 2188 2788 2259 ὑπὲρ
2844 2185 2912 2239 τά
2961 2183 3093 2243 ὄντα
3143 2182 3276 2236 ὄντι.
3345 2178 3425 2232 Οὑ
3475 2177 3588 2248 γὰρ
3635 2174 3695 2228 τὸ

2094 2288 2316 2358 ἀξίωμα
2345 2286 2445 2355 τῆς
2475 2281 2815 2353 ἀντιφάσεως
2869 2279 3047 2333 ἐκεῖσε
3082 2274 3268 2347 χώραν
3297 2273 3441 2343 ἔχει,
3488 2271 3566 2334 ὡς
3607 2272 3697 2322 ὲν-

2091 2379 2299 2434 ταῦθαο
2336 2375 2572 2438 ἐνταῦθα
2614 2373 2724 2443 γὰρ
2754 2372 2847 2425 ἐπὶ
2901 2367 3101 2430 παντὸς
3153 2368 3187 2437 ἡ
3239 2365 3562 2432 κατάφασις
3591 2360 3624 2432 ἢ
3657 2362 3697 2429 ἠ,

2092 2469 2389 2537 ἀπόφασις,
2424 2467 2518 2519 καὶ
2549 2465 2600 2517 εἰ
2658 2465 2692 2534 ἡ
2748 2460 3055 2528 κατάφασις
3112 2455 3321 2526 ἀληθὴς
3348 2492 3363 2517 ,
3415 2452 3622 2522 ψευδὴς
3657 2453 3692 2520 ἡ

2094 2558 2451 2630 ἀπόφασις,ἢ
2501 2555 2562 2609 τὸ
2612 2551 2918 2609 ἀνάπαλιν·
2972 2551 3150 2604 ἐκεῖσε
3178 2547 3236 2600 δὲ
3287 2546 3386 2600 καὶ
3439 2547 3474 2615 ἡ
3525 2545 3695 2598 κατᾶ-

2094 2668 2259 2722 φασις
2288 2650 2383 2703 καὶ
2446 2650 2480 2720 ἡ
2535 2644 2814 2718 ἀπόφασις
2878 2641 3094 2712 ἀληθεῖς
3126 2639 3264 2710 πρὸς
3287 2637 3394 2702 τὰς
3435 2653 3702 2708 προειρηι

2097 2743 2264 2814 μένας
2295 2740 2524 2803 ἐννοίας.
2593 2737 2744 2790 Ἐπεὶ
2769 2735 2825 2789 δὲ
2883 2733 2944 2786 τὸ
2996 2733 3149 2784 Θεῖον
3179 2730 3325 2800 ὑπὲρ
3383 2732 3573 2782 πᾶσαν
3602 2728 3692 2779 καὶ

2093 2833 2385 2902 ἀφαίρεσιν
2415 2827 2688 2883 καὶθέσιν
2722 2826 2860 2888 ἐστὶ,
2904 2823 2999 2876 καὶ
3038 2821 3178 2891 ὑπὲρ
3217 2818 3278 2872 τὸ
3321 2819 3398 2890 μὴ
3457 2818 3542 2882 ὃν,
3602 2817 3699 2870 καὶ

2095 2925 2235 2995 ὑπὲρ
2263 2923 2324 2976 τὸ
2349 2922 2431 2986 ὃν,
2481 2921 2575 2974 καὶ
2605 2918 2746 2989 ὑπὲρ
2797 2915 3020 2986 γνῶσιν,
3071 2913 3167 2966 καὶ
3198 2911 3346 2982 ὑπὲρ
3389 2910 3686 2980 ἀγνωσίαν,

2096 3012 2275 3084 πολλῷ
2323 3011 2485 3066 πλέον
2519 3010 2636 3064 ἐστὶ
2662 3009 2724 3062 τὸ
2754 3007 2894 3078 ὑπὲρ
2919 3003 3018 3068 τὰς
3053 3004 3339 3075 στερήσεις
3365 3002 3400 3073 ἢ
3432 3003 3576 3072 ὑπὲρ
3595 3001 3696 3064 τὰς

2096 3103 2296 3168 θέσεις.
2344 3103 2402 3156 Ὀ
2446 3101 2558 3174 γὰρ
2583 3098 2827 3172 ἀναιρῶν
2879 3096 3028 3149 θέσιν
3084 3092 3400 3164 ὡρισμένον
3437 3109 3493 3144 τι
3545 3091 3692 3144 ἀναι-

2095 3197 2198 3268 ρεῖ,
2226 3195 2320 3248 καὶ
2343 3193 2473 3258 ἴσως
2494 3196 2522 3247 ὁ
2558 3191 2688 3256 νοῦς
2713 3192 2799 3244 ἐπ’
2831 3189 2958 3243 ἄλλο
2985 3187 3382 3259 μεταπεσεῖται
3426 3182 3692 3253 οἰόμενος,

2094 3288 2216 3341 ἐπεὶ
2244 3288 2419 3340 ἐκεῖνο
2443 3284 2544 3338 οὑκ
2567 3279 2658 3355 ἦν,
2688 3281 2845 3336 τοῦτο
2867 3275 3029 3340 εἶναι,
3062 3275 3095 3347 ἢ
3128 3275 3341 3346 ἕτερον·
3380 3274 3488 3328 κᾶν
3519 3275 3689 3328 πάντα

2094 3378 2290 3448 ἀναιρῇ
2318 3393 2425 3442 τις,
2463 3374 2794 3444 καταντήσει
2827 3372 2908 3434 εἰς
2937 3369 2997 3422 τὸ
3036 3367 3261 3440 μηδαμῆ
3303 3366 3572 3448 μηδαμῶς
3592 3365 3648 3417 ὃν
3668 3381 3682 3394 ·

2094 3472 2124 3524 ὁ
2163 3442 2238 3524 δὲ-
2259 3442 2516 3540 στέρησιν
2545 3442 2784 3539 ἀναιρῶν
2814 3464 2907 3518 ἐπὶ
2933 3461 3166 3525 τούτοις,
3221 3442 3314 3530 ιἰφς
3346 3455 3432 3523 οἷς
3459 3460 3557 3512 οὑκ
3579 3458 3688 3527 ἔχει

2093 3563 2123 3617 ὁ
2154 3560 2278 3624 νοῦς
2313 3559 2432 3626 ἕξιν
2461 3557 2715 3628 ἐννοῆσαί
2740 3573 2882 3621 τινα,
2916 3552 3135 3616 πάντως
3164 3551 3425 3604 ὑπονοεῖν
3455 3548 3686 3612 δίδωσιν,

2094 3655 2176 3708 ὅτι
2211 3651 2327 3706 ὲστί
2352 3668 2405 3704 τι
2435 3650 2817 3719 ἀκατάληπτον
2849 3642 2961 3700 οἷόν
2989 3663 3043 3699 τι
3093 3643 3258 3712 λέγω.
3331 3641 3469 3695 Ἰδοὺ
3523 3639 3684 3704 θέσις,

2095 3744 2177 3798 ὅτι
2213 3743 2356 3812 λέγω
2377 3741 2471 3795 ἐπὶ
2506 3740 2639 3794 Θεοῦ
2671 3739 2818 3810 φῶς⁶
2863 3738 3080 3808 ἀναιρεῖ
3133 3751 3219 3798 τις
3276 3733 3468 3797 τοῦτο,
3515 3732 3594 3785 ὅτι
3623 3732 3681 3783 οὑ

2097 3835 2237 3905 φῶς,
2305 3833 2521 3888 ὑπονοῶ
2567 3834 2649 3887 ὅτι
2695 3831 2823 3886 ἄλλο
2866 3848 2919 3883 τι
2968 3827 3118 3899 παρὰ
3164 3827 3227 3879 τὸ
3272 3825 3428 3894 φῶς·
3483 3825 3686 3894 ἀναιρεῖ

2096 3928 2337 3990 κάκεῖνο,
2367 3927 2460 3979 καλ⁸
2503 3928 2582 3988 εἰς
2609 3923 2736 3979 ἄλλο
2778 3920 3192 3994 μεταπεσοῦμαι
3211 3935 3225 3948 ⁸
3278 3918 3465 3971 ἀνεῖλε
3491 3917 3680 3974 πάντα.

2097 4017 2192 4070 καὶ
2235 4015 2296 4069 τὸ
2329 4014 2552 4086 μηδαμῆ
2617 4012 2880 4085 μηδαμῶς
2922 4010 3218 4080 ὑπενόησα.
3265 4009 3423 4062 mea
3453 4009 3547 4062 καὶ
3595 4007 3683 4059 ἐπὶ

2095 4108 2194 4178 τῆς
2247 4108 2578 4177 στερήσεως.
2658 4105 2786 4159 ’1δοὺ
2836 4104 2981 4174 λέγει
3033 4101 3318 4172 στέρησιν,
3371 4100 3683 4171 ὅτιήἀκρο-

2096 4200 2234 4271 τάτη
2261 4199 2472 4272 κορυφὴ
2506 4196 2785 4265 ἄγνωστός
2809 4198 2956 4249 ἐστιν
2976 4211 2990 4225 ·
3037 4193 3260 4263 ἀναιρεῖ
3308 4209 3396 4255 τις
3424 4191 3486 4244 τὸ
3516 4191 3678 4259 ἀγνω-

2100 4306 2243 4354 στον,
2267 4289 2367 4343 οὑκ
2396 4289 2505 4359 ἔχει
2553 4291 2582 4342 ὁ
2625 4287 2748 4350 νοῦς
2774 4286 3097 4358 ἑδρασθῆναι
3131 4285 3216 4339 ὅτι
3243 4286 3470 4356 γνωστή
3523 4282 3682 4353 (τοῦτο

2098 4379 2208 4452 γὰρ
2271 4384 2477 4444 κοιναῖς
2535 4380 2767 4442 ἐννοίαις
2828 4376 3282 4449 διωμολόγηται)·
3325 4376 3680 4446 ὲναπελείφθη

417 4453 659 4522 tionem,
731 4456 984 4527 quoniam
1060 4473 1306 4513 summus
1363 4467 1549 4513 vertex
1607 4457 1827 4526 ignotus
1879 4463 1992 4509 est:

2127 4473 2308 4535 'oivuv,
2355 4472 2430 4534 ῶς
2478 4473 2597 4524 ἐστι
2656 4488 2710 4524 τι
2765 4470 2839 4541 μὴ
2899 4468 3058 4539 μόνον
3103 4467 3250 4538 ὑπὲρ
3296 4467 3402 4538 τὴν
3472 4466 3673 4536 γνῶσιν,

417 4547 1015 4619 negatquisignolum,
1059 4563 1165 4604 non
1219 4558 1402 4621 potest
1450 4549 1758 4604 intellectus
1782 4555 1990 4607 confir-

418 4643 551 4697 mari
574 4644 718 4713 quod
740 4654 896 4697 notus
915 4645 986 4699 sit
1015 4643 1140 4715 (hoc
1178 4644 1324 4698 enim
1364 4643 1416 4698 iu
1461 4644 1819 4714 conceptibus
1839 4661 1990 4700 com-

419 4735 673 4789 munibus
715 4747 799 4790 est
840 4735 1213 4805 manifestum)
1253 4737 1558 4807 concipitur
1602 4737 1788 4806 itaque
1835 4739 1990 4807 quasi

416 4826 486 4878 sit
508 4827 730 4895 aliquid.
769 4827 913 4897 quod
935 4829 1007 4884 sit
1037 4844 1144 4884 non
1168 4829 1339 4884 solum
1366 4845 1534 4899 supra
1561 4832 1862 4895 notionem,
1896 4846 1990 4886 ve-

418 4929 534 4967 rum
593 4917 761 4970 etiam
821 4933 984 4988 supra
1039 4920 1466 4987 ignorationem;

2094 4564 2229 4620 ἀλλά
2260 4564 2352 4617 καὶ
2402 4563 2855 4635 ὑπεράγνωστονο
2902 4561 2997 4614 xui.
3043 4560 3289 4631 συνήχθη
3344 4559 3426 4630 τῷ
3475 4559 3587 4630 Θεῷ
3619 4561 3678 4611 ὲκ

2092 4654 2299 4709 τούτων
2327 4652 2387 4707 τὸ
2419 4654 2824 4725 ἀκατάληπτον.
2851 4649 2950 4703 Διά
2975 4648 3133 4702 τοῦτο
3158 4651 3255 4704 καὶ
3285 4653 3316 4705 ὁ
3349 4649 3534 4722 πατὴρ
3561 4665 3679 4720 προ-

2091 4745 2384 4817 τιμότερον
2413 4744 2596 4816 τίθησι
2651 4745 2712 4797 τὸ
2764 4742 2905 4814 ὑπὲρ
2950 4741 3051 4805 τάς
3097 4743 3389 4813 περήσεις
3437 4743 3499 4796 τὸ
3541 4741 3679 4792 Θεῐον

2093 4831 2233 4891 εἶναι
2259 4837 2351 4890 καὶ
2386 4835 2661 4904 λέγεσθαι,
2691 4834 2724 4905 ἢ
2755 4833 2898 4904 ὑπὲρ
2925 4831 3024 4896 τάς
3056 4831 3258 4896 θέσεις.

1549 4928 1604 4974 et
1642 4935 1708 4974 ex
1750 4920 1834 4974 his
1885 4921 1994 4975 Deo
2045 4922 2670 4995 incmnpreheusibililas
2724 4923 3058 4978 attribuitur.
3108 4921 3324 4978 Idcirco
3391 4926 3554 4981 etiam
3598 4925 3676 4978 hic

419 5005 576 5061 l‘ater
641 5020 895 5080 tanquam
949 5012 1078 5081 quid
1145 5014 1490 5083 prmstantius
1545 5015 1734 5082 ponit,
1803 5016 1972 5072 Deum

2127 5039 2137 5078 ι
2202 5036 2268 5076 ac
2343 5020 2447 5074 dici
2504 5034 2667 5088 supra
2733 5017 3105 5088 privatioues,
3155 5018 3240 5072 vel
3319 5036 3488 5090 supra
3550 5022 3674 5090 posi-

419 5101 612 5156 litmcs.

487 5199 515 5272 §
555 5200 640 5255 Ill.
680 5202 882 5258 Deinde
905 5205 1254 5264 traditionem
1275 5206 1569 5276 quamdam
1594 5225 1700 5262 non
1725 5209 1992 5281 scriptam

417 5297 593 5346 Sancti
633 5293 1020 5351 Bartltolontaei
1068 5297 1300 5368 apostoli
1349 5283 1519 5368 ponit,
1545 5300 1801 5364 dicentis,
1857 5303 1995 5354 Inul-

419 5392 528 5440 tam
552 5401 675 5440 esse
720 5387 1050 5458 theologiam
1073 5400 1126 5443 et
1150 5392 1523 5459 perexiguam,
1543 5399 1597 5444 et
1641 5392 1991 5461 Evangelium

418 5493 544 5532 esse
603 5479 769 5533 latum
816 5489 871 5534 et
921 5496 1200 5551 magnum.
1253 5481 1537 5552 Reliquum
1604 5484 1858 5538 existimo
1906 5485 1993 5541 hic

422 5567 589 5621 etiam
624 5568 847 5624 silentio
872 5585 1218 5639 suppressum
1242 5586 1256 5636 ;
1279 5574 1564 5641 oportebat
1584 5573 1727 5628 enim
1773 5574 1862 5630 hic
1895 5575 1994 5630 ite-

426 5676 544 5715 rum
565 5663 751 5718 dicere
793 5675 1081 5734 angustum
1126 5672 1181 5718 et
1224 5681 1477 5736 parvum,
1516 5675 1564 5721 et
1611 5667 1852 5722 arbitror
1890 5671 1992 5723 hoc

429 5753 648 5807 silentio
680 5770 1059 5824 suppressum,
1113 5755 1196 5812 vel
1245 5757 1314 5809 ab
1355 5756 1586 5826 ipsomet
1631 5769 1821 5812 sancto
1862 5758 1997 5812 Bar-

427 5844 743 5914 tltolomwo,
781 5851 1000 5916 quando
1050 5864 1170 5905 eam
1203 5849 1526 5904 sententiam
1552 5850 1887 5922 proferebat,
1913 5851 1999 5908 vel

2169 5201 2195 5280 §
2246 5206 2332 5262 Ill.
2393 5205 2550 5260 Μετὰ
2597 5205 2773 5260 ταῦτα
2838 5206 2933 5259 καὶ
2983 5204 3253 5276 ἀγράφων
3295 5205 3672 5276 παραδοθεῖσαν

2098 5301 2296 5372 χρῆσιν
2321 5295 2416 5350 τοῦ
2469 5297 2624 5366 ἁγίου
2677 5296 2975 5350 ἀποστόλου
3027 5293 3446 5366 Βαρθολομαίου
3492 5300 3670 5370 τίθησι,

2101 5391 2302 5461 πολλὴν
2346 5390 2439 5443 καὶ
2495 5388 2784 5460 ἐλαχίστην
2838 5387 2936 5458 τὴν
2987 5386 3268 5454 θεολογίαν
3291 5387 3560 5457 λέγοντος.
3589 5393 3670 5444 καὶ

2098 5482 2160 5536 τὸ
2205 5479 2536 5548 Εὑαγγέλιον
2566 5479 2740 5532 πλατὺ
2797 5479 2890 5532 καὶ
2917 5477 3084 5550 μέγα.
3125 5479 3241 5530 Kal.
3284 5470 3469 5545 αὖθις,
3519 5478 3665 5552 οἶμαι,

2101 5576 2338 5631 ἐνταῦθα
2371 5575 2432 5628 τὸ
2493 5574 2677 5628 λεῖπον
2735 5571 3169 5645 παρεσιωπήθη·
3235 5571 3346 5625 ἔδει
3389 5575 3500 5647 γὰρ
3525 5579 3672 5629 εἰπεῖν

2103 5667 2198 5725 καὶ
2261 5664 2419 5732 αὖθις
2490 5667 2675 5720 στενὸν
2727 5668 2820 5720 καὶ
2863 5663 3096 5736 μικρὸν,
3162 5665 3259 5716 καὶ
3310 5661 3491 5736 οἶμαι,
3527 5685 3670 5738 παρε-

2105 5760 2380 5832 ’σιωπὴοη,
2436 5758 2468 5828 ἦ
2525 5760 2617 5812 καὶ
2670 5758 2749 5829 τῷ
2800 5756 2939 5827 ἁγίῳ
2975 5754 3376 5830 Βαρθολομαξῳ
3426 5761 3559 5823 τότε,
3595 5763 3669 5814 ὅτε

2107 5852 2204 5923 τὴν
2235 5851 2392 5921 ῥῆσιν
2427 5843 2629 5917 ἔλεγεν,
2671 5847 2701 5919 ἦ
2748 5847 2945 5918 ἀρτίως
3003 5848 3081 5920 τῷ
3135 5847 3339 5918 πατρὶ,
3395 5849 3484 5906 διὰ
3513 5849 3568 5902 τδ
3593 5847 3667 5903 τυῦ
