3752 6318
5 359 185 417 1021

618 358 706 415 DE
740 359 1045 418 IiHSTlCA
1079 360 1497 429 THEOLDGIA,
1546 365 1622 421 CA

1832 398 1884 408 -
1918 365 2268 423 PARAPHR.
2305 365 2783 427 ΡΑΟΗΥΜΕΗΕ.

3209 356 3352 425 nisi

5 480 390 549 πράγματος
422 477 781 549 ἀπε-μφαῖνον.
837 479 966 544 Πῶς
994 470 1332 551 γὰρνστενδν
1372 480 1433 533 τὸ
1476 482 1622 534 πᾶσα

1832 483 1924 539 ιιόο
1954 486 2022 538 ab
2045 484 2146 538 hoc
2178 483 2341 539 Patre
2361 525 2377 549 ,
2423 495 2651 554 propter
2684 483 2857 554 ipsius
2898 483 2976 539 rei
2999 481 3346 538 dissimilitu-

5 570 406 641 σαγηνεῦσαν
454 568 553 639 τὴν
606 570 971 641 οίκουμὲνην;
1030 572 1125 624 καὶ
1177 570 1298 635 πῶς
1356 572 1551 642 μικρὸν
1598 571 1661 624 τὸ

5 662 319 732 περιέχον
354 662 418 714 τὸ
455 660 600 733 μέγα
636 662 738 731 τῆς
779 663 1061 727 εὐσεϐείας
1114 667 1447 736 μυστήριον;
1488 664 1661 718 Τοῦτο

5 753 178 819 γοῦν
224 753 469 817 ἐγένετο,
510 754 587 818 ὡς
640 749 816 824 οἶμαι,
873 753 1267 808 διέὐλάϐειαν.
1325 757 1424 809 Ἐν
1458 771 1569 808 τισι
1603 754 1660 807 δὲ

5 843 291 916 εὓρηται
329 844 391 898 :6
448 846 533 899 mi.
572 841 726 909 αὖθις
759 848 1214 917 συντετμημένον.
1258 847 1332 900 Τὸ
1369 848 1425 900 δὲ
1461 845 1659 919 προτέ-

6 953 160 1006 ρους
206 936 386 989 κῶλον
430 940 458 990 6
496 938 648 1006 ἆγιος
688 935 1053 1009 ἐξηγούμενος
1088 937 1256 1007 λέγει,
1297 938 1379 989 ὅτι
1414 938 1537 1009 ἐμοὶ
1571 938 1660 990 δο-

5 1029 152 1088 κεῖ,
202 1026 284 1090 ὡς
320 1029 498 1080 ἐκεῖνο
534 1029 798 1100 ἐννοήσας
858 1032 886 1082 6
924 1029 1067 1092 θεῖος
1113 1028 1452 1093 Ἀπόστολος,
1486 1028 1660 1082 ταῦτα

8 1116 381 1185 ἐφθέγξατο,
415 1121 498 1172 ὅτι
553 1123 585 1191 ή
647 1121 795 1174 αίτία
833 1122 1072 1184 πάντων,
1112 1122 1205 1173 καὶ
1242 1120 1451 1174 πολλῶν
1481 1121 1657 1175 δέεται

6 1203 252 1272 λόγων,
294 1208 390 1260 καὶ
424 1207 617 1277 ἄλογος
655 1210 751 1261 καὶ
788 1208 1159 1281 βραχόλεκτός
1199 1213 1366 1264 ἐστιν’
1409 1211 1661 1283 οὐδὲγὰρ

6 1295 213 1366 λόγον
230 1298 346 1369 ἔχει
367 1299 399 1372 ἢ
423 1301 607 1372 νόησιν
639 1319 715 1355 πα
725 1302 1057 1372 ραστατικὴν
1074 1304 1174 1373 τῆς
1191 1302 1397 1367 οἰκείας
1417 1304 1654 1372 φύσεως.

10 1389 113 1441 Τὸ
160 1390 223 1443 δέ
260 1394 610 1463 πολύλογος
640 1395 1152 1466 προπαροξυτόνως,
1176 1397 1520 1465 πολυλόγος
1547 1396 1661 1469 γὰρ

8 1481 45 1532 ὁ
104 1479 294 1533 πολλά
333 1481 529 1552 λέγων,
571 1486 914 1555 πολύλογος
950 1485 1005 1538 δὲ
1043 1488 1072 1539 6
1108 1485 1315 1539 πολλῶν
1354 1485 1525 1554 λόγων
1544 1486 1657 1539 δεό-

20 1588 221 1640 μενος
245 1589 259 1602 °
304 1573 380 1637 ὡς
417 1576 791 1642 πρωτότοκος
848 1577 1333 1649 προπαροξυτόνως
1370 1580 1398 1630 6
1438 1577 1658 1648 πρῶτος

14 1662 300 1732 τεχθείς’
361 1668 735 1733 πρωτοτόκος
780 1668 836 1721 δὲ
890 1666 1270 1739 παροξυτόνως
1337 1670 1371 1739 ἡ
1420 1667 1669 1739 πρώτως·

19 1756 290 1815 τεκοῦσα
326 1759 480 1830 γυνὴ,
518 1759 593 1823 ὡς
632 1761 724 1813 καὶ
748 1762 994 1832 Ὄμηρος
1033 1762 1220 1832 δηλοῖ·

1768 575 1969 631 dinem.
1995 575 2285 643 Quomodo
2326 578 2470 633 enim
2509 588 2802 644 augustum
2850 576 2941 638 sit,
2990 577 3136 646 quod
3172 587 3346 630 totum

3204 664 3348 733 quod

1763 774 2019 827 magnum
2078 759 2301 828 pietatis
2365 760 2687 828 mysterium
2752 758 3172 827 complectitur?
3240 757 3350 811 lloc

1763 849 1955 918 utique
2001 850 2207 903 factum
2236 860 2343 914 est,
2410 850 2490 903 uti
2533 860 2687 918 puto,
2737 860 2958 918 propter
3007 849 3347 919 religionem.

1773 941 1829 996 in
1887 943 2213 1011 quibusdam
2270 958 2399 997 vero
2462 944 2661 997 iterum
2731 944 3002 1013 reperitur
3042 943 3346 998 concisum.

1760 1031 2007 1085 Priorem
2044 1045 2227 1086 autem
2278 1033 2562 1101 periodum
2623 1032 2711 1087 hic
2762 1044 2988 1088 sanctus
3045 1034 3348 1103 CXpiit'mtS.

1760 1119 1859 1181 ait.
1891 1131 1950 1173 ut
1976 1121 2108 1174 mibi
2136 1122 2373 1186 videtur,
2422 1122 2581 1191 quasi
2630 1122 2855 1178 divinus
2896 1125 3188 1192 Apostolus
3220 1124 3349 1179 illud

1760 1212 2093 1283 intelligens,
2136 1215 2254 1268 haec
2300 1216 2537 1281 dixerit;
2578 1218 2837 1285 quoniam
2880 1218 3123 1271 omnium
3175 1232 3344 1271 causa

1758 1306 1947 1360 multis
1967 1307 2132 1360 etiam
2181 1308 2363 1363 verbis
2401 1324 2540 1378 opus
2590 1309 2773 1373 habet,
2812 1320 2866 1363 et
2912 1310 3061 1363 millo
3099 1320 3154 1364 et
3192 1309 3355 1365 ιιι-ενι

1756 1399 1924 1452 verbo
1952 1399 2183 1471 dicitur;
2229 1410 2379 1456 caret
2424 1400 2569 1454 enim
2611 1402 2779 1454 verbo
2821 1409 2870 1453 et
2906 1412 3172 1471 conceptu
3219 1417 3352 1470 pro-

1757 1491 1928 1560 priatu
1974 1466 2093 1557 eius
2139 1501 2396 1547 naturam
2464 1491 2783 1561 explicante
2839 1492 3000 1563 555
3053 1466 3354 1562 πολύλογος

1756 1592 1937 1636 autem
1984 1583 2250 1637 scribitur
2301 1601 2426 1638 ctttu
2480 1596 2723 1639 accentu
2789 1586 2841 1639 in
2889 1587 3351 1653 antepenultima,

1757 1690 1880 1728 nam
1919 1675 2220 1745 πολυλόγος
2282 1692 2407 1731 cum
2470 1688 2702 1733 accentu
2753 1679 2805 1730 in
2872 1679 3209 1747 peuultima,
3265 1688 3351 1732 est

1762 666 2024 719 mundum
2069 665 2253 733 capit?
2298 676 2356 719 et
2404 667 2679 735 quomodo
2741 679 2965 732 parvum
3037 664 3128 724 id,

1666 1786 1667 1789 η
1752 1768 1920 1821 multa
1975 1770 2179 1833 dicens,
2234 1769 2529 1839 πολύλογος
2561 1785 2690 1824 vero
2747 1772 2928 1825 multis
2985 1772 3153 1825 verbis
3202 1772 3345 1825 indi-

16 1860 224 1913 gens:
284 1849 430 1903 sicut
473 1850 640 1904 etiam
707 1852 1052 1922 πρωτότοκος
1101 1864 1331 1907 accentu
1383 1856 1436 1909 in
1491 1866 1616 1909 ante

1836 1876 1943 1920 uta,
1990 1870 2075 1914 est
2142 1861 2238 1930 qui
2285 1862 2464 1931 primo
2523 1861 2775 1932 paritur,
2831 1863 3184 1933 πρωτοτόκος
3220 1876 3355 1919 vero

20 1941 87 1994 in
146 1941 479 2009 penultima.
538 1942 734 1995 mulier
774 1958 894 2011 qua:
938 1946 1113 2012 primo
1160 1945 1326 2013 parit,
1379 1947 1452 1998 uti
1488 1948 1657 1999 etiam
1686 1945 1955 2003 Homerus
1978 1950 2259 2007 declarat:

106 2058 506 2124 Πρωτοτόκος
547 2060 797 2127 Κινύρη,
830 2060 902 2112 οὐ
943 2059 1086 2127 πρὶν
1127 2059 1321 2115 είδυῖιι
1359 2061 1578 2114 τόκοιο.

110 2152 311 2207 Εἰπὼν
343 2149 459 2219 οὖν,
494 2154 575 2207 ὅτι
621 2153 746 2207 οὕτε
780 2154 936 2223 λόγον
970 2154 1082 2225 ἔχει
1115 2154 1239 2208 οὔτε
1272 2155 1476 2227 νόησιν,
1506 2154 1667 2223 ἐπεξ-

22 2246 358 2317 ηγούμενος
414 2246 583 2315 λέγει,
615 2247 675 2299 οὐ
704 2246 794 2300 διὰ
824 2247 886 2300 :6
920 2246 1147 2319 μηδαμῆ
1189 2246 1458 2318 μηδαμῶς
1502 2244 1662 2312 εἶναι,

31 2340 193 2393 ἀλλά
226 2339 317 2393 διὰ
360 2338 422 2392 :6
457 2338 940 2410 ὑπερεκτείνεσθαι
978 2339 1339 2410 ὑπερουσίως,
1366 2339 1458 2391 καὶ
1485 2339 1664 2409 μόνοις

29 2432 413 2502 ἐκφαίνεσθαι
442 2436 555 2496 τοῖς
586 2432 955 2486 διαϐαίνουσιν
989 2432 1185 2502 ἐπίσης
1218 2432 1310 2485 καὶ
1341 2431 1409 2485 τὰ
1446 2431 1665 2503 μυσαρὰ

32 2527 140 2578 καὶ
161 2525 235 2577 τὰ
257 2524 496 2597 καθαρὰ,
513 2526 606 2578 καὶ
628 2526 732 2578 ὑπε
742 2525 1019 2596 ρϐαίνουσι
1048 2527 1226 2578 πᾶσαν
1245 2525 1544 2597 ἀκρότητα,
1564 2524 1662 2578 καὶ

29 2618 491 2689 ἀπολιμπάνουσι
524 2619 620 2670 καὶ
648 2619 825 2671 πάντα
849 2617 1024 2686 φῶτα,
1044 2617 1288 2687 δηλονότι
1318 2619 1497 2670 πᾶσαν
1524 2618 1659 2686 γνῶ·

36 2727 155 2773 σιν,
187 2710 284 2762 καὶ
317 2708 526 2773 πάντας
559 2710 725 2780 ἦχους
758 2709 852 2761 καὶ
890 2709 1105 2777 λόγους,
1139 2708 1379 2780 δηλονότι
1412 2716 1480 2762 τα
1526 2710 1663 2781 περὶ⁹

32 2800 189 2853 Θεοῦ
224 2801 283 2854 ἐν
326 2804 448 2864 ταῖς
480 2800 725 2872 Γραφαῖς
757 2800 1042 2871 εἰρημένα.
1080 2801 1378 2873 Οὐρανίους
1421 2800 1477 2855 δὲ
1508 2801 1656 2869 λέγει

34 2891 276 2955 τούτους
298 2891 372 2956 ὡς
398 2889 471 2963 μὴ
496 2890 637 2944 κατὰ
694 2890 794 2964 τὴν
828 2891 1175 2964 ἀνθρωπίνην
1208 2893 1302 2945 καὶ
1323 2893 1520 2965 γηῖνην
1553 2894 1665 2946 ἐπί-

37 3001 227 3047 νοιαν,
264 2982 401 3037 ἀλλά
433 2983 576 3037 κατά
609 2983 760 3037 θείαν
794 2985 1080 3037 ἐπίπνοιαν
1115 2985 1207 3038 καὶ
1239 2984 1547 3055 λεχθέντας,
1568 2986 1663 3039 καὶ

46 3076 490 3148 παραδοθέντας,
530 3078 624 3130 καί
677 3077 1057 3147 είσδυομένους
1109 3079 1189 3140 είς
1231 3078 1323 3130 τὸν
1371 3078 1513 3130 θεῖον
1563 3078 1663 3148 τῆς

42 3169 328 3239 ἀγνωσίας
371 3170 591 3238 γνόφον,
630 3163 691 3222 οὗ
729 3171 875 3221 ἐστιν
897 3170 926 3221 6
959 3167 1180 3222 πάντων
1212 3169 1485 3223 ἐπέκεινα.
1522 3170 1662 3239 Ὅρα

45 3262 123 3325 δε,
166 3260 291 3325 πῶς
331 3256 452 3313 εἷπε
472 3277 486 3290 ο
533 3262 646 3322 τοῖς
687 3258 1023 3314 διαϐαίνουσι
1051 3258 1145 3312 καὶ
1175 3257 1244 3310 τὰ
1273 3257 1442 3329 ἐναγῆ
1467 3259 1561 3312 καὶ
1592 3258 1662 3313 τὰ

48 3352 301 3425 καθαρὰ,
334 3353 417 3406 ὅτι
458 3352 553 3405 καὶ
592 3350 664 3405 τὰ
701 3351 945 3423 ἡμέτερα
973 3351 1191 3423 καθαρά
1222 3352 1359 3421 πρὸς
1383 3350 1482 3422 τὴν
1508 3350 1658 3403 θείαν

50 3447 275 3516 ἐκείνην
312 3444 780 3518 παραϐαλλόμενα
810 3445 1158 3517 καθαρότητα
1179 3488 1193 3510 ,
1221 3447 1387 3517 ἐναγῆ
1422 3444 1664 3516 λογίζον-

58 3554 173 3603 ται,
218 3536 363 3591 κατά
392 3536 459 3589 :6
504 3534 830 3607 εἰρημένον·
852 3534 1027 3589 Πᾶσα
1063 3536 1416 3604 δικαιοσύνη
1444 3533 1666 3604 ἀνθρώ-

52 3648 207 3695 που,
260 3630 341 3697 ὡς
398 3629 588 3698 ῥάκος
625 3628 1113 3699 ἀποκαθημένοης,
1160 3632 1228 3700 τῇ
1273 3628 1393 3701 θείᾳ
1449 3629 1668 3694 πάντως

53 3722 370 3794 δικαιοσύνῃ
422 3720 918 3793 παραϐαλλομένη,
949 3714 1021 3791 ἦς
1068 3721 1169 3773 οὐκ
1215 3720 1363 3773 ἔστιν
1411 3720 1663 3791 ἀριθμός,

57 3820 205 3889 Ὅρα
252 3814 311 3868 δὲ
362 3815 455 3868 καὶ
486 3814 566 3878 :6,
600 3814 787 3867 Πᾶσαν
814 3813 1093 3883 ἀκρότητα
1127 3812 1433 3884 ὑπερϐῆναι
1466 3815 1560 3866 καὶ
1591 3815 1668 3866 ai-

58 3908 271 3981 σθητῶν
305 3907 397 3961 καὶ
444 3905 650 3979 νοητῶν
686 3906 760 3977 μὴ
797 3907 959 3977 μόνον
1005 3906 1206 3959 ὡσανεὶ
1250 3906 1392 3960 αὐτὰ
1426 3906 1496 3960 τὰ
1527 3908 1662 3980 πράο

55 4019 267 4073 γματα,
298 3999 436 4054 ἀλλά
474 4004 570 4052 καὶ
602 3999 700 4071 τὴν
729 3999 937 4052 τούτων
983 3998 1281 4068 ἀκρότητα.
1331 3999 1665 4072 Ἀκρότητας

60 4092 167 4163 γὰρ
202 4090 428 4144 ἐκάλουν
462 4091 511 4144 οί
536 4090 756 4142 παλαιοὶ
784 4090 1023 4161 ἑκάστης
1047 4090 1235 4152 οὐσίας
1257 4090 1318 4155 :6
1338 4090 1657 4163 καθαρώτα-

57 4201 168 4248 τον,
199 4182 258 4247 ὲξ
291 4178 351 4236 οὗ
383 4183 619 4253 ἢρτηται
675 4178 983 4251 προσεχῶς,
1037 4179 1316 4232 τουτέστιν
1362 4180 1659 4251 ἐχομένως,

60 4277 299 4349 ἡούσία.
354 4275 441 4339 Ὣς
494 4273 674 4345 ψυχῆς
707 4274 947 4345 ἀκρότης
990 4272 1017 4323 6
1067 4271 1217 4336 νοῦς·
1256 4273 1349 4325 καὶ
1394 4272 1596 4344 ἔρωτος
1638 4274 1668 4325 6

59 4370 165 4422 τῶν
198 4366 622 4439 ἀναϐεϐηκότων
652 4366 915 4437 διάπυρος
938 4364 1110 4435 πόθῳσ
1131 4365 1224 4417 καὶ
1247 4365 1346 4436 τῆς
1378 4365 1501 4418 καθ’
1524 4366 1669 4435 ἡμᾶς

68 4460 348 4535 ίεραρχίας
389 4459 450 4511 :6
483 4460 654 4529 ἐγγὺς
688 4460 965 4511 συντεῖνον
997 4456 1211 4520 ἀῦλίας.
1260 4457 1348 4520 Ὠς
1381 4457 1542 4510 πάλιν
1577 4459 1670 4511 ἐπὶ

63 4554 168 4607 τῶν
202 4549 500 4620 αἰσθητῶν,
538 4549 711 4621 πυρὸς
743 4549 804 4601 :6
834 4548 1239 4619 λαμπρότατον,
1264 4550 1359 4601 καὶ
1393 4547 1585 4612 ὓδατος
1607 4549 1670 4602 :6

68 4645 323 4717 ἁχνῶδες,
360 4645 454 4698 καὶ
522 4643 592 4697 τὰ
656 4640 823 4696 λοιπὰ
868 4641 1165 4710 ἀναλόγως.
1218 4640 1670 4712 Παρακελεύεται

1686 2046 1728 2100 Β
1838 2040 1998 2097 Nunc
2036 2047 2265 2111 primum
2302 2043 2513 2113 pariens
2538 2039 2755 2114 Cinyre,
2780 2045 2927 2116 prius
2954 2045 3119 2100 inscia
3141 2056 3351 2112 partus.

1832 2140 1968 2195 Cum
2002 2137 2188 2209 itaque
2220 2140 2478 2204 dixisset.
2514 2142 2663 2211 quod
2693 2154 2871 2209 neque
2905 2155 3214 2195 sermonem
3255 2141 3355 2193 ba-

1766 2234 1921 2290 beret
1989 2248 2167 2302 neque
2220 2241 2575 2304 conceptum,
2633 2234 2682 2288 id
2743 2233 3026 2303 explicans
3073 2232 3171 2297 ait,
3245 2250 3356 2288 ιιοιι

1765 2326 1920 2396 quasi
1981 2324 2133 2379 nullo
2166 2326 2326 2380 modo
2355 2326 2447 2391 sit,
2479 2326 2574 2380 sed
2609 2325 2754 2394 quod
2811 2323 3355 2395 supraessentialiter

1764 2419 2021 2473 onmibus
2058 2416 2373 2479 antecellat.
2396 2430 2452 2473 et
2487 2417 2623 2472 solis
2661 2418 2728 2471 iis
2755 2426 3039 2487 appareat,
3072 2432 3193 2483 quze
3220 2432 3359 2470 cuu-

1764 2522 1880 2573 CIa,
1905 2526 2027 2579 qua:
2055 2511 2294 2580 impura,
2333 2525 2566 2581 quaeque
2603 2522 2735 2580 pura
2768 2517 2913 2567 sunt.
2946 2515 3353 2577 pertranseuut,

1764 2613 1820 2658 et
1869 2605 1964 2673 qui
2023 2619 2242 2659 omnem
2301 2604 2565 2658 verticem
2604 2601 3021 2662 transcendunt,
3065 2600 3363 2669 omniaque

1765 2695 1997 2762 lumina,
2033 2698 2083 2751 id
2118 2706 2204 2750 est
2237 2711 2456 2749 omnem
2512 2692 2817 2755 notionem,
2853 2706 3154 2759 omnesque
3188 2706 3363 2748 sonas-

1765 2804 1831 2843 ac
1859 2802 2165 2855 sermones,
2200 2802 2392 2841 eorum
2448 2785 2706 2839 videlicet
2734 2799 2853 2852 qua:
2886 2785 2953 2840 de
2980 2783 3090 2838 Deo
3123 2782 3176 2837 in
3201 2782 3358 2839 Scri-

1765 2882 1944 2951 pturis
2013 2880 2156 2934 dicta
2221 2888 2370 2943 sunt,
2422 2877 2763 2946 relinquunt.
2805 2874 2974 2931 Vocat
3027 2889 3210 2930 autem
3254 2876 3365 2932 hos

1764 2973 2041 3030 caelestes,
2067 2980 2329 3039 tanquam
2363 2985 2472 3023 non
2502 2970 2800 3024 secundum
2849 2967 3144 3022 humanam
3180 2975 3361 3021 terre-

1766 3080 2001 3133 namque
2024 3060 2467 3131 intelligentiam,
2494 3059 2586 3115 sed
2611 3060 2907 3114 secundum
2931 3058 3167 3113 divinam
3198 3056 3362 3126 inspi-

1768 3158 2059 3220 rationem,
2090 3165 2145 3211 et
2192 3157 2370 3209 dictos
2403 3164 2460 3208 et
2509 3151 2739 3207 traditos
2780 3162 2833 3205 et
2873 3153 3055 3205 ditiua
3095 3150 3182 3204 illa
3211 3151 3363 3219 igno-

1764 3252 1993 3307 ratiouis
2034 3249 2273 3319 caligine
2317 3247 2625 3313 involutos,
2659 3246 2750 3299 ubi
2781 3254 2865 3299 est
2899 3245 2942 3298 is
2977 3243 3069 3313 qui
3107 3242 3363 3297 omnibus

1766 3343 2018 3414 superior
2048 3341 2294 3397 exsistit.
2320 3337 2567 3395 Observa
2596 3353 2749 3403 vero,
2785 3336 3065 3406 quomodo
3094 3335 3255 3391 dixit:
3290 3332 3364 3390 lis

1769 3440 1861 3509 qui
1901 3449 2006 3492 tam
2040 3438 2254 3506 impura
2275 3449 2439 3505 quam
2471 3448 2605 3503 pura
2637 3440 3067 3502 pertranseunt;
3102 3428 3363 3498 quoniam

1772 3532 1862 3586 illa
1894 3532 2060 3585 etiam
2088 3546 2207 3598 quae
2240 3528 2381 3597 apud
2414 3540 2513 3581 nos
2568 3534 2703 3595 pura
2739 3532 2889 3589 sunt,
2915 3537 3039 3577 cum
3068 3521 3249 3575 divina
3275 3519 3366 3575 itla

1771 3625 2012 3695 puritate
2059 3630 2398 3691 comparata,
2464 3615 2745 3673 immunda
2806 3623 3153 3685 reputautur,
3205 3611 3367 3681 juxta

1769 3717 1917 3786 quod
1968 3715 2176 3768 dictum
2235 3721 2372 3768 est:
2438 3708 2629 3763 Omnis
2669 3707 2885 3777 justitia
2933 3705 3157 3758 hominis
3211 3702 3366 3772 quasi

1770 3823 1979 3875 pannus
2049 3812 2393 3858 menstruam:
2425 3808 2473 3865 ο,
2533 3816 2657 3854 cum
2696 3798 2881 3852 divina
2934 3796 3158 3850 omnino
3204 3794 3368 3858 justi-

1774 3901 1847 3953 tia
1900 3905 2241 3966 comparata,
2284 3892 2443 3960 cujus
2508 3906 2617 3946 non
2661 3899 2747 3944 est
2808 3902 3090 3942 numerus.
3121 3884 3365 3940 Observa

1771 3992 1901 4048 item
1950 3990 2082 4044 illud
2124 4001 2139 4040 :
2191 3985 2294 4053 Qui
2347 3999 2564 4039 omnem
2623 3981 2882 4036 verticem
2929 3981 3362 4041 transcendunt.

1773 4101 1898 4140 cum
1927 4080 2231 4140 sensilium,
2260 4088 2371 4130 tum
2399 4072 2824 4137 intellectilitnn,
2858 4088 2960 4125 non
3020 4071 3196 4126 solum
3228 4084 3368 4137 quo-

1772 4174 2063 4229 damtnodo
2086 4187 2171 4225 res
2195 4170 2368 4240 ipsas,
2387 4183 2577 4223 verum
2602 4165 2767 4220 etiam
2790 4180 2976 4217 earnm
3000 4161 3364 4217 summitates.

1774 4265 2130 4320 Sutnmitates
2146 4261 2291 4317 enim
2313 4270 2521 4313 veteres
2534 4254 2880 4326 appellabant
2900 4256 2949 4309 id
2966 4256 3108 4324 quod
3130 4254 3182 4307 in
3202 4253 3371 4323 quali-

1773 4361 1863 4415 bet
1885 4357 2124 4413 essentia
2158 4354 2508 4424 pttrissimttttt
2533 4348 2773 4415 exsistit,
2805 4364 2871 4403 ex
2898 4363 3006 4416 quo
3030 4347 3249 4403 assidue
3272 4362 3367 4401 seu

1776 4452 2121 4508 continenter
2152 4446 2392 4502 essentia
2432 4444 2757 4515 dependeat.
2780 4442 2873 4498 Sic
2923 4442 3122 4496 animte
3180 4451 3367 4494 vertex

1777 4562 1874 4603 seu
1904 4544 2192 4600 summitas
2226 4550 2307 4597 est
2341 4555 2515 4601 mens,
2540 4546 2597 4592 et
2627 4536 2853 4601 amoris,
2882 4536 2977 4604 qui
3003 4547 3367 4603 supernorum

1780 4635 2059 4694 desiderio
2105 4632 2497 4698 succenditur;
2555 4638 2609 4684 et
2650 4638 2854 4683 nostra:
2913 4624 3261 4689 ltierarcbite,
3318 4622 3369 4675 id

65 4736 352 4807 τοιγαροῦν
384 4738 412 4789 6
444 4736 602 4805 λόγος
651 4736 746 4788 καὶ
778 4733 963 4787 αὐτῶν
993 4732 1105 4786 τῶν
1137 4734 1311 4801 ἁγίων
1351 4734 1622 4806 ἁκροτήτο

1832 4732 1925 4787 sud
1981 4729 2227 4801 proxime
2264 4728 2499 4780 intendit
2540 4720 3083 4778 imtnaterialitatem.
3114 4717 3206 4772 Sic
3248 4730 3374 4770 rur-

68 4834 163 4903 την
208 4830 473 4885 ἀνάϐασιν
535 4827 860 4901 ὑπερϐῆναι,
895 4827 990 4881 καὶ
1030 4825 1173 4879 οὕτω
1214 4826 1540 4879 καταλαϐεῖν
1572 4825 1663 4880 τὸν

68 4926 227 4979 τόπον
261 4925 319 4976 ἐν
356 4917 401 4993 ᾧ
432 4923 646 4991 όιθεὸς,
681 4921 709 4974 ὂ
756 4923 851 4975 καὶ
883 4923 977 4974 ἐπὶ
1009 4921 1292 4985 Μωῦσέως
1322 4920 1535 4989 γέγονε.
1562 4921 1667 4989 Ση-

77 5018 295 5088 μείωσαι
328 5014 427 5088 τὴν
449 5014 605 5080 τάξιν
628 5013 736 5067 τῶν
757 5013 1120 5068 τελεσθέντων
1152 5016 1243 5066 ἐπὶ
1276 5015 1505 5084 Μωῦσῇ,
1536 5012 1667 5084 πρὶν

74 5109 363 5178 ἀξιωθῆναι
398 5109 478 5172 εἰς
539 5108 633 5160 τὸν
679 5107 882 5177 γνόφον
946 5106 1228 5161 είσελθεῐν.
1282 5106 1507 5178 Πρῶτον
1559 5104 1668 5175 γὰρ

77 5202 446 5274 ἀπεκαθάρθη,
481 5202 575 5255 καὶ
607 5200 750 5254 οὕτω
781 5201 889 5255 τῶν
920 5201 1096 5255 ἄλλων
1128 5199 1438 5270 ἀφωρίσθη.
1469 5197 1607 5252 Μεθ’
1641 5197 1671 5251 ὃ

79 5293 179 5365 γὰρ
224 5290 362 5363 μετά
393 5291 503 5343 τῶν
564 5290 741 5345 ἄλλων
785 5290 895 5343 τῶν
960 5291 1278 5359 σαλπίγγων
1312 5290 1539 5360 ἀκήκοε,
1578 5288 1670 5342 καὶ

79 5384 142 5438 τὰ
178 5385 297 5437 θεῖα
344 5382 498 5452 φῶτα
537 5383 811 5446 κατεῖδεν,
847 5382 1186 5454 ἀφορίζεται,
1220 5382 1314 5436 καὶ
1366 5380 1505 5454 μετά
1564 5381 1673 5434 τῶν

84 5476 262 5547 ἱερέων
289 5476 533 5529 ἵσταται·
563 5475 658 5529 καὶ
692 5477 771 5539 εἰς
801 5476 894 5528 τὸν
938 5476 1079 5529 θεῖον
1119 5475 1317 5545 γνόφον
1349 5474 1550 5537 εἰσδὺς,
1583 5473 1674 5527 τὸν

82 5568 200 5623 Θεὸν
222 5569 319 5641 μὲν
339 5568 437 5638 οὐχ
463 5569 587 5640 ὁρᾷ,
612 5566 783 5639 (Θεὸν
797 5567 909 5639 γὰρ
927 5567 1126 5633 οὐδεὶς
1143 5566 1363 5635 ἑώρακε
1390 5563 1671 5635 πώποτε),

84 5660 165 5713 τὸν
195 5660 356 5715 τόπον
380 5660 438 5713 δὲ
465 5660 522 5711 ἐν
553 5653 597 5728 ᾧ
623 5659 775 5731 ἕστηο
814 5658 871 5725 ἐξ
900 5652 960 5713 οὗ
992 5660 1270 5732 δηλοῦται,
1290 5659 1357 5713 τὰ
1384 5658 1492 5716 τῶν
1524 5676 1672 5713 vom).-

160 5852 183 5879 '
217 5816 337 5903 lsiai.
373 5857 522 5907 ιλιι,
557 5839 611 5896 6.

1776 4840 1898 4882 sum
1932 4822 1984 4876 in
2014 4817 2328 4880 sensilibus,
2382 4816 2545 4887 ignis.
2582 4815 2632 4867 id
2664 4812 2808 4882 quod
2846 4809 3278 4871 lucidissimum;
3317 4815 3374 4861 et

1774 4931 1950 4986 aquae,
1988 4913 2037 4967 id
2073 4910 2218 4980 quod
2264 4908 2648 4963 tenuissimum
2693 4910 2799 4967 est,
2830 4910 2885 4953 et
2912 4909 3112 4955 caetera
3148 4913 3375 4967 propor-

1778 5010 1926 5064 tione
1976 5020 2096 5059 sua.
2134 5000 2401 5055 Hortatur
2445 4997 2633 5063 itaque
2677 4994 2764 5046 bie
2810 5006 3013 5055 sermo,
3052 4996 3371 5042 sanctorum

1777 5112 1994 5171 quoque
2047 5093 2310 5149 verticutu
2341 5102 2632 5142 ascensum
2677 5097 2965 5154 superare,
2992 5090 3047 5134 et
3080 5080 3162 5134 sic
3194 5080 3374 5132 locum

1783 5170 2196 5263 apprehendere
2219 5185 2269 5237 iu
2300 5197 2408 5251 quo
2439 5190 2522 5235 est
2548 5178 2710 5240 Deus.
2744 5176 2796 5231 id
2827 5176 2970 5245 quod
3003 5173 3171 5226 etiam
3200 5170 3376 5241 Moysi

1778 5281 1998 5337 aet-idit.
2061 5277 2201 5332 Nota
2263 5274 2508 5327 ordinem
2578 5285 2766 5325 eorum
2832 5284 2951 5338 qua:
3000 5264 3177 5336 Moysi
3236 5279 3372 5318 con-

1781 5376 2043 5445 tigerunt,
2082 5369 2400 5441 priusquam
2468 5363 2672 5435 dignus
2724 5371 2809 5417 est
2864 5360 3080 5415 babitus
3132 5359 3184 5411 in
3231 5356 3374 5412 cali-

1778 5470 1961 5538 ginem
2012 5462 2242 5535 ingredi.
2290 5461 2531 5515 Primum
2582 5459 2726 5512 enim
2779 5457 3032 5525 expiatus
3064 5452 3184 5515 fuit,
3213 5461 3262 5507 et
3296 5449 3377 5509 sit.

1778 5566 1850 5620 ab
1897 5562 2022 5615 aliis
2054 5564 2402 5627 segregatus.
2436 5552 2602 5625 556
2632 5550 2735 5608 Ubi
2770 5551 2913 5606 enim
2957 5563 3064 5603 una
3090 5560 3213 5601 cum
3248 5544 3373 5600 aliis

1782 5659 1940 5713 tubas
1985 5652 2305 5719 audivisset,
2340 5658 2394 5707 et
2424 5648 2611 5705 divina
2638 5642 2842 5702 lutuina
2890 5641 3151 5710 vidisset,
3179 5650 3373 5709 segre-
