3772 6342
114 286 117 289 ’
157 309 301 364 toea

703 304 795 363 DE
830 304 1135 363 MYSTICA
1169 304 1581 371 THEOLOGIA,
1617 302 1773 360 CAP.
1812 303 1875 361 Il.
1909 335 1941 345 ν
2008 300 2355 359 PABAPH‘R.
2407 294 2882 356 PACHYMEBE.

3276 298 3417 357 £050

154 426 289 495 παρ’
324 423 491 477 αὐτοῦ
538 421 926 493 ὲλλάμπεσθαι.
961 413 1186 494 Ἢέγάρ
1233 423 1353 493 οὐχὶ
1384 423 1478 476 καὶ
1509 422 1643 475 ένταὶ

1924 419 2104 474 limam
2130 419 2213 473 sui
2244 425 2452 487 partem
2475 414 2649 477 unita,
2699 421 2898 467 statum
2940 410 3339 481 quodammodo
3366 433 3413 471 c.

154 517 250 571 ἐπὶ
282 514 388 586 τῆς
431 514 707 585 ἡμετέρας
751 514 993 585 ὁράσεως
1036 515 1294 586 ἀμυδρῶς
1346 532 1463 578 πως
1509 515 1743 567 τελεῖται

148 608 351 669 τοῦτο,
405 606 494 659 ὅτε
539 606 645 658 τινὶ
690 606 1218 678 προκατειλημμένοι
1266 607 1433 677 πόθῳ,
1488 606 1581 659 καὶ
1617 606 1743 659 ἰδεῖν

151 699 285 752 αὐτὸ
320 698 619 768 ἐφιέμενοι,
665 697 861 769 αἴφνης
909 700 1224 762 ἐπιστάντος
1255 698 1348 752 τοῦ
1384 698 1740 769 ποθουμένου,

148 791 183 860 ἡ
220 789 471 860 ἡμετέρα
506 790 599 841 ἐπὶ
629 788 801 858 τούτῳ
835 790 1124 857 συνάγεται
1156 790 1366 860 ὅρασις,
1402 790 1462 841 οὐ
1500 786 1741 860 μερικῶς

150 879 478 952 ὲνεργοῦσα,
532 878 644 932 ἀλλ’
694 880 909 944 ὑλικῶς,
958 882 1053 934 καὶ
1113 882 1251 934 κατά
1296 880 1452 933 τοῦτο
1497 880 1740 950 ἀκινητί-

151 971 365 1035 Coum;
408 970 658 1034 πολλάκις
689 970 745 1024 δὲ
778 970 870 1023 καί
901 987 1045 1033 τινες
1074 973 1140 1041 τῇ
1180 971 1282 1043 ἰδία
1315 972 1456 1042 χειρὶ
1488 970 1742 1041 καταψῶ-

152 1078 205 1113 σι
238 1065 371 1126 τοὺς
403 1062 734 1132 ὀφθαλμοὺς,
767 1062 829 1114 ἰδ
859 1062 1111 1133 ὁρατικὸν
1141 1062 1338 1115 ὡσανεὶ
1367 1062 1735 1132 διεγείροντες.

152 1156 225 1206 ’Ἡ
265 1152 433 1206 πόθεν
466 1154 519 1205 αί
553 1152 837 1214 ἐκστάσεις
883 1151 976 1203 καὶ
1023 1148 1333 1220 ὲκπλήξεις,
1369 1152 1416 1202 εί
1452 1149 1524 1221 μὴ
1557 1150 1586 1200 6
1616 1149 1740 1212 νοῦς

149 1245 498 1315 συμπάσχων
542 1246 654 1307 τοῖς
700 1242 896 1309 ἔξωθεν
929 1245 1007 1306 είς
1039 1242 1229 1295 ἑαυτὸν
1272 1241 1466 1304 ὑλικῶς
1517 1238 1740 1311 συστρέ-

148 1351 330 1402 φεται,
369 1335 466 1387 καὶ
497 1333 596 1396 τὰς
634 1332 863 1404 μερικάς
894 1334 1109 1404 νοήσεις
1157 1331 1511 1401 ἀποθέμενος,
1545 1329 1737 1393 ὑλικῶς

146 1427 457 1498 ἀκινητίζει
507 1425 644 1498 πρὸς
687 1425 765 1497 τῷ
817 1426 1099 1497 πράγματι
1145 1425 1264 1486 ὅλος
1298 1423 1611 1493 γινόμενοςς
1645 1421 1739 1474 καὶ

145 1516 234 1569 διὰ
266 1516 428 1569 τοῦτο
461 1514 766 1586 ἐξεστηκὼς
797 1516 825 1567 6
858 1515 1140 1586 ἄνθρωπος
1186 1514 1459 1583 φαίνεται.
1507 1514 1597 1565 Δεῖ
1628 1510 1738 1583 γὰρ

145 1609 371 1671 εἰδέναι,
419 1610 502 1662 ὅτι
553 1608 775 1679 μίμημα
818 1606 912 1660 τοῦ
962 1607 1161 1670 παντὸς
1208 1609 1237 1660 ὑ
1270 1605 1393 1669 νοῦς
1440 1605 1615 1676 φέρει.
1665 1604 1739 1656 T6

146 1701 279 1768 γοῦν
315 1703 427 1755 πᾶν
460 1700 600 1753 κατά
632 1699 701 1752 τὰ
738 1699 876 1770 μέρη
912 1697 1229 1769 κινούμενόν
1264 1700 1411 1751 ἐστιν
1444 1700 1503 1751 ὲν
1534 1696 1611 1768 τῷ
1642 1696 1737 1751 νῦν

1847 511 2280 565 immobilitatem
2311 509 2590 572 obtinens.
2617 507 2745 562 dum
2799 505 2869 560 ab
2927 503 3045 574 ipso
3090 502 3414 557 illustratur.

1846 600 2094 670 Nunquid
2120 602 2264 655 enim
2289 599 2448 654 etiam
2482 599 2568 653 hic
2598 599 2651 653 in
2683 607 2867 652 nostra
2912 596 3120 650 visione
3168 595 3270 650 hoc
3319 595 3413 649 ob-

1843 707 1999 747 scure
2034 692 2434 762 quodammodo
2461 690 2624 761 560
2656 691 2733 757 lit,
2772 688 3013 759 quando,
3043 688 3224 756 aliquo
3269 685 3418 740 desi-

1845 785 1998 839 derio
2036 783 2422 853 praeoccupati,
2463 794 2517 836 ct
2558 784 2611 836 id
2667 782 2841 850 ipsmn
2889 781 3068 833 videre
3105 778 3417 848 gestientes,

1844 890 1904 930 re
1931 876 2241 929 desiderata
2282 875 2395 943 jam
2433 885 2721 944 praesente.
2765 873 2911 927 illico
2958 884 3144 926 nostra
3187 872 3321 925 visio
3360 870 3412 923 in

1841 967 1956 1037 ipsa
1990 967 2280 1037 colligitur,
2316 982 2419 1020 non
2453 967 2758 1036 partialiter
2787 965 2879 1019 sed
2915 964 3152 1019 totaliter
3182 968 3413 1025 intenta,

1841 1070 2005 1129 atque
2036 1062 2171 1115 adeo
2204 1061 2422 1114 immota
2448 1058 2629 1125 ?Quin
2661 1059 2824 1113 etiam
2873 1070 3244 1126 smpenumero
3273 1069 3414 1106 non-

1843 1151 1971 1203 nulli
2017 1166 2178 1204 manu
2206 1164 2302 1203 sua
2342 1150 2529 1203 oculos
2554 1152 2865 1212 obstruunt,
2898 1146 3111 1200 videndi
3147 1145 3251 1197 vim
3280 1158 3414 1213 quo-

1840 1243 2127 1297 dammodo
2159 1243 2484 1300 excitantes.
2535 1242 2690 1297 Unde
2739 1241 2902 1295 etiam
2953 1248 3195 1293 exstascs
3221 1247 3415 1291 ctstn-

1840 1350 2021 1405 porcs,
2059 1335 2162 1387 nisi
2188 1335 2331 1404 quod
2364 1352 2514 1388 mens
2555 1335 2893 1388 extrinsecus
2924 1332 3204 1391 deﬁciens,
3243 1330 3293 1382 in
3318 1344 3407 1381 se-

1804 1454 1809 1457 »
1841 1428 2121 1497 metipsnn
2144 1436 2251 1481 tota
2277 1427 2634 1490 convertitur,
2652 1434 2704 1479 ct
2729 1423 2986 1493 partiales
3014 1422 3411 1476 intcliectzoucs

1840 1517 2117 1577 deserens.
2178 1517 2418 1570 letaliter
2456 1517 2715 1586 quiescit,
2751 1517 2801 1568 in
2852 1530 2963 1569 rem
3011 1526 3247 1567 atnatam
3298 1523 3408 1567 tota

1842 1608 2139 1661 translata?
2169 1610 2308 1661 unde
2356 1607 2519 1663 etiam
2565 1608 2725 1661 homo
2757 1607 2967 1661 videtur
2999 1615 3141 1659 totus
3170 1618 3320 1657 extra.
3351 1620 3410 1659 se

1838 1701 2069 1769 positus.
2124 1700 2417 1753 Sciendum
2453 1700 2620 1762 enim,
2670 1710 2906 1753 mentem
2957 1698 3196 1752 universi
3251 1695 3409 1763 hujus

146 1792 428 1862 γενέσθαι,
482 1791 642 1862 τυχὸν
689 1789 846 1843 τοῦτο
889 1790 950 1842 16
1003 1790 1165 1861 μέρος
1198 1793 1254 1843 ὲν
1286 1792 1352 1860 τῇ
1397 1789 1566 1855 δύσει,
1600 1792 1635 1844 ὄλ

1926 1789 2240 1843 iilitudinem
2267 1804 2376 1858 pra:
2402 1798 2461 1844 'se
2492 1790 2654 1844 ferre.
2686 1789 2963 1859 Siquidem
2997 1788 3304 1840 universum
3331 1800 3412 1839 se-

146 1884 254 1955 πρδ
287 1881 384 1934 τοῦ
419 1881 560 1934 κατὰ
591 1881 690 1952 τὴν
722 1880 982 1953 ἀνατολὴν
1025 1877 1114 1952 ἦν,
1163 1882 1258 1934 καὶ
1307 1880 1434 1933 ἀλλο
1466 1881 1694 1953 ἀλλαχοῦ
1718 1898 1731 1914 ⁸

141 1976 241 2028 καὶ
274 1973 454 2036 οὕτως
488 1974 580 2025 ἐπὶ
614 1974 745 2026 πᾶσι
778 1976 894 2037 τοῖς
932 1973 1141 2045 μέρεσι,
1178 1973 1298 2027 καθ’
1332 1975 1398 2043 ἣν
1429 1974 1491 2045 δὴ
1524 1976 1616 2028 καὶ
1648 1993 1734 2028 κι-

145 2068 360 2121 νεῖσθαι
395 2068 424 2118 ὑ
458 2065 687 2137 οὐρανὸς
735 2064 971 2133 λέγεται,
1020 2066 1161 2119 κατά
1192 2066 1249 2119 δὲ
1280 2066 1340 2118 16
1371 2066 1491 2119 ὅλον
1541 2067 1734 2138 ἀκίνη-

140 2176 237 2222 τος
276 2158 429 2229 μένει
463 2159 522 2210 ὲν
554 2156 751 2227 ἐαυτῷ,
805 2158 880 2219 ὡς
926 2158 983 2209 ὲν
1021 2156 1133 2227 ἰδίῳ
1166 2157 1315 2228 τόπῳ
1349 2157 1731 2229 στρεφόμενος.

141 2250 245 2304 Διά
279 2249 443 2302 τοῦτο
474 2250 568 2303 καὶ
597 2249 688 2303 16v
720 2249 843 2302 νοῦν
877 2249 1155 2319 ἐλέγομεν,
1202 2250 1300 2314 τὰς
1350 2250 1580 2321 μερικὰς
1611 2253 1736 2323 νοή-

145 2360 263 2407 σεις
298 2341 711 2411 ἀποτιθέμενον,
756 2340 951 2404 ὑλικῶς
996 2341 1347 2412 ἀκινητίζειν.
1384 2343 1447 2395 El
1480 2342 1610 2410 γοῦν
1643 2342 1735 2396 ἐπὶ

143 2437 257 2497 τοῖς
309 2433 441 2505 παρ’
476 2435 607 2504 ἡμῖν
653 2432 843 2496 οὕτως,
878 2432 928 2484 τί
961 2433 1025 2485 ἂν
1069 2451 1151 2496 τις
1202 2434 1333 2503 φαίη
1381 2436 1468 2487 ἐπ’
1520 2435 1735 2505 ἐκείνης

140 2526 246 2595 τῆς
294 2523 447 2587 θείας
494 2523 774 2592 καλλονῆς,
822 2524 916 2577 καὶ
966 2524 1105 2595 ὑπὲρ
1149 2523 1177 2576 ὃ
1209 2524 1351 2577 εἴποι
1397 2543 1479 2587 τις
1522 2524 1588 2578 ἂν
1640 2526 1735 2577 καὶ

140 2620 330 2689 νοήσοι
356 2635 370 2684 ;
420 2617 713 2686 Ἀνάγνωθι
747 2620 825 2681 εἰς
856 2616 1013 2670 τοῦτο
1046 2619 1138 2671 καὶ
1169 2617 1267 2688 τὴν
1291 2618 1424 2689 πρὸς
1457 2618 1733 2690 Δωρόθεον

142 2708 444 2779 ἐπιστολὴν
473 2707 567 2760 τοῦ
600 2708 778 2777 ἀγίου,
817 2710 890 2769 ὡς
922 2707 985 2760 ἂν
1025 2707 1204 2772 ποσῶς
1239 2709 1600 2781 σαφηνισθείη
1630 2726 1730 2773 σοι,

142 2799 228 2864 τίς
263 2801 358 2854 καὶ
390 2798 550 2853 ὁποία
583 2799 783 2870 ἐστὶνὴ
817 2801 875 2852 ὲν
898 2800 1139 2871 ἀγνωσία
1171 2800 1390 2869 γνῶσις.
1427 2801 1597 2854 Τοῦτο
1623 2802 1734 2875 γάρ

143 2893 267 2943 ἐστι
298 2890 363 2942 16
396 2890 568 2953 ὄντως
604 2891 751 2955 ἰδεῖν,
786 2891 846 2943 16
881 2890 954 2962 μὴ
996 2892 1123 2945 ἰδεῖν
1146 2908 1159 2922 °
1197 2894 1289 2946 καὶ
1327 2893 1388 2945 τὸ
1420 2893 1638 2961 γνῶναι,
1672 2894 1734 2947 τὸ

146 2984 222 3055 μὴ
257 2983 488 3052 γνῶναι,
525 2983 618 3036 καὶ
649 2982 791 3036 οὕτω
822 2984 913 3037 τὸν
941 2984 1265 3056 ὑπερούσιον
1284 2986 1632 3057 καταλλήλως
1662 2990 1729 3059 τῇ

144 3072 313 3127 αὐτοῦ
377 3073 792 3145 ὑπερουσιὺτητι
842 3075 1102 3145 ὑμνῆσαι.
1158 3075 1316 3140 Πῶς;
1365 3079 1430 3129 ἐκ
1476 3076 1577 3146 τῆς
1623 3078 1731 3130 τῶν

1836 1884 2075 1936 cundum
2108 1890 2289 1951 partes
2316 1893 2564 1935 movetur
2598 1883 2651 1936 in
2687 1895 2753 1934 eo
2783 1880 2925 1950 quod
2957 1894 3097 1933 nunc
3134 1878 3213 1940 lit,
3245 1878 3318 1930 ita
3352 1885 3412 1930 nt

1836 1986 1889 2026 ν.
1913 1988 1965 2042 g.
1996 1986 2123 2039 pars
2154 1971 2242 2025 illa
2264 1972 2337 2026 sit
2366 1973 2418 2027 in
2451 1971 2765 2038 Occidente,
2797 1987 2919 2043 qua:
2946 1980 3101 2025 antea
3130 1970 3182 2023 in
3217 1968 3382 2023 Orien

1802 2098 1807 2101 τ
1838 2074 1909 2127 te,
1942 2073 1997 2117 et
2039 2064 2147 2117 alia
2190 2064 2317 2118 alibi
2348 2080 2364 2130 ;
2401 2076 2455 2120 et
2500 2067 2581 2119 sic
2607 2066 2675 2121 de
2712 2066 2966 2118 omnibus
3016 2060 3288 2131 partibus,
3318 2075 3410 2115 se-

1838 2157 2074 2210 cundum
2103 2172 2239 2225 quas
2265 2158 2453 2227 utique
2483 2156 2688 2210 moveri
2720 2170 2934 2225 quoque
2969 2154 3165 2208 caelum
3187 2151 3408 2215 dicitur,

1836 2248 2098 2316 quoniam
2160 2251 2459 2303 secundum
2493 2264 2553 2303 se
2584 2258 2752 2303 totum
2804 2246 3082 2300 immobile
3131 2250 3311 2297 manet
3354 2241 3408 2293 in

1836 2338 2037 2408 seipse,
2074 2350 2329 2409 tanquam
2369 2343 2419 2394 iu
2447 2342 2669 2411 proprio
2696 2340 2814 2393 loco
2830 2354 3176 2393 conversum.
3202 2338 3409 2408 Idcirco

1836 2430 1999 2484 etiam
2049 2431 2361 2486 dicebamus
2407 2441 2663 2497 mentem,
2711 2431 3031 2501 partialibus
3087 2432 3411 2486 intellectio-

1834 2524 1995 2579 nibus
2016 2526 2292 2594 sepositis,
2327 2525 2568 2579 totaliter
2594 2526 2896 2595 quiescere.
2930 2524 3063 2580 Cum
3102 2524 3204 2579 hoc
3230 2527 3413 2595 itaque

1834 2615 1889 2669 in
1915 2615 2076 2669 rebus
2101 2615 2304 2670 nostris
2336 2616 2419 2669 sic
2440 2631 2500 2669 se
2526 2615 2744 2680 habeat,
2789 2615 2916 2685 quid
2966 2615 3166 2670 dixerit
3191 2617 3314 2685 quis
3344 2618 3410 2671 de

1833 2706 2019 2761 divina
2054 2707 2153 2761 ista
2180 2707 2609 2776 pulchritudine,
2649 2724 2811 2776 quam
2838 2724 2935 2762 nec
2957 2708 3108 2763 οσαιὶ
3136 2724 3232 2763 nec
3264 2725 3410 2763 men-

1836 2807 1888 2853 te
1909 2798 2194 2867 concipere
2247 2801 2534 2867 quisquam
2585 2798 2974 2871 potest2Lege
3032 2802 3195 2856 etiam
3248 2816 3411 2870 super

1835 2888 1936 2944 hac
1966 2905 2025 2944 re
2053 2890 2341 2958 epistolam
2406 2889 2563 2957 lmjns
2610 2891 2786 2944 sancti
2834 2891 2901 2944 ad
2951 2892 3310 2962 Dorotheum,
3352 2904 3412 2949 ut

1834 2981 2019 3049 aliquo
2077 2983 2237 3034 modo
2282 2981 2373 3034 tibi
2411 2981 2737 3045 declaretur,
2767 2998 2886 3050 qua:
2924 2994 2977 3035 et
3009 2983 3187 3051 qualis
3220 2987 3411 3054 cogni-

1840 3077 1913 3125 tio
1978 3073 2049 3126 sit
2083 3074 2181 3126 ista
2230 3075 2520 3141 ignoratio.
2559 3074 2694 3127 Illud
2738 3075 2883 3129 enim
2911 3090 3015 3128 non
3046 3075 3247 3141 videre,
3279 3090 3407 3130 vere

142 3167 405 3219 ἁπάντων
470 3166 847 3237 ἀφαιρέσεως.
903 3167 994 3238 Μὴ
1046 3167 1156 3239 γὰρ
1221 3168 1435 3238 ἔχοντες
1499 3168 1631 3222 θετιι

1942 3165 2160 3228 videre;
2188 3176 2238 3219 et
2266 3166 2404 3218 istud
2440 3166 2708 3234 ignorare,
2744 3178 2868 3219 vere
2921 3172 3005 3218 est
3035 3180 3212 3230 nosse,
3244 3174 3408 3235 atque

144 3258 269 3311 κατ’
302 3257 463 3322 ἀξίαν
493 3259 684 3321 εἰπεῖν,
718 3257 804 3310 διὰ
835 3258 897 3311 16
933 3258 1098 3328 μηδὲν
1130 3258 1238 3312 τῶν
1272 3260 1530 3313 ἁπάντων
1559 3276 1729 3332 προσ-

144 3349 283 3419 φυὲς
328 3347 477 3418 αὐτῷ
532 3351 730 3402 ἐννοεῖν
786 3351 1063 3422 ὑμνοῦμεν
1119 3351 1179 3418 ἐξ
1232 3351 1571 3425 ἀφαιρέσεως
1623 3352 1731 3407 τῶν

144 3440 429 3503 ἁπάντων,
449 3441 543 3492 καὶ
570 3440 829 3511 ποιοῦμεν
858 3444 996 3514 ὅπερ
1030 3443 1240 3496 ποιοῦσι
1270 3445 1363 3497 καὶ
1390 3447 1438 3497 οἱ
1466 3444 1730 3513 αὐτοφυὲς

143 3531 374 3602 ἄγαλμα
416 3530 831 3600 διαγλῦφοντες·
879 3536 1074 3587 ἐκεῖνοι
1119 3535 1252 3606 γάρ,
1296 3535 1636 3606 ἐξαιροῦντες
1663 3535 1731 3588 τὰ

145 3622 400 3692 περιττὰ,
445 3621 574 3674 αὐτὸ
615 3624 701 3690 ἐφ’
745 3623 934 3676 ἑαυτοῦ
978 3625 1037 3677 16
1070 3626 1557 3698 ἀποκεκρυμμένον
1599 3629 1730 3681 ἀνα-

145 3712 400 3781 φαίνουσι
430 3711 642 3774 κάλλος.
662 3713 935 3781 Αὐτοφυὲς
964 3715 1073 3786 γάρ
1114 3716 1332 3786 ἄγαλμά
1374 3734 1558 3788 φησιν,
1590 3718 1618 3770 ὃ
1645 3719 1731 3786 γί-

139 3816 296 3852 νεται
327 3802 387 3852 ὲν
416 3799 515 3873 ῦλῃ
538 3802 787 3873 ἀτμὴτῳ,
818 3798 932 3856 οἷον
962 3806 1018 3855 ὲν
1066 3804 1240 3876 πέτρα
1271 3805 1573 3876 ὁλοκλήρῳ,
1610 3808 1669 3859 ὲν

142 3908 231 3954 τις
270 3890 497 3960 γλύψειέ
539 3909 590 3943 τι
637 3892 844 3957 ζώδιον,
890 3893 965 3957 ὡς
1010 3894 1159 3964 δηλοῖ
1190 3895 1285 3947 καὶ
1329 3896 1626 3966 Εὐριπίδης
1670 3898 1732 3949 ἐν

158 3982 575 4055 Ἀνδρομέδᾳθθ,
620 3984 720 4048 Ἐξ
760 3988 1137 4056 αὐτομόρφου
1176 3988 1402 4041 λαΐνων
1430 3987 1731 4058 τειχισμά-

144 4092 268 4128 των
310 4074 512 4144 σοφῆς
566 4075 804 4146 ἄγαλμα
845 4078 1063 4146 χειρὸς,
1107 4077 1299 4146 λέγων.
1345 4080 1734 4147 Αὐτόμορφον

145 4169 259 4239 γὰρ
302 4167 542 4236 ἄγαλμα
572 4167 634 4220 16
672 4168 771 4239 τῆς
814 4169 1017 4241 πέτρας
1049 4171 1311 4238 αὐτοφυὲς
1344 4167 1516 4224 εἶπεν.
1574 4172 1733 4227 Ἀλλά

146 4261 245 4314 καὶ
277 4260 406 4312 ὅταν
442 4258 605 4330 μέρος
649 4276 732 4323 τις
762 4259 975 4333 δένδρου
1009 4261 1218 4331 γλύψας
1255 4262 1489 4326 ἑστῶτος
1522 4265 1615 4317 καὶ
1642 4266 1735 4317 ἀν-

144 4351 371 4414 θοῦντος
406 4353 605 4424 ποιήσῃ
632 4369 704 4415 τι,
734 4351 809 4416 ῶς
838 4370 1001 4423 φησιν
1048 4356 1292 4427 Ὄμηρος
1334 4356 1425 4409 τὸν
1477 4357 1734 4412 Ὀδυσσέα

148 4444 395 4515 ποιῆσαι,
430 4444 516 4496 ὅτε
548 4446 606 4497 ἐν
636 4443 835 4517 δένδρῳ
866 4447 1165 4518 κατέστησε
1198 4451 1291 4502 καὶ
1319 4448 1517 4519 ἓγλυψε
1547 4450 1731 4521 κλίνην

144 4536 413 4606 αὐτοφυῆ.
451 4534 630 4588 Ἀλλοι
658 4536 714 4588 δὲ
741 4536 842 4599 τὰς
885 4538 1071 4607 τιμίας
1112 4537 1289 4603 λίθους
1329 4541 1619 4611 ἀγάλματα
1647 4540 1733 4593 λέ-

143 4645 358 4696 γουσιν,
416 4627 542 4699 ὅταν
596 4626 855 4699 δηλαδὴὴ
901 4628 1231 4699 σμάραγδος,
1289 4631 1731 4703 ἀποκαθαρθεῖσα

143 4720 240 4774 τιῦ
272 4717 615 4790 περιέχοντος
657 4718 823 4789 αὐτὴν
871 4718 1102 4789 γεώδους
1149 4722 1241 4773 καὶ
1286 4725 1560 4794 περιττοῦ,
1597 4728 1731 4779 ἀνα-

147 4812 290 4880 φανῇ
340 4807 583 4877 ἄγαλμα,
624 4808 903 4862 τουτέστιν
945 4808 1243 4880 ἀγλάϊσμα.
1298 4813 1547 4867 Μάλιστα
1582 4816 1638 4869 δὲ
1671 4818 1733 4870 16

144 4898 397 4954 τοιοῦτον
430 4897 659 4969 ἁρμόσει
688 4896 766 4968 τῷ
801 4899 1204 4971 προκειμένῳῆ
1236 4901 1297 4954 16
1330 4905 1731 4975 πρότερον.Θέ-

148 5009 265 5056 σεις
297 4991 481 5062 μέντοι
523 4989 661 5042 εἰσὶν
691 4990 791 5042 ὅσα
823 4992 1039 5055 οίκείως
1073 4994 1164 5045 ἐπὶ
1206 4993 1340 5047 Θεοῦ
1381 4995 1595 5065 λέγεται
1623 5001 1651 5052 ὃ
1676 5017 1730 5052 τι

148 5084 318 5147 ἐστὶν,
362 5075 474 5134 οἷον
514 5081 575 5132 16
618 5079 712 5145 ὢν,
759 5082 818 5134 16
864 5081 993 5149 ζῶν,
1036 5084 1098 5137 16
1150 5085 1286 5154 φῶς,
1332 5089 1424 5140 καὶ
1464 5089 1533 5142 τὰ
1575 5091 1726 5146 ἄλλα.

161 5170 509 5241 Ἀφαιρέσεις
535 5169 609 5232 δὲ,
643 5171 744 5223 ὅσα
759 5171 834 5234 ὡς
862 5171 1114 5244 ἀλλότρια
1135 5174 1269 5227 Θεοῦ
1304 5176 1727 5245 ἀποφάσκονται,

148 5257 261 5315 οἷον
294 5262 377 5314 ὅτι
414 5260 476 5311 οὐ
513 5254 671 5330 σῶμα
703 5260 731 5312 6
762 5260 912 5325 Θεὸς,
945 5264 1003 5315 οὐ
1029 5263 1195 5335 ψυχὴ,
1226 5266 1345 5319 οὐδέ
1378 5284 1430 5320 τι
1459 5268 1568 5322 τῶν
1600 5286 1734 5338 γνω-

151 5353 292 5406 στῶν
334 5351 369 5423 ἢ
402 5352 584 5422 νοήσει
628 5351 1061 5407 ὑποπιπτόντων.
1097 5356 1233 5427 Περὶ
1257 5357 1389 5426 γοῦν
1420 5359 1528 5413 τῶν
1551 5362 1728 5415 τοιού-

148 5461 258 5499 των
298 5443 502 5498 θέσεων
540 5442 632 5496 καὶ
676 5442 1016 5515 ἀφαιρέσεων
1044 5448 1072 5499 6
1114 5448 1303 5521 Πατὴρ
1348 5450 1539 5519 λέγων,
1577 5453 1728 5525 εὑρί-

1833 3257 1906 3306 ita
1942 3255 2523 3322 suprasubstantialem
2557 3268 2796 3324 congrue
2846 3269 2943 3323 pro
2967 3270 3063 3309 sua
3092 3255 3399 3324 suprasub—

1830 3344 2187 3399 stantialitate
2213 3345 2545 3400 collaudare.
2579 3345 2861 3412 Quomodo
2892 3345 2996 3400 hoc
3021 3346 3044 3399 ’ἱ
3071 3361 3135 3400 ex
3162 3347 3407 3400 omnium

1830 3438 2122 3493 ablatione.
2156 3439 2290 3492 Cum
2323 3439 2467 3492 enim
2514 3456 2620 3493 non
2660 3440 2931 3508 possimus
2985 3440 3261 3508 quidpiam
3306 3454 3405 3508 po-

1832 3534 1993 3587 sitive
2026 3548 2125 3602 pro
2155 3534 2273 3603 ejus
2301 3534 2569 3600 dignitate
2616 3534 2819 3598 dicere,
2858 3549 2925 3588 eo
2954 3533 3097 3603 quod
3132 3549 3198 3587 ex
3234 3535 3409 3588 Omni-

1833 3625 1933 3678 bus
1966 3627 2128 3679 rebus
2163 3626 2296 3679 nihil
2334 3627 2475 3694 quod
2514 3626 2613 3694 ipsi
2664 3625 2823 3679 aliine
2857 3628 2925 3681 sit
2960 3626 3278 3695 excogitare
3314 3641 3410 3680 va-

1833 3714 2067 3781 leamus,
2105 3716 2443 3770 celebramus
2492 3717 2667 3785 ipsum
2717 3732 2781 3791 ea;
2818 3716 3058 3770 omnium
3109 3715 3406 3782 ablatione,

1834 3805 2088 3874 idemque
2122 3806 2355 3860 facimus
2388 3809 2532 3875 quod
2566 3808 2892 3876 sculptores,
2916 3809 3008 3876 qui
3047 3807 3282 3865 nativam
3309 3807 3409 3863 ali-

1832 3912 1993 3965 quam
2029 3906 2268 3950 statuam
2311 3898 2587 3963 dedolant,
2634 3898 2725 3968 qui
2777 3900 3049 3969 superﬂua
3085 3897 3406 3966 auferendo,

1834 3989 2091 4044 latentem
2143 3992 2194 4043 in
2244 3990 2357 4058 ipsa
2408 3990 2637 4045 formam
2694 3991 3067 4044 manifestam.
3103 3986 3404 4043 Genuinam

1833 4084 1978 4137 enim
2026 4091 2262 4135 statuam
2312 4092 2492 4146 vocat,
2544 4097 2664 4151 quae
2711 4082 2770 4134 [it
2804 4082 2856 4134 in
2892 4081 3117 4135 materia
3154 4095 3258 4134 non
3294 4079 3359 4133 de
3386 4108 3411 4121 -

1832 4184 2001 4235 secta,
2023 4184 2080 4228 ut
2114 4174 2165 4227 in
2202 4174 2374 4241 lapide
2409 4174 2589 4228 adhuc
2617 4174 2850 4241 integro,
2884 4173 2935 4227 in
2972 4189 3079 4243 quo
3113 4173 3236 4242 quis
3257 4172 3404 4227 scul-

1835 4277 1925 4338 pat
1952 4266 2172 4335 aliquod
2209 4266 2621 4331 anitualcnlum,
2658 4276 2717 4318 ut
2750 4264 2993 4318 declarat
3026 4264 3315 4333 Euripides
3350 4264 3404 4318 in

1832 4357 2174 4413 Andromeda
2208 4357 2277 4421 ⁸⁷,
2313 4357 2503 4409 dicens
2536 4372 2550 4408 :
2592 4355 2673 4407 Ea:
2706 4353 2930 4422 lapideis
2985 4355 3200 4424 propria
3250 4364 3408 4407 natu-

1835 4448 1937 4501 rali
1980 4450 2154 4517 forma
2195 4447 2557 4500 constantibus
2582 4488 2583 4491 η
2612 4449 2798 4511 nutris,
2852 4446 3020 4499 docta:
3062 4444 3407 4499 simulacrum

1835 4556 2043 4604 manus,
2082 4556 2203 4593 nam
2238 4539 2578 4609 αὺτὺμορφον
2611 4537 2834 4609 ἄγαλμα
2867 4555 2958 4592 seu
2994 4554 3091 4606 per
3123 4552 3181 4591 se
3215 4538 3410 4591 {orma-

1836 4643 1942 4687 tam
1978 4643 2232 4694 statuam,
2271 4643 2427 4686 vocat
2461 4630 2689 4686 formam
2725 4642 2889 4701 petrae
2921 4630 3405 4700 naturalequuiu

1833 4725 1999 4779 etiam
2034 4725 2251 4794 quando
2284 4725 2407 4792 quis
2450 4732 2660 4791 partem
2711 4723 2925 4776 arboris
2972 4721 3320 4775 tonsistentis
3352 4730 3408 4775 et

1831 4820 2077 4876 ﬂorentis
2124 4819 2492 4888 insculpserit,
2552 4818 2694 4872 sicut
2742 4817 2874 4871 dicit
2924 4815 3192 4869 lloiiierus
3238 4814 3400 4886 561

1840 4910 2088 4981 Ulyssem
2128 4909 2339 4970 fecisse,
2389 4908 2608 4977 quando
2659 4905 2711 4958 in
2758 4904 2956 4958 arbore
3013 4901 3304 4955 constituit
3348 4910 3408 4954 et

1832 5001 2060 5071 sculpsit
2110 5001 2310 5055 lectum
2359 4999 2681 5053 naturalem.
2730 4996 2835 5050 Alii
2870 5011 2996 5050 vero
3031 4994 3297 5064 pretiosos
3329 4993 3406 5048 la-

1832 5095 1985 5162 pides
2019 5104 2216 5149 vocant
2268 5092 2581 5154 simulacra,
2630 5089 2850 5159 quando
2897 5086 3148 5142 videlicet
3195 5100 3404 5140 smara-

1832 5182 1966 5249 gdus
1997 5183 2065 5235 ab
2096 5181 2244 5235 onmi
2300 5180 2529 5232 materia
2583 5178 2825 5233 terrestri
2865 5178 3405 5243 circumjacenteex-
3506 5227 3516 5235 ,

1834 5283 2128 5342 purgatus,
2178 5273 2399 5326 exhibet
2453 5272 2708 5343 ἄγαλμα,
2761 5273 2812 5327 id
2871 5279 2955 5324 est
2999 5268 3277 5339 ἀγλάϊσμα
3307 5282 3404 5321 seu

1833 5367 2173 5436 splendidum
2209 5377 2612 5421 ornamentmn.
2666 5367 2837 5437 Magis
2869 5373 3052 5418 autem
3089 5362 3139 5417 id
3178 5363 3242 5415 ad
3278 5377 3406 5431 pro-

1834 5457 2069 5525 positum
2102 5465 2331 5527 spectat,
2371 5471 2534 5525 quam
2570 5458 2759 5526 prius;
2796 5456 3061 5527 siquidem
3110 5452 3406 5521 positiones

1460 5605 1692 5663 VARUE
1731 5606 2132 5665 LECTIONILS.

309 5760 668 5831 Ἀνδρομάχῃ.
778 5759 1249 5815 “Andromache.
