3772 6328
0 324 5 337 ⁷
107 313 240 367 1037

636 313 724 369 DE
774 314 1073 371 MYSTICA
1104 314 1513 381 τηεοωιπΑ,
1547 317 1699 375 CAP.
1734 319 1822 376 Ill.
1854 350 1924 361 -
1955 320 2295 376 PARAPHR.
2331 322 2797 378 PACHYMERrE.

3172 325 3324 382 1038

0 454 1 459 η
103 424 331 493 μάζεται
356 426 387 479 ὁ
415 425 545 490 Θεὸς
575 431 1097 495 καταφατικῶς,ηκαὶ
1132 432 1227 497 ῶν,
1267 434 1362 487 καὶ
1404 432 1489 497 ζωὲ

1839 438 2047 493 uisione
2089 438 2205 492 sine
2247 454 2489 507 egressu.
2532 439 2586 492 in
2621 439 2762 494 libro
2802 445 2981 492 autem
3027 437 3102 494 De
3132 441 3328 495 diuinis

0 524 1 555 1
100 515 277 583 σοφία,
310 517 404 569 καὶ
430 517 676 587 δύναμις.
714 521 881 573 Πάλιν
922 518 979 574 ὲν
1007 525 1073 591 τῇ
1103 522 1442 591 Συμϐολικῇ
1466 526 1666 575 θεολο-

97 607 212 674 τιίᾳ,
240 607 384 670 τίνες
412 610 465 661 αἱ
493 608 599 661 ἀπὸ
634 609 741 661 τῶν
768 611 1037 679 αἰσθητῶν
1075 612 1429 682 μετωνυμίαι,
1456 613 1547 666 καὶ
1588 611 1668 663 τί-
1714 602 1719 603 ⁷

96 714 188 760 νες
214 699 269 749 αἱ
319 699 543 767 μορφαὶ,
575 697 638 762 ἃς
672 699 1014 770 περιτιθεῖσιν
1054 703 1101 753 oi
1135 703 1403 772 προφῆται
1442 701 1667 771 θεοπρε-

94 786 212 849 πῶς
260 786 338 855 τῷ
386 786 527 857 Θείῳ
551 803 565 817 ⁸
619 787 712 839 καὶ
743 791 869 840 ποῖα
897 788 964 840 τά
1008 790 1278 859 σχήματα,
1316 789 1408 842 καὶ
1450 789 1518 842 τὰ
1571 789 1665 842 τοῦ

96 874 346 945 σώματος
377 876 539 947 μέρη,
568 877 686 929 τίνα
715 879 980 949 πρόσωπα
999 880 1256 950 δηλονότι,
1286 881 1378 934 καὶ
1410 877 1540 955 ὦτα,
1569 885 1663 935 καὶ

92 969 294 1037 χεῖρες,
329 969 422 1019 καὶ
466 967 641 1031 πόδες,
675 969 768 1021 καὶ
801 972 929 1023 ποῖα
967 968 1034 1022 τά
1086 970 1310 1041 ὄργανα,
1343 972 1435 1024 καὶ
1480 972 1663 1033 τᾶλλα,

92 1058 179 1108 ἵνα
214 1054 289 1127 μὴ
316 1056 435 1109 καθ’
468 1057 694 1109 ἕκαστον
739 1056 1004 1129 λέγωμεν,
1049 1059 1085 1113 ἃ
1120 1060 1183 1131 δὴ
1228 1061 1405 1114 πάντα
1442 1062 1499 1127 ἐξ
1528 1063 1665 1115 ἀπο-

91 1144 309 1212 φάσεως
356 1145 631 1213 ὀφείλουσι
674 1146 921 1215 λέγεσθαι
962 1148 1054 1200 ἐπὶ
1099 1148 1252 1201 Θεοῦ.
1308 1151 1491 1219 Ἔχεις
1538 1151 1666 1218 γοῦν

90 1233 399 1302 γινώσκειν,
436 1235 550 1299 πῶς
578 1235 646 1289 τά
694 1237 893 1307 μᾶλλον
923 1237 1269 1310 πορρώτερον
1308 1239 1399 1292 τοῦ
1445 1239 1599 1304 Θεοῦ,
1629 1240 1665 1294 ἃ

90 1326 152 1395 δὴ
181 1325 384 1395 ἔσχατα
410 1325 576 1394 λέγει,
609 1326 1017 1399 πολυλογώτερά
1045 1331 1200 1383 είσιν.
1228 1330 1375 1399 ’Ὀσῳ
1398 1331 1505 1401 γάρ
1530 1332 1665 1382 είσιν

89 1415 336 1467 ἀνοίκεια
361 1414 497 1485 Θεῷ,
540 1417 633 1469 καὶ
678 1417 751 1487 μὴ
781 1420 1141 1489 προσήκοντα,
1187 1418 1424 1488 τοσούτῳ
1457 1418 1663 1471 δέονται

89 1506 263 1573 λόγων
306 1508 387 1569 είς
426 1507 782 1577 παράστασιν,
827 1508 943 1571 πῶς
982 1509 1073 1561 ἐπὶ
1117 1508 1249 1561 Θεοῦ
1292 1507 1661 1580 νοηθήσονται.

88 1597 187 1648 Διά
245 1595 405 1649 τοῦτο
461 1599 516 1649 αἱ
549 1598 889 1666 Θεολογικαὶ
940 1597 1356 1663 ὑποτυπώσεις
1414 1599 1550 1652 κατά
1601 1600 1662 1652 τὸ

2 1754 11 1760 ἢ
87 1688 229 1755 Περὶ
287 1685 407 1740 τῶν
471 1688 643 1741 θείων
704 1688 1004 1757 ὀνομάτων
1053 1688 1359 1760 βραχύτερα
1395 1693 1499 1743 είσι
1560 1691 1661 1761 τῆς

87 1778 469 1847 Συμϐολικῆς
501 1780 833 1848 θεολογίας,
863 1780 944 1831 ὅτι
992 1782 1049 1832 ὲν
1097 1780 1320 1844 ἐκείνοις
1364 1798 1660 1851 καταφατι-

87 1868 197 1931 κῶς
227 1867 508 1937 ἐλέγομεν,
555 1870 615 1921 ὲν
658 1868 754 1939 μὲν
790 1870 909 1932 ταῖς
953 1871 1325 1939 Θεολογικαῖς
1353 1872 1660 1926 ὑποτυπώ-

81 1974 246 2022 σεσι,
283 1960 411 2030 περὶ
442 1954 596 2023 Θεοῦ,
640 1959 746 2051 ὅτιχ
769 1959 956 2029 μονὰς,
979 1961 1060 2014 ὅτι
1101 1962 1288 2033 Τριάς,
1324 1964 1407 2015 ὅτι
1450 1964 1655 2035 Πατὴρ,

83 2049 167 2101 ὅτι
199 2048 354 2111 Υἱὸς,
387 2050 483 2101 καὶ
512 2047 763 2119 Πνεῦμα”
801 2053 857 2103 ὲν
890 2051 946 2103 δὲ
975 2049 1052 2120 τῷ
1078 2052 1213 2119 Περὶ
1244 2054 1413 2105 θείων
1449 2054 1659 2123 ὄνομά-

86 2157 220 2202 των,
250 2141 334 2192 ὅτι
357 2137 454 2203 ὢν,
487 2141 568 2193 ὅτι
598 2141 729 2211 ζωὴ,
763 2138 843 2193 ὅτι
877 2141 1055 2209 σοφία,
1097 2142 1179 2195 ὅτι
1220 2142 1443 2214 δύναμις
1465 2162 1478 2175 ⁸
1515 2146 1571 2199 ὲν
1601 2146 1657 2198 δὲ

83 2233 148 2301 τῇ
183 2229 530 2298 Συμϐολικῇ
563 2232 850 2301 θεολογίᾳ,
873 2233 994 2284 ἐπεὶ
1027 2232 1153 2303 περὶ
1180 2234 1459 2303 συμϐόλων
1490 2225 1655 2304 λέγει,

87 2321 384 2392 σχημάτων
410 2359 424 2385 ,
461 2320 674 2391 μερῶν,
720 2320 997 2391 ὀργάνων,
1040 2322 1384 2392 κραιπαλῶν,
1439 2325 1654 2394 ὁρμῶν,

85 2407 289 2476 ὕπνων,
342 2410 754 2482 ὲγρηγόρσεων,
812 2410 848 2463 ἀ
893 2410 957 2481 δὴ
1009 2412 1183 2464 πάντα
1232 2412 1291 2477 ἐξ
1336 2412 1657 2482 ἀποφάσεως

82 2503 359 2573 ὀφείλουσι
389 2502 655 2570 λέγεσθαι,
686 2501 761 2565 ὡς
789 2503 1029 2556 ἁνοίκεια
1059 2506 1151 2558 καὶ
1178 2505 1363 2576 πόρρω
1394 2504 1547 2567 Θεοῦ,
1579 2508 1656 2559 εί-

78 2595 256 2658 κότως
280 2592 691 2664 πολυλογώτερα
712 2592 779 2646 τά
801 2594 1019 2649 τοιαῦτα
1051 2596 1348 2666 συνέϐησαν
1374 2596 1621 2664 γενέσθαι
1638 2613 1651 2627 ·

78 2686 320 2756 ἐπείπερ
380 2686 490 2755 ὅσῳ
523 2684 598 2754 τῷ
642 2684 760 2754 Θεῷ
787 2685 1085 2757 οἰκειότερα
1126 2685 1373 2755 λέγομεν,
1406 2686 1497 2739 καὶ⁸
1525 2686 1657 2740 ἀνα-

81 2777 332 2848 νεύομεν,
360 2776 458 2829 καί
486 2775 770 2845 ἐγγίζομεν
804 2775 939 2847 πρὸς
973 2777 1151 2840 αὐτὸν,
1178 2776 1411 2846 τοσούτῳ
1444 2780 1489 2829 οἱ
1511 2777 1656 2846 λόγοι

79 2870 199 2931 ταῖς
230 2867 489 2935 συνόψεσι
509 2865 615 2919 τῶν
628 2866 829 2937 νοητῶν
852 2866 1301 2937 περιστέλλονται.
1324 2867 1576 2937 Συνὸψεις
1600 2867 1657 2920 δὲ

78 2958 187 3011 τῶν
218 2958 452 3027 νοητῶν,
475 2955 572 3020 τάς
600 2959 666 3026 τῇ
696 2956 838 3026 ἀΰλῳ
865 2956 1037 3010 αὐτῶν
1062 2957 1321 3027 ἁπλότητι
1346 2956 1656 3028 πρεπούσας

79 3050 318 3122 θεωρίας
361 3047 606 3102 ἐκάλεσε.
636 3048 708 3099 Τὸ
751 3047 806 3100 δὲ
850 3048 1344 3115 περιστέλλονται
1398 3049 1516 3101 ἀντὶ
1560 3048 1655 3101 τοῦ

80 3140 464 3195 συστέλλονται
476 3137 911 3209 τέθεικεν.”οπερ
928 3139 1056 3208 φησὶ
1068 3138 1161 3192 καὶ
1176 3138 1268 3192 νῦν
1284 3138 1448 3209 ὲπὶτῇ
1468 3156 1656 3209 μυστι-
1682 3160 1726 3222 C

80 3239 149 3305 κῇ
172 3231 427 3302 θεολογίᾳ
458 3229 670 3293 πάντως
698 3231 997 3301 γενήσεται.
1026 3230 1134 3301 Καὶ
1154 3229 1262 3300 γὰρ
1284 3230 1555 3292 παντελῶς
1578 3232 1655 3293 εἰς

76 3328 167 3380 τὸν
188 3325 334 3395 ὑπὲρ
364 3322 490 3377 νοῦν
516 3324 608 3375 καὶ
638 3326 829 3376 οἰκεῖον
869 3320 987 3391 Θεῷ
1023 3322 1217 3390 γνόφον
1251 3321 1539 3385 είσδύντες,
1579 3320 1654 3393 μὴ

78 3418 241 3487 μόνον
269 3415 596 3486 βραχυλόγοι
620 3412 973 3483 γενησόμεθα,
997 3412 1128 3466 ἀλλά
1153 3412 1247 3465 καὶ
1277 3412 1495 3481 ἀλογίαν
1524 3430 1655 3493 παν-

75 3510 207 3579 τελῆ
240 3509 340 3562 καὶ
364 3506 617 3575 ἁνοησίαν
644 3506 960 3576 εὑρήσομεν.
1017 3504 1291 3573 Ἀλογίαν
1320 3503 1375 3559 δέ
1409 3522 1559 3574 φησι,
1592 3505 1653 3556 τὸ

77 3602 159 3673 μὴ
188 3599 451 3655 δῦνασθαι
499 3597 639 3667 λόγῳ
670 3596 1009 3667 παραστῆσαι
1049 3596 1117 3649 τὰ
1166 3598 1304 3667 ὑπὲρ
1336 3595 1510 3665 λόγον,
1562 3597 1653 3648 καὶ

72 3695 387 3762 ἀνοησίαν
411 3691 499 3759 τὸ,
528 3690 857 3761 ἀνεννόητον,
892 3689 984 3741 καὶ
1014 3688 1042 3740 ὃ
1074 3688 1150 3758 μὴ
1173 3688 1391 3741 δύναταί
1422 3705 1504 3750 τις
1531 3688 1653 3756 voi-

74 3799 190 3845 σαι,
213 3783 293 3844 ὡς
320 3779 468 3850 ὑπὲρ
493 3768 614 3833 νοῦν
646 3778 725 3831 ὃν.
764 3778 936 3830 Κάκεῖ
971 3776 1087 3846 μὲν,
1121 3777 1284 3846 ἤγουν
1318 3777 1374 3827 ὲν
1404 3774 1481 3843 τῷ
1514 3775 1649 3840 Περὶ

71 3875 255 3926 θείων
280 3872 606 3939 ὀνομάτων,
637 3869 745 3921 ἀπὸ
772 3868 869 3920 τοῦ
904 3867 1016 3921 ἀνω
1052 3866 1186 3936 πρὸς
1228 3866 1484 3932 ἀνάλογον
1514 3865 1649 3934 πλῆ-

72 3965 170 4028 θος
196 3948 225 4019 δ
256 3963 416 4033 λόγος
450 3959 737 4032 ηὐρύνετοο
773 3960 834 4012 τὸ
864 3958 972 4027 γάρ
991 3958 1086 4022 ῶν,
1114 3956 1309 4011 οἰκεῖον
1339 3956 1399 4009 ὃν
1427 3955 1505 4024 τῷ
1535 3953 1651 4023 Θεῷ

72 4053 449 4128 βραχυλογίαν
485 4047 597 4121 εἶχε
620 4066 633 4079 ’
673 4049 735 4101 τὸ
778 4049 834 4101 δὲ
880 4049 1135 4112 Παλαιὸς
1172 4043 1424 4114 ἡμερῶν,
1463 4042 1653 4114 ἦνάλλο

68 4167 125 4200 τι
162 4144 538 4218 πορρώτερον,
571 4141 791 4203 εἰκότως
825 4138 1139 4207 πολυλογίας
1177 4134 1367 4190 ἐδέετο.
1420 4133 1533 4189 Νῦν
1573 4134 1650 4197 δὲ,

68 4238 187 4292 ἀπὸ
218 4237 333 4289 τῶν
364 4235 514 4288 κάτω
541 4248 600 4284 τε
625 4232 717 4283 καὶ
758 4228 964 4282 πολλῶν
1006 4227 1301 4280 συνθέσεων
1330 4226 1420 4278 καὶ
1455 4224 1654 4295 συμϐό-

67 4328 183 4381 λων
219 4325 362 4397 πρὸς
408 4322 468 4375 τὸ
509 4323 705 4374 ὲνιαίον
740 4320 833 4371 καὶ
880 4317 1170 4387 ἀκρότατον
1201 4314 1384 4379 ἀνιὼν,
1429 4315 1651 4376 εἰκότως

62 4413 221 4466 κατά
250 4410 314 4463 τὸ
338 4409 533 4480 μέτρον
550 4408 647 4477 τῆς
679 4404 1281 4475 ἀνόδοασυσταλήσεται
1303 4420 1317 4434 ο
1351 4404 1445 4457 καὶ
1470 4402 1646 4466 τόσον,

1769 528 2082 592 nominibus,
2108 532 2375 598 quomodo
2420 544 2633 583 rursum
2665 538 2885 584 vocetur
2925 530 3063 585 Deus
3092 530 3332 585 aﬂirma-

1768 618 1875 671 tive
1901 628 1955 672 et
1987 635 2102 682 ens,
2134 628 2189 673 et
2222 620 2348 683 vita,
2379 629 2433 675 et
2466 621 2752 688 sapientia,
2788 629 2842 675 et
2878 622 3067 675 virtus.
3104 622 3168 676 Et
3206 638 3332 676 rur-

1766 721 1885 759 sum
1917 706 1968 759 iu
2005 706 2295 777 Symbolica
2329 709 2610 779 theologia,
2633 726 2751 779 quae
2793 710 2902 764 sint
2942 726 3119 765 rerum
3147 712 3325 766 sensi—

1768 797 1900 851 lium
1946 800 2340 866 translationes,
2370 808 2424 854 et
2460 816 2578 868 quae
2628 801 2834 868 formaz,
2875 819 3008 871 quas
3051 804 3328 873 propheta:

1764 889 2149 942 convenienter
2185 890 2293 943 Deo
2328 891 2661 955 attribuunt;
2696 901 2750 946 et
2775 893 2960 960 quales
2998 894 3108 947 sint
3139 894 3326 961 figura:

1764 978 2114 1045 corporisque
2146 978 2407 1045 membra,
2431 994 2550 1048 qua:
2583 981 2753 1036 facies
2782 982 3011 1049 scilicet,
3054 992 3108 1037 et
3136 998 3319 1048 aures,

1763 1077 1817 1124 et
1848 1083 2063 1133 manus,
2094 1076 2149 1123 et
2190 1071 2371 1138 pedes,
2407 1081 2462 1124 et
2503 1072 2681 1140 qualia
2723 1072 3098 1140 instrumenta,
3135 1083 3192 1129 et
3215 1090 3322 1129 cz:-

1767 1165 1899 1221 tera,
1926 1174 1991 1213 ne
2014 1160 2220 1230 singula
2250 1175 2656 1227 recenseamus,
2681 1178 2800 1232 qua:
2832 1165 3222 1234 utique:omnia
3253 1182 3323 1221 ex

1764 1250 2052 1317 negatione
2080 1251 2185 1306 dici
2224 1251 2423 1307 debent
2462 1254 2527 1308 de
2552 1254 2678 1309 Deo.
2717 1254 2876 1309 Potes
2907 1255 3088 1323 itaque
3120 1271 3322 1326 cogno-

1762 1351 1914 1391 scere
1936 1339 2206 1407 quomodo
2237 1356 2357 1404 qure
2387 1357 2417 1395 a
2460 1341 2568 1395 Deo
2604 1343 2772 1413 magis
2803 1353 3008 1397 remota
3043 1356 3168 1399 sunt
3200 1361 3323 1414 quae

1762 1430 1945 1498 utique
1971 1438 2213 1484 extrema
2242 1431 2396 1493 dicit,
2420 1432 2736 1486 verbosiora
2773 1432 2900 1486 sint.
2942 1435 3152 1499 Quanto
3175 1435 3323 1489 enim

1766 1517 1939 1584 magis
1979 1533 2007 1571 a
2049 1518 2159 1572 Deo
2195 1519 2368 1573 aliena
2404 1528 2548 1586 sunt,
2582 1520 2737 1589 eique
2774 1522 3135 1587 dissentanea,
3171 1532 3323 1577 tanto

1760 1604 2006 1672 pluribus
2024 1605 2202 1661 verbis
2224 1621 2359 1674 opus
2385 1607 2582 1662 habent
2602 1619 2657 1661 ut
2679 1609 3031 1678 explicentur,
3052 1612 3323 1678 quomodo

1760 1694 1812 1747 in
1843 1694 1950 1748 Deo
1982 1694 2372 1765 intelligantur.
2400 1694 2607 1751 Idcirco
2660 1698 2964 1768 theologica:
2992 1700 3323 1766 informatio-

1760 1801 1846 1839 nes
1879 1785 2172 1840 secundum
2214 1786 2607 1853 tractatumDe
2642 1788 2830 1841 divinis
2865 1790 3162 1843 nominibus
3200 1790 3325 1843 bre-

1759 1875 1938 1929 viores
1969 1884 2091 1929 sunt
2125 1872 2418 1943 Symbolica
2451 1874 2751 1945 Theologia,
2772 1877 3027 1945 quoniam
3057 1877 3110 1932 in
3138 1878 3207 1933 iis
3242 1879 3325 1932 af-

1761 1966 2025 2019 ﬁrmando
2046 1966 2374 2029 dicebamus,
2402 1965 2455 2019 in
2490 1966 2812 2035 Tlteologicis
2835 1968 3048 2035 quidem
3071 1968 3325 2038 informa-

1759 2056 2004 2120 tionibus,
2044 2055 2209 2108 Deum
2246 2068 2366 2108 esse
2416 2070 2605 2119 unum,
2653 2055 3007 2122 Trinitatem,
3055 2071 3175 2112 esse
3217 2058 3321 2111 Pa-

1761 2153 1916 2206 trem,
1944 2153 1999 2198 et
2019 2143 2235 2207 Filium,
2263 2151 2316 2197 et
2345 2142 2604 2212 Spiritum
2627 2155 2872 2198 sanctum
2900 2162 2914 2200 :
2940 2147 2997 2200 in
3025 2146 3161 2200 libro
3190 2163 3321 2203 vera

1758 2230 1835 2284 De
1868 2232 2053 2285 divinis
2099 2232 2418 2298 nominibus,
2462 2233 2626 2286 Deum
2674 2247 2793 2287 esse
2837 2248 2956 2301 ens,
2994 2235 3189 2299 vitam,
3232 2253 3323 2292 sa-

1758 2322 2037 2391 pientiam,
2083 2323 2333 2376 virtutem
2373 2341 2387 2377 :
2439 2324 2491 2377 in
2543 2322 2843 2392 Symbolica
2888 2340 3015 2380 vero
3054 2328 3320 2398 theologia

1758 2424 1879 2470 cum
1921 2414 1985 2470 de
2033 2416 2314 2486 symbolis,
2362 2416 2567 2487 ﬁguris,
2606 2418 2877 2485 partibus,
2924 2418 3318 2486 instrumentis,

1759 2503 2035 2573 crapulis,
2089 2507 2568 2574 propensionibus,
2618 2510 2821 2561 somnis
2854 2508 3155 2579 vigiliisque
3204 2520 3318 2565 tra-

1759 2602 1890 2657 ctet,
1923 2607 2042 2660 qua:
2074 2594 2258 2662 utique
2294 2593 2476 2648 omnia
2518 2597 2771 2665 negative
2802 2596 2910 2651 dici
2954 2597 3169 2663 debent,
3203 2609 3318 2653 tan-

1758 2696 1917 2748 quam
1961 2697 1990 2735 ιι
2040 2682 2151 2736 Deo
2194 2682 2366 2736 aliena
2405 2693 2461 2738 et
2505 2694 2735 2748 remota,
2782 2687 2977 2740 merito
3023 2703 3143 2755 quae
3189 2700 3321 2745 sunt

1756 2770 2078 2840 ejnscemodi
2133 2774 2376 2842 pluribus
2447 2775 2628 2829 verbis
2694 2774 2954 2843 explicari
3010 2778 3317 2842 debebant:

1755 2863 2191 2930 quandoquidem
2218 2870 2421 2931 quanto
2460 2863 2629 2933 magis
2658 2863 2874 2932 propria
2920 2865 2987 2919 de
3030 2864 3142 2918 Deo
3185 2867 3319 2921 dici-

1757 2967 1899 3017 mus,
1932 2951 2117 3022 illique
2164 2953 2335 3022 magis
2382 2954 2712 3008 assentimur
2748 2951 2909 3022 566
2940 2962 2993 3007 et
3026 2956 3317 3024 appropin-

1756 3058 2004 3113 quamus,
2034 3052 2185 3100 tanto
2212 3046 2372 3100 etiam
2409 3047 2578 3114 magis
2603 3059 2885 3103 sermones
2929 3047 3102 3103 nostri
3134 3062 3320 3101 rerum

1757 3132 2149 3190 intellectilium
2179 3138 2487 3205 aspectibus
2529 3140 2944 3193 contrahuntur.
2983 3138 3316 3208 Conspectus

1755 3234 1935 3280 autem
1977 3241 2156 3280 rerum
2204 3228 2596 3282 intellectilium
2646 3228 2856 3283 vocavit
2904 3218 3317 3296 contemplatio-

1755 3330 1871 3380 nes,
1905 3316 2249 3371 immateriali
2289 3318 2500 3371 illarum
2554 3318 2887 3387 simplicitati
2931 3328 3312 3387 congruentes.

1753 3407 1939 3462 Posuit
1978 3419 2156 3463 autem
2191 3408 2644 3479 περιστέλλονται,
2684 3424 2782 3479 pro
2829 3408 3223 3476 συστέλλονται,
3264 3411 3316 3464 id

1751 3510 1836 3555 est
1860 3500 2263 3554 contrahuntur.
2295 3500 2446 3565 Quod
2492 3510 2672 3555 autem
2703 3501 2853 3565 dicit,
2887 3500 3052 3555 etiam
3083 3516 3224 3556 nunc
3260 3504 3312 3557 iu

1756 3593 1983 3660 mystica
2029 3589 2292 3659 theologia
2343 3591 2562 3645 omnino
2606 3591 2715 3645 lict.
2770 3592 2981 3645 Etenim
3019 3593 3072 3645 in
3119 3606 3314 3661 supra-

1751 3682 2037 3738 mentalem
2066 3684 2209 3737 illam
2234 3683 2450 3752 Deoque
2480 3686 2752 3754 propriam
2782 3684 3068 3753 caliginem
3094 3682 3314 3736 immer-

1748 3775 1817 3839 si,
1855 3791 1961 3827 non
2009 3776 2180 3828 solum
2222 3776 2522 3843 breviloqui
2572 3777 2885 3838 evademus,
2919 3790 3104 3828 verum
3148 3774 3309 3825 etiarn

1748 3868 2114 3921 omnimodam
2159 3868 2425 3920 sermonis
2469 3877 2523 3920 et
2568 3866 2945 3919 intellectionis
2987 3864 3308 3917 vacuitatem

1750 3958 2097 4023 reperiemus.
2142 3952 2381 4023 Ἂλογίαν
2404 3971 2530 4009 vero
2559 3955 2706 4017 dicit,
2736 3968 2840 4007 non
2866 3968 3025 4022 posse
3059 3970 3310 4008 sermone

1750 4060 2139 4116 repraesentare
2188 4048 2279 4101 illa
2327 4063 2445 4116 qua:
2491 4062 2650 4114 supra
2696 4060 2998 4101 sermonem
3048 4057 3214 4100 sunt:
3256 4055 3310 4099 et

1748 4138 2028 4210 ἁνοησίαν,
2064 4139 2115 4192 id
2153 4138 2293 4206 quod
2336 4137 2561 4206 intelligi
2601 4135 2809 4205 nequit,
2849 4144 2900 4189 et
2944 4135 3089 4205 quod
3130 4135 3308 4189 nullus

1750 4228 2045 4297 intelligere
2072 4237 2264 4297 potest,
2294 4242 2416 4281 cum
2467 4237 2703 4281 mentem
2739 4234 2977 4295 superet.
3017 4226 3193 4294 Atque
3235 4226 3306 4279 ibi

1749 4320 1988 4389 quidem,
2025 4320 2235 4373 scilicet
2278 4320 2330 4373 in
2384 4319 2525 4372 libro
2565 4318 2642 4372 Bc
2691 4318 2880 4371 divinis
2922 4318 3236 4382 nominibus,
3274 4336 3305 4371 ει

1748 4424 1958 4466 summo
1992 4412 2060 4465 ad
2092 4413 2558 4481 proportionatam
2594 4411 2993 4464 multitudinem
3022 4424 3201 4463 sermo
3226 4411 3309 4461 di-

62 4505 151 4555 ὅτι
194 4499 337 4571 μετά
371 4497 469 4568 τὴν
496 4497 676 4550 ἄνοδον
708 4496 916 4564 ἄφωνος
964 4493 1115 4546 ἔσται
1147 4493 1241 4545 καὶ
1286 4492 1403 4555 ὅλος
1445 4494 1547 4544 ὲνω

1817 4503 2055 4557 Labatur:
2086 4518 2208 4558 nam
2243 4519 2358 4569 ens,
2388 4518 2510 4559 cum
2550 4505 2825 4573 proprium
2857 4500 2929 4555 sit
2970 4500 3099 4563 Deo,
3130 4502 3306 4554 brevi-

63 4611 233 4648 σεται
266 4590 348 4661 τῷ
381 4589 669 4660 ἀφθέγκτῳ
704 4588 790 4641 διὰ
828 4587 980 4657 σιγῆς
1012 4585 1194 4655 τιμίας
1231 4583 1400 4653 τιμῶν
1438 4582 1526 4634 τὸν
1559 4581 1649 4634 θέ-

54 4704 268 4756 μενον
309 4685 529 4748 σκότος
566 4676 920 4750 ἀποκρυφὴν
959 4678 1161 4732 αὑτοῦ.
1191 4678 1288 4729 Διά
1313 4678 1365 4729 τί
1403 4676 1459 4729 δὲ
1490 4674 1644 4736 ὅλως,

61 4781 219 4850 φῂς,
260 4776 370 4830 ἀπὸ
409 4775 507 4846 μὲν
558 4773 666 4826 τῶν
707 4772 1019 4845 πρωτίστων
1064 4769 1163 4833 τὰς
1213 4769 1407 4831 Θέσεις,
1446 4765 1553 4819 ἀπὸ
1589 4764 1645 4816 δὲ

56 4873 179 4923 τῶν
220 4869 469 4937 ἐσχάτων
505 4863 603 4928 τάς
648 4865 943 4933 ἀποφάσεις
980 4861 1269 4933 ποιούμεθα
1313 4857 1648 4930 καταρχόμε-

57 4977 178 5027 vos;
239 4957 489 5027 Λέγομεν
528 4956 609 5008 ὅτι
658 4956 749 5008 ἐπὶ
802 4957 899 5026 μὲν
948 4953 1055 5007 τῶν
1101 4952 1298 5006 θέσεων
1337 4947 1647 5019 κεχρήμεθα

55 5053 127 5119 τῇ
181 5046 513 5117 ὑποθετικῇ,
553 5046 795 5099 τουτέστι
830 5049 893 5117 τῇ
943 5043 1367 5114 ὑπαγορευτικῇ,
1408 5040 1500 5093 καὶ
1537 5033 1645 5091 οἷον

54 5140 354 5211 δηλιιπικῇ
396 5138 715 5205 καταφάσει,
755 5138 833 5189 ὅτι
872 5137 1020 5201 Θεὸς,
1054 5138 1134 5189 ὅτι
1172 5132 1303 5204 ζωὴ,
1342 5133 1423 5184 ὅτι
1452 5127 1649 5197 ἀγαθό-

51 5248 189 5302 της,
229 5229 267 5299 ἦ
296 5229 427 5297 ἀὴρν
454 5227 671 5298 ἢλίθος,
710 5227 742 5297 ἣ
778 5228 905 5299 πῦρ,
928 5229 960 5299 ἢ
988 5228 1219 5297 πνεῦμα,
1258 5225 1292 5295 ἢ
1314 5223 1381 5276 τὰ
1403 5218 1645 5275 τοιαῦτα.

53 5323 144 5375 Td
190 5317 337 5387 γοῦν
376 5318 613 5388 πρότερα
648 5317 723 5386 τῷ
759 5317 875 5387 Θεῷ
911 5319 1207 5388 οίκειὰτερα
1258 5316 1352 5368 καὶ
1391 5309 1646 5381 συγγενέ-

56 5426 283 5482 crepa“
326 5408 512 5461 λοιπὸν
551 5407 743 5477 μᾶλλόν
782 5410 895 5460 ἐστι
935 5407 1044 5479 ζωὴ
1081 5409 1113 5480 ἢ
1151 5408 1276 5479 ἀὴρ,
1318 5407 1410 5460 καὶ
1450 5404 1647 5477 μᾶλλον

50 5504 205 5565 Θεὸς
234 5500 272 5571 ἢ
292 5498 580 5561 λίθος,,καὶ
605 5498 799 5567 μᾶλλον
832 5499 1171 5570 ἀγαθότης,ἢ
1212 5500 1341 5571 πῦρ,
1385 5501 1475 5555 καὶ
1516 5499 1647 5570 pax.

139 5691 171 5721 ι
213 5674 381 5732 Ρωι.
412 5686 546 5738 ml,
586 5672 669 5726 12.

1750 4594 2075 4662 loquentiam
2125 4594 2387 4659 habebat;
2433 4591 2696 4662 Antiquus
2753 4605 2880 4646 vero
2929 4590 3177 4655 dierum,
3220 4590 3305 4644 vel

1752 4684 1895 4739 aliud
1931 4683 2059 4753 quid
2093 4683 2371 4749 remotius,
2424 4684 2619 4738 merito
2662 4680 2844 4735 multis
2882 4679 3062 4732 verbis
3098 4678 3304 4745 indige-

1752 4777 1862 4831 bat.
1898 4775 2045 4829 Nnnc
2075 4789 2199 4828 vero
2227 4775 2294 4827 ab
2331 4773 2675 4827 inferioribus
2709 4780 2764 4826 et
2807 4768 2988 4821 multis
3036 4770 3305 4837 composi—

1755 4864 1989 4918 tionibus
2013 4878 2075 4917 ac
2107 4863 2382 4933 symbolis,
2410 4864 2473 4914 ad
2504 4861 2720 4914 unicum
2745 4870 2798 4912 et
2819 4874 3092 4912 summum
3120 4874 3305 4913 ascen-

1752 4955 1903 5018 dens,
1951 4953 2143 5006 merito
2181 4951 2333 5018 juxta
2373 4948 2590 5004 modum
2643 4947 2979 5003 ascensionis
3020 4950 3306 5002 contrahe-

1750 5053 1871 5107 tur;
1911 5044 2066 5112 idque
2099 5043 2150 5096 in
2186 5051 2411 5105 tantum,
2437 5049 2497 5093 ut
2525 5047 2642 5108 post
2676 5053 2986 5104 ascensum,
3021 5039 3085 5091 ad
3128 5040 3305 5092 omni-

1750 5134 1965 5187 modiim
2014 5134 2284 5188 silentium
2329 5131 2654 5199 redigendos
2702 5129 2792 5194 sit,
2843 5133 3006 5196 atque
3043 5126 3303 5182 ineﬂabili

1750 5225 1858 5278 Deo
1896 5232 2038 5278 totus
2080 5222 2515 5294 conjuugcndus,
2569 5235 2688 5274 eum
2730 5218 3039 5273 venerando
3090 5219 3307 5274 silentio

1751 5316 2085 5378 honorando,
2125 5316 2214 5384 qui
2258 5313 2432 5382 posuit
2475 5312 2710 5365 tenebras
2759 5310 3036 5363 latibulum
3075 5326 3228 5364 suum
3251 5323 3303 5361 ι.

1751 5406 1944 5460 Verum
1982 5415 2128 5473 petes
2167 5422 2262 5460 cur
2308 5422 2337 5459 a
2378 5405 2565 5474 primis
2606 5403 2897 5471 positiones
2941 5402 3151 5457 divinas
3193 5411 3307 5454 sta-

1753 5508 1982 5565 tuentes,
2016 5498 2224 5555 divinas
2266 5497 2382 5553 illas
2406 5496 2718 5565 ,ablationes
2747 5494 2814 5549 ab
2837 5494 3094 5559 extremis
3122 5491 3305 5562 auSpi-
