3772 6340
404 597 419 678 i

404 688 423 738 ιὲ

408 760 419 781 Ι

459 329 605 386 1039

464 625 691 679 strativa
729 621 1116 687 aﬂirmatione,
1166 634 1223 677 ut
1261 626 1424 679 Deum
1465 640 1622 690 esse,
1666 627 1831 681 vitam
1877 642 2016 692 esse,

465 713 761 767 bonitatem
800 727 942 775 esse,
970 713 1050 767 vel
1078 727 1281 777 aerem,
1303 715 1386 768 vel
1414 715 1665 784 lapidem,
1695 717 1777 771 vel
1817 717 2016 787 ignem,

464 804 548 857 vel
578 804 847 872 spiritum,
880 803 962 858 vel
997 804 1210 857 similia.
1256 803 1444 858 Priora
1476 805 1661 875 utique
1700 808 1810 861 Deo
1852 804 2043 877 magis

436 894 681 964 .propria
713 903 858 957 sunt,
890 895 1169 966 magisque
1205 896 1507 963 naturalia;
1540 898 1803 965 siquidem
1850 901 2021 969 magis

463 987 571 1042 vita
616 995 697 1041 est
733 1002 895 1056 quam
947 1001 1063 1052 aer,
1109 996 1160 1041 et
1207 987 1379 1056 magis
1412 987 1550 1042 Deus
1582 1004 1741 1056 quam
1777 990 1932 1059 lapis,
1967 1000 2022 1045 ct

463 1077 636 1147 magis
663 1077 877 1132 bonitas
907 1092 1068 1148 quam
1100 1077 1257 1147 ignis,
1285 1087 1340 1131 et
1365 1080 1534 1149 magis
1568 1079 1830 1148 sapientia
1858 1096 2019 1149 quam

461 1169 705 1236 spiritus.
734 1168 845 1223 Hoc
865 1170 1045 1237 itaque
1066 1179 1150 1223 est
1172 1169 1430 1224 inchoare
1453 1186 1480 1224 a
1507 1172 1698 1240 primis
1722 1175 1775 1224 in
1798 1172 2023 1240 positio-

448 1257 643 1322 nibus,
682 1259 935 1327 quoniam
970 1258 1141 1327 magis
1176 1258 1548 1327 intelliguntur
1589 1260 1643 1313 in
1693 1260 1804 1317 Deo
1848 1263 2020 1329 prima

460 1364 622 1419 quam
670 1359 958 1419 postrema.
1002 1349 1059 1403 In
1108 1350 1466 1408 ablationibus
1512 1367 1643 1408 vero
1683 1362 1867 1408 contra
1919 1354 2023 1409 hoc

462 1443 620 1495 modo
645 1460 659 1496 :
684 1440 800 1495 Non
825 1441 1125 1495 inebriatur
1152 1440 1313 1505 Deus,
1340 1456 1445 1495 non
1466 1442 1733 1509 irascitur,
1755 1458 1860 1495 non
1892 1442 2023 1495 dici—

463 1542 569 1593 tur.
595 1548 697 1585 non
730 1532 1061 1600 intelligitur.
1098 1531 1256 1585 Illud:
1284 1530 1397 1585 Non
1439 1524 1750 1597 inebriatur,
1792 1543 1870 1587 est
1901 1532 2025 1587 ulti-

458 1621 732 1690 mum,lest
751 1619 893 1672 enim
915 1620 1075 1673 etiam
1096 1619 1392 1673 hominum.
1411 1619 1525 1675 Non
1546 1620 1858 1689 intelligitur
1876 1636 2022 1686 vero,

1631 333 1687 389 S.
1722 331 2018 389 DIONYSII
2050 332 2505 391 AREOPAGITIE

400 499 411 517 ι
455 461 674 522 φοηιυτ.
717 444 975 511 Dicimus,
1012 459 1114 501 nos
1162 446 1214 499 in
1259 446 1611 515 positionibus
1646 449 1859 519 quidem
1898 463 2012 505 usos

2123 446 2214 501 λον
2254 447 2413 516 σοφία
2452 447 2486 518 ἢ
2540 445 2771 518 πνεῦμα.
2809 447 2976 502 Τοῦτο
3011 448 3139 517 γοῦν
3173 448 3287 501 ἐστι
3332 448 3394 501 τὸ
3434 447 3676 518 ἄρχεσθαι

401 553 416 603 ς
464 551 592 591 esse
624 534 980 594 enuntiativa.
1003 535 1064 589 id
1104 546 1189 591 est
1227 538 1498 591 delinitiva
1526 549 1578 592 et
1609 540 1762 607 quasi
1800 541 2017 594 demon—

3554 341 3674 395 1040
3724 377 3729 381 ~

2120 539 2224 591 ὑπὸ
2260 538 2364 591 τῶν
2405 538 2751 610 πρωτίστων,
2809 538 2901 593 ἐπὶ
2942 538 3047 591 τῶν
3086 539 3320 603 θέσεων,
3360 539 3446 590 ὅτι
3499 540 3676 610 μᾶλλον

2118 631 2360 685 νοοῦνται
2394 628 2463 683 τὰ
2500 629 2777 702 πρώτιστα
2810 632 2899 683 ἐπὶ
2936 630 3089 695 Θεοῦ,
3128 631 3161 702 ἢ
3196 630 3263 683 τὰ
3299 631 3526 700 ἔσχατα.
3570 631 3680 684 Ἐπὶ

2118 720 2176 774 δὲ
2212 719 2318 773 τῶν
2352 720 2686 790 ἀφαιρέσεων
2738 721 2798 773 τὸ
2852 720 3105 785 ἐναντίον,
3146 721 3350 785 οὕτως’
3401 723 3478 775 Οὐ
3534 722 3679 793 μεθύ-

2124 826 2310 863 σκεται
2346 810 2373 863 ὁ
2410 809 2560 873 Θεὸς,
2596 798 2659 862 οὐ
2697 812 2878 881 μηνιᾷ,
2905 811 2963 862 οὑ
3003 811 3235 879 λέγεται,
3274 811 3336 863 οὐ
3377 816 3594 865 νοεῖται.
3616 813 3682 865 Τὸ

2119 899 2180 951 οὐ
2216 897 2567 969 μεθύσκεται,
2597 901 2817 969 ἔσχατον
2839 912 2851 928 ⁸
2878 899 2988 951 ἔστι
3023 899 3128 969 γὰρ
3156 900 3250 952 καὶ
3276 899 3597 969 ἀνθρώπων.
3616 900 3685 952 Τὸ

2121 984 2181 1041 οὐ
2212 994 2427 1057 νοεῖται,
2452 991 2645 1043 οἰκεῖον
2676 991 2767 1043 καὶ
2781 989 3099 1059 πρώτιστον.
3156 991 3311 1043 Ἔστι
3334 991 3518 1043 τοίνυν
3536 992 3592 1043 τὸ
3614 993 3682 1062 μὴ

2121 1077 2263 1148 λόγῳ
2300 1078 2548 1147 λέγεσθαι
2580 1078 2670 1132 τὸν
2698 1079 2845 1142 Θεὸν,
2886 1075 2977 1132 καὶ
3013 1078 3072 1132 τὸ
3098 1080 3171 1150 μὴ
3205 1080 3468 1143 νοεῖσθαι,
3500 1082 3685 1135 οἱκειόο

2120 1185 2276 1237 τερον
2298 1168 2416 1239 Θεῷ
2449 1168 2643 1239 μᾶλλον
2679 1169 2710 1238 ἢ
2750 1168 2807 1221 τὸ
2840 1169 2911 1240 μὴ
2947 1171 3272 1240 κραιπαλᾷν,
3314 1172 3452 1241 μηδὲ
3480 1173 3683 1243 ὀργίζε-

2124 1259 2245 1312 σθαι
2266 1275 2278 1289 ’
2304 1259 2474 1312 ταῦτα
2500 1259 2607 1328 γὰρ
2628 1260 2721 1313 καὶ
2743 1259 3044 1330 ἀνθρώποις
3073 1262 3266 1323 οἰκεῖα,
3294 1264 3407 1314 καὶ
3427 1262 3515 1316 διὰ
3541 1264 3686 1317 τοῦτο

2122 1350 2341 1421 ἔσχατα.
2382 1352 2490 1403 Καὶ
2525 1351 2672 1420 ὅμως
2711 1352 2774 1402 ὲκ
2809 1349 2915 1402 τῶν
2953 1350 3191 1421 ἐσχάτων
3219 1353 3317 1421 τῆς
3355 1354 3684 1424 ἀφαιρέσεως

2123 1441 2419 1512 ἀρχόμεθα,
2457 1437 2564 1494 οἷον
2589 1458 2602 1471 ο
2626 1440 2838 1494 Μᾶλλον
2875 1442 2933 1493 οὐ
2974 1441 3156 1512 μεθύει
3192 1443 3221 1494 ὁ
3259 1442 3473 1512 Θεὸς,ἢ
3509 1444 3566 1495 οὐ
3604 1444 3685 1496 λέ-

2123 1550 2276 1602 γεται
2306 1551 2320 1563 σ
2366 1534 2459 1586 καὶ
2504 1532 2700 1603 μᾶλλον
2746 1532 2805 1584 οὐ
2855 1532 3080 1602 μηνιᾷῆ
3125 1533 3184 1585 οὐ
3231 1536 3459 1586 νοεῖται.
3491 1535 3686 1607 Ὠσπερ

2124 1625 2250 1693 γοῦν
2283 1625 2374 1678 ἐπὶ
2403 1625 2508 1678 τῶν
2543 1625 2739 1677 θέσεων
2768 1623 2834 1675 τὰ
2862 1627 3035 1678 οἰκεῖα
3070 1625 3130 1676 τὸ
3166 1625 3367 1694 μᾶλλον
3410 1620 3575 1694 εἶχον,
3603 1626 3687 1678 καὶ

452 1710 735 1788 praprium
785 1719 839 1764 et
888 1709 1138 1778 primum.
1182 1709 1315 1774 illud
1354 1712 1534 1780 itaque
1566 1711 1730 1766 Deum
1779 1696 2012 1766 scrmouc

2128 1717 2325 1787 μᾶλλον
2361 1716 2492 1779 Θεὸς
2537 1715 2848 1786 ὲλέγομενῆ
2881 1715 3005 1787 ἀὴρ,
3050 1716 3144 1769 καὶ
3183 1716 3385 1787 μᾶλλον
3429 1717 3625 1784 ἀγαθὸς
3655 1718 3683 1786 ἢ

451 1784 565 1853 non
590 1799 794 1861 efferri,
836 1808 890 1852 et
932 1809 1111 1852 mente
1142 1814 1245 1852 non
1277 1801 1512 1877 concipi,
1546 1803 1719 1872 magis
1745 1804 2012 1873 proprium

2123 1772 2368 1877 irvaﬁpa‘
2408 1805 2577 1869 οὕτως
2625 1772 2855 1860 ἐνταῦθα
2891 1772 2963 1859 τὸ.
2982 1772 3196 1877 μᾱίλλον⁸
3211 1806 3279 1859 τὰ
3312 1772 3520 1875 ἔσχατα
3545 1772 3687 1876 ἔχοι)ἐ

452 1902 541 1948 est
575 1893 685 1946 Deo
722 1906 881 1959 quam
923 1906 1029 1945 non
1070 1864 1362 1960 crapulfi'i,
1408 1909 1581 1962 neque
1627 1895 1828 1949 irasci:
1860 1894 2012 1965 567

2125 1917 2229 1962 σιν,
2264 1864 2361 1951 ⁵ὅτι
2405 1864 2849 1969 ἀφαιρεματικῶς
2910 1864 3158 1967 λέξομεν,
3209 1893 3322 1950 οἷον
3377 1864 3604 1968 gillo;
3630 1897 3684 1948 οὐ

458 1982 721 2057 siquidem
758 1982 870 2035 hate
903 1981 1063 2036 etiam
1098 1982 1406 2038 hominibus
1428 1986 1642 2053 propria
1675 1996 1821 2050 sunt,
1861 1997 2012 2055 atque

2113 1988 2394 2061 ικραιπαλᾷ
2424 1987 2457 2058 ἢ
2490 1988 2549 2040 οὺ
2583 1990 2803 2050 νοεῖται,
2838 1987 2930 2040 καὶ
2960 1986 3026 2039 τὰ
3066 1985 3244 2038 λοιπά.
3294 1987 3594 2056 Κραιπάλη
3634 1984 3686 2037 δέ

456 2080 659 2135 idcirco
694 2072 902 2132 ultima.
935 2072 1003 2132 Et
1043 2071 1297 2133 similiter
1326 2074 1631 2143 incipimus,
1658 2077 1725 2131 ab
1764 2080 2012 2134 extremis

2120 2081 2266 2133 ἐστιν
2297 2080 2330 2150 ὴ
2364 2079 2529 2149 πολλὴ
2566 2078 2700 2149 μέθη
2735 2079 2828 2131 καὶ
2874 2076 3222 2147 σφοδροτάτη,
3256 2072 3371 2128 οἷον
3403 2077 3685 2147 καραπάλη

455 2168 762 2234 ablationis,
791 2183 843 2221 v.
870 2183 953 2238 gr.
979 2165 1149 2239 Magis
1184 2169 1326 2223 Deus
1368 2177 1474 2217 non
1524 2165 1821 2219 inebriatur
1857 2183 2012 2237 quam

2118 2190 2201 2235 τις
2231 2167 2385 2235 οὖσα,
2407 2172 2435 2224 ὃ
2468 2172 2581 2223 ὲστι
2612 2170 2671 2222 τὸ
2694 2170 2835 2239 κάρα
2856 2168 2973 2238 ἤτοι
2994 2167 3089 2237 τὴν
3121 2166 3364 2237 κεφαλὴν
3396 2167 3686 2231 πάλλουσα,

456 2275 561 2314 non
587 2260 889 2325 dicatur,et
918 2259 1086 2328 magis
1116 2274 1221 2314 non
1266 2260 1524 2314 irascitur
1544 2270 1702 2324 quam
1738 2272 1842 2311 non
1870 2260 2012 2314 intel-

2120 2262 2213 2313 καὶ
2245 2260 2385 2313 πάνυ
2418 2259 2671 2314 κινοῦσα·
2712 2258 2869 2328 μῆνις
2920 2256 2977 2308 δὲ
3024 2254 3122 2324 οὐχ
3166 2255 3199 2325 ἡ
3244 2254 3493 2324 τυχοῦσα
3535 2255 3682 2325 ὀργὴ,

453 2346 671 2419 ligatur.
712 2347 1170 2414 Quemadmodum
1212 2350 1374 2419 igitur
1410 2351 1463 2403 in
1507 2346 1868 2419 positionibus
1903 2364 2012 2418 qua:

2119 2351 2232 2404 ἀλλ’
2264 2352 2298 2421 ἡ
2332 2349 2605 2420 ἐπίμονος.
2639 2347 2747 2399 Ποῦ
2779 2347 2835 2399 δὲ
2866 2345 2971 2417 ἀὴρ
3003 2345 3214 2415 ἐλέχθη,
3246 2345 3343 2397 καὶ
3375 2344 3481 2397 ποῦ
3514 2344 3679 2406 λίθοςς

453 2438 673 2508 propria
712 2448 837 2492 sunt
879 2430 1241 2494 admittebant
1273 2440 1459 2509 magis,
1507 2448 1561 2494 et
1600 2438 1772 2510 magis
1806 2440 2012 2495 diceba-

2117 2442 2276 2503 Λίθος
2312 2440 2407 2510 μὲν
2440 2437 2589 2510 παρὰ
2619 2436 2697 2506 τῷ
2728 2435 2908 2500 Δανῒδ,
2934 2434 3115 2496 καθὼς
3140 2433 3233 2485 καὶ
3263 2435 3291 2485 ὁ
3325 2432 3534 2503 Κύριος
3565 2430 3683 2501 περὶ

454 2544 575 2583 mus
611 2530 775 2583 Deum
825 2544 989 2598 quam
1036 2544 1254 2596 aerem;
1292 2539 1347 2583 ct
1399 2529 1569 2599 magis
1615 2532 1813 2586 bonum
1855 2545 2012 2600 quam

2113 2532 2307 2586 ἑαυτοῦ
2354 2530 2626 2600 ἐξηγεῖται
2670 2528 2871 2597 λέγων·
2925 2526 3221 2579 Οὐδέποτε
3267 2524 3569 2594 ἀνέγνωτε
3620 2526 3684 2575 ἐν

454 2618 722 2686 Spiritum,
776 2617 850 2671 ita
904 2619 993 2674 hic
1048 2619 1207 2675 etiam
1267 2628 1511 2674 extrema
1571 2622 1741 2690 magis
1792 2620 2012 2684 habent,

2118 2621 2244 2687 ταῖς
2269 2619 2530 2688 Γραφαῖς
2554 2635 2567 2649 ⁸
2594 2618 2773 2672 Λίθον
2794 2616 2865 2669 ὃν
2895 2615 3347 2685 ἀπεδοκίμασαν
3372 2618 3429 2668 οὶ
3465 2614 3682 2667 οἰκοδο-

452 2710 709 2775 quoniam
754 2709 916 2763 etiam
968 2710 1293 2766 abstractive
1341 2710 1588 2777 dicimus;
1624 2714 1768 2767 verbi
1800 2714 1967 2783 gratia
2000 2756 2012 2784 ,

2118 2712 2386 2779 μοῦντες,
2412 2709 2583 2773 οὗτος
2612 2706 2860 2776 ἐγενήθη
2891 2708 2976 2771 εις
3005 2704 3281 2773 κεφαλὴν
3310 2706 3567 2774 γωνίας
3596 2703 3684 2756 καὶ

454 2795 627 2867 Magis
693 2813 800 2853 non
852 2800 1165 2868 crapulatur
1204 2814 1365 2870 quam
1411 2815 1515 2855 non
1571 2802 1923 2870 intelligatur,
1961 2809 2012 2857 et

2120 2803 2278 2857 πάλιν
2317 2798 2465 2869 παρὰ
2495 2799 2571 2868 τῷ
2615 2796 2917 2867 Ἀποστόλῳ
2934 2812 2948 2826 ο
2996 2796 3065 2851 Ἦ
3084 2795 3151 2848 δὲ
3175 2794 3364 2863 πέτρα
3392 2795 3475 2863 ἦν
3502 2800 3534 2849 ό
3556 2797 3683 2861 Χρι-

451 2897 669 2944 oa’tera.
702 2889 926 2959 Crapulu
960 2899 1138 2943 autem
1178 2900 1262 2945 est
1294 2892 1509 2959 copiosa
1562 2900 1615 2945 et
1658 2891 2012 2947 vehementis-

2122 2895 2299 2958 στός·
2354 2892 2461 2962 ἀὴρ
2493 2890 2547 2943 δὲ
2591 2888 2727 2942 κατά
2759 2889 2819 2941 τὸ
2851 2891 2907 2941 ὲν
2946 2890 3065 2950 ταῖς
3107 2886 3421 2949 Βασιλείαις
3467 2885 3684 2958 εἰρημέ-

452 2979 586 3033 sima
628 2982 898 3045 ebrietas,
936 2982 1097 3035 veluti
1153 2981 1480 3053 καραπάλη,
1522 2984 1573 3037 id
1613 2993 1694 3038 est
1738 2983 1799 3036 τὸ
1846 2983 2012 3053 κάρα,

2121 3001 2209 3038 νον
2228 2999 2240 3013 ’
2276 2983 2384 3036 Kal
2413 2980 2539 3034 ἰδοὺ
2560 2979 2711 3048 αὖρα
2731 2978 2943 3046 λεπτὴ,
2980 2977 3075 3031 καὶ
3098 2977 3227 3031 ἐκεῖ
3252 2978 3499 3046 Κύριος,

452 3084 547 3128 seu
603 3081 796 3141 caput,
852 3072 1142 3136 πάλλουσα,
1187 3076 1464 3143 quatiens,
1519 3074 1921 3143 plurimumque
1960 3088 2181 3129 movens
2236 3089 2252 3128 :
2313 3072 2471 3144 μῆνις
2515 3082 2692 3127 autem
2742 3085 2846 3125 non
2896 3077 2997 3133 est,
3054 3082 3393 3136 quacunque
3449 3068 3550 3132 ira,
3593 3064 3684 3119 sed

452 3175 799 3230 permanens.
836 3162 934 3217 Ubi
966 3171 1142 3216 autem
1170 3180 1263 3217 aer
1292 3165 1468 3219 dictus
1499 3173 1605 3228 est,
1632 3174 1687 3218 et
1716 3163 1807 3217 ubi
1836 3164 2011 3232 lapis?
2047 3163 2211 3233 Lapis
2251 3164 2467 3232 quidem
2492 3177 2521 3215 a
2564 3160 2764 3216 Davidc
2792 3168 2844 3224 γ,
2875 3159 3015 3214 sicut
3063 3158 3229 3213 etiam
3296 3157 3564 3213 Dominus
3621 3156 3684 3210 de

452 3256 629 3321 seipso
658 3254 907 3321 explicat,
941 3255 1134 3308 aiens:
1167 3252 1416 3323 Nunquid
1456 3254 1653 3323 legistis
1722 3255 1779 3309 in
1845 3254 2136 3324 Scripturis
2190 3270 2208 3308 :
2266 3253 2519 3319 Lapidem
2554 3268 2702 3321 quem
2746 3251 3145 3317 reprobavcrunt
3192 3251 3554 3318 mdificanles,
3600 3251 3682 3301 hic

452 3343 625 3413 fectus
650 3350 725 3395 est
754 3343 808 3395 in
828 3354 981 3412 caput
1010 3345 1191 3415 anguli
1218 3354 1241 3381 ι
1265 3345 1287 3398 ?
1313 3346 1378 3398 Et
1406 3347 1598 3399 iterum
1631 3345 1698 3399 ab
1728 3345 2031 3414 Apostolo:
2068 3344 2229 3398 Petra
2270 3353 2440 3397 autem
2479 3353 2590 3397 erat
2633 3342 2868 3397 Christus
2898 3353 2948 3395 ι.
3003 3341 3111 3395 Aer
3143 3355 3275 3396 vero
3346 3341 3505 3409 juxta
3544 3342 3679 3413 quod

453 3437 652 3491 dictum
679 3444 762 3490 est
799 3437 855 3492 in
885 3438 1040 3493 libris
1060 3439 1298 3508 Regum:
1331 3436 1400 3490 Et
1438 3454 1553 3493 ecce
1589 3454 1723 3491 aura
1751 3438 1946 3503 tenuis,
1968 3448 2017 3490 et
2050 3437 2121 3489 ibi
2159 3435 2413 3489 Dominus
2435 3434 2485 3489 ι’.

465 3583 3649 3611 __________.___________________________________________.

899 3710 1274 3801 CAPUT
1346 3710 1510 3799 1V.

451 3848 605 3916 Quod
643 3848 775 3902 nihil
815 3863 987 3901 rerum
1029 3845 1352 3917 sensibilium
1396 3847 1465 3900 sit
1496 3847 1562 3912 is,
1600 3863 1687 3917 qui
1727 3848 1894 3901 omnis
1932 3844 2009 3899 rei

601 3918 803 3975 sensilis
838 3916 1120 3971 secundum
1156 3915 1511 3970 excellentiam
1545 3915 1619 3971 est
1652 3928 1859 3970 auctor.

2475 3692 3113 3783 ΚΕΦΑΛΑΙΟΝ
3188 3691 3300 3779 Δ’.

2116 3840 2243 3895 Ὀτι
2264 3834 2444 3893 οὐδὲν
2471 3836 2589 3891 τῶν
2611 3833 2909 3900 αἰσθητῶν
2934 3837 2967 3887 ό
2990 3831 3216 3898 παντὸς
3229 3832 3528 3901 αἰσθητοῦ
3552 3818 3672 3885 καθ’

2617 3902 2923 3973 ὑπεροχὴν
2950 3904 3155 3968 αῖτιος.

1728 4026 2058 4085 SYNOPSIS
2089 4021 2377 4082 CAPlTlS.

816 4161 1075 4229 Exempla
1117 4163 1263 4231 ponit
1306 4161 1538 4232 negantis
1574 4160 1862 4231 theologica,
1892 4170 1941 4213 et
1968 4155 2191 4213 ostendit
2237 4154 2491 4227 quomodo
2517 4151 2650 4207 nihil
2691 4149 2877 4205 sensile
2901 4149 3008 4203 Deo
3041 4157 3324 4217 competat.

520 4301 758 4359 Dicimus
781 4316 931 4372 ergo,
955 4315 1168 4356 causam
1199 4299 1458 4362 omnium,
1485 4306 1539 4351 et
1558 4312 1677 4367 qua:
1697 4312 1855 4365 supra
1888 4310 2003 4348 om-

2172 4294 2416 4364 Λέγομεν
2452 4288 2563 4355 οῦν,
2614 4290 2688 4353 ὼς
2736 4291 2769 4360 ἡ
2820 4290 3031 4343 πάντων
3079 4290 3263 4353 αἰτία,
3311 4292 3457 4365 ὑπὲρ
3506 4295 3662 4349 πάντα

450 4394 539 4447 nia
577 4400 683 4458 est,
710 4405 808 4446 nec
846 4389 1112 4453 assentire,
1161 4402 1260 4443 nec
1300 4387 1444 4451 vitae,
1484 4402 1585 4441 nec
1622 4386 1865 4450 rationis,
1906 4398 2005 4439 nec

454 4482 651 4538 mentis
681 4488 953 4551 expertem
979 4494 1121 4543 esse,
1146 4492 1322 4547 neque
1351 4490 1549 4544 corpus
1594 4475 1879 4536 exsistere,
1910 4489 2007 4528 ne-

446 4589 551 4643 que
580 4574 823 4645 ﬁguram,
849 4586 1024 4642 neque
1044 4571 1354 4640 qualitatem
1383 4577 1475 4621 aut
1512 4568 1867 4635 quantitatem
1911 4573 2005 4619 aut

449 4666 643 4722 molem
675 4665 898 4728 habere,
937 4677 1112 4732 neque
1164 4662 1216 4715 in
1264 4662 1381 4714 loco
1424 4673 1563 4723 esse,
1595 4672 1767 4727 neque
1812 4659 2003 4721 videri,

449 4770 625 4826 neque
664 4763 863 4810 tactum
909 4754 1160 4809 sensilem
1202 4750 1422 4812 habere,
1449 4761 1625 4817 neque
1654 4747 1874 4809 sentire,
1903 4761 2005 4800 nec

446 4844 547 4898 sub
568 4858 784 4899 sensum
824 4841 1043 4906 cadere,
1088 4855 1188 4895 nec
1226 4836 1677 4893 inordinationem
1722 4835 2002 4889 admittere

444 4943 537 4988 aut
562 4932 1019 5003 perturbationem
1051 4946 1079 4983 a
1109 4928 1449 4999 passionibus
1498 4924 1865 4979 materialibus
1901 4937 1999 4977 ex-

443 5024 685 5088 citatam,
718 5036 819 5077 nec
853 5020 1170 5075 imbecillem
1198 5033 1317 5072 esse
1356 5025 1412 5071 et
1451 5013 1737 5070 sensilibus
1785 5013 1997 5067 casibus

2099 4379 2253 4446 οῦσα,
2285 4382 2407 4435 οὔτε
2440 4380 2683 4443 ἀνούσιός
2715 4381 2879 4443 ἐστιν,
2915 4377 3036 4431 οὔτε
3067 4377 3265 4444 ἇζωος,
3305 4382 3432 4436 οὒτε
3467 4384 3662 4452 ἄλογος,

2100 4474 2223 4528 οὔτε
2254 4474 2429 4537 ἄνους,
2462 4472 2583 4525 οὐδὲ
2628 4470 2784 4541 σῶμά
2826 4472 2998 4523 ἐστιν·
3027 4468 3147 4522 οὔτε
3184 4472 3398 4543 σχῆμα,
3434 4475 3553 4528 οὕτε
3594 4473 3662 4527 εἶ.

2100 4564 2207 4625 δος,
2237 4560 2359 4614 οὗτε
2406 4559 2682 4629 ποιότητα,
2716 4559 2749 4628 ἦ
2784 4558 3070 4626 ποσότητα,
3104 4557 3137 4627 ἢ
3172 4559 3340 4627 ὄγκον
3379 4562 3525 4631 ἔχει’
3557 4563 3661 4615 οὐδὲ

2102 4654 2159 4705 ὲν
2188 4651 2335 4721 τόπῳ
2368 4651 2536 4712 ἐστὶν,
2574 4646 2695 4700 οὕτε
2743 4648 2955 4718 ὁρᾶται,
2988 4645 3109 4699 οὔτε
3142 4649 3365 4720 ἐπαφὴν
3412 4652 3661 4720 αἰσθητὴν

2102 4740 2245 4811 ἔχει⁸
2298 4740 2418 4793 οὐδὲ
2465 4738 2805 4799 αἰσθάνεται,
2853 4735 2974 4789 οὔτε
3028 4736 3257 4807 αἰσθητή
3312 4742 3497 4802 ἐστιν,
3554 4740 3656 4792 οὐδὲ

2100 4831 2325 4898 ἀταξίαν
2375 4830 2484 4900 ἔχει
2530 4829 2624 4882 καὶ
2659 4828 2929 4899 ταραχὴν,
2966 4826 3071 4880 ὑπὸ
3109 4827 3302 4880 παθῶν
3334 4828 3538 4883 ὑλικὼν
3580 4832 3656 4882 ὲν-

2099 4922 2425 4993 οχλουμένη·
2476 4920 2600 4973 οὔτε
2653 4918 2920 4988 ἀδύναμός
2948 4917 3095 4969 ἐστιν
3144 4918 3187 4982 ⁷,
3227 4918 3512 4989 αἰσθητοῖς
3542 4921 3656 4972 ὐπο-

2098 5011 2320 5081 κειμένη
2371 5009 2781 5081 συμπτώμασιν,
2815 5005 2935 5059 οὔτε
2981 5009 3039 5060 ἐν
3084 5006 3261 5077 ἐνδείᾳ
3307 5008 3431 5061 ἐστὶ
3474 5008 3651 5077 φωτὸς,

443 5113 767 5176 obnoxium;
818 5123 992 5179 neque
1035 5108 1173 5178 lucis
1213 5107 1452 5175 indigum
1504 5102 1793 5167 exsistere,
1821 5115 1994 5169 neque

2113 5102 2211 5155 ιύδὲ
2244 5101 2544 5165 ἀλλοίωσιν,
2578 5100 2611 5169 ἦ
2646 5098 2867 5169 φθορὰν,
2913 5096 2947 5166 ἢ
2996 5096 3286 5167 μερισμὸν,
3318 5096 3357 5168 ἦ
3392 5098 3649 5170 στέρησιν,

443 5203 790 5257 mutationem
814 5208 908 5255 aut
926 5197 1352 5267 corruptionem,
1378 5206 1553 5264 neque
1573 5190 1796 5259 ﬂuxum,
1821 5203 1992 5258 neque

2113 5190 2126 5260 δ
2162 5190 2362 5263 ρεῦσιν,
2395 5188 2516 5242 οὔτε
2560 5188 2687 5241 ἄλλο
2729 5204 2783 5239 τι
2827 5185 2933 5241 τῶν
2977 5184 3274 5257 αἰσθητῶν,
3322 5186 3452 5243 οὔτε
3502 5185 3648 5248 ἐστὶν,

440 5293 734 5363 quidquam
759 5300 907 5356 sunt,
924 5289 1006 5345 vel
1030 5303 1171 5353 esse,
1196 5294 1280 5342 vel
1311 5290 1534 5339 habere.

2095 5278 2215 5332 οὔτε
2248 5278 2376 5350 ἔχει.

581 5455 611 5495 1
643 5443 787 5500 Psal.
819 5458 985 5509 cxvu,
1019 5441 1109 5496 22.
1186 5450 1207 5477 ι
1242 5440 1375 5494 Luc.
1412 5454 1503 5503 xx,
1540 5434 1627 5490 l7.
1696 5446 1724 5475 ι
1758 5432 1779 5486 ι
1811 5432 1934 5489 Cor.
1971 5449 2012 5486 χ.

2177 5432 2204 5472 δ
2237 5431 2303 5487 lll
2335 5433 2466 5504 Reg.
2503 5447 2615 5498 xIx,
2652 5430 2740 5484 12.

1701 5544 1934 5600 VARIIE

516 5665 663 5723 ἰω
688 5669 844 5724 lectio
878 5669 930 5723 in
956 5668 1020 5722 D.
1050 5675 1286 5734 notatur,
1321 5662 1578 5730 ἀδύνατός
1612 5665 1780 5716 ἐστιν.

1998 5544 2395 5603 LECTIONES.
