3772 6306
451 348 589 403 1013
1624 355 1681 412 S.
1716 355 2014 413 DIONYSII
2045 354 2501 413 AREOPAGITE
3545 353 3677 411 10“

451 473 629 527 potest
660 479 778 540 esse
805 464 1005 532 aliquid
1032 465 1085 520 in
1122 467 1328 540 seipse,
1356 468 1487 537 quin
1519 485 1549 523 a
1580 473 1761 540 seipso
1788 472 2153 527 contineatur.
2189 470 2300 526 Etsi
2336 470 2477 540 enim
2505 467 2649 523 Deus
2681 483 2744 523 ex
2779 483 2869 531 se,
2902 477 2960 540 et
2983 468 3100 538 ipse
3127 467 3366 540 seipsum
3403 470 3675 540 continet:

448 543 626 586 tamen
662 534 773 587 lieri
809 550 913 588 non
946 544 1147 603 potest,
1186 534 1246 590 ut
1282 534 1423 592 idem
1465 534 1741 594 contineat
1770 551 1825 594 et
1865 556 1893 595 a
1932 557 1989 595 se
2034 542 2398 595 contineatur.
2446 538 2503 592 Si
2558 547 2734 593 autem
2784 540 2851 591 ah
2898 534 3017 593 alio
3056 534 3389 602 continetur,
3442 538 3549 590 hoc
3599 548 3677 591 est

489 606 591 655 uod
621 603 931 679 dicebamus
959 604 1025 658 ad
1058 605 1259 679 ﬁguras
1298 608 1597 675 pertinere.
1643 608 1808 664 Caret
1848 612 2013 664 etiam
2055 610 2281 672 colore,
2309 609 2433 679 quia
2464 617 2553 662 est
2579 608 2882 679 substantia
2919 624 3041 676 qua:
3071 617 3285 679 nonest
3323 606 3374 660 in
3415 604 3674 674 subjecto.

489 619 591 655 non
621 619 931 657 uicenamus
959 619 1025 658 ad
1058 619 1259 672 nguras
1298 619 1597 675 pertinere.
1643 619 1808 664 tiaret
1848 619 2013 664 etiam
2055 619 2281 672 colore,
2309 619 2433 679 quia
2464 619 2553 662 est
2579 619 2882 663 substantia
2919 624 3041 676 qua:
3071 623 3175 661 non
3203 619 3285 659 est
3323 621 3374 660 in
3415 619 3674 674 50018010.

446 619 729 747 Quomodo
767 674 994 747 recipiet
1016 674 1237 747 colores
1257 715 1273 740 ,
1318 693 1439 745 qua:
1469 694 1573 732 non
1612 688 1792 747 potest
1817 680 2010 733 cadere
2042 680 2141 734 sub
2179 689 2488 746 aspectum,
2528 678 2620 746 qui
2662 678 2875 732 colores
2898 677 3199 733 discernit?
3230 674 3383 747 Sicut
3414 690 3546 747 ergo
3575 692 3674 747 non

386 747 412 783 Α
443 741 667 820 cstluec
698 742 879 795 omnia
908 744 1101 820 divina
1128 741 1350 811 unitas,
1379 747 1470 820 sic
1501 741 1868 820 neque‘liahet
1899 741 2305 820 universitatem
2336 748 2419 820 vel
2438 741 2782 820 universum,
2812 748 2958 820 quod
2992 756 3173 820 partes
3209 745 3440 820 recipiat
3475 741 3674 820 alioqui

444 811 646 884 incidet
683 812 955 884 utrumvis
983 828 1171 867 eorum
1210 829 1331 884 quin
1361 811 1619 871 diximus.
1660 815 1849 873 Omnis
1875 819 2021 871 enim
2059 821 2260 883 oratio,
2283 817 2367 872 vel
2395 816 2621 871 effertur
2655 811 2904 871 universe
2935 811 3451 881 in'universis,'aut
3473 815 3528 869 in
3558 811 3673 869 uni-

440 879 616 959 versis
657 896 764 959 non
789 883 1062 959 universe,
1104 885 1199 959 sed
1221 879 1644 959 particulariter,
1674 895 1731 939 ut
1764 888 1843 941 ait
1868 887 2156 959 Dionysius
2187 879 2306 956 cap.
2342 887 2403 940 11
2434 885 2511 939 De
2543 887 2737 959 divinis
2765 885 3083 959 nominibus.

516 947 696 1015 Neque
723 952 778 1004 in
813 951 926 1005 loco
954 969 1089 1026 esse.
1116 947 1232 1026 Hoc
1260 956 1403 1008 enim
1444 947 1720 1023 pr0prium
1756 966 1841 1011 est
1882 947 2166 1026 corporum
2204 947 2268 1012 et'
2294 956 3065 1026 rerumcireumscriptarum,
3094 954 3238 1026 Deus
3270 961 3454 1007 autem
3494 954 3672 1009 incor-

440 1032 638 1095 poreus
662 1031 768 1083 est,
794 1030 850 1073 et
875 1022 1023 1095 nullo
1057 1024 1291 1095 termino
1323 1022 1793 1095 circumscriptus,
1828 1022 1997 1092 quare
2027 1042 2126 1082 nec
2155 1028 2268 1095 ipse
2291 1036 2376 1080 est
2404 1027 2455 1080 in
2486 1024 2644 1089 loco,
2681 1022 2855 1093 neque
2885 1040 3005 1093 quae
3038 1024 3091 1077 in
3126 1024 3241 1092 ipso
3270 1034 3397 1095 sunt
3422 1034 3673 1093 tanquam

441 1089 494 1167 in
527 1088 651 1167 loco
680 1099 848 1169 sunt;
877 1094 977 1169 sed
1003 1091 1165 1145 habet
1187 1107 1247 1169 ea
1284 1103 1341 1147 ut
1370 1094 1603 1169 seipsuin
1638 1088 1864 1169 habens,
1889 1106 1944 1149 et
1978 1096 2032 1169 i_n
2060 1098 2138 1169 eis
2164 1088 2462 1169 insistens,
2487 1094 2740 1169 omnibus
2762 1088 2973 1164 quidem
2997 1088 3159 1148 simul
3181 1088 3593 1159 exsistentibtis,
3624 1105 3674 1148 et

440 1159 494 1210 in
525 1159 838 1234 impartihili
873 1160 926 1234 in
958 1162 1073 1229 ipso
1101 1159 1511 1234 exsistentibus,
1538 1164 1814 1219 distinctis
1839 1180 1967 1219 vero
1990 1166 2044 1219 in
2079 1165 2389 1234 impartibili
2416 1159 2836 1234 iinpartibilite'r.

519 1225 697 1303 Neque
734 1230 929 1296 videri,
967 1225 1073 1285 etc.
1106 1232 1329 1303 Divinus
1360 1225 1664 1303 Diodbchus
1704 1245 1761 1290 et
1802 1234 2001 1289 silentii
2049 1225 2308 1302 magister
2329 1226 2349 1303 ,
2378 1235 2430 1289 in
2468 1225 2653 1289 libello
2685 1232 2758 1286 De
2796 1232 3066 1302 spirituali
3091 1232 3415 1302 perfectione
3442 1250 3462 1288 :
3488 1232 3671 1297 Nemo,

438 1296 639 1373 inquit,
663 1314 783 1373 cum
813 1314 1029 1373 sensum
1058 1302 1259 1355 mentis
1288 1302 1473 1369 audit,
1502 1313 1683 1371 speret
1707 1304 1895 1359 videre
1924 1304 2097 1359 oculis
2129 1296 2355 1373 gloriam
2388 1305 2505 1359 Dei.
2538 1303 2756 1358 Sentire
2781 1296 2925 1357 enim
2949 1317 3067 1357 eain
3090 1296 3322 1357 dicimus
3345 1315 3509 1369 gustu
3545 1319 3674 1371 quo-

438 1368 977 1443 dam,qu_i_exprouii
1014 1385 1119 1424 non
1148 1380 1365 1440 potest,
1402 1368 1597 1426 divina:
1624 1375 2047 1437 consolationis,
2082 1368 2209 1429 etim
2239 1375 2360 1443 quis
2386 1374 2619 1427 animam
2645 1374 2989 1443 purgaverit;
3029 1388 3135 1426 non
3180 1368 3369 1427 autem
3410 1368 3673 1443 apparere

442 1439 493 1511 ei
530 1438 735 1505 aliquid
766 1454 1116 1511 eoruinqua:
1146 1438 1245 1494 sub
1283 1452 1558 1509 aspectum
1583 1442 1785 1496 cadunt
1810 1461 1826 1497 :
1855 1444 2120 1511 siquidem
2153 1438 2297 1497 nun'c
2324 1458 2420 1511 per
2446 1444 2605 1498 tidem
2629 1438 2660 1506 ,”
2680 1452 2734 1497 et
2754 1438 2868 1496 non
2908 1456 3005 1510 per
3030 1443 3272 1510 tspeciem
3315 1438 3671 1505 ambulamus,

442 1459 493 1490 ei
530 1459 735 1505 anquiu
766 1459 955 1493 eorum
995 1459 1116 1507 qua:
1146 1459 1245 1494 sun
1283 1459 1558 1509 aspecwm
1583 1459 1785 1496 cadunt
1810 1461 1826 1497 ι
1855 1459 2120 1511 διίιιιιαειῐι
2153 1459 2297 1497 nunc
2359 1459 2420 1497 er
2446 1459 2605 1498 tidem
2629 1483 2643 1506 ,
2680 1459 2734 1497 et
2764 1459 2868 1496 non
2908 1459 3005 1510 per
3030 1459 3272 1510 tspecnem
3315 1459 3671 1505 autumamus,

434 1509 902 1583 sicut_Apostoltis
932 1510 1009 1583 ait
1043 1508 1102 1565 τε
1132 1512 1187 1564 Si
1213 1512 1298 1566 cui
1334 1512 1497 1580 igitur
1518 1528 1705 1565 eorum
1740 1513 1833 1581 qui
1875 1523 2086 1567 certant
2113 1512 2227 1583 (56)
2256 1459 2575 1579 verlumen,
2601 1513 2683 1565 vel
2715 1511 3207 1583 figuraquaapiam,
3242 1512 3327 1583 vel
3367 1512 3572 1583 aliquid
3607 1514 3671 1565 ad

433 1579 849 1651 similitudinem
883 1580 1025 1647 ignis
1058 1579 1460 1651 appareatpne
1487 1579 1883 1648 amplectamur
1912 1579 2216 1651 huiusmodi
2251 1584 2425 1636 visum
2454 1599 2469 1647 ;
2526 1591 2610 1637 est
2644 1579 2788 1636 enim
2833 1581 3046 1635 fallacia
3104 1580 3310 1636 inimici
3337 1579 3667 1651 _nianifesta.

432 1651 568 1718 Quae
616 1649 832 1721 quidem
884 1664 973 1721 res
1008 1652 1204 1721 multos
1240 1649 1463 1714 fefellit,
1508 1654 1599 1719 qui
1635 1663 1857 1719 prepter
1890 1648 2256 1721 ignorantiam
2292 1667 2321 1705 a
2355 1652 2442 1706 via
2478 1654 2724 1705 veritatis
2759 1650 2898 1706 male
2930 1653 3286 1705 dellexerunt.
3334 1648 3399 1705 B.
3436 1652 3671 1720 Chryso-

436 1732 645 1774 stomus
681 1720 733 1772 in
769 1718 1018 1774 oratione
1049 1719 1127 1774 De
1150 1718 1574 1783 incontpreltenso
1609 1718 1817 1786 {Quod
1866 1718 1937 1775 iif
1956 1723 2066 1775 Deo
2113 1731 2197 1776 est
2243 1724 2747 1790 incomprehensum
2775 1760 2792 1785 ,
2842 1736 2947 1775 non
2996 1721 3074 1775 sic
3126 1736 3223 1775 nos
3269 1722 3499 1786 scimus,
3533 1718 3673 1775 sicut

435 1790 542 1844 illa:
595 1797 911 1859 potestates,
948 1805 1067 1859 quae
1104 1801 1252 1845 tanto
1302 1791 1472 1860 magis
1525 1790 1723 1854 sciunt,
1776 1802 1985 1860 quanto
2015 1793 2363 1855 mundiores,
2413 1802 2470 1845 et
2501 1793 2883 1860 sapientiores,
2917 1800 2973 1843 et
3025 1791 3474 1859 perspicaciores,
3511 1805 3670 1859 quam

435 1863 669 1914 humana
706 1870 900 1914 natura
934 1870 1079 1913 sunt.
1127 1861 1383 1916 Accretio
1430 1861 1573 1927 enim
1609 1861 1890 1929 sapientia:
1936 1864 2299 1917 aecretionem
2366 1864 2683 1916 reverentiae
2728 1870 2893 1920 creat,
2943 1860 3081 1913 sicut
3124 1861 3175 1913 id
3211 1860 3356 1928 quod
3393 1876 3461 1913 ex
3512 1863 3675 1914 radiis

433 1930 564 1985 solis
609 1944 713 1983 non
759 1939 938 1998 potest
970 1940 1225 1998 aspectus
1260 1932 1426 1985 ferre.
1462 1929 1580 1984 Non
1615 1931 1693 1986 sic
1747 1932 1923 1985 cernit
1959 1946 2170 1995 caicus,
2204 1933 2346 1985 sicut
2387 1932 2481 1998 qui
2533 1931 2680 1987 videt
2715 1946 2730 1983 :
2765 1932 2829 1983 ad
2876 1931 3123 1983 eumdem
3160 1930 3380 1982 modum
3415 1934 3561 1998 quod
3594 1938 3677 1983 est

434 2002 487 2054 in
526 2000 634 2053 Deo
676 2000 1211 2067 incomprehensum,
1245 2018 1351 2057 non
1386 2004 1466 2054 sic
1500 2015 1636 2065 nos,
1672 2010 1730 2054 ut
1763 2001 1878 2066 illi,
1915 2003 2316 2071 cognoscimus.
2352 2000 2625 2066 Quantum
2660 2000 2805 2054 enim
2836 2000 3067 2071 interes't
3098 2000 3239 2052 inter
3271 2013 3476 2071 caecum
3513 2008 3567 2053 et
3598 2003 3676 2052 vi-

432 2072 669 2133 dentem,
721 2081 927 2123 tantum
974 2070 1199 2124 interest
1241 2072 1385 2125 inter
1430 2086 1531 2126 nos
1582 2081 1636 2126 et
1688 2072 1829 2125 illos.
1879 2072 1946 2125 Et
1991 2069 2182 2124 rursus
2234 2070 2373 2124 idem
2433 2071 2486 2124 i'n
2545 2070 2737 2123 iisdem
2778 2086 2793 2124 :
2830 2070 2906 2123 llli
2967 2070 3133 2137 igitur
3191 2069 3370 2137 angeli
3428 2083 3676 2137 aspecms

433 2152 660 2210 tegunt,
717 2140 768 2193 hi
823 2156 954 2195 vero
1008 2139 1208 2210 alioqui
1257 2141 1504 2195 homines
1558 2144 1895 2196 contendunt
1948 2142 2228 2195 intendere
2287 2140 2475 2195 oculos
2524 2141 2864 2209 impudenter
2921 2137 2975 2191 in
3033 2138 3276 2210 gloriam
3323 2139 3674 2207 inexplicabi-

442 2208 555 2266 tetii.
591 2209 721 2275 Quis
755 2225 848 2265 eos
882 2226 987 2263 non
1020 2209 1249 2279 deﬂeat?
1282 2211 1403 2279 quis
1437 2227 1543 2264 non
1588 2210 1770 2279 lugeat
1805 2214 1944 2265 hanc
1976 2214 2282 2264 vecordiam
2337 2220 2392 2264 et
2421 2208 2720 2279 extremam
2763 2210 3130 2279 dementiam?
3164 2208 3231 2261 Et
3268 2209 3468 2262 iterum
3505 2212 3667 2271 idem,

426 2297 554 2335 cum
605 2280 857 2348 explanat
890 2280 1019 2334 illud
1056 2296 1071 2332 :
1120 2277 1356 2334 Vidimus
1388 2281 1611 2350 gloriam
1649 2277 1786 2349 ejus,
1822 2282 2045 2349 gloriam
2078 2283 2228 2349 quasi
2264 2281 2517 2350 unigeniti
2550 2296 2582 2332 a
2616 2277 2780 2350 Putre
2819 2278 2868 2331 ⁸.
2902 2278 3288 2350 Non,inquit,
3327 2280 3670 2350 vidissemus,

429 2352 534 2405 nisi
567 2345 897 2419 per'corpus
932 2350 1091 2404 nobis
1123 2345 1420 2415 assuetum,
1458 2360 1511 2403 et
1538 2345 2040 2414 nobiscum'altutn,
2072 2345 2231 2405 nobis
2264 2345 2627 2419 app'aruiSset.
2658 2348 2727 2402 Et
2758 2350 2933 2403 adhuc
2970 2345 3284 2419 inlion'iilia
3319 2348 3390 2402 15
3419 2351 3475 2400 in
3507 2345 3674 2401 Joan-

430 2416 597 2474 nem':
626 2420 682 2472 Si
737 2416 905 2473 Deum
934 2435 1082 2472 nemo
1114 2420 1243 2472 vidit
1284 2436 1513 2489 unquam
1551 2420 1603 2486 ιι,
1653 2421 1780 2486 quid
1818 2421 2004 2488 igitur,
2052 2420 2252 2488 inquit,
2289 2416 2738 2489 respondebimus
2770 2419 3126 2487 grandiloquo
3169 2416 3347 2481 Isaiae,
3387 2434 3513 2471 cum
3548 2420 3622 2471 ait
3655 2436 3670 2473 ;

445 2490 563 2542 Vidi
598 2490 761 2560 57o
795 2489 1077 2560 Dominum
1111 2486 1377 2560 sedentem
1414 2505 1568 2558 super
1594 2490 1785 2543 solium
1817 2486 2075 2560 eIt'celsum
2113 2486 2159 2543 et
2200 2486 2453 2542 eleuatum
2491 2489 2560 2543 ii
2592 2498 2646 2560 et
2682 2486 2902 2560 Joa’ttni,
2936 2486 3127 2560 qui’eir
3152 2488 3674 2560 testiin0tt_iumpr:e-

428 2560 540 2625 hct,
582 2553 982 2614 υῆιῖιὶιιιεηαξε
1012 2559 1149 2611 dixit
1175 2561 1386 2628 quando
1425 2553 1551 2612 vidit
1580 2560 1805 2628 gloriam
1841 2559 1954 2628 ejus
1989 2559 2056 2613 η
2092 2560 2231 2624 Quid
2264 2560 2572 2614 Ezechieli?
2605 2559 2873 2627 siquidem
2914 2553 3025 2627 ipse
3060 2559 3223 2611 etiam
3261 2553 3560 2612 vidit’euni
3590 2576 3673 2612 se-

430 2639 645 2684 dentem
672 2644 835 2697 super
861 2628 1139 2682 cherubim
1179 2628 1221 2682 ι.
1251 2629 1390 2695 Quid
1411 2629 1661 2683 Danieli?
1703 2645 1821 2682 cum
1856 2632 1970 2683 ait:
1996 2630 2255 2698 Anttquus
2298 2633 2503 2682 dierum
2534 2630 2667 2683 sedit
2709 2639 2767 2681 ω.
2806 2628 2943 2691 Quid
2974 2628 3183 2697 Moysi?
3225 2629 3316 2696 qui
3356 2630 3499 2682 dixit
3533 2646 3547 2681 :
3576 2628 3673 2681 Os-

428 2701 580 2752 tende
611 2701 741 2752 mi/ti
788 2699 976 2767 faciem
1019 2706 1165 2751 tuam
1196 2740 1212 2765 ,
1250 2709 1309 2753 ut
1348 2702 1510 2752 sciant
1547 2710 1596 2752 te
1628 2708 1678 2753 ιι.
1721 2698 1889 2753 Jacob
1924 2711 2104 2752 autem
2139 2702 2263 2753 hinc
2296 2716 2489 2752 nomen
2523 2699 2762 2765 accepit,
2813 2702 3228 2765 cognominatus
3260 2699 3457 2765 lsrael,
3483 2698 3537 2751 id
3571 2709 3669 2763 est,

438 2766 633 2824 Videtis
666 2766 833 2823 Deum
864 2774 911 2838 ο.
948 2768 1089 2835 Quid
1122 2770 1281 2837 igitur
1307 2769 1384 2823 ait
1410 2768 1647 2824 Joannes
1675 2788 1689 2823 :
1725 2770 1893 2821 Deum
1929 2785 2076 2838 nemo
2104 2769 2237 2822 vidit
2274 2785 2505 2838 unquam
2532 2769 2609 2823 1’?
2645 2767 2843 2837 Liquet
2878 2768 3065 2822 omnia
3105 2767 3195 2820 illa
3230 2768 3299 2820 ad
3329 2772 3669 2822 condescen-

427 2839 638 2893 sionein
674 2837 1025 2908 pertinuisse.
1068 2840 1207 2904 Quia
1242 2843 1385 2893 enim
1413 2841 1657 2894 futurum
1694 2848 1851 2904 erat,
1894 2850 1959 2892 ιιι·
1989 2837 2163 2892 Filius
2200 2839 2294 2894 Dei
2332 2837 2382 2893 in
2421 2853 2547 2892 vera
2581 2853 2746 2893 carne
2779 2847 3089 2907 appareret,
3126 2838 3543 2908 assuefaciebat
3582 2853 3670 2892 eos

430 2924 461 2978 a
498 2906 767 2978 principio
813 2910 953 2963 Deus
988 2912 1041 2963 in
1075 2908 1245 2977 gloria
1283 2909 1379 2965 Dei
1430 2908 1694 2974 videnda,
1728 2918 1992 2977 quantum
2039 2910 2108 2962 ab
2154 2910 2235 2963 eis
2268 2909 2437 2963 videri
2475 2918 2713 2978 poterat.
2762 2909 2901 2973 Quid
2934 2910 3079 2963 enim
3112 2908 3184 2959 sit
3217 2906 3397 2974 Deus,
3437 2922 3549 2961 non
3589 2922 3673 2961 so-

426 2977 539 3049 lum
578 2982 889 3047 praphetaa,
927 2982 1023 3034 sed
1070 2993 1170 3032 nec
1216 2978 1395 3049 angeli
1426 3020 1441 3045 ,
1496 2994 1598 3033 nec
1630 2978 1943 3048 archangeli
1982 2979 2266 3044 viderunt;
2304 2980 2453 3032 solus
2486 2977 2658 3034 Filius
2690 2986 2746 3031 et
2778 2979 3017 3046 Spiritus
3049 2987 3270 3049 sanctus
3303 2992 3435 3030 eum
3471 2977 3670 3031 vident.

426 3047 715 3115 Quomodo
748 3050 890 3103 enini
927 3050 1104 3103 omnis
1138 3047 1332 3109 natura
1368 3060 1564 3118 creata,
1584 3050 1769 3103 videre
1810 3047 2012 3118 poterit
2035 3064 2139 3102 non
2175 3049 2461 3102 creatum?
2513 3048 2642 3102 Nam
2676 3050 2721 3102 si
2755 3049 3038 3116 potestatis
3071 3048 3452 3118 incorporeas,
3489 3062 3673 3116 quam-

424 3121 512 3172 vis
543 3127 743 3173 creata:
769 3158 785 3184 ,
823 3120 1086 3174 visionem
1122 3119 1327 3174 claram
1363 3115 1580 3187 penitus
1614 3115 1947 3186 capere'non
1968 3120 2293 3187 possumus(
2316 3127 2371 3171 et
2411 3118 2530 3187 hoc
2564 3115 3021 3187 saepenunieroin
3057 3115 3275 3187 angelis
3313 3115 3671 3170 demonstra-

424 3198 543 3241 tum
578 3191 708 3259 est),
743 3190 913 3243 multo
943 3185 1460 3259 magis_substantia3
1484 3203 1589 3242 non
1612 3185 1829 3242 creatis.
1850 3185 2066 3259 idcirco
2098 3185 2298 3241 Paulus
2332 3187 2409 3242 ait
2443 3203 2459 3241 :
2498 3185 2686 3259 ριιειιιΔ
2714 3186 2889 3259 nullus
2932 3186 3202 3259 hominum
3230 3185 3364 3259 vidit
3390 3228 3405 3254 ,
3445 3191 3539 3239 sed
3582 3201 3669 3259 nec

423 3259 597 3312 uidere
629 3256 795 3328 potest
829 3269 881 3311 ιι.
921 3259 985 3312 Ει
1018 3256 1083 3313 de
1118 3257 1255 3312 Filio
1288 3259 1438 3322 dicit,
1466 3276 1571 3313 non
1607 3273 1728 3311 esse
1774 3256 2159 3328 aspectabilem
2198 3274 2302 3311 non
2336 3259 2510 3313 solum
2545 3256 2885 3328 hominibus,
2922 3258 3018 3328 sed
3050 3266 3105 3310 et
3130 3257 3355 3328 superis
3390 3257 3673 3326 potestati-

424 3328 527 3401 bus
564 3326 941 3401 I’.‘i’ostqu_atn
978 3329 1124 3382 enim
1158 3330 1319 3401 paulo
1345 3338 1473 3401 post
1503 3329 1641 3383 dixit
1674 3328 1897 3401 Paulus,
1934 3326 2305 3401 Manifestum:
2334 3341 2408 3381 est
2455 3331 2509 3401 in
2540 3326 3365 3401 carne;_subjui_i_xit:Apparuit
3406 3328 3607 3395 angelis
3627 3336 3669 3383 ε.

423 3397 614 3467 itaque
650 3410 775 3451 tunc
812 3399 959 3452 visus
985 3408 1068 3453 est
1102 3396 1577 3467 angeiisfquando
1607 3412 1827 3453 Carnem
1862 3397 2053 3451 induit.
2090 3398 2196 3450 Sed
2230 3400 2679 3467 quomodo_nunc
2708 3397 2838 3451 dicit
2872 3413 2887 3449 :
2926 3396 3010 3450 Ne
3036 3398 3389 3467 contemnatis
3415 3412 3581 3448 unum
3610 3411 3672 3448 ea:

430 3465 508 3517 his
532 3469 769 3569 pusillis.
805 3469 939 3569 Dicol
952 3469 1091 3521 enim
1113 3469 1272 3569 uultis,
1304 3464 1429 3537 quia
1453 3470 1624 3569 angeli
1650 3484 1831 3521 eorum
1866 3483 2064 3534 semper
2091 3464 2268 3520 vident
2291 3468 2477 3569 [acuent
2501 3465 2680 3521 Patris
2706 3467 2824 3531 mei,
2848 3467 2938 3569 qui;
2968 3468 3021 3569 iu
3044 3464 3185 3519 caelis
3210 3476 3282 3517 est
3322 3468 3380 3519 ιζ)
3412 3467 3553 3532 Quid
3577 3467 3671 3535 igi-

430 3544 517 3569 ιιη-
648 3540 891 3569 οιηίμηιηο
945 3544 1081 3569 inlini
1165 3554 1257 3569 una
1326 3551 1373 3569 nl
1408 3540 1460 3569 ἱ..
1498 3554 1580 3569 Iun
1607 3540 1647 3569 iu
1683 3540 2131 3569 ηἱι-,ιιιηωιηηιιιιιια
2167 3549 2242 3569 nul
2276 3544 2298 3569 ν
2334 3546 2348 3569 ι
2387 3541 2455 3569 υἱ,
2511 3554 2642 3569 ιηιηη
2675 3548 2751 3569 μαι
2797 3552 2918 3569 nun.
2972 3556 2983 3569 .
3012 3539 3206 3569 ἱνίιιιιι·
3246 3538 3387 3569 eius"
3434 3553 3558 3569 .m...
3591 3538 3670 3569 .ii-

426 3536 554 3608 tur?
597 3536 891 3608 Facietnne
925 3539 1089 3591 habet
1119 3538 1286 3602 Deus,
1318 3536 1380 3592 et
1407 3540 1462 3591 in
1498 3540 1649 3592 cmlis
1682 3540 2134 3604 circumscriptus
2166 3549 2248 3591 est
2276 3544 2298 3590 ἴ
2334 3540 2478 3603 Quid
2510 3554 2642 3608 ergo
2674 3548 2758 3589 est
2797 3538 2940 3605 quod
2972 3539 3209 3608 dicitur;
3244 3538 3396 3589 sicut
3434 3553 3559 3590 cunt
3591 3538 3670 3588 di-

424 3606 503 3659 cit
538 3623 552 3659 :
582 3607 733 3661 Beati
775 3610 970 3660 mundo
1012 3614 1187 3673 corde,
1220 3609 1470 3676 quoniam
1508 3610 1604 3676 ipsi
1651 3609 1815 3660 Deum
1846 3608 2091 3660 uidebunt
2127 3613 2175 3662 ιι.
2211 3612 2503 3675 Aspeetuin
2540 3606 2760 3672 mentis,
2794 3622 2956 3674 quem
2992 3607 3193 3660 habere
3234 3609 3583 3672 poterimus,
3618 3617 3668 3659 et

425 3677 711 3731 notionem
765 3679 829 3729 de
865 3678 977 3731 Deo
1010 3679 1143 3731 dicit
1181 3696 1194 3732 τ
1230 3694 1311 3734 ste
1345 3690 1399 3733 et
1445 3684 1497 3732 in
1554 3680 1761 3746 angelis
1810 3679 2275 3745 interpretandum
2322 3689 2436 3742 est,
2471 3687 2693 3748 propter
2738 3692 2933 3747 puram
2978 3678 3223 3746 ipsorum
3259 3686 3319 3729 et
3353 3678 3663 3747 vigilantem

421 3755 700 3811 naturam,
739 3748 873 3800 nihil
906 3747 1052 3817 aliud
1092 3764 1253 3816 quam
1294 3749 1463 3803 Deuni
1498 3762 1712 3817 semper
1746 3756 2006 3817 cogitare.

496 3818 596 3872 Ubi
630 3828 791 3883 nota,
842 3831 967 3871 cum
1018 3815 1205 3873 Patres
1236 3820 1423 3872 dicunt
1458 3815 1658 3872 nullam
1709 3815 2016 3872 creaturam
2052 3817 2239 3872 videre
2282 3819 2451 3872 Deum
2489 3831 2681 3886 posse,
2720 3816 3099 3886 intelligendos
3137 3831 3261 3870 esse
3293 3815 3365 3869 de
3403 3816 3662 3883 naturali,

422 3886 506 3938 vel
534 3888 601 3939 de
643 3889 1091 3955 coniprchensiva
1134 3890 1357 3952 visione,
1416 3900 1473 3943 et
1518 3890 1644 3957 quid
1685 3892 1778 3943 sit.
1814 3888 1927 3940 Etsi
1973 3897 2153 3940 autem
2194 3901 2321 3941 ante
2359 3889 2791 3942 incarnationem
2834 3903 3049 3957 quoque
3094 3889 3391 3940 videbatur
3423 3889 3567 3940 Deus
3594 3891 3658 3939 ab

420 3957 649 4023 angelis,
695 3967 751 4011 et
783 3961 1078 4026 apparebat
1113 3959 1194 4012 eis
1218 4000 1234 4026 ,
1273 3969 1449 4013 tamen
1483 3961 1605 4027 quia
1637 3973 1759 4012 cuni
1800 3961 1856 4011 in
1894 3959 2099 4011 mundo
2133 3961 2388 4027 apparuit
2418 3974 2513 4025 per
2557 3973 2799 4021 carnem,
2854 3973 2982 4011 tunc
3012 3958 3120 4011 illis
3155 3960 3296 4024 ipSis
3325 3959 3538 4027 angelis
3570 3971 3662 4007 ex-

418 4030 702 4081 cellentius
735 4031 1007 4095 apparuit,
1043 4039 1097 4081 et
1132 4030 1278 4099 ri_sus
1301 4039 1413 4094 est;
1448 4026 1653 4083 idcirco
1681 4030 1964 4097 Scriptura
2003 4035 2131 4081 tunc
2172 4029 2330 4093 dixit,
2358 4026 2533 4099 ὤφθη,
2559 4030 2613 4083 id
2643 4040 2725 4099 est
2753 4028 3021 4098 apparuit,
3044 4038 3100 4082 et
3136 4031 3290 4081 visus
3321 4026 3421 4081 est
3441 4029 3661 4099 angelis,

418 4100 638 4162 quando
668 4114 886 4151 carnem
930 4100 1128 4152 induit.
1166 4097 1315 4152 Tunc
1351 4101 1495 4153 enim
1526 4102 1824 4166 perlectius
1862 4107 1917 4150 et
1950 4099 2189 4152 divinius
2229 4097 2602 4167 cognoverunt
2637 4098 2726 4152 illa
2770 4115 2891 4168 qua:
2933 4109 3062 4151 sunt
3093 4098 3189 4151 Dei
3227 4114 3478 4166 pr0pria,
3515 4098 3662 4150 noui-

420 4171 611 4241 tatem,
640 4167 933 4233 justitiam,
964 4170 1422 4241 misericordiam,
1454 4170 1803 4237 sapientiam,
1837 4169 2159 4239 potentiam,
2197 4179 2253 4224 et
2287 4172 2393 4223 alia
2424 4184 2543 4239 qua:
2566 4170 2621 4224 in
2655 4167 2914 4241 mysterio
2946 4169 3355 4223 incarnationis
3400 4186 3465 4224 ac
3512 4179 3659 4236 repa-

418 4237 646 4293 ratiunis
675 4240 925 4293 humana:
951 4241 1190 4295 maxime
1215 4239 1521 4297 eluxerunt.

1452 4537 1933 4595 PARAPHRASIS
1968 4535 2417 4596 PACHYMERA‘]
2455 4540 2591 4610 (57).

485 4676 737 4731 Omnium
786 4689 953 4729 causa
993 4686 1049 4732 et
1088 4692 1254 4748 supra
1281 4681 1461 4735 omnia
1506 4680 1648 4737 Deus
1696 4693 1801 4737 est.
1851 4683 1974 4738 Haec

2161 4680 2223 4732 Ἦ
2240 4679 2453 4733 πάντων
2473 4679 2618 4733 αἰτία
2641 4681 2733 4734 καί
2753 4678 2891 4749 ὑπὲρ
2920 4679 3096 4733 πάντα
3115 4680 3144 4735 ὁ
3163 4680 3299 4746 Θεός
3322 4685 3491 4736 ἐστιν.
3512 4683 3647 4752 Αὕτη

414 4766 602 4837 itaque
646 4783 747 4822 nec
795 4770 1068 4833 assentiar,
1119 4783 1296 4837 neque
1333 4770 1473 4835 vitae,
1510 4786 1685 4839 neque
1727 4776 1901 4827 ration

2159 4771 2201 4824 iv
2218 4769 2340 4823 οὔτε
2356 4770 2603 4834 ἀνούσιός
2617 4774 2783 4837 ἐστιν,
2805 4771 2926 4823 οὕτε
2942 4771 3140 4837 ἄξωος,
3155 4771 3283 4826 οὔτε
3304 4772 3521 4842 ἄλογος,
3534 4771 3648 4824 οὔτε

414 4873 590 4927 neque
621 4859 817 4913 mentis
841 4875 1035 4929 expers
1059 4862 1311 4927 exsistit;
1346 4863 1612 4931 gradatim
1648 4879 1774 4919 vero
1803 4874 1857 4919 et
1891 4882 1903 4917 ε

2159 4878 2268 4924 ιυς·
2311 4861 2640 4934 κλιμακηδὸν
2670 4864 2725 4916 δὲ
2746 4865 2838 4916 καὶ
2865 4863 3004 4917 κατὰ
3035 4863 3192 4928 τάξιν
3228 4864 3340 4916 ἀπὸ
3369 4864 3481 4916 τῶν
3502 4860 3648 4929 eqs-

412 4953 652 5005 cundum
686 4954 932 5008 ordinem
954 4992 969 5017 ,
1009 4954 1075 5008 ab
1097 4957 1357 5011 extremis
1397 4956 1686 5026 incipiens,
1717 4960 1785 5012 ad
1817 4960 1901 5011 sul

2160 4973 2184 5007 ν
2218 4955 2537 5026 ἀρχόμενος,
2570 4956 2771 5010 ἄνεισιν
2805 4958 2896 5009 ἐπὶ
2928 4955 2997 5009 τὰ
3031 4957 3365 5030 ὑψηλότερα,
3392 4959 3515 5011 ἐπεὶ
3534 4957 3649 5007 ἁπτι-

412 5043 585 5094 miora
613 5043 950 5109 conscendit,
992 5046 1245 5112 quoniam
1284 5056 1368 5101 est
1401 5046 1667 5114 theologia
1705 5047 1901 5115 negatii

2155 5048 2279 5118 τικὴ
2327 5050 2360 5119 ή
2412 5047 2653 5115 Θεολογία
2685 5049 2832 5101 ἐστι.
2868 5047 3081 5101 Μᾶλλον
3112 5048 3225 5121 γὰρ
3270 5050 3377 5102 οὐκ
3413 5048 3644 5105 dimisso;

412 5130 581 5200 Magis
616 5134 759 5184 enim
788 5132 928 5187 Deus
950 5144 1033 5187 est
1063 5151 1170 5189 non
1209 5151 1401 5207 expers
1437 5136 1768 5199 substantia},
1811 5152 1901 5205 qu:

2152 5138 2287 5203 956g,
2324 5137 2357 5209 ἢ
2391 5140 2489 5190 οὐκ
2538 5139 2726 5203 ἆνους’
2768 5138 3008 5210 δηλονότι
3052 5138 3302 5203 πλείονες
3351 5140 3422 5193 ἂν
3471 5155 3641 5193 συντε-

409 5238 521 5279 ιιοιι
569 5239 763 5293 expers
801 5227 1032 5293 mentis;
1080 5229 1264 5295 plures
1315 5229 1569 5283 nimirum
1604 5230 1898 5284 concesseri

2151 5232 2237 5295 ἴεν,
2268 5229 2348 5282 ὅτι
2380 5230 2479 5283 οὐκ
2505 5230 2769 5294 ἁνούσιος,
2804 5230 2939 5300 arm
2964 5231 3064 5282 οὐκ
3088 5230 3253 5294 ἄνους
3274 5248 3287 5260 ·
3324 5232 3389 5285 τὸ
3424 5232 3521 5302 μὲν
3546 5228 3640 5297 γὰρ

491 5381 511 5422 ί
546 5382 590 5457 il
621 5382 840 5457 Cori‘v,
872 5385 926 5457 7⁹
1010 5387 1036 5424 ⁸
1063 5383 1219 5439 Joatt.
1258 5402 1297 5450 ι,
1329 5386 1414 5440 14.
1493 5387 1521 5426 ιι
1555 5389 1689 5442 Ibid.
1728 5388 1812 5442 18.
1901 5389 1915 5427 ί
1956 5389 1975 5441 l

2144 5407 2171 5453 ι,
2210 5392 2258 5443 1.
2338 5391 2365 5431 ¹ι
2398 5390 2554 5445 Joan.
2594 5407 2688 5455 xit,
2722 5393 2809 5446 41.
2905 5389 2923 5428 1
2960 5390 3162 5445 Eaech.
3202 5409 3259 5455 χ,
3301 5393 3350 5447 1.
3451 5402 3489 5425 ³
3518 5392 3633 5445 Dan.

409 5466 507 5513 Vit,
679 5463 712 5527 η.
745 5452 922 5527 [gaudi
953 5470 1147 5519 xxxiii,
1188 5457 1273 5510 15.
1353 5465 1378 5492 ο
1402 5457 1547 5527 iGen.
1585 5474 1758 5523 χχχιι,
1791 5461 1881 5513 28.

2146 5452 2178 5512 ι.
2219 5478 2257 5523 ι,
2294 5462 2380 5515 18.
2468 5472 2495 5510 ιι
2522 5464 2541 5514 1
2566 5452 2706 5516 Titii.
2744 5479 2814 5527 ιιι,
2856 5461 2937 5515 16.
3021 5471 3041 5498 τ
3077 5452 3268 5517 ΙΤιιιιῆ.
3297 5480 3337 5519 ι.
3418 5463 3634 5519 ⁸1Τίιιι.

412 5534 494 5586 tit,
531 5524 618 5577 16.
700 5524 718 5558 ί
753 5522 944 5577 Matth.
979 5540 1133 5591 xviii,
1173 5527 1258 5579 10.
1333 5538 1362 5565 ιι
1402 5526 1589 5581 Matth.
1627 5545 1676 5591 v,
1714 5522 1763 5583 ὅθ.

629 5674 915 5751 gertamen
946 5679 1213 5751 intelligit,
1243 5696 1348 5749 quo
1375 5691 1648 5737 certamus
1686 5700 1806 5736 cum
1845 5683 1961 5751 lege
1985 5683 2186 5739 carnis.

485 5744 599 5814 (57)
635 5744 767 5800 Vide
800 5747 1019 5804 Scholia
1055 5744 1368 5804 SiMaiimi
1405 5761 1533 5807 lUUi.
1566 5754 1626 5817 ll,
1656 5772 1775 5821 cap.
1814 5755 1847 5805 4
1900 5744 2071 5821 ξυνδι.
2126 5752 2285 5809 titeol.
