3752 6328
76 344 236 401 i055

1155 339 1245 394 DE
1277 338 1581 398 MYSTICA
1613 337 2027 406 THEOLOGIA,
2059 337 2217 395 CAP.
2249 334 2295 389 ν

3235 325 3366 383 1046

77 452 401 525 ἀνούσιῶ
429 457 744 531 παχυτέραν
779 456 891 528 ἔχει
935 456 1033 529 τὴν
1089 458 1430 530 παραλογίαν
1459 500 1475 526 ,
1526 459 1588 513 τὸ
1626 458 1685 513 δὲ

1883 460 1928 516 id
1962 474 2069 515 non
2096 458 2169 515 sit
2188 454 2513 513 substantia:
2537 463 2757 520 expers,
2793 442 2953 518 quain
2979 446 3120 516 quod
3160 459 3267 501 non
3295 448 3368 501 sit

75 552 282 619 ἄνους
314 552 665 622 λεπτοτέρανο
696 552 790 604 καὶ
819 550 907 605 διὰ
930 551 1088 605 τοῦτο
1105 552 1206 623 τὴν
1235 553 1511 623 ἀπόφασιν
1544 551 1685 606 ὲκεί-

52 661 181 697 ννου
220 644 610 717 εὑνκολωτέρως
639 641 939 714 δέξονταιῆ
967 643 1065 715 τὴν
1084 643 1296 698 τούτου.
1347 645 1684 714 Ἀναγκαίως

76 736 141 788 δὲ
177 736 273 789 διὰ
301 735 503 790 τούτων
531 738 559 789 ό
584 737 772 810 Πατὴρ
795 738 1239 810 προησφαλίσατο
1269 738 1359 792 τὸν
1387 739 1681 811 ἀκροατὴν,

78 825 235 879 ὥστε
273 826 349 898 μὴ
382 829 441 879 ὲν
479 830 600 891 ταῖς
633 826 761 897 ἑξῆς
795 828 1168 897 ἀποφάσεσιν,
1202 830 1291 883 ὅτε
1325 830 1503 900 λέγει’
1546 831 1683 885 Οὔτε

79 920 255 991 σῶμά
288 924 455 986 ἐστιν,
488 918 613 973 οὔτε
644 920 727 987 τὸ,
766 919 889 975 οὔτε
916 922 999 986 τὸ,
1030 921 1236 977 οἴεσθαι
1267 923 1404 988 ὅλως
1430 924 1511 996 ιμὴ
1546 919 1686 978 εἶναι

74 1010 145 1062 τὸ
178 1011 347 1067 θεῖον.
381 1010 518 1065 Ἀλλ’
543 1014 600 1065 ὲν
631 1010 841 1076 τούτοις
867 1013 963 1082 μὲν
986 1014 1051 1067 τὸ
1083 1010 1221 1067 εἶναι
1253 1015 1399 1086 αὑτῷ
1426 1015 1679 1069 ὑπέθετο’

78 1102 262 1155 εἰπὼν
278 1102 406 1175 γὰρ,
420 1104 556 1157 οὔτε
574 1105 880 1171 ἀνούσιος,
893 1105 1081 1159 οὑσίαν
1099 1105 1383 1178 ἐδήλωσενο
1400 1109 1537 1162 οὔτε
1556 1107 1688 1169 ἄζω-

76 1212 176 1259 ος,
218 1192 399 1257 ζῶσαν
427 1192 722 1265 ἐδήλωσεν
751 1194 889 1249 οὔτε
923 1194 1164 1264 ἄλογος,
1188 1194 1345 1263 λόγον
1376 1194 1643 1267 ἐδήλωσεν
1665 1213 1678 1227 ο

78 1287 231 1339 οὔτε
255 1286 465 1352 ἄνους,
481 1284 605 1339 νοῦν
619 1285 906 1357 ἐδήλωσεν.
926 1286 1013 1339 Ἐν
1027 1286 1235 1343 τούτοις
1248 1282 1339 1340 οὖν
1356 1286 1686 1359 ὑποθέμενος

78 1377 147 1428 τὸ
181 1371 329 1431 εἶναι
361 1376 513 1440 αὑτὸ,
540 1378 598 1429 ὲν
622 1378 735 1441 τοῖς
769 1376 990 1447 ἐφεξῆς,
1022 1379 1110 1432 ὅτε
1133 1378 1282 1447 λέγει
1302 1377 1363 1431 τὸ
1386 1378 1565 1451 σῶμα,
1593 1380 1686 1433 καὶ

78 1465 155 1518 τὰ
211 1465 402 1530 λοιπὰ,
458 1466 521 1520 τὸ
583 1466 725 1520 κατὰ
779 1467 944 1537 μηδὲν
975 1467 1082 1522 τῶν
1128 1467 1296 1522 ὄντων
1337 1464 1477 1524 εἶναι
1502 1508 1517 1535 ,
1565 1463 1685 1525 ἀλλ’

82 1555 420 1626 ὑπεροὺσιον
472 1555 725 1629 ᾐνίξατο·
768 1558 829 1611 τὸ
870 1559 981 1630 γὰρ
1030 1557 1103 1630 μὴ
1154 1558 1214 1614 ὃν
1259 1559 1528 1616 ἀνοὺσιον.
1576 1561 1686 1615 Καὶ

82 1648 257 1701 πάλιν
290 1647 350 1701 οὑ
387 1646 565 1718 σῶμα,
600 1648 717 1703 ἀλλ’
736 1649 878 1719 ὑπὲρ
912 1652 1113 1719 πᾶσαν,
1148 1653 1341 1726 ἑτέραν
1362 1653 1570 1721 οὑσίαν,
1589 1655 1685 1709 καὶ

1788 552 1983 607 mentis
2027 564 2243 620 expers,
2293 546 2569 618 siquidem
2614 542 2887 607 ἀνούσιος,
2936 539 2988 595 id
3039 546 3126 595 est
3170 552 3371 594 carens

1785 642 2085 697 substantia
2114 682 2131 710 ,
2207 638 2535 696 crassiorem
2614 635 2784 690 habet
2858 631 3366 701 improportionem,

1786 734 1946 799 ἄνους
1982 749 2135 800 vero,
2179 746 2278 787 seu
2317 728 2517 786 mentis
2540 742 2759 798 expers,
2789 725 3163 792 subtiliorem;
3200 733 3255 779 et
3284 722 3367 778 id-

1787 830 1936 886 circo
1968 828 2115 883 illius
2143 825 2486 897 negationem
2512 822 2729 878 facilius
2750 821 3059 886 admittettt,
3085 831 3248 888 quam
3268 816 3369 871 hu-

1784 921 1895 991 jus.
1933 918 2255 974 Necessario
2285 924 2467 972 autem
2493 915 2581 971 hic
2616 913 2775 968 Pater
2804 927 2899 983 per
2935 910 3039 966 ista
3063 907 3368 980 prasmuniit

1788 1011 2128 1075 auditorem,
2160 1025 2229 1065 ne
2257 1009 2311 1063 in
2338 1007 2699 1078 sequentibus
2732 1001 3133 1076 negationibus,
3152 1000 3369 1070 quando

1788 1105 1920 1159 dicit
1949 1122 1963 1158 :
1992 1102 2179 1173 Neque
2219 1117 2423 1172 corpus
2468 1110 2577 1166 est,
2629 1110 2807 1168 neque
2846 1097 2972 1159 hoc,
3009 1108 3184 1164 neque
3212 1090 3365 1156 illud,

1786 1196 2100 1251 existiment
2130 1195 2300 1249 Deum
2331 1193 2556 1249 omnino
2582 1206 2690 1247 non
2719 1202 2865 1245 esse.
2899 1187 3006 1243 Sed
3038 1187 3090 1242 in
3122 1184 3209 1240 his
3240 1183 3367 1253 qui-

1789 1289 1909 1345 dem
1966 1287 2142 1358 ipsum
2175 1285 2433 1357 supponit
2471 1297 2595 1339 esse
2630 1296 2648 1339 :
2684 1296 2807 1337 cum
2847 1269 2992 1337 enim
3023 1278 3247 1342 diceret,
3273 1291 3367 1329 ne-

1786 1397 1885 1451 que
1913 1378 2138 1435 essentia
2166 1393 2345 1433 carere
2369 1420 2385 1446 ,
2445 1374 2743 1434 essentiam
2784 1371 3164 1444 signiﬁcabat;
3207 1382 3370 1438 neque

1786 1475 1890 1529 vita
1920 1470 2079 1543 5'71
2104 1485 2319 1536 carere,
2348 1470 2515 1525 vitam
2544 1467 2901 1532 declarabat;
2946 1479 3111 1535 neque
3160 1459 3373 1515 irratio-

1788 1564 1958 1619 nalem
1991 1578 2136 1631 esse,
2183 1563 2453 1618 rationem
2490 1561 2938 1627 demonstrabat;
2979 1571 3142 1626 neque
3184 1568 3370 1607 amen-

1788 1666 1889 1711 tem
1911 1657 2184 1721 exsistere,
2211 1662 2451 1709 mentem
2496 1653 2906 1714 manifestabat.
2963 1648 3021 1704 In
3063 1647 3149 1703 his
3187 1646 3383 1713 itaque,

81 1739 207 1791 εστι
252 1742 349 1793 καὶ
395 1742 718 1812 ὑπεροὺσιόν
769 1746 939 1801 ἐστιν.
999 1744 1185 1799 Εἰπὼν
1207 1746 1288 1814 δὲ,
1337 1745 1476 1801 Οὔτε
1526 1746 1686 1819 σῶμά

1883 1762 2100 1818 »ροηεηε
2144 1748 2321 1816 ipsum
2361 1759 2505 1810 esse,
2544 1744 2598 1799 in
2640 1744 2706 1800 iis
2736 1757 2857 1813 quae
2886 1747 3213 1810 sequuntur,
3244 1748 3383 1791 cum'

85 1832 274 1897 ἐστιν,
314 1834 528 1905 ἀναιρεῖ
560 1835 743 1890 καὶτὰ
784 1838 915 1909 περὶ
945 1837 1005 1891 τὸ
1049 1836 1208 1909 σῶμα
1229 1855 1244 1869 ο
1276 1839 1681 1912 ἀσχημάτιστον

85 1922 162 1989 γὰ
173 1940 229 1994 ρ,
292 1926 385 1979 καὶ
441 1926 700 1993 ἀνείδεον,
768 1929 863 1983 καὶ
919 1929 1144 1995 ἄποσον,
1189 1930 1284 1984 καὶ
1325 1930 1536 1997 ἄποιον,
1590 1931 1684 1985 καὶ

75 2020 320 2085 ἄογκον.
374 2017 515 2072 Ἀλλ’
548 2021 655 2075 οὐδ’
686 2023 745 2075 ὲν
772 2021 922 2092 τόπῳ
958 2020 1074 2074 ἐστί
1094 2039 1107 2051 ’
1145 2024 1254 2076 πᾶν
1285 2021 1395 2093 γὰρ
1421 2040 1685 2095 περιγρα-

79 2111 229 2163 πτὸν
278 2112 338 2164 ὲν
381 2111 530 2182 τόπῳ
552 2153 566 2177 ,
603 2114 729 2167 ἐπεὶ
771 2114 799 2166 ὁ
829 2114 994 2179 τόπος
1027 2114 1201 2187 πέρας
1233 2115 1353 2169 ἐστὶ
1382 2114 1479 2168 τοῦ
1526 2132 1685 2185 περι-

78 2201 344 2271 έχοντος.
405 2202 478 2256 Τὸ
522 2203 578 2257 δὲ
616 2204 791 2271 θεῖον,
846 2206 1119 2277 πανταχοῦ
1165 2206 1370 2279 παρὸν,
1418 2208 1514 2262 καὶ
1545 2208 1685 2280 πλη-

77 2293 225 2364 ροῦν
273 2293 342 2347 τὰ
390 2295 597 2359 πάντα,
647 2297 707 2350 οὑ
758 2298 1068 2369 περιέχεται
1107 2299 1239 2372 παρ’
1284 2300 1497 2365 οὐδενός
1521 2317 1535 2333 ⁸
1570 2301 1686 2356 ἀλλ’

74 2384 205 2436 οὐδ’
258 2385 487 2456 ὁρᾶται·
541 2387 650 2440 οὐδ’
713 2387 929 2460 ἐπαφὴν
984 2387 1119 2460 ἔχει,
1164 2391 1246 2444 ὅτι
1291 2391 1398 2444 οὐδ’
1431 2391 1686 2463 αἰσθητόν

75 2476 246 2527 ἐστιν
296 2474 373 2545 (αἰ
404 2475 513 2547 γὰρ
545 2478 827 2551 αἰσθήσεις
857 2481 986 2552 περ)⁸
1016 2480 1085 2535 τὰ
1117 2483 1393 2557 αἰσθητά),
1429 2483 1544 2537 ἀλλ’
1576 2485 1687 2538 οὐδ’

76 2566 415 2621 αἰσθάνεται
446 2586 460 2599 ·
497 2570 618 2623 οὑδὲ
650 2570 761 2642 γὰρ
792 2573 1108 2645 αἰσθητικόν
1142 2577 1326 2641 ἐστιν,
1360 2578 1472 2630 οὐδ’
1497 2578 1687 2650 αἰσθή-

80 2676 211 2721 σεις
252 2658 386 2729 ἔχει.
429 2659 565 2714 Οὔτε
596 2661 702 2715 ὑπὸ
733 2663 922 2718 παθῶν
954 2665 1277 2736 ἐνοχλεῖται,
1312 2667 1437 2721 οὔτε
1471 2667 1530 2734 ἐξ
1561 2670 1689 2723 ἀδυ-

82 2751 305 2821 ναμίας
351 2752 632 2825 αἰσθητοῖς
678 2755 963 2809 ὑπόκειται
1009 2739 1260 2813 πάθεσιν.
1308 2758 1446 2814 Οὔτε
1478 2761 1558 2814 δεῖ
1589 2762 1686 2815 αὑ·-

80 2842 177 2913 τῷ
222 2841 321 2895 τοῦ
376 2844 587 2911 φωτὸς,
646 2844 769 2899 οὔτε
812 2847 1153 2914 ἀλλοιοῦται,
1199 2849 1325 2904 οὔτε
1372 2852 1683 2924 φθείρεται’

85 2932 459 2987 ἀναλλοίωτον
492 2934 601 3008 γὰρ
634 2937 728 2989 καί
759 2936 1045 3005 ἀθάνατον.
1098 2940 1231 2994 Οὐδὲ
1276 2941 1544 3012 μερισμὸν
1568 2940 1689 3011 ὑφί-

88 3039 296 3077 σταται
348 3026 406 3078 ὲν
480 3025 559 3096 τῷ
619 3026 719 3091 τὰς
778 3030 928 3100 τρεῖς
990 3028 1302 3102 ζωαρχικὰς
1363 3032 1689 3098 ὑποστάσεις

1787 1841 1920 1896 dicit
1946 1852 2169 1907 corpus,
2199 1846 2255 1892 et
2284 1845 2506 1901 caetera,
2530 1834 2827 1890 secundum
2866 1829 3002 1886 nihil
3029 1840 3219 1885 eorum
3249 1837 3373 1893 quae

1784 1931 2078 1998 exsistunt,
2107 1943 2250 1997 esse,
2270 1928 2367 1985 sed
2392 1941 2558 1996 supra
2589 1922 2950 1981 substantiam
2984 1933 3106 1975 esse
3129 1916 3375 1973 insinua-

1784 2022 1901 2089 vit;
1946 2021 2094 2091 quod
2126 2020 2273 2075 enim
2309 2034 2417 2073 non
2439 2027 2548 2085 est,
2590 2016 2647 2072 id
2678 2014 2915 2072 essentia
2951 2020 3123 2067 caret.
3155 2007 3223 2062 Et
3249 2020 3373 2061 rur-

1786 2127 1906 2166 sum
1945 2110 1999 2166 id
2034 2110 2175 2181 quod
2220 2125 2328 2165 non
2362 2123 2581 2179 corpus,
2629 2107 2729 2162 sed
2766 2119 2929 2174 supra
2955 2114 3171 2158 omnem
3208 2098 3373 2153 aliam

1786 2204 2141 2261 substantiam
2165 2204 2405 2267 exsistit,
2425 2202 2482 2256 id
2517 2209 2573 2256 et
2595 2208 2704 2266 est,
2737 2205 2795 2252 et
2820 2210 2983 2264 supra
3006 2188 3373 2248 substantiam

1786 2296 2041 2353 est.Cum
2066 2311 2196 2351 vero
2224 2295 2391 2350 dicit:
2411 2293 2598 2363 Neque
2619 2303 2816 2359 corpus
2836 2296 2942 2354 est,
2964 2285 3102 2340 tollit
3122 2284 3286 2339 etiam
3309 2296 3373 2335 ea

1787 2403 1908 2458 quae
1926 2388 2072 2442 circa
2101 2386 2470 2457 corpusisunt;
2496 2383 2765 2453 siqu-idem
2789 2391 2845 2437 et
2870 2380 3065 2449 ﬁgura,
3096 2383 3152 2429 et
3178 2371 3373 2435 forma,

1787 2490 1842 2535 et
1867 2479 2191 2549 quantitate,
2210 2487 2265 2533 et
2291 2478 2578 2549 qualitate,
2596 2484 2652 2532 et
2687 2473 2828 2530 mole
2854 2479 3026 2529 caret.
3059 2466 3167 2523 Sed
3197 2476 3377 2533 neque

1788 2572 1843 2627 in
1886 2570 2008 2626 loco
2046 2580 2161 2637 est;
2190 2584 2353 2627 omne
2398 2568 2547 2625 enim
2598 2565 2745 2636 quod
2787 2558 3282 2620 circumscribitur,
3323 2554 3378 2607 id

1788 2675 1874 2721 est
1903 2664 1959 2720 in
1991 2663 2135 2731 loco,
2160 2662 2419 2733 quoniam
2450 2661 2605 2716 locus
2625 2667 2711 2715 est
2736 2656 3003 2714 terminus
3026 2647 3375 2708 continentis.

1793 2757 1935 2814 Deus
1956 2765 2136 2813 autem
2154 2754 2248 2825 qui
2267 2754 2467 2825 ubique
2489 2765 2736 2823 praesens
2758 2757 2867 2814 est,
2886 2755 2943 2803 et
2968 2744 3155 2817 implet
3174 2739 3379 2805 omnia,

1791 2865 1821 2904 a
1854 2848 2002 2905 nullo
2028 2850 2360 2913 continetur,
2390 2844 2485 2901 sed
2507 2858 2689 2914 neque
2716 2841 2954 2906 videtur,
2974 2848 3148 2907 neque
3174 2841 3379 2887 tactum

1796 2944 1982 3013 habet,
2013 2942 2140 3013 quia
2187 2955 2362 3010 neque
2408 2937 2684 2995 sensibilis
2723 2933 2939 2990 exsistit
2978 2931 3204 3003 (sensus
3234 2928 3380 2982 enim

1793 3037 1943 3092 circa
1970 3050 2034 3090 ea
2062 3042 2357 3090 versantur
2378 3047 2500 3103 qua:
2528 3027 2867 3099 sentiuntur)
2896 3039 3075 3095 neque
3107 3022 3381 3084 sentitur;

94 3114 526 3181 ἰδιοῦποστάτως
558 3113 697 3172 εἶναί
725 3138 783 3173 τε
817 3121 910 3174 καὶ
938 3122 1196 3176 νοεῖσθαι.
1228 3123 1363 3178 Οὐδὲ
1398 3125 1651 3196 στέρησιν
1671 3141 1686 3154 ’

1883 3143 1970 3199 [ne
2010 3129 2155 3184 enim
2202 3124 2403 3183 sensile
2427 3124 2558 3196 quid
2601 3132 2706 3191 est,
2752 3133 2928 3189 neque
2964 3130 3163 3174 sensus
3192 3113 3378 3216 habet.

89 3205 169 3259 τὰ
204 3204 317 3277 γάρ
350 3207 620 3278 προσόντα
651 3209 729 3280 τῷ
756 3210 875 3282 Θεῷ
907 3212 1085 3281 ἀγαθὰ
1118 3215 1211 3267 καὶ
1246 3214 1573 3288 ὑπερπλήρη
1597 3216 1693 3269 καὶ

1883 3236 1988 3290 que
2033 3219 2378 3290 passionibus
2430 3216 2703 3282 turbatur,
2753 3226 2928 3283 neque
2951 3225 3021 3267 ex
3063 3204 3383 3277 impotentia

94 3298 314 3367 φυσικά
347 3301 518 3357 ἐστιν.
536 3301 673 3355 Οὐδὲ
696 3302 881 3373 ρεὖσιν
904 3305 1217 3374 ὑφίσταται,
1246 3305 1564 3377 ἀρῤεὑστως
1584 3305 1695 3377 γὰρ

1883 3310 2093 3366 tsilibus
2142 3310 2485 3379 passionibus
2550 3306 2821 3363 obnoxius
2883 3311 2987 3359 est.
3036 3300 3224 3369 Neque
3281 3296 3384 3365 ipsi

92 3395 125 3446 ὁ
185 3394 479 3467 μονογενὴς
524 3395 697 3463 Λόγος
749 3399 815 3452 ὲκ
860 3397 956 3453 τοῦ
1005 3398 1219 3472 Πατρὺς
1262 3400 1550 3469 γεννᾶται,
1605 3395 1699 3452 καὶ

1883 3416 1942 3455 us
1968 3410 2051 3455 est
2079 3399 2302 3464 lumine,
2345 3413 2522 3468 neque
2546 3397 2895 3458 immutatur,
2929 3404 3104 3463 neque
3134 3400 3385 3443 corrum-

98 3483 337 3547 ἀπαθῶς
375 3486 441 3538 ἐκ
470 3485 566 3539 τοῦ
600 3488 817 3559 Πατρδς
860 3490 1220 3561 ἐκπορεύεται
1251 3490 1313 3544 τὸ
1348 3492 1500 3559 ἆγιον
1524 3490 1700 3544 Πνεῦ-

1883 3508 1956 3547 .ur
1987 3509 2002 3546 :
2032 3491 2552 3557 immutabilisenim
2578 3497 2633 3545 et
2660 3486 2983 3545 immortalis
3019 3482 3253 3540 exsistit.
3282 3478 3389 3534 Nec

100 3590 212 3643 μα,
260 3568 397 3626 Οὔτε
446 3573 573 3630 ἄλλο
612 3596 665 3631 τι
710 3579 820 3633 τῶν
865 3581 1137 3652 αἰσθητῶν
1182 3580 1306 3634 οὔτε
1344 3583 1527 3647 ἐστὶν,
1573 3580 1698 3635 οὔτε

1885 3598 1917 3640 ε
1948 3582 2273 3637 divisionem
2306 3582 2477 3647 subit,
2504 3582 2632 3637 dum
2663 3592 2777 3636 tres
2815 3590 3066 3648 personae
3086 3574 3211 3628 vita:
3232 3571 3387 3641 prin-

99 3664 243 3736 ἔχει.
281 3666 356 3719 Τὸ
399 3667 499 3738 μὲν
541 3669 694 3735 ἔστι,
732 3670 820 3724 διὰ
847 3672 915 3726 τὰ
949 3672 1070 3727 καθ’
1105 3672 1246 3727 αὑτὰ
1286 3674 1571 3743 ὑφεστῶτα
1604 3673 1693 3727 λέ-

1883 3690 1951 3730 ιεε
1994 3687 2093 3746 per
2141 3674 2423 3745 propriam
2473 3688 2627 3727 suam
2670 3669 3078 3727 subsistentiam
3121 3674 3175 3721 et
3211 3660 3390 3719 subsi-

100 3774 217 3827 γει,
260 3759 426 3829 ἤγουν
472 3762 707 3833 πνεῦμα,
742 3752 871 3837 ἀὴρ,
906 3765 1084 3830 λίθος·
1126 3768 1187 3821 τὸ
1211 3766 1267 3821 δὲ
1290 3769 1434 3837 ἔχει,
1469 3767 1557 3822 διὰ
1591 3767 1692 3833 τὰς

1889 3772 1971 3834 nt,
2028 3775 2083 3821 et
2136 3764 2535 3836 intelliguntur.
2563 3762 2758 3835 Neque
2806 3760 3168 3832 privationem
3205 3771 3221 3809 :
3260 3768 3407 3816 nam,

101 3848 445 3920 δηλωθείσας
491 3856 809 3926 σωματικὰς
849 3858 1160 3928 ποιότητας.

1883 3873 1935 3911 ta
1980 3872 2099 3926 qua:
2130 3858 2239 3913 Deo
2270 3857 2477 3923 insunt,
2505 3865 2560 3911 et
2618 3866 2949 3929 supr-aquam
2978 3851 3141 3920 plena
3180 3854 3307 3901 sunt
3332 3858 3389 3906 et,

102 3944 404 3998 naturalia.
444 3945 629 4016 Neque
675 3949 876 4003 ﬂuxum
935 3950 1208 4019 sustinet,
1256 3949 1526 4020 siquidem
1577 3950 1696 4005 sine
1722 3951 1873 4003 lluxu
1900 3949 2233 4020 unigenitum
2260 3948 2501 4004 Verbum
2534 3961 2603 4002 ex
2636 3945 2799 4001 Patre
2828 3942 3088 4014 gignitur,
3155 3949 3211 3995 et
3265 3952 3387 3991 san-

104 4044 236 4090 ctus
279 4035 367 4091 ille
410 4037 648 4106 Spiritus
683 4040 803 4096 sine
841 4042 1091 4109 passione
1130 4056 1198 4105 ex
1244 4042 1403 4097 Patre
1467 4042 1736 4112 procedit.
1771 4040 1958 4112 Neque
2011 4041 2311 4111 quidquam
2355 4038 2502 4094 aliud
2546 4053 2727 4093 rerum
2776 4034 3115 4091 sensibilium
3162 4031 3243 4086 vel
3306 4036 3389 4084 est

105 4126 201 4180 vel
231 4126 414 4182 habet.
446 4130 587 4185 Dicit
617 4132 835 4201 quidem
866 4132 996 4188 illud
1023 4143 1121 4199 est,
1152 4144 1370 4203 propter
1397 4148 1461 4188 ea
1497 4148 1617 4203 qua:
1637 4149 1733 4204 per
1759 4150 1819 4190 se
1846 4132 2171 4198 subsistunt,
2196 4131 2518 4202 utspiritus,
2542 4146 2655 4199 aer,
2688 4128 2860 4201 lapis;
2887 4127 3020 4183 illud
3046 4140 3176 4181 vero
3208 4123 3386 4187 habet,

108 4228 343 4291 propter
364 4220 476 4289 jam
507 4224 808 4280 declaratas
850 4240 1143 4295 corporeas
1181 4226 1495 4296 qualitates.

144 4353 3373 4382 MM

514 4532 1166 4623 ΚΕΦΑΛΑΙΟΝ
1195 4530 1305 4623 Ε’.

121 4675 257 4727 Ὀτι
288 4672 470 4727 οὐδὲν
530 4673 645 4727 τῶν
682 4675 911 4742 νοητῶν
959 4680 993 4731 ὁ
1049 4676 1275 4742 παντὸς
1318 4677 1539 4747 νοητοῦ
1573 4678 1700 4733 καθ’

642 4747 949 4817 ὑπεροχὴν
974 4749 1038 4802 al
1042 4765 1179 4813 τιος.

1731 4526 1778 4582 D

2206 4517 2368 4590 572
2436 4534 2816 4627 CAPUT
2867 4536 2981 4624 v.

1812 4675 1967 4743 Quod
2006 4677 2141 4731 nihil
2185 4693 2359 4730 rerum
2398 4674 2779 4730 intellectilium
2816 4672 2881 4725 sit
2924 4670 2970 4725 is
2997 4672 3087 4741 qui
3118 4668 3396 4725 omnisrei

1919 4746 2241 4802 intellectilis
2263 4748 2554 4801 secundant
2580 4742 2951 4799 excellentiam.
2972 4754 3045 4797 est
3075 4750 3281 4797 auctor.

1410 4906 1542 4963 SYN
1553 4903 1751 4963 OPSIS
1785 4904 2083 4961 CAPlTlS.

125 5047 318 5111 Docet,
350 5040 520 5099 Deum
549 5043 682 5100 nihil
710 5060 820 5100 esse
848 5062 1029 5101 eorum
1055 5064 1171 5117 qua:
1203 5064 1297 5103 nos
1320 5048 1682 5118 cognoscimus
1706 5045 1856 5118 ἦσθά
1887 5061 1999 5118 esse
2025 5062 2188 5118 supra
2230 5046 2408 5100 omnia
2452 5046 2559 5098 ista
2586 5058 2908 5114 qua’cunque
2932 5040 3393 5113 quomodocumque

1063 5116 1097 5172 α
1125 5120 1273 5173 nobis
1295 5116 1499 5188 concipi
1522 5118 1599 5172 vel
1622 5116 1967 5187 intelligentia
1990 5117 2185 5185 percipi
2207 5124 2447 5185 possunt.

204 5250 371 5317 Αὖθις
387 5254 442 5307 δὲ
457 5253 695 5318 ἀνιόντες
710 5255 939 5326 λέγομεν
951 5256 991 5320 ⁸,
1005 5256 1079 5319 ὡς
1095 5254 1217 5308 οὔτε
1233 5255 1378 5327 ψυχή
1398 5257 1567 5320 ἐστιν,
1579 5254 1703 5309 οὔτε

139 5349 258 5412 νοῦς
278 5365 290 5378 ·
313 5346 435 5400 οὔτε
453 5348 770 5417 φαντασίαν,
797 5347 1076 5419 ἢδόξαν,ἣ
1098 5347 1273 5416 λόγον,
1296 5347 1328 5419 ἢ
1351 5347 1535 5419 νόησιν
1553 5346 1664 5418 ἔχει
1684 5363 1697 5376 ·

1883 5255 2095 5309 Rursus
2140 5260 2322 5305 autem
2365 5248 2726 5305 ascendentes
2765 5249 3037 5315 dicimus,
3091 5250 3234 5318 quod
3294 5258 3395 5302 nec

1815 5349 1995 5402 anima
2026 5346 2118 5408 sit,
2153 5356 2325 5411 neque
2349 5355 2520 5406 mens,
2555 5355 2656 5396 nec
2679 5340 3150 5410 imaginationem,
3172 5338 3255 5394 vel
3278 5338 3396 5408 opi-

128 5442 254 5496 οὑδὲ
286 5440 441 5509 λόγος
486 5442 665 5505 ἐστὶν,
712 5439 836 5493 οὔτε
884 5441 1099 5510 νόησις·
1136 5440 1258 5494 οὑδὲ
1306 5439 1522 5510 λέγεται
1575 5439 1703 5492 οὔτε

1883 5453 2059 5501 onem,
2115 5432 2199 5488 vel
2245 5431 2532 5494 rationem,
2567 5430 2653 5486 vel
2700 5429 3113 5501 intelligentiam
3160 5428 3392 5493 habeat;

132 5535 369 5589 νοεῖται·
391 5529 515 5584 οὔτε
532 5532 761 5603 ἀριθμός
784 5534 952 5596 ἐστιν,
969 5531 1091 5585 οὔτε
1123 5531 1292 5600 τάξις,
1313 5530 1437 5585 οὔτε
1460 5529 1708 5602 μέγεθος,

1823 5544 1999 5601 neque
2043 5539 2227 5582 sermo
2263 5530 2365 5588 est,
2416 5537 2592 5593 neque
2629 5522 3023 5595 intelligentia;
3053 5535 3233 5590 neque
3259 5519 3397 5576 dici-

1429 5688 1665 5743 VARIJE
1724 5686 2125 5743 LECTIONES.

212 5814 235 5844 ⁸
268 5811 535 5883 λέγωμεν,
574 5813 630 5868 S.
656 5811 713 5867 Ρ.
742 5810 831 5866 Sc.
