  <div class='ocr_page' id='page_1' title='image "/cluster/home/n/w/nwhite01/storage/ocr_20150623/3/hvd.32044014713192/534.png"; bbox 0 0 3772 6320; ppageno 0'>
   <div class='ocr_carea' id='block_1_1' title="bbox 179 380 1668 454">
    <p class='ocr_par' dir='ltr' id='par_1_1' title="bbox 179 381 1668 441">
     <span class='ocr_line' id='line_1_1' title="bbox 179 381 1668 441; baseline 0.003 -4"><span class='ocrx_word' id='word_1_1' title='bbox 179 383 326 439; x_wconf 74' lang='grc'><strong>1053</strong></span> <span class='ocrx_word' id='word_1_2' title='bbox 897 382 989 438; x_wconf 89' lang='lat' dir='ltr'><strong>DE</strong></span> <span class='ocrx_word' id='word_1_3' title='bbox 1025 381 1332 439; x_wconf 69' lang='lat' dir='ltr'><strong>MYSTICA</strong></span> <span class='ocrx_word' id='word_1_4' title='bbox 1370 382 1668 441; x_wconf 80' lang='lat' dir='ltr'><strong>THEOLOf</strong></span> 
     </span>
    </p>
   </div>
   <div class='ocr_carea' id='block_1_2' title="bbox 1948 380 3437 454">
    <p class='ocr_par' dir='ltr' id='par_1_2' title="bbox 1948 380 3437 443">
     <span class='ocr_line' id='line_1_2' title="bbox 1948 380 3437 443; baseline -0.004 0"><span class='ocrx_word' id='word_1_5' title='bbox 1948 389 1977 443; x_wconf 78' lang='lat'><strong>&#39;.</strong></span> <span class='ocrx_word' id='word_1_6' title='bbox 2018 383 2084 442; x_wconf 87' lang='lat' dir='ltr'><strong>V.</strong></span> <span class='ocrx_word' id='word_1_7' title='bbox 2118 415 2192 429; x_wconf 89' lang='lat'><strong>—-</strong></span> <span class='ocrx_word' id='word_1_8' title='bbox 2221 383 2547 442; x_wconf 69' lang='lat' dir='ltr'><strong>COllDERII</strong></span> <span class='ocrx_word' id='word_1_9' title='bbox 2585 384 2819 441; x_wconf 72' lang='grc' dir='ltr'><strong>ΝΟΤΛΕ.</strong></span> <span class='ocrx_word' id='word_1_10' title='bbox 3299 380 3437 438; x_wconf 65' lang='grc'><strong>1056</strong></span> 
     </span>
    </p>
   </div>
   <div class='ocr_carea' id='block_1_3' title="bbox 182 495 3437 569">
    <p class='ocr_par' dir='ltr' id='par_1_3' title="bbox 182 495 3437 569">
     <span class='ocr_line' id='line_1_3' title="bbox 182 495 3437 569; baseline -0.001 -17"><span class='ocrx_word' id='word_1_11' title='bbox 182 499 348 564; x_wconf 89' lang='lat' dir='ltr'><strong>tiam,</strong></span> <span class='ocrx_word' id='word_1_12' title='bbox 392 497 576 552; x_wconf 90' lang='lat' dir='ltr'><strong>dicant</strong></span> <span class='ocrx_word' id='word_1_13' title='bbox 622 498 802 569; x_wconf 82' lang='lat' dir='ltr'><strong>etiam</strong></span> <span class='ocrx_word' id='word_1_14' title='bbox 832 497 1021 569; x_wconf 74' lang='lat' dir='ltr'><strong>haberi</strong></span> <span class='ocrx_word' id='word_1_15' title='bbox 1058 511 1217 569; x_wconf 83' lang='lat' dir='ltr'><strong>posse</strong></span> <span class='ocrx_word' id='word_1_16' title='bbox 1247 496 1637 569; x_wconf 86' lang='lat' dir='ltr'><strong>intellectivam</strong></span> <span class='ocrx_word' id='word_1_17' title='bbox 1671 513 1769 568; x_wconf 90' lang='lat' dir='ltr'><strong>per</strong></span> <span class='ocrx_word' id='word_1_18' title='bbox 1794 508 2116 569; x_wconf 89' lang='lat' dir='ltr'><strong>conceptum</strong></span> <span class='ocrx_word' id='word_1_19' title='bbox 2144 499 2426 569; x_wconf 90' lang='lat' dir='ltr'><strong>proprium</strong></span> <span class='ocrx_word' id='word_1_20' title='bbox 2458 499 2767 553; x_wconf 85' lang='lat' dir='ltr'><strong>absolutum</strong></span> <span class='ocrx_word' id='word_1_21' title='bbox 2799 511 2922 569; x_wconf 77' lang='lat' dir='ltr'><strong>esse</strong></span> <span class='ocrx_word' id='word_1_22' title='bbox 2947 495 3146 569; x_wconf 81' lang='lat' dir='ltr'><strong>divini,</strong></span> <span class='ocrx_word' id='word_1_23' title='bbox 3183 495 3437 569; x_wconf 61' lang='lat' dir='ltr'><strong>quamvis</strong></span> 
     </span>
    </p>
   </div>
   <div class='ocr_carea' id='block_1_4' title="bbox 179 566 3434 638">
    <p class='ocr_par' dir='ltr' id='par_1_4' title="bbox 179 566 3434 638">
     <span class='ocr_line' id='line_1_4' title="bbox 179 566 3434 638; baseline -0.001 -15"><span class='ocrx_word' id='word_1_24' title='bbox 179 583 291 623; x_wconf 82' lang='lat' dir='ltr'><strong>non</strong></span> <span class='ocrx_word' id='word_1_25' title='bbox 325 569 668 632; x_wconf 83' lang='lat' dir='ltr'><strong>intuitivum,</strong></span> <span class='ocrx_word' id='word_1_26' title='bbox 708 568 754 621; x_wconf 89' lang='lat' dir='ltr'><strong>si</strong></span> <span class='ocrx_word' id='word_1_27' title='bbox 790 566 1136 638; x_wconf 83' lang='lat' dir='ltr'><strong>imperfectio</strong></span> <span class='ocrx_word' id='word_1_28' title='bbox 1165 568 1235 638; x_wconf 73' lang='lat' dir='ltr'><strong>ali</strong></span> <span class='ocrx_word' id='word_1_29' title='bbox 1264 568 1377 634; x_wconf 86' lang='lat' dir='ltr'><strong>ipso</strong></span> <span class='ocrx_word' id='word_1_30' title='bbox 1403 566 1755 638; x_wconf 78' lang='lat' dir='ltr'><strong>removeatur</strong></span> <span class='ocrx_word' id='word_1_31' title='bbox 1774 578 1829 622; x_wconf 91' lang='lat' dir='ltr'><strong>et</strong></span> <span class='ocrx_word' id='word_1_32' title='bbox 1862 566 2417 625; x_wconf 50' lang='lat' dir='ltr'><strong>absirahaturfldem</strong></span> <span class='ocrx_word' id='word_1_33' title='bbox 2445 570 2511 626; x_wconf 91' lang='lat' dir='ltr'><strong>de</strong></span> <span class='ocrx_word' id='word_1_34' title='bbox 2534 571 2664 636; x_wconf 83' lang='lat' dir='ltr'><strong>vita,</strong></span> <span class='ocrx_word' id='word_1_35' title='bbox 2691 571 2757 624; x_wconf 89' lang='lat' dir='ltr'><strong>de</strong></span> <span class='ocrx_word' id='word_1_36' title='bbox 2787 567 3434 638; x_wconf 80' lang='lat' dir='ltr'><strong>bonitate,desapientia,</strong></span> 
     </span>
    </p>
   </div>
   <div class='ocr_carea' id='block_1_5' title="bbox 181 636 2131 707">
    <p class='ocr_par' dir='ltr' id='par_1_5' title="bbox 181 636 2131 707">
     <span class='ocr_line' id='line_1_5' title="bbox 181 636 2131 707; baseline 0 -15"><span class='ocrx_word' id='word_1_37' title='bbox 181 638 253 703; x_wconf 84' lang='lat' dir='ltr'><strong>de</strong></span> <span class='ocrx_word' id='word_1_38' title='bbox 284 639 557 707; x_wconf 90' lang='lat' dir='ltr'><strong>potentia,</strong></span> <span class='ocrx_word' id='word_1_39' title='bbox 590 647 646 693; x_wconf 89' lang='lat' dir='ltr'><strong>et</strong></span> <span class='ocrx_word' id='word_1_40' title='bbox 674 637 1049 693; x_wconf 88' lang='lat' dir='ltr'><strong>consimilibus</strong></span> <span class='ocrx_word' id='word_1_41' title='bbox 1074 636 1381 707; x_wconf 65' lang='lat' dir='ltr'><strong>praedicans</strong></span> <span class='ocrx_word' id='word_1_42' title='bbox 1411 637 1890 707; x_wconf 89' lang='lat' dir='ltr'><strong>perfectionalibus</strong></span> <span class='ocrx_word' id='word_1_43' title='bbox 1920 640 2131 694; x_wconf 87' lang='lat' dir='ltr'><strong>dicunt.</strong></span> 
     </span>
    </p>
   </div>
   <div class='ocr_carea' id='block_1_6' title="bbox 251 705 3434 778">
    <p class='ocr_par' dir='ltr' id='par_1_6' title="bbox 251 705 3434 778">
     <span class='ocr_line' id='line_1_6' title="bbox 251 705 3434 778; baseline -0.001 -16"><span class='ocrx_word' id='word_1_44' title='bbox 251 705 335 764; x_wconf 82' lang='lat' dir='ltr'><strong>Ad</strong></span> <span class='ocrx_word' id='word_1_45' title='bbox 366 710 669 764; x_wconf 88' lang='lat' dir='ltr'><strong>secundam</strong></span> <span class='ocrx_word' id='word_1_46' title='bbox 706 709 848 761; x_wconf 81' lang='lat' dir='ltr'><strong>hanc</strong></span> <span class='ocrx_word' id='word_1_47' title='bbox 874 717 1083 774; x_wconf 88' lang='lat' dir='ltr'><strong>partem</strong></span> <span class='ocrx_word' id='word_1_48' title='bbox 1103 705 1504 778; x_wconf 11' lang='lat' dir='ltr'><strong>gﬂectividctur</strong></span> <span class='ocrx_word' id='word_1_49' title='bbox 1537 716 1761 778; x_wconf 85' lang='lat' dir='ltr'><strong>sanctus</strong></span> <span class='ocrx_word' id='word_1_50' title='bbox 1789 709 2124 778; x_wconf 72' lang='lat' dir='ltr'><strong>Augustinus</strong></span> <span class='ocrx_word' id='word_1_51' title='bbox 2152 708 2399 778; x_wconf 82' lang='lat' dir='ltr'><strong>pluribus</strong></span> <span class='ocrx_word' id='word_1_52' title='bbox 2429 710 2589 776; x_wconf 89' lang='lat' dir='ltr'><strong>locis,</strong></span> <span class='ocrx_word' id='word_1_53' title='bbox 2619 708 2923 778; x_wconf 66' lang='lat' dir='ltr'><strong>prmsertim</strong></span> <span class='ocrx_word' id='word_1_54' title='bbox 2954 708 3008 762; x_wconf 89' lang='lat' dir='ltr'><strong>in</strong></span> <span class='ocrx_word' id='word_1_55' title='bbox 3036 707 3180 778; x_wconf 84' lang='lat' dir='ltr'><strong>libro</strong></span> <span class='ocrx_word' id='word_1_56' title='bbox 3214 706 3287 759; x_wconf 88' lang='lat' dir='ltr'><strong>De</strong></span> <span class='ocrx_word' id='word_1_57' title='bbox 3312 705 3434 778; x_wconf 77' lang='lat' dir='ltr'><strong>Tri-</strong></span> 
     </span>
    </p>
   </div>
   <div class='ocr_carea' id='block_1_7' title="bbox 181 776 3433 849">
    <p class='ocr_par' dir='ltr' id='par_1_7' title="bbox 181 776 3433 849">
     <span class='ocr_line' id='line_1_7' title="bbox 181 776 3433 849; baseline -0.001 -18"><span class='ocrx_word' id='word_1_58' title='bbox 181 779 379 844; x_wconf 86' lang='lat' dir='ltr'><strong>nitate,</strong></span> <span class='ocrx_word' id='word_1_59' title='bbox 412 779 619 833; x_wconf 88' lang='lat' dir='ltr'><strong>docens</strong></span> <span class='ocrx_word' id='word_1_60' title='bbox 644 780 749 849; x_wconf 88' lang='lat' dir='ltr'><strong>hoc</strong></span> <span class='ocrx_word' id='word_1_61' title='bbox 776 779 934 831; x_wconf 91' lang='lat' dir='ltr'><strong>modo</strong></span> <span class='ocrx_word' id='word_1_62' title='bbox 964 792 1076 849; x_wconf 82' lang='lat' dir='ltr'><strong>nos</strong></span> <span class='ocrx_word' id='word_1_63' title='bbox 1094 776 1226 849; x_wconf 86' lang='lat' dir='ltr'><strong>ferri</strong></span> <span class='ocrx_word' id='word_1_64' title='bbox 1251 777 1313 849; x_wconf 86' lang='lat' dir='ltr'><strong>in</strong></span> <span class='ocrx_word' id='word_1_65' title='bbox 1360 778 1562 831; x_wconf 89' lang='lat' dir='ltr'><strong>bonum</strong></span> <span class='ocrx_word' id='word_1_66' title='bbox 1588 776 1920 849; x_wconf 82' lang='lat' dir='ltr'><strong>absolutum.</strong></span> <span class='ocrx_word' id='word_1_67' title='bbox 1954 776 2188 833; x_wconf 84' lang='lat' dir='ltr'><strong>Sanctus</strong></span> <span class='ocrx_word' id='word_1_68' title='bbox 2235 796 2452 849; x_wconf 90' lang='lat' dir='ltr'><strong>quoque</strong></span> <span class='ocrx_word' id='word_1_69' title='bbox 2482 776 2871 849; x_wconf 80' lang='lat' dir='ltr'><strong>Bonaventura</strong></span> <span class='ocrx_word' id='word_1_70' title='bbox 2907 779 2959 831; x_wconf 92' lang='lat' dir='ltr'><strong>in</strong></span> <span class='ocrx_word' id='word_1_71' title='bbox 3002 792 3099 849; x_wconf 89' lang='lat' dir='ltr'><strong>suo</strong></span> <span class='ocrx_word' id='word_1_72' title='bbox 3145 776 3433 849; x_wconf 74' lang='lat' dir='ltr'><strong>[litterario</strong></span> 
     </span>
    </p>
   </div>
   <div class='ocr_carea' id='block_1_8' title="bbox 180 846 3427 918">
    <p class='ocr_par' dir='ltr' id='par_1_8' title="bbox 180 846 3427 918">
     <span class='ocr_line' id='line_1_8' title="bbox 180 846 3427 918; baseline -0.002 -15"><span class='ocrx_word' id='word_1_73' title='bbox 180 850 369 917; x_wconf 89' lang='lat' dir='ltr'><strong>capite</strong></span> <span class='ocrx_word' id='word_1_74' title='bbox 399 858 556 902; x_wconf 75' lang='lat' dir='ltr'><strong>sexto</strong></span> <span class='ocrx_word' id='word_1_75' title='bbox 581 849 721 902; x_wconf 88' lang='lat' dir='ltr'><strong>idem</strong></span> <span class='ocrx_word' id='word_1_76' title='bbox 741 848 1004 902; x_wconf 78' lang='lat' dir='ltr'><strong>insinuat.</strong></span> <span class='ocrx_word' id='word_1_77' title='bbox 1039 846 1189 918; x_wconf 83' lang='lat' dir='ltr'><strong>Unde</strong></span> <span class='ocrx_word' id='word_1_78' title='bbox 1214 847 1449 918; x_wconf 85' lang='lat' dir='ltr'><strong>videtur,</strong></span> <span class='ocrx_word' id='word_1_79' title='bbox 1485 848 1657 917; x_wconf 89' lang='lat' dir='ltr'><strong>quod,</strong></span> <span class='ocrx_word' id='word_1_80' title='bbox 1688 850 1967 903; x_wconf 88' lang='lat' dir='ltr'><strong>abstracta</strong></span> <span class='ocrx_word' id='word_1_81' title='bbox 1996 849 2063 901; x_wconf 86' lang='lat' dir='ltr'><strong>ab</strong></span> <span class='ocrx_word' id='word_1_82' title='bbox 2095 851 2212 918; x_wconf 89' lang='lat' dir='ltr'><strong>ipso</strong></span> <span class='ocrx_word' id='word_1_83' title='bbox 2243 846 2387 912; x_wconf 78' lang='lat' dir='ltr'><strong>esse,</strong></span> <span class='ocrx_word' id='word_1_84' title='bbox 2417 850 2566 904; x_wconf 90' lang='lat' dir='ltr'><strong>omni</strong></span> <span class='ocrx_word' id='word_1_85' title='bbox 2597 848 3012 915; x_wconf 88' lang='lat' dir='ltr'><strong>p0tentialitate,</strong></span> <span class='ocrx_word' id='word_1_86' title='bbox 3044 847 3427 918; x_wconf 80' lang='lat' dir='ltr'><strong>dependentia,</strong></span> 
     </span>
    </p>
   </div>
   <div class='ocr_carea' id='block_1_9' title="bbox 178 916 3324 990">
    <p class='ocr_par' dir='ltr' id='par_1_9' title="bbox 178 916 3324 990">
     <span class='ocr_line' id='line_1_9' title="bbox 178 916 3324 990; baseline 0 -18"><span class='ocrx_word' id='word_1_87' title='bbox 178 916 516 990; x_wconf 79' lang='lat' dir='ltr'><strong>privatione,</strong></span> <span class='ocrx_word' id='word_1_88' title='bbox 541 918 702 988; x_wconf 84' lang='lat'><strong>577</strong></span> <span class='ocrx_word' id='word_1_89' title='bbox 723 926 775 971; x_wconf 88' lang='lat' dir='ltr'><strong>et</strong></span> <span class='ocrx_word' id='word_1_90' title='bbox 819 919 925 971; x_wconf 89' lang='lat' dir='ltr'><strong>alia</strong></span> <span class='ocrx_word' id='word_1_91' title='bbox 949 917 1098 990; x_wconf 85' lang='lat' dir='ltr'><strong>omni</strong></span> <span class='ocrx_word' id='word_1_92' title='bbox 1120 916 1549 990; x_wconf 80' lang='lat' dir='ltr'><strong>imperfectione</strong></span> <span class='ocrx_word' id='word_1_93' title='bbox 1583 933 1647 971; x_wconf 90' lang='lat' dir='ltr'><strong>ac</strong></span> <span class='ocrx_word' id='word_1_94' title='bbox 1670 918 1901 990; x_wconf 84' lang='lat' dir='ltr'><strong>finitate,</strong></span> <span class='ocrx_word' id='word_1_95' title='bbox 1947 916 2172 990; x_wconf 84' lang='lat' dir='ltr'><strong>resultet</strong></span> <span class='ocrx_word' id='word_1_96' title='bbox 2194 930 2497 988; x_wconf 90' lang='lat' dir='ltr'><strong>conceptus</strong></span> <span class='ocrx_word' id='word_1_97' title='bbox 2526 920 2618 973; x_wconf 91' lang='lat' dir='ltr'><strong>Dei</strong></span> <span class='ocrx_word' id='word_1_98' title='bbox 2650 919 2927 973; x_wconf 90' lang='lat' dir='ltr'><strong>absolutus</strong></span> <span class='ocrx_word' id='word_1_99' title='bbox 2955 935 3020 990; x_wconf 78' lang='lat' dir='ltr'><strong>ac</strong></span> <span class='ocrx_word' id='word_1_100' title='bbox 3050 916 3324 990; x_wconf 83' lang='lat' dir='ltr'><strong>proprius.</strong></span> 
     </span>
    </p>
   </div>
   <div class='ocr_carea' id='block_1_10' title="bbox 250 987 3431 1057">
    <p class='ocr_par' dir='ltr' id='par_1_10' title="bbox 250 987 3431 1057">
     <span class='ocr_line' id='line_1_10' title="bbox 250 987 3431 1057; baseline -0 -15"><span class='ocrx_word' id='word_1_101' title='bbox 250 987 903 1050; x_wconf 17' lang='lat' dir='ltr'><strong>Advertenduiniautem,</strong></span> <span class='ocrx_word' id='word_1_102' title='bbox 937 988 1083 1057; x_wconf 85' lang='lat' dir='ltr'><strong>quod</strong></span> <span class='ocrx_word' id='word_1_103' title='bbox 1111 987 1210 1054; x_wconf 78' lang='lat' dir='ltr'><strong>(uti</strong></span> <span class='ocrx_word' id='word_1_104' title='bbox 1245 988 1384 1057; x_wconf 81' lang='lat' dir='ltr'><strong>idem</strong></span> <span class='ocrx_word' id='word_1_105' title='bbox 1418 989 1493 1041; x_wconf 88' lang='lat' dir='ltr'><strong>ait</strong></span> <span class='ocrx_word' id='word_1_106' title='bbox 1536 989 1588 1042; x_wconf 91' lang='lat' dir='ltr'><strong>in</strong></span> <span class='ocrx_word' id='word_1_107' title='bbox 1624 988 1835 1057; x_wconf 82' lang='lat' dir='ltr'><strong>scripto</strong></span> <span class='ocrx_word' id='word_1_108' title='bbox 1860 988 2073 1056; x_wconf 75' lang='lat' dir='ltr'><strong>Quarti)</strong></span> <span class='ocrx_word' id='word_1_109' title='bbox 2105 987 2407 1045; x_wconf 88' lang='lat' dir='ltr'><strong>abstractio</strong></span> <span class='ocrx_word' id='word_1_110' title='bbox 2436 992 2539 1044; x_wconf 63' lang='lat' dir='ltr'><strong>ista</strong></span> <span class='ocrx_word' id='word_1_111' title='bbox 2572 990 2745 1057; x_wconf 86' lang='lat' dir='ltr'><strong>possit</strong></span> <span class='ocrx_word' id='word_1_112' title='bbox 2774 999 2850 1042; x_wconf 91' lang='lat' dir='ltr'><strong>tot</strong></span> <span class='ocrx_word' id='word_1_113' title='bbox 2873 988 3048 1042; x_wconf 89' lang='lat' dir='ltr'><strong>modis</strong></span> <span class='ocrx_word' id='word_1_114' title='bbox 3089 987 3431 1055; x_wconf 82' lang='lat' dir='ltr'><strong>contingere,</strong></span> 
     </span>
    </p>
   </div>
   <div class='ocr_carea' id='block_1_11' title="bbox 178 1056 3436 1183">
    <p class='ocr_par' dir='ltr' id='par_1_11' title="bbox 178 1056 3436 1183">
     <span class='ocr_line' id='line_1_11' title="bbox 178 1056 3436 1183; baseline -0.001 -70"><span class='ocrx_word' id='word_1_115' title='bbox 178 1070 320 1183; x_wconf 67' lang='lat' dir='ltr'><strong>ﬂuet</strong></span> <span class='ocrx_word' id='word_1_116' title='bbox 353 1058 531 1113; x_wconf 86' lang='lat' dir='ltr'><strong>modis</strong></span> <span class='ocrx_word' id='word_1_117' title='bbox 560 1058 835 1113; x_wconf 79' lang='lat' dir='ltr'><strong>invenitur</strong></span> <span class='ocrx_word' id='word_1_118' title='bbox 860 1056 1270 1111; x_wconf 86' lang='lat' dir='ltr'><strong>dissimilitudo.</strong></span> <span class='ocrx_word' id='word_1_119' title='bbox 1297 1056 1482 1110; x_wconf 89' lang='lat' dir='ltr'><strong>Primo</strong></span> <span class='ocrx_word' id='word_1_120' title='bbox 1508 1058 1653 1111; x_wconf 89' lang='lat' dir='ltr'><strong>enim</strong></span> <span class='ocrx_word' id='word_1_121' title='bbox 1685 1056 1951 1126; x_wconf 80' lang='lat' dir='ltr'><strong>centingit</strong></span> <span class='ocrx_word' id='word_1_122' title='bbox 1982 1059 2393 1123; x_wconf 80' lang='lat' dir='ltr'><strong>dissimilitudo,</strong></span> <span class='ocrx_word' id='word_1_123' title='bbox 2436 1056 2581 1114; x_wconf 13' lang='lat' dir='ltr'><strong>dumi</strong></span> <span class='ocrx_word' id='word_1_124' title='bbox 2606 1056 2782 1111; x_wconf 88' lang='lat' dir='ltr'><strong>forma</strong></span> <span class='ocrx_word' id='word_1_125' title='bbox 2816 1059 3181 1128; x_wconf 86' lang='lat' dir='ltr'><strong>participatur</strong></span> <span class='ocrx_word' id='word_1_126' title='bbox 3231 1071 3436 1111; x_wconf 79' lang='lat' dir='ltr'><strong>secun-</strong></span> 
     </span>
     <span class='ocr_line' id='line_1_12' title="bbox 220 1126 3433 1183; baseline -0 -2"><span class='ocrx_word' id='word_1_127' title='bbox 220 1145 308 1182; x_wconf 91' lang='lat' dir='ltr'><strong>um</strong></span> <span class='ocrx_word' id='word_1_128' title='bbox 335 1128 587 1183; x_wconf 85' lang='lat' dir='ltr'><strong>eamdem</strong></span> <span class='ocrx_word' id='word_1_129' title='bbox 619 1129 890 1182; x_wconf 88' lang='lat' dir='ltr'><strong>rationem</strong></span> <span class='ocrx_word' id='word_1_130' title='bbox 922 1128 1149 1183; x_wconf 83' lang='lat' dir='ltr'><strong>suecici.</strong></span> <span class='ocrx_word' id='word_1_131' title='bbox 1172 1126 1269 1180; x_wconf 87' lang='lat' dir='ltr'><strong>sed</strong></span> <span class='ocrx_word' id='word_1_132' title='bbox 1296 1142 1399 1181; x_wconf 91' lang='lat' dir='ltr'><strong>non</strong></span> <span class='ocrx_word' id='word_1_133' title='bbox 1427 1129 1727 1182; x_wconf 89' lang='lat' dir='ltr'><strong>secundum</strong></span> <span class='ocrx_word' id='word_1_134' title='bbox 1754 1129 2005 1182; x_wconf 90' lang='lat' dir='ltr'><strong>eumdem</strong></span> <span class='ocrx_word' id='word_1_135' title='bbox 2032 1132 2252 1183; x_wconf 90' lang='lat' dir='ltr'><strong>modum</strong></span> <span class='ocrx_word' id='word_1_136' title='bbox 2279 1145 2375 1183; x_wconf 91' lang='lat' dir='ltr'><strong>seu</strong></span> <span class='ocrx_word' id='word_1_137' title='bbox 2400 1131 2630 1183; x_wconf 76' lang='lat' dir='ltr'><strong>eradum</strong></span> <span class='ocrx_word' id='word_1_138' title='bbox 2655 1130 3026 1183; x_wconf 76' lang='lat' dir='ltr'><strong>perfectionis.</strong></span> <span class='ocrx_word' id='word_1_139' title='bbox 3053 1137 3111 1180; x_wconf 94' lang='lat' dir='ltr'><strong>ut</strong></span> <span class='ocrx_word' id='word_1_140' title='bbox 3136 1128 3188 1181; x_wconf 89' lang='lat' dir='ltr'><strong>in</strong></span> <span class='ocrx_word' id='word_1_141' title='bbox 3221 1128 3433 1181; x_wconf 90' lang='lat' dir='ltr'><strong>duobus</strong></span> 
     </span>
    </p>
   </div>
   <div class='ocr_carea' id='block_1_12' title="bbox 220 1126 3433 1199">
    <p class='ocr_par' dir='ltr' id='par_1_12' title="bbox 220 1126 3433 1199">
     <span class='ocr_line' id='line_1_13' title="bbox 220 1126 3433 1199; baseline 0 -18"><span class='ocrx_word' id='word_1_142' title='bbox 220 1145 308 1182; x_wconf 91' lang='lat' dir='ltr'><strong>um</strong></span> <span class='ocrx_word' id='word_1_143' title='bbox 335 1128 587 1184; x_wconf 86' lang='lat' dir='ltr'><strong>eamdem</strong></span> <span class='ocrx_word' id='word_1_144' title='bbox 619 1129 890 1199; x_wconf 83' lang='lat' dir='ltr'><strong>rationem</strong></span> <span class='ocrx_word' id='word_1_145' title='bbox 922 1128 1149 1199; x_wconf 79' lang='lat' dir='ltr'><strong>speciei,</strong></span> <span class='ocrx_word' id='word_1_146' title='bbox 1172 1126 1269 1180; x_wconf 89' lang='lat' dir='ltr'><strong>sed</strong></span> <span class='ocrx_word' id='word_1_147' title='bbox 1296 1142 1399 1199; x_wconf 90' lang='lat' dir='ltr'><strong>non</strong></span> <span class='ocrx_word' id='word_1_148' title='bbox 1420 1129 1727 1199; x_wconf 78' lang='lat' dir='ltr'><strong>secundum</strong></span> <span class='ocrx_word' id='word_1_149' title='bbox 1754 1129 2005 1182; x_wconf 90' lang='lat' dir='ltr'><strong>eumdem</strong></span> <span class='ocrx_word' id='word_1_150' title='bbox 2032 1132 2252 1183; x_wconf 90' lang='lat' dir='ltr'><strong>modum</strong></span> <span class='ocrx_word' id='word_1_151' title='bbox 2279 1145 2375 1184; x_wconf 90' lang='lat' dir='ltr'><strong>seu</strong></span> <span class='ocrx_word' id='word_1_152' title='bbox 2400 1131 2630 1199; x_wconf 86' lang='lat' dir='ltr'><strong>gradum</strong></span> <span class='ocrx_word' id='word_1_153' title='bbox 2655 1126 3026 1197; x_wconf 86' lang='lat' dir='ltr'><strong>perfectionis,</strong></span> <span class='ocrx_word' id='word_1_154' title='bbox 3053 1137 3111 1199; x_wconf 86' lang='lat' dir='ltr'><strong>ut</strong></span> <span class='ocrx_word' id='word_1_155' title='bbox 3136 1128 3188 1181; x_wconf 89' lang='lat' dir='ltr'><strong>in</strong></span> <span class='ocrx_word' id='word_1_156' title='bbox 3221 1128 3433 1181; x_wconf 89' lang='lat' dir='ltr'><strong>duobus</strong></span> 
     </span>
    </p>
   </div>
   <div class='ocr_carea' id='block_1_13' title="bbox 176 1196 3434 1268">
    <p class='ocr_par' dir='ltr' id='par_1_13' title="bbox 176 1196 3434 1268">
     <span class='ocr_line' id='line_1_14' title="bbox 176 1196 3434 1268; baseline -0.001 -15"><span class='ocrx_word' id='word_1_157' title='bbox 176 1214 419 1266; x_wconf 90' lang='lat' dir='ltr'><strong>quorum</strong></span> <span class='ocrx_word' id='word_1_158' title='bbox 448 1214 590 1253; x_wconf 92' lang='lat' dir='ltr'><strong>unus</strong></span> <span class='ocrx_word' id='word_1_159' title='bbox 620 1207 706 1256; x_wconf 75' lang='lat' dir='ltr'><strong>eat</strong></span> <span class='ocrx_word' id='word_1_160' title='bbox 733 1197 911 1252; x_wconf 91' lang='lat' dir='ltr'><strong>albior</strong></span> <span class='ocrx_word' id='word_1_161' title='bbox 940 1198 1069 1250; x_wconf 91' lang='lat' dir='ltr'><strong>alio.</strong></span> <span class='ocrx_word' id='word_1_162' title='bbox 1097 1196 1373 1263; x_wconf 88' lang='lat' dir='ltr'><strong>Secundo,</strong></span> <span class='ocrx_word' id='word_1_163' title='bbox 1401 1196 1528 1251; x_wconf 91' lang='lat' dir='ltr'><strong>dum</strong></span> <span class='ocrx_word' id='word_1_164' title='bbox 1556 1197 1729 1251; x_wconf 88' lang='lat' dir='ltr'><strong>forma</strong></span> <span class='ocrx_word' id='word_1_165' title='bbox 1755 1199 2115 1268; x_wconf 86' lang='lat' dir='ltr'><strong>participatur</strong></span> <span class='ocrx_word' id='word_1_166' title='bbox 2143 1196 2447 1253; x_wconf 79' lang='lat' dir='ltr'><strong>secundum</strong></span> <span class='ocrx_word' id='word_1_167' title='bbox 2495 1196 2740 1254; x_wconf 78' lang='lat' dir='ltr'><strong>eamdem</strong></span> <span class='ocrx_word' id='word_1_168' title='bbox 2766 1199 2983 1267; x_wconf 77' lang='lat' dir='ltr'><strong>generis</strong></span> <span class='ocrx_word' id='word_1_169' title='bbox 3011 1198 3300 1268; x_wconf 85' lang='lat' dir='ltr'><strong>rationem,</strong></span> <span class='ocrx_word' id='word_1_170' title='bbox 3327 1212 3434 1251; x_wconf 91' lang='lat' dir='ltr'><strong>non</strong></span> 
     </span>
    </p>
   </div>
   <div class='ocr_carea' id='block_1_14' title="bbox 177 1267 3432 1348">
    <p class='ocr_par' dir='ltr' id='par_1_14' title="bbox 177 1267 3432 1348">
     <span class='ocr_line' id='line_1_15' title="bbox 177 1267 3432 1348; baseline -0.001 -25"><span class='ocrx_word' id='word_1_171' title='bbox 177 1270 412 1348; x_wconf 75' lang='lat' dir='ltr'><strong>speciei,</strong></span> <span class='ocrx_word' id='word_1_172' title='bbox 450 1278 507 1322; x_wconf 85' lang='grc' dir='ltr'><strong>ιιι</strong></span> <span class='ocrx_word' id='word_1_173' title='bbox 531 1269 671 1324; x_wconf 89' lang='lat' dir='ltr'><strong>inter</strong></span> <span class='ocrx_word' id='word_1_174' title='bbox 717 1269 855 1322; x_wconf 90' lang='lat' dir='ltr'><strong>duos</strong></span> <span class='ocrx_word' id='word_1_175' title='bbox 880 1268 1180 1348; x_wconf 78' lang='lat' dir='ltr'><strong>coloratos,</strong></span> <span class='ocrx_word' id='word_1_176' title='bbox 1212 1280 1447 1335; x_wconf 89' lang='lat' dir='ltr'><strong>quorum</strong></span> <span class='ocrx_word' id='word_1_177' title='bbox 1475 1283 1622 1348; x_wconf 73' lang='lat' dir='ltr'><strong>unus</strong></span> <span class='ocrx_word' id='word_1_178' title='bbox 1645 1268 1720 1348; x_wconf 85' lang='lat' dir='ltr'><strong>sit_</strong></span> <span class='ocrx_word' id='word_1_179' title='bbox 1745 1267 1926 1348; x_wconf 79' lang='lat' dir='ltr'><strong>albus,</strong></span> <span class='ocrx_word' id='word_1_180' title='bbox 1956 1267 2097 1323; x_wconf 89' lang='lat' dir='ltr'><strong>alius</strong></span> <span class='ocrx_word' id='word_1_181' title='bbox 2138 1270 2322 1348; x_wconf 72' lang='lat' dir='ltr'><strong>piger.</strong></span> <span class='ocrx_word' id='word_1_182' title='bbox 2350 1270 2540 1348; x_wconf 84' lang='lat' dir='ltr'><strong>&#39;_l‘erti_o</strong></span> <span class='ocrx_word' id='word_1_183' title='bbox 2570 1268 2952 1348; x_wconf 80' lang='lat' dir='ltr'><strong>adhu_c_min_or</strong></span> <span class='ocrx_word' id='word_1_184' title='bbox 2996 1267 3432 1348; x_wconf 53' lang='grc' dir='ltr'><strong>ιξειβὶιιιὶιίιιιιιοε</strong></span> 
     </span>
    </p>
   </div>
   <div class='ocr_carea' id='block_1_15' title="bbox 178 1336 3434 1409">
    <p class='ocr_par' dir='ltr' id='par_1_15' title="bbox 178 1336 3434 1409">
     <span class='ocr_line' id='line_1_16' title="bbox 178 1336 3434 1409; baseline 0 -17"><span class='ocrx_word' id='word_1_185' title='bbox 178 1336 305 1392; x_wconf 83' lang='lat' dir='ltr'><strong>dum</strong></span> <span class='ocrx_word' id='word_1_186' title='bbox 341 1339 533 1409; x_wconf 87' lang='lat' dir='ltr'><strong>aliqua</strong></span> <span class='ocrx_word' id='word_1_187' title='bbox 570 1356 675 1394; x_wconf 90' lang='lat' dir='ltr'><strong>non</strong></span> <span class='ocrx_word' id='word_1_188' title='bbox 705 1340 1036 1393; x_wconf 84' lang='lat' dir='ltr'><strong>conveniunt</strong></span> <span class='ocrx_word' id='word_1_189' title='bbox 1070 1338 1119 1390; x_wconf 93' lang='lat' dir='ltr'><strong>in</strong></span> <span class='ocrx_word' id='word_1_190' title='bbox 1142 1353 1363 1408; x_wconf 84' lang='lat' dir='ltr'><strong>genere,</strong></span> <span class='ocrx_word' id='word_1_191' title='bbox 1395 1338 1487 1392; x_wconf 89' lang='lat' dir='ltr'><strong>sed</strong></span> <span class='ocrx_word' id='word_1_192' title='bbox 1512 1343 1569 1409; x_wconf 84' lang='lat' dir='ltr'><strong>in</strong></span> <span class='ocrx_word' id='word_1_193' title='bbox 1598 1337 1875 1409; x_wconf 82' lang='lat' dir='ltr'><strong>analogia,</strong></span> <span class='ocrx_word' id='word_1_194' title='bbox 1900 1348 1957 1393; x_wconf 92' lang='lat' dir='ltr'><strong>ut</strong></span> <span class='ocrx_word' id='word_1_195' title='bbox 1981 1348 2067 1392; x_wconf 90' lang='lat' dir='ltr'><strong>est</strong></span> <span class='ocrx_word' id='word_1_196' title='bbox 2104 1336 2405 1394; x_wconf 88' lang='lat' dir='ltr'><strong>similitudo</strong></span> <span class='ocrx_word' id='word_1_197' title='bbox 2432 1339 2634 1393; x_wconf 88' lang='lat' dir='ltr'><strong>coloris</strong></span> <span class='ocrx_word' id='word_1_198' title='bbox 2655 1340 2723 1393; x_wconf 90' lang='lat' dir='ltr'><strong>ad</strong></span> <span class='ocrx_word' id='word_1_199' title='bbox 2753 1338 3050 1404; x_wconf 85' lang='lat' dir='ltr'><strong>hominem,</strong></span> <span class='ocrx_word' id='word_1_200' title='bbox 3083 1338 3137 1391; x_wconf 93' lang='lat' dir='ltr'><strong>in</strong></span> <span class='ocrx_word' id='word_1_201' title='bbox 3166 1338 3268 1392; x_wconf 91' lang='lat' dir='ltr'><strong>hoc</strong></span> <span class='ocrx_word' id='word_1_202' title='bbox 3288 1336 3434 1406; x_wconf 90' lang='lat' dir='ltr'><strong>quod</strong></span> 
     </span>
    </p>
   </div>
   <div class='ocr_carea' id='block_1_16' title="bbox 177 1408 2947 1479">
    <p class='ocr_par' dir='ltr' id='par_1_16' title="bbox 177 1408 2947 1479">
     <span class='ocr_line' id='line_1_17' title="bbox 177 1408 2947 1479; baseline 0.001 -17"><span class='ocrx_word' id='word_1_203' title='bbox 177 1408 479 1479; x_wconf 79' lang='lat' dir='ltr'><strong>utrumque</strong></span> <span class='ocrx_word' id='word_1_204' title='bbox 518 1410 590 1462; x_wconf 86' lang='lat' dir='ltr'><strong>sit</strong></span> <span class='ocrx_word' id='word_1_205' title='bbox 615 1425 737 1472; x_wconf 88' lang='lat' dir='ltr'><strong>ens,</strong></span> <span class='ocrx_word' id='word_1_206' title='bbox 762 1411 951 1479; x_wconf 86' lang='lat' dir='ltr'><strong>sicque</strong></span> <span class='ocrx_word' id='word_1_207' title='bbox 980 1410 1240 1479; x_wconf 81' lang='lat' dir='ltr'><strong>del_i_ctens</strong></span> <span class='ocrx_word' id='word_1_208' title='bbox 1269 1408 1554 1479; x_wconf 86' lang='lat' dir='ltr'><strong>estomnis</strong></span> <span class='ocrx_word' id='word_1_209' title='bbox 1596 1408 1904 1479; x_wconf 82' lang='lat' dir='ltr'><strong>similitudo</strong></span> <span class='ocrx_word' id='word_1_210' title='bbox 1921 1418 2189 1463; x_wconf 59' lang='lat' dir='ltr'><strong>creaturae</strong></span> <span class='ocrx_word' id='word_1_211' title='bbox 2216 1410 2285 1479; x_wconf 83' lang='lat' dir='ltr'><strong>ad</strong></span> <span class='ocrx_word' id='word_1_212' title='bbox 2319 1410 2517 1466; x_wconf 88' lang='lat' dir='ltr'><strong>Deum.</strong></span> <span class='ocrx_word' id='word_1_213' title='bbox 2944 1460 2947 1465; x_wconf 90' lang='lat'><strong>.</strong></span> 
     </span>
    </p>
   </div>
   <div class='ocr_carea' id='block_1_17' title="bbox 245 1476 3435 1548">
    <p class='ocr_par' dir='ltr' id='par_1_17' title="bbox 245 1476 3435 1548">
     <span class='ocr_line' id='line_1_18' title="bbox 245 1476 3435 1548; baseline 0 -18"><span class='ocrx_word' id='word_1_214' title='bbox 245 1476 480 1547; x_wconf 80' lang='lat' dir='ltr'><strong>insuper</strong></span> <span class='ocrx_word' id='word_1_215' title='bbox 502 1480 722 1548; x_wconf 87' lang='lat' dir='ltr'><strong>quidam</strong></span> <span class='ocrx_word' id='word_1_216' title='bbox 750 1480 831 1548; x_wconf 92' lang='lat' dir='ltr'><strong>(ttt</strong></span> <span class='ocrx_word' id='word_1_217' title='bbox 863 1478 1032 1532; x_wconf 82' lang='lat' dir='ltr'><strong>Rahbi</strong></span> <span class='ocrx_word' id='word_1_218' title='bbox 1056 1476 1234 1532; x_wconf 81' lang='lat' dir='ltr'><strong>Moses</strong></span> <span class='ocrx_word' id='word_1_219' title='bbox 1263 1486 1319 1532; x_wconf 91' lang='lat' dir='ltr'><strong>et</strong></span> <span class='ocrx_word' id='word_1_220' title='bbox 1346 1477 1646 1543; x_wconf 82' lang='lat' dir='ltr'><strong>Avicenna)</strong></span> <span class='ocrx_word' id='word_1_221' title='bbox 1678 1479 1959 1541; x_wconf 78' lang='lat' dir='ltr'><strong>dixerunt,</strong></span> <span class='ocrx_word' id='word_1_222' title='bbox 1993 1480 2137 1547; x_wconf 92' lang='lat' dir='ltr'><strong>quod</strong></span> <span class='ocrx_word' id='word_1_223' title='bbox 2162 1477 2539 1546; x_wconf 82' lang='lat' dir='ltr'><strong>perfectiones</strong></span> <span class='ocrx_word' id='word_1_224' title='bbox 2564 1487 2945 1535; x_wconf 87' lang='lat' dir='ltr'><strong>creaturarum</strong></span> <span class='ocrx_word' id='word_1_225' title='bbox 2971 1493 3079 1534; x_wconf 88' lang='lat' dir='ltr'><strong>non</strong></span> <span class='ocrx_word' id='word_1_226' title='bbox 3105 1477 3435 1548; x_wconf 70' lang='lat' dir='ltr'><strong>conveniant</strong></span> 
     </span>
    </p>
   </div>
   <div class='ocr_carea' id='block_1_18' title="bbox 176 1546 3432 1619">
    <p class='ocr_par' dir='ltr' id='par_1_18' title="bbox 176 1546 3432 1619">
     <span class='ocr_line' id='line_1_19' title="bbox 176 1546 3432 1619; baseline -0.001 -16"><span class='ocrx_word' id='word_1_227' title='bbox 176 1549 289 1603; x_wconf 89' lang='lat' dir='ltr'><strong>Dco</strong></span> <span class='ocrx_word' id='word_1_228' title='bbox 318 1546 424 1603; x_wconf 82' lang='lat' dir='ltr'><strong>nisi</strong></span> <span class='ocrx_word' id='word_1_229' title='bbox 459 1546 769 1617; x_wconf 80' lang='lat' dir='ltr'><strong>dupliciter,</strong></span> <span class='ocrx_word' id='word_1_230' title='bbox 801 1558 860 1603; x_wconf 90' lang='lat' dir='ltr'><strong>ut</strong></span> <span class='ocrx_word' id='word_1_231' title='bbox 892 1559 1019 1617; x_wconf 88' lang='lat' dir='ltr'><strong>puta</strong></span> <span class='ocrx_word' id='word_1_232' title='bbox 1053 1549 1311 1615; x_wconf 78' lang='lat' dir='ltr'><strong>negative</strong></span> <span class='ocrx_word' id='word_1_233' title='bbox 1333 1557 1388 1619; x_wconf 87' lang='lat' dir='ltr'><strong>et</strong></span> <span class='ocrx_word' id='word_1_234' title='bbox 1409 1548 1731 1619; x_wconf 74' lang='lat' dir='ltr'><strong>causaliter.</strong></span> <span class='ocrx_word' id='word_1_235' title='bbox 1765 1549 1844 1603; x_wconf 84' lang='lat' dir='ltr'><strong>Ac</strong></span> <span class='ocrx_word' id='word_1_236' title='bbox 1879 1546 2132 1619; x_wconf 89' lang='lat' dir='ltr'><strong>negative</strong></span> <span class='ocrx_word' id='word_1_237' title='bbox 2156 1549 2374 1617; x_wconf 89' lang='lat' dir='ltr'><strong>quidem</strong></span> <span class='ocrx_word' id='word_1_238' title='bbox 2396 1551 2608 1617; x_wconf 82' lang='lat' dir='ltr'><strong>primo,</strong></span> <span class='ocrx_word' id='word_1_239' title='bbox 2641 1549 2712 1604; x_wconf 88' lang='lat' dir='ltr'><strong>ad</strong></span> <span class='ocrx_word' id='word_1_240' title='bbox 2756 1551 3137 1604; x_wconf 83' lang='lat' dir='ltr'><strong>removendam</strong></span> <span class='ocrx_word' id='word_1_241' title='bbox 3164 1546 3432 1619; x_wconf 80' lang='lat' dir='ltr'><strong>privatio—</strong></span> 
     </span>
    </p>
   </div>
   <div class='ocr_carea' id='block_1_19' title="bbox 174 1615 3435 1688">
    <p class='ocr_par' dir='ltr' id='par_1_19' title="bbox 174 1615 3435 1688">
     <span class='ocr_line' id='line_1_20' title="bbox 174 1615 3435 1688; baseline -0.001 -15"><span class='ocrx_word' id='word_1_242' title='bbox 174 1636 298 1674; x_wconf 89' lang='lat' dir='ltr'><strong>nem</strong></span> <span class='ocrx_word' id='word_1_243' title='bbox 319 1634 418 1673; x_wconf 89' lang='lat' dir='ltr'><strong>seu</strong></span> <span class='ocrx_word' id='word_1_244' title='bbox 446 1615 712 1674; x_wconf 81' lang='lat' dir='ltr'><strong>defectum</strong></span> <span class='ocrx_word' id='word_1_245' title='bbox 742 1615 1071 1688; x_wconf 83' lang='lat' dir='ltr'><strong>oppositum,</strong></span> <span class='ocrx_word' id='word_1_246' title='bbox 1100 1627 1159 1671; x_wconf 92' lang='lat' dir='ltr'><strong>ut</strong></span> <span class='ocrx_word' id='word_1_247' title='bbox 1180 1632 1303 1672; x_wconf 91' lang='lat' dir='ltr'><strong>cum</strong></span> <span class='ocrx_word' id='word_1_248' title='bbox 1337 1617 1567 1672; x_wconf 90' lang='lat' dir='ltr'><strong>dicimus</strong></span> <span class='ocrx_word' id='word_1_249' title='bbox 1593 1617 1761 1672; x_wconf 90' lang='lat' dir='ltr'><strong>Deum</strong></span> <span class='ocrx_word' id='word_1_250' title='bbox 1785 1615 2190 1687; x_wconf 74' lang='lat' dir='ltr'><strong>sapietitem,ad</strong></span> <span class='ocrx_word' id='word_1_251' title='bbox 2211 1615 2543 1674; x_wconf 38' lang='lat' dir='ltr'><strong>innuen&#39;dum</strong></span> <span class='ocrx_word' id='word_1_252' title='bbox 2572 1621 2717 1688; x_wconf 92' lang='lat' dir='ltr'><strong>quod</strong></span> <span class='ocrx_word' id='word_1_253' title='bbox 2734 1621 2788 1674; x_wconf 91' lang='lat' dir='ltr'><strong>in</strong></span> <span class='ocrx_word' id='word_1_254' title='bbox 2805 1633 2870 1673; x_wconf 93' lang='lat' dir='ltr'><strong>eo</strong></span> <span class='ocrx_word' id='word_1_255' title='bbox 2891 1634 2996 1673; x_wconf 91' lang='lat' dir='ltr'><strong>non</strong></span> <span class='ocrx_word' id='word_1_256' title='bbox 3016 1620 3089 1673; x_wconf 88' lang='lat' dir='ltr'><strong>sit</strong></span> <span class='ocrx_word' id='word_1_257' title='bbox 3108 1615 3435 1688; x_wconf 70' lang='lat' dir='ltr'><strong>insipientia:</strong></span> 
     </span>
    </p>
   </div>
   <div class='ocr_carea' id='block_1_20' title="bbox 174 1687 3437 1760">
    <p class='ocr_par' dir='ltr' id='par_1_20' title="bbox 174 1687 3437 1760">
     <span class='ocr_line' id='line_1_21' title="bbox 174 1687 3437 1760; baseline -0.002 -16"><span class='ocrx_word' id='word_1_258' title='bbox 174 1690 409 1760; x_wconf 83' lang='lat' dir='ltr'><strong>malum.</strong></span> <span class='ocrx_word' id='word_1_259' title='bbox 434 1689 723 1754; x_wconf 78' lang='lat' dir='ltr'><strong>‘Secnndo,</strong></span> <span class='ocrx_word' id='word_1_260' title='bbox 744 1687 984 1758; x_wconf 80' lang='lat' dir='ltr'><strong>prcutex</strong></span> <span class='ocrx_word' id='word_1_261' title='bbox 1009 1688 1301 1760; x_wconf 83' lang='lat' dir='ltr'><strong>negatione</strong></span> <span class='ocrx_word' id='word_1_262' title='bbox 1319 1688 1643 1757; x_wconf 85' lang='lat' dir='ltr'><strong>relinquitur</strong></span> <span class='ocrx_word' id='word_1_263' title='bbox 1661 1702 1764 1760; x_wconf 85' lang='lat' dir='ltr'><strong>seu</strong></span> <span class='ocrx_word' id='word_1_264' title='bbox 1793 1699 2144 1758; x_wconf 79' lang='lat' dir='ltr'><strong>consequitur</strong></span> <span class='ocrx_word' id='word_1_265' title='bbox 2159 1688 2395 1757; x_wconf 87' lang='lat' dir='ltr'><strong>aliquid;</strong></span> <span class='ocrx_word' id='word_1_266' title='bbox 2418 1699 2475 1743; x_wconf 93' lang='lat' dir='ltr'><strong>ut</strong></span> <span class='ocrx_word' id='word_1_267' title='bbox 2499 1706 2566 1745; x_wconf 80' lang='lat' dir='ltr'><strong>ex</strong></span> <span class='ocrx_word' id='word_1_268' title='bbox 2590 1687 2696 1745; x_wconf 89' lang='lat' dir='ltr'><strong>hoc</strong></span> <span class='ocrx_word' id='word_1_269' title='bbox 2712 1690 2855 1760; x_wconf 92' lang='lat' dir='ltr'><strong>quod</strong></span> <span class='ocrx_word' id='word_1_270' title='bbox 2881 1690 3003 1760; x_wconf 79' lang='lat' dir='ltr'><strong>quis</strong></span> <span class='ocrx_word' id='word_1_271' title='bbox 3020 1687 3219 1760; x_wconf 82' lang='lat' dir='ltr'><strong>dicitur</strong></span> <span class='ocrx_word' id='word_1_272' title='bbox 3244 1690 3437 1741; x_wconf 84' lang='lat' dir='ltr'><strong>imma-</strong></span> 
     </span>
    </p>
   </div>
   <div class='ocr_carea' id='block_1_21' title="bbox 175 1757 3435 1829">
    <p class='ocr_par' dir='ltr' id='par_1_21' title="bbox 175 1757 3435 1829">
     <span class='ocr_line' id='line_1_22' title="bbox 175 1757 3435 1829; baseline -0.002 -14"><span class='ocrx_word' id='word_1_273' title='bbox 175 1759 391 1815; x_wconf 86' lang='lat' dir='ltr'><strong>terialis</strong></span> <span class='ocrx_word' id='word_1_274' title='bbox 432 1757 763 1829; x_wconf 85' lang='lat' dir='ltr'><strong>relinquitur</strong></span> <span class='ocrx_word' id='word_1_275' title='bbox 785 1759 928 1828; x_wconf 88' lang='lat' dir='ltr'><strong>quod</strong></span> <span class='ocrx_word' id='word_1_276' title='bbox 962 1761 1033 1813; x_wconf 86' lang='lat' dir='ltr'><strong>sit</strong></span> <span class='ocrx_word' id='word_1_277' title='bbox 1055 1758 1412 1827; x_wconf 78' lang='lat' dir='ltr'><strong>intelligens;</strong></span> <span class='ocrx_word' id='word_1_278' title='bbox 1448 1770 1623 1829; x_wconf 88' lang='lat' dir='ltr'><strong>atque</strong></span> <span class='ocrx_word' id='word_1_279' title='bbox 1657 1758 1755 1822; x_wconf 87' lang='lat' dir='ltr'><strong>ita,</strong></span> <span class='ocrx_word' id='word_1_280' title='bbox 1791 1757 2092 1814; x_wconf 85' lang='lat' dir='ltr'><strong>secundum</strong></span> <span class='ocrx_word' id='word_1_281' title='bbox 2121 1761 2257 1813; x_wconf 90' lang='lat' dir='ltr'><strong>istos</strong></span> <span class='ocrx_word' id='word_1_282' title='bbox 2288 1761 2612 1829; x_wconf 67' lang='lat' dir='ltr'><strong>huiusmodi</strong></span> <span class='ocrx_word' id='word_1_283' title='bbox 2653 1757 2875 1816; x_wconf 84' lang='lat' dir='ltr'><strong>noinina</strong></span> <span class='ocrx_word' id='word_1_284' title='bbox 2904 1757 3033 1813; x_wconf 86' lang='lat' dir='ltr'><strong>Deo-</strong></span> <span class='ocrx_word' id='word_1_285' title='bbox 3059 1757 3435 1829; x_wconf 86' lang='lat' dir='ltr'><strong>attribuuntur</strong></span> 
     </span>
    </p>
   </div>
   <div class='ocr_carea' id='block_1_22' title="bbox 172 1827 3437 1900">
    <p class='ocr_par' dir='ltr' id='par_1_22' title="bbox 172 1827 3437 1900">
     <span class='ocr_line' id='line_1_23' title="bbox 172 1827 3437 1900; baseline -0.001 -16"><span class='ocrx_word' id='word_1_286' title='bbox 172 1831 354 1900; x_wconf 89' lang='lat' dir='ltr'><strong>magis</strong></span> <span class='ocrx_word' id='word_1_287' title='bbox 378 1832 446 1883; x_wconf 88' lang='lat' dir='ltr'><strong>ad</strong></span> <span class='ocrx_word' id='word_1_288' title='bbox 474 1827 883 1892; x_wconf 81' lang='lat' dir='ltr'><strong>removendum,</strong></span> <span class='ocrx_word' id='word_1_289' title='bbox 914 1844 1077 1898; x_wconf 90' lang='lat' dir='ltr'><strong>quam</strong></span> <span class='ocrx_word' id='word_1_290' title='bbox 1108 1830 1174 1900; x_wconf 87' lang='lat' dir='ltr'><strong>ad</strong></span> <span class='ocrx_word' id='word_1_291' title='bbox 1205 1829 1515 1897; x_wconf 89' lang='lat' dir='ltr'><strong>ponendum</strong></span> <span class='ocrx_word' id='word_1_292' title='bbox 1536 1828 1835 1896; x_wconf 84' lang='lat' dir='ltr'><strong>quidquam</strong></span> <span class='ocrx_word' id='word_1_293' title='bbox 1871 1830 1924 1883; x_wconf 90' lang='lat' dir='ltr'><strong>in</strong></span> <span class='ocrx_word' id='word_1_294' title='bbox 1958 1843 2045 1883; x_wconf 90' lang='lat' dir='ltr'><strong>eo.</strong></span> <span class='ocrx_word' id='word_1_295' title='bbox 2078 1827 2390 1884; x_wconf 83' lang='lat' dir='ltr'><strong>Causaliter</strong></span> <span class='ocrx_word' id='word_1_296' title='bbox 2420 1845 2550 1885; x_wconf 89' lang='lat' dir='ltr'><strong>vero</strong></span> <span class='ocrx_word' id='word_1_297' title='bbox 2586 1845 2680 1886; x_wconf 89' lang='lat' dir='ltr'><strong>seu</strong></span> <span class='ocrx_word' id='word_1_298' title='bbox 2714 1846 2810 1899; x_wconf 90' lang='lat' dir='ltr'><strong>per</strong></span> <span class='ocrx_word' id='word_1_299' title='bbox 2838 1831 3058 1884; x_wconf 90' lang='lat' dir='ltr'><strong>modum</strong></span> <span class='ocrx_word' id='word_1_300' title='bbox 3095 1827 3437 1900; x_wconf 81' lang='lat' dir='ltr'><strong>causalitatis</strong></span> 
     </span>
    </p>
   </div>
   <div class='ocr_carea' id='block_1_23' title="bbox 174 1899 3431 1968">
    <p class='ocr_par' dir='ltr' id='par_1_23' title="bbox 174 1899 3431 1968">
     <span class='ocr_line' id='line_1_24' title="bbox 174 1899 3431 1968; baseline -0.002 -13"><span class='ocrx_word' id='word_1_301' title='bbox 174 1899 518 1955; x_wconf 74' lang='lat' dir='ltr'><strong>conveniunt</strong></span> <span class='ocrx_word' id='word_1_302' title='bbox 553 1901 663 1954; x_wconf 84' lang='lat' dir='ltr'><strong>Deo</strong></span> <span class='ocrx_word' id='word_1_303' title='bbox 682 1916 696 1965; x_wconf 89' lang='lat'><strong>;</strong></span> <span class='ocrx_word' id='word_1_304' title='bbox 716 1900 895 1968; x_wconf 91' lang='lat' dir='ltr'><strong>primo</strong></span> <span class='ocrx_word' id='word_1_305' title='bbox 919 1899 1217 1953; x_wconf 89' lang='lat' dir='ltr'><strong>secundum</strong></span> <span class='ocrx_word' id='word_1_306' title='bbox 1246 1900 1391 1967; x_wconf 90' lang='lat' dir='ltr'><strong>quod</strong></span> <span class='ocrx_word' id='word_1_307' title='bbox 1414 1908 1603 1953; x_wconf 89' lang='lat' dir='ltr'><strong>causat</strong></span> <span class='ocrx_word' id='word_1_308' title='bbox 1625 1900 1990 1967; x_wconf 81' lang='lat' dir='ltr'><strong>perfectiones</strong></span> <span class='ocrx_word' id='word_1_309' title='bbox 2022 1900 2076 1953; x_wconf 91' lang='lat' dir='ltr'><strong>in</strong></span> <span class='ocrx_word' id='word_1_310' title='bbox 2125 1900 2415 1966; x_wconf 85' lang='lat' dir='ltr'><strong>creaturis,</strong></span> <span class='ocrx_word' id='word_1_311' title='bbox 2442 1900 2514 1954; x_wconf 82' lang='lat' dir='ltr'><strong>ita</strong></span> <span class='ocrx_word' id='word_1_312' title='bbox 2550 1911 2607 1953; x_wconf 94' lang='lat' dir='ltr'><strong>ut</strong></span> <span class='ocrx_word' id='word_1_313' title='bbox 2633 1900 2846 1956; x_wconf 87' lang='lat' dir='ltr'><strong>dicatur</strong></span> <span class='ocrx_word' id='word_1_314' title='bbox 2870 1900 3050 1953; x_wconf 88' lang='lat' dir='ltr'><strong>bonus</strong></span> <span class='ocrx_word' id='word_1_315' title='bbox 3077 1913 3143 1952; x_wconf 92' lang='lat' dir='ltr'><strong>ac</strong></span> <span class='ocrx_word' id='word_1_316' title='bbox 3171 1899 3431 1966; x_wconf 88' lang='lat' dir='ltr'><strong>sapiens,</strong></span> 
     </span>
    </p>
   </div>
   <div class='ocr_carea' id='block_1_24' title="bbox 172 1967 3433 2040">
    <p class='ocr_par' dir='ltr' id='par_1_24' title="bbox 172 1967 3433 2040">
     <span class='ocr_line' id='line_1_25' title="bbox 172 1967 3433 2040; baseline -0.001 -18"><span class='ocrx_word' id='word_1_317' title='bbox 172 1971 303 2040; x_wconf 88' lang='lat' dir='ltr'><strong>quia</strong></span> <span class='ocrx_word' id='word_1_318' title='bbox 327 1970 657 2039; x_wconf 87' lang='lat' dir='ltr'><strong>sapientiam</strong></span> <span class='ocrx_word' id='word_1_319' title='bbox 687 1967 751 2024; x_wconf 84' lang='lat' dir='ltr'><strong>ac</strong></span> <span class='ocrx_word' id='word_1_320' title='bbox 784 1969 1083 2023; x_wconf 83' lang='lat' dir='ltr'><strong>bonitatem</strong></span> <span class='ocrx_word' id='word_1_321' title='bbox 1116 1971 1284 2040; x_wconf 72' lang='lat' dir='ltr'><strong>rebus</strong></span> <span class='ocrx_word' id='word_1_322' title='bbox 1310 1967 1545 2040; x_wconf 86' lang='lat' dir='ltr'><strong>infundit</strong></span> <span class='ocrx_word' id='word_1_323' title='bbox 1572 1986 1586 2035; x_wconf 87' lang='lat'>;</span> <span class='ocrx_word' id='word_1_324' title='bbox 1624 1971 1883 2032; x_wconf 86' lang='lat' dir='ltr'><strong>secundo,</strong></span> <span class='ocrx_word' id='word_1_325' title='bbox 1913 1969 2039 2038; x_wconf 91' lang='lat' dir='ltr'><strong>quia</strong></span> <span class='ocrx_word' id='word_1_326' title='bbox 2079 1969 2394 2040; x_wconf 79' lang='lat' dir='ltr'><strong>admodum</strong></span> <span class='ocrx_word' id='word_1_327' title='bbox 2423 1979 2691 2025; x_wconf 68' lang='lat' dir='ltr'><strong>creatum</strong></span> <span class='ocrx_word' id='word_1_328' title='bbox 2722 1984 2780 2024; x_wconf 85' lang='lat' dir='ltr'><strong>se</strong></span> <span class='ocrx_word' id='word_1_329' title='bbox 2806 1969 2990 2034; x_wconf 86' lang='lat' dir='ltr'><strong>habet,</strong></span> <span class='ocrx_word' id='word_1_330' title='bbox 3023 1969 3097 2021; x_wconf 88' lang='lat' dir='ltr'><strong>ita</strong></span> <span class='ocrx_word' id='word_1_331' title='bbox 3128 1968 3433 2040; x_wconf 9' lang='lat' dir='ltr'><strong>utrdicatur</strong></span> 
     </span>
    </p>
   </div>
   <div class='ocr_carea' id='block_1_25' title="bbox 174 2038 3430 2109">
    <p class='ocr_par' dir='ltr' id='par_1_25' title="bbox 174 2038 3430 2109">
     <span class='ocr_line' id='line_1_26' title="bbox 174 2038 3430 2109; baseline -0.002 -13"><span class='ocrx_word' id='word_1_332' title='bbox 174 2038 371 2097; x_wconf 63' lang='lat' dir='ltr'><strong>violens</strong></span> <span class='ocrx_word' id='word_1_333' title='bbox 396 2038 467 2094; x_wconf 84' lang='lat' dir='ltr'><strong>ac</strong></span> <span class='ocrx_word' id='word_1_334' title='bbox 498 2042 638 2109; x_wconf 92' lang='lat' dir='ltr'><strong>pius,</strong></span> <span class='ocrx_word' id='word_1_335' title='bbox 675 2040 935 2108; x_wconf 89' lang='lat' dir='ltr'><strong>quoniam</strong></span> <span class='ocrx_word' id='word_1_336' title='bbox 962 2041 1015 2092; x_wconf 89' lang='lat' dir='ltr'><strong>in</strong></span> <span class='ocrx_word' id='word_1_337' title='bbox 1046 2038 1348 2102; x_wconf 83' lang='lat' dir='ltr'><strong>causando,</strong></span> <span class='ocrx_word' id='word_1_338' title='bbox 1379 2039 1557 2092; x_wconf 90' lang='lat' dir='ltr'><strong>instar</strong></span> <span class='ocrx_word' id='word_1_339' title='bbox 1588 2039 1824 2093; x_wconf 82' lang='lat' dir='ltr'><strong>volentis</strong></span> <span class='ocrx_word' id='word_1_340' title='bbox 1852 2055 1917 2094; x_wconf 87' lang='lat' dir='ltr'><strong>ac</strong></span> <span class='ocrx_word' id='word_1_341' title='bbox 1946 2040 2021 2107; x_wconf 85' lang='lat' dir='ltr'><strong>pii</strong></span> <span class='ocrx_word' id='word_1_342' title='bbox 2042 2055 2105 2095; x_wconf 91' lang='lat' dir='ltr'><strong>se</strong></span> <span class='ocrx_word' id='word_1_343' title='bbox 2148 2038 2333 2094; x_wconf 89' lang='lat' dir='ltr'><strong>habet.</strong></span> <span class='ocrx_word' id='word_1_344' title='bbox 2370 2039 2526 2094; x_wconf 87' lang='lat' dir='ltr'><strong>Sicut</strong></span> <span class='ocrx_word' id='word_1_345' title='bbox 2557 2043 2721 2095; x_wconf 90' lang='lat' dir='ltr'><strong>etiam</strong></span> <span class='ocrx_word' id='word_1_346' title='bbox 2764 2040 3003 2109; x_wconf 82' lang='lat' dir='ltr'><strong>dicimus</strong></span> <span class='ocrx_word' id='word_1_347' title='bbox 3031 2053 3157 2091; x_wconf 90' lang='lat' dir='ltr'><strong>eum</strong></span> <span class='ocrx_word' id='word_1_348' title='bbox 3199 2039 3430 2092; x_wconf 88' lang='lat' dir='ltr'><strong>iratum.</strong></span> 
     </span>
    </p>
   </div>
   <div class='ocr_carea' id='block_1_26' title="bbox 173 2107 3433 2179">
    <p class='ocr_par' dir='ltr' id='par_1_26' title="bbox 173 2107 3433 2179">
     <span class='ocr_line' id='line_1_27' title="bbox 173 2107 3433 2179; baseline -0.002 -14"><span class='ocrx_word' id='word_1_349' title='bbox 173 2111 241 2165; x_wconf 80' lang='lat' dir='ltr'><strong>Et</strong></span> <span class='ocrx_word' id='word_1_350' title='bbox 284 2112 447 2177; x_wconf 83' lang='lat' dir='ltr'><strong>juxta</strong></span> <span class='ocrx_word' id='word_1_351' title='bbox 478 2107 637 2166; x_wconf 82' lang='lat' dir='ltr'><strong>istam</strong></span> <span class='ocrx_word' id='word_1_352' title='bbox 670 2107 1033 2179; x_wconf 80' lang='lat' dir='ltr'><strong>positionem,</strong></span> <span class='ocrx_word' id='word_1_353' title='bbox 1064 2110 1248 2163; x_wconf 87' lang='lat' dir='ltr'><strong>omnia</strong></span> <span class='ocrx_word' id='word_1_354' title='bbox 1280 2124 1399 2177; x_wconf 66' lang='lat' dir='ltr'><strong>quae</strong></span> <span class='ocrx_word' id='word_1_355' title='bbox 1435 2109 1691 2163; x_wconf 90' lang='lat' dir='ltr'><strong>dicuntur</strong></span> <span class='ocrx_word' id='word_1_356' title='bbox 1722 2111 1788 2162; x_wconf 90' lang='lat' dir='ltr'><strong>de</strong></span> <span class='ocrx_word' id='word_1_357' title='bbox 1813 2109 1925 2164; x_wconf 90' lang='lat' dir='ltr'><strong>Deo</strong></span> <span class='ocrx_word' id='word_1_358' title='bbox 1954 2120 2011 2164; x_wconf 89' lang='lat' dir='ltr'><strong>et</strong></span> <span class='ocrx_word' id='word_1_359' title='bbox 2041 2110 2330 2174; x_wconf 85' lang='lat' dir='ltr'><strong>creaturis,</strong></span> <span class='ocrx_word' id='word_1_360' title='bbox 2367 2111 2627 2164; x_wconf 88' lang='lat' dir='ltr'><strong>dicuntur</strong></span> <span class='ocrx_word' id='word_1_361' title='bbox 2653 2114 2719 2167; x_wconf 90' lang='lat' dir='ltr'><strong>de</strong></span> <span class='ocrx_word' id='word_1_362' title='bbox 2756 2107 2828 2165; x_wconf 89' lang='lat' dir='ltr'><strong>iis</strong></span> <span class='ocrx_word' id='word_1_363' title='bbox 2860 2125 2994 2178; x_wconf 91' lang='lat' dir='ltr'><strong>pure</strong></span> <span class='ocrx_word' id='word_1_364' title='bbox 3040 2108 3345 2176; x_wconf 64' lang='lat' dir='ltr'><strong>sequivoce,</strong></span> <span class='ocrx_word' id='word_1_365' title='bbox 3376 2116 3433 2179; x_wconf 81' lang='lat' dir='ltr'><strong>et</strong></span> 
     </span>
    </p>
   </div>
   <div class='ocr_carea' id='block_1_27' title="bbox 173 2177 3433 2251">
    <p class='ocr_par' dir='ltr' id='par_1_27' title="bbox 173 2177 3433 2251">
     <span class='ocr_line' id='line_1_28' title="bbox 173 2177 3433 2251; baseline -0.001 -16"><span class='ocrx_word' id='word_1_366' title='bbox 173 2183 319 2236; x_wconf 88' lang='lat' dir='ltr'><strong>nulla</strong></span> <span class='ocrx_word' id='word_1_367' title='bbox 356 2177 778 2235; x_wconf 30' lang='lat' dir='ltr'><strong>sitnilitudo’est</strong></span> <span class='ocrx_word' id='word_1_368' title='bbox 803 2189 1075 2234; x_wconf 55' lang='lat' dir='ltr'><strong>creatura}</strong></span> <span class='ocrx_word' id='word_1_369' title='bbox 1098 2180 1166 2233; x_wconf 91' lang='lat' dir='ltr'><strong>ad</strong></span> <span class='ocrx_word' id='word_1_370' title='bbox 1211 2192 1543 2243; x_wconf 84' lang='lat' dir='ltr'><strong>creatorem,</strong></span> <span class='ocrx_word' id='word_1_371' title='bbox 1574 2194 1639 2232; x_wconf 81' lang='lat' dir='ltr'><strong>ex</strong></span> <span class='ocrx_word' id='word_1_372' title='bbox 1671 2179 1774 2233; x_wconf 91' lang='lat' dir='ltr'><strong>hoc</strong></span> <span class='ocrx_word' id='word_1_373' title='bbox 1802 2182 1945 2248; x_wconf 86' lang='lat' dir='ltr'><strong>quod</strong></span> <span class='ocrx_word' id='word_1_374' title='bbox 1974 2189 2225 2235; x_wconf 83' lang='lat' dir='ltr'><strong>creatura</strong></span> <span class='ocrx_word' id='word_1_375' title='bbox 2256 2190 2481 2236; x_wconf 83' lang='lat' dir='ltr'><strong>vocetur</strong></span> <span class='ocrx_word' id='word_1_376' title='bbox 2512 2181 2751 2250; x_wconf 83' lang='lat' dir='ltr'><strong>sapiens,</strong></span> <span class='ocrx_word' id='word_1_377' title='bbox 2778 2177 2956 2251; x_wconf 83' lang='lat' dir='ltr'><strong>justa,</strong></span> <span class='ocrx_word' id='word_1_378' title='bbox 2984 2179 3094 2249; x_wconf 81' lang='lat' dir='ltr'><strong>pia,</strong></span> <span class='ocrx_word' id='word_1_379' title='bbox 3124 2187 3258 2244; x_wconf 89' lang='lat' dir='ltr'><strong>etc.,</strong></span> <span class='ocrx_word' id='word_1_380' title='bbox 3288 2177 3433 2250; x_wconf 87' lang='lat' dir='ltr'><strong>quod</strong></span> 
     </span>
    </p>
   </div>
   <div class='ocr_carea' id='block_1_28' title="bbox 172 2251 1184 2320">
    <p class='ocr_par' dir='ltr' id='par_1_28' title="bbox 172 2251 1184 2320">
     <span class='ocr_line' id='line_1_29' title="bbox 172 2251 1184 2320; baseline -0.004 -14"><span class='ocrx_word' id='word_1_381' title='bbox 172 2254 343 2306; x_wconf 81' lang='lat' dir='ltr'><strong>etiam</strong></span> <span class='ocrx_word' id='word_1_382' title='bbox 369 2265 633 2320; x_wconf 77' lang='lat' dir='ltr'><strong>expresse</strong></span> <span class='ocrx_word' id='word_1_383' title='bbox 659 2251 862 2305; x_wconf 86' lang='lat' dir='ltr'><strong>asserit</strong></span> <span class='ocrx_word' id='word_1_384' title='bbox 885 2251 1184 2304; x_wconf 85' lang='lat' dir='ltr'><strong>Aviceuna.</strong></span> 
     </span>
    </p>
   </div>
   <div class='ocr_carea' id='block_1_29' title="bbox 244 2316 3432 2392">
    <p class='ocr_par' dir='ltr' id='par_1_29' title="bbox 244 2316 3432 2392">
     <span class='ocr_line' id='line_1_30' title="bbox 244 2316 3432 2392; baseline -0.001 -17"><span class='ocrx_word' id='word_1_385' title='bbox 244 2324 324 2392; x_wconf 85' lang='lat' dir='ltr'><strong>At</strong></span> <span class='ocrx_word' id='word_1_386' title='bbox 348 2316 748 2389; x_wconf 59' lang='lat' dir='ltr'><strong>bis&#39;objicitur,</strong></span> <span class='ocrx_word' id='word_1_387' title='bbox 780 2321 925 2389; x_wconf 89' lang='lat' dir='ltr'><strong>quod</strong></span> <span class='ocrx_word' id='word_1_388' title='bbox 953 2320 1120 2392; x_wconf 78' lang='lat' dir='ltr'><strong>simili</strong></span> <span class='ocrx_word' id='word_1_389' title='bbox 1148 2320 1310 2392; x_wconf 88' lang='lat' dir='ltr'><strong>modo</strong></span> <span class='ocrx_word' id='word_1_390' title='bbox 1347 2316 1492 2375; x_wconf 89' lang='lat' dir='ltr'><strong>Deus</strong></span> <span class='ocrx_word' id='word_1_391' title='bbox 1523 2329 1709 2392; x_wconf 85' lang='lat' dir='ltr'><strong>posset</strong></span> <span class='ocrx_word' id='word_1_392' title='bbox 1731 2320 1841 2376; x_wconf 92' lang='lat' dir='ltr'><strong>dici</strong></span> <span class='ocrx_word' id='word_1_393' title='bbox 1882 2320 2020 2389; x_wconf 91' lang='lat' dir='ltr'><strong>lapis</strong></span> <span class='ocrx_word' id='word_1_394' title='bbox 2042 2329 2097 2376; x_wconf 91' lang='lat' dir='ltr'><strong>et</strong></span> <span class='ocrx_word' id='word_1_395' title='bbox 2124 2322 2329 2392; x_wconf 93' lang='lat' dir='ltr'><strong>lignum</strong></span> <span class='ocrx_word' id='word_1_396' title='bbox 2353 2339 2367 2387; x_wconf 91' lang='lat'><strong>;</strong></span> <span class='ocrx_word' id='word_1_397' title='bbox 2408 2322 2537 2392; x_wconf 89' lang='lat' dir='ltr'><strong>quia</strong></span> <span class='ocrx_word' id='word_1_398' title='bbox 2561 2329 2647 2377; x_wconf 90' lang='lat' dir='ltr'><strong>est</strong></span> <span class='ocrx_word' id='word_1_399' title='bbox 2674 2336 2836 2377; x_wconf 89' lang='lat' dir='ltr'><strong>causa</strong></span> <span class='ocrx_word' id='word_1_400' title='bbox 2862 2320 3056 2376; x_wconf 89' lang='lat' dir='ltr'><strong>horum</strong></span> <span class='ocrx_word' id='word_1_401' title='bbox 3081 2337 3096 2386; x_wconf 85' lang='lat'><strong>;</strong></span> <span class='ocrx_word' id='word_1_402' title='bbox 3125 2332 3227 2392; x_wconf 77' lang='lat' dir='ltr'><strong>nec</strong></span> <span class='ocrx_word' id='word_1_403' title='bbox 3255 2318 3335 2373; x_wconf 88' lang='lat' dir='ltr'><strong>sic</strong></span> <span class='ocrx_word' id='word_1_404' title='bbox 3362 2332 3432 2373; x_wconf 81' lang='lat' dir='ltr'><strong>ex</strong></span> 
     </span>
    </p>
   </div>
   <div class='ocr_carea' id='block_1_30' title="bbox 171 2387 3431 2462">
    <p class='ocr_par' dir='ltr' id='par_1_30' title="bbox 171 2387 3431 2462">
     <span class='ocr_line' id='line_1_31' title="bbox 171 2387 3431 2462; baseline -0.002 -15"><span class='ocrx_word' id='word_1_405' title='bbox 171 2391 493 2462; x_wconf 78' lang='lat' dir='ltr'><strong>cognitione</strong></span> <span class='ocrx_word' id='word_1_406' title='bbox 525 2387 907 2447; x_wconf 76' lang='lat' dir='ltr'><strong>creaturarum</strong></span> <span class='ocrx_word' id='word_1_407' title='bbox 937 2390 1269 2462; x_wconf 74' lang='lat' dir='ltr'><strong>ducerentur</strong></span> <span class='ocrx_word' id='word_1_408' title='bbox 1302 2391 1355 2443; x_wconf 92' lang='lat' dir='ltr'><strong>in</strong></span> <span class='ocrx_word' id='word_1_409' title='bbox 1404 2387 1589 2444; x_wconf 82' lang='lat' dir='ltr'><strong>veram</strong></span> <span class='ocrx_word' id='word_1_410' title='bbox 1625 2391 1719 2444; x_wconf 87' lang='lat' dir='ltr'><strong>Dei</strong></span> <span class='ocrx_word' id='word_1_411' title='bbox 1763 2387 2132 2461; x_wconf 84' lang='lat' dir='ltr'><strong>cognitionem</strong></span> <span class='ocrx_word' id='word_1_412' title='bbox 2160 2387 2190 2457; x_wconf 64' lang='grc' dir='ltr'>ς’</span> <span class='ocrx_word' id='word_1_413' title='bbox 2217 2406 2317 2462; x_wconf 81' lang='lat' dir='ltr'><strong>nec</strong></span> <span class='ocrx_word' id='word_1_414' title='bbox 2359 2387 2550 2447; x_wconf 69' lang='lat' dir='ltr'><strong>verum</strong></span> <span class='ocrx_word' id='word_1_415' title='bbox 2587 2393 2863 2447; x_wconf 77' lang='lat' dir='ltr'><strong>videretur</strong></span> <span class='ocrx_word' id='word_1_416' title='bbox 2892 2394 2943 2446; x_wconf 88' lang='lat' dir='ltr'><strong>id</strong></span> <span class='ocrx_word' id='word_1_417' title='bbox 2989 2393 3133 2462; x_wconf 82' lang='lat' dir='ltr'><strong>quod</strong></span> <span class='ocrx_word' id='word_1_418' title='bbox 3166 2387 3431 2462; x_wconf 61' lang='lat' dir='ltr'><strong>Dominus</strong></span> 
     </span>
    </p>
   </div>
   <div class='ocr_carea' id='block_1_31' title="bbox 174 2459 3432 2528">
    <p class='ocr_par' dir='ltr' id='par_1_31' title="bbox 174 2459 3432 2528">
     <span class='ocr_line' id='line_1_32' title="bbox 174 2459 3432 2528; baseline -0.001 -11"><span class='ocrx_word' id='word_1_419' title='bbox 174 2459 352 2519; x_wconf 72' lang='lat' dir='ltr'><strong>diiit:</strong></span> <span class='ocrx_word' id='word_1_420' title='bbox 386 2461 675 2515; x_wconf 73' lang='lat' dir='ltr'><strong>Faciamus</strong></span> <span class='ocrx_word' id='word_1_421' title='bbox 713 2462 977 2513; x_wconf 78' lang='lat' dir='ltr'><strong>hominem</strong></span> <span class='ocrx_word' id='word_1_422' title='bbox 1009 2461 1077 2511; x_wconf 81' lang='lat' dir='ltr'><strong>ad</strong></span> <span class='ocrx_word' id='word_1_423' title='bbox 1112 2461 1392 2528; x_wconf 79' lang='lat' dir='ltr'><strong>imaginem</strong></span> <span class='ocrx_word' id='word_1_424' title='bbox 1428 2471 1474 2513; x_wconf 83' lang='lat' dir='ltr'><strong>et</strong></span> <span class='ocrx_word' id='word_1_425' title='bbox 1503 2459 1907 2514; x_wconf 70' lang='lat' dir='ltr'><strong>similitudinem</strong></span> <span class='ocrx_word' id='word_1_426' title='bbox 1944 2475 2179 2515; x_wconf 67' lang='lat' dir='ltr'><strong>nostram</strong></span> <span class='ocrx_word' id='word_1_427' title='bbox 2207 2471 2255 2514; x_wconf 76' lang='grc' dir='ltr'>ι.</span> <span class='ocrx_word' id='word_1_428' title='bbox 2289 2461 2442 2528; x_wconf 85' lang='lat' dir='ltr'><strong>Quod</strong></span> <span class='ocrx_word' id='word_1_429' title='bbox 2471 2463 2597 2517; x_wconf 87' lang='lat' dir='ltr'><strong>item</strong></span> <span class='ocrx_word' id='word_1_430' title='bbox 2632 2464 2685 2516; x_wconf 90' lang='lat' dir='ltr'><strong>in</strong></span> <span class='ocrx_word' id='word_1_431' title='bbox 2724 2463 3012 2518; x_wconf 85' lang='lat' dir='ltr'><strong>Ezechiele</strong></span> <span class='ocrx_word' id='word_1_432' title='bbox 3051 2460 3322 2515; x_wconf 86' lang='lat' dir='ltr'><strong>habetur:</strong></span> <span class='ocrx_word' id='word_1_433' title='bbox 3351 2459 3432 2513; x_wconf 85' lang='lat' dir='ltr'><strong>Tu</strong></span> 
     </span>
    </p>
   </div>
   <div class='ocr_carea' id='block_1_32' title="bbox 168 2528 3319 2603">
    <p class='ocr_par' dir='ltr' id='par_1_32' title="bbox 168 2528 3319 2603">
     <span class='ocr_line' id='line_1_33' title="bbox 168 2528 3319 2603; baseline -0.001 -16"><span class='ocrx_word' id='word_1_434' title='bbox 168 2535 364 2588; x_wconf 72' lang='lat' dir='ltr'><strong>clm-ub</strong></span> <span class='ocrx_word' id='word_1_435' title='bbox 392 2531 725 2603; x_wconf 78' lang='lat' dir='ltr'><strong>signaculum</strong></span> <span class='ocrx_word' id='word_1_436' title='bbox 750 2531 1119 2603; x_wconf 73' lang='lat' dir='ltr'><strong>similitudinis</strong></span> <span class='ocrx_word' id='word_1_437' title='bbox 1152 2528 1248 2581; x_wconf 84' lang='lat' dir='ltr'><strong>Dei</strong></span> <span class='ocrx_word' id='word_1_438' title='bbox 1276 2542 1325 2585; x_wconf 68' lang='grc' dir='ltr'>ι.</span> <span class='ocrx_word' id='word_1_439' title='bbox 1349 2530 1535 2603; x_wconf 84' lang='lat' dir='ltr'><strong>Omnis</strong></span> <span class='ocrx_word' id='word_1_440' title='bbox 1558 2545 1773 2599; x_wconf 86' lang='lat' dir='ltr'><strong>quoque</strong></span> <span class='ocrx_word' id='word_1_441' title='bbox 1801 2530 2025 2586; x_wconf 88' lang='lat' dir='ltr'><strong>effectus</strong></span> <span class='ocrx_word' id='word_1_442' title='bbox 2057 2532 2260 2586; x_wconf 89' lang='lat' dir='ltr'><strong>dicitur</strong></span> <span class='ocrx_word' id='word_1_443' title='bbox 2287 2534 2618 2602; x_wconf 85' lang='lat' dir='ltr'><strong>participata</strong></span> <span class='ocrx_word' id='word_1_444' title='bbox 2648 2549 2760 2587; x_wconf 67' lang='lat' dir='ltr'><strong>suae</strong></span> <span class='ocrx_word' id='word_1_445' title='bbox 2781 2547 2962 2603; x_wconf 63' lang='lat' dir='ltr'><strong>causa:</strong></span> <span class='ocrx_word' id='word_1_446' title='bbox 2998 2530 3319 2603; x_wconf 86' lang='lat' dir='ltr'><strong>similitudo.</strong></span> 
     </span>
    </p>
   </div>
   <div class='ocr_carea' id='block_1_33' title="bbox 245 2598 3431 2673">
    <p class='ocr_par' dir='ltr' id='par_1_33' title="bbox 245 2598 3431 2673">
     <span class='ocr_line' id='line_1_34' title="bbox 245 2598 3431 2673; baseline -0.002 -14"><span class='ocrx_word' id='word_1_447' title='bbox 245 2598 636 2659; x_wconf 69' lang='lat' dir='ltr'><strong>Verumtamen</strong></span> <span class='ocrx_word' id='word_1_448' title='bbox 670 2602 799 2673; x_wconf 84' lang='lat' dir='ltr'><strong>huic</strong></span> <span class='ocrx_word' id='word_1_449' title='bbox 822 2600 1072 2673; x_wconf 83' lang='lat' dir='ltr'><strong>opinioni</strong></span> <span class='ocrx_word' id='word_1_450' title='bbox 1109 2604 1450 2673; x_wconf 72' lang='lat' dir='ltr'><strong>concordare</strong></span> <span class='ocrx_word' id='word_1_451' title='bbox 1476 2598 1716 2661; x_wconf 81' lang='lat' dir='ltr'><strong>videtur,</strong></span> <span class='ocrx_word' id='word_1_452' title='bbox 1744 2604 1890 2668; x_wconf 86' lang='lat' dir='ltr'><strong>quod</strong></span> <span class='ocrx_word' id='word_1_453' title='bbox 1926 2616 2090 2669; x_wconf 90' lang='lat' dir='ltr'><strong>super</strong></span> <span class='ocrx_word' id='word_1_454' title='bbox 2119 2598 2403 2671; x_wconf 76' lang='lat' dir='ltr'><strong>mysticam</strong></span> <span class='ocrx_word' id='word_1_455' title='bbox 2441 2598 2769 2673; x_wconf 69' lang='lat' dir='ltr'><strong>theologiam</strong></span> <span class='ocrx_word' id='word_1_456' title='bbox 2803 2602 2993 2659; x_wconf 88' lang='lat' dir='ltr'><strong>scribit</strong></span> <span class='ocrx_word' id='word_1_457' title='bbox 3036 2602 3312 2664; x_wconf 90' lang='lat' dir='ltr'><strong>Albertus,</strong></span> <span class='ocrx_word' id='word_1_458' title='bbox 3341 2598 3431 2653; x_wconf 85' lang='lat' dir='ltr'><strong>di-</strong></span> 
     </span>
    </p>
   </div>
   <div class='ocr_carea' id='block_1_34' title="bbox 170 2670 3428 2742">
    <p class='ocr_par' dir='ltr' id='par_1_34' title="bbox 170 2670 3428 2742">
     <span class='ocr_line' id='line_1_35' title="bbox 170 2670 3428 2742; baseline -0.002 -12"><span class='ocrx_word' id='word_1_459' title='bbox 170 2688 300 2730; x_wconf 91' lang='lat' dir='ltr'><strong>cens</strong></span> <span class='ocrx_word' id='word_1_460' title='bbox 324 2690 339 2725; x_wconf 93' lang='lat'><strong>:</strong></span> <span class='ocrx_word' id='word_1_461' title='bbox 377 2692 397 2724; x_wconf 75' lang='grc'><strong>(</strong></span> <span class='ocrx_word' id='word_1_462' title='bbox 436 2673 585 2727; x_wconf 90' lang='lat' dir='ltr'><strong>Deus</strong></span> <span class='ocrx_word' id='word_1_463' title='bbox 614 2687 719 2725; x_wconf 91' lang='lat' dir='ltr'><strong>non</strong></span> <span class='ocrx_word' id='word_1_464' title='bbox 744 2670 1166 2742; x_wconf 71' lang='lat' dir='ltr'><strong>habet-aliquod</strong></span> <span class='ocrx_word' id='word_1_465' title='bbox 1204 2684 1496 2742; x_wconf 86' lang='lat' dir='ltr'><strong>commune</strong></span> <span class='ocrx_word' id='word_1_466' title='bbox 1522 2672 1668 2737; x_wconf 88' lang='lat' dir='ltr'><strong>quod</strong></span> <span class='ocrx_word' id='word_1_467' title='bbox 1695 2674 1764 2726; x_wconf 91' lang='lat' dir='ltr'><strong>sit</strong></span> <span class='ocrx_word' id='word_1_468' title='bbox 1792 2673 1843 2724; x_wconf 87' lang='lat' dir='ltr'><strong>in</strong></span> <span class='ocrx_word' id='word_1_469' title='bbox 1869 2674 1988 2738; x_wconf 74' lang='lat' dir='ltr'><strong>ipso</strong></span> <span class='ocrx_word' id='word_1_470' title='bbox 2004 2681 2067 2742; x_wconf 89' lang='lat' dir='ltr'><strong>et</strong></span> <span class='ocrx_word' id='word_1_471' title='bbox 2087 2670 2376 2739; x_wconf 76' lang='lat' dir='ltr'><strong>creaturis,</strong></span> <span class='ocrx_word' id='word_1_472' title='bbox 2403 2689 2581 2741; x_wconf 91' lang='lat' dir='ltr'><strong>neque</strong></span> <span class='ocrx_word' id='word_1_473' title='bbox 2610 2670 2669 2727; x_wconf 53' lang='lat' dir='ltr'><strong>u&#39;t</strong></span> <span class='ocrx_word' id='word_1_474' title='bbox 2690 2676 2921 2741; x_wconf 87' lang='lat' dir='ltr'><strong>species,</strong></span> <span class='ocrx_word' id='word_1_475' title='bbox 2948 2686 3124 2742; x_wconf 90' lang='lat' dir='ltr'><strong>neque</strong></span> <span class='ocrx_word' id='word_1_476' title='bbox 3156 2679 3216 2723; x_wconf 90' lang='lat' dir='ltr'><strong>ut</strong></span> <span class='ocrx_word' id='word_1_477' title='bbox 3239 2684 3428 2739; x_wconf 84' lang='lat' dir='ltr'><strong>genus,</strong></span> 
     </span>
    </p>
   </div>
   <div class='ocr_carea' id='block_1_35' title="bbox 171 2738 3431 2814">
    <p class='ocr_par' dir='ltr' id='par_1_35' title="bbox 171 2738 3431 2814">
     <span class='ocr_line' id='line_1_36' title="bbox 171 2738 3431 2814; baseline -0.001 -15"><span class='ocrx_word' id='word_1_478' title='bbox 171 2759 353 2814; x_wconf 90' lang='lat' dir='ltr'><strong>neque</strong></span> <span class='ocrx_word' id='word_1_479' title='bbox 383 2756 445 2798; x_wconf 85' lang='lat' dir='ltr'><strong>ut</strong></span> <span class='ocrx_word' id='word_1_480' title='bbox 470 2742 736 2812; x_wconf 78' lang='lat' dir='ltr'><strong>analogiae</strong></span> <span class='ocrx_word' id='word_1_481' title='bbox 759 2740 1121 2811; x_wconf 88' lang='lat' dir='ltr'><strong>principium;</strong></span> <span class='ocrx_word' id='word_1_482' title='bbox 1152 2738 1246 2794; x_wconf 89' lang='lat' dir='ltr'><strong>sed</strong></span> <span class='ocrx_word' id='word_1_483' title='bbox 1272 2749 1360 2814; x_wconf 85' lang='lat' dir='ltr'><strong>est</strong></span> <span class='ocrx_word' id='word_1_484' title='bbox 1380 2741 1453 2814; x_wconf 68' lang='lat' dir='ltr'><strong>ibi</strong></span> <span class='ocrx_word' id='word_1_485' title='bbox 1489 2749 1699 2794; x_wconf 89' lang='lat' dir='ltr'><strong>tantum</strong></span> <span class='ocrx_word' id='word_1_486' title='bbox 1726 2741 2047 2814; x_wconf 85' lang='lat' dir='ltr'><strong>imitationis</strong></span> <span class='ocrx_word' id='word_1_487' title='bbox 2070 2738 2578 2814; x_wconf 75' lang='lat' dir='ltr'><strong>communitas,qua</strong></span> <span class='ocrx_word' id='word_1_488' title='bbox 2607 2738 2794 2798; x_wconf 78' lang='lat' dir='ltr'><strong>creata</strong></span> <span class='ocrx_word' id='word_1_489' title='bbox 2821 2738 3431 2814; x_wconf 35' lang='lat' dir='ltr'><strong>imitanturcrea’torem</strong></span> 
     </span>
    </p>
   </div>
   <div class='ocr_carea' id='block_1_36' title="bbox 170 2809 3430 2883">
    <p class='ocr_par' dir='ltr' id='par_1_36' title="bbox 170 2809 3430 2883">
     <span class='ocr_line' id='line_1_37' title="bbox 170 2809 3430 2883; baseline -0.002 -14"><span class='ocrx_word' id='word_1_490' title='bbox 170 2825 231 2869; x_wconf 92' lang='lat' dir='ltr'><strong>ut</strong></span> <span class='ocrx_word' id='word_1_491' title='bbox 258 2809 492 2883; x_wconf 79' lang='lat' dir='ltr'><strong>queunt;</strong></span> <span class='ocrx_word' id='word_1_492' title='bbox 531 2822 586 2867; x_wconf 89' lang='lat' dir='ltr'><strong>et</strong></span> <span class='ocrx_word' id='word_1_493' title='bbox 614 2809 729 2866; x_wconf 56' lang='lat' dir='ltr'><strong>lt&#39;a’c</strong></span> <span class='ocrx_word' id='word_1_494' title='bbox 760 2809 872 2883; x_wconf 79' lang='lat' dir='ltr'><strong>non</strong></span> <span class='ocrx_word' id='word_1_495' title='bbox 895 2821 979 2865; x_wconf 90' lang='lat' dir='ltr'><strong>est</strong></span> <span class='ocrx_word' id='word_1_496' title='bbox 1010 2810 1393 2883; x_wconf 83' lang='lat' dir='ltr'><strong>communitas.</strong></span> <span class='ocrx_word' id='word_1_497' title='bbox 1418 2809 1650 2883; x_wconf 83' lang='lat' dir='ltr'><strong>PrOpter</strong></span> <span class='ocrx_word' id='word_1_498' title='bbox 1670 2815 1818 2883; x_wconf 84' lang='lat' dir='ltr'><strong>quod</strong></span> <span class='ocrx_word' id='word_1_499' title='bbox 1854 2812 2018 2865; x_wconf 90' lang='lat' dir='ltr'><strong>etiam</strong></span> <span class='ocrx_word' id='word_1_500' title='bbox 2050 2827 2156 2867; x_wconf 87' lang='lat' dir='ltr'><strong>non</strong></span> <span class='ocrx_word' id='word_1_501' title='bbox 2189 2820 2273 2866; x_wconf 88' lang='lat' dir='ltr'><strong>est</strong></span> <span class='ocrx_word' id='word_1_502' title='bbox 2296 2826 2424 2866; x_wconf 87' lang='lat' dir='ltr'><strong>vera</strong></span> <span class='ocrx_word' id='word_1_503' title='bbox 2452 2809 2633 2882; x_wconf 77' lang='lat' dir='ltr'><strong>aliqua</strong></span> <span class='ocrx_word' id='word_1_504' title='bbox 2661 2815 2801 2883; x_wconf 88' lang='lat' dir='ltr'><strong>apud</strong></span> <span class='ocrx_word' id='word_1_505' title='bbox 2829 2817 2928 2868; x_wconf 83' lang='lat' dir='ltr'><strong>no‘s</strong></span> <span class='ocrx_word' id='word_1_506' title='bbox 2956 2810 3273 2883; x_wconf 56' lang='lat' dir='ltr'><strong>praedicatio</strong></span> <span class='ocrx_word' id='word_1_507' title='bbox 3297 2825 3430 2883; x_wconf 68' lang='lat' dir='ltr'><strong>vera</strong></span> 
     </span>
    </p>
   </div>
   <div class='ocr_carea' id='block_1_37' title="bbox 171 2880 3431 2954">
    <p class='ocr_par' dir='ltr' id='par_1_37' title="bbox 171 2880 3431 2954">
     <span class='ocr_line' id='line_1_38' title="bbox 171 2880 3431 2954; baseline -0.002 -15"><span class='ocrx_word' id='word_1_508' title='bbox 171 2885 235 2939; x_wconf 89' lang='lat' dir='ltr'><strong>de</strong></span> <span class='ocrx_word' id='word_1_509' title='bbox 254 2880 391 2940; x_wconf 86' lang='lat' dir='ltr'><strong>Deo.</strong></span> <span class='ocrx_word' id='word_1_510' title='bbox 426 2904 445 2937; x_wconf 77' lang='grc' dir='ltr'><strong>ι</strong></span> <span class='ocrx_word' id='word_1_511' title='bbox 477 2884 610 2950; x_wconf 77' lang='lat' dir='ltr'><strong>Qua:</strong></span> <span class='ocrx_word' id='word_1_512' title='bbox 639 2883 807 2938; x_wconf 86' lang='lat' dir='ltr'><strong>verba</strong></span> <span class='ocrx_word' id='word_1_513' title='bbox 841 2881 1023 2951; x_wconf 89' lang='lat' dir='ltr'><strong>inepte</strong></span> <span class='ocrx_word' id='word_1_514' title='bbox 1054 2894 1250 2935; x_wconf 89' lang='lat' dir='ltr'><strong>sonare</strong></span> <span class='ocrx_word' id='word_1_515' title='bbox 1273 2880 1551 2948; x_wconf 81' lang='lat' dir='ltr'><strong>videntur,</strong></span> <span class='ocrx_word' id='word_1_516' title='bbox 1577 2881 1681 2936; x_wconf 88' lang='lat' dir='ltr'><strong>nisi</strong></span> <span class='ocrx_word' id='word_1_517' title='bbox 1707 2880 1938 2937; x_wconf 82' lang='lat' dir='ltr'><strong>forsitan</strong></span> <span class='ocrx_word' id='word_1_518' title='bbox 1973 2893 2156 2944; x_wconf 88' lang='lat' dir='ltr'><strong>sumat</strong></span> <span class='ocrx_word' id='word_1_519' title='bbox 2195 2880 2637 2951; x_wconf 73' lang='lat' dir='ltr'><strong>praedicationem</strong></span> <span class='ocrx_word' id='word_1_520' title='bbox 2675 2880 2884 2950; x_wconf 70' lang='lat' dir='ltr'><strong>veram,</strong></span> <span class='ocrx_word' id='word_1_521' title='bbox 2917 2880 3016 2954; x_wconf 86' lang='lat' dir='ltr'><strong>pro</strong></span> <span class='ocrx_word' id='word_1_522' title='bbox 3039 2880 3431 2953; x_wconf 78' lang='lat' dir='ltr'><strong>praedicatione</strong></span> 
     </span>
    </p>
   </div>
   <div class='ocr_carea' id='block_1_38' title="bbox 214 2957 2463 3010">
    <p class='ocr_par' dir='ltr' id='par_1_38' title="bbox 214 2957 2463 3010">
     <span class='ocr_line' id='line_1_39' title="bbox 214 2957 2463 3010; baseline -0.009 -2"><span class='ocrx_word' id='word_1_523' title='bbox 214 2957 399 3010; x_wconf 86' lang='lat' dir='ltr'><strong>ronrie</strong></span> <span class='ocrx_word' id='word_1_524' title='bbox 420 2957 586 3008; x_wconf 87' lang='lat' dir='ltr'><strong>dicta.</strong></span> <span class='ocrx_word' id='word_1_525' title='bbox 2462 2984 2463 2987; x_wconf 44' lang='grc' dir='ltr'><strong>η</strong></span> 
     </span>
    </p>
   </div>
   <div class='ocr_carea' id='block_1_39' title="bbox 175 2970 3424 3093">
    <p class='ocr_par' dir='ltr' id='par_1_39' title="bbox 175 2970 3424 3093">
     <span class='ocr_line' id='line_1_40' title="bbox 175 2970 3424 3093; baseline -0.002 -14"><span class='ocrx_word' id='word_1_526' title='bbox 175 2970 701 3081; x_wconf 43' lang='grc' dir='ltr'>ΡΥὲἓῖἙῧέῗιζῗίιΙὶιι</span> <span class='ocrx_word' id='word_1_527' title='bbox 743 3021 966 3093; x_wconf 89' lang='lat' dir='ltr'><strong>positio,</strong></span> <span class='ocrx_word' id='word_1_528' title='bbox 996 3028 1263 3093; x_wconf 86' lang='lat' dir='ltr'><strong>quatenus</strong></span> <span class='ocrx_word' id='word_1_529' title='bbox 1291 3019 1658 3090; x_wconf 81' lang='lat' dir='ltr'><strong>perfectiones</strong></span> <span class='ocrx_word' id='word_1_530' title='bbox 1682 3032 2057 3083; x_wconf 82' lang='lat' dir='ltr'><strong>creaturarum</strong></span> <span class='ocrx_word' id='word_1_531' title='bbox 2082 3032 2207 3078; x_wconf 91' lang='lat' dir='ltr'><strong>sunt</strong></span> <span class='ocrx_word' id='word_1_532' title='bbox 2224 3023 2277 3076; x_wconf 93' lang='lat' dir='ltr'><strong>in</strong></span> <span class='ocrx_word' id='word_1_533' title='bbox 2304 3023 2416 3078; x_wconf 92' lang='lat' dir='ltr'><strong>Deo</strong></span> <span class='ocrx_word' id='word_1_534' title='bbox 2439 3024 2879 3093; x_wconf 65' lang='lat' dir='ltr'><strong>praeemlnenter,</strong></span> <span class='ocrx_word' id='word_1_535' title='bbox 2910 3023 3070 3092; x_wconf 90' lang='lat' dir='ltr'><strong>idque</strong></span> <span class='ocrx_word' id='word_1_536' title='bbox 3093 3020 3270 3091; x_wconf 88' lang='lat' dir='ltr'><strong>quoad</strong></span> <span class='ocrx_word' id='word_1_537' title='bbox 3297 3019 3424 3077; x_wconf 88' lang='lat' dir='ltr'><strong>tria.</strong></span> 
     </span>
    </p>
   </div>
   <div class='ocr_carea' id='block_1_40' title="bbox 170 3092 3429 3164">
    <p class='ocr_par' dir='ltr' id='par_1_40' title="bbox 170 3092 3429 3164">
     <span class='ocr_line' id='line_1_41' title="bbox 170 3092 3429 3164; baseline -0.001 -15"><span class='ocrx_word' id='word_1_538' title='bbox 170 3093 378 3160; x_wconf 85' lang='lat' dir='ltr'><strong>Primo,</strong></span> <span class='ocrx_word' id='word_1_539' title='bbox 419 3105 686 3164; x_wconf 88' lang='lat' dir='ltr'><strong>quantum</strong></span> <span class='ocrx_word' id='word_1_540' title='bbox 716 3092 783 3147; x_wconf 84' lang='lat' dir='ltr'><strong>ad</strong></span> <span class='ocrx_word' id='word_1_541' title='bbox 812 3092 1282 3164; x_wconf 80' lang='lat' dir='ltr'><strong>universalitatem</strong></span> <span class='ocrx_word' id='word_1_542' title='bbox 1310 3110 1324 3159; x_wconf 90' lang='lat'><strong>;</strong></span> <span class='ocrx_word' id='word_1_543' title='bbox 1351 3095 1479 3161; x_wconf 89' lang='lat' dir='ltr'><strong>quia</strong></span> <span class='ocrx_word' id='word_1_544' title='bbox 1518 3095 1574 3147; x_wconf 89' lang='lat' dir='ltr'><strong>in</strong></span> <span class='ocrx_word' id='word_1_545' title='bbox 1603 3094 1714 3148; x_wconf 89' lang='lat' dir='ltr'><strong>Deo</strong></span> <span class='ocrx_word' id='word_1_546' title='bbox 1758 3104 1887 3147; x_wconf 92' lang='lat' dir='ltr'><strong>sunt</strong></span> <span class='ocrx_word' id='word_1_547' title='bbox 1910 3110 2103 3149; x_wconf 90' lang='lat' dir='ltr'><strong>omnes</strong></span> <span class='ocrx_word' id='word_1_548' title='bbox 2146 3092 2514 3162; x_wconf 84' lang='lat' dir='ltr'><strong>perfectiones</strong></span> <span class='ocrx_word' id='word_1_549' title='bbox 2537 3096 2812 3148; x_wconf 66' lang='lat' dir='ltr'><strong>adunatae.</strong></span> <span class='ocrx_word' id='word_1_550' title='bbox 2847 3093 3123 3155; x_wconf 81' lang='lat' dir='ltr'><strong>Secundo,</strong></span> <span class='ocrx_word' id='word_1_551' title='bbox 3160 3102 3429 3162; x_wconf 87' lang='lat' dir='ltr'><strong>quantum</strong></span> 
     </span>
    </p>
   </div>
   <div class='ocr_carea' id='block_1_41' title="bbox 169 3162 3426 3237">
    <p class='ocr_par' dir='ltr' id='par_1_41' title="bbox 169 3162 3426 3237">
     <span class='ocr_line' id='line_1_42' title="bbox 169 3162 3426 3237; baseline -0.002 -19"><span class='ocrx_word' id='word_1_552' title='bbox 169 3168 234 3221; x_wconf 85' lang='lat' dir='ltr'><strong>ad</strong></span> <span class='ocrx_word' id='word_1_553' title='bbox 278 3162 715 3237; x_wconf 80' lang='lat' dir='ltr'><strong>plenitudinem;</strong></span> <span class='ocrx_word' id='word_1_554' title='bbox 745 3164 873 3237; x_wconf 87' lang='lat' dir='ltr'><strong>quia</strong></span> <span class='ocrx_word' id='word_1_555' title='bbox 912 3163 967 3216; x_wconf 92' lang='lat' dir='ltr'><strong>in</strong></span> <span class='ocrx_word' id='word_1_556' title='bbox 1008 3162 1120 3237; x_wconf 79' lang='lat' dir='ltr'><strong>Deo</strong></span> <span class='ocrx_word' id='word_1_557' title='bbox 1151 3172 1430 3217; x_wconf 83' lang='lat' dir='ltr'><strong>suntcum</strong></span> <span class='ocrx_word' id='word_1_558' title='bbox 1461 3164 2066 3237; x_wconf 59' lang='lat' dir='ltr'><strong>infinitaperfectione.</strong></span> <span class='ocrx_word' id='word_1_559' title='bbox 2102 3165 2315 3237; x_wconf 80' lang='lat' dir='ltr'><strong>Tertio,</strong></span> <span class='ocrx_word' id='word_1_560' title='bbox 2343 3165 2524 3234; x_wconf 85' lang='lat' dir='ltr'><strong>quoad</strong></span> <span class='ocrx_word' id='word_1_561' title='bbox 2569 3165 2980 3234; x_wconf 90' lang='lat' dir='ltr'><strong>simplicitatem</strong></span> <span class='ocrx_word' id='word_1_562' title='bbox 3015 3172 3070 3218; x_wconf 92' lang='lat' dir='ltr'><strong>et</strong></span> <span class='ocrx_word' id='word_1_563' title='bbox 3101 3167 3426 3237; x_wconf 77' lang='lat' dir='ltr'><strong>unitatem;</strong></span> 
     </span>
    </p>
   </div>
   <div class='ocr_carea' id='block_1_42' title="bbox 168 3233 3427 3305">
    <p class='ocr_par' dir='ltr' id='par_1_42' title="bbox 168 3233 3427 3305">
     <span class='ocr_line' id='line_1_43' title="bbox 168 3233 3427 3305; baseline -0.003 -12"><span class='ocrx_word' id='word_1_564' title='bbox 168 3233 295 3305; x_wconf 65' lang='lat' dir='ltr'><strong>qusi</strong></span> <span class='ocrx_word' id='word_1_565' title='bbox 316 3238 467 3292; x_wconf 87' lang='lat' dir='ltr'><strong>enim</strong></span> <span class='ocrx_word' id='word_1_566' title='bbox 503 3236 553 3288; x_wconf 94' lang='lat' dir='ltr'><strong>in</strong></span> <span class='ocrx_word' id='word_1_567' title='bbox 584 3236 1009 3305; x_wconf 75' lang='lat' dir='ltr'><strong>creaturissuut</strong></span> <span class='ocrx_word' id='word_1_568' title='bbox 1046 3234 1261 3287; x_wconf 83' lang='lat' dir='ltr'><strong>diversa</strong></span> <span class='ocrx_word' id='word_1_569' title='bbox 1276 3247 1353 3305; x_wconf 83' lang='lat' dir='ltr'><strong>ac</strong></span> <span class='ocrx_word' id='word_1_570' title='bbox 1372 3234 1565 3300; x_wconf 90' lang='lat' dir='ltr'><strong>multa,</strong></span> <span class='ocrx_word' id='word_1_571' title='bbox 1592 3234 1644 3287; x_wconf 92' lang='lat' dir='ltr'><strong>in</strong></span> <span class='ocrx_word' id='word_1_572' title='bbox 1670 3234 1781 3290; x_wconf 86' lang='lat' dir='ltr'><strong>Deo</strong></span> <span class='ocrx_word' id='word_1_573' title='bbox 1810 3247 1935 3290; x_wconf 91' lang='lat' dir='ltr'><strong>sunt</strong></span> <span class='ocrx_word' id='word_1_574' title='bbox 1978 3250 2166 3289; x_wconf 92' lang='lat' dir='ltr'><strong>unum.</strong></span> <span class='ocrx_word' id='word_1_575' title='bbox 2206 3234 2333 3289; x_wconf 68' lang='lat' dir='ltr'><strong>Haec</strong></span> <span class='ocrx_word' id='word_1_576' title='bbox 2366 3233 2724 3289; x_wconf 86' lang='lat' dir='ltr'><strong>estdoctrina</strong></span> <span class='ocrx_word' id='word_1_577' title='bbox 2750 3242 3064 3305; x_wconf 81' lang='lat' dir='ltr'><strong>sanctorum</strong></span> <span class='ocrx_word' id='word_1_578' title='bbox 3097 3233 3337 3303; x_wconf 86' lang='lat' dir='ltr'><strong>Dionysii</strong></span> <span class='ocrx_word' id='word_1_579' title='bbox 3369 3242 3427 3284; x_wconf 90' lang='lat' dir='ltr'><strong>et</strong></span> 
     </span>
    </p>
   </div>
   <div class='ocr_carea' id='block_1_43' title="bbox 168 3302 3426 3373">
    <p class='ocr_par' dir='ltr' id='par_1_43' title="bbox 168 3302 3426 3373">
     <span class='ocr_line' id='line_1_44' title="bbox 168 3302 3426 3373; baseline -0.003 -11"><span class='ocrx_word' id='word_1_580' title='bbox 168 3302 435 3367; x_wconf 67' lang='lat' dir='ltr'><strong>Anselmi,</strong></span> <span class='ocrx_word' id='word_1_581' title='bbox 462 3319 527 3359; x_wconf 89' lang='lat' dir='ltr'><strong>ac</strong></span> <span class='ocrx_word' id='word_1_582' title='bbox 552 3305 787 3373; x_wconf 91' lang='lat' dir='ltr'><strong>plurium</strong></span> <span class='ocrx_word' id='word_1_583' title='bbox 819 3303 1054 3357; x_wconf 90' lang='lat' dir='ltr'><strong>aliorum</strong></span> <span class='ocrx_word' id='word_1_584' title='bbox 1076 3317 1216 3371; x_wconf 91' lang='lat' dir='ltr'><strong>quos</strong></span> <span class='ocrx_word' id='word_1_585' title='bbox 1255 3302 1508 3358; x_wconf 89' lang='lat' dir='ltr'><strong>doctores</strong></span> <span class='ocrx_word' id='word_1_586' title='bbox 1546 3306 1829 3373; x_wconf 70' lang='lat' dir='ltr'><strong>praecipui,</strong></span> <span class='ocrx_word' id='word_1_587' title='bbox 1864 3317 2086 3359; x_wconf 87' lang='lat' dir='ltr'><strong>sanctus</strong></span> <span class='ocrx_word' id='word_1_588' title='bbox 2117 3305 2384 3370; x_wconf 87' lang='lat' dir='ltr'><strong>Thomas,</strong></span> <span class='ocrx_word' id='word_1_589' title='bbox 2410 3305 2743 3372; x_wconf 76' lang='lat' dir='ltr'><strong>Alexander,</strong></span> <span class='ocrx_word' id='word_1_590' title='bbox 2768 3314 2993 3359; x_wconf 89' lang='lat' dir='ltr'><strong>sanctus</strong></span> <span class='ocrx_word' id='word_1_591' title='bbox 3016 3302 3426 3373; x_wconf 76' lang='lat' dir='ltr'><strong>Bonaventura,</strong></span> 
     </span>
    </p>
   </div>
   <div class='ocr_carea' id='block_1_44' title="bbox 167 3371 3426 3446">
    <p class='ocr_par' dir='ltr' id='par_1_44' title="bbox 167 3371 3426 3446">
     <span class='ocr_line' id='line_1_45' title="bbox 167 3371 3426 3446; baseline -0.002 -14"><span class='ocrx_word' id='word_1_592' title='bbox 167 3378 503 3440; x_wconf 67' lang='lat' dir='ltr'><strong>Ric’ltardus,</strong></span> <span class='ocrx_word' id='word_1_593' title='bbox 532 3371 727 3446; x_wconf 85' lang='lat' dir='ltr'><strong>Petrus</strong></span> <span class='ocrx_word' id='word_1_594' title='bbox 750 3373 1025 3444; x_wconf 57' lang='lat' dir='ltr'><strong>IEgidius,</strong></span> <span class='ocrx_word' id='word_1_595' title='bbox 1047 3384 1104 3427; x_wconf 92' lang='lat' dir='ltr'><strong>et</strong></span> <span class='ocrx_word' id='word_1_596' title='bbox 1132 3375 1224 3427; x_wconf 87' lang='lat' dir='ltr'><strong>alti</strong></span> <span class='ocrx_word' id='word_1_597' title='bbox 1253 3374 1407 3446; x_wconf 89' lang='lat' dir='ltr'><strong>multi</strong></span> <span class='ocrx_word' id='word_1_598' title='bbox 1435 3371 1761 3443; x_wconf 81' lang='lat' dir='ltr'><strong>sequuntur,</strong></span> <span class='ocrx_word' id='word_1_599' title='bbox 1786 3390 1840 3429; x_wconf 91' lang='lat' dir='ltr'><strong>et</strong></span> <span class='ocrx_word' id='word_1_600' title='bbox 1865 3376 2245 3430; x_wconf 87' lang='lat' dir='ltr'><strong>rationabilior</strong></span> <span class='ocrx_word' id='word_1_601' title='bbox 2267 3390 2487 3446; x_wconf 86' lang='lat' dir='ltr'><strong>quoque</strong></span> <span class='ocrx_word' id='word_1_602' title='bbox 2517 3371 2758 3430; x_wconf 87' lang='lat' dir='ltr'><strong>videtur.</strong></span> <span class='ocrx_word' id='word_1_603' title='bbox 2786 3375 3178 3429; x_wconf 80' lang='lat' dir='ltr'><strong>Verumtamen</strong></span> <span class='ocrx_word' id='word_1_604' title='bbox 3204 3371 3426 3436; x_wconf 85' lang='lat' dir='ltr'><strong>Scotus,</strong></span> 
     </span>
    </p>
   </div>
   <div class='ocr_carea' id='block_1_45' title="bbox 165 3445 3430 3517">
    <p class='ocr_par' dir='ltr' id='par_1_45' title="bbox 165 3445 3430 3517">
     <span class='ocr_line' id='line_1_46' title="bbox 165 3445 3430 3517; baseline -0.002 -15"><span class='ocrx_word' id='word_1_605' title='bbox 165 3448 218 3503; x_wconf 91' lang='lat' dir='ltr'><strong>in</strong></span> <span class='ocrx_word' id='word_1_606' title='bbox 254 3450 466 3517; x_wconf 87' lang='lat' dir='ltr'><strong>scripto</strong></span> <span class='ocrx_word' id='word_1_607' title='bbox 491 3461 591 3502; x_wconf 87' lang='lat' dir='ltr'><strong>suo</strong></span> <span class='ocrx_word' id='word_1_608' title='bbox 616 3445 788 3513; x_wconf 84' lang='lat' dir='ltr'><strong>Super</strong></span> <span class='ocrx_word' id='word_1_609' title='bbox 825 3446 1057 3517; x_wconf 79' lang='lat' dir='ltr'><strong>primum</strong></span> <span class='ocrx_word' id='word_1_610' title='bbox 1101 3445 1506 3517; x_wconf 72' lang='lat' dir='ltr'><strong>sententiarum,</strong></span> <span class='ocrx_word' id='word_1_611' title='bbox 1538 3454 1704 3510; x_wconf 85' lang='lat' dir='ltr'><strong>tenet,</strong></span> <span class='ocrx_word' id='word_1_612' title='bbox 1734 3449 1876 3515; x_wconf 88' lang='lat' dir='ltr'><strong>quod</strong></span> <span class='ocrx_word' id='word_1_613' title='bbox 1914 3458 2212 3514; x_wconf 88' lang='lat' dir='ltr'><strong>conceptus</strong></span> <span class='ocrx_word' id='word_1_614' title='bbox 2238 3445 2488 3501; x_wconf 33' lang='lat' dir='ltr'><strong>entis’sit</strong></span> <span class='ocrx_word' id='word_1_615' title='bbox 2510 3446 2788 3502; x_wconf 51' lang='lat' dir='ltr'><strong>&#39;univocus</strong></span> <span class='ocrx_word' id='word_1_616' title='bbox 2813 3455 2868 3499; x_wconf 92' lang='lat' dir='ltr'><strong>et</strong></span> <span class='ocrx_word' id='word_1_617' title='bbox 2896 3447 3202 3517; x_wconf 90' lang='lat' dir='ltr'><strong>communis</strong></span> <span class='ocrx_word' id='word_1_618' title='bbox 3233 3448 3342 3498; x_wconf 87' lang='lat' dir='ltr'><strong>Deo</strong></span> <span class='ocrx_word' id='word_1_619' title='bbox 3371 3453 3430 3496; x_wconf 86' lang='lat' dir='ltr'><strong>et</strong></span> 
     </span>
    </p>
   </div>
   <div class='ocr_carea' id='block_1_46' title="bbox 163 3514 3426 3587">
    <p class='ocr_par' dir='ltr' id='par_1_46' title="bbox 163 3514 3426 3587">
     <span class='ocr_line' id='line_1_47' title="bbox 163 3514 3426 3587; baseline -0.002 -15"><span class='ocrx_word' id='word_1_620' title='bbox 163 3514 483 3584; x_wconf 74' lang='lat' dir='ltr'><strong>creaturis,</strong></span> <span class='ocrx_word' id='word_1_621' title='bbox 513 3527 678 3585; x_wconf 88' lang='lat' dir='ltr'><strong>atque</strong></span> <span class='ocrx_word' id='word_1_622' title='bbox 708 3517 782 3569; x_wconf 75' lang='lat' dir='ltr'><strong>ita</strong></span> <span class='ocrx_word' id='word_1_623' title='bbox 814 3530 912 3569; x_wconf 90' lang='lat' dir='ltr'><strong>ens</strong></span> <span class='ocrx_word' id='word_1_624' title='bbox 937 3514 1194 3587; x_wconf 86' lang='lat' dir='ltr'><strong>_univoce</strong></span> <span class='ocrx_word' id='word_1_625' title='bbox 1222 3515 1551 3583; x_wconf 77' lang='lat' dir='ltr'><strong>praedicetur</strong></span> <span class='ocrx_word' id='word_1_626' title='bbox 1604 3520 1674 3571; x_wconf 90' lang='lat' dir='ltr'><strong>de</strong></span> <span class='ocrx_word' id='word_1_627' title='bbox 1710 3514 1826 3581; x_wconf 78' lang='lat' dir='ltr'><strong>eis;</strong></span> <span class='ocrx_word' id='word_1_628' title='bbox 1860 3528 2022 3587; x_wconf 87' lang='lat' dir='ltr'><strong>negat</strong></span> <span class='ocrx_word' id='word_1_629' title='bbox 2068 3528 2270 3581; x_wconf 87' lang='lat' dir='ltr'><strong>tamen,</strong></span> <span class='ocrx_word' id='word_1_630' title='bbox 2308 3517 2476 3572; x_wconf 89' lang='lat' dir='ltr'><strong>Deum</strong></span> <span class='ocrx_word' id='word_1_631' title='bbox 2506 3532 2627 3572; x_wconf 83' lang='lat' dir='ltr'><strong>esse</strong></span> <span class='ocrx_word' id='word_1_632' title='bbox 2660 3518 2715 3571; x_wconf 90' lang='lat' dir='ltr'><strong>in</strong></span> <span class='ocrx_word' id='word_1_633' title='bbox 2755 3517 2942 3587; x_wconf 78' lang='lat' dir='ltr'><strong>aliquo</strong></span> <span class='ocrx_word' id='word_1_634' title='bbox 2982 3516 3426 3587; x_wconf 70' lang='lat' dir='ltr'><strong>praedicamento.</strong></span> 
     </span>
    </p>
   </div>
   <div class='ocr_carea' id='block_1_47' title="bbox 161 3584 3424 3660">
    <p class='ocr_par' dir='ltr' id='par_1_47' title="bbox 161 3584 3424 3660">
     <span class='ocr_line' id='line_1_48' title="bbox 161 3584 3424 3660; baseline -0.002 -18"><span class='ocrx_word' id='word_1_635' title='bbox 161 3588 349 3660; x_wconf 74' lang='lat' dir='ltr'><strong>Aliqui</strong></span> <span class='ocrx_word' id='word_1_636' title='bbox 379 3604 513 3660; x_wconf 74' lang='lat' dir='ltr'><strong>vero</strong></span> <span class='ocrx_word' id='word_1_637' title='bbox 536 3584 740 3660; x_wconf 84' lang='lat' dir='ltr'><strong>dicunt,</strong></span> <span class='ocrx_word' id='word_1_638' title='bbox 766 3584 988 3660; x_wconf 68' lang='lat' dir='ltr'><strong>qtiodin</strong></span> <span class='ocrx_word' id='word_1_639' title='bbox 1017 3586 1442 3660; x_wconf 63' lang='lat' dir='ltr'><strong>praedicauiento</strong></span> <span class='ocrx_word' id='word_1_640' title='bbox 1464 3588 1716 3660; x_wconf 75' lang='lat' dir='ltr'><strong>exsistat,</strong></span> <span class='ocrx_word' id='word_1_641' title='bbox 1742 3584 2151 3660; x_wconf 64' lang='lat' dir='ltr'><strong>ut_l4‘raitciscus</strong></span> <span class='ocrx_word' id='word_1_642' title='bbox 2173 3593 2240 3660; x_wconf 86' lang='lat' dir='ltr'><strong>de</strong></span> <span class='ocrx_word' id='word_1_643' title='bbox 2265 3587 2525 3655; x_wconf 84' lang='lat' dir='ltr'><strong>Maronis,</strong></span> <span class='ocrx_word' id='word_1_644' title='bbox 2552 3598 2605 3642; x_wconf 89' lang='lat' dir='ltr'><strong>et</strong></span> <span class='ocrx_word' id='word_1_645' title='bbox 2630 3590 2724 3657; x_wconf 89' lang='lat' dir='ltr'><strong>qui</strong></span> <span class='ocrx_word' id='word_1_646' title='bbox 2749 3584 3120 3660; x_wconf 58' lang='lat' dir='ltr'><strong>fierininalistte</strong></span> <span class='ocrx_word' id='word_1_647' title='bbox 3148 3586 3424 3660; x_wconf 78' lang='lat' dir='ltr'><strong>dicuntur.</strong></span> 
     </span>
    </p>
   </div>
   <div class='ocr_carea' id='block_1_48' title="bbox 166 3654 3426 3729">
    <p class='ocr_par' dir='ltr' id='par_1_48' title="bbox 166 3654 3426 3729">
     <span class='ocr_line' id='line_1_49' title="bbox 166 3654 3426 3729; baseline -0.002 -16"><span class='ocrx_word' id='word_1_648' title='bbox 166 3654 423 3729; x_wconf 75' lang='lat' dir='ltr'><strong>Denique</strong></span> <span class='ocrx_word' id='word_1_649' title='bbox 463 3656 787 3729; x_wconf 77' lang='lat' dir='ltr'><strong>Guilielmus</strong></span> <span class='ocrx_word' id='word_1_650' title='bbox 812 3655 1142 3729; x_wconf 76' lang='lat' dir='ltr'><strong>P_arisiensis</strong></span> <span class='ocrx_word' id='word_1_651' title='bbox 1186 3656 1239 3708; x_wconf 93' lang='lat' dir='ltr'><strong>in</strong></span> <span class='ocrx_word' id='word_1_652' title='bbox 1278 3654 1640 3729; x_wconf 72' lang='lat' dir='ltr'><strong>Divinalisuo</strong></span> <span class='ocrx_word' id='word_1_653' title='bbox 1666 3662 1739 3729; x_wconf 7' lang='lat' dir='ltr'><strong>de,</strong></span> <span class='ocrx_word' id='word_1_654' title='bbox 1773 3657 2140 3729; x_wconf 77' lang='lat' dir='ltr'><strong>Trinitala,et</strong></span> <span class='ocrx_word' id='word_1_655' title='bbox 2163 3654 2724 3712; x_wconf 21' lang='lat' dir='ltr'><strong>Antisiodorensisiin</strong></span> <span class='ocrx_word' id='word_1_656' title='bbox 2753 3657 2975 3712; x_wconf 87' lang='lat' dir='ltr'><strong>Summa</strong></span> <span class='ocrx_word' id='word_1_657' title='bbox 3011 3670 3131 3721; x_wconf 90' lang='lat' dir='ltr'><strong>sua,</strong></span> <span class='ocrx_word' id='word_1_658' title='bbox 3156 3654 3426 3729; x_wconf 77' lang='lat' dir='ltr'><strong>Henricus</strong></span> 
     </span>
    </p>
   </div>
   <div class='ocr_carea' id='block_1_49' title="bbox 160 3724 3426 3796">
    <p class='ocr_par' dir='ltr' id='par_1_49' title="bbox 160 3724 3426 3796">
     <span class='ocr_line' id='line_1_50' title="bbox 160 3724 3426 3796; baseline -0.002 -12"><span class='ocrx_word' id='word_1_659' title='bbox 160 3724 428 3784; x_wconf 39' lang='lat' dir='ltr'><strong>etiam—(le</strong></span> <span class='ocrx_word' id='word_1_660' title='bbox 454 3728 712 3783; x_wconf 84' lang='lat' dir='ltr'><strong>Gandavo</strong></span> <span class='ocrx_word' id='word_1_661' title='bbox 743 3728 796 3780; x_wconf 76' lang='grc' dir='ltr'><strong>ιιι</strong></span> <span class='ocrx_word' id='word_1_662' title='bbox 824 3724 1043 3796; x_wconf 80' lang='lat' dir='ltr'><strong>Summa</strong></span> <span class='ocrx_word' id='word_1_663' title='bbox 1074 3739 1201 3788; x_wconf 89' lang='lat' dir='ltr'><strong>sua,</strong></span> <span class='ocrx_word' id='word_1_664' title='bbox 1230 3732 1284 3777; x_wconf 92' lang='lat' dir='ltr'><strong>et</strong></span> <span class='ocrx_word' id='word_1_665' title='bbox 1311 3726 1363 3777; x_wconf 90' lang='lat' dir='ltr'><strong>in</strong></span> <span class='ocrx_word' id='word_1_666' title='bbox 1390 3726 1767 3789; x_wconf 76' lang='lat' dir='ltr'><strong>Quodlibeticis</strong></span> <span class='ocrx_word' id='word_1_667' title='bbox 1794 3738 2034 3793; x_wconf 90' lang='lat' dir='ltr'><strong>tuentur,</strong></span> <span class='ocrx_word' id='word_1_668' title='bbox 2061 3728 2227 3780; x_wconf 89' lang='lat' dir='ltr'><strong>Deum</strong></span> <span class='ocrx_word' id='word_1_669' title='bbox 2254 3732 2309 3781; x_wconf 87' lang='lat' dir='ltr'><strong>in</strong></span> <span class='ocrx_word' id='word_1_670' title='bbox 2344 3731 2773 3796; x_wconf 76' lang='lat' dir='ltr'><strong>praedicamento</strong></span> <span class='ocrx_word' id='word_1_671' title='bbox 2796 3744 2901 3781; x_wconf 90' lang='lat' dir='ltr'><strong>non</strong></span> <span class='ocrx_word' id='word_1_672' title='bbox 2928 3741 3069 3788; x_wconf 88' lang='lat' dir='ltr'><strong>esse,</strong></span> <span class='ocrx_word' id='word_1_673' title='bbox 3095 3741 3194 3779; x_wconf 89' lang='lat' dir='ltr'><strong>uec</strong></span> <span class='ocrx_word' id='word_1_674' title='bbox 3220 3724 3426 3792; x_wconf 79' lang='lat' dir='ltr'><strong>aliquid</strong></span> 
     </span>
    </p>
   </div>
   <div class='ocr_carea' id='block_1_50' title="bbox 160 3795 3427 3868">
    <p class='ocr_par' dir='ltr' id='par_1_50' title="bbox 160 3795 3427 3868">
     <span class='ocr_line' id='line_1_51' title="bbox 160 3795 3427 3868; baseline -0.002 -15"><span class='ocrx_word' id='word_1_675' title='bbox 160 3803 230 3854; x_wconf 90' lang='lat' dir='ltr'><strong>de</strong></span> <span class='ocrx_word' id='word_1_676' title='bbox 258 3802 378 3868; x_wconf 88' lang='lat' dir='ltr'><strong>ipso</strong></span> <span class='ocrx_word' id='word_1_677' title='bbox 416 3809 472 3854; x_wconf 92' lang='lat' dir='ltr'><strong>et</strong></span> <span class='ocrx_word' id='word_1_678' title='bbox 493 3798 761 3853; x_wconf 86' lang='lat' dir='ltr'><strong>creaturis</strong></span> <span class='ocrx_word' id='word_1_679' title='bbox 789 3795 1155 3868; x_wconf 82' lang='lat' dir='ltr'><strong>diciunivoce</strong></span> <span class='ocrx_word' id='word_1_680' title='bbox 1184 3797 1590 3868; x_wconf 71' lang='lat' dir='ltr'><strong>sedaualogice</strong></span> <span class='ocrx_word' id='word_1_681' title='bbox 1625 3805 1862 3849; x_wconf 86' lang='lat' dir='ltr'><strong>tantum.</strong></span> <span class='ocrx_word' id='word_1_682' title='bbox 1904 3799 2034 3862; x_wconf 62' lang='lat' dir='ltr'><strong>Quis</strong></span> <span class='ocrx_word' id='word_1_683' title='bbox 2068 3800 2265 3865; x_wconf 75' lang='lat' dir='ltr'><strong>positio</strong></span> <span class='ocrx_word' id='word_1_684' title='bbox 2292 3795 2398 3851; x_wconf 83' lang='lat' dir='ltr'><strong>non</strong></span> <span class='ocrx_word' id='word_1_685' title='bbox 2431 3800 2603 3851; x_wconf 91' lang='lat' dir='ltr'><strong>solum</strong></span> <span class='ocrx_word' id='word_1_686' title='bbox 2631 3807 2722 3868; x_wconf 77' lang='lat' dir='ltr'><strong>est</strong></span> <span class='ocrx_word' id='word_1_687' title='bbox 2750 3800 2951 3861; x_wconf 84' lang='lat' dir='ltr'><strong>verior,</strong></span> <span class='ocrx_word' id='word_1_688' title='bbox 2982 3795 3269 3868; x_wconf 86' lang='lat' dir='ltr'><strong>sedetiam</strong></span> <span class='ocrx_word' id='word_1_689' title='bbox 3293 3809 3427 3868; x_wconf 74' lang='lat' dir='ltr'><strong>eon-</strong></span> 
     </span>
    </p>
   </div>
   <div class='ocr_carea' id='block_1_51' title="bbox 158 3863 3423 3939">
    <p class='ocr_par' dir='ltr' id='par_1_51' title="bbox 158 3863 3423 3939">
     <span class='ocr_line' id='line_1_52' title="bbox 158 3863 3423 3939; baseline -0.002 -17"><span class='ocrx_word' id='word_1_690' title='bbox 158 3863 453 3939; x_wconf 75' lang='lat' dir='ltr'><strong>gruéntior</strong></span> <span class='ocrx_word' id='word_1_691' title='bbox 476 3870 711 3923; x_wconf 66' lang='lat' dir='ltr'><strong>infinitae</strong></span> <span class='ocrx_word' id='word_1_692' title='bbox 738 3864 1320 3939; x_wconf 79' lang='lat' dir='ltr'><strong>superiucomparabiii</strong></span> <span class='ocrx_word' id='word_1_693' title='bbox 1361 3867 1889 3939; x_wconf 76' lang='lat' dir='ltr'><strong>etsuperesseutiali</strong></span> <span class='ocrx_word' id='word_1_694' title='bbox 1926 3863 2195 3938; x_wconf 82' lang='lat' dir='ltr'><strong>majestati</strong></span> <span class='ocrx_word' id='word_1_695' title='bbox 2246 3870 2463 3933; x_wconf 79' lang='lat' dir='ltr'><strong>divinae,</strong></span> <span class='ocrx_word' id='word_1_696' title='bbox 2487 3882 2553 3939; x_wconf 80' lang='lat' dir='ltr'><strong>ac</strong></span> <span class='ocrx_word' id='word_1_697' title='bbox 2589 3865 2927 3922; x_wconf 88' lang='lat' dir='ltr'><strong>conformior</strong></span> <span class='ocrx_word' id='word_1_698' title='bbox 2954 3866 3265 3939; x_wconf 83' lang='lat' dir='ltr'><strong>beatissimi</strong></span> <span class='ocrx_word' id='word_1_699' title='bbox 3292 3863 3423 3917; x_wconf 89' lang='lat' dir='ltr'><strong>Dio-</strong></span> 
     </span>
    </p>
   </div>
   <div class='ocr_carea' id='block_1_52' title="bbox 159 3936 3422 4011">
    <p class='ocr_par' dir='ltr' id='par_1_52' title="bbox 159 3936 3422 4011">
     <span class='ocr_line' id='line_1_53' title="bbox 159 3936 3422 4011; baseline -0.002 -17"><span class='ocrx_word' id='word_1_700' title='bbox 159 3936 306 4011; x_wconf 69' lang='lat' dir='ltr'><strong>itysti</strong></span> <span class='ocrx_word' id='word_1_701' title='bbox 352 3940 721 4003; x_wconf 83' lang='lat' dir='ltr'><strong>documentis,</strong></span> <span class='ocrx_word' id='word_1_702' title='bbox 761 3940 856 4011; x_wconf 82' lang='lat' dir='ltr'><strong>qui</strong></span> <span class='ocrx_word' id='word_1_703' title='bbox 888 3937 1056 3991; x_wconf 83' lang='lat' dir='ltr'><strong>Deum</strong></span> <span class='ocrx_word' id='word_1_704' title='bbox 1090 3939 1146 3988; x_wconf 85' lang='lat' dir='ltr'><strong>in</strong></span> <span class='ocrx_word' id='word_1_705' title='bbox 1176 3937 1333 3989; x_wconf 86' lang='lat' dir='ltr'><strong>libris</strong></span> <span class='ocrx_word' id='word_1_706' title='bbox 1355 3937 1609 4011; x_wconf 78' lang='lat' dir='ltr'><strong>suis_tam</strong></span> <span class='ocrx_word' id='word_1_707' title='bbox 1653 3937 1970 4006; x_wconf 85' lang='lat' dir='ltr'><strong>frequenter</strong></span> <span class='ocrx_word' id='word_1_708' title='bbox 2014 3936 2623 4011; x_wconf 15' lang='lat' dir='ltr'><strong>supersubstantialem,7</strong></span> <span class='ocrx_word' id='word_1_709' title='bbox 2656 3936 3197 4011; x_wconf 76' lang='lat' dir='ltr'><strong>superesseutialem,</strong></span> <span class='ocrx_word' id='word_1_710' title='bbox 3224 3948 3422 4003; x_wconf 89' lang='lat' dir='ltr'><strong>super-</strong></span> 
     </span>
    </p>
   </div>
   <div class='ocr_carea' id='block_1_53' title="bbox 157 4005 3415 4079">
    <p class='ocr_par' dir='ltr' id='par_1_53' title="bbox 157 4005 3415 4079">
     <span class='ocr_line' id='line_1_54' title="bbox 157 4005 3415 4079; baseline -0.002 -16"><span class='ocrx_word' id='word_1_711' title='bbox 157 4005 449 4079; x_wconf 72' lang='lat' dir='ltr'><strong>uiagnum,</strong></span> <span class='ocrx_word' id='word_1_712' title='bbox 481 4010 981 4078; x_wconf 82' lang='lat' dir='ltr'><strong>supersapientem,</strong></span> <span class='ocrx_word' id='word_1_713' title='bbox 1014 4013 1070 4059; x_wconf 88' lang='lat' dir='ltr'><strong>et</strong></span> <span class='ocrx_word' id='word_1_714' title='bbox 1095 4020 1323 4079; x_wconf 90' lang='lat' dir='ltr'><strong>prorsus</strong></span> <span class='ocrx_word' id='word_1_715' title='bbox 1362 4005 1717 4071; x_wconf 77' lang='lat' dir='ltr'><strong>ineffabilem,</strong></span> <span class='ocrx_word' id='word_1_716' title='bbox 1746 4005 2251 4077; x_wconf 85' lang='lat' dir='ltr'><strong>incognoscibilem,</strong></span> <span class='ocrx_word' id='word_1_717' title='bbox 2282 4008 2692 4075; x_wconf 87' lang='lat' dir='ltr'><strong>indelinibilem,</strong></span> <span class='ocrx_word' id='word_1_718' title='bbox 2724 4008 3104 4079; x_wconf 84' lang='lat' dir='ltr'><strong>illimitabilem</strong></span> <span class='ocrx_word' id='word_1_719' title='bbox 3151 4014 3415 4079; x_wconf 75' lang='lat' dir='ltr'><strong>nominat.</strong></span> 
     </span>
    </p>
   </div>
   <div class='ocr_carea' id='block_1_54' title="bbox 159 4076 3419 4148">
    <p class='ocr_par' dir='ltr' id='par_1_54' title="bbox 159 4076 3419 4148">
     <span class='ocr_line' id='line_1_55' title="bbox 159 4076 3419 4148; baseline -0.002 -13"><span class='ocrx_word' id='word_1_720' title='bbox 159 4081 219 4135; x_wconf 88' lang='lat' dir='ltr'><strong>Si</strong></span> <span class='ocrx_word' id='word_1_721' title='bbox 259 4076 448 4134; x_wconf 71' lang='lat' dir='ltr'><strong>autem</strong></span> <span class='ocrx_word' id='word_1_722' title='bbox 478 4076 623 4134; x_wconf 72' lang='lat' dir='ltr'><strong>esSet</strong></span> <span class='ocrx_word' id='word_1_723' title='bbox 655 4076 1188 4148; x_wconf 34' lang='lat' dir='ltr'><strong>iti’pt&#39;wdicantento,</strong></span> <span class='ocrx_word' id='word_1_724' title='bbox 1223 4077 1451 4132; x_wconf 87' lang='lat' dir='ltr'><strong>haberet</strong></span> <span class='ocrx_word' id='word_1_725' title='bbox 1479 4091 1656 4147; x_wconf 89' lang='lat' dir='ltr'><strong>genus</strong></span> <span class='ocrx_word' id='word_1_726' title='bbox 1679 4089 1735 4132; x_wconf 90' lang='lat' dir='ltr'><strong>et</strong></span> <span class='ocrx_word' id='word_1_727' title='bbox 1774 4076 2159 4144; x_wconf 81' lang='lat' dir='ltr'><strong>difl‘crentiam,</strong></span> <span class='ocrx_word' id='word_1_728' title='bbox 2186 4094 2252 4132; x_wconf 81' lang='lat' dir='ltr'><strong>ex</strong></span> <span class='ocrx_word' id='word_1_729' title='bbox 2281 4078 2481 4147; x_wconf 88' lang='lat' dir='ltr'><strong>quibus</strong></span> <span class='ocrx_word' id='word_1_730' title='bbox 2511 4086 2696 4147; x_wconf 83' lang='lat' dir='ltr'><strong>posset</strong></span> <span class='ocrx_word' id='word_1_731' title='bbox 2738 4078 3018 4146; x_wconf 78' lang='lat' dir='ltr'><strong>cognosci,</strong></span> <span class='ocrx_word' id='word_1_732' title='bbox 3053 4076 3292 4131; x_wconf 87' lang='lat' dir='ltr'><strong>describi</strong></span> <span class='ocrx_word' id='word_1_733' title='bbox 3323 4089 3419 4129; x_wconf 83' lang='lat' dir='ltr'><strong>seu</strong></span> 
     </span>
    </p>
   </div>
   <div class='ocr_carea' id='block_1_55' title="bbox 156 4150 2457 4206">
    <p class='ocr_par' dir='ltr' id='par_1_55' title="bbox 156 4150 2457 4206">
     <span class='ocr_line' id='line_1_56' title="bbox 156 4150 2457 4206; baseline -0.007 0"><span class='ocrx_word' id='word_1_734' title='bbox 156 4150 376 4206; x_wconf 84' lang='lat' dir='ltr'><strong>deliniri</strong></span> <span class='ocrx_word' id='word_1_735' title='bbox 407 4165 469 4203; x_wconf 89' lang='lat' dir='ltr'><strong>ac</strong></span> <span class='ocrx_word' id='word_1_736' title='bbox 493 4151 710 4205; x_wconf 85' lang='lat' dir='ltr'><strong>uotifica</strong></span> <span class='ocrx_word' id='word_1_737' title='bbox 721 4151 786 4202; x_wconf 90' lang='lat' dir='ltr'><strong>ri.</strong></span> <span class='ocrx_word' id='word_1_738' title='bbox 2454 4176 2457 4177; x_wconf 46' lang='grc' dir='ltr'><em>ν</em></span> 
     </span>
    </p>
   </div>
   <div class='ocr_carea' id='block_1_56' title="bbox 235 4215 3419 4289">
    <p class='ocr_par' dir='ltr' id='par_1_56' title="bbox 235 4215 3419 4289">
     <span class='ocr_line' id='line_1_57' title="bbox 235 4215 3419 4289; baseline -0.001 -16"><span class='ocrx_word' id='word_1_739' title='bbox 235 4219 329 4273; x_wconf 82' lang='lat' dir='ltr'><strong>Vis</strong></span> <span class='ocrx_word' id='word_1_740' title='bbox 360 4222 636 4276; x_wconf 87' lang='lat' dir='ltr'><strong>rationum</strong></span> <span class='ocrx_word' id='word_1_741' title='bbox 666 4221 729 4274; x_wconf 92' lang='lat' dir='ltr'><strong>D.</strong></span> <span class='ocrx_word' id='word_1_742' title='bbox 760 4218 982 4273; x_wconf 58' lang='lat' dir='ltr'><strong>Thomas</strong></span> <span class='ocrx_word' id='word_1_743' title='bbox 1025 4219 1080 4273; x_wconf 87' lang='lat' dir='ltr'><strong>in</strong></span> <span class='ocrx_word' id='word_1_744' title='bbox 1108 4218 1214 4274; x_wconf 87' lang='lat' dir='ltr'><strong>hoc</strong></span> <span class='ocrx_word' id='word_1_745' title='bbox 1253 4218 1540 4285; x_wconf 88' lang='lat' dir='ltr'><strong>fundatur,</strong></span> <span class='ocrx_word' id='word_1_746' title='bbox 1573 4220 1717 4288; x_wconf 87' lang='lat' dir='ltr'><strong>quod</strong></span> <span class='ocrx_word' id='word_1_747' title='bbox 1763 4221 2018 4275; x_wconf 88' lang='lat' dir='ltr'><strong>nimirum</strong></span> <span class='ocrx_word' id='word_1_748' title='bbox 2046 4219 2289 4289; x_wconf 82' lang='lat' dir='ltr'><strong>cognitio</strong></span> <span class='ocrx_word' id='word_1_749' title='bbox 2333 4220 2426 4272; x_wconf 89' lang='lat' dir='ltr'><strong>fiat</strong></span> <span class='ocrx_word' id='word_1_750' title='bbox 2459 4233 2557 4288; x_wconf 89' lang='lat' dir='ltr'><strong>per</strong></span> <span class='ocrx_word' id='word_1_751' title='bbox 2590 4215 2823 4273; x_wconf 86' lang='lat' dir='ltr'><strong>formam</strong></span> <span class='ocrx_word' id='word_1_752' title='bbox 2855 4232 2949 4272; x_wconf 90' lang='lat' dir='ltr'><strong>seu</strong></span> <span class='ocrx_word' id='word_1_753' title='bbox 2985 4216 3225 4289; x_wconf 88' lang='lat' dir='ltr'><strong>speciem</strong></span> <span class='ocrx_word' id='word_1_754' title='bbox 3260 4224 3314 4271; x_wconf 92' lang='lat' dir='ltr'><strong>et</strong></span> <span class='ocrx_word' id='word_1_755' title='bbox 3344 4216 3419 4289; x_wconf 82' lang='lat' dir='ltr'><strong>si-</strong></span> 
     </span>
    </p>
   </div>
   <div class='ocr_carea' id='block_1_57' title="bbox 156 4288 3417 4361">
    <p class='ocr_par' dir='ltr' id='par_1_57' title="bbox 156 4288 3417 4361">
     <span class='ocr_line' id='line_1_58' title="bbox 156 4288 3417 4361; baseline -0.002 -15"><span class='ocrx_word' id='word_1_756' title='bbox 156 4291 533 4350; x_wconf 88' lang='lat' dir='ltr'><strong>militudinem</strong></span> <span class='ocrx_word' id='word_1_757' title='bbox 555 4292 782 4361; x_wconf 82' lang='lat' dir='ltr'><strong>cogniti,</strong></span> <span class='ocrx_word' id='word_1_758' title='bbox 818 4290 978 4361; x_wconf 87' lang='lat' dir='ltr'><strong>idque</strong></span> <span class='ocrx_word' id='word_1_759' title='bbox 1004 4290 1313 4359; x_wconf 89' lang='lat' dir='ltr'><strong>dupliciter.</strong></span> <span class='ocrx_word' id='word_1_760' title='bbox 1338 4289 1541 4357; x_wconf 74' lang='lat' dir='ltr'><strong>Primo,</strong></span> <span class='ocrx_word' id='word_1_761' title='bbox 1574 4306 1672 4360; x_wconf 86' lang='lat' dir='ltr'><strong>per</strong></span> <span class='ocrx_word' id='word_1_762' title='bbox 1699 4293 1975 4361; x_wconf 90' lang='lat' dir='ltr'><strong>propriam</strong></span> <span class='ocrx_word' id='word_1_763' title='bbox 2010 4288 2239 4345; x_wconf 84' lang='lat' dir='ltr'><strong>formam</strong></span> <span class='ocrx_word' id='word_1_764' title='bbox 2269 4308 2362 4345; x_wconf 87' lang='lat' dir='ltr'><strong>seu</strong></span> <span class='ocrx_word' id='word_1_765' title='bbox 2386 4305 2648 4360; x_wconf 82' lang='lat' dir='ltr'><strong>spectem,</strong></span> <span class='ocrx_word' id='word_1_766' title='bbox 2680 4292 2835 4356; x_wconf 81' lang='lat' dir='ltr'><strong>juxta</strong></span> <span class='ocrx_word' id='word_1_767' title='bbox 2861 4290 2994 4343; x_wconf 90' lang='lat' dir='ltr'><strong>illud</strong></span> <span class='ocrx_word' id='word_1_768' title='bbox 3035 4288 3417 4361; x_wconf 68' lang='lat' dir='ltr'><strong>philosophi:</strong></span> 
     </span>
    </p>
   </div>
   <div class='ocr_carea' id='block_1_58' title="bbox 161 4358 3421 4432">
    <p class='ocr_par' dir='ltr' id='par_1_58' title="bbox 161 4358 3421 4432">
     <span class='ocr_line' id='line_1_59' title="bbox 161 4358 3421 4432; baseline -0.002 -15"><span class='ocrx_word' id='word_1_769' title='bbox 161 4383 182 4417; x_wconf 76' lang='grc' dir='ltr'><strong>ι</strong></span> <span class='ocrx_word' id='word_1_770' title='bbox 217 4363 384 4430; x_wconf 80' lang='lat' dir='ltr'><strong>Lapis</strong></span> <span class='ocrx_word' id='word_1_771' title='bbox 420 4377 529 4415; x_wconf 90' lang='lat' dir='ltr'><strong>non</strong></span> <span class='ocrx_word' id='word_1_772' title='bbox 558 4358 649 4432; x_wconf 54' lang='lat' dir='ltr'><strong>est‘</strong></span> <span class='ocrx_word' id='word_1_773' title='bbox 674 4363 726 4414; x_wconf 94' lang='lat' dir='ltr'><strong>in</strong></span> <span class='ocrx_word' id='word_1_774' title='bbox 769 4360 974 4432; x_wconf 88' lang='lat' dir='ltr'><strong>anima,</strong></span> <span class='ocrx_word' id='word_1_775' title='bbox 1001 4358 1096 4414; x_wconf 87' lang='lat' dir='ltr'><strong>sed</strong></span> <span class='ocrx_word' id='word_1_776' title='bbox 1124 4366 1340 4431; x_wconf 84' lang='lat' dir='ltr'><strong>species</strong></span> <span class='ocrx_word' id='word_1_777' title='bbox 1365 4362 1503 4428; x_wconf 85' lang='lat' dir='ltr'><strong>ejus.</strong></span> <span class='ocrx_word' id='word_1_778' title='bbox 1543 4358 1872 4427; x_wconf 31' lang='lat' dir='ltr'><strong>i‘Secundo,</strong></span> <span class='ocrx_word' id='word_1_779' title='bbox 1904 4378 2001 4432; x_wconf 90' lang='lat' dir='ltr'><strong>per</strong></span> <span class='ocrx_word' id='word_1_780' title='bbox 2038 4366 2274 4416; x_wconf 87' lang='lat' dir='ltr'><strong>formam</strong></span> <span class='ocrx_word' id='word_1_781' title='bbox 2301 4358 2527 4415; x_wconf 82' lang='lat' dir='ltr'><strong>alterius</strong></span> <span class='ocrx_word' id='word_1_782' title='bbox 2554 4361 2749 4414; x_wconf 88' lang='lat' dir='ltr'><strong>similis</strong></span> <span class='ocrx_word' id='word_1_783' title='bbox 2779 4360 2999 4432; x_wconf 59' lang='lat' dir='ltr'><strong>sibjLut</strong></span> <span class='ocrx_word' id='word_1_784' title='bbox 3022 4374 3186 4432; x_wconf 84' lang='lat' dir='ltr'><strong>causa</strong></span> <span class='ocrx_word' id='word_1_785' title='bbox 3216 4373 3315 4427; x_wconf 90' lang='lat' dir='ltr'><strong>per</strong></span> <span class='ocrx_word' id='word_1_786' title='bbox 3343 4358 3421 4432; x_wconf 84' lang='lat' dir='ltr'><strong>si-</strong></span> 
     </span>
    </p>
   </div>
   <div class='ocr_carea' id='block_1_59' title="bbox 153 4429 3419 4503">
    <p class='ocr_par' dir='ltr' id='par_1_59' title="bbox 153 4429 3419 4503">
     <span class='ocr_line' id='line_1_60' title="bbox 153 4429 3419 4503; baseline -0.001 -18"><span class='ocrx_word' id='word_1_787' title='bbox 153 4429 518 4503; x_wconf 86' lang='lat' dir='ltr'><strong>militudinem</strong></span> <span class='ocrx_word' id='word_1_788' title='bbox 536 4431 760 4487; x_wconf 82' lang='lat' dir='ltr'><strong>effectus</strong></span> <span class='ocrx_word' id='word_1_789' title='bbox 790 4429 893 4495; x_wconf 90' lang='lat' dir='ltr'><strong>sui,</strong></span> <span class='ocrx_word' id='word_1_790' title='bbox 910 4442 965 4484; x_wconf 91' lang='lat' dir='ltr'><strong>et</strong></span> <span class='ocrx_word' id='word_1_791' title='bbox 982 4432 1140 4503; x_wconf 77' lang='lat' dir='ltr'><strong>homo</strong></span> <span class='ocrx_word' id='word_1_792' title='bbox 1157 4429 1262 4501; x_wconf 84' lang='lat' dir='ltr'><strong>per</strong></span> <span class='ocrx_word' id='word_1_793' title='bbox 1276 4432 1503 4486; x_wconf 88' lang='lat' dir='ltr'><strong>formam</strong></span> <span class='ocrx_word' id='word_1_794' title='bbox 1533 4447 1644 4487; x_wconf 62' lang='lat' dir='ltr'><strong>sua:</strong></span> <span class='ocrx_word' id='word_1_795' title='bbox 1672 4429 1940 4503; x_wconf 78' lang='lat' dir='ltr'><strong>imaginis.</strong></span> <span class='ocrx_word' id='word_1_796' title='bbox 1965 4433 2259 4501; x_wconf 85' lang='lat' dir='ltr'><strong>Porro,per</strong></span> <span class='ocrx_word' id='word_1_797' title='bbox 2282 4433 2555 4503; x_wconf 82' lang='lat' dir='ltr'><strong>propriam</strong></span> <span class='ocrx_word' id='word_1_798' title='bbox 2575 4434 2805 4487; x_wconf 87' lang='lat' dir='ltr'><strong>formam</strong></span> <span class='ocrx_word' id='word_1_799' title='bbox 2829 4430 2996 4501; x_wconf 80' lang='lat'><strong>578</strong></span> <span class='ocrx_word' id='word_1_800' title='bbox 3022 4430 3227 4498; x_wconf 88' lang='lat' dir='ltr'><strong>aliquid</strong></span> <span class='ocrx_word' id='word_1_801' title='bbox 3243 4429 3419 4497; x_wconf 86' lang='lat' dir='ltr'><strong>dupli-</strong></span> 
     </span>
    </p>
   </div>
   <div class='ocr_carea' id='block_1_60' title="bbox 154 4500 3417 4573">
    <p class='ocr_par' dir='ltr' id='par_1_60' title="bbox 154 4500 3417 4573">
     <span class='ocr_line' id='line_1_61' title="bbox 154 4500 3417 4573; baseline -0.001 -15"><span class='ocrx_word' id='word_1_802' title='bbox 154 4507 300 4559; x_wconf 90' lang='lat' dir='ltr'><strong>citer</strong></span> <span class='ocrx_word' id='word_1_803' title='bbox 325 4501 543 4557; x_wconf 81' lang='lat' dir='ltr'><strong>videtur</strong></span> <span class='ocrx_word' id='word_1_804' title='bbox 574 4519 588 4556; x_wconf 88' lang='lat'><strong>:</strong></span> <span class='ocrx_word' id='word_1_805' title='bbox 623 4503 830 4567; x_wconf 84' lang='lat' dir='ltr'><strong>Primo,</strong></span> <span class='ocrx_word' id='word_1_806' title='bbox 862 4516 961 4573; x_wconf 80' lang='lat' dir='ltr'><strong>per</strong></span> <span class='ocrx_word' id='word_1_807' title='bbox 987 4500 1224 4557; x_wconf 85' lang='lat' dir='ltr'><strong>formam</strong></span> <span class='ocrx_word' id='word_1_808' title='bbox 1255 4518 1376 4571; x_wconf 75' lang='lat' dir='ltr'><strong>qua:</strong></span> <span class='ocrx_word' id='word_1_809' title='bbox 1411 4512 1494 4556; x_wconf 88' lang='lat' dir='ltr'><strong>est</strong></span> <span class='ocrx_word' id='word_1_810' title='bbox 1524 4504 1754 4571; x_wconf 88' lang='lat' dir='ltr'><strong>ipsamet</strong></span> <span class='ocrx_word' id='word_1_811' title='bbox 1786 4500 1894 4568; x_wconf 76' lang='lat' dir='ltr'><strong>res,</strong></span> <span class='ocrx_word' id='word_1_812' title='bbox 1926 4500 2393 4573; x_wconf 81' lang='lat' dir='ltr'><strong>quemadmodum</strong></span> <span class='ocrx_word' id='word_1_813' title='bbox 2419 4501 2561 4557; x_wconf 91' lang='lat' dir='ltr'><strong>Deus</strong></span> <span class='ocrx_word' id='word_1_814' title='bbox 2599 4516 2877 4570; x_wconf 77' lang='lat' dir='ltr'><strong>cognoscu</strong></span> <span class='ocrx_word' id='word_1_815' title='bbox 2916 4520 2974 4555; x_wconf 86' lang='lat' dir='ltr'><strong>se</strong></span> <span class='ocrx_word' id='word_1_816' title='bbox 3017 4517 3114 4572; x_wconf 89' lang='lat' dir='ltr'><strong>per</strong></span> <span class='ocrx_word' id='word_1_817' title='bbox 3145 4515 3298 4554; x_wconf 89' lang='lat' dir='ltr'><strong>suam</strong></span> <span class='ocrx_word' id='word_1_818' title='bbox 3328 4514 3417 4554; x_wconf 86' lang='lat' dir='ltr'><strong>es-</strong></span> 
     </span>
    </p>
   </div>
   <div class='ocr_carea' id='block_1_61' title="bbox 154 4572 3415 4643">
    <p class='ocr_par' dir='ltr' id='par_1_61' title="bbox 154 4572 3415 4643">
     <span class='ocr_line' id='line_1_62' title="bbox 154 4572 3415 4643; baseline -0.002 -14"><span class='ocrx_word' id='word_1_819' title='bbox 154 4574 421 4637; x_wconf 88' lang='lat' dir='ltr'><strong>sentiam,</strong></span> <span class='ocrx_word' id='word_1_820' title='bbox 456 4574 712 4627; x_wconf 91' lang='lat' dir='ltr'><strong>similiter</strong></span> <span class='ocrx_word' id='word_1_821' title='bbox 754 4572 984 4641; x_wconf 78' lang='lat' dir='ltr'><strong>angelus</strong></span> <span class='ocrx_word' id='word_1_822' title='bbox 1027 4586 1125 4642; x_wconf 89' lang='lat' dir='ltr'><strong>per</strong></span> <span class='ocrx_word' id='word_1_823' title='bbox 1158 4576 1434 4642; x_wconf 88' lang='lat' dir='ltr'><strong>propriam</strong></span> <span class='ocrx_word' id='word_1_824' title='bbox 1468 4576 1762 4627; x_wconf 84' lang='lat' dir='ltr'><strong>essentiam</strong></span> <span class='ocrx_word' id='word_1_825' title='bbox 1811 4572 2093 4643; x_wconf 87' lang='lat' dir='ltr'><strong>cognoscit</strong></span> <span class='ocrx_word' id='word_1_826' title='bbox 2119 4577 2388 4643; x_wconf 86' lang='lat' dir='ltr'><strong>seipsum;</strong></span> <span class='ocrx_word' id='word_1_827' title='bbox 2433 4577 2696 4639; x_wconf 89' lang='lat' dir='ltr'><strong>secundo,</strong></span> <span class='ocrx_word' id='word_1_828' title='bbox 2726 4589 2824 4642; x_wconf 89' lang='lat' dir='ltr'><strong>per</strong></span> <span class='ocrx_word' id='word_1_829' title='bbox 2853 4574 3079 4626; x_wconf 84' lang='lat' dir='ltr'><strong>formam</strong></span> <span class='ocrx_word' id='word_1_830' title='bbox 3115 4586 3246 4643; x_wconf 78' lang='lat' dir='ltr'><strong>qua:</strong></span> <span class='ocrx_word' id='word_1_831' title='bbox 3275 4579 3359 4623; x_wconf 88' lang='lat' dir='ltr'><strong>est</strong></span> <span class='ocrx_word' id='word_1_832' title='bbox 3385 4586 3415 4622; x_wconf 91' lang='lat' dir='ltr'><strong>a</strong></span> 
     </span>
    </p>
   </div>
   <div class='ocr_carea' id='block_1_62' title="bbox 155 4641 3415 4713">
    <p class='ocr_par' dir='ltr' id='par_1_62' title="bbox 155 4641 3415 4713">
     <span class='ocr_line' id='line_1_63' title="bbox 155 4641 3415 4713; baseline -0.002 -15"><span class='ocrx_word' id='word_1_833' title='bbox 155 4661 217 4698; x_wconf 87' lang='lat' dir='ltr'><strong>re</strong></span> <span class='ocrx_word' id='word_1_834' title='bbox 252 4645 392 4711; x_wconf 87' lang='lat' dir='ltr'><strong>ipsa,</strong></span> <span class='ocrx_word' id='word_1_835' title='bbox 422 4645 537 4699; x_wconf 87' lang='lat' dir='ltr'><strong>sive</strong></span> <span class='ocrx_word' id='word_1_836' title='bbox 565 4646 638 4699; x_wconf 89' lang='lat' dir='ltr'><strong>sit</strong></span> <span class='ocrx_word' id='word_1_837' title='bbox 678 4645 955 4698; x_wconf 87' lang='lat' dir='ltr'><strong>abstracta</strong></span> <span class='ocrx_word' id='word_1_838' title='bbox 986 4641 1118 4697; x_wconf 34' lang='lat' dir='ltr'><strong>a’re</strong></span> <span class='ocrx_word' id='word_1_839' title='bbox 1154 4641 1290 4711; x_wconf 87' lang='lat' dir='ltr'><strong>ipsa,</strong></span> <span class='ocrx_word' id='word_1_840' title='bbox 1327 4654 1384 4697; x_wconf 91' lang='lat' dir='ltr'><strong>ut</strong></span> <span class='ocrx_word' id='word_1_841' title='bbox 1417 4645 1636 4712; x_wconf 85' lang='lat' dir='ltr'><strong>quando</strong></span> <span class='ocrx_word' id='word_1_842' title='bbox 1677 4646 1849 4699; x_wconf 86' lang='lat' dir='ltr'><strong>forma</strong></span> <span class='ocrx_word' id='word_1_843' title='bbox 1882 4641 1977 4699; x_wconf 67' lang='lat' dir='ltr'><strong>Seu</strong></span> <span class='ocrx_word' id='word_1_844' title='bbox 2014 4641 2379 4711; x_wconf 78' lang='lat' dir='ltr'><strong>intelligibilis</strong></span> <span class='ocrx_word' id='word_1_845' title='bbox 2420 4647 2638 4713; x_wconf 85' lang='lat' dir='ltr'><strong>species</strong></span> <span class='ocrx_word' id='word_1_846' title='bbox 2677 4641 2760 4698; x_wconf 80' lang='lat' dir='ltr'><strong>est</strong></span> <span class='ocrx_word' id='word_1_847' title='bbox 2800 4641 3213 4697; x_wconf 84' lang='lat' dir='ltr'><strong>imntatertalior</strong></span> <span class='ocrx_word' id='word_1_848' title='bbox 3252 4654 3415 4713; x_wconf 87' lang='lat' dir='ltr'><strong>quam</strong></span> 
     </span>
    </p>
   </div>
   <div class='ocr_carea' id='block_1_63' title="bbox 152 4709 3417 4784">
    <p class='ocr_par' dir='ltr' id='par_1_63' title="bbox 152 4709 3417 4784">
     <span class='ocr_line' id='line_1_64' title="bbox 152 4709 3417 4784; baseline -0.002 -15"><span class='ocrx_word' id='word_1_849' title='bbox 152 4709 283 4783; x_wconf 76' lang='lat' dir='ltr'><strong>ipsa</strong></span> <span class='ocrx_word' id='word_1_850' title='bbox 310 4729 423 4778; x_wconf 88' lang='lat' dir='ltr'><strong>res,</strong></span> <span class='ocrx_word' id='word_1_851' title='bbox 456 4723 513 4767; x_wconf 91' lang='lat' dir='ltr'><strong>ut</strong></span> <span class='ocrx_word' id='word_1_852' title='bbox 539 4714 750 4783; x_wconf 88' lang='lat' dir='ltr'><strong>species</strong></span> <span class='ocrx_word' id='word_1_853' title='bbox 780 4714 975 4782; x_wconf 87' lang='lat' dir='ltr'><strong>lapidis</strong></span> <span class='ocrx_word' id='word_1_854' title='bbox 1005 4709 1329 4768; x_wconf 76' lang='lat' dir='ltr'><strong>abstractaa</strong></span> <span class='ocrx_word' id='word_1_855' title='bbox 1364 4709 1577 4782; x_wconf 78' lang='lat' dir='ltr'><strong>lapide;</strong></span> <span class='ocrx_word' id='word_1_856' title='bbox 1601 4714 1719 4769; x_wconf 86' lang='lat' dir='ltr'><strong>sive</strong></span> <span class='ocrx_word' id='word_1_857' title='bbox 1741 4716 1813 4769; x_wconf 92' lang='lat' dir='ltr'><strong>sit</strong></span> <span class='ocrx_word' id='word_1_858' title='bbox 1844 4717 2107 4783; x_wconf 88' lang='lat' dir='ltr'><strong>impressa</strong></span> <span class='ocrx_word' id='word_1_859' title='bbox 2134 4709 2547 4784; x_wconf 41' lang='lat' dir='ltr'><strong>itit—elligetitt&#39;ab</strong></span> <span class='ocrx_word' id='word_1_860' title='bbox 2578 4714 2873 4779; x_wconf 90' lang='lat' dir='ltr'><strong>intellecto,</strong></span> <span class='ocrx_word' id='word_1_861' title='bbox 2906 4723 2963 4766; x_wconf 88' lang='lat' dir='ltr'><strong>ut</strong></span> <span class='ocrx_word' id='word_1_862' title='bbox 2985 4722 3109 4784; x_wconf 89' lang='lat' dir='ltr'><strong>dum</strong></span> <span class='ocrx_word' id='word_1_863' title='bbox 3142 4709 3417 4784; x_wconf 9' lang='lat' dir='ltr'><strong>ressintele</strong></span> 
     </span>
    </p>
   </div>
   <div class='ocr_carea' id='block_1_64' title="bbox 152 4782 3417 4856">
    <p class='ocr_par' dir='ltr' id='par_1_64' title="bbox 152 4782 3417 4856">
     <span class='ocr_line' id='line_1_65' title="bbox 152 4782 3417 4856; baseline -0.001 -18"><span class='ocrx_word' id='word_1_864' title='bbox 152 4782 297 4838; x_wconf 85' lang='lat' dir='ltr'><strong>lecta</strong></span> <span class='ocrx_word' id='word_1_865' title='bbox 324 4782 627 4853; x_wconf 84' lang='lat' dir='ltr'><strong>simpliciOr</strong></span> <span class='ocrx_word' id='word_1_866' title='bbox 648 4797 734 4840; x_wconf 92' lang='lat' dir='ltr'><strong>est</strong></span> <span class='ocrx_word' id='word_1_867' title='bbox 765 4799 927 4856; x_wconf 88' lang='lat' dir='ltr'><strong>quam</strong></span> <span class='ocrx_word' id='word_1_868' title='bbox 957 4787 1166 4854; x_wconf 84' lang='lat' dir='ltr'><strong>species</strong></span> <span class='ocrx_word' id='word_1_869' title='bbox 1189 4785 1329 4853; x_wconf 88' lang='lat' dir='ltr'><strong>ejus,</strong></span> <span class='ocrx_word' id='word_1_870' title='bbox 1357 4784 1498 4839; x_wconf 87' lang='lat' dir='ltr'><strong>sicut</strong></span> <span class='ocrx_word' id='word_1_871' title='bbox 1520 4788 1817 4839; x_wconf 88' lang='lat' dir='ltr'><strong>secundum</strong></span> <span class='ocrx_word' id='word_1_872' title='bbox 1846 4782 2204 4852; x_wconf 81' lang='lat' dir='ltr'><strong>Avicennam,</strong></span> <span class='ocrx_word' id='word_1_873' title='bbox 2230 4782 2537 4840; x_wconf 77' lang='lat' dir='ltr'><strong>intellectus</strong></span> <span class='ocrx_word' id='word_1_874' title='bbox 2554 4788 2824 4841; x_wconf 86' lang='lat' dir='ltr'><strong>humanus</strong></span> <span class='ocrx_word' id='word_1_875' title='bbox 2857 4783 3138 4854; x_wconf 83' lang='lat' dir='ltr'><strong>cognoscit</strong></span> <span class='ocrx_word' id='word_1_876' title='bbox 3163 4782 3417 4836; x_wconf 84' lang='lat' dir='ltr'><strong>substan-</strong></span> 
     </span>
    </p>
   </div>
   <div class='ocr_carea' id='block_1_65' title="bbox 155 4855 1697 4925">
    <p class='ocr_par' dir='ltr' id='par_1_65' title="bbox 155 4855 1697 4925">
     <span class='ocr_line' id='line_1_66' title="bbox 155 4855 1697 4925; baseline 0 -17"><span class='ocrx_word' id='word_1_877' title='bbox 155 4866 261 4909; x_wconf 82' lang='lat' dir='ltr'><strong>tias</strong></span> <span class='ocrx_word' id='word_1_878' title='bbox 304 4864 583 4925; x_wconf 88' lang='lat' dir='ltr'><strong>separatas</strong></span> <span class='ocrx_word' id='word_1_879' title='bbox 611 4871 707 4924; x_wconf 90' lang='lat' dir='ltr'><strong>per</strong></span> <span class='ocrx_word' id='word_1_880' title='bbox 746 4855 1159 4925; x_wconf 85' lang='lat' dir='ltr'><strong>impressionem</strong></span> <span class='ocrx_word' id='word_1_881' title='bbox 1190 4870 1374 4908; x_wconf 88' lang='lat' dir='ltr'><strong>earum</strong></span> <span class='ocrx_word' id='word_1_882' title='bbox 1417 4855 1469 4907; x_wconf 92' lang='lat' dir='ltr'><strong>in</strong></span> <span class='ocrx_word' id='word_1_883' title='bbox 1499 4856 1697 4923; x_wconf 85' lang='lat' dir='ltr'><strong>ipsum.</strong></span> 
     </span>
    </p>
   </div>
   <div class='ocr_carea' id='block_1_66' title="bbox 225 4922 3415 4996">
    <p class='ocr_par' dir='ltr' id='par_1_66' title="bbox 225 4922 3415 4996">
     <span class='ocr_line' id='line_1_67' title="bbox 225 4922 3415 4996; baseline -0.001 -16"><span class='ocrx_word' id='word_1_884' title='bbox 225 4922 380 4980; x_wconf 59' lang='lat' dir='ltr'><strong>Cum&#39;</strong></span> <span class='ocrx_word' id='word_1_885' title='bbox 414 4922 887 4995; x_wconf 46' lang='lat' dir='ltr'><strong>itaque—Dentium</strong></span> <span class='ocrx_word' id='word_1_886' title='bbox 934 4926 1036 4981; x_wconf 88' lang='lat' dir='ltr'><strong>hac</strong></span> <span class='ocrx_word' id='word_1_887' title='bbox 1071 4927 1185 4979; x_wconf 85' lang='lat' dir='ltr'><strong>vita</strong></span> <span class='ocrx_word' id='word_1_888' title='bbox 1215 4941 1322 4980; x_wconf 94' lang='lat' dir='ltr'><strong>non</strong></span> <span class='ocrx_word' id='word_1_889' title='bbox 1364 4922 1759 4993; x_wconf 83' lang='lat' dir='ltr'><strong>cognoscamus</strong></span> <span class='ocrx_word' id='word_1_890' title='bbox 1795 4925 1901 4980; x_wconf 83' lang='lat' dir='ltr'><strong>nisi</strong></span> <span class='ocrx_word' id='word_1_891' title='bbox 1948 4942 2045 4996; x_wconf 89' lang='lat' dir='ltr'><strong>per</strong></span> <span class='ocrx_word' id='word_1_892' title='bbox 2090 4941 2217 4981; x_wconf 89' lang='lat' dir='ltr'><strong>suos</strong></span> <span class='ocrx_word' id='word_1_893' title='bbox 2246 4925 2491 4994; x_wconf 82' lang='lat' dir='ltr'><strong>effectus,</strong></span> <span class='ocrx_word' id='word_1_894' title='bbox 2536 4924 2626 4993; x_wconf 92' lang='lat' dir='ltr'><strong>qui</strong></span> <span class='ocrx_word' id='word_1_895' title='bbox 2661 4941 2691 4980; x_wconf 88' lang='lat' dir='ltr'><strong>a</strong></span> <span class='ocrx_word' id='word_1_896' title='bbox 2732 4925 2889 4995; x_wconf 89' lang='lat' dir='ltr'><strong>plena</strong></span> <span class='ocrx_word' id='word_1_897' title='bbox 2933 4922 3415 4996; x_wconf 80' lang='lat' dir='ltr'><strong>repraesentatione</strong></span> 
     </span>
    </p>
   </div>
   <div class='ocr_carea' id='block_1_67' title="bbox 152 4992 3411 5067">
    <p class='ocr_par' dir='ltr' id='par_1_67' title="bbox 152 4992 3411 5067">
     <span class='ocr_line' id='line_1_68' title="bbox 152 4992 3411 5067; baseline -0.002 -14"><span class='ocrx_word' id='word_1_898' title='bbox 152 4998 357 5053; x_wconf 73' lang='lat' dir='ltr'><strong>divina:</strong></span> <span class='ocrx_word' id='word_1_899' title='bbox 380 4992 632 5051; x_wconf 57' lang='lat' dir='ltr'><strong>essentiam</strong></span> <span class='ocrx_word' id='word_1_900' title='bbox 655 4997 915 5051; x_wconf 87' lang='lat' dir='ltr'><strong>deficiunt</strong></span> <span class='ocrx_word' id='word_1_901' title='bbox 942 4998 1174 5067; x_wconf 81' lang='lat' dir='ltr'><strong>mfintte,</strong></span> <span class='ocrx_word' id='word_1_902' title='bbox 1217 5010 1397 5066; x_wconf 90' lang='lat' dir='ltr'><strong>neque</strong></span> <span class='ocrx_word' id='word_1_903' title='bbox 1427 4992 1716 5064; x_wconf 72' lang='lat' dir='ltr'><strong>adaequant</strong></span> <span class='ocrx_word' id='word_1_904' title='bbox 1743 4992 2039 5066; x_wconf 70' lang='lat' dir='ltr'><strong>potentiam</strong></span> <span class='ocrx_word' id='word_1_905' title='bbox 2095 5001 2364 5053; x_wconf 86' lang='lat' dir='ltr'><strong>creatoris</strong></span> <span class='ocrx_word' id='word_1_906' title='bbox 2400 4992 2532 5067; x_wconf 83' lang='lat' dir='ltr'><strong>(into</strong></span> <span class='ocrx_word' id='word_1_907' title='bbox 2551 4992 2626 5051; x_wconf 73' lang='lat' dir='ltr'><strong>ab</strong></span> <span class='ocrx_word' id='word_1_908' title='bbox 2656 4992 3035 5067; x_wconf 63' lang='lat' dir='ltr'><strong>adiequatione</strong></span> <span class='ocrx_word' id='word_1_909' title='bbox 3065 5012 3129 5048; x_wconf 88' lang='lat' dir='ltr'><strong>ac</strong></span> <span class='ocrx_word' id='word_1_910' title='bbox 3166 4992 3411 5063; x_wconf 84' lang='lat' dir='ltr'><strong>perfecta</strong></span> 
     </span>
    </p>
   </div>
   <div class='ocr_carea' id='block_1_68' title="bbox 151 5066 3408 5140">
    <p class='ocr_par' dir='ltr' id='par_1_68' title="bbox 151 5066 3408 5140">
     <span class='ocr_line' id='line_1_69' title="bbox 151 5066 3408 5140; baseline -0.002 -17"><span class='ocrx_word' id='word_1_911' title='bbox 151 5069 639 5140; x_wconf 59' lang='lat' dir='ltr'><strong>reprtesentatione</strong></span> <span class='ocrx_word' id='word_1_912' title='bbox 667 5069 1077 5140; x_wconf 66' lang='lat' dir='ltr'><strong>omnipotentiae</strong></span> <span class='ocrx_word' id='word_1_913' title='bbox 1118 5066 1233 5135; x_wconf 83' lang='lat' dir='ltr'><strong>ejus</strong></span> <span class='ocrx_word' id='word_1_914' title='bbox 1264 5067 1468 5121; x_wconf 78' lang='lat' dir='ltr'><strong>distant</strong></span> <span class='ocrx_word' id='word_1_915' title='bbox 1511 5078 1675 5135; x_wconf 82' lang='lat' dir='ltr'><strong>atque</strong></span> <span class='ocrx_word' id='word_1_916' title='bbox 1702 5071 2019 5123; x_wconf 87' lang='lat' dir='ltr'><strong>desciscunt</strong></span> <span class='ocrx_word' id='word_1_917' title='bbox 2049 5070 2264 5140; x_wconf 88' lang='lat' dir='ltr'><strong>penitus</strong></span> <span class='ocrx_word' id='word_1_918' title='bbox 2294 5071 2348 5123; x_wconf 87' lang='lat' dir='ltr'><strong>itt</strong></span> <span class='ocrx_word' id='word_1_919' title='bbox 2382 5066 2731 5140; x_wconf 83' lang='lat' dir='ltr'><strong>inmtensum)</strong></span> <span class='ocrx_word' id='word_1_920' title='bbox 2760 5066 2868 5122; x_wconf 82' lang='lat' dir='ltr'><strong>neu</strong></span> <span class='ocrx_word' id='word_1_921' title='bbox 2911 5081 3204 5140; x_wconf 83' lang='lat' dir='ltr'><strong>possumus</strong></span> <span class='ocrx_word' id='word_1_922' title='bbox 3235 5067 3408 5140; x_wconf 85' lang='lat' dir='ltr'><strong>Deum</strong></span> 
     </span>
    </p>
   </div>
   <div class='ocr_carea' id='block_1_69' title="bbox 150 5136 3409 5210">
    <p class='ocr_par' dir='ltr' id='par_1_69' title="bbox 150 5136 3409 5210">
     <span class='ocr_line' id='line_1_70' title="bbox 150 5136 3409 5210; baseline -0.001 -19"><span class='ocrx_word' id='word_1_923' title='bbox 150 5136 327 5210; x_wconf 56' lang='lat' dir='ltr'><strong>in&#39;via</strong></span> <span class='ocrx_word' id='word_1_924' title='bbox 356 5152 689 5210; x_wconf 85' lang='lat' dir='ltr'><strong>cognoscere</strong></span> <span class='ocrx_word' id='word_1_925' title='bbox 712 5136 856 5193; x_wconf 84' lang='lat' dir='ltr'><strong>clare</strong></span> <span class='ocrx_word' id='word_1_926' title='bbox 888 5139 939 5190; x_wconf 90' lang='lat' dir='ltr'><strong>in</strong></span> <span class='ocrx_word' id='word_1_927' title='bbox 963 5153 1022 5192; x_wconf 90' lang='lat' dir='ltr'><strong>se</strong></span> <span class='ocrx_word' id='word_1_928' title='bbox 1049 5150 1103 5194; x_wconf 91' lang='lat' dir='ltr'><strong>et</strong></span> <span class='ocrx_word' id='word_1_929' title='bbox 1136 5141 1469 5203; x_wconf 86' lang='lat' dir='ltr'><strong>immediate,</strong></span> <span class='ocrx_word' id='word_1_930' title='bbox 1500 5152 1594 5191; x_wconf 88' lang='lat' dir='ltr'><strong>seu</strong></span> <span class='ocrx_word' id='word_1_931' title='bbox 1624 5149 1887 5208; x_wconf 84' lang='lat' dir='ltr'><strong>quantum</strong></span> <span class='ocrx_word' id='word_1_932' title='bbox 1917 5145 1985 5194; x_wconf 89' lang='lat' dir='ltr'><strong>ad</strong></span> <span class='ocrx_word' id='word_1_933' title='bbox 2018 5136 2144 5210; x_wconf 74' lang='lat' dir='ltr'><strong>quid</strong></span> <span class='ocrx_word' id='word_1_934' title='bbox 2178 5150 2278 5206; x_wconf 73' lang='lat' dir='ltr'><strong>est,</strong></span> <span class='ocrx_word' id='word_1_935' title='bbox 2311 5141 2407 5193; x_wconf 88' lang='lat' dir='ltr'><strong>sed</strong></span> <span class='ocrx_word' id='word_1_936' title='bbox 2446 5139 2619 5210; x_wconf 84' lang='lat' dir='ltr'><strong>solum</strong></span> <span class='ocrx_word' id='word_1_937' title='bbox 2662 5154 2692 5191; x_wconf 91' lang='lat' dir='ltr'><strong>a</strong></span> <span class='ocrx_word' id='word_1_938' title='bbox 2727 5136 3042 5207; x_wconf 78' lang='lat' dir='ltr'><strong>posteriori,</strong></span> <span class='ocrx_word' id='word_1_939' title='bbox 3071 5136 3127 5189; x_wconf 87' lang='lat' dir='ltr'><strong>et</strong></span> <span class='ocrx_word' id='word_1_940' title='bbox 3154 5136 3282 5205; x_wconf 86' lang='lat' dir='ltr'><strong>quia</strong></span> <span class='ocrx_word' id='word_1_941' title='bbox 3298 5142 3409 5210; x_wconf 69' lang='lat' dir='ltr'><strong>est.</strong></span> 
     </span>
    </p>
   </div>
   <div class='ocr_carea' id='block_1_70' title="bbox 152 5207 3411 5280">
    <p class='ocr_par' dir='ltr' id='par_1_70' title="bbox 152 5207 3411 5280">
     <span class='ocr_line' id='line_1_71' title="bbox 152 5207 3411 5280; baseline -0.001 -19"><span class='ocrx_word' id='word_1_942' title='bbox 152 5209 548 5264; x_wconf 82' lang='lat' dir='ltr'><strong>Verumtamen</strong></span> <span class='ocrx_word' id='word_1_943' title='bbox 593 5209 645 5263; x_wconf 89' lang='lat' dir='ltr'><strong>in</strong></span> <span class='ocrx_word' id='word_1_944' title='bbox 678 5213 781 5264; x_wconf 88' lang='lat' dir='ltr'><strong>hac</strong></span> <span class='ocrx_word' id='word_1_945' title='bbox 815 5213 1130 5278; x_wconf 81' lang='lat' dir='ltr'><strong>cegnttione</strong></span> <span class='ocrx_word' id='word_1_946' title='bbox 1160 5211 1253 5262; x_wconf 88' lang='lat' dir='ltr'><strong>Dei</strong></span> <span class='ocrx_word' id='word_1_947' title='bbox 1278 5214 1405 5275; x_wconf 87' lang='lat' dir='ltr'><strong>quia</strong></span> <span class='ocrx_word' id='word_1_948' title='bbox 1450 5218 1552 5274; x_wconf 80' lang='lat' dir='ltr'><strong>est,</strong></span> <span class='ocrx_word' id='word_1_949' title='bbox 1588 5207 1672 5264; x_wconf 90' lang='lat' dir='ltr'><strong>est</strong></span> <span class='ocrx_word' id='word_1_950' title='bbox 1715 5210 1880 5264; x_wconf 75' lang='lat' dir='ltr'><strong>etiarn</strong></span> <span class='ocrx_word' id='word_1_951' title='bbox 1914 5207 2116 5280; x_wconf 87' lang='lat' dir='ltr'><strong>gradus</strong></span> <span class='ocrx_word' id='word_1_952' title='bbox 2148 5220 2202 5266; x_wconf 90' lang='lat' dir='ltr'><strong>et</strong></span> <span class='ocrx_word' id='word_1_953' title='bbox 2247 5212 2410 5275; x_wconf 89' lang='lat' dir='ltr'><strong>ordo,</strong></span> <span class='ocrx_word' id='word_1_954' title='bbox 2450 5209 2523 5263; x_wconf 91' lang='lat' dir='ltr'><strong>ita</strong></span> <span class='ocrx_word' id='word_1_955' title='bbox 2561 5217 2617 5262; x_wconf 94' lang='lat' dir='ltr'><strong>ut</strong></span> <span class='ocrx_word' id='word_1_956' title='bbox 2662 5224 2801 5264; x_wconf 85' lang='lat' dir='ltr'><strong>unus</strong></span> <span class='ocrx_word' id='word_1_957' title='bbox 2840 5212 2936 5280; x_wconf 88' lang='lat' dir='ltr'><strong>sic</strong></span> <span class='ocrx_word' id='word_1_958' title='bbox 2962 5207 3411 5276; x_wconf 83' lang='lat' dir='ltr'><strong>cognoscentium</strong></span> 
     </span>
    </p>
   </div>
   <div class='ocr_carea' id='block_1_71' title="bbox 148 5279 3410 5350">
    <p class='ocr_par' dir='ltr' id='par_1_71' title="bbox 148 5279 3410 5350">
     <span class='ocr_line' id='line_1_72' title="bbox 148 5279 3410 5350; baseline -0.001 -17"><span class='ocrx_word' id='word_1_959' title='bbox 148 5283 349 5344; x_wconf 87' lang='lat' dir='ltr'><strong>Deum,</strong></span> <span class='ocrx_word' id='word_1_960' title='bbox 385 5289 684 5347; x_wconf 87' lang='lat' dir='ltr'><strong>cognoscat</strong></span> <span class='ocrx_word' id='word_1_961' title='bbox 710 5296 833 5335; x_wconf 93' lang='lat' dir='ltr'><strong>eum</strong></span> <span class='ocrx_word' id='word_1_962' title='bbox 876 5281 1047 5335; x_wconf 90' lang='lat' dir='ltr'><strong>multo</strong></span> <span class='ocrx_word' id='word_1_963' title='bbox 1083 5281 1381 5349; x_wconf 88' lang='lat' dir='ltr'><strong>perfectius</strong></span> <span class='ocrx_word' id='word_1_964' title='bbox 1422 5290 1477 5335; x_wconf 90' lang='lat' dir='ltr'><strong>et</strong></span> <span class='ocrx_word' id='word_1_965' title='bbox 1512 5280 1715 5333; x_wconf 89' lang='lat' dir='ltr'><strong>clarius</strong></span> <span class='ocrx_word' id='word_1_966' title='bbox 1754 5279 2125 5350; x_wconf 32' lang='lat' dir='ltr'><strong>quam’alius;</strong></span> <span class='ocrx_word' id='word_1_967' title='bbox 2163 5296 2327 5336; x_wconf 87' lang='lat' dir='ltr'><strong>causa</strong></span> <span class='ocrx_word' id='word_1_968' title='bbox 2360 5294 2599 5348; x_wconf 82' lang='lat' dir='ltr'><strong>namque</strong></span> <span class='ocrx_word' id='word_1_969' title='bbox 2627 5296 2693 5334; x_wconf 82' lang='lat' dir='ltr'><strong>ex</strong></span> <span class='ocrx_word' id='word_1_970' title='bbox 2739 5296 2837 5334; x_wconf 88' lang='lat' dir='ltr'><strong>suo</strong></span> <span class='ocrx_word' id='word_1_971' title='bbox 2863 5279 3059 5335; x_wconf 85' lang='lat' dir='ltr'><strong>effectu</strong></span> <span class='ocrx_word' id='word_1_972' title='bbox 3105 5289 3410 5350; x_wconf 79' lang='lat' dir='ltr'><strong>tanto_per-</strong></span> 
     </span>
    </p>
   </div>
   <div class='ocr_carea' id='block_1_72' title="bbox 148 5346 3411 5421">
    <p class='ocr_par' dir='ltr' id='par_1_72' title="bbox 148 5346 3411 5421">
     <span class='ocr_line' id='line_1_73' title="bbox 148 5346 3411 5421; baseline -0.002 -18"><span class='ocrx_word' id='word_1_973' title='bbox 148 5352 358 5405; x_wconf 87' lang='lat' dir='ltr'><strong>fectius</strong></span> <span class='ocrx_word' id='word_1_974' title='bbox 389 5352 762 5418; x_wconf 77' lang='lat' dir='ltr'><strong>cegnoscitur,</strong></span> <span class='ocrx_word' id='word_1_975' title='bbox 794 5362 998 5421; x_wconf 90' lang='lat' dir='ltr'><strong>quanto</strong></span> <span class='ocrx_word' id='word_1_976' title='bbox 1034 5346 1131 5420; x_wconf 76' lang='lat' dir='ltr'><strong>per</strong></span> <span class='ocrx_word' id='word_1_977' title='bbox 1154 5352 1404 5406; x_wconf 90' lang='lat' dir='ltr'><strong>effectum</strong></span> <span class='ocrx_word' id='word_1_978' title='bbox 1435 5350 1645 5421; x_wconf 88' lang='lat' dir='ltr'><strong>plenius</strong></span> <span class='ocrx_word' id='word_1_979' title='bbox 1676 5346 2115 5419; x_wconf 79' lang='lat' dir='ltr'><strong>apprehenditur</strong></span> <span class='ocrx_word' id='word_1_980' title='bbox 2146 5352 2407 5406; x_wconf 87' lang='lat' dir='ltr'><strong>habitudo</strong></span> <span class='ocrx_word' id='word_1_981' title='bbox 2435 5346 2615 5406; x_wconf 79' lang='lat' dir='ltr'><strong>causa:</strong></span> <span class='ocrx_word' id='word_1_982' title='bbox 2653 5351 2720 5405; x_wconf 91' lang='lat' dir='ltr'><strong>ad</strong></span> <span class='ocrx_word' id='word_1_983' title='bbox 2752 5364 2909 5405; x_wconf 91' lang='lat' dir='ltr'><strong>suum</strong></span> <span class='ocrx_word' id='word_1_984' title='bbox 2943 5351 3214 5404; x_wconf 88' lang='lat' dir='ltr'><strong>etlectum.</strong></span> <span class='ocrx_word' id='word_1_985' title='bbox 3239 5346 3411 5421; x_wconf 77' lang='lat' dir='ltr'><strong>Porro</strong></span> 
     </span>
    </p>
   </div>
   <div class='ocr_carea' id='block_1_73' title="bbox 150 5418 3410 5495">
    <p class='ocr_par' dir='ltr' id='par_1_73' title="bbox 150 5418 3410 5495">
     <span class='ocr_line' id='line_1_74' title="bbox 150 5418 3410 5495; baseline -0.002 -20"><span class='ocrx_word' id='word_1_986' title='bbox 150 5424 269 5476; x_wconf 72' lang='lat' dir='ltr'><strong>haec</strong></span> <span class='ocrx_word' id='word_1_987' title='bbox 300 5422 565 5475; x_wconf 88' lang='lat' dir='ltr'><strong>habitudo</strong></span> <span class='ocrx_word' id='word_1_988' title='bbox 618 5425 673 5475; x_wconf 84' lang='lat' dir='ltr'><strong>in</strong></span> <span class='ocrx_word' id='word_1_989' title='bbox 707 5418 903 5495; x_wconf 69' lang='lat' dir='ltr'><strong>effectu</strong></span> <span class='ocrx_word' id='word_1_990' title='bbox 952 5418 1058 5476; x_wconf 79' lang='lat' dir='ltr'><strong>non</strong></span> <span class='ocrx_word' id='word_1_991' title='bbox 1108 5418 1455 5495; x_wconf 82' lang='lat' dir='ltr'><strong>pertingeuté</strong></span> <span class='ocrx_word' id='word_1_992' title='bbox 1486 5422 1555 5495; x_wconf 87' lang='lat' dir='ltr'><strong>ad</strong></span> <span class='ocrx_word' id='word_1_993' title='bbox 1586 5418 2021 5489; x_wconf 68' lang='lat' dir='ltr'><strong>adaequationem</strong></span> <span class='ocrx_word' id='word_1_994' title='bbox 2063 5439 2251 5495; x_wconf 75' lang='lat' dir='ltr'><strong>causa:</strong></span> <span class='ocrx_word' id='word_1_995' title='bbox 2284 5438 2415 5488; x_wconf 61' lang='lat' dir='ltr'><strong>suae,</strong></span> <span class='ocrx_word' id='word_1_996' title='bbox 2450 5423 2748 5495; x_wconf 88' lang='lat' dir='ltr'><strong>attenditur</strong></span> <span class='ocrx_word' id='word_1_997' title='bbox 2784 5437 2949 5495; x_wconf 86' lang='lat' dir='ltr'><strong>penes</strong></span> <span class='ocrx_word' id='word_1_998' title='bbox 2994 5421 3132 5495; x_wconf 77' lang='lat' dir='ltr'><strong>tria;</strong></span> <span class='ocrx_word' id='word_1_999' title='bbox 3156 5418 3410 5495; x_wconf 58' lang='lat' dir='ltr'><strong>videlicet</strong></span> 
     </span>
    </p>
   </div>
   <div class='ocr_carea' id='block_1_74' title="bbox 147 5491 3408 5561">
    <p class='ocr_par' dir='ltr' id='par_1_74' title="bbox 147 5491 3408 5561">
     <span class='ocr_line' id='line_1_75' title="bbox 147 5491 3408 5561; baseline -0.001 -18"><span class='ocrx_word' id='word_1_1000' title='bbox 147 5497 332 5560; x_wconf 87' lang='lat' dir='ltr'><strong>quoad</strong></span> <span class='ocrx_word' id='word_1_1001' title='bbox 366 5508 716 5561; x_wconf 88' lang='lat' dir='ltr'><strong>progressum</strong></span> <span class='ocrx_word' id='word_1_1002' title='bbox 758 5494 984 5547; x_wconf 85' lang='lat' dir='ltr'><strong>effectus</strong></span> <span class='ocrx_word' id='word_1_1003' title='bbox 1008 5509 1037 5547; x_wconf 89' lang='lat' dir='ltr'><strong>a</strong></span> <span class='ocrx_word' id='word_1_1004' title='bbox 1065 5491 1250 5558; x_wconf 84' lang='lat' dir='ltr'><strong>causa,</strong></span> <span class='ocrx_word' id='word_1_1005' title='bbox 1282 5503 1336 5547; x_wconf 88' lang='lat' dir='ltr'><strong>et</strong></span> <span class='ocrx_word' id='word_1_1006' title='bbox 1358 5494 1655 5547; x_wconf 87' lang='lat' dir='ltr'><strong>secundum</strong></span> <span class='ocrx_word' id='word_1_1007' title='bbox 1689 5494 1791 5547; x_wconf 87' lang='lat' dir='ltr'><strong>hoc</strong></span> <span class='ocrx_word' id='word_1_1008' title='bbox 1835 5499 1977 5561; x_wconf 87' lang='lat' dir='ltr'><strong>quod</strong></span> <span class='ocrx_word' id='word_1_1009' title='bbox 2017 5493 2247 5549; x_wconf 84' lang='lat' dir='ltr'><strong>effectus</strong></span> <span class='ocrx_word' id='word_1_1010' title='bbox 2281 5508 2446 5548; x_wconf 88' lang='lat' dir='ltr'><strong>couse</strong></span> <span class='ocrx_word' id='word_1_1011' title='bbox 2460 5494 2634 5561; x_wconf 57' lang='lat' dir='ltr'><strong>quitur</strong></span> <span class='ocrx_word' id='word_1_1012' title='bbox 2662 5496 2786 5561; x_wconf 86' lang='lat' dir='ltr'><strong>plus</strong></span> <span class='ocrx_word' id='word_1_1013' title='bbox 2810 5496 2877 5547; x_wconf 90' lang='lat' dir='ltr'><strong>de</strong></span> <span class='ocrx_word' id='word_1_1014' title='bbox 2903 5491 3263 5545; x_wconf 88' lang='lat' dir='ltr'><strong>similitudine</strong></span> <span class='ocrx_word' id='word_1_1015' title='bbox 3294 5504 3408 5543; x_wconf 68' lang='lat' dir='ltr'><strong>suae</strong></span> 
     </span>
    </p>
   </div>
   <div class='ocr_carea' id='block_1_75' title="bbox 148 5561 3408 5633">
    <p class='ocr_par' dir='ltr' id='par_1_75' title="bbox 148 5561 3408 5633">
     <span class='ocr_line' id='line_1_76' title="bbox 148 5561 3408 5633; baseline -0.002 -17"><span class='ocrx_word' id='word_1_1016' title='bbox 148 5580 356 5627; x_wconf 65' lang='lat' dir='ltr'><strong>causae,</strong></span> <span class='ocrx_word' id='word_1_1017' title='bbox 387 5574 553 5632; x_wconf 87' lang='lat' dir='ltr'><strong>atque</strong></span> <span class='ocrx_word' id='word_1_1018' title='bbox 578 5564 875 5617; x_wconf 87' lang='lat' dir='ltr'><strong>secundum</strong></span> <span class='ocrx_word' id='word_1_1019' title='bbox 916 5564 968 5617; x_wconf 89' lang='lat' dir='ltr'><strong>id</strong></span> <span class='ocrx_word' id='word_1_1020' title='bbox 994 5568 1135 5632; x_wconf 90' lang='lat' dir='ltr'><strong>quod</strong></span> <span class='ocrx_word' id='word_1_1021' title='bbox 1179 5565 1363 5619; x_wconf 89' lang='lat' dir='ltr'><strong>deficit</strong></span> <span class='ocrx_word' id='word_1_1022' title='bbox 1387 5582 1416 5619; x_wconf 90' lang='lat' dir='ltr'><strong>a</strong></span> <span class='ocrx_word' id='word_1_1023' title='bbox 1445 5564 1689 5633; x_wconf 84' lang='lat' dir='ltr'><strong>perfecta</strong></span> <span class='ocrx_word' id='word_1_1024' title='bbox 1716 5578 1835 5631; x_wconf 66' lang='lat' dir='ltr'><strong>ejus</strong></span> <span class='ocrx_word' id='word_1_1025' title='bbox 1879 5567 2293 5620; x_wconf 86' lang='lat' dir='ltr'><strong>consecutione.</strong></span> <span class='ocrx_word' id='word_1_1026' title='bbox 2321 5567 2503 5631; x_wconf 89' lang='lat' dir='ltr'><strong>Atque</strong></span> <span class='ocrx_word' id='word_1_1027' title='bbox 2535 5565 2607 5615; x_wconf 89' lang='lat' dir='ltr'><strong>ita</strong></span> <span class='ocrx_word' id='word_1_1028' title='bbox 2653 5580 2804 5618; x_wconf 88' lang='lat' dir='ltr'><strong>mens</strong></span> <span class='ocrx_word' id='word_1_1029' title='bbox 2855 5561 3408 5633; x_wconf 77' lang='lat' dir='ltr'><strong>humanatriplicitcr</strong></span> 
     </span>
    </p>
   </div>
   <div class='ocr_carea' id='block_1_76' title="bbox 147 5631 3407 5704">
    <p class='ocr_par' dir='ltr' id='par_1_76' title="bbox 147 5631 3407 5704">
     <span class='ocr_line' id='line_1_77' title="bbox 147 5631 3407 5704; baseline -0.001 -19"><span class='ocrx_word' id='word_1_1030' title='bbox 147 5636 371 5701; x_wconf 71' lang='lat' dir='ltr'><strong>prolicit</strong></span> <span class='ocrx_word' id='word_1_1031' title='bbox 416 5637 470 5687; x_wconf 87' lang='lat' dir='ltr'><strong>in</strong></span> <span class='ocrx_word' id='word_1_1032' title='bbox 498 5635 808 5699; x_wconf 84' lang='lat' dir='ltr'><strong>cognitione</strong></span> <span class='ocrx_word' id='word_1_1033' title='bbox 830 5636 924 5688; x_wconf 90' lang='lat' dir='ltr'><strong>Dei</strong></span> <span class='ocrx_word' id='word_1_1034' title='bbox 957 5631 1025 5687; x_wconf 74' lang='lat' dir='ltr'><strong>ex</strong></span> <span class='ocrx_word' id='word_1_1035' title='bbox 1062 5634 1351 5689; x_wconf 88' lang='lat' dir='ltr'><strong>effectibus</strong></span> <span class='ocrx_word' id='word_1_1036' title='bbox 1389 5631 1524 5704; x_wconf 81' lang='lat' dir='ltr'><strong>ejus.</strong></span> <span class='ocrx_word' id='word_1_1037' title='bbox 1560 5632 1767 5699; x_wconf 79' lang='lat' dir='ltr'><strong>Primo,</strong></span> <span class='ocrx_word' id='word_1_1038' title='bbox 1803 5639 2103 5691; x_wconf 88' lang='lat' dir='ltr'><strong>secundum</strong></span> <span class='ocrx_word' id='word_1_1039' title='bbox 2134 5637 2278 5704; x_wconf 87' lang='lat' dir='ltr'><strong>quod</strong></span> <span class='ocrx_word' id='word_1_1040' title='bbox 2320 5637 2615 5704; x_wconf 86' lang='lat' dir='ltr'><strong>perfectius</strong></span> <span class='ocrx_word' id='word_1_1041' title='bbox 2655 5638 3005 5704; x_wconf 84' lang='lat' dir='ltr'><strong>cognoscitur</strong></span> <span class='ocrx_word' id='word_1_1042' title='bbox 3039 5631 3281 5704; x_wconf 79' lang='lat' dir='ltr'><strong>efficacia</strong></span> <span class='ocrx_word' id='word_1_1043' title='bbox 3312 5632 3407 5684; x_wconf 88' lang='lat' dir='ltr'><strong>Det</strong></span> 
     </span>
    </p>
   </div>
   <div class='ocr_carea' id='block_1_77' title="bbox 146 5702 3404 5777">
    <p class='ocr_par' dir='ltr' id='par_1_77' title="bbox 146 5702 3404 5777">
     <span class='ocr_line' id='line_1_78' title="bbox 146 5702 3404 5777; baseline -0.002 -17"><span class='ocrx_word' id='word_1_1044' title='bbox 146 5710 212 5760; x_wconf 85' lang='lat' dir='ltr'><strong>ad</strong></span> <span class='ocrx_word' id='word_1_1045' title='bbox 244 5705 693 5775; x_wconf 87' lang='lat' dir='ltr'><strong>producendum;</strong></span> <span class='ocrx_word' id='word_1_1046' title='bbox 729 5708 993 5771; x_wconf 86' lang='lat' dir='ltr'><strong>secundo,</strong></span> <span class='ocrx_word' id='word_1_1047' title='bbox 1030 5718 1191 5774; x_wconf 88' lang='lat' dir='ltr'><strong>prout</strong></span> <span class='ocrx_word' id='word_1_1048' title='bbox 1219 5702 1546 5765; x_wconf 70' lang='lat' dir='ltr'><strong>nobiliarum</strong></span> <span class='ocrx_word' id='word_1_1049' title='bbox 1585 5704 1878 5765; x_wconf 85' lang='lat' dir='ltr'><strong>effectuum</strong></span> <span class='ocrx_word' id='word_1_1050' title='bbox 1908 5702 2165 5764; x_wconf 72' lang='lat' dir='ltr'><strong>noscitur</strong></span> <span class='ocrx_word' id='word_1_1051' title='bbox 2188 5702 2519 5764; x_wconf 44' lang='lat' dir='ltr'><strong>esse&#39;causa</strong></span> <span class='ocrx_word' id='word_1_1052' title='bbox 2553 5707 2698 5777; x_wconf 89' lang='lat' dir='ltr'><strong>(cum</strong></span> <span class='ocrx_word' id='word_1_1053' title='bbox 2730 5702 2877 5763; x_wconf 81' lang='lat' dir='ltr'><strong>enim</strong></span> <span class='ocrx_word' id='word_1_1054' title='bbox 2911 5714 3133 5761; x_wconf 82' lang='lat' dir='ltr'><strong>causata</strong></span> <span class='ocrx_word' id='word_1_1055' title='bbox 3166 5702 3404 5772; x_wconf 85' lang='lat' dir='ltr'><strong>aliquam</strong></span> 
     </span>
    </p>
   </div>
   <div class='ocr_carea' id='block_1_78' title="bbox 294 5851 1339 5925">
    <p class='ocr_par' dir='ltr' id='par_1_78' title="bbox 294 5851 1339 5925">
     <span class='ocr_line' id='line_1_79' title="bbox 294 5851 1339 5925; baseline 0.007 -16"><span class='ocrx_word' id='word_1_1056' title='bbox 294 5864 314 5891; x_wconf 82' lang='grc' dir='ltr'><strong>ι</strong></span> <span class='ocrx_word' id='word_1_1057' title='bbox 352 5852 466 5909; x_wconf 88' lang='lat' dir='ltr'><strong>Gen</strong></span> <span class='ocrx_word' id='word_1_1058' title='bbox 520 5867 558 5924; x_wconf 85' lang='grc' dir='ltr'>ι,</span> <span class='ocrx_word' id='word_1_1059' title='bbox 597 5851 690 5907; x_wconf 72' lang='grc'><strong>26.</strong></span> <span class='ocrx_word' id='word_1_1060' title='bbox 734 5868 757 5895; x_wconf 70' lang='grc' dir='ltr'>α</span> <span class='ocrx_word' id='word_1_1061' title='bbox 794 5852 990 5911; x_wconf 81' lang='lat' dir='ltr'><strong>Ezech.</strong></span> <span class='ocrx_word' id='word_1_1062' title='bbox 1031 5870 1219 5925; x_wconf 78' lang='lat' dir='ltr'><strong>xxvut,</strong></span> <span class='ocrx_word' id='word_1_1063' title='bbox 1262 5857 1339 5916; x_wconf 74' lang='lat'><strong>12.</strong></span> 
     </span>
    </p>
   </div>
  </div>
