3772 6298
396 271 534 327 1059

1556 273 1614 328 S.
1650 268 1951 328 DIONYSII
1983 268 2453 326 AREOPAGITE

3534 274 3663 332 1060

393 386 663 455 ροπῖιῖντις
698 400 842 441 nunc
875 385 1041 441 etiam
1086 389 1425 444 demonstrat
1466 388 1831 455 intellectilia,
1878 411 1882 435 ς

2173 404 2215 437 ιι
2244 386 2339 438 καὶ
2367 386 2435 438 τὰ
2466 385 2652 455 νοητά,
2686 386 2766 453 τὸ,
2798 386 2935 439 Οὔτε
2969 385 3137 457 ψυχὴ,
3169 385 3297 440 οὔτε
3328 386 3481 451 νοῦς.
3527 390 3662 463 Πλὴν

391 479 602 531 cendo:
641 477 827 547 Neque
854 479 1055 544 anima,
1084 495 1264 549 neque
1295 496 1469 535 mens.
1499 482 1699 535 Verum
1741 496 1839 536 nec
1869 481 1969 535 ba-

391 572 483 625 bet
535 570 647 634 illa,
684 572 940 639 quoniam
987 573 1154 626 etiam
1210 574 1280 628 ibi
1326 576 1394 628 de
1442 574 1656 629 ratione
1691 589 1755 627 ac
1787 583 1967 630 mente

388 664 719 719 mentionem
762 663 913 730 fecit,
958 665 1147 720 dicens
1195 683 1210 720 :
1263 665 1453 733 Neque
1507 667 1742 721 rationis
1790 681 1967 735 neque

385 757 585 809 mentis
612 770 849 824 expers;
898 766 952 811 et
984 758 1321 828 czeteroqnin
1364 760 1530 813 etiam
1560 758 1629 813 ibi
1677 759 1966 814 intellecti-

383 847 453 901 lia
483 848 839 903 demonstrat.
874 846 982 903 Sed
1028 850 1169 905 scito
1225 851 1299 905 ibi
1341 850 1430 904 illa
1465 866 1585 919 qum
1636 850 1759 904 talia
1813 860 1961 915 sunt,

380 941 603 996 sensilia
636 955 757 995 esse
785 958 799 995 :
842 956 1017 1010 neque
1044 943 1191 997 enim
1220 942 1468 997 declarat
1507 942 1771 996 rationem
1803 946 1963 997 abso-

378 1032 575 1098 lutam,
610 1034 691 1088 vel
747 1044 982 1089 mentem
1042 1050 1073 1087 a
1125 1035 1420 1089 sensilibus
1470 1045 1818 1103 separatam;
1867 1035 1963 1090 sed

379 1124 613 1177 rationis
664 1126 967 1195 mentisque
1008 1127 1336 1192 carentiam,
1396 1127 1656 1181 animalia
1705 1128 1958 1181 nimirum

376 1216 621 1280 sensilia,
676 1227 894 1272 ratione
948 1229 1246 1289 menteque
1292 1218 1540 1289 privata;
1604 1233 1794 1273 verum
1845 1220 1959 1273 haec

375 1307 529 1375 dicit,
562 1324 737 1379 neque
768 1311 1007 1364 animam
1034 1324 1177 1377 esse,
1218 1327 1395 1382 neque
1420 1312 1717 1380 quidquam
1743 1312 1955 1365 illorum

372 1414 494 1470 quae
536 1402 734 1455 animm
790 1404 1076 1473 portiones
1134 1403 1295 1473 idque
1351 1404 1653 1458 secundum
1705 1404 1955 1458 ordinem

372 1493 720 1565 participant,
753 1505 812 1549 ut
850 1511 1025 1565 neque
1056 1498 1255 1551 habeat
1298 1493 1743 1566 imaginationem
1782 1497 1954 1549 solam

372 1586 747 1642 irrationalem
788 1597 844 1642 et
882 1588 1113 1657 debilem
1145 1589 1291 1643 illam
1323 1591 1551 1645 formam
1590 1605 1753 1659 quam
1788 1589 1952 1641 etiam

370 1674 527 1730 bruta
564 1677 805 1744 habent;
853 1695 1028 1750 neque
1076 1682 1415 1750 opinionem,
1458 1682 1750 1735 obscuram
1803 1679 1950 1733 illam

2074 478 2148 549 μὴ
2177 478 2294 548 ἔχῃ,
2327 478 2408 530 ὃτι
2438 478 2663 530 κάκεῖσε
2695 479 2821 550 περὶ
2851 478 3006 545 λόγου
3036 479 3132 531 καί¹
3176 479 3299 542 νοὸς
3328 480 3660 550 ἐμνημόνευ.

2072 586 2182 634 σεν,
2215 568 2352 621 υῦτε
2372 568 2585 637 ἄλογος,
2619 569 2809 637 εἰπὼν,
2839 569 2961 622 οὔτε
2991 570 3167 633 ἄνους
3202 571 3300 623 καὶ
3330 571 3523 624 λοιπὸν
3540 574 3659 626 ἀπο-

2068 663 2315 731 φαίνεται
2362 663 2523 715 κάκεῖ
2567 663 2637 715 τά
2691 663 2892 733 νοητά.
2939 661 3076 716 Ἀλλ’
3126 663 3259 727 ῑσθι,
3292 664 3377 717 ὅτι
3435 666 3554 718 ἐκεῖ
3599 667 3656 719 τὰ

2064 754 2310 816 τοιαῦτα,
2344 738 2577 825 αἰσθητά
2597 757 2752 808 εἰσιν·
2782 756 2901 809 οὐδὲ
2930 756 3037 827 γὰρ
3069 756 3439 826 ἀποφαίνεται
3471 759 3655 811 ἀπόλυ-

2062 864 2154 901 τον
2181 848 2272 899 τὸν
2289 847 2466 915 λόγον,
2498 849 2531 919 ἦ
2557 848 2650 902 τὸν
2671 849 3073 920 κεχωρισμένον
3087 849 3195 902 τῶν
3216 850 3501 919 αἰσθητῶν
3517 850 3650 903 νοῦψ

2063 939 2199 992 ἀλλά
2229 940 2290 993 τὸ
2336 939 2531 1008 ἄλογον
2582 942 2675 994 καὶ
2705 942 2765 993 τὸ
2803 942 2983 1007 ἄνουν,
3016 940 3131 1004 ζῶα
3168 941 3374 1013 δηλαδὴ
3404 942 3650 1012 αἰσθητὰ,

2061 1031 2399 1102 ἐστερημένα
2432 1032 2590 1100 λόγου
2620 1050 2679 1085 τε
2707 1034 2801 1085 καλ⁸
2842 1032 2978 1095 νοός.
3024 1032 3161 1085 Ἀλλ’
3206 1032 3453 1086 ἐνταῦθα
3482 1034 3648 1101 λέγει,

2059 1122 2135 1185 ὡς
2160 1122 2282 1175 οὔτε
2307 1124 2451 1196 ψυχή
2484 1125 2654 1187 ἐστιν,
2683 1124 2805 1177 οὔτε
2826 1142 2876 1177 τι
2905 1125 3013 1177 ἀπὸ
3040 1124 3148 1176 τῶν
3166 1125 3405 1194 ἐχόντων
3426 1124 3500 1177 τὰ
3520 1127 3647 1198 μέρη

2057 1214 2279 1285 ταύτης,
2331 1215 2624 1269 καὶταῦτα
2654 1216 2795 1269 κατά
2834 1216 3009 1281 τάξινο
3052 1217 3174 1270 οὕτε
3209 1236 3261 1271 τι
3291 1218 3419 1289 ἕχον
3458 1236 3649 1287 φαντα-

2059 1308 2179 1359 σίαν
2227 1307 2393 1379 μόνην
2431 1307 2646 1375 ἄλογον,
2677 1309 2771 1361 καὶ
2798 1308 2967 1361 τύπον
3012 1308 3236 1379 ἀσθενῆ,
3266 1310 3336 1379 ἢν
3369 1310 3439 1381 δὴ
3480 1311 3647 1381 έχουσι

2058 1399 2151 1451 καὶ
2180 1398 2246 1450 τὰ
2280 1398 2470 1466 ἄλογα*
2512 1398 2635 1451 οὔτε
2663 1399 2841 1463 δόξαν,
2891 1400 3275 1469 ἀσυλλόγιστον
3307 1404 3517 1470 γνῶσιν
3558 1407 3645 1458 καὶ

2054 1494 2323 1565 ἀμυδρὰν,
2360 1494 2427 1565 ἢν
2456 1493 2523 1546 τὰ
2551 1492 2743 1562 λογικά
2772 1492 3005 1563 ἔχουσιν·
3039 1492 3162 1546 οὔτε
3193 1493 3378 1562 λόγον,
3414 1496 3644 1565 δηλονότι

2052 1586 2287 1640 διάνοιαν
2319 1588 2414 1639 καὶ
2458 1587 2790 1655 ἐπιστήμηνο
2823 1584 2946 1637 οῦτε
2990 1585 3095 1657 μὴν
3142 1586 3644 1661 νόησιν,ἐνέργειαν

2052 1678 2190 1745 νοὸς,
2224 1677 2422 1749 μέρους
2452 1677 2760 1748 κρείττονος
2788 1678 2886 1748 τῆς
2904 1677 3107 1747 ψυχῆς.
3140 1678 3296 1731 Μετά
3322 1678 3504 1732 ταῦτα
3525 1681 3650 1733 ἀνά-

369 1768 732 1837 cognitionem
760 1786 879 1840 qure
903 1788 1005 1825 non
1042 1773 1420 1837 ratiocinatur,
1453 1788 1613 1841 quam
1654 1772 1855 1825 habent

2167 1771 2256 1822 τὸν
2283 1770 2436 1837 λόγον
2464 1772 2541 1833 εἰς
2572 1768 2742 1832 αὑτὰς
2761 1769 2971 1840 γυμνὰς
2998 1769 3096 1832 τὰς
3117 1769 3381 1840 δυνάμεις
3399 1771 3524 1841 δίχα
3543 1772 3641 1826 τῶν

367 1874 489 1927 quae
518 1870 747 1914 utuntur
786 1864 1031 1928 ratione;
1078 1858 1253 1933 neque
1283 1865 1570 1931 rationem,
1606 1864 1656 1917 id
1687 1874 1771 1919 est
1804 1867 1954 1933 cogi-

367 1950 628 2003 tationem
682 1959 738 2004 et
788 1951 1095 2018 scientiam,
1150 1968 1325 2023 neque
1380 1954 1806 2009 intellectionem
1855 1969 1949 2008 seu

365 2040 562 2095 mentis
594 2043 994 2110 Operationem,
1023 2059 1145 2113 quae
1170 2046 1451 2115 potissima
1480 2060 1605 2115 pars
1628 2046 1824 2098 anima:
1843 2054 1947 2098 est.

361 2129 553 2187 Postea
596 2132 810 2188 derivat
853 2151 1163 2191 sermonem
1206 2138 1271 2190 ad
1314 2138 1460 2207 ipsas
1506 2138 1680 2192 nudas
1720 2138 1949 2190 virtutes

359 2225 479 2277 sine
525 2225 634 2281 illis
679 2228 773 2296 qui
816 2241 913 2281 eas
952 2229 1179 2293 habent,
1206 2238 1261 2283 et
1290 2231 1362 2283 ait
1398 2247 1411 2283 :
1442 2228 1628 2298 Neque
1654 2242 1835 2282 sermo
1861 2238 1948 2283 est

360 2318 696 2387 prolatitius,
731 2335 909 2390 neque
961 2320 1282 2383 intellectio,
1318 2321 1432 2375 sive
1474 2321 1677 2375 locutio
1710 2322 1945 2375 interna.

359 2414 533 2479 Atque
590 2411 789 2465 iterum
841 2413 1020 2467 adhuc
1066 2413 1286 2468 adducit
1333 2414 1623 2478 rationem,
1672 2422 1836 2483 atque
1877 2430 1944 2468 ex

359 2500 443 2554 bis
486 2499 655 2555 Deum
698 2501 912 2566 eximit,
971 2502 1206 2573 aitque:
1275 2502 1474 2573 thuid
1516 2506 1631 2559 haec
1665 2505 1945 2560 memoro?

359 2608 535 2663 neque
562 2594 679 2664 ipsa
706 2596 870 2675 ratio,
903 2611 1081 2666 neque
1111 2596 1411 2652 intellectio
1444 2598 1586 2652 valet
1614 2600 1782 2653 Deum
1814 2614 1946 2654 con-

356 2686 557 2755 cipere.
616 2683 748 2742 Post
795 2687 909 2742 haec
966 2689 1150 2743 omnia
1190 2701 1478 2745 enumerat
1508 2706 1628 2760 quat
1686 2692 1741 2745 in
1786 2692 1944 2747 nobis

353 2777 631 2841 videntur,
678 2777 775 2833 sed
825 2788 953 2833 sunt
998 2782 1344 2850 incorporea,
1394 2790 1561 2852 atque
1609 2782 1745 2838 adeo
1787 2784 1944 2838 intel-

352 2870 577 2934 lectilia,
639 2872 908 2926 hactenus
965 2882 1148 2927 tamen
1205 2875 1258 2927 in
1318 2871 1581 2942 subjectis
1625 2887 1940 2945 conspecta.

352 2962 690 3017 lntellcctilis
718 2978 885 3035 porro
925 2974 1127 3029 tactus,
1168 2976 1254 3020 est
1286 2967 1487 3022 mentis
1524 2970 1785 3038 cognitio.
1820 2970 1943 3025 Sic-

350 3063 408 3107 ut
430 3055 575 3109 enim
609 3064 789 3111 tactus
819 3057 1061 3122 sensilis,
1086 3067 1172 3113 est
1200 3060 1465 3123 scnsatio,
1503 3059 1630 3127 quia
1665 3070 1791 3114 tunc
1815 3076 1941 3114 sen-

2053 1862 2285 1933 ἐχόντων
2315 1861 2484 1924 αύτάς
2506 1904 2520 1924 ,
2562 1862 2656 1915 καὶ
2685 1860 2829 1931 λέγει
2847 1903 2862 1927 ,
2886 1859 3020 1913 Οῦτε
3048 1860 3204 1929 λόγος
3235 1862 3359 1914 ἐστὶ
3388 1880 3641 1934 προφορι-

2054 1954 2168 2019 κὸς,
2200 1952 2323 2007 οῦτε
2345 1954 2549 2025 νόησις,
2578 1953 2779 2024 δηλαδὴ
2810 1953 3109 2016 ἐνδιάθετος
3137 1953 3317 2021 λόγος.
3354 1955 3469 2006 Καὶ
3492 1951 3638 2018 αὖθις

2052 2045 2131 2099 ἐτι
2160 2045 2350 2114 ἀνάγει
2378 2048 2468 2099 τὸν
2496 2046 2671 2114 λόγον,
2708 2046 2803 2099 καὶ
2846 2046 3025 2098 αὐτῶν
3053 2044 3353 2117 ἐξαιρεῖται
3376 2046 3442 2098 τὸ
3470 2047 3635 2111 Θεῖον,

2051 2138 2146 2191 καὶ
2181 2138 2349 2206 λέγει·
2390 2137 2454 2190 Τί
2482 2138 2623 2207 λέγω
2652 2137 2824 2191 ταῦτα
2848 2155 2862 2203 ;
2885 2135 3007 2189 οῦτε
3037 2137 3198 2201 αὐτὸς
3228 2139 3256 2189 ὁ
3289 2137 3451 2207 λόγος
3489 2140 3631 2209 καὶή

2048 2231 2230 2303 νόησις
2245 2233 2540 2300 ἐφικνεῖται
2562 2232 2640 2293 εἰς
2669 2231 2729 2281 τὸ
2744 2231 2895 2283 Θεῖον
2920 2229 3268 2283 καταλαϐεῖν.
3294 2232 3455 2283 Μετά
3471 2230 3632 2284 ταῦτα

2047 2320 2354 2390 ἀριθμεῖται
2384 2320 2561 2373 πάντα
2588 2319 2657 2373 τά
2676 2322 2732 2373 ἐν
2750 2324 2882 2391 ἡμῖν
2904 2322 3000 2391 μὲν
3025 2322 3349 2392 φαινόμενα,
3372 2323 3631 2393 ἀσώματα

2045 2411 2136 2473 δὲ.
2172 2412 2267 2465 καὶ
2313 2411 2401 2464 διά
2446 2412 2603 2465 τοῦτο
2639 2414 2838 2483 νοητὰ,
2870 2413 3006 2475 τέως
3052 2413 3109 2465 δὲ
3150 2415 3208 2465 ἐν
3254 2414 3631 2485 ὑποκειμένοις

2046 2502 2411 2574 θεωρούμενα.
2443 2503 2625 2575 Νοητὴ
2663 2504 2720 2557 δὲ
2766 2506 2950 2575 ἐπαφὴ
2992 2506 3138 2557 ἐστιν
3165 2507 3198 2575 ἡ
3230 2504 3327 2558 τοῦ
3354 2506 3477 2569 νοὸς
3503 2506 3634 2574 γνῶ-

2048 2613 2152 2659 σις.
2198 2596 2285 2659 Ὠς
2324 2596 2432 2668 γὰρ
2472 2598 2654 2668 ἐπαφὴ
2684 2597 2914 2669 αἰσθητή
2943 2599 3090 2651 ἐστιν
3127 2600 3160 2669 η
3194 2598 3475 2668 αἰσθησιςο
3520 2599 3630 2651 τότε

2050 2690 2157 2759 γὰρ
2190 2690 2580 2761 αἰσθανόμεθα,
2617 2691 2692 2743 ὅτ’
2717 2692 2900 2761 ἐπαφὴ
2939 2690 3048 2743 τῶν
3097 2690 3377 2761 αἰσθητῶν
3406 2694 3521 2754 τοῖς
3552 2693 3629 2743 αἰ-

2049 2780 2400 2852 σθανομένοις
2432 2782 2464 2853 ἢ
2489 2785 2554 2853 τῇ
2585 2780 2831 2853 αἰσθήσει
2860 2782 3091 2850 γίνεται,
3111 2783 3205 2836 καὶ
3232 2782 3514 2854 μακρόθεν
3530 2781 3631 2853 γὰρ

2042 2872 2135 2925 τοῦ
2166 2874 2335 2944 πυρὸς
2363 2873 2685 2945 καθημένων
2731 2874 2917 2945 ἡμῶν,
2945 2872 3102 2946 εἴπερ
3136 2874 3299 2944 μόνον
3348 2873 3629 2945 θερμαινό-

2046 2966 2203 3036 μεθα,
2237 2967 2420 3037 ἐπαφὴ
2466 2966 2682 3034 λέγεται
2712 2962 2869 3018 εἶναι·
2922 2967 3017 3019 καὶ
3050 2966 3142 3018 ἐπὶ
3173 2966 3273 3036 τῆς
3312 2967 3627 3037 ὀσφρήσεως

2043 3059 2135 3111 καλ⁵
2155 3059 2247 3110 ἐπὶ
2281 3057 2388 3109 τῶν
2417 3057 2590 3111 ἄλλων
2619 3056 2776 3110 τοῦτο
2806 3057 3110 3128 συμϐαίνει’
3146 3059 3268 3112 οὐδὲ
3301 3060 3415 3131 γὰρ
3444 3059 3623 3122 ἀτελῶς

349 3147 535 3215 timus,
566 3152 785 3218 quando
834 3160 1011 3206 tactus
1041 3152 1323 3206 sensilium
1365 3164 1392 3205 a
1432 3153 1838 3208 sentientibuss

2133 3150 2283 3221 παφὴ
2311 3150 2596 3221 σωματικὴ
2624 3150 2831 3217 γίνεται
2862 3150 2919 3203 ἐν
2950 3149 3029 3219 τῷ
3056 3150 3126 3203 τά
3155 3149 3390 3220 σώματα
3421 3151 3622 3223 συνεχὶ-

320 3253 507 3295 sensu
559 3242 895 3312 percipitur;
953 3244 1231 3314 siquidem
1279 3244 1445 3297 etiam
1512 3245 1669 3299 nobis
1719 3246 1934 3301 eminus

345 3328 458 3399 igni
511 3333 911 3400 assidentibus,
970 3336 1267 3391 dummodo
1314 3335 1661 3400 caleliamus,
1711 3337 1933 3405 quidam

344 3413 630 3478 contactus
656 3425 856 3480 dicitur
895 3426 1188 3482 exsistere.
1218 3425 1285 3479 Et
1309 3427 1360 3478 in
1391 3424 1591 3479 olfactu
1617 3425 1934 3495 ueterisque

342 3515 509 3568 etiam
552 3516 692 3570 idem
732 3517 958 3577 accidit;
992 3533 1168 3587 neque
1190 3518 1336 3572 enim
1378 3518 1701 3586 simpliciter
1739 3529 1925 3572 conta-

342 3615 466 3661 ctus
510 3621 813 3677 corporeus
850 3609 909 3661 lit
936 3610 1065 3662 dum
1110 3622 1339 3677 corpora
1373 3608 1801 3680 coniunguntur,
1836 3611 1929 3664 sed

344 3698 469 3753 dum
505 3700 559 3754 in
602 3698 900 3754 sensilibus
942 3702 1187 3754 excitant
1222 3702 1613 3755 sensationem.
1647 3700 1800 3755 Sicut
1830 3700 1930 3754 ita-

340 3806 446 3862 que
471 3793 608 3855 haec,
639 3792 887 3861 inquam,
918 3808 976 3848 se
1205 3794 1409 3849 habent
1441 3796 1494 3848 itt
1523 3804 1673 3849 tactu
1712 3793 1923 3856 sensili,

339 3888 421 3940 sic
447 3888 611 3940 etiam
643 3886 822 3955 cogita
855 3887 906 3939 in
950 3896 1090 3941 tactu
1120 3887 1423 3942 intellectili
1454 3888 1568 3940 sive
1590 3886 1922 3957 cognitione.

338 3976 523 4049 Neque
568 3994 699 4033 vero
746 3979 951 4033 veritas
996 3989 1101 4043 est,
1148 3994 1324 4048 neque
1369 3980 1658 4050 sapientia,
1710 3981 1922 4033 tametsi

338 4068 600 4124 Dominus
630 4070 816 4124 dicat:
848 4068 961 4140 Ego
994 4087 1110 4124 sum
1132 4072 1323 4125 veritas
1360 4070 1416 4137 ῖς
1448 4081 1505 4125 et
1531 4072 1692 4125 divus
1724 4070 1923 4125 Paulus

338 4162 616 4233 apostolus
647 4176 662 4214 :
695 4162 934 4216 Christus
974 4161 1070 4215 Dei
1114 4166 1305 4225 virtus,
1347 4173 1393 4217 et
1441 4162 1539 4217 Dei
1574 4161 1831 4231 sapientia
1862 4162 1917 4226 3;

336 4256 467 4327 quia
502 4256 613 4324 ipsa
649 4268 745 4321 per
782 4268 840 4308 se
873 4255 1094 4318 veritas,
1134 4264 1187 4307 et
1224 4266 1320 4322 per
1345 4268 1405 4308 se
1434 4253 1699 4322 sapientia
1732 4262 1836 4316 est,
1866 4261 1920 4304 ct

337 4365 498 4419 supra
565 4358 810 4403 nostram
870 4348 1154 4401 veritatem
1226 4356 1283 4401 et
1343 4346 1691 4416 sapientiam.
1746 4345 1918 4399 Aliter

335 4442 527 4507 etiam,
559 4438 686 4510 quia
734 4452 835 4493 nec
878 4439 995 4493 ιι(εο
1035 4439 1129 4493 Dei
1175 4439 1537 4493 substantiam
1587 4438 1910 4507 significant.

2038 3243 2249 3308 ζεσθαι,
2280 3242 2393 3295 ἀλλ’
2426 3244 2483 3296 ἐν
2508 3242 2587 3313 τῷ
2614 3242 2712 3313 τὴν
2742 3241 2994 3312 αἴσθησιν
3017 3242 3383 3313 προσϐάλλειν
3419 3247 3531 3301 τοῖς
3548 3245 3622 3295 αἱ·

2038 3335 2273 3407 σθητοῖς.
2317 3335 2403 3398 Ὠς
2430 3333 2559 3403 γοῦν
2582 3333 2725 3386 οῦτω
2753 3332 2925 3387 ταῦτα
2955 3334 3048 3386 ἐπὶ
3074 3335 3172 3405 τῆς
3196 3334 3468 3405 αἰσθητῆς
3498 3337 3622 3386 ἐπα-

2035 3428 2162 3498 φῆς,
2190 3428 2333 3480 οὕτω
2358 3427 2469 3479 νόει
2488 3428 2582 3480 καὶ
2602 3426 2695 3479 ἐπὶ
2724 3427 2824 3497 τῆς
2850 3426 3049 3497 νοητῆς
3075 3426 3323 3497 ἐπαφῆς,
3345 3428 3519 3497 ἧγουν
3530 3427 3619 3494 τῆς

2033 3517 2305 3586 γνώσεως.
2338 3518 2476 3571 Οὔτε
2498 3518 2555 3571 δὲ
2585 3517 2810 3589 ἀλήθειά
2842 3519 3009 3581 ἐστιν,
3059 3516 3182 3570 οὔτε
3226 3519 3417 3587 σοφία,
3450 3519 3616 3571 καίτοι

2032 3627 2094 3679 γε
2115 3610 2210 3663 τοῦ
2247 3611 2453 3681 Κυρίου
2499 3610 2764 3679 λέγοντος·
2791 3609 2950 3679 ,Ἐγώ
2976 3612 3092 3679 εἰμι
3125 3610 3164 3678 ἠ
3208 3610 3482 3677 ἀλήθεια·
3530 3611 3615 3664 καὶ

2029 3702 2124 3755 τοῦ
2156 3702 2300 3755 θείου
2343 3702 2640 3755 ἀποστόλου
2675 3700 2909 3754 Παύλου·
2956 3701 3211 3769 Χριστὸς
3244 3702 3397 3755 Θεοῦ
3442 3701 3612 3755 δύνα-

2025 3811 2146 3861 μις,
2178 3793 2275 3845 καὶ
2309 3793 2456 3845 Θεοῦ
2477 3793 2679 3862 σοφία·
2698 3792 2784 3845 δτι
2813 3791 3173 3861 αὑτοαλήθεια
3201 3792 3296 3844 καὶ
3325 3793 3611 3861 αὐτοσοφία

2027 3885 2165 3950 ἐστὶ,
2202 3884 2296 3937 καί
2336 3884 2479 3956 ὺπέρ
2514 3884 2612 3955 τὴν
2649 3885 2925 3956 ἡμετέραν
2957 3882 3215 3954 ἀλήθειαν
3258 3886 3357 3936 καὶ
3407 3885 3607 3954 σοφίαν.

2026 3977 2134 4029 Καὶ
2161 3975 2352 4041 ἄλλως,
2383 3977 2466 4029 ὃτι
2492 3976 2610 4029 οὐδέ
2653 3976 2825 4029 ταῦτα
2854 3976 2987 4029 Θεοῦ
3028 3975 3217 4028 οὐσίαν
3250 3978 3595 4045 σημαίνουσι.

2025 4069 2097 4122 Τὸ
2122 4070 2179 4123 δὲ
2222 4068 2281 4121 ἓν
2314 4070 2472 4141 καὶὴ
2516 4070 2701 4139 ἐνότης
2738 4068 2982 4138 ἀλλήλων
3026 4067 3366 4138 διαφέρουσι’
3411 4070 3473 4121 τὸ
3520 4070 3605 4139 μὲν

2023 4163 2130 4234 γὰρ
2164 4161 2220 4214 ἓν
2247 4160 2397 4231 δηλοῖ
2423 4161 2484 4215 τὸ
2512 4161 2886 4232 ὑποκείμενον⁸
2930 4162 2963 4231 ἠ
2998 4159 3053 4212 δὲ
3082 4159 3275 4230 ἐνότης
3318 4161 3491 4231 αὐτὴν
3518 4160 3604 4229 τὴν

2023 4252 2300 4323 ποιότηταο
2347 4253 2536 4324 ὥσπερ
2575 4252 2765 4305 λευκὸν
2807 4253 2900 4305 καὶ
2938 4251 3219 4321 λευκότης,
3274 4252 3480 4319 ἀγαθὸν
3520 4250 3602 4303 καί

2020 4342 2308 4413 ἀγαθότης.
2352 4342 2488 4395 Οὔτε
2536 4342 2593 4395 δὲ
2634 4345 2667 4413 ἡ
2712 4342 2902 4412 θεότης
2951 4340 3107 4394 οὐσία
3145 4341 3267 4392 ἐστὶ
3308 4341 3405 4393 τοῦ
3457 4339 3597 4399 Θεοῦ,

2019 4432 2206 4505 ὥσπερ
2235 4433 2354 4486 ούδέ
2384 4436 2418 4505 η
2450 4433 2740 4504 ἀγαθότης·
2768 4434 2886 4487 οὐδὲ
2918 4432 3137 4504 πνεῦμά
3164 4433 3306 4497 ἐστι,
3340 4434 3517 4485 καίτοι
3543 4447 3597 4498 γε

340 4531 511 4588 Unum
540 4541 721 4585 autem
749 4540 804 4586 et
836 4530 1019 4585 unitas
1046 4531 1116 4584 ab
1142 4531 1374 4584 invicem
1410 4528 1702 4593 differunt;
1742 4530 1826 4596 siq

2109 4502 2221 4590 τοῖς
2252 4502 2416 4590 θείοις
2424 4502 2775 4595 Εὑαγγελίοις
2805 4502 3096 4595 ἀκούομεν,
3117 4524 3365 4592 Πνεῦμα
3388 4528 3419 4577 ὁ
3446 4524 3592 4586 Θεός·

334 4626 457 4678 deut
494 4638 660 4678 unum
705 4622 979 4692 signiﬁcat
1034 4620 1363 4690 subjectum,
1410 4620 1593 4674 unitas
1648 4634 1777 4673 vero
1833 4620 1915 4687 ip-

332 4723 565 4767 sammet
591 4711 942 4781 qualitatem;
978 4713 1115 4766 sicut
1160 4710 1342 4764 album
1384 4718 1439 4764 et
1472 4710 1682 4777 albedo,
1715 4712 1912 4763 Lonnm

331 4811 387 4855 et
415 4802 647 4855 bonitas.
686 4800 872 4871 Neque
910 4798 1036 4857 vero
1066 4802 1324 4857 divinitas
1350 4801 1652 4855 subsrantia
1684 4810 1766 4853 est
1795 4798 1912 4865 Dei,

329 4896 784 4965 quemadmodum
827 4911 1001 4965 neque
1036 4897 1288 4961 bonitas;
1335 4908 1510 4963 neque
1552 4894 1776 4963 spiritus
1805 4903 1909 4955 est,

332 4990 548 5043 tametsi
592 4990 646 5043 in
690 4988 891 5042 divinis
931 4989 1242 5059 Evangeliis
1294 4990 1578 5041 audiamus
1625 5004 1637 5038 :
1679 4983 1907 5051 Spiritus

326 5093 403 5137 est
431 5081 569 5135 Deus
592 5082 655 5147 ὶι;
686 5092 741 5134 et
768 5096 985 5135 rursum
1018 5099 1032 5135 :
1068 5082 1299 5148 Spiritus
1328 5080 1599 5141 veritatis;
1628 5078 1735 5145 sed
1769 5076 1909 5130 sicut

329 5188 428 5226 nos
457 5174 601 5227 scire
634 5173 709 5225 ait
740 5174 893 5227 beata
930 5173 1022 5226 illa
1052 5183 1352 5241 sanctaque
1393 5171 1609 5237 nomina
1646 5183 1906 5237 persona—

328 5280 447 5320 rum
501 5268 864 5321 sanctissima:
910 5268 1233 5330 Trinitatis;
1280 5266 1381 5319 hoc
1416 5263 1561 5317 enim
1621 5262 1709 5315 hic
1744 5261 1903 5313 etiam

326 5358 530 5429 accipe,
586 5369 642 5413 et
688 5360 739 5412 in
782 5360 929 5413 ouini
976 5360 1288 5428 negatione,
1321 5366 1480 5427 prout
1522 5352 1771 5407 videlicet
1804 5368 1904 5406 nos

326 5449 719 5520 intelligimus.
764 5452 878 5505 sive
917 5453 1217 5511 secundum
1270 5461 1514 5504 nostram
1563 5444 1899 5515 intelligendi

326 5529 658 5601 facultatem.
693 5544 809 5599 Non
839 5546 982 5599 enim
1004 5560 1068 5599 ea
1090 5545 1199 5615 jam
1224 5552 1537 5602 enumerata
1571 5550 1628 5595 ut
1657 5540 1897 5603 bonitas,

396 5719 415 5760 ι
449 5720 604 5775 Joan.
631 5737 743 5788 xxv,
780 5722 833 5778 6.
915 5724 939 5764 ε
975 5723 990 5776 l
1025 5722 1151 5777 Cor.
1190 5737 1228 5785 ι,
1262 5721 1351 5774 24.
1432 5721 1459 5759 ι
1496 5719 1651 5775 Joan.
1692 5737 1763 5788 tv,
1797 5721 1892 5775 Ἡ.

2018 4621 2115 4674 καὶ
2138 4618 2318 4683 πάλιν,
2361 4618 2430 4670 Τὸ
2457 4618 2700 4687 Πνεῦμα
2729 4617 2837 4684 τῆς
2865 4618 3171 4683 ἀληθείας⁵
3207 4616 3324 4668 ἀλλ’
3355 4616 3432 4679 ὡς
3464 4616 3595 4684 ἡμᾶς

2014 4712 2212 4764 εἰδέναι
2233 4710 2368 4780 φησί
2393 4710 2463 4763 τά
2500 4712 2867 4782 μακαριστικά
2905 4710 2999 4761 καὶ
3027 4708 3328 4776 ἀγιαστικά
3368 4707 3592 4776 ὀνόματα

2015 4804 2123 4857 τῶν
2146 4803 2247 4872 τῆς
2287 4802 2447 4870 ἁγίας
2476 4802 2703 4874 Τριάδος
2744 4800 3113 4853 ὑποστάσεων·
3146 4800 3307 4852 τοῦτο
3338 4798 3447 4869 γὰρ
3475 4794 3590 4848 λαϐὲ

2013 4898 2109 4951 καὶ
2140 4895 2373 4948 ἐνταῦθα
2404 4897 2499 4949 καὶ
2532 4894 2625 4947 ἐπὶ
2663 4894 2843 4964 πάσης
2884 4892 3215 4962 ἀποφάσεως
3236 4891 3299 4943 τὸ
3342 4892 3419 4954 ὡς
3456 4889 3590 4960 ἡμᾶς

2012 4989 2230 5049 εἰδέναι,
2260 4988 2425 5058 ἤγουν
2457 4987 2599 5040 κατὰ
2628 4986 2725 5056 τὴν
2753 4984 3029 5056 ἡμετέραν
3073 4984 3327 5054 δύναμιν.
3368 4983 3443 5034 Ού
3475 4980 3588 5050 μέν·

2009 5097 2090 5132 τοι
2118 5096 2181 5148 γε
2221 5080 2376 5131 ούσία
2415 5080 2483 5131 τά
2528 5077 2957 5149 ἀπηριθμημένα
2993 5074 3150 5137 Θεοῦ,
3184 5073 3528 5145 ήάγαθότης,
3556 5073 3582 5140 ή

2010 5172 2219 5243 θεότης,
2252 5173 2345 5224 καὶ
2389 5170 2457 5223 τά
2486 5170 2667 5234 λοιπά,
2698 5169 2832 5223 ἀλλά
2872 5169 2999 5233 δόξα
3046 5170 3173 5241 περὶ
3213 5168 3378 5221 αὐτόν
3428 5168 3579 5217 ἐστιν.

2008 5264 2164 5317 Οῦτω
2192 5265 2285 5316 καὶ
2311 5264 2339 5314 ὁ
2375 5263 2623 5331 θεολόγος
2654 5262 2952 5333 Γρηγόριος
2980 5265 3037 5315 ἐν
3068 5262 3146 5331 τῷ
3176 5260 3347 5330 τρίτῳ
3373 5257 3480 5310 τῶν
3498 5255 3583 5307 αὑ-

2007 5356 2101 5408 τοῦ
2132 5354 2468 5422 Θεολογικῶν
2495 5354 2668 5422 λόγων
2693 5354 2868 5420 λέγει,
2900 5353 2976 5415 ὠς
3005 5352 3127 5405 οὔτε
3159 5354 3193 5422 ἡ
3221 5350 3311 5404 θε¹
3319 5367 3441 5419 της,
3470 5346 3578 5399 οὔτε

2004 5448 2064 5499 τὸ
2093 5447 2405 5516 ἀγέννητον,
2436 5444 2605 5515 οὗτεή
2632 5445 2905 5517 πατρότης
2934 5445 3122 5496 οὐσίαν
3154 5442 3409 5513 σημαίνει
3427 5435 3571 5491 Θεοῦ.

2003 5542 2093 5613 Μὴ
2126 5540 2438 5612 ταραττέτω
2475 5540 2531 5592 δέ
2563 5555 2622 5590 σε
2650 5538 2730 5590 τό·
2768 5536 2903 5592 Οθτε
2929 5538 2958 5589 ὁ
2999 5535 3130 5599 Θεὸς
3160 5532 3266 5589 οἱδε
3296 5534 3364 5587 τὰ
3393 5533 3515 5585 ὄντα
