3772 6298
153 284 289 342 1061

694 284 782 341 DE
821 284 1125 343 MYSTICA
1163 282 1581 353 ‘l'IIEOLOGlA,
1622 286 1776 343 CAP.
1818 285 1885 343 ν.
1924 315 1993 328 -—
2029 286 2377 343 PARAPHR.
2412 286 2889 347 PACHYMERE.

3274 292 3421 351 1062

147 400 281 456 ὄντα
300 400 432 455 εἰσί·
465 399 668 465 σκοπὸς
683 401 796 473 γὰρ
822 399 905 473 τῷ
932 402 1073 473 ἁγίῳ
1103 398 1382 466 δεῖξαιτὸν
1410 401 1543 455 Θεὸν
1576 419 1636 472 μγ

1929 402 2118 468 initas,
2154 411 2210 457 et
2247 412 2469 467 caetera,
2500 403 2806 458 substantia
2851 412 2983 460 sunt
3016 404 3136 471 Dei,
3175 403 3274 463 sed
3305 409 3418 477 ςὶοο

156 497 295 568 μήτε
317 494 430 547 τῶν
458 496 645 561 ὄντων,
671 496 775 567 μήτ
791 530 806 554 ,
836 494 943 565 μὴν
959 494 1067 547 τῶν
1087 495 1184 547 οὐκ
1201 494 1368 548 ὄντων
1393 492 1539 547 ὅντα.
1563 494 1636 547 Τὸ
1654 494 1730 559 δὲ,

150 585 336 655 Μηδὲν
355 585 466 638 τῶν
491 587 592 638 οὐκ
618 587 801 651 ἰιντων,
833 586 1204 657 ὐπερὸολικῶς
1220 586 1447 640 τέθεικε·
1478 587 1598 641 τίνα
1623 588 1734 659 γάρ

148 678 252 730 εἰσι
284 676 356 730 τὰ
388 676 462 748 μὴ
494 678 642 744 ὅντα,
665 678 739 741 ὼς
768 676 834 731 ἂν
861 679 1131 749 εἴποιμεν,
1151 680 1234 733 ὅτι
1262 678 1361 733 οὐκ
1392 678 1507 732 ἔστι
1538 696 1590 732 τι
1622 678 1733 733 τῶν

148 769 224 840 μὴ
253 769 447 832 ὄντων,
480 768 615 822 ἀλλὰ
654 769 803 823 οὐδὲν
840 769 949 823 τῶν
980 770 1149 824 ὅντων
1185 770 1374 834 οὔτωςο
1405 772 1635 837 dmi-nul.
1663 772 1732 825 τὰ

144 861 326 914 πάντα
360 863 672 934 παρήγαγε,
718 861 835 926 πῶς
862 861 973 933 ἔχει
1004 862 1291 933 εὑρεθῆναι
1321 862 1381 915 ἓν
1419 880 1473 915 τι
1502 864 1609 916 τῶν
1646 863 1733 915 ὅν-

140 969 279 1017 τι-›ν;
311 954 455 1020 Λέγε
504 953 709 1016 τοίνυν,
762 954 843 1008 ὅτι
880 954 1000 1008 οὐδὲ
1054 954 1121 1008 τὰ
1163 955 1290 1008 ὅντα
1337 956 1591 1024 γινώσκει
1640 958 1731 1011 τὸν

141 1043 367 1096 πάντων
421 1043 592 1097 αἴτιον
627 1044 783 1097 Θεόν·
831 1044 969 1099 ἀλλὰ
1028 1047 1235 1117 ταχέως
1286 1047 1419 1101 αὐτὸ
1473 1049 1731 1121 ἐσαφήνι-

144 1152 255 1200 σεν,
292 1134 465 1188 εἰπών
484 1152 498 1165 ο
524 1129 600 1208 τῌ
628 1136 791 1200 αὐτός
820 1154 957 1204 εστι,
986 1132 1282 1201 τουτέστιν,
1308 1139 1472 1194 Οὐδὲν
1507 1141 1614 1193 τῶν
1643 1141 1730 1195 ὅν-

139 1244 248 1279 των
275 1227 535 1296 γινώσκει
552 1227 684 1281 Θεὸν
704 1229 839 1283 καθὸ
856 1232 1022 1295 ἐστιν,
1041 1232 1173 1305 ἀντὶ·
1186 1231 1279 1285 τοῦ
1295 1232 1391 1305 τὴν
1412 1234 1728 1307 ἀνεννόητον

140 1324 235 1372 καὶ
260 1319 588 1391 ὐπερούσιον
629 1321 794 1374 αὐτοῦ
840 1322 1027 1376 οὐσίαν
1067 1324 1162 1377 καὶ
1208 1323 1460 1396 ὕπαρξιν·
1515 1327 1728 1397 εἴρηται

138 1413 266 1482 γάρ’
321 1411 533 1478 Οὐδεὶς
570 1410 845 1482 γινώσκει
887 1414 992 1468 τὸν
1030 1413 1187 1479 Υἱὸν,
1237 1418 1289 1469 εἰ
1312 1415 1398 1485 μὴ
1435 1419 1467 1469 d
1496 1416 1723 1486 Πατὴρ,

140 1504 238 1559 καὶ
264 1504 373 1557 τὸν
397 1504 644 1573 Πατέρα,
673 1508 725 1559 εί
749 1505 836 1575 μὴ
883 1510 915 1560 ὁ
945 1509 1095 1573 Υἱός.
1130 1509 1238 1561 Καὶ
1268 1509 1333 1561 ἐκ
1358 1508 1450 1562 τοῦ
1480 1511 1723 1565 ἐναντίου

138 1596 337 1666 ἐπάγει
368 1598 397 1649 ὁ
424 1598 613 1670 Πατὴρ
641 1591 813 1661 οὗτος,
837 1598 927 1651 καί
946 1616 1128 1669 φησιν,
1154 1600 1341 1664 Οὐδεὶς
1358 1601 1613 1670 γινώσκει
1634 1603 1724 1656 τὸν

137 1688 268 1743 Θεὸν
366 1692 535 1756 ἐστιν,
571 1691 691 1743 οὐδὲ
718 1692 881 1754 αὐτὸς
907 1691 936 1743 ὁ
964 1690 1096 1755 Θεὸς
1139 1692 1395 1760 γινώσκει
1423 1692 1490 1745 τὰ
1520 1694 1649 1748 ὄντα

1838 493 1920 548 ria
1950 494 2097 549 circa
2118 495 2339 577 .ipsum.
2381 494 2473 550 Sic
2509 495 2673 550 etiam
2702 494 3004 566 Gregorius
3034 498 3319 571 theologus
3359 500 3408 548 li-

1836 586 1937 641 bro
1966 587 2126 641 tertio
2149 583 2446 656 Theologia:
2467 601 2577 641 suae
2599 587 2758 651 dixit,
2782 589 2926 649 quod
2947 603 3122 658 neque
3140 590 3396 648 divinitas

1835 689 2015 746 neque
2067 676 2400 746 ingenitum,
2448 692 2626 746 neque
2681 678 2986 746 paternitas
3043 681 3416 740 substantiam

1836 766 1931 825 Dei
1972 768 2301 837 signiﬁcent.
2357 767 2542 838 Neque
2604 780 2656 825 te
2712 771 2814 825 hoc
2870 781 3087 826 moveat
3136 773 3393 831 turbetve
3438 832 3441 835 ,

1832 859 1976 927 quod
2000 858 2145 913 dicat
2178 859 2342 913 Deum
2373 876 2479 914 non
2508 846 2671 916 nosse
2709 863 2969 917 entitatos
2998 871 3267 931 quatenus
3291 875 3419 922 sunt

1832 951 2116 1014 entitates;
2164 952 2500 1021 propositum
2554 954 2697 1007 enim
2754 962 2835 1008 est
2893 954 3019 1009 huic
3075 963 3269 1010 sancto
3321 957 3417 1013 de-

1834 1050 2160 1108 monstrare,
2194 1043 2359 1099 Deum
2398 1041 2529 1099 nihil
2556 1028 2679 1100 esSe
2707 1060 2901 1101 eorum
2954 1061 3073 1115 quae
3121 1058 3272 1112 sunt,
3314 1066 3414 1104 ne-

1831 1150 1938 1205 que
1970 1145 2150 1190 tamen
2177 1136 2471 1206 quidquam
2504 1152 2627 1193 esse
2653 1128 2842 1193 eorum
2876 1153 2997 1208 quae
3038 1153 3145 1193 non
3179 1148 3326 1194 sunt.
3355 1138 3414 1195 Id

1830 1236 2035 1284 autem.
2086 1227 2270 1296 Neque
2294 1242 2479 1283 eorum
2511 1244 2630 1298 qua:
2666 1245 2774 1285 non
2817 1240 2965 1294 sunt,
2997 1244 3095 1300 per
3126 1245 3413 1288 excessum

1829 1318 2040 1387 posuit;
2075 1319 2327 1388 quaedam
2368 1320 2512 1374 enim
2553 1329 2680 1373 sunt
2720 1336 2824 1375 non
2858 1321 3041 1386 entia;
3080 1335 3145 1376 ac
3176 1319 3222 1376 si
3264 1320 3415 1376 dice-

1832 1425 2034 1476 remus,
2065 1411 2208 1481 quod
2236 1425 2343 1463 non
2380 1409 2455 1465 sit
2489 1409 2719 1483 aliquid,
2744 1426 2933 1489 eorum
2970 1428 3090 1482 quae
3121 1429 3230 1469 non
3260 1423 3415 1483 sunt,

1827 1511 1883 1557 et
1912 1502 2013 1556 hoc
2040 1503 2202 1556 modo
2234 1502 2304 1556 sit
2340 1500 2473 1556 niliil
2521 1517 2711 1557 eorum
2751 1518 2873 1573 qua:
2903 1513 3065 1571 sunt;
3119 1506 3322 1561 ctenim
3355 1508 3402 1565 si

1827 1594 1944 1663 ipse
1974 1595 2157 1649 omnia
2198 1594 2484 1665 produxit,
2504 1595 2776 1665 quomodo
2812 1605 2993 1667 potest
3032 1612 3152 1653 esse
3202 1598 3437 1668 aliquid,

1827 1700 2016 1740 eorum
2049 1700 2169 1754 qua:
2208 1688 2374 1741 sunt?
2404 1686 2550 1742 Dicit
2596 1687 2798 1756 itaque,
2831 1687 2986 1755 ‘quod
3035 1703 3137 1743 nec
3191 1704 3253 1745 ea
3291 1705 3412 1760 qum

135 1780 264 1833 ὄντα
288 1782 429 1834 ἐστί’
450 1783 753 1849 τουτέστιν,
783 1785 883 1838 οὐκ
901 1780 1037 1837 οἶδεν
1066 1785 1372 1839 ἐπιϐάλλειν
1389 1789 1500 1849 τοῖς
1530 1789 1624 1859 αἰσ

1918 1786 1978 1843 ιι,
2027 1786 2360 1846 cognoscant
2410 1777 2580 1833 Deum
2615 1793 2834 1833 causam
2882 1777 3165 1843 omnium;
3219 1795 3407 1835 verum

132 1875 247 1936 τοῖς
275 1873 552 1945 αἰσθητῶς
580 1874 613 1945 ἢ
650 1878 772 1939 ταῖς
800 1876 1030 1940 οὐσίαις,
1067 1877 1143 1940 ὡς
1176 1877 1406 1941 οὐσίαιςο
1455 1879 1721 1935 ἀνοίκειον

131 1963 244 2035 γὰρ
272 1965 433 2018 τοῦτο
464 1966 620 2020 Θεοῦ.
650 1968 713 2020 Οἰ
748 1967 856 2039 γὰρ
874 1968 1149 2039 ἄνθρωποι
1181 1968 1250 2022 τὰ
1282 1970 1381 2040 μὲν
1423 1971 1657 2043 αἰσθητὰ
1684 1972 1718 2043 ἢ

127 2055 219 2109 διά
259 2057 409 2121 θέας,
438 2057 473 2128 ἢ
500 2059 569 2111 δι’
598 2060 763 2130 ἁφῆς,
805 2060 839 2131 ἢ
877 2059 965 2113 διὰ
991 2059 1238 2129 γεύσεως
1255 2061 1483 2133 νοοῦμεν
1509 2064 1561 2116 τί
1590 2066 1714 2118 εἰσι·

129 2149 199 2203 τά
226 2150 285 2203 δὲ
315 2150 482 2220 νοητὰ
510 2150 617 2204 ἀπὸ
650 2152 957 2224 μαθήσεως,
988 2153 1414 2225 ἥδιδασκαλίας,
1452 2155 1484 2225 ἢ
1524 2155 1721 2228 ἐλλάμ-

128 2244 280 2314 ψεως
308 2244 821 2315 καταλαμϐάνομεν.
857 2246 914 2298 '0
943 2245 999 2298 δὲ
1018 2246 1150 2310 Θεὸς
1170 2246 1291 2299 οὐδὲ
1315 2245 1375 2311 ἐξ
1396 2246 1512 2310 ἑνὸς
1542 2248 1719 2300 τοιού-

126 2353 224 2389 του
254 2336 458 2407 τρόπου
496 2333 701 2389 οἷδετὰ
726 2336 876 2400 ὄντα,
908 2336 1042 2390 ἀλλὰ
1072 2337 1271 2406 γνῶσιν
1297 2338 1408 2408 ἔχει
1434 2338 1533 2411 τὴν
1570 2340 1720 2410 αὐτῷ

126 2427 475 2498 πρέπουσαν·
529 2428 689 2483 τοῦτο
744 2428 854 2501 γὰρ
901 2429 1191 2484 αἰνίττεται
1230 2430 1309 2483 τό·
1360 2432 1414 2483 '0
1455 2430 1619 2498 εἰδὼς
1646 2432 1720 2487 τὰ

124 2520 331 2575 πάντα
356 2520 499 2588 πρὶν
525 2519 819 2591 γενέσεως
838 2521 1054 2585 αὐτῶν,
1072 2522 1333 2593 δηλονότι,
1366 2512 1441 2576 οὐ’
1457 2523 1600 2577 κατὰ
1627 2524 1718 2577 τὸν

124 2612 287 2682 λόγον
312 2612 414 2683 τῆς
435 2613 699 2682 γενέσεως
712 2614 820 2666 τῶν
837 2613 1004 2667 ὄντων
1030 2610 1169 2668 οἶδεν
1206 2614 1347 2668 αὐτὰ
1365 2616 1392 2667 ὁ
1410 2615 1561 2678 Θεὸς,
1582 2615 1719 2688 ὅπερ

126 2704 284 2757 ἐστὶν
314 2703 610 2775 αἰσθητῶς,
657 2704 792 2758 ἀλλὰ
822 2704 943 2758 καθ’
990 2704 1177 2777 ἕτερον
1207 2706 1459 2776 γνώσεως
1493 2706 1714 2778 τρόπον.

127 2797 191 2851 Οἱ
220 2796 445 2865 ἄγγελοι
473 2797 529 2850 δὲ
557 2798 875 2865 γνωστικῶς
901 2798 997 2851 καὶ
1040 2798 1220 2862 ἀύλως
1250 2799 1389 2853 αὐτὰ
1422 2798 1720 2867 γινώσκου-

128 2906 234 2955 σιν,
271 2889 372 2960 οὐχ
412 2889 489 2952 ὡς
533 2891 695 2959 ἡμεῖς
727 2887 1019 2959 αἰσθητῶς.
1058 2888 1244 2953 Οὕτως
1270 2887 1363 2944 οὖν
1396 2893 1488 2945 καὶ
1524 2893 1553 2944 ὁ
1588 2892 1719 2956 Θεὸς

125 2982 481 3053 ἁσυγκρίτως
508 2981 601 3033 καὶ
635 2980 1213 3052 ὐπεραναϐεὸηκότως,
1241 2983 1301 3035 οὐ
1336 2982 1440 3055 μὴν
1471 2988 1590 3047 ταῖς
1624 2984 1717 3037 οὐ-

128 3074 275 3137 σίαις
306 3072 647 3144 συμϐάλλων,
676 3070 786 3128 οἶδε
824 3073 892 3127 τὰ
927 3074 1073 3128 ὄντα.
1103 3075 1301 3128 Λοιπὸν
1330 3076 1397 3129 τὰ
1427 3077 1554 3130 ὄντα
1582 3077 1714 3131 Θεὸν

124 3167 225 3219 οὐκ
249 3162 391 3219 οἶδεν
482 3166 598 3218 ἐστι
618 3166 769 3230 Θεός⁶
796 3166 937 3237 ὑπὲρ
958 3166 1067 3238 γὰρ
1085 3166 1184 3237 τὴν
1213 3167 1407 3220 ἑαυτοῦ
1441 3167 1600 3237 φύσιν
1616 3170 1711 3222 ὲκ·-

123 3259 365 3330 ταθῆναι
394 3260 516 3321 ταῖς
544 3260 792 3330 νοήσεσιν
822 3259 883 3311 οὐ
919 3258 1191 3313 δύνανται.
1226 3259 1465 3323 Εἰκότως
1510 3256 1603 3313 οὖν
1636 3264 1715 3326 εἰς

124 3350 300 3405 ἑαυτὰ
330 3350 623 3421 βλέποντα,
672 3351 855 3420 ἀγνοεῖ
886 3352 986 3423 τὴν
1016 3351 1166 3405 θείαν
1198 3352 1359 3420 φύσιν
1396 3352 1531 3406 καθὸ
1573 3355 1709 3427 αὐτή

122 3444 298 3496 ἔστιν.
328 3440 513 3505 Οὕτως
531 3437 624 3494 οὖν
654 3442 751 3496 καὶ
776 3444 809 3514 ἡ
845 3441 964 3496 θεία
1002 3441 1162 3512 φύσις
1188 3443 1387 3516 ἑαυτὴν
1420 3443 1709 3515 βλέπουσα,

120 3535 224 3587 οὐκ
252 3528 393 3587 οἶδεν
420 3536 477 3587 ὲν
508 3536 675 3605 ἑαυτῇ
709 3534 777 3588 τὰ
810 3533 937 3588 ὅντα
984 3534 1125 3588 κατά
1155 3534 1245 3588 τὸν
1273 3536 1374 3606 τῆς
1411 3536 1600 3601 οὐσίας
1627 3538 1712 3591 λό-

121 3641 243 3694 γον,
276 3626 463 3698 ὲπειδὴ
494 3627 633 3698 ὑπὲρ
661 3626 839 3679 πάντα
868 3626 935 3679 τὰ
962 3625 1091 3678 ὄντα
1116 3628 1253 3690 ἐστὶ,
1280 3629 1373 3681 καὶ
1394 3630 1525 3685 αὐτὸ
1554 3633 1615 3686 τὸ
1634 3628 1711 3685 εἶ-

122 3734 213 3769 ναι
242 3716 503 3788 κέκτηται
548 3716 902 3789 ὐπερουσίως.
952 3717 1062 3769 Καὶ
1095 3718 1255 3772 πάλιν
1303 3720 1563 3794 ἀνωτέρω
1612 3726 1710 3795 μὲν

121 3805 300 3874 εἶπεν,
326 3808 462 3861 Οὔτε
495 3808 629 3878 φῶς,
663 3808 787 3862 οὔτε
815 3808 1056 3880 ἀλήθεια·
1098 3808 1193 3863 νῦν
1220 3811 1296 3877 δὲ,
1329 3812 1465 3865 Οὔτε
1496 3816 1705 3882 σκότος,

119 3899 249 3954 οὔτε
282 3900 416 3970 φῶς,
448 3900 572 3954 οὔτε
601 3901 797 3972 πλάνη,
840 3900 961 3954 οὔτε
995 3901 1238 3970 ἀλήθεια.
1292 3904 1401 3957 Καὶ
1449 3906 1594 3961 ἔστιν
1632 3910 1708 3962 εἰ-

120 4000 267 4059 πεῖν,
292 3997 375 4049 ὅτι
401 3998 462 4051 τὸ
493 3999 591 4068 μὲν
614 4000 830 4070 πρῶτον
860 3998 975 4069 φῶς
1003 3999 1197 4068 λέγων,
1226 4002 1355 4073 περὶ
1384 4002 1476 4055 τοῦ
1503 4004 1705 4057 ἀπολύ-

118 4106 231 4152 τως
261 4089 439 4158 φωτὸς
464 4090 633 4159 λέγει,
662 4092 830 4162 ἥγουν
860 4090 1117 4161 περὶτῶν
1149 4092 1457 4161 ἀγγελικῶν
1486 4095 1704 4163 οὐσιῶν,

120 4181 218 4234 καὶ
248 4179 503 4252 ἀλήθειαν
530 4182 629 4252 τὴν
683 4182 1246 4255 αὐτοαπολελυμένωςο
1278 4185 1339 4237 οὐ
1377 4184 1482 4256 μὴν
1511 4185 1567 4238 δὲ
1607 4187 1705 4260 τὴν

118 4270 505 4343 ἀντικειμένην
533 4273 612 4343 τῷ
641 4273 824 4331 ψεύδει
853 4274 1131 4345 ἀλήθειαν,
1162 4276 1259 4344 ἀφ’
1288 4269 1363 4331 ὧν
1397 4278 1704 4348 ἀποφάσκει

119 4364 182 4417 τὸ
210 4363 386 4429 Θεῖον,
415 4364 497 4417 ὅτι
527 4365 622 4418 καὶ
652 4366 791 4437 ὑπὲρ
818 4364 989 4419 ταῦτα
1017 4366 1351 4438 ἐξῃρημένον
1390 4370 1554 4424 ἐστίν.
1598 4372 1706 4424 Ἑν-

116 4455 297 4510 ταῦθα
324 4455 381 4509 δὲ
400 4455 564 4526 λέγει,
595 4458 677 4511 ὅτι
707 4456 844 4511 Οὔτε
880 4457 987 4513 τῶν
1012 4459 1148 4531 πρός
1177 4477 1251 4524 τι,
1286 4459 1481 4531 μᾶλλον
1509 4462 1565 4515 δὲ
1592 4462 1698 4516 τῶν
1735 4483 1774 4537 ο

119 4548 265 4602 κατὰ
296 4547 551 4619 στέρησιν
572 4551 665 4603 καὶ
694 4550 826 4616 ἕξινο
860 4545 991 4614 οἷον,
1022 4552 1105 4605 ὅτι
1136 4549 1257 4605 οὔτε
1278 4554 1342 4606 ὲκ
1374 4554 1597 4619 σκότους
1624 4558 1704 4620 εἰς

121 4637 239 4709 φῶς
270 4639 584 4710 μετέϐαλεν,
616 4641 816 4696 ὡσανεὶ
843 4642 907 4696 ὲκ
948 4641 1043 4696 τοῦ
1070 4642 1295 4713 δυνάμει
1327 4645 1503 4713 φωτὸς
1533 4648 1614 4710 εἰς
1640 4647 1701 4701 τὸ

120 4731 375 4802 ἐνεργείᾳ
401 4731 673 4799 φῶςόὔτε
696 4733 855 4788 πάλιν
882 4735 947 4787 ὲκ
977 4732 1071 4786 τοῦ
1102 4732 1307 4805 πλάνην
1327 4731 1485 4802 εἶναι,
1516 4737 1702 4807 δηλον-

117 4823 201 4875 ότι
248 4822 476 4893 δυνάμει
517 4822 793 4894 ἀλήθειαν,
839 4828 920 4889 εἰς
956 4824 1209 4897 ἀλήθειαν
1250 4827 1499 4898 ἐνεργείᾳ
1542 4828 1700 4898 μετέ-

120 4914 273 4967 6αλε’
316 4915 494 4969 πάντα
536 4914 647 4987 γὰρ
673 4917 845 4970 ταῦτα
874 4917 1098 4989 δεύτερα
1134 4916 1319 4981 αὐτοῦ,
1362 4919 1457 4971 καὶ
1496 4918 1557 4971 τὸ
1586 4919 1702 4988 φῶς

120 5009 217 5061 καὶ
246 5008 280 5077 ἡ
303 5006 555 5079 ἀλήθεια,
590 5008 649 5073 ἐξ
676 5010 841 5065 αὐτοῦ
875 5010 1246 5083 προνοητικῶς
1274 5010 1528 5081 φανέντα.
1563 5011 1699 5064 Οὐδέ

120 5102 239 5152 ἐστι
270 5100 546 5164 παντελῶς
588 5102 755 5155 αὐτοῦ
796 5102 963 5170 θέσις,
997 5104 1073 5167 ὡς
1101 5099 1239 5157 εἶναι
1269 5103 1302 5174 ἢ
1335 5102 1476 5174 ζωὴν
1497 5102 1532 5173 ἢ
1568 5104 1699 5175 ἀλή-

120 5193 293 5255 θειαν,
322 5192 357 5263 ἢ
398 5192 523 5245 ἄλλο
567 5210 619 5253 τι
646 5194 753 5247 τῶν
795 5194 980 5248 ὄντων.
1026 5194 1158 5249 Οὐδὲ
1196 5195 1356 5249 πάλιν
1410 5193 1699 5266 ἀφαίρεσις

120 5284 420 5347 παντελῶς,
444 5284 520 5347 ὡς
554 5286 776 5357 μηδαμῆ
802 5287 1062 5358 μηδαμῶς
1089 5282 1247 5353 εἶναι,
1272 5286 1406 5341 ἀλλὰ
1436 5286 1544 5339 τῶν
1580 5288 1695 5357 μετ’

120 5377 307 5440 αὐτὸν,
336 5375 573 5446 δηλονότι
598 5376 704 5429 τῶν
732 5378 1043 5449 κτισμάτων
1076 5379 1175 5443 τὰς
1207 5379 1383 5442 θέσεις
1410 5380 1503 5431 καὶ
1535 5379 1696 5448 ἀφαι-

123 5471 304 5541 ρέσεις
348 5467 643 5532 ποιοῦντεςο
680 5461 855 5531 θέσεις
889 5470 1007 5539 μὲν,
1054 5465 1165 5524 οἷον
1212 5469 1385 5542 ζωὴν,
1422 5469 1698 5541 ἀλήθειαν,

120 5563 198 5615 ὂψ
235 5560 555 5632 ἀφαιρέσεις
581 5554 784 5621 δὲ,οἶον
798 5560 856 5613 οὐ
883 5546 1047 5633 ζωὴν,
1070 5565 1167 5616 οὐκ
1186 5563 1460 5634 ἀλήθειαν,
1484 5563 1583 5616 οὐκ
1614 5561 1693 5615 ὅν.

218 5740 235 5778 ί
278 5737 469 5792 Matth.
507 5752 581 5802 χι,
615 5737 707 5791 ‘27.
792 5735 817 5775 ιι
864 5735 997 5791 Dan.
1039 5750 1154 5802 xm,
1195 5738 1286 5792 42.

1821 1872 2009 1927 Statim
2051 1870 2193 1925 idem
2223 1870 2499 1939 exposuit,
2541 1870 2727 1925 dicens
2757 1886 2771 1923 :
2815 1875 3100 1936 Quatenus
3136 1871 3252 1940 ipse
3283 1880 3406 1938 est:

1821 1962 1965 2034 quod
1995 1963 2223 2033 perinde
2256 1972 2344 2018 est
2373 1976 2436 2018 ac
2487 1963 2534 2018 si
2583 1963 2798 2018 dicatur
2838 1979 2852 2016 :
2888 1960 3036 2016 Nihil
3087 1978 3154 2017 ex
3188 1964 3254 2017 iis
3290 1979 3411 2033 qua:

1821 2064 1970 2130 sunt,
2006 2056 2292 2125 cognoscit
2318 2053 2487 2109 Deum
2516 2063 2783 2124 quatenus
2814 2062 2920 2120 est,
2956 2054 3007 2109 id
3034 2063 3120 2109 est
3146 2055 3409 2109 substan-

1822 2148 1952 2202 tiam
1984 2149 2102 2218 ejus
2128 2150 2264 2219 fquac
2291 2164 2456 2219 supra
2489 2149 2859 2205 substantiam
2888 2134 2997 2213 est,
3026 2160 3081 2204 et
3109 2166 3229 2229 quae
3256 2149 3412 2205 intel-

1821 2242 1913 2312 ligi
1941 2258 2047 2298 non
2078 2253 2259 2312 potest
2297 2243 2423 2297 :vel
2453 2244 2570 2313 ejus
2607 2243 3023 2308 exsistentiam;
3078 2244 3282 2300 dictum
3326 2254 3409 2300 est

1820 2335 1964 2389 enim
1991 2354 2003 2389 :
2026 2334 2196 2390 Nemo
2221 2335 2361 2389 novit
2390 2333 2620 2402 Filium,
2638 2338 2743 2390 nisi
2764 2335 2929 2391 Pater
2952 2350 2971 2389 :
2998 2354 3160 2408 neque
3188 2336 3408 2392 Patrem

1818 2427 1937 2497 quis
1960 2428 2245 2493 novit,nisi
2272 2426 2446 2482 Filius
2477 2429 2523 2483 ί.
2553 2428 2733 2498 Atque
2766 2443 2797 2484 e
2820 2431 3099 2485 contrario
3128 2429 3410 2499 subiungit

1820 2516 1911 2571 hic
1940 2517 2300 2587 Pater,atque
2316 2518 2393 2573 ait
2425 2534 2440 2572 :
2464 2518 2634 2572 Nemo
2661 2518 2918 2589 cognovit
2946 2518 3112 2572 Deum
3137 2528 3409 2589 quatenus

1820 2617 1927 2671 est,
1964 2623 2063 2663 nec
2089 2608 2207 2677 ipse
2240 2610 2382 2664 Deus
2421 2609 2709 2680 cognoscit
2733 2625 2797 2666 ea
2828 2626 2947 2681 qua:
2976 2622 3102 2665 sunt
3137 2621 3410 2682 quatenus

1826 2710 1989 2763 sunt;
2017 2699 2068 2753 id
2094 2708 2198 2767 est,
2221 2715 2327 2753 non
2354 2702 2499 2755 novit
2530 2702 2818 2756 intendere
2847 2712 3082 2756 mentem
3110 2704 3407 2758 secundum

1820 2788 1981 2860 583
2010 2805 2230 2845 sensum
2267 2791 2335 2845 ad
2372 2806 2435 2845 ea
2469 2806 2591 2861 quae
2617 2802 2745 2847 sunt
2774 2792 3024 2857 sensilia,
3051 2807 3151 2848 nec
3182 2794 3250 2848 ad
3279 2796 3410 2850 sub-

1820 2881 2060 2935 stantias
2107 2889 2381 2949 quatenus
2417 2881 2738 2936 substantia:
2770 2882 2931 2951 sunt;
2970 2883 3072 2937 hoc
3103 2884 3247 2937 enim
3298 2900 3407 2938 non

1824 2973 2087 3027 convenit
2112 2973 2244 3028 Deo.
2265 2972 2373 3028 Nos
2395 2974 2540 3028 enim
2558 2974 2650 3043 qui
2678 2974 2929 3031 homines
2958 2991 3171 3041 sumus,
3198 2993 3260 3032 ea
3286 2992 3407 3047 quae

1820 3078 1986 3118 sensu
2034 3062 2436 3133 percipiuntur,
2484 3074 2580 3118 aut
2614 3074 2853 3135 aspectu
2898 3076 2992 3121 aut
3045 3076 3264 3137 gustatu
3313 3076 3407 3123 aut

1741 3132 1782 3189 (ἶ
1817 3165 1971 3213 tactu
2031 3159 2384 3230 intelligimus
2441 3161 2574 3231 quid
2632 3132 2774 3229 sint;
2823 3177 2887 3216 ea
2941 3132 3073 3218 vero
3126 3177 3247 3231 qua:
3304 3164 3406 3220 sub

1817 3250 2232 3321 intelligentiam
2297 3252 2532 3318 cadunt,
2594 3262 2688 3307 aut
2746 3269 2845 3324 per
2886 3254 3254 3323 disciplinain,
3312 3264 3406 3311 aut

1815 3342 2149 3410 doctrinam,
2204 3348 2323 3403 auti‘
2356 3360 2454 3417 per
2492 3345 2946 3401 illutninationem
2998 3348 3401 3417 cognoscimus.

1814 3436 1956 3491 Deus
1991 3448 2174 3491 autem
2220 3438 2368 3493 nullo
2395 3440 2557 3494 modo
2587 3455 2653 3493 ex
2687 3440 2804 3494 istis
2832 3440 2981 3494 novit
3008 3454 3073 3493 ea
3097 3456 3218 3510 qua:
3250 3450 3401 3509 sunt,

1812 3530 1905 3584 sed
1928 3530 2112 3595 potius
2138 3532 2205 3585 ex
2244 3532 2425 3603 seipsn
2458 3533 2822 3604 cognitionem
2846 3518 2948 3588 sibi
2974 3547 3274 3604 congruam
3308 3536 3404 3589 lia-

1813 3620 1937 3688 bet;
1984 3622 2085 3677 hoc
2129 3621 2275 3677 enim
2339 3624 2579 3679 insinuat
2621 3623 2929 3693 Scriptura,
2971 3640 3096 3678 cum
3141 3625 3257 3679 ait:
3292 3626 3403 3689 Qui

1813 3713 1953 3767 novit
1989 3729 2167 3767 omnia
2196 3726 2477 3784 antequam
2511 3716 2695 3786 ﬁerent
2735 3716 2785 3782 ιι,
2830 3716 3035 3771 scilicet
3073 3731 3179 3771 non
3210 3731 3405 3771 secun-

1811 3804 1937 3858 dum
1990 3807 2257 3860 rationem
2306 3809 2678 3876 generationis
2722 3823 2905 3863 rerum
2937 3807 3089 3862 novit
3127 3823 3191 3861 ea
3232 3809 3419 3877 Deus,~

1808 3897 1952 3967 quod
1984 3905 2073 3951 est
2119 3897 2476 3959 sensibiliter.
2523 3900 2619 3955 sed
2666 3900 2963 3953 secundum
2997 3899 3163 3952 alium
3203 3900 3400 3953 intelli-

1806 3986 1971 4055 gendi
2001 3987 2242 4042 modum.
2269 3987 2463 4058 Angeli
2494 4001 2625 4041 vero
2659 3988 2747 4041 illa
2779 3998 3118 4058 cognoscunt
3158 3989 3399 4043 scienter

1807 4087 1865 4132 et
1899 4076 2359 4143 immaterialiter,
2406 4093 2513 4132 non
2556 4078 2859 4142 sensiliter,
2906 4088 2965 4132 ut
3012 4093 3131 4133 nos.
3167 4079 3260 4132 Sic
3289 4079 3392 4133 uti-

1806 4181 1916 4235 que
1949 4166 2110 4221 etiam
2141 4166 2281 4222 Deus
2308 4168 2515 4237 absque
2556 4169 2969 4239 comparatione
3009 4178 3063 4223 et
3110 4179 3361 4225 transcen

1807 4256 2116 4325 dentaliter,
2161 4274 2270 4314 non
2322 4270 2503 4314 autem
2544 4276 2672 4316 cum
2708 4262 3032 4316 substantiis
3062 4277 3388 4332 comparati.

1808 4365 1896 4405 res
1952 4352 2123 4406 novit.
2182 4351 2450 4407 Caeterum
2508 4367 2571 4407 ea
2619 4368 2739 4422 quae.
2784 4364 2936 4419 sunt,
2980 4369 3085 4409 non
3126 4364 3396 4409 noverunt

1806 4443 1975 4497 Deum
2005 4444 2060 4498 in
2098 4454 2364 4514 quantum
2397 4445 2539 4501 Deus
2581 4456 2685 4512 est,
2731 4447 2988 4516 quoniam
3029 4462 3132 4501 non
3164 4461 3394 4516 possunt

1804 4550 1968 4605 supra
1995 4545 2245 4591 naturam
2269 4552 2421 4592 suam
2446 4536 2574 4591 ferri
2602 4537 2977 4607 intelligendo.
3004 4537 3390 4592 Consentanee

1808 4627 1977 4695 igitur
1998 4642 2123 4682 cum
2153 4642 2214 4683 se
2244 4628 2543 4693 intuentur,
2571 4628 2811 4682 divinam
2851 4639 3102 4683 naturam
3136 4629 3392 4698 ignorant

1807 4720 2108 4776 secundum
2159 4719 2292 4774 illud
2325 4722 2471 4790 quod
2511 4722 2627 4790 ipsa
2688 4730 2794 4777 est.
2855 4721 2947 4777 Sic
2996 4721 3161 4791 igitur
3206 4723 3389 4778 divina

1807 4822 2002 4867 natura
2037 4812 2093 4866 in
2136 4812 2371 4881 seipsam
2416 4813 2651 4877 intuens,
2696 4828 2805 4867 non
2868 4813 3020 4867 novit
3062 4813 3116 4866 in
3161 4828 3220 4868 se
3268 4828 3390 4868 esse

1807 4913 2109 4969 creaturas,
2151 4905 2454 4960 secundum
2501 4910 2766 4959 rationem
2810 4906 3131 4959 substantia:
3171 4922 3383 4969 earum,

1805 4998 2072 5067 siquidem
2104 5005 2185 5052 est
2220 5012 2381 5066 supra
2411 4998 2590 5051 omnia
2630 5012 2751 5067 quae
2779 5007 2929 5063 sunt,
2970 5010 3023 5052 et
3056 5000 3230 5066 ipsum
3264 5013 3393 5054 esse

1805 5089 2327 5157 suprasubstantiam
2366 5084 2547 5147 habet.
2588 5085 2654 5139 Ει
2712 5106 2925 5145 rursum
2964 5092 3215 5161 superius
3264 5093 3386 5160 qui-

1805 5185 1925 5239 dem
1955 5185 2093 5240 dixit
2126 5203 2141 5240 :
2174 5184 2358 5254 Neque
2393 5184 2507 5249 lux,
2535 5200 2714 5255 neque
2741 5185 2981 5250 veritas;
3024 5201 3166 5240 nunc
3203 5201 3332 5239 vero
3364 5199 3385 5239 :

1804 5277 1989 5348 Neque
2046 5276 2306 5339 tenebrae,
2356 5290 2534 5343 neque
2589 5276 2704 5343 lux,
2759 5289 2934 5345 neque
2983 5292 3160 5341 error,
3206 5290 3382 5343 neque

1803 5373 2024 5427 veritas.
2079 5370 2148 5426 Et
2192 5371 2375 5425 dicere
2427 5370 2614 5435 liccat,
2661 5370 2898 5440 primum
2940 5372 3157 5441 quidem
3185 5408 3202 5431 ,
3255 5385 3379 5425 cum

1804 5463 1981 5519 lumen
2014 5464 2164 5528 dicit,
2214 5464 2388 5532 ipsum
2440 5464 2585 5534 loqui
2623 5464 2690 5521 de
2727 5465 2931 5520 lumine
2958 5465 3228 5529 absoluto,
3261 5466 3377 5519 sive

1801 5556 1871 5614 de
1912 5555 2230 5613 substantiis
2278 5556 2571 5627 angelicis,
2618 5567 2673 5613 et
2706 5572 2829 5614 esse
2869 5558 3153 5613 veritatem
3187 5572 3373 5615 earum
