3752 6320
348 282 486 341 1063
1535 280 1591 339 S.
1630 280 1830 339 DIONY

2158 280 2425 338 PAGITIE
3488 277 3640 335 {064

344 418 439 473 per
463 414 521 456 se
553 396 878 464 absolutam,
908 412 1013 453 non
1053 405 1233 451 autem
1278 411 1396 452 esse
1428 397 1711 453 veritatem
1764 412 1826 451 ml

2175 415 2215 450 ἀ
2244 395 2375 465 γοῦν
2400 395 2468 449 τὰ
2501 397 2616 467 μετ’
2638 391 2801 448 αὐτὸν
2829 394 2926 449 καὶ
2948 393 3187 458 τιθέντες
3212 396 3311 451 καὶ
3328 397 3657 469 ἀφαιροῦν-

344 499 512 554 daciis
557 498 884 568 oppositam,
923 510 1043 564 quae
1078 495 1131 549 in
1172 493 1283 548 Deo
1318 505 1500 565 negat,
1534 496 1791 563 quoniam
1823 516 1826 546 ε

2162 489 2322 542 αὑτὸν
2348 488 2440 542 τὸν
2477 488 2610 543 Θεὸν
2650 488 2773 541 οὔτε
2815 486 3057 559 τίθεμεν,
3100 488 3270 559 {now
3314 489 3383 554 ἐξ
3429 490 3643 542 αὐτῶν

343 605 439 661 pra
472 590 573 644 ista
607 598 891 658 exemptus
913 598 1018 643 est.
1044 586 1143 641 Hic
1169 596 1348 641 autem
1383 587 1514 641 dicit
1542 608 1553 641 :
1588 586 1696 641 Nec
1724 601 1825 641 eorl

2153 582 2319 635 νύσίαν
2348 581 2512 635 αὐτοῦ
2542 581 2901 654 γνωρίζομεν,
2936 579 3059 633 οὔτε
3095 580 3457 653 ἀφαιροῦμεν
3488 599 3635 633 παν-

343 697 462 752 quae
491 682 556 735 ad
592 683 818 751 aliquid,
850 683 1024 749 magis
1053 693 1233 736 autem
1258 696 1443 735 eorum
1470 696 1588 750 qum
1617 682 1825 736 secund‘

2158 693 2181 738 ς
2227 675 2366 727 ὥστε
2407 674 2605 738 τελέως
2644 675 2881 745 ἄληπτον
2910 668 3069 738 εἶναι,
3116 672 3218 745 (τὸ
3246 674 3363 747 γὰρ
3410 674 3640 735 τελέως

343 775 703 844 privationem
730 785 783 829 et
814 775 1059 829 habitum
1088 776 1387 838 exsistunt;
1411 783 1468 826 ut
1495 775 1635 843 quod
1665 789 1729 828 ex
1765 784 1825 828 te!

2157 782 2275 829 πον,
2309 766 2624 819 ἀνέλπιστον
2652 766 2748 819 καὶ
2769 764 3223 838 ἀνεπιχείρητον)·
3240 765 3361 817 ἀλλ’
3390 765 3639 827 εἰκόνας

339 867 455 920 bris
480 867 533 920 in
560 866 738 920 lumen
771 879 875 919 non
901 866 971 920 sit
1007 873 1393 932 commutatus,
1427 867 1579 936 quasi
1611 882 1678 919 ex
1708 864 1817 919 lum

2156 875 2165 919 ;
2195 860 2260 910 ὲκ
2286 857 2394 908 τῶν
2422 856 2550 928 περὶ
2578 855 2739 909 αὐτὸν
2783 856 3239 927 ἀναματτόμενοι,
3276 855 3554 927 ἀμυδρόν
3585 874 3638 907 τι

341 956 485 1025 quod
538 966 746 1011 tantum
804 966 889 1011 est
934 958 1161 1023 virtute,
1211 968 1451 1013 mutatus
1502 958 1572 1013 sit
1617 959 1670 1011 in
1727 957 1823 1010 lun

2154 967 2314 1021 γομεν
2342 940 2441 1019 τῆς
2476 948 2731 1019 ἀληθείας
2771 948 3154 1018 ῐνδαλμα,ὲ¹ὶτεὶ
3181 946 3278 1001 καὶ
3310 938 3473 1018 ὑπὲρ
3516 951 3636 1000 πᾶ-

339 1048 483 1117 quod
518 1058 640 1102 actu
672 1058 756 1102 est
784 1047 996 1113 lumen;
1022 1063 1197 1118 neque
1228 1065 1439 1104 rursum
1470 1065 1532 1104 ex
1563 1065 1746 1104 errore
1768 1065 1821 1106 ex

2153 1042 2273 1095 ιέσιν
2293 1036 2460 1107 ἐστὶν,
2482 1034 2558 1105 ὡς
2578 1041 2886 1113 ἐξῃρημένη
2909 1042 3056 1094 αἰτία
3077 1042 3316 1095 πάντων·
3337 1038 3450 1095 καὶ
3476 1042 3635 1110 ὑπὲρ

339 1149 467 1204 stat,
514 1139 724 1194 scilicet
760 1155 827 1193 ex
875 1142 1107 1196 veritate
1132 1141 1376 1207 virtuali,
1415 1141 1469 1196 in
1500 1142 1788 1196 veritatem
1818 1162 1821 1193 :

2152 1152 2195 1188 tv
2234 1123 2617 1206 ἀφαίρεσιν’ὲν
2666 1132 2745 1203 τῷ
2790 1132 2931 1186 κατὰ
2980 1132 3248 1203 μηδεμίαν
3280 1132 3404 1185 τῶν
3437 1132 3634 1185 ὄντων

342 1229 540 1283 tualem
574 1237 977 1296 commutatus;
1014 1228 1131 1284 haec
1157 1230 1302 1283 enim
1335 1230 1517 1282 omnia
1567 1228 1685 1296 ipso
1728 1242 1824 1296 pos

2157 1243 2301 1299 ρεσιν
2321 1224 2382 1279 τὸ
2416 1226 2568 1279 Θεϊον
2607 1224 2997 1294 γινώσκεσθαι·
3037 1222 3455 1296 ἀπολελυμένον
3510 1224 3634 1293 γὰρ

341 1320 485 1375 riora
515 1330 676 1386 sunt;
724 1329 778 1376 et
804 1320 1010 1383 lumen.
1042 1328 1099 1375 et
1134 1321 1339 1375 veritas
1373 1319 1544 1389 ipsius
1571 1318 1823 1387 providen

1596 1317 1907 1371 irovidentia
2017 1319 2255 1380 πάντων,
2289 1316 2383 1371 καὶ
2410 1316 2625 1369 πάντων
2643 1316 2788 1368 ἐστὶν
2808 1314 3078 1369 ἐπέκεινα.

338 1416 541 1471 lucent.
575 1415 761 1485 Neque
801 1415 1021 1484 penitus
1058 1412 1175 1483 ejus
1208 1423 1291 1468 est
1329 1411 1550 1484 positio,
1575 1420 1636 1465 ut
1682 1412 1752 1466 sit
1782 1411 1869 1466 vel
1899 1411 2031 1476 vita,
2066 1413 2151 1467 vel
2181 1413 2404 1475 veritas,
2435 1411 2518 1467 vel
2560 1412 2853 1481 quidquam
2888 1410 3033 1465 aliud
3067 1422 3257 1464 eorum
3289 1421 3428 1477 qua:
3455 1418 3628 1461 sunt.

338 1508 523 1578 Neque
549 1522 768 1562 rursum
798 1506 1107 1563 omnimoda
1152 1505 1372 1572 ablatio,
1428 1517 1485 1560 ut
1514 1503 1659 1558 nullo
1700 1505 1861 1558 modo
1890 1503 2182 1573 quidquam
2215 1504 2320 1568 sit;
2355 1505 2449 1559 sed
2487 1518 2675 1559 earum
2706 1516 2825 1573 qua:
2853 1514 2975 1574 post
3007 1501 3173 1573 εει
3204 1500 3393 1569 ipsum
3436 1508 3585 1553 sunt
3610 1541 3627 1563 ,

338 1602 546 1657 scilicet
575 1613 980 1667 creaturarum,
1025 1602 1185 1656 etiam
1222 1601 1518 1671 positiones
1552 1608 1610 1655 et
1653 1598 1954 1653 ablationes
1985 1598 2223 1667 faciunt;
2250 1600 2544 1670 positiones
2575 1600 2817 1668 quidem,
2850 1597 3014 1652 veluti
3049 1597 3242 1659 vitam,
3276 1594 3625 1657 veritatem,

337 1711 471 1762 ens;
498 1689 803 1750 ablationes
829 1710 979 1760 vero,
1017 1694 1181 1751 veluti
1226 1709 1335 1750 non
1364 1695 1554 1760 vitam,
1589 1708 1696 1747 non
1725 1693 2037 1760 veritatem,
2064 1709 2170 1748 non
2207 1708 2326 1750 ens.
2367 1693 2492 1748 Haec
2518 1694 2701 1762 itaque
2726 1707 2845 1762 qua:
2876 1701 2997 1763 post
3029 1690 3201 1760 ipsum
3230 1696 3391 1751 sunt,
3430 1695 3493 1741 el
3520 1702 3631 1755 p0—

340 1800 537 1845 nentcs
566 1797 619 1841 et
643 1786 977 1853 auiereutes,
1008 1788 1173 1842 Deum
1198 1786 1371 1858 ipsum
1408 1801 1582 1858 neque
1608 1786 2017 1857 pouimus,sive
2039 1800 2105 1840 ex
2150 1786 2284 1856 ipsis
2311 1788 2669 1842 substantiam
2704 1785 2820 1854 ejus
2854 1784 3151 1850 noscimus,
3173 1792 3355 1851 neQue
3396 1780 3629 1834 auferi-

339 1895 461 1934 mus
516 1878 761 1947 omnino,
798 1888 856 1933 ut
903 1880 996 1949 qui
1036 1880 1275 1951 perfecte
1331 1880 1897 1951 incomprehensibilis
1954 1880 2171 1935 exsistit
2225 1880 2387 1950 (quod
2412 1881 2555 1935 enim
2596 1878 2837 1949 perfecte
2877 1886 2962 1933 est
3008 1873 3623 1946 lncomprehensibile,

335 1980 391 2027 et
428 1985 579 2042 spem
628 1980 684 2028 et
727 1981 987 2028 conatum
1029 1974 1289 2044 excedit),
1341 1989 1528 2029 verum
1590 1975 1857 2045 imagines
1909 1973 2172 2045 quasdam
2212 1976 2276 2029 ex
2323 1974 2393 2029 iis
2432 1987 2552 2043 qua:
2597 1972 2743 2028 circa
2798 1971 2973 2042 ipsmn
3028 1978 3157 2025 sunt
3205 1968 3620 2031 concinantes,

336 2066 631 2122 obscurum
663 2066 956 2135 quemdam
987 2067 1241 2121 veritatis
1278 2076 1597 2137 conceptum
1620 2064 2023 2138 componimus,
2041 2065 2479 2137 quandoquidem
2515 2064 2587 2120 sit
2610 2078 2774 2134 supra
2796 2078 3009 2119 omnem
3036 2062 3201 2117 etiam
3226 2061 3616 2130 positionem,

337 2171 599 2230 tanquam
636 2172 888 2231 exempta
935 2177 1121 2218 rerum
1154 2163 1394 2217 omnium
1421 2178 1607 2225 causa,
1639 2173 1693 2218 et
1723 2178 1886 2234 supra
1931 2177 2145 2218 omnem
2194 2159 2522 2216 ablationem
2549 2158 2835 2223 collocata,
2874 2171 2995 2212 cum
3043 2156 3348 2211 secundum
3383 2155 3616 2210 nullam

335 2267 518 2308 rerum
551 2251 876 2312 ablationem
902 2253 1045 2311 Deus
1081 2264 1473 2326 cognoscatur;
1503 2254 1773 2326 siquidem
1803 2253 1873 2309 ab
1898 2255 2152 2310 omnibus
2191 2252 2493 2321 absolutus,
2518 2251 2686 2308 etiam
2714 2263 2881 2321 supra
2907 2246 3087 2303 omnia
3127 2246 3370 2302 exsistit.
