3772 6358
123 365 263 422 ιω

1500 365 1842 424 121³15⁸80ιὼ
1872 369 2010 425 Vill.

3241 375 3383 432 £088

121 484 211 545 δὲ,
244 483 331 536 ὅτι
366 480 489 535 λίαν
530 479 1045 551 ἀπαυθαδεαζομένῳ
1086 483 1177 536 καὶ
1208 483 1553 536 ἀντιτείνοντι
1585 500 1610 535 τ

1881 484 2218 538 tnsttetttdine
2254 484 2573 540 excludunt.
2632 484 2734 554 Ipsi
2778 484 2988 541 scilicet
3027 486 3370 544 inSolesco-uti

122 572 295 637 θείαις
351 571 567 642 βουλαῖς
606 572 649 603 ’⁵⁸
691 572 934 643 ὠργίσθη
971 572 1125 644 θυμῷ
1170 573 1394 644 Κύριος.
1440 575 1610 627 Ὅταν
1652 574 1710 627 δὲ

120 664 284 718 αὑτὸν
319 664 702 735 ἀνακήρυκτον
743 663 936 715 ποιῶσι
978 666 1095 726 ταῖς
1144 664 1446 736 θεοκρίτοις
1491 663 1669 728 ἀξίαις
1693 705 1709 731 ,

120 758 190 809 ἐκ
217 754 320 824 τῆς
356 754 702 825 προύχούσης
730 753 967 821 τάγαθοῦ
1011 754 1372 826 θεομιμησίας
1404 755 1712 826 ἀνακηρύτ-

116 862 272 899 τεται
297 863 311 876 ·
350 847 449 898 καὶ
480 845 589 917 γὰρ
619 840 687 915 ἦν
722 846 894 916 πρᾶος
940 846 1172 916 σφόδρα,
1214 847 1308 900 καὶ
1340 846 1480 917 ὑπὲρ
1522 846 1710 899 τούτου

116 936 339 1005 λέγεται
374 935 629 1007 θεράπων
676 934 809 987 Θεοῦ
831 974 844 998 ,
882 935 975 987 καὶ
1017 938 1096 999 είς
1143 936 1423 991 θεοπτείαν
1458 938 1712 992 ἁπάντων

118 1027 422 1098 προφητῶν
456 1025 770 1097 ἀξιώτερος.
812 1025 973 1078 Ἀλλά
1006 1026 1101 1081 καὶ
1131 1027 1218 1080 ὅτε
1248 1028 1386 1099 πρὸς
1418 1030 1577 1083 αὑτὸν
1618 1032 1712 1084 καὶ

116 1120 210 1171 τὸν
274 1117 490 1191 Ἀαρὼν
549 1120 727 1188 ίταμοί
775 1135 919 1181 τινες
976 1118 1115 1191 ὑπὲρ
1167 1120 1574 1191 ἀρχιερωσύνης
1619 1122 1715 1177 καί

118 1209 415 1280 ἐθναρχίας
448 1210 831 1278 ἐφιλονείκουν,
866 1210 1119 1282 ὑπερεῖχε
1145 1211 1244 1281 μὲν
1265 1211 1481 1284 ἀπάσης
1510 1213 1713 1281 φιλοτι-

122 1301 251 1371 μίας
302 1301 399 1353 καὶ
453 1300 775 1372 φιλαρχίας,
828 1302 921 1355 καί¹
973 1299 1286 1373 παρεχώρει
1331 1302 1409 1372 τῷ
1447 1303 1711 1374 θεοκρίτῳ

114 1395 214 1463 τὴν
253 1392 352 1445 τοῦ
389 1392 521 1446 λαοῦ
555 1394 908 1463 προστασίαν.
960 1393 1177 1465 Ἐπειδὴ
1222 1394 1281 1447 δὲ
1319 1394 1415 1448 καὶ
1457 1396 1710 1448 ἐπισυνέ-

117 1500 322 1554 στησαν
358 1484 543 1555 αύτῷ,
577 1486 669 1559 καὶ
711 1486 839 1555 περὶ
877 1484 985 1539 τῶν
1035 1486 1318 1558 προτέρων
1360 1485 1710 1551 ὀνειδίζοντες

114 1574 411 1643 ἠπείλουν,
448 1577 543 1629 καὶ
582 1575 681 1647 ἤδη
730 1575 914 1645 σχεδὸν
953 1576 1222 1647 ἐπῄεσαν,
1257 1576 1520 1630 ἐπεϐοᾶτο
1552 1578 1648 1648 μὲν
1679 1580 1709 1633 ὁ

117 1668 292 1735 πρᾶος
342 1666 435 1718 τὸν
483 1666 687 1734 ἀγαθὸν
719 1669 799 1729 είς
848 1668 1151 1739 σωτηρίαν,
1187 1666 1622 1739 ἐπαρρησιάζετο
1648 1668 1706 1721 δὲ

114 1758 232 1812 λίαν
274 1757 569 1820 ἐπιεικῶς,
599 1758 684 1810 ὅτι
718 1758 934 1810 πάντων
971 1756 1056 1827 εἴη
1095 1757 1279 1811 κακῶν
1318 1761 1429 1821 τοῖς
1469 1758 1705 1829 ἀρχομέ-

1812 574 2139 637 admodum,
2181 584 2236 629 et
2276 575 2475 630 divinis
2529 575 2774 629 consiliis
2832 576 3118 631 reluctanti
3175 578 3373 632 iratmn

1812 675 2062 720 asserunt
2103 665 2286 720 furore
2313 666 2624 721 DOmimtm.
2676 667 2778 722 Ubi
2803 682 2931 722 vero
2955 668 3198 724 decretis
3230 671 3302 724 illi
3341 686 3371 724 a

1811 752 1923 807 Deo
1974 753 2331 820 dignitatibus
2371 754 2635 810 illustrem
2681 758 3017 826 praedicant,
3063 774 3092 812 a
3128 762 3376 828 przeemi-

1812 853 1975 897 nente
2015 844 2231 912 benigni
2274 844 2368 900 Dei
2426 846 2727 901 imitatione
2783 849 3223 915 commendatus;
3258 861 3377 905 erat

1810 933 1953 986 enim
1983 933 2266 988 admodum
2298 944 2626 999 mansuetus,
2660 945 2825 1005 atque
2862 936 2984 990 ideo
3010 939 3106 993 Dei
3137 938 3376 995 famulus

1810 1035 2176 1094 nuncupatur,
2228 1024 2545 1096 cmterisque
2579 1029 2870 1097 prophetis
2919 1030 3134 1100 dignior
3182 1032 3246 1087 ad
3294 1033 3375 1086 vi-

1810 1117 2046 1172 dendum
2106 1117 2297 1176 Deum.
2366 1118 2620 1187 Quinimo
2673 1136 2795 1174 cum
2846 1123 3110 1178 adversus
3159 1141 3280 1179 eum
3320 1134 3380 1181 et

1808 1207 2077 1263 Aaronem
2108 1209 2175 1264 de
2202 1210 2515 1279 pontiﬁcatu
2547 1227 2611 1267 ac
2642 1213 2819 1283 gentis
2848 1214 3156 1284 principatu:
3200 1216 3375 1285 impu-

1809 1298 2000 1353 dentes
2030 1298 2194 1369 aliqui
2228 1315 2483 1370 pr0terve
2532 1302 2883 1371 dimicarent,
2915 1307 3061 1359 omni
3106 1322 3237 1363 sane
3274 1310 3372 1363 Ito—

1807 1390 1960 1445 noris
2006 1405 2070 1447 ac
2096 1391 2361 1460 primatus
2405 1392 2702 1449 ambitione
2755 1395 2975 1463 celsior,
3013 1398 3062 1451 ei
3086 1398 3178 1468 qui
3208 1413 3235 1451 a
3267 1399 3377 1453 Deo

1805 1480 2119 1551 eligeretur,
2164 1484 2343 1552 populi
2393 1483 2777 1554 przefecturam
2803 1486 3084 1543 deferebat
3108 1490 3153 1546 ⁸.
3198 1490 3376 1543 Cane—

1807 1586 1927 1624 rum
1958 1572 2048 1626 ubi
2081 1572 2134 1626 in
2167 1572 2340 1643 ipsum
2368 1573 2768 1640 conjurassent,
2806 1577 3147 1647 pristinaque
3179 1595 3372 1649 expro-

1805 1662 2015 1717 brando
2058 1664 2233 1720 minas
2284 1665 2667 1728 intentasseut,
2706 1664 2928 1736 jamque
2969 1668 3084 1724 fere
3114 1671 3376 1741 impetum

1805 1752 2082 1823 fecissent,
2117 1763 2230 1808 tum
2260 1755 2477 1810 demum
2525 1769 2841 1814 mansuetus
2888 1759 2976 1815 ille
3006 1760 3204 1814 bonum
3251 1766 3373 1832 qui-

113 1867 223 1912 νοις
251 1849 497 1911 ἀναίτιος
524 1866 534 1878 ·
564 1849 678 1919 ᾔδει
705 1849 833 1920 γάρ,
858 1850 938 1901 ὅτι
969 1848 1075 1919 χρὴ
1103 1849 1194 1902 τὸν
1221 1847 1508 1918 ὁμιλοῦντα
1534 1848 1601 1900 Θε

1884 1860 1925 1897 tu
1961 1845 2127 1900 Deum
2163 1848 2213 1901 in
2244 1846 2475 1902 salutem
2512 1850 2831 1913 advocabat,
2857 1867 3053 1921 magna
3086 1868 3215 1907 vero
3239 1869 3373 1905 con-

111 1939 341 2010 τὰγαθῴ
374 1940 512 2010 πρὸς
536 1941 597 1993 τὸ
627 1941 708 1993 ὃτι
734 1941 966 2010 μάλιστα
991 1940 1324 2011 ὁμοιότατον,
1359 1939 1434 2003 ὡς
1462 1940 1703 2009 ἐφικτὸν,

110 2029 602 2093 ἀποτετυπῶσθαι,
632 2030 724 2083 καὶ
756 2030 937 2101 ἐαυτῷ
972 2030 1266 2083 συνειδέναι
1304 2029 1400 2093 τάς
1438 2030 1705 2100 ἀγαθοφι-

110 2122 223 2185 λεῖς
260 2121 557 2193 ἐργατείας
576 2122 645 2177 ⁸ο.
679 2123 741 2174 Τί
773 2123 827 2176 δὲ
868 2123 958 2175 τὸν
987 2122 1298 2195 θεοπάτορα
1334 2119 1502 2176 Δαυῖδ
1535 2122 1705 2175 ἐποίει

111 2212 377 2285 θεοφιλῆ;
427 2215 536 2267 Καὶ
578 2212 686 2286 γάρ
728 2213 930 2283 ἀγαθὸν
969 2214 1138 2280 ὄντα,
1178 2215 1272 2268 καὶ
1314 2215 1441 2285 περὶ
1475 2213 1704 2285 ἐχθροὺς

110 2305 317 2373 ἀγαθόν
340 2322 355 2336 ·
399 2305 626 2376 Εὖρηκα
649 2344 665 2369 ,
707 2306 869 2377 φησὶν
897 2308 926 2359 ὁ
958 2304 1306 2378 ὑπεράγαθος
1332 2307 1427 2359 καὶ
1470 2305 1703 2376 φιλάγα-

110 2397 199 2461 θος
223 2400 310 2462 ⁸¹,
370 2397 542 2468 ἄνδρα.
591 2396 735 2451 κατά
779 2396 876 2469 τὴν
921 2397 1150 2469 καρδίαν
1203 2414 1324 2468 μου.
1375 2397 1566 2451 Καίτοι
1607 2400 1702 2451 καὶ

110 2489 315 2561 θεσμὸς
341 2488 545 2557 ἀγαθὸς
568 2488 881 2560 ὲδεδώρητο,
905 2489 998 2542 καὶ
1021 2489 1327 2558 ὑποζυγίων
1352 2488 1544 2560 ὲχθροῦ
1570 2506 1702 2560 προ-

107 2586 271 2636 νοεῖν.
328 2582 443 2635 Kal
505 2581 626 2634 ’1ὼὸ
671 2581 747 2644 ώς
794 2580 1029 2643 άκακίας
1073 2581 1329 2651 ἐχόμενος
1378 2581 1697 2635 ὲδικαιοῦτο.

107 2676 216 2728 Καὶ
253 2673 455 2745 Ἰωσὴφ
478 2675 605 2737 τοὺς
632 2672 948 2735 ὲπιὸούλους
977 2672 1235 2740 ἀδελφοὺς
1260 2673 1360 2725 ούκ
1378 2671 1613 2743 ἠμύνετο
1628 2674 1697 2736 ⁸⁸,

107 2767 202 2818 καὶ
239 2764 412 2818 Ἅϐελ
452 2764 638 2827 ἁπλῶς
678 2765 773 2818 καὶ
817 2763 1141 2826 ἀνυπόπτως
1193 2764 1583 2835 συνεπορεύετο
1618 2763 1697 2834 τῷ

107 2856 509 2927 ἀδελφοκτόνῳ.
541 2856 652 2910 Καὶ
684 2855 893 2918 πάντας
924 2856 957 2921 ἡ
990 2853 1235 2923 θεολογία
1255 2856 1381 2918 τοὺς
1398 2855 1633 2923 ἀγαθοὺς
1649 2856 1716 2909 ⁸³.

106 2946 510 3019 ἀνακηρύττει,
564 2947 638 3017 μὴ
702 2946 1127 3017 προεννοοῦντας
1182 2939 1252 2994 τὰ
1294 2941 1481 3008 κακὰ.
1522 2938 1599 3014 μὴ
1645 2942 1692 2975 ⁸⁸

107 3038 579 3109 προσποιοῦντας,
611 3035 745 3090 ἀλλά
776 3036 910 3108 μηδὲ
942 3036 1079 3106 πρὸς
1104 3035 1202 3106 τῆς
1232 3034 1402 3089 ἄλλων
1421 3036 1467 3067 ⁸⁸
1496 3034 1695 3098 κακίας

1808 1937 2004 1989 stantia
2054 1937 2424 2008 singularique
2472 1941 2732 1995 modestia
2790 1952 3128 1996 contestatns
3179 1952 3281 2006 est,
3316 1958 3381 1997 se

1807 2028 2078 2083 insontem
2116 2044 2236 2085 esse
2279 2031 2647 2086 calamitatum
2697 2035 2936 2088 omnium
2985 2050 3106 2103 qua:
3142 2035 3377 2089 subditis

1803 2117 2189 2185 obvenissent;
2237 2120 2435 2190 quippe
2466 2131 2710 2189 noverat,
2754 2124 2803 2177 cl
2841 2124 2937 2191 qui
2966 2124 3108 2177 bono
3138 2123 3246 2177 Deo
3286 2124 3374 2178 [av

1805 2208 2091 2264 miliariter
2115 2211 2311 2275 utitur,
2353 2228 2449 2281 pro
2477 2214 2688 2270 viribus
2718 2215 3056 2279 conandum,
3086 2225 3141 2269 ut
3169 2215 3370 2280 eidem,

1801 2312 2063 2371 quantum
2112 2315 2292 2373 potest
2336 2306 2477 2369 ﬁeri.
2522 2307 2829 2362 simillimus
2879 2307 3111 2371 evadat,
3157 2310 3377 2378 sibique

1803 2392 2063 2448 bottornm
2112 2408 2334 2464 operum
2382 2396 2630 2453 conscius
2652 2396 2874 2451 existat.
2899 2396 3038 2464 Quid
3070 2414 3233 2467 porro
3264 2399 3371 2454 Da-

1803 2484 1888 2538 vid
1923 2484 2073 2538 illum
2117 2486 2205 2541 Dei
2252 2490 2673 2558 progenitorem,
2700 2488 2935 2542 amicum
2965 2489 3073 2543 Deo
3106 2491 3376 2546 reddidit?

1802 2573 2004 2644 Nempe
2050 2577 2195 2651 quod
2243 2586 2391 2632 esset
2441 2577 2638 2643 bonus,
2671 2587 2724 2632 et
2769 2577 2822 2631 in
2859 2579 3042 2634 hostes
3074 2580 3368 2650 benignus:

1800 2661 2003 2727 Inveni,
2051 2664 2233 2733 inquit
2286 2664 2376 2720 ille
2416 2665 2791 2735 praebenignus
2818 2667 3172 2738 benignitatis
3217 2689 3368 2731 ama-

1802 2761 1906 2817 tor,
1929 2753 2204 2809 hominem
2232 2756 2528 2809 secundum
2560 2771 2659 2809 cor
2689 2772 2864 2811 meum
2891 2758 2943 2813 ιι.
2990 2759 3245 2826 Quinimo
3276 2764 3371 2817 be-

1798 2840 1962 2910 nigna
2012 2841 2129 2911 lege
2178 2844 2448 2898 sancitum
2490 2852 2630 2907 erat,
2658 2856 2715 2899 ut
2743 2845 3121 2914 jumentorunt
3151 2866 3371 2921 quoque

1796 2931 1998 2990 inimici
2029 2946 2159 2987 cura
2203 2942 2485 3003 gereretur
2514 2937 2559 2991 i.
2591 2935 2693 2992 Job
2733 2937 2922 3002 etiam,
2952 2949 3011 2993 ut
3041 2940 3370 2997 innocentiae

1793 3029 1978 3086 tenax,
2006 3023 2342 3092 justiﬁeatus
2368 3032 2453 3079 est
2482 3022 2532 3079 ι.
2580 3026 2753 3095 Atque
2771 3026 2970 3097 Joseph
3019 3030 3366 3087 insidiatores

106 3130 170 3183 ὲκ
197 3126 447 3197 τάγαθοῦ
484 3128 971 3199 μεταποιουμένους
988 3167 1004 3192 ,
1030 3126 1338 3180 τούναντίον
1365 3124 1420 3178 δὲ
1449 3123 1595 3178 θεοειὲ

1883 3120 1996 3168 tres
2036 3113 2151 3170 non
2204 3126 2285 3172 est
2334 3118 2482 3172 ultus
2511 3117 2562 3186 ι,
2597 3120 2838 3190 Abelque
2878 3121 3219 3190 simpliciter,
3267 3139 3371 3178 nec

107 3222 201 3274 καὶ
227 3221 359 3283 τοὺς
387 3220 591 3282 κακοὺς
610 3218 975 3288 ἀγαθύνοντας
995 3219 1091 3272 καὶ
1116 3215 1489 3287 ὲφαπλοῦντας
1504 3216 1570 3280 ⁸⁸,
1597 3216 1690 3270 καὶ

108 3312 204 3367 ἐπ’
233 3312 436 3375 αὐτοὺς
462 3310 559 3382 τὴν
593 3309 791 3383 πολλὴν
832 3310 1011 3365 αύτῶν
1040 3309 1349 3379 ἀγαθότητα
1368 3347 1383 3372 ,
1426 3308 1521 3361 καὶ
1554 3307 1691 3378 πρὸς

106 3404 165 3456 τὸ
186 3404 376 3475 ὅμοιον
403 3402 660 3466 ἐπιεικῶς
683 3402 1133 3473 ὲκκαλουμένους.
1166 3400 1302 3453 Ἀλλ’
1330 3400 1424 3453 ἐπὶ
1446 3398 1507 3451 τὸ
1532 3399 1693 3453 ἀναν-

105 3511 196 3557 τες
228 3496 648 3563 άνανεύσωμεν,
691 3493 790 3546 ούκ
818 3492 1024 3563 ἀνδρῶν
1056 3491 1216 3563 ίερῶν
1258 3490 1584 3555 ἐπιεικείας,
1628 3492 1690 3545 ού

106 3585 511 3657 φιλανθρώπων
550 3584 793 3654 ἀγγέλων
819 3585 1158 3656 ἀγαθότητας
1188 3582 1602 3653 ἐξαγγέλλοντας
1621 3582 1689 3648 ⁸⁷,

106 3676 405 3731 ἐλεούντων
431 3674 556 3747 ἔθνη
586 3675 679 3728 καὶ
703 3674 1110 3746 ὑπερδεομένων
1139 3674 1315 3729 αὐτῶν
1345 3672 1571 3742 ἀγαθοῦ,
1598 3672 1692 3726 καὶ

104 3771 229 3830 ταῖς
242 3766 515 3837 όλεθρίαις
532 3767 627 3819 καὶ
649 3766 1029 3837 κακεργέτισιν
1042 3764 1417 3834 ἐπιτιμώντων
1433 3762 1604 3833 πληθύ
1614 3778 1687 3827 σι,

107 3861 201 3912 καὶ
229 3857 548 3929 ἀχθομένων
578 3856 675 3928 μὲν
702 3858 795 3911 ἐπὶ
823 3859 1042 3924 κακοῖς,
1065 3854 1502 3927 εὐφραινομένων
1533 3853 1589 3905 δὲ
1622 3854 1688 3924 τῇ

109 3950 361 4022 σωτηρίᾳ
381 3949 489 4001 τῶν
519 3950 598 4013 είς
620 3949 687 4002 τὰ
707 3948 884 4017 ἀγαθά
915 3948 1399 4019 μετακαλουμένων
1418 3962 1432 3976 ο
1460 3944 1566 3998 οὐδ’
1592 3945 1692 3998 ὅσα

108 4044 247 4098 ἄλλα
287 4042 417 4114 περὶ
443 4040 552 4093 τῶν
578 4039 927 4112 ἀγαθοεργῶν
954 4039 1198 4108 ἀγγέλων
1227 4039 1261 4109 ὴ
1299 4036 1545 4105 θεολογία
1584 4053 1683 4089 πα-

111 4135 404 4206 ραδίδωσιν
423 4150 436 4163 ’
469 4130 605 4187 ἀλλά
630 4132 723 4185 τοῦ
755 4132 925 4196 ὄντως
953 4130 1159 4201 ἀγαθοῦ
1206 4131 1302 4184 καὶ
1345 4126 1691 4200 ύπεραγάθου

109 4224 348 4297 Χριστοῦ
390 4223 489 4288 τὰς
519 4223 879 4293 ἀγαθοποιοὺς
910 4224 1133 4285 ἀκτῖνας
1174 4223 1231 4274 ὲν
1279 4219 1477 4292 ἠσυχίᾳ
1516 4235 1694 4289 παρα-

107 4318 391 4388 δεχόμενοι
410 4356 426 4381 ,
462 4316 599 4388 πρὸς
626 4315 803 4369 αὐτῶν
824 4316 867 4347 ⁸⁸
894 4315 987 4368 ἐπὶ
1018 4314 1117 4377 τὰς
1146 4312 1294 4376 θείας
1326 4311 1694 4382 ἀγαθουργίας

108 4408 278 4465 αὐτοῦ
321 4406 835 4481 φωταγωγηθῶμεν.
870 4402 1015 4478 Ἀρα
1042 4405 1151 4476 γὰρ
1179 4405 1277 4458 οὐκ
1311 4404 1455 4457 ἔστιν
1484 4402 1690 4471 ἀφάτου

1792 3208 2084 3278 quidquam
2136 3212 2441 3279 suspicans,
2470 3214 2763 3269 comitatus
2803 3224 2890 3268 est
2932 3213 3275 3271 fratricidam
3300 3225 3364 3271 ".

1790 3298 1991 3354 Omnes
2033 3300 2266 3370 denique
2313 3302 2585 3370 theologia
2633 3304 2804 3359 bonos
2833 3306 3110 3372 praedicat,
3143 3306 3236 3375 qui
3270 3324 3364 3360 ne—

1790 3401 1896 3457 que
1945 3388 2083 3443 mala
2133 3392 2497 3461 praesagiunt,
2559 3408 2732 3462 neque
2790 3393 3078 3463 simulant,
3130 3384 3233 3451 sed»
3294 3410 3366 3450 ne

1790 3479 2017 3535 aliorum
2081 3482 2300 3550 quidem
2370 3482 2533 3556 598
2580 3483 2784 3539 malitia
2825 3482 3027 3539 bonum
3078 3485 3361 3549 deserunt.

1791 3571 1889 3627 sed
1949 3587 1981 3628 e
2030 3573 2248 3629 diverso
2304 3574 2649 3630 deiformiter
2702 3576 2885 3644 pravis
2930 3574 3366 3638 benefacieutes,

1791 3678 2149 3734 magnamque
2193 3665 2545 3734 benignitatis
2584 3682 2695 3722 sua:
2726 3667 2937 3735 copiam
2977 3667 3029 3720 in
3062 3681 3156 3720 eos
3188 3663 3362 3720 eﬂ'nn-

1789 3754 2001 3819 dentes,
2043 3755 2276 3825 benigne
2317 3756 2439 3811 illos
2474 3757 2541 3810 ad
2580 3757 2757 3811 simile
2788 3772 3001 3827 quoque
3044 3768 3363 3827 prevocant.

1791 3842 2058 3897 Caeterum
2085 3843 2150 3897 ad
2177 3845 2370 3898 altiora
2404 3846 2817 3911 contendamus,
2850 3854 3163 3902 sanctorum
3208 3860 3362 3898 man-

1790 3933 2105 3988 suetudines
2166 3935 2407 3989 virorum
2462 3943 2624 4005 atque
2678 3937 2981 3991 amicorum
3047 3937 3361 3992 hominibus

1791 4023 2101 4093 angelorum
2126 4024 2491 4095 benignitates
2509 4025 3122 4097 omittentes,quomodo
3153 4025 3361 4080 scilicet

1792 4114 1866 4168 illi
1929 4116 2177 4185 gentibus
2249 4117 2647 4185 misereantur,
2691 4131 2757 4172 ac
2815 4132 2916 4189 pro
2970 4117 3101 4187 ipsis
3160 4118 3363 4172 divinae

1790 4205 2023 4261 bonitati
2062 4222 2253 4277 preces
2299 4207 2533 4264 oﬂ'erant
2563 4218 2617 4276 ιι,
2645 4206 3088 4280 perniciosasque
3146 4225 3209 4262 ac
3238 4222 3359 4277 per-

1792 4298 1932 4353 ditas
1958 4300 2140 4356 turbas
2183 4301 2553 4369 increpent°;
2593 4316 2657 4355 ac
2688 4300 2844 4355 malis
2881 4301 3098 4369 quidem
3152 4300 3359 4353 nostris

1792 4388 2121 4445 condoleant
2143 4401 2191 4455 P,
2223 4391 2387 4446 saluti
2421 4406 2549 4446 vero
2584 4406 2772 4445 eorum
2802 4392 2895 4461 qui
2945 4391 3012 4445 ad
3054 4390 3193 4445 bona
3226 4407 3354 4443 cou-

110 4503 207 4555 καὶ
245 4501 390 4572 ὑπὲρ
424 4500 606 4571 νόησιν
648 4498 1016 4569 ἀγαθότητος,
1063 4498 1146 4550 ὅτι
1195 4496 1264 4550 τὰ
1309 4496 1437 4550 ὄντα
1471 4497 1516 4528 ³⁹
1555 4490 1599 4548 εί

1871 4483 1939 4538 rsi
1982 4493 2109 4538 sunt
2151 4484 2597 4554 congratulentur
2620 4493 2684 4547 εις
2714 4493 2768 4538 et
2796 4498 3130 4553 qumcunque
3159 4484 3269 4536 alia
3289 4482 3360 4537 de

111 4595 288 4656 ποιεῖ,
320 4592 416 4645 καὶ
445 4592 526 4645 ὅτι
566 4591 743 4645 πάντα
774 4590 912 4645 αύτά
940 4590 1075 4661 πρὸς
1108 4590 1169 4642 τὸ
1205 4585 1343 4642 εἶναι
1370 4588 1690 4660 παρήγαγε,

111 4686 208 4739 καὶ
237 4683 418 4738 πάντα
444 4682 688 4753 βούλεται
706 4684 791 4736 ἀεὶ
809 4680 1056 4751 γενέσθαι
1078 4679 1435 4751 παραπλήσια
1462 4676 1608 4746 αύτῷ
1624 4678 1691 4742 ⁸ο,

112 4777 208 4830 καὶ
239 4774 534 4829 κοινωνικὰ
554 4774 655 4841 ξτοῦ
690 4775 853 4829 αὑτοῦ
883 4772 1023 4829 κατά
1049 4772 1145 4843 τὴν
1173 4771 1403 4825 ἑκάστου
1426 4770 1468 4801 ⁸⁸
1504 4769 1695 4839 ἐπιτη-

111 4866 403 4937 δειότητα;
446 4865 511 4917 Τί
542 4865 598 4918 δὲ
618 4906 632 4929 ,
661 4866 744 4920 ὅτι
776 4866 1003 4924 καὶτῶν
1039 4862 1454 4931 ἀποφοιτώντων
1475 4863 1518 4893 ⁸⁸
1557 4860 1696 4932 ὲρω-

112 4958 285 5021 τικῶς
314 4957 496 5027 ἔχεται
515 4996 529 5020 ,
559 4958 652 5010 καί¹
681 4956 993 5025 φιλονεικεῖ,
1025 4956 1118 5009 καὶ
1150 4954 1319 5007 δεῖται
1352 4954 1426 5024 μὴ
1453 4950 1696 5015 ἀπαξιώ-

113 5048 276 5118 θῆναι
320 5047 430 5101 τῶν
473 5047 764 5119 ἐρωμένων
801 5049 895 5103 καὶ
936 5045 1321 5118 θρυπτομένων
1360 5041 1566 5096 αὐτῶν·
1598 5041 1694 5095 καὶ

183 5206 207 5243 δ
242 5202 404 5257 Num.
444 5218 551 5255 xvi.
628 5200 655 5241 ιι
688 5199 830 5256 Psal.
875 5218 1140 5267 Lxsxvm,
1174 5201 1263 5254 21.

183 5314 191 5326 .
226 5276 281 5326 8.
362 5282 388 5309 ιι
423 5271 589 5326 Ζδι-ιι,
623 5290 662 5326 ι.
738 5281 764 5307 ο
795 5272 963 5326 Apoc.
1002 5288 1097 5326 vn.
1175 5281 1203 5321 ιι
1236 5271 1263 5324 L‘

116 5289 191 5339 tv,
226 5289 281 5326 δ.

1801 4573 2059 4630 beneticis
2117 4576 2328 4645 angelis
2380 4574 2651 4645 theologia
2695 4576 2857 4630 tradit
2888 4585 2948 4642 l';
3000 4577 3092 4630 sed
3144 4577 3356 4644 penitus

1798 4665 2021 4736 benigni
2075 4679 2140 4721 ac
2192 4664 2523 4737 przebenigni
2571 4666 2779 4722 Ultriin
2843 4665 3118 4722 beneﬁcos
3175 4665 3357 4719 radios

1796 4758 2087 4827 tranquillo
2113 4758 2294 4813 animo
2330 4759 2703 4828 suscipientes,
2730 4758 2798 4812 ab
2828 4757 3016 4812 iisdem
3045 4756 3112 4810 ad
3143 4756 3357 4810 divinas

1796 4849 1912 4918 ejus
1953 4850 2345 4905 benelicentias
2389 4851 2692 4904 luculenter
2731 4849 3087 4903 adducamur.
3160 4852 3351 4904 Annon

1798 4944 2083 5001 iuelTabilis
2115 4940 2782 5012 incomprehensibilisque
2814 4940 3091 5006 bonitatis,
3119 4941 3259 5010 quod
3289 4952 3353 4989 ea

1797 5054 1915 5107 qum
1954 5043 2102 5102 sunt,
2134 5047 2254 5089 esse
2282 5031 2471 5096 faciat,
2500 5044 2673 5100 eaque
2703 5030 2884 5085 omnia
2914 5030 2980 5084 ad
3009 5044 3128 5084 esse
3160 5029 3352 5099 produ-

1349 5200 1366 5240 ί
1405 5198 1574 5252 Exod.
1614 5211 1768 5259 sunt,
1804 5195 1858 5248 4.
1941 5194 1967 5233 ιι
2003 5192 2104 5247 Job
2163 5206 2199 5252 ι,
2234 5188 2287 5254 8;
2327 5202 2457 5250 xui,
2491 5184 2546 5239 7.
2627 5181 2648 5223 ι
2735 5184 2838 5239 Ger

1856 5237 1858 5246 ,
1941 5194 1967 5233 ιι
2003 5192 2104 5247 Job
2163 5206 2199 5252 ι,
2234 5188 2287 5254 8;
2327 5202 2457 5250 ml,
2491 5184 2546 5239 7.
2627 5181 2648 5223 ι
2735 5182 3068 5251 ϐοη.ι.,20.
3134 5194 3173 5222 ω
3208 5181 3345 5236 Gen.

362 5282 388 5309 ιι
423 5271 589 5326 Ζδι-ιι,
623 5290 662 5326 ι.
738 5281 764 5307 ο
795 5272 963 5342 Apoc.
1002 5288 1097 5326 vn.
1127 5262 1134 5267 ⁷
1175 5281 1203 5321 ιι
1236 5271 1372 5324 Dan.
1411 5284 1463 5321 χ.
1538 5277 1566 5317 ιι
1600 5266 1732 5320 Luc.
1772 5280 1851 5318 xv.

1002 5262 1134 5326 vn.'
1175 5281 1203 5321 ιι
1236 5271 1372 5324 Dan.
1411 5284 1463 5321 χ.
1538 5277 1566 5317 ιι
1600 5266 1732 5320 Luc.
1772 5280 1860 5318 xv.
1944 5272 1966 5301 ι
2002 5262 2138 5317 'l'ob.
2181 5275 2276 5312 vnt
2309 5268 2365 5311 et
2396 5272 2472 5310 nt.

1423 5380 1656 5438 VARI/[‘3
1692 5379 1858 5435 LEC'I
1870 5376 2089 5433 IONES.

192 5496 237 5529 "'
267 5496 369 5558 τὰς
389 5493 770 5604 θείαςίρουλάς.
850 5496 893 5529 ι’
917 5496 994 5567 τῷ
1013 5497 1147 5567 Θεῷ,
1174 5497 1234 5551 D.
1313 5495 1476 5548 “alia
1511 5494 1672 5577 lectio
1693 5502 1909 5547 notatur
1937 5493 1989 5545 in
2017 5490 2078 5543 ι).
2113 5483 2394 5587 ἐργασίας.
2464 5485 2514 5568 ’ξ
2541 5483 2568 5535 ὁ
2601 5476 3000 5604 impingam
3034 5475 3345 5556 φιλάζαθος.

217 5575 493 5604 matutina
580 5578 647 5604 nn
680 5566 837 5604 υοριις.
876 5581 978 5604 ..ιιι
1016 5570 1171 5604 unus.
1223 5569 1262 5604 n
1309 5566 1384 5604 (τι.
1485 5567 1530 5596 η
1565 5579 1824 5604 mmmam,
1869 5562 1924 5604 De
1962 5562 2022 5604 1)-
2158 5557 2178 5586 ³
2211 5552 2563 5604 ἀγαθοειδεις.
2604 5553 2662 5604 D.
2749 5592 2762 5604 .
2948 5562 3343 5604 προποιουντας

120 5567 179 5618 P.
217 5575 493 5633 postrema

121 5631 413 5704 legendum
457 5631 644 5704 itaque
680 5637 876 5689 habent
900 5637 1086 5699 optimi
1123 5638 1359 5689 colires.
1448 5636 1493 5666 ⁸⁵
1528 5649 1604 5704 πρ

118 5691 232 5777 τες,
274 5709 332 5755 υ.
364 5700 436 5777 _S.
471 5701 523 5755 l"
552 5691 573 5703 ’
621 5704 666 5736 ⁸⁸
702 5705 833 5775 πρὸς
866 5691 1051 5769 αὐτόν,
1089 5706 1145 5760 ll.
1226 5707 1267 5737 ⁵⁵³
1303 5705 1367 5758 τὰ
1405 5705 1481 5777 μὴ
1511 5691 1658 5765 ὄντα,
1699 5691 1758 5757 ll;
1806 5701 1862 5755 ὃ.
1892 5703 1991 5757 Cll.
2069 5700 2113 5731 ‘°
2147 5691 2347 5763 ἑαυτῷ,

120 5773 321 5838 τάτων,
364 5773 425 5827 ι).

580 5578 647 5617 uo
680 5566 839 5619 verba
876 5562 978 5619 non
1016 5562 1177 5621 habet
1223 5569 1282 5621 D.
1309 5566 1408 5619 Clt.
1485 5567 1530 5596 ⁵¹
1565 5563 1838 5632 ἠμύνατο,
1868 5562 1926 5615 P.
1962 5562 2048 5632 ll._
2106 5562 2178 5632 3'
2211 5562 2580 5632 ὰγᾳθρειδεέςι

1665 5633 1763 5703 τῆς
1795 5618 1993 5714 ἀλλων,
2016 5629 2073 5682 S.
2106 5625 2169 5679 P.
2258 5618 2318 5705 δῖ
2338 5622 2736 5745 άιῧαπλοῦντας.
2762 5618 2821 5671 8.

1699 5702 1758 5745 lt-
1806 5704 1861 5745 is-
1892 5703 1991 5745 (zu-
2069 5700 2113 5731 ⁸ο
2147 5696 2347 5745 ὲαυτω.
2434 5727 2448 5745 .
2486 5693 2544 5745 δ.
2623 5693 2663 5723 ⁶¹
2701 5688 2821 5741 ἑκάς

2869 5547 2914 5578 ⁵³
2948 5546 3343 5616 προποιοῦντας

2916 5617 2957 5647 ⁸⁷
2994 5615 3213 5683 ἐξαγγέ)
3223 5615 3312 5670 λον
3328 5648 3345 5661 ο

2486 5692 2544 5748 S.
2623 5693 2663 5723 ⁶¹
2701 5688 2966 5741 ἑκάστων.
3043 5686 3089 5716 ⁸⁸
3119 5687 3343 5755 άποςροι-

2211 5552 2563 5622 ἀγαθπιδεῖς,
2604 5553 2662 5605 D.
