3752 6330
439 368 575 421 1087

1564 368 1623 425 S.
1662 368 1962 426 DIONYSII
1998 368 2480 424 AREOI‘AGITJZ.

3609 334 3709 423 ιιοέ

438 488 579 542 xerit
609 498 655 550 ε,
690 495 989 554 cunctaque
1028 485 1157 540 velit
1200 485 1301 538 sibi
1350 500 1569 555 semper
1619 500 1738 539 csse
1786 486 1920 539 simil

2228 518 2230 553 ι
2266 480 2745 552 κατεγκαλούντων
2777 483 3025 553 ἀνέχεται
3045 523 3057 545 ,
3090 483 3183 536 καὶ
3213 482 3397 544 αὐτὸς
3437 480 3710 545 ἀπολογῇ-

437 589 490 630 ct
520 592 618 644 pro
657 574 917 642 cujusque
967 583 1125 643 captu
1178 572 1624 627 communicare?
1688 573 1823 639 Quid
1861 572 2004 640 quod

436 686 466 723 a
497 683 554 722 se
580 666 899 720 deficientes
946 679 1132 718 amore
1165 673 1549 733 prosequatur,
1602 663 2005 731 contendantque

433 773 496 811 ac
534 764 710 823 roget,
747 769 812 808 ne
849 754 1207 822 dedignentur
1255 768 1471 805 amores
1502 753 1556 818 l;
1608 752 1739 821 quin
1790 760 1845 805 et
1872 752 2007 805 deli-

434 848 615 900 ciosos
645 847 790 917 ipsos
828 840 889 898 ac
923 854 1124 898 temere
1158 852 1514 913 provocantes
1556 844 1808 905 sustinet,
1844 853 2007 911 atque

434 939 663 1002 ipsemet
713 944 961 1001 excusat,
1000 950 1174 1005 eoque
1208 937 1379 1004 magis
1417 950 1475 989 se
1514 935 1707 1004 recipit
1750 934 1871 988 illus
1913 950 2008 987 Ctt-

436 1039 701 1090 raturum,
757 1027 997 1097 ipsisque
1047 1024 1159 1093 iam
1202 1026 1378 1079 adhuc
1434 1025 1785 1089 distantibus,
1847 1026 2007 1079 simul

434 1130 616 1173 tamen
650 1109 1068 1171 adventantibus
1115 1118 1356 1171 occurrit
1405 1126 1457 1171 et
1494 1118 1719 1183 obviat,
1751 1126 2007 1186 totusque

438 1220 578 1264 totos
615 1211 948 1279 amplectens
992 1210 1295 1276 osculatur,
1335 1226 1508 1279 neque
1538 1211 1603 1265 de
1636 1211 1881 1279 pristinis
1913 1226 2006 1264 eos

436 1304 634 1373 arguit,
668 1304 763 1356 sed
792 1303 966 1373 diligit
997 1304 1305 1371 przesentia,
1352 1304 1655 1371 festumque
1683 1303 1824 1357 diem
1869 1305 2003 1373 agit,

433 1412 497 1450 ac
526 1403 787 1449 convocat
818 1396 1045 1457 amicos.
1072 1395 1324 1449 videlicet
1355 1397 1548 1458 bonos,
1586 1405 1642 1448 ut
1669 1396 1738 1449 sit
1761 1396 2003 1450 omnium

434 1486 730 1540 laetantium
764 1486 1031 1542 habitatio
1058 1498 1104 1541 υ.
1142 1487 1310 1540 Porro
1336 1486 1701 1556 Dcnmphilus,
1729 1488 1851 1542 etsi
1884 1489 2006 1556 quis

434 1578 573 1632 alius
628 1578 787 1631 bonis
854 1577 1194 1644 adversatur,
1248 1574 1371 1644 jure
1422 1578 1615 1631 merito
1673 1577 2002 1646 corripitur,

432 1673 683 1739 bonaque
730 1672 957 1726 docetur
1008 1683 1062 1725 ut
1106 1673 1447 1727 emendetur.
1510 1672 1792 1738 Quomodo
1832 1674 2003 1740 enim,

435 1764 629 1831 inquit,
659 1780 763 1816 non
792 1762 1076 1834 oportebat
1105 1778 1227 1817 eum
1254 1767 1345 1834 qui
1376 1764 1549 1819 bonus
1580 1773 1685 1829 est,
1718 1765 1784 1820 de
1812 1781 1999 1821 eorum

434 1854 525 1921 qui
572 1854 847 1920 perierant
888 1854 1085 1921 salute,
1120 1870 1218 1910 nec
1265 1872 1368 1909 non
1416 1871 1603 1910 eorum
1641 1858 1732 1927 qui
1761 1856 2002 1912 defuncti

434 1951 593 1996 erant
638 1945 745 1996 vita
801 1943 1026 1998 lactari?
1090 1944 1370 2015 Siquidem
1421 1945 1587 2001 etiam
1650 1948 1704 2003 in
1753 1950 2006 2004 humeros

436 2035 576 2088 tollit
613 2036 831 2089 vixdum
866 2039 932 2090 ab
970 2053 1160 2092 errore
1211 2055 1558 2105 conversum,
1605 2048 1658 2092 et
1691 2040 1865 2095 bonos
1910 2058 2007 2095 an—

432 2125 581 2193 gt-los
622 2126 685 2178 ad
734 2125 975 2179 lzetitiam
1025 2128 1250 2189 excitat,
1306 2129 1438 2198 quin
1492 2139 1548 2182 et
1592 2130 1822 2200 ingratis
1855 2130 2008 2185 benlo

432 2230 571 2282 gnus
601 2216 808 2283 existit,
839 2226 884 2270 et
915 2217 1046 2269 oriri
1088 2218 1217 2285 facit
1268 2220 1431 2272 solem
1477 2236 1630 2273 suum
1661 2237 1817 2288 super
1845 2222 2005 2275 bonos

430 2314 478 2358 et
513 2307 680 2360 malos
703 2314 754 2371 ν,
789 2314 950 2376 atque
982 2306 1155 2377 ipsam
1185 2324 1337 2362 suam
1369 2308 1604 2362 animam
1638 2326 1736 2380 pro
1767 2310 2007 2384 profugis

433 2398 585 2465 ponit
608 2404 657 2453 ³.
685 2396 764 2449 Tu
795 2413 946 2460 vero,
979 2408 1035 2450 ut
1067 2406 1168 2451 tuae
1195 2400 1390 2451 litterae
1420 2398 1720 2466 declarant,
1754 2403 2007 2457 acciden-

437 2499 545 2544 tem
595 2489 891 2555 sacerdoti,
933 2488 1082 2542 illum
1116 2505 1275 2558 quem
1326 2490 1548 2560 impium
1583 2507 1645 2546 ac
1670 2504 2007 2561 peccatorem

436 2580 606 2644 dicis,
652 2579 838 2634 nescio
883 2581 1154 2649 quomodo
1201 2595 1296 2648 per
1332 2591 1383 2635 te
1426 2596 1665 2651 praasens
1708 2583 2004 2652 repuleris;

438 2679 548 2729 tum
570 2669 657 2723 ille
680 2668 896 2738 quidem
917 2671 1308 2739 deprecabatur
1334 2682 1387 2727 et
1410 2672 1680 2727 fatebatur
1711 2689 1768 2727 se
1800 2676 1865 2727 ad
1896 2690 2008 2728 ma-

437 2761 610 2814 lorum
643 2762 965 2816 medicinam
992 2763 1294 2830 advenisse;
1318 2774 1371 2819 tu
1398 2774 1597 2832 autem,
1621 2766 1754 2821 nihil
1784 2767 2006 2834 veritus,

437 2854 635 2907 bonum
668 2856 890 2924 insuper
920 2857 1256 2916 sacerdotem
1292 2874 1413 2913 cum
1444 2862 1678 2930 quadam
1723 2861 2009 2915 insolentia

435 2945 772 3001 conviciatus
819 2949 1087 3016 es,quod
1142 2948 1433 3004 miseratus
1482 2962 1628 3006 esset
1673 2953 2010 3022 pmnitentis,

435 3046 597 3105 atque
653 3037 876 3106 impium
914 3039 1304 3108 juslilirasset;
1360 3058 1426 3097 ac
1486 3042 1746 3108 tandem,
1797 3046 2005 3112 «Exi,»

2109 594 2199 629 ται
2227 593 2242 641 ;
2288 578 2382 629 καί
2428 575 2624 645 μᾶλλον
2666 574 3053 643 ἐπαγγέλλεται
3083 573 3509 645 θεραπεύσειν,
3544 574 3635 623 καὶ

2110 669 2292 730 αὐτοῖς
2320 666 2633 737 ἀπέχουσιν,
2666 666 2817 736 ὅμως
2846 665 3191 736 προσιοῦσι⁶³
3233 662 3612 735 προστρέχει
3649 630 3712 719 ιλ

2110 761 2322 830 ὑπαντᾷ
2340 800 2353 822 ,
2385 760 2479 811 καὶ
2510 759 2630 822 ὅλος
2659 759 2816 820 ὅλους
2844 759 3078 829 περιφὺς
3107 756 3443 820 ἀσπάζεται
3466 796 3483 818 ,
3522 756 3619 806 καὶ
3644 753 3713 831 οὖι

2109 850 2330 917 ἐγκαλεῖ
2366 849 2494 920 περὶ
2532 848 2638 901 τῶν
2684 848 2998 919 προτέρων,
3032 847 3167 900 ἀλλά
3207 848 3425 916 ἀγαπᾷ
3476 845 3555 897 τά
3600 836 3713 912 παρέ

2107 943 2236 995 ὅντα
2259 983 2273 1005 ,
2323 942 2417 995 καὶ
2447 941 2639 1012 ἑορτὴν
2676 940 2824 1008 ἄγει,
2851 940 2943 993 καὶ
2961 937 3219 1007 συγκαλεῖ
3240 938 3287 969 ⁸⁸
3323 938 3484 999 τοὺς
3514 934 3713 1004 φίλως,

2107 1032 2307 1104 δηλαδὴ
2343 1033 2470 1094 τοὺς
2500 1032 2771 1099 ἀγαθοὺς,
2808 1032 2893 1082 ἵνα
2995 1030 3211 1083 πάντων
3248 1028 3713 1099 εὐφραινομένωι

2108 1125 2140 1194 ἡ
2185 1123 2456 1176 κατοικία.
2497 1121 2800 1193 Δημόφιλος
2833 1122 2889 1174 δὲ
2912 1161 2926 1183 ,
2962 1121 3055 1174 καὶ
3083 1121 3135 1173 εἴ
3167 1137 3251 1183 τις
3283 1119 3476 1182 ἄλλος
3512 1118 3715 1184 ἀγαθοὶ]

2107 1214 2467 1284 ἀπεχθάνεται
2489 1252 2503 1276 ,
2537 1215 2628 1267 καὶ
2658 1213 2776 1266 λίαν
2806 1212 3027 1275 ἐνδίκως
3054 1212 3417 1281 ἐπιτιμᾶται,
3462 1210 3573 1261 καὶ
3601 1208 3715 1258 ἐκει-

2106 1305 2362 1359 δάσκεται
2409 1304 2478 1357 τὰ
2519 1304 2692 1369 καλά,
2740 1306 2834 1357 καὶ
2880 1303 3233 1371 ἀγαθύνεται.
3272 1301 3420 1364 Πῶς
3470 1300 3593 1370 γὰρ
3639 1300 3715 1350 οὐκ

2107 1395 2243 1459 ἔδει,
2288 1397 2455 1468 φησι,
2495 1396 2588 1449 τὸν
2636 1395 2841 1463 ἀγαθὸν
2874 1396 2965 1446 ἐπί
2997 1392 3239 1465 σωτηρίᾳ
3268 1393 3394 1444 τῶν
3451 1391 3715 1443 ἀπολωλὸ-

2105 1504 2214 1540 των
2260 1486 2678 1558 εὐφραίνεσθαι,
2725 1486 2817 1539 καλ⁵
2874 1485 2987 1557 ζωῇ
3030 1484 3138 1536 τῶν
3191 1482 3717 1552 τεθανατωμένωνε

2116 1577 2332 1649 ’Δμέλει
2370 1579 2461 1631 καὶ
2496 1580 2591 1631 ἐπ’
2622 1576 2787 1648 ῶμων
2816 1578 3023 1648 utpar.“
3051 1576 3112 1629 τὸ
3141 1575 3297 1646 μόλις
3345 1576 3479 1628 ἀπὸ
3524 1574 3717 1641 πλέονες

2107 1672 2437 1744 ἐπιπραφέν
2455 1672 2520 1736 ⁸⁵,
2549 1670 2643 1724 καὶ
2670 1670 2796 1733 τοὺς
2824 1667 3065 1736 ἀγαθοὺς
3100 1666 3381 1735 ἀγγέλους
3411 1667 3508 1728 είς
3540 1665 3717 1733 εύεορε-

2113 1766 2278 1837 σύνην
2316 1764 2517 1835 ἐγείρει
2536 1804 2551 1825 ,
2577 1763 2671 1815 καὶ
2700 1761 2935 1833 χρηστός
2972 1762 3117 1812 ἐστιν
3134 1759 3177 1789 ⁸⁷
3207 1758 3305 1811 ἐπὶ
3350 1758 3502 1819 τοὺς
3534 1756 3715 1825 ἀχαρὶ-

2111 1874 2286 1919 στους.
2306 1855 2402 1909 καὶ
2419 1852 2735 1909 ἀνατέλλει
2746 1851 2855 1904 τὸν
2869 1850 3049 1919 ἣλιον
3073 1849 3260 1904 αὐτοῦ
3279 1847 3393 1901 ἐπὶ
3412 1847 3719 1913 ator-ma“;-

2106 1950 2201 2002 καί
2221 1946 2499 2017 ἀγαθοὺς,
2516 1946 2607 1999 καὶ
2620 1944 2786 2015 αὐτὴν
2817 1944 2914 2015 τὴν
2935 1943 3111 2014 ψυχὴν
3130 1940 3301 1996 αὑτοῦ
3326 1940 3572 2010 τίθησιν
3594 1941 3716 2005 6:19

2105 2041 2213 2094 τῶν
2257 2038 2673 2108 ἀποφευγόντων
2690 2038 2755 2090 ’⁸.
2799 2037 2870 2089 Σὺ
2900 2035 2989 2098 δέ,
3029 2034 3105 2097 ὡς
3143 2032 3210 2085 τὰ
3252 2032 3598 2104 γράμματά
3638 2047 3715 2080 σου

2106 2130 2284 2202 δηλοῖ,
2318 2130 2413 2183 καὶ
2442 2126 2817 2199 προσπεσόντα
2846 2125 2924 2195 τῷ
2954 2126 3119 2196 ίερετ,
3151 2124 3243 2176 τὸν
3274 2123 3361 2187 ὡς
3403 2126 3527 2195 φῂς
3556 2122 3711 2188 ἀσεϐῆ

2108 2223 2202 2275 καὶ
2245 2220 2589 2292 ἁμαρτωλὸν,
2625 2220 2725 2273 οὐκ
2763 2214 2867 2271 οἷδ’
2908 2218 3056 2279 ὅπως
3096 2214 3224 2267 καθ’
3265 2215 3483 2269 ἑαυτοῦ

2109 2312 2506 2374 ἀπελάκτισας·
2557 2304 2707 2372 εἶτα,
2749 2310 2778 2362 6
2839 2309 2936 2379 μὲν
2996 2306 3162 2358 ἐδεῖτο
3193 2306 3240 2338 ⁶⁹
3288 2306 3394 2359 καὶ
3440 2305 3706 2376 ὡμολόγει

2109 2404 2246 2474 πρὸς
2278 2404 2520 2474 ἰατρείαν
2550 2400 2733 2456 κακῶν
2764 2397 3099 2469 ἐληλυθέναι,
3137 2396 3200 2450 σὺ
3229 2397 3292 2449 δὲ
3323 2398 3438 2449 οὐκ
3472 2398 3711 2466 ἔφριξαε.

2110 2496 2246 2549 ἀλλὰ
2274 2494 2368 2548 καὶ
2399 2495 2489 2546 τὸν
2519 2492 2726 2563 ἀγαθὸν
2754 2492 2902 2565 ἱερέα
2947 2490 3082 2563 μετὰ
3122 2488 3368 2561 θράσους
3391 2491 3442 2521 τ’
3480 2505 3711 2561 amatr,»

2108 2588 2362 2651 λάκιζες,
2402 2585 2621 2657 ἐλεητὸν
2665 2582 2803 2639 εἶναι
2838 2580 3231 2657 μετανοοῦντα,
3278 2583 3384 2635 καὶ
3416 2582 3520 2635 τὸν
3553 2581 3713 2648 ἀσεὸἦ

2107 2677 2503 2734 δικαιώσαντα·
2548 2680 2641 2732 καὶ
2671 2679 2856 2741 τέλος,
2892 2696 2911 2727 ‹
2952 2674 3149 2740 Ἔξιθι,
3191 2694 3209 2725 ι
3257 2672 3408 2743 ἔφης
3438 2675 3527 2745 τῷ
3558 2676 3705 2744 ἱερεῖ.

2114 2773 2249 2846 μετά
2292 2773 2401 2825 τῶν
2442 2770 2641 2841 ὁμοίων
2680 2770 2774 2823 καὶ
2816 2768 3206 2838 είσεπήδησας,
3236 2766 3344 2818 οὐκ
3374 2766 3547 2828 ὄντος
3571 2764 3709 2834 θεμιο

2109 2863 2204 2918 τοῦ
2226 2905 2240 2929 ,
2280 2864 2416 2935 πρὸς
2445 2862 2514 2915 τὰ
2548 2861 2735 2924 ἄδυτα,
2769 2860 2862 2913 καὶ
2890 2859 2958 2911 τὰ
2989 2858 3154 2926 Ἅγια
3188 2855 3300 2909 τῶν
3336 2856 3531 2925 ἁγίων
3562 2855 3708 2907 συνέ-

2113 2954 2327 3016 στειλας
2347 2992 2360 3015 ,
2394 2952 2488 3004 καλ⁵
2518 2948 2750 3023 γράφεις
2790 2949 2942 3018 ἡμῖν,
2972 2947 3055 2999 ὅτι
3099 2944 3367 3017 μέλλοντα
3406 2944 3711 3013 διαφθαρῆ-

2112 3061 2201 3097 ναι
2228 3044 2296 3096 sit
2330 3042 2452 3116 ίερὰ
2495 3038 2867 3113 προνοητικῶς
2898 3038 3155 3090 ἀπέσωσα
3174 3077 3189 3099 ,
3225 3037 3325 3089 καὶ
3353 3035 3442 3089 ἔτι
3473 3038 3709 3107 ἄκραντα

436 3126 691 3195 inquiens
715 3130 1022 3196 sacerdoti,
1062 3129 1225 3203 599
1256 3148 1377 3185 cum
1413 3133 1486 3187 tui
1517 3134 1785 3189 similibus
1818 3151 1918 3190 con

2224 3135 2473 3205 ρυλάττω.
2517 3131 2633 3185 Νῦν
2675 3128 2768 3184 οὖν
2799 3129 2963 3183 ἄκουε
3006 3127 3112 3181 τῶν
3141 3127 3442 3198 ἡμετέρων
3465 3143 3482 3158 ’
3521 3128 3598 3180 Οὐ
3629 3125 3706 3177 θε-

436 3216 519 3273 fas
566 3218 617 3272 in
650 3219 811 3292 adyta
852 3220 1114 3290 irrupisti,
1154 3238 1216 3276 ac
1245 3224 1443 3279 Sancta
1477 3236 1787 3281 sanctorum
1817 3239 2010 3282 conta-

437 3310 677 3377 minasti,
724 3320 780 3366 et
821 3314 1018 3368 scribis
1063 3313 1222 3368 nobis
1269 3326 1323 3370 te
1356 3326 1571 3382 sancta,
1613 3332 1735 3372 cum
1762 3320 2009 3375 violanda

435 3413 637 3465 essent,
669 3417 878 3455 summa
902 3418 1030 3457 cura
1059 3404 1507 3475 providentiaque
1551 3423 1816 3474 servasse,
1840 3423 2012 3478 eaque

439 3491 705 3546 hactenus
753 3492 962 3547 illibata
1014 3494 1318 3552 custodire.
1382 3495 1537 3551 Nunc
1587 3511 1717 3567 ergo
1758 3498 1884 3551 audi
1919 3514 2015 3552 uo-

438 3589 607 3632 stram
650 3583 977 3634 sententiam
1014 3598 1029 3635 :
1062 3582 1222 3635 Nefas
1256 3593 1338 3638 est
1374 3585 1716 3638 sacerdotem
1770 3601 1799 3638 a
1837 3593 1888 3640 te
1927 3586 2011 3639 di-

440 3671 720 3739 gnioribus
762 3673 1053 3737 ministris,
1098 3674 1243 3728 tuive
1291 3674 1502 3728 ordinis
1550 3676 1835 3731 monachis
1891 3692 2014 3731 cor-

441 3762 583 3832 ripi,
641 3763 989 3831 quantumvis
1059 3763 1110 3816 in
1166 3763 1350 3818 divina
1409 3765 1605 3834 impius
1654 3768 1918 3832 videatur,
1963 3775 2016 3824 et

439 3855 657 3909 etiamsi
707 3854 1041 3924 quidaliud
1104 3856 1329 3909 vetitum
1396 3857 1572 3928 egisse
1634 3859 2011 3914 convincatur.

443 3942 576 4001 Nam
620 3945 663 4001 si
701 3946 1069 4002 distinctionis
1114 3950 1431 4019 ordinisque
1474 3949 1747 4014 coafusio,
1783 3951 2014 4006 divinis-

441 4042 703 4095 simarum
762 4043 1215 4097 constitutiouum
1287 4043 1573 4113 legumque
1649 4045 2013 4114 transgressio

441 4143 560 4197 est;
601 4132 746 4187 nulla
780 4144 929 4189 certe
980 4135 1119 4189 ratio
1156 4130 1241 4191 est
1286 4147 1509 4206 propter
1535 4136 1702 4192 Deum
1756 4139 2013 4193 traditum

443 4226 704 4279 divinitus
734 4228 979 4281 ordinem
1022 4230 1436 4285 intervertendi.
1480 4229 1668 4299 Neque
1697 4232 1842 4285 enim
1874 4233 1924 4286 in
1956 4246 2014 4287 se

445 4317 588 4370 Deus
614 4318 819 4377 divisus
854 4330 961 4384 est,
998 4320 1235 4389 alioquin
1272 4323 1541 4391 quomodo
1583 4324 1750 4378 stabit
1788 4339 2013 4395 regnum

442 4407 561 4475 cjus
593 4419 622 4457 γ
650 4408 672 4460 ?
697 4408 762 4462 Et
790 4410 834 4463 si
866 4410 958 4465 Dei
996 4420 1078 4467 est
1118 4411 1412 4480 judicium,
1448 4424 1505 4468 ut
1538 4415 1763 4484 Eloquia
1814 4425 2014 4472 testan—

2115 3228 2267 3299 μιτὸν
2300 3224 2451 3297 ἱερέα
2494 3222 2630 3295 πρὸς
2668 3220 2779 3274 τῶν
2825 3221 2964 3291 ὑπὲρ
3012 3220 3069 3272 σὲ
3111 3218 3492 3290 λειτουργῶν,
3538 3218 3574 3288 ἦ
3613 3216 3711 3268 τῶν

2110 3317 2394 3390 ὁμοταγῶν
2420 3331 2502 3368 σοι
2524 3315 2567 3345 ⁷⁸
2605 3312 2955 3384 θεραπευτῶν
2984 3308 3325 3370 εύθύνεσθαι,
3355 3308 3471 3361 κᾶν
3497 3308 3705 3361 ἀσεϐεῖν

2111 3411 2191 3472 είς
2236 3407 2305 3460 τὰ
2350 3406 2469 3459 θεῖα
2520 3404 2685 3475 δοκῇ,
2737 3403 2839 3457 κᾶν
2886 3402 3014 3457 ἄλλο
3066 3419 3119 3455 τι
3161 3400 3273 3453 τῶν
3312 3400 3709 3470 ἀπειρημένων

2113 3498 2447 3568 ἐξελέγχοιτο
2485 3496 2707 3567 δράσας.
2742 3495 2802 3547 Et
2829 3493 2939 3565 γάρ
2964 3492 3204 3563 ἀκοσμία
3226 3492 3327 3544 καὶ
3359 3491 3574 3557 ἀταξία
3610 3490 3703 3540 τῶν

2113 3590 2402 3645 θειοτάτων
2444 3589 2560 3641 ἐστὶ
2597 3588 2691 3641 καὶ
2722 3587 2864 3657 ὅρων
2896 3586 2992 3640 καὶ
3037 3585 3254 3656 θεσμῶν
3287 3583 3566 3649 ἔκϐασις,
3612 3584 3701 3633 οὐκ

2114 3683 2224 3754 ἔχει
2255 3682 2409 3751 λόγον
2438 3681 2579 3751 ὑπὲρ
2605 3678 2740 3733 Θεοῦ
2763 3679 2811 3711 τ’
2838 3678 2935 3749 τὴν
2966 3676 3375 3747 θεοπαράδοτον
3403 3674 3702 3746 ἀνατρέπει

2116 3774 2238 3827 σθαι
2285 3772 2457 3837 τάξιν.
2504 3772 2580 3825 υύ
2626 3770 2735 3843 γὰρ
2781 3770 2881 3841 ἐφ’
2918 3767 3110 3823 ἑαυτὸν
3141 3770 3168 3820 6
3201 3766 3339 3830 Θεὸς
3391 3766 3698 3839 ἐμερίσθη·

2114 3866 2232 3929 πῶς
2264 3864 2374 3936 γὰρ
2404 3863 2729 3934 σταθήσεται
2765 3864 2805 3932 ἡ
2840 3860 3085 3931 βασιλεία
3131 3858 3335 3922 αύτοῦ;
3380 3859 3503 3912 Καὶ
3534 3857 3585 3911 εί
3618 3854 3701 3907 τοῦ

2112 3956 2247 4009 Θεοῦ
2273 3958 2441 4017 ἐστιν,
2476 3955 2551 4018 ὡς
2572 3955 2644 4007 τὰ
2674 3954 2827 4023 λόγιά
2859 3954 3099 4025 φησιν,ή
3128 3950 3311 4022 κρίσις
3332 3992 3348 4015 ,
3376 3950 3432 4002 οἱ
3463 3950 3525 4003 δὲ
3552 3951 3701 4020 ἱερεῖς

2114 4048 2330 4117 ἄγγελοι
2376 4048 2469 4100 καὶ
2503 4046 2778 4115 ὑποφῆται
2818 4044 2955 4115 μετά
2997 4045 3124 4105 τοὺς
3163 4041 3437 4113 ἱεράρχας
3470 4043 3581 4094 εἰσὶ
3608 4040 3700 4091 τῶν

2115 4141 2275 4194 θείων
2322 4140 2632 4212 χριμάτων,
2669 4137 2806 4209 πρὸς
2838 4134 3015 4190 αὐτῶν
3042 4134 3111 4187 τὰ
3150 4132 3270 4187 θεῖα
3312 4134 3698 4205 προσηκόντως

2117 4250 2197 4285 σοι
2235 4233 2323 4285 διὰ
2368 4232 2545 4304 μέσων
2570 4232 2615 4261 ⁷³
2646 4231 2753 4283 τῶν
2799 4227 3166 4298 λειτουργῶν,
3213 4227 3345 4279 ὅταν
3483 4226 3698 4295 καιρὸς.

2116 4323 2462 4387 ἐκδιδάσκου,
2490 4324 2557 4375 δι’
2586 4314 2659 4375 ὧν
2692 4323 2785 4375 καὶ
2816 4321 2878 4374 τὸ
2910 4316 3045 4372 εἶναι
3073 4318 3423 4390 θεραπευτής
3451 4317 3695 4386 ἠξιώθης-

2119 4417 2193 4468 Ἦ
2224 4416 2343 4486 οὐχὶ
2375 4416 2469 4468 καὶ
2510 4415 2579 4468 τὰ
2633 4414 2753 4486 ἱερά
2806 4412 3049 4483 σύμϐολα
3083 4411 3241 4464 τοῦτο
3283 4409 3424 4480 βοᾷς
3479 4412 3579 4463 καὶ
3606 4408 3699 4474 γὰρ

444 4509 535 4553 :ur
567 4509 610 4563 ι,
649 4503 961 4557 sacerdotes
986 4513 1164 4557 autem
1211 4506 1389 4577 angeli
1440 4516 1567 4560 sunt
1597 4520 1646 4572 ο,
1682 4518 1737 4563 et
1766 4516 1881 4579 post
1916 4525 1926 4563 ι

2208 4527 2213 4577 ς
2240 4485 2423 4569 ἁπλῶς
2445 4506 2694 4560 ἁπάντων
2725 4505 2821 4575 μὲν
2839 4503 3175 4575 ἐξῄρηταιτὰ
3186 4501 3362 4568 Ἀγια
3381 4500 3501 4554 τῶν
3524 4502 3690 4568 ἁγίων

444 4588 642 4643 tistites
692 4589 1001 4645 divinorum
1063 4592 1392 4663 interpretes
1432 4596 1789 4667 judiciorum,
1828 4599 1896 4653 ab
1944 4599 2011 4654 iis

440 4677 654 4744 ordine,
686 4691 844 4751 prout
873 4692 924 4737 te
948 4683 1125 4747 decet.
1158 4686 1519 4741 mediantibus
1568 4689 1856 4754 ministris,
1882 4690 2007 4746 dum

440 4774 544 4827 erit
569 4783 956 4846 Opportunum,
992 4778 1173 4831 divina
1205 4780 1377 4845 disce,
1423 4794 1519 4849 per
1545 4796 1683 4850 quos
1727 4781 1918 4850 etiam,
1951 4794 2011 4837 ut

443 4865 741 4917 monachus
802 4881 974 4934 esses,
999 4868 1259 4923 habuisti.
1307 4870 1389 4922 An
1420 4885 1552 4924 vero
1590 4886 1694 4925 non
1742 4870 1794 4925 id
1835 4872 2011 4942 ipsum

441 4964 594 5007 sacra
642 4953 793 5024 signa
838 4956 1215 5026 proclamant?
1273 4974 1448 5030 neque
1502 4960 1647 5015 enim
1690 4960 2009 5031 simpliciter

443 5044 643 5099 Sancta
722 5057 1032 5103 sanctorum
1080 5050 1148 5103 ab
1203 5052 1455 5106 omnibus
1509 5061 1793 5124 segregata
1846 5062 2003 5119 sunt;

515 5233 539 5260 ³
573 5224 796 5301 Joan._t,
830 5226 866 5279 2
943 5228 961 5261 ί
999 5225 1186 5301 Matth.
1223 5242 1297 5301 τι.
1332 5298 1341 5301 Α
1374 5240 1401 5268 ιι
1434 5229 1563 5282 Luc.
1610 5243 1711 5301 Axv.
1788 5240 1813 5262 '
1847 5232 1997 5289 Matt]

1953 5234 2041 5289 ιιι.
2080 5211 2269 5298 “'43.
2352 5234 2567 5291 lItloau.
2622 5254 2676 5301 ς,
2736 5237 2819 5291 ll.
2898 5244 2923 5282 1
2961 5234 3155 5289 Matth.
3201 5249 3307 5294 xu,
3360 5226 3435 5281 23

443 5310 573 5358 xxx,
613 5300 698 5357 £8;
737 5295 896 5351 ltotn.
934 5312 992 5359 ιι,
1026 5297 1112 5352 t6.
1186 5309 1215 5339 ι
1240 5298 1473 5354 Malach.
1510 5315 1570 5362 ιι,
1608 5299 1658 5353 7.

2122 4600 2407 4670 πλησιάζει
2437 4599 2493 4651 δέ
2530 4598 2726 4670 μᾶλλον
2754 4598 2936 4659 αὐτοῖς
2969 4597 2997 4648 6
3032 4595 3140 4648 τῶν
3175 4593 3575 4664 ίεροτελεστῶν
3602 4590 3695 4642 διὰ·

2120 4707 2356 4760 κοσμος,
2388 4688 2506 4745 εἶτα
2536 4691 2644 4743 τῶν
2679 4690 2867 4762 ἱερέων
2910 4690 2942 4759 ἡ
2979 4688 3345 4756 διακόσμησις
3367 4729 3383 4750 ,
3429 4686 3695 4755 ἑπομένως

2120 4782 2175 4834 δὲ
2221 4783 2431 4847 τούτοις
2476 4785 2509 4854 ἡ
2553 4782 2659 4836 τῶν
2705 4779 3064 4851 λειτουργῶν·
3103 4782 3216 4840 τοῖς
3248 4777 3304 4829 δὲ
3351 4777 3695 4847 τεταγμένοις

2123 4874 2481 4946 θεραπευταῖς
2501 4876 2557 4929 αί
2583 4874 2748 4927 πύλαι
2772 4872 2878 4925 τῶν
2900 4871 3107 4925 ἀδύτων
3137 4871 3271 4922 εἰσιν
3302 4868 3695 4937 ἀφωρισμέναι,

2123 4966 2245 5020 καθ’
2263 4967 2329 5031 ἃς
2360 4970 2453 5022 καὶ
2482 4966 2755 5020 τελοῦνται
2782 4966 2873 5018 καὶ
2903 4961 3341 5034 παρεστᾶσιν.ού
3366 4961 3514 5031 πρὸς
3547 4958 3695 5027 quiu-

2111 5058 2214 5127 κὴν
2241 5059 2450 5123 αὐτῶν,
2478 5057 2613 5112 ἀλλά
2646 5057 2783 5127 πρὸς
2814 5055 2965 5122 τάξιν
3012 5055 3108 5108 καὶ
3151 5053 3454 5122 ἐπίγνωσιν
3503 5046 3696 5104 ἑαυτῶν

3534 5238 3567 5299 γι
3605 5225 3694 5281 [sai

1746 5456 1980 5512 VARIIE
2020 5456 2308 5512 LECTION
2318 5454 2418 5511 ES.

556 5639 601 5672 ⁸³
633 5639 903 5709 προϊοῦσι,
939 5640 999 5694 S.
1040 5639 1085 5671 “
1119 5633 1216 5692 καὶ
1263 5637 1637 5706 συγκαλείται,
1672 5635 1735 5688 ι).
1762 5636 1821 5688 S.
1851 5634 1910 5689 P.
1988 5636 2033 5667 θ’
2067 5636 2241 5706 φέρει,
2280 5635 2337 5688 S.
2418 5638 2461 5666 ⁸⁸
2497 5636 2844 5708 ἐπιστρέφον,
2882 5636 2937 5688 S.
2968 5636 3025 5689 Ρ.

556 5726 615 5758 ιν.
651 5711 750 5758 (.h.
787 5712 844 5758 ι).
878 5711 936 5758 ιι-
1016 5711 1059 5741 ⁶⁸
1092 5710 1498 5758 ἁποιευγόντων.
1537 5708 1593 5758 5.
1670 5710 1712 5739 δ’
1749 5706 1944 5758 rogito.
1970 5706 2025 5758 S.
2058 5704 2116 5758 Ρ.
2200 5710 2241 5739 ⁷ο
2278 5708 2526 5758 θάρσευς.
2608 5710 2646 5737 τ’
2684 5706 2971 5758 ὁμοταγῶν
3007 5724 3025 5758 ε

448 5711 615 5762 ἐστιν.
651 5708 750 5762 (.h.
787 5712 844 5763 υ.
877 5711 936 5763 ιν.
1016 5711 1059 5741 ⁶⁸
1092 5710 1498 5777 ἀποφυγόντων,
1537 5708 1593 5761 S.

448 5780 495 5811 ⁷⁸
531 5782 595 5834 σὺ
627 5780 715 5833 διὰ
754 5781 951 5850 μέσων,
993 5780 1050 5833 υ.
1085 5780 1141 5833 S.

3130 5635 3172 5705 ⁸7
3208 5635 3303 5688 καὶ
3335 5637 3691 5705 χρηστότατὰ

2200 5710 2241 5739 ⁷ο
2278 5708 2526 5776 θάρσευς,
2608 5704 2971 5776 “epotatva
3007 5704 3200 5767 σου,8.
3280 5707 3323 5737 ⁷³
3361 5704 3621 5765 ἑκθεοῦ.
3649 5708 3690 5758 5.
