3772 6300
123 312 268 367 1093

1560 306 1899 364 EPlSTOLA
1929 307 2063 364 VIII.

3275 311 3301 366 1
3312 311 3416 372 094

115 429 238 487 οὖσι
266 432 358 486 διὰ
383 432 494 486 τῶν
529 434 764 504 πρώτων
799 435 911 496 τοῖς
931 429 1205 504 δευτέροις
1232 430 1600 503 ἀπονέμεταιο

1951 428 2158 498 primas
2185 427 2462 493 secundis,
2487 443 2518 482 a
2544 435 2694 484 recta
2717 424 3146 497 mqulssimaque
3167 428 3412 484 omnium

116 527 240 580 κατ’
264 526 426 590 ἀξίαν
455 526 563 578 ὑπὸ
586 527 687 596 τῆς
719 525 938 579 πάντων
969 525 1232 579 εὐτάκτου
1257 525 1352 578 καὶ
1369 523 1718 596 δικαιοτάτης

115 619 379 689 προνοίας
407 636 420 649 ·
457 620 505 671 oi
544 618 644 688 μὲν
669 614 762 672 οῦν
789 619 882 671 καὶ
913 618 1090 672 ἄλλων
1118 618 1381 690 ἐπάρχειν
1430 617 1538 671 ὑπὸ
1578 617 1715 671 Θεοῦ

113 710 413 781 ταχθέντες
438 710 779 780 ἀπονείμωσι
804 711 854 742 ’⁸
912 710 1032 780 μεθ’
1056 711 1282 773 ἑαυτοὺς
1315 710 1409 763 καὶ
1437 711 1552 773 τοῖς
1574 710 1716 780 ὑπη-

115 805 266 867 κόοις
297 804 366 857 τὰ
405 806 527 870 κατῖ
563 803 742 867 ἀξίαν.
791 804 1098 874 Δημόφιλος
1135 803 1193 857 δὲ
1228 804 1370 876 λόγῳ
1411 815 1507 859 καί
1537 803 1712 876 θυμῷ,

114 896 210 950 καὶ⁵
243 895 513 968 ἐπιθυμίᾳ
530 896 598 948 τὰ
636 896 756 949 κατ’
780 895 938 962 ἀξίαν
983 895 1316 968 ἀφοριζέτω,
1369 898 1463 952 καὶ
1497 898 1570 968 μὴ
1602 897 1717 952 ἀδι-

114 989 288 1043 κείτω
318 991 418 1061 τὴν
455 989 651 1043 ἑαυτοῦ
689 988 868 1056 τάξιν,
927 989 1043 1044 ἀλλ’
1089 989 1378 1063 ἐπαρχέτω
1421 990 1532 1044 τῶν
1557 990 1713 1058 ὑφει-

118 1082 355 1152 μένωνό
393 1083 792 1154 ὑπερκεῖμενος
846 1083 1026 1151 λόγος.
1079 1085 1143 1137 Εἰ
1202 1083 1311 1156 γάρ
1359 1085 1448 1137 ἐπ’
1505 1084 1714 1155 ἀγορᾶς

118 1173 321 1237 ἰδόντες
347 1176 392 1206 ’³
424 1174 640 1244 οἰκέτην
661 1174 915 1249 δεσπότῃ,
944 1177 1038 1230 καί⁸
1059 1175 1415 1248 πρεσϐυτέρῳ
1430 1175 1711 1248 νεώτερον,

111 1262 146 1332 ἢ
186 1263 287 1315 καὶ
317 1262 431 1314 υἱὸν
456 1265 624 1342 πατρῒ¹
637 1263 967 1334 διαλοιδορού
977 1281 1157 1334 μενον,
1187 1265 1302 1336 ἅμα
1325 1267 1420 1320 καὶ
1461 1266 1710 1330 ἐπιόντα,

115 1357 208 1408 καὶ
265 1356 484 1427 πληγάς
513 1357 826 1411 ἐπιτιθέντα
855 1360 922 1422 ⁸⁸,
954 1359 1048 1412 καὶ
1077 1358 1297 1412 ἀσεϐεῖν
1323 1360 1632 1431 ἐδοκοῦμεν,
1662 1363 1710 1415 εί

118 1448 213 1518 μὴ,
234 1450 353 1512 τοῖς
383 1449 692 1520 κρείττοσιν
719 1449 1132 1521 ἐπιδραμόντες,
1164 1451 1562 1523 ἐϐοηθήσαμεν,
1589 1453 1711 1506 καί-

112 1555 194 1590 τοι
219 1555 286 1607 γε
322 1538 452 1603 ἴσως
484 1541 681 1594 ἐκεῖνοι
713 1541 1074 1613 προηδίκηντο
1101 1559 1115 1573 ο
1152 1542 1271 1606 πῶς
1298 1544 1397 1597 οὐκ
1422 1545 1713 1615 αίσχυνθη-

116 1631 330 1703 σόμεθα
373 1633 738 1704 παρορῶντες
783 1635 888 1689 ὑπὸ
910 1636 1086 1707 θυμοῦ
1113 1638 1208 1691 καὶ
1253 1637 1550 1709 ἐπιθυμίας
1597 1639 1712 1692 ἀδι-

112 1723 388 1794 κούμενον
421 1725 600 1794 λόγον,
629 1727 722 1780 καὶ
775 1728 874 1798 τῆς
921 1730 987 1782 ὲκ
1045 1729 1180 1784 Θεοῦ
1239 1730 1486 1802 δοθείσης
1537 1732 1712 1804 ἀρχῆς

1819 523 2186 594 providentia,
2221 523 2421 593 cuique
2470 523 2622 593 justa
2679 539 2781 594 pro
2817 523 3034 579 meritis
3073 524 3414 590 tribuuntur,

1819 624 1880 668 ut
1918 616 2176 670 nimirum
2223 615 2260 669 ii
2289 616 2380 684 qui
2428 632 2456 670 a
2506 617 2616 672 Deo
2671 615 2913 671 ordinati
2965 625 3095 672 sunt
3145 617 3413 687 praesides

1817 709 2071 773 aliorum,
2113 709 2465 764 inferioribus
2498 726 2718 781 quoque
2767 711 3114 782 subditisque
3141 713 3258 766 suis
3304 727 3406 781 pro

1819 800 2031 855 meritis
2067 801 2421 857 distribuant.
2461 801 2817 872 Demophilus
2845 804 3033 873 itaque
3063 806 3303 858 sermoni
3337 821 3410 860 ac

1816 891 1992 948 furori
2028 893 2602 963 coucupiseentiaeque
2634 911 2769 957 suae.
2793 896 2936 951 sicut
2960 897 3140 964 decet,
3189 897 3410 952 modum

1817 994 2046 1050 statuat,
2099 999 2278 1054 neque
2317 987 2566 1041 ordinem
2597 987 2788 1051 violet.
2819 987 2912 1042 sed
2975 987 3120 1042 ratio
3153 988 3411 1059 superior

1818 1078 2172 1135 inferioribus
2201 1079 2537 1135 dominetur.
2584 1079 2720 1135 Nam
2751 1080 2821 1143 si,
2850 1095 2972 1134 cum
3008 1080 3062 1134 in
3090 1079 3210 1135 foro
3258 1081 3413 1135 vide-

1817 1188 1938 1228 mus
1966 1171 2228 1226 famulum
2255 1172 2504 1238 domino,
2535 1173 2741 1228 seniori
2763 1171 3263 1236 adolescentulum,
3291 1174 3412 1230 sive

1815 1262 1980 1316 etiam
2039 1261 2209 1316 lilium
2265 1261 2408 1330 patri
2470 1261 2833 1324 maledicere,
2875 1261 3149 1330 simulque
3196 1263 3405 1331 impetu

1816 1355 1967 1410 facto
1999 1353 2186 1423 plagas
2221 1351 2449 1418 inferre,
2496 1353 2755 1421 pietatem
2785 1351 2987 1407 violare
3009 1353 3276 1420 videmur,
3303 1355 3405 1410 nisi

1815 1455 2189 1512 occurrentes,
2214 1446 2693 1516 pmstantioribns
2709 1461 2866 1516 opem
2887 1446 3036 1502 ferre
3059 1448 3403 1513 studeamus,

1813 1538 2212 1609 quantumlibet
2244 1536 2319 1592 illi
2359 1535 2594 1592 fortasse
2625 1538 2776 1608 prius
2807 1537 3090 1592 intulerint
3113 1536 3401 1605 iniuriam:

1811 1649 1912 1687 cur
1942 1647 2048 1686 non
2078 1630 2480 1695 erubescimus,
2514 1630 2608 1699 qui
2660 1631 2928 1685 rationem
2957 1631 3028 1686 ab
3061 1631 3140 1684 ira
3165 1639 3222 1685 et
3268 1647 3403 1686 con-

1812 1721 2151 1790 cupiscentia
2185 1719 2404 1784 violari,
2447 1730 2504 1774 et
2532 1735 2564 1774 a
2589 1719 2790 1774 tradito
2817 1719 2922 1775 sibi
2958 1720 3220 1775 divinitus
3247 1721 3402 1791 priu-

111 1814 540 1886 ἐκϐαλλόμενον,
611 1819 705 1872 καὶ
754 1820 814 1872 ἐν
873 1821 1085 1884 ἑαυτοῖς
1156 1822 1328 1892 ἀσεϐῆ
1373 1823 1468 1875 καὶ
1518 1823 1600 1876 ἀδι

1912 1821 1986 1865 Ill]
2020 1811 2179 1881 dejiei
2203 1812 2451 1867 videmus
2469 1821 2632 1882 atque
2666 1811 3017 1882 negligimus,
3049 1823 3215 1883 atque
3256 1813 3401 1868 intra

110 1906 366 1972 ἀταξίαν,
396 1909 489 1961 καὶ
521 1909 728 1974 στάσιν,
759 1911 852 1964 καὶ
876 1911 1152 1982 ἀκοσμίαν
1174 1913 1478 1986 ἐγείροντες
1503 1931 1516 1980 ;
1546 1915 1704 1969 Είκό-

105 2018 218 2064 τως
250 2002 280 2053 ό
316 2003 586 2073 μακάριος
612 2004 773 2074 ἡμῶν
820 2007 884 2058 ἐκ
919 2005 1054 2058 Θεοῦ
1081 2007 1374 2078 νομοθέτης
1431 2010 1532 2063 οὐκ
1563 2010 1707 2076 ἀξιοῖ

107 2091 207 2161 τῆς
246 2093 576 2165 Ἐκκλησίας
611 2094 704 2148 τοῦ
746 2095 880 2149 Θεοῦ
932 2097 1292 2168 προΐστασθαι
1353 2099 1445 2153 τὸν
1505 2101 1579 2172 μὴ
1607 2102 1702 2155 τοῦ

111 2182 244 2237 ἰδίου
271 2183 426 2238 οίκου
451 2185 632 2250 καλῶς
657 2186 759 2258 ἥδη
788 2188 1168 2259 προεστηκότα
1188 2206 1202 2218 ο
1229 2190 1324 2244 καὶ
1354 2189 1464 2262 γὰρ
1492 2191 1703 2259 ότάξας

107 2275 307 2328 ἑαυτὸν
329 2278 425 2330 καὶ
459 2277 644 2348 ἕτερον
665 2280 816 2346 τάξει
842 2297 856 2311 ο
887 2281 980 2334 καὶ
1005 2281 1036 2333 ό
1064 2281 1254 2352 ἕτερον
1277 2282 1371 2335 καὶ
1394 2277 1541 2336 οἶκον
1564 2299 1579 2312 ·
1606 2283 1701 2336 καὶ

106 2367 136 2419 ό
161 2363 316 2420 οἷκον
344 2370 440 2422 καὶ
463 2369 617 2423 πόλιν
641 2387 655 2400 ·
684 2373 779 2424 καὶ
813 2372 842 2424 ό
872 2372 1027 2427 πόλιν
1055 2372 1152 2426 καὶ
1183 2373 1334 2436 ἔθνος
1356 2389 1370 2402 ⁸
1390 2375 1484 2427 καὶ
1512 2373 1701 2438 ἀπλῶς

109 2460 311 2524 εἰπεῖν,
334 2461 411 2525 ὡς
437 2461 504 2514 τά
534 2463 692 2532 λόγιά
718 2481 902 2535 φησιν,
930 2468 960 2518 ό
981 2467 1039 2518 ἐν
1073 2465 1240 2537 ὀλίγῳ
1264 2463 1483 2530 πιστὸς,
1521 2467 1614 2519 καὶ
1643 2469 1702 2520 ἐν

109 2552 300 2625 πολλῷ
331 2555 523 2619 πιστός
579 2557 697 2609 ἐστι
718 2572 732 2587 °
766 2557 862 2611 καὶ
882 2557 990 2612 an
1033 2557 1199 2630 ὀλίγῳ
1250 2558 1498 2629 ἄπιστος,
1518 2562 1610 2617 καὶ
1642 2563 1702 2618 ἐν

108 2643 297 2718 πολλῷ
321 2647 548 2712 ἄπιστός
588 2650 758 2701 ἐστιν.

1811 1905 2199 1974 nosmetipsos,
2227 1905 2396 1976 603
2423 1904 2648 1974 impiam
2689 1903 3063 1976 iniustamque
3113 1905 3403 1962 temerita-

1813 2005 1920 2050 tem
1971 2011 2035 2052 ac
2101 1997 2426 2052 seditionem
2492 1994 3012 2066 eontusionemque'
3045 1997 3406 2052 excitamus?

1810 2088 2010 2144 Merito
2047 2105 2180 2145 sane
2231 2089 2452 2144 divinus
2511 2098 2698 2143 noster
2741 2087 2952 2158 legifer,
3007 2088 3269 2146 Ecclesia:
3307 2090 3400 2144 Dei

1807 2179 2012 2248 praefici
2061 2181 2314 2250 prohibet
2359 2196 2483 2236 eum
2510 2181 2529 2218 ί
2563 2182 2655 2250 qui
2688 2193 2855 2236 antea
2903 2182 3091 2236 domui
3134 2199 3248 2238 suae
3293 2199 3400 2237 non

1807 2271 1947 2328 bene
1997 2271 2312 2342 praefuit“:
2357 2273 2449 2343 qui
2477 2272 2624 2326 enim
2672 2274 2914 2343 seipsum
2966 2288 3158 2343 regere
3223 2276 3399 2340 novit,

1807 2372 1863 2420 et
1885 2364 2118 2419 alterum
2153 2374 2344 2433 reget;
2373 2365 2466 2434 qui
2501 2365 2758 2429 alterum,
2813 2366 2984 2420 etiam
3009 2366 3268 2430 domum;
3304 2367 3401 2435 qui

1803 2457 2054 2521 domum,
2084 2457 2252 2511 etiam
2280 2456 2606 2521 civitatem;
2643 2464 2698 2511 et
2748 2456 2841 2526 qui
2898 2455 3201 2519 civitatem,
3231 2458 3399 2511 etiam

1810 2557 2062 2616 gentem;
2109 2557 2296 2617 atque,
2323 2556 2384 2601 ut
2416 2547 2730 2602 summatim
2774 2547 2979 2610 dicam,
3005 2546 3162 2617 juxta
3207 2563 3398 2602 vocem

1812 2639 2100 2705 Veritatis,
2141 2641 2312 2710 quiin
2346 2641 2562 2695 modico
2599 2638 2772 2694 ﬁdelis
2800 2648 2907 2706 est,
2940 2639 3107 2695 etiam
3139 2639 3194 2694 in
3226 2639 3400 2694 multo

1815 2733 1994 2789 ﬁdelis
2020 2733 2167 2796 erit;
2195 2743 2252 2786 et
2282 2733 2374 2802 qui
2423 2733 2478 2786 in
2525 2730 2743 2788 modico
2770 2732 3029 2799 inﬁdelis,
3056 2744 3112 2788 et
3139 2733 3192 2788 in
3227 2732 3400 2787 multo

1809 2841 2030 2898 quoque
2061 2824 2296 2880 inﬁdelis
2325 2826 2432 2880 erit
2461 2833 2517 2870 '-

1596 3065 1601 3071 _
1680 2987 1709 3062 δ
1753 2987 1864 3048 ιν.

176 3132 358 3196 Αὐτὸς
403 3132 500 3204 μὲν
537 3127 631 3186 οῦν
668 3133 955 3206 ἐπιθυμίᾳ,
985 3129 1080 3187 καὶ
1118 3131 1294 3204 θυμῷ,
1331 3133 1427 3187 καὶ
1452 3133 1597 3204 λόγῳ
1634 3149 1664 3185 τ

1905 3145 2000 3201 pse
2023 3144 2156 3201 ergo
2187 3127 2470 3198 cupiditati
2509 3141 2575 3184 ac
2606 3125 2802 3193 furori,
2833 3129 3131 3200 rationique
3163 3124 3239 3180 uti
3295 3138 3394 3208 par

106 3229 230 3280 κατ’
274 3225 436 3292 ἀξίαν
474 3225 725 3297 ἀφόριζε,
769 3227 850 3279 σοὶ
888 3226 945 3280 δὲ
985 3228 1034 3280 oi
1075 3226 1208 3279 θεῖοι
1245 3225 1576 3299 λειτουργοὶ,
1609 3227 1703 3280 καὶ

104 3319 325 3382 τούτοις
363 3319 410 3370 οἱ
451 3319 635 3389 ἱερεῖς,
670 3319 918 3391 ίεράρχαι
949 3319 1004 3372 δὲ
1043 3322 1156 3383 τοῖς
1186 3318 1409 3390 ίερεῦσι,
1462 3320 1556 3373 καὶ
1591 3322 1703 3384 τοῖς

108 3407 404 3479 ἱεράρχαις
441 3409 489 3459 οἱ
530 3408 839 3473 ἀπόστολοι,
876 3409 970 3462 καὶ
1007 3412 1056 3462 οἱ
1084 3410 1194 3464 τῶν
1230 3409 1548 3464 ἀποστόλων
1584 3410 1702 3464 διά-

107 3498 276 3569 δοχοι.
321 3497 433 3551 Καὶ
448 3497 502 3551 εἴ
520 3499 619 3552 πού
639 3517 723 3563 τις
747 3501 804 3552 ἐν
822 3501 1047 3564 ἐκείνοις
1069 3501 1161 3554 τοῦ
1183 3502 1552 3573 προσήκοντος
1568 3501 1704 3553 ἀπο-

109 3591 368 3659 σφαλείη,
383 3607 457 3642 πα
464 3589 534 3661 ρά
555 3591 662 3645 τῶν
678 3591 963 3660 ὁμοταγῶν
976 3591 1147 3659 ἁγίων
1168 3590 1698 3662 ἐπανορθωθήσεται,

107 3683 204 3736 καὶ
219 3683 282 3734 οὐ
303 3684 801 3754 περιστραφήσεται
818 3682 969 3748 τάξις
985 3684 1074 3736 ἐπὶ
1087 3681 1378 3747 τάξιν,ἀλλ’
1399 3683 1626 3746 ἕκαστος
1643 3686 1702 3737 ἐν

105 3779 171 3846 τῇ
194 3774 348 3839 τάξει
364 3774 528 3828 αὐτοῦ
545 3779 638 3830 καὶ
658 3776 714 3828 ἐν
727 3779 791 3847 τῇ
810 3777 1118 3848 λειτουργίᾳ
1138 3776 1302 3829 αὑτοῦ
1315 3777 1486 3831 ἔσται.
1503 3777 1704 3830 Τοσαῦ-

104 3867 176 3920 τά
201 3883 283 3920 σοι
305 3869 433 3938 παρ’
450 3867 606 3938 ἡμῶν
633 3869 773 3940 ὺπέρ
788 3868 881 3921 τοῦ
910 3869 1104 3922 εἰδέναι
1121 3868 1216 3922 καὶ
1238 3871 1367 3940 δρᾷν
1387 3869 1458 3923 τά
1484 3868 1697 3922 ἐαυτοῦ.

108 3961 250 4030 Περὶ
289 3958 346 4012 δὲ
374 3960 473 4030 τῆς
507 3962 586 4022 εἰς
611 3959 703 4012 τὸν
755 3960 924 4032 ἄνδρα
953 3961 1066 4025 τὸν,
1115 3960 1190 4025 ὼς
1230 3962 1354 4035 φῂς,
1395 3961 1566 4035 ἀσεϐῆ
1606 3963 1701 4015 καὶ

106 4052 394 4124 ἀλιτήριον
424 4054 840 4124 ἀπανθρωπίας,
873 4055 974 4107 οὐκ
1031 4049 1128 4108 οἷδ’
1157 4056 1306 4118 ὅπως
1327 4057 1370 4087 ⁸⁷
1392 4054 1699 4124 κλαύσομαι

105 4144 169 4196 τὸ
212 4141 530 4214 σύντριμμα
558 4143 653 4197 τοῦ
695 4145 980 4216 ἀγαπητοῦ
1023 4163 1125 4217 μου
1147 4161 1163 4176 ⁸
1201 4143 1348 4208 τίνος
1385 4146 1496 4218 γὰρ
1533 4144 1618 4218 oin
1654 4147 1700 4179 ³⁸

106 4235 460 4307 θεραπευτὴς
499 4235 590 4305 ὑφ’
613 4235 770 4307 ἡμῶν
808 4237 1228 4307 ταχθῆναι;καὶ
1258 4237 1390 4310 γάρ,
1419 4241 1466 4292 εί
1504 4239 1579 4312 μὴ
1604 4240 1699 4294 τοῦ

105 4327 340 4399 ἀγαθοῦ,
370 4329 589 4393 πάντως
625 4330 719 4383 τοῦ
759 4330 852 4383 καὶ
890 4330 1048 4402 ἡμῶν
1090 4331 1304 4404 ἀνάγκη
1346 4349 1406 4385 σε
1437 4329 1573 4388 εἶναι
1605 4333 1700 4387 καὶ

104 4423 209 4492 τῆς
237 4419 359 4475 καθ’
388 4422 534 4493 ἡμᾶς
564 4420 861 4495 θεραπείας
888 4421 1014 4494 ὅλης
1042 4421 1339 4496 ἀλλότριον,
1360 4425 1452 4478 καὶ
1472 4424 1590 4498 ὥρα
1617 4443 1697 4479 σοι

1807 3231 1912 3287 est,
1942 3239 2040 3277 sua
2082 3223 2281 3293 cuique
2309 3222 2492 3276 munia
2525 3222 2844 3294 praescribe,
2883 3220 2977 3274 tibi
3023 3220 3241 3276 interim
3300 3219 3400 3274 da-

1806 3317 1957 3380 coni,
1983 3327 2038 3372 et
2065 3317 2148 3371 his
2171 3317 2509 3383 sacerdotes,
2537 3316 2800 3386 prasules
2822 3329 2955 3371 vero
2984 3314 3397 3373 sacerdotibus.

1807 3423 1969 3483 atque
1998 3413 2322 3483 praesulibus
2357 3412 2616 3482 apostoli,
2647 3424 3107 3480 successoresque
3160 3418 3385 3479 aposto-

1805 3503 2001 3561 lorum.
2040 3507 2178 3562 Atsi
2210 3507 2334 3577 quis
2374 3508 2514 3562 forte
2539 3505 2706 3560 etiam
2750 3503 2896 3558 inter
2943 3502 3063 3558 illos
3105 3519 3133 3556 a
3193 3503 3397 3558 decoro

1804 3601 2099 3663 aberrarit,
2138 3600 2187 3656 is
2213 3615 2261 3654 -a
2290 3599 2499 3655 sanctis
2547 3599 2630 3653 sui
2671 3596 2883 3652 ordinis
2935 3594 3268 3664 corrigatur,
3307 3596 3390 3647 sic

1806 3708 1982 3762 neque
2013 3692 2148 3748 ordo
2175 3691 2354 3746 ordini
2388 3689 2834 3761 permiscebitur,
2882 3701 3072 3741 verum
3107 3687 3159 3740 in
3200 3685 3397 3741 ordine

1803 3785 2034 3855 quisque
2061 3798 2162 3838 suo
2210 3795 2259 3838 et
2295 3783 2476 3838 ollicio
2507 3781 2838 3837 versabitur.
2876 3779 3055 3848 Atque
3108 3778 3222 3832 haec
3267 3778 3394 3846 qui-

1804 3878 1926 3931 dem
1961 3876 2055 3931 tibi
2099 3892 2128 3930 a
2166 3875 2325 3931 nobis
2374 3876 2520 3929 dicta
2547 3882 2696 3939 sunt,
2739 3881 2799 3925 ut
2839 3881 2895 3926 et
2951 3871 3096 3924 scias
3137 3877 3191 3923 et
3222 3867 3395 3922 facias

1803 3982 1925 4036 qua:
1957 3967 2032 4021 tui
2082 3976 2210 4021 sunt
2243 3965 2508 4021 muneris.
2564 3964 2738 4020 Porro
2774 3965 2841 4018 de
2873 3961 2963 4016 illa
3014 3962 3066 4016 in
3094 3960 3272 4014 virum
3295 3969 3312 4029 (
3336 3969 3396 4013 ut

1804 4058 1910 4128 ais)
1943 4058 2171 4128 impium
2227 4072 2292 4114 ac
2320 4057 2596 4127 perditum
2647 4055 3010 4119 immanitate,
3069 4051 3258 4106 nescio
3287 4065 3397 4120 quo

1801 4151 1933 4207 fietu
1959 4151 2215 4221 plangam
2261 4149 2646 4206 contritionent
2696 4145 3036 4202 dilectissimi
3079 4143 3209 4205 mei,
3237 4140 3395 4212 cujus

1803 4244 2018 4300 scilicet
2042 4244 2312 4300 cultorem
2346 4251 2398 4298 te
2432 4240 2726 4298 arbitraris
2758 4256 2788 4295 a
2823 4238 2982 4295 nobis
3030 4237 3393 4294 constitutum

1802 4351 1947 4402 esse,
2005 4339 2107 4393 nisi
2167 4346 2320 4394 certe
2347 4335 2493 4393 illius
2519 4334 2720 4389 summi
2769 4333 2897 4388 boni
2929 4331 3110 4388 cultor
3146 4346 3206 4386 es
3227 4369 3242 4394 ,
3268 4343 3397 4400 pro-

1804 4429 1950 4484 fecto
1997 4439 2053 4484 et
2082 4445 2110 4484 a
2149 4431 2330 4493 nobis,
2381 4427 2608 4483 omnino
2643 4437 2699 4482 et
2742 4428 2813 4482 ab
2873 4425 3026 4481 omni
3057 4435 3262 4480 nostra:
3315 4438 3394 4475 re-

106 4515 204 4570 καὶ
230 4514 366 4568 Θεὸν
385 4515 638 4587 ζητῆσαι,
680 4516 774 4570 καὶ
795 4515 978 4587 ἱερέας
1013 4517 1251 4590 ἐτέρους,
1281 4520 1374 4572 καὶ
1403 4521 1536 4592 παρ’
1557 4522 1595 4573 ἐς

1901 4523 2024 4577 onis
2070 4523 2218 4577 cultu
2258 4523 2470 4580 alienus
2520 4523 2595 4578 sis
2633 4535 2858 4577 necesse
2879 4531 2993 4585 est;
3032 4520 3237 4588 tibique
3277 4514 3390 4584 iam

105 4627 222 4673 νοις
261 4608 599 4681 θηριωθῆναι
642 4609 841 4679 μᾶλλον
875 4609 909 4680 ἢ
948 4609 1286 4684 τελεσθῆναι,
1310 4615 1405 4668 καὶ
1441 4610 1581 4668 εἶναι
1601 4617 1702 4688 τῆς

108 4699 275 4769 φίλης
312 4699 710 4769 ἀπανθρωπίας
727 4695 1047 4772 ’ἀμείλικτον
1085 4702 1385 4775 ὑπηρέτην.
1425 4701 1572 4778 Ἆρα
1591 4705 1701 4779 γάρ

107 4795 274 4864 ἡμεῖς
314 4793 468 4846 αὐτοὶ⁸
519 4793 656 4864 πρὸς
692 4793 754 4846 τὸ
792 4794 967 4866 πάντη
1010 4795 1163 4862 ἆγιον
1205 4797 1698 4869 ἀποτετελέσμεθα,

108 4885 206 4937 καὶ⁸
230 4885 291 4937 οὑ
330 4883 561 4955 δεόμεθα
579 4886 678 4952 τῆς
717 4885 868 4950 θείας
905 4886 991 4955 ἐφ’
1019 4887 1232 4952 ἑαυτοῖς
1253 4888 1698 4962 φιλανθρωπίας;

108 4979 142 5050 ἢ
181 4977 282 5047 τὴν
318 4977 510 5048 διπλῆν
555 4978 832 5050 ἁμαρτίαν
855 5021 870 5044 ,
908 4981 984 5044 ὡς
1020 4979 1088 5035 τά
1133 4979 1291 5050 λόγιά
1339 5000 1494 5055 φησι,
1553 4985 1697 5040 κατά

108 5073 238 5135 τοὺς
274 5071 490 5136 ἀσεϐεῖς
514 5072 919 5146 ἁμαρτάνομεν,
953 5075 1054 5128 οὐκ
1106 5075 1306 5140 εἰδότες
1336 5079 1394 5130 ἐν
1425 5078 1530 5132 τίνι
1548 5099 1710 5149 προσ.

104 5155 400 5232 ’κόπτομεν
429 5200 444 5223 ,
511 5159 645 5213 άλλά
708 5162 801 5213 καὶ
874 5163 1208 5227 δικαιοῦντες
1271 5166 1530 5230 ἑαυτοὺς,
1600 5169 1696 5223 κα)⁵

109 5261 345 5323 οιόμενοι
381 5251 617 5322 βλέπειν,
651 5252 866 5325 άληθῶς
902 5248 1052 5309 δέὀύ
1091 5255 1418 5326 βλέποντες;
1475 5259 1695 5333 Ἐξέστη

109 5348 138 5398 ὁ
192 5343 424 5416 οὐρανὸς
486 5345 578 5399 ἐπὶ
634 5345 834 5416 τούτῳ,
876 5347 970 5402 καὶ
1033 5347 1230 5421 ἔφριξα
1266 5351 1396 5420 ἐγὼ,
1449 5352 1545 5408 καὶ
1582 5355 1698 5408 διαο

207 5504 227 5538 ί
267 5503 282 5558 Ι
319 5503 464 5560 Tim.
501 5519 562 5570 ιι,
593 5505 650 5559 '2.
743 5512 782 5541 ιιι
805 5503 911 5558 Tit.
945 5525 991 5563 ι.
1064 5516 1089 5545 ν
1123 5507 1255 5566 Luc.
1295 5526 1404 5574 ινι,
1444 5511 1528 5566 lt).

1809 4614 1951 4672 Dens
1987 4615 2129 4671 alius
2178 4617 2504 4687 quaerendus
2532 4625 2636 4682 est,
2693 4625 2857 4686 atque
2908 4615 3000 4668 alii
3055 4610 3392 4671 sacerdotes,

1809 4721 1869 4766 ut
1911 4711 2052 4781 apud
2078 4709 2200 4766 illus
2220 4709 2465 4767 elfereris
2488 4712 2669 4781 potius
2697 4726 2862 4780 quam
2887 4706 3145 4770 initieris,
3172 4701 3394 4758 evadas-

1808 4817 1915 4873 que
1946 4801 2138 4858 amicae
2170 4801 2266 4858 tibi
2299 4801 2642 4858 crudelitatis
2694 4799 2951 4856 minister
3003 4795 3391 4866 implacabilis.

1809 4894 2031 4950 Scilicet
2067 4910 2166 4950 nos
2196 4893 2294 4965 ipsi
2340 4895 2499 4965 plane
2543 4893 2719 4948 sancti
2744 4901 2799 4947 et
2827 4889 3055 4961 perfecti
3096 4904 3308 4951 sumus,
3335 4897 3392 4941 et

1809 4985 2007 5041 divina:
2036 4985 2342 5042 clementiae
2375 4986 2600 5041 minime
2625 4999 2871 5055 egemus.
2903 4981 3158 5050 Nunquid
3192 4979 3391 5050 duplici

1807 5089 2035 5149 peccato
2067 5082 2150 5150 (ut
2185 5080 2404 5136 oracula
2446 5080 2766 5150 loquuntur)
2792 5078 3086 5148 impiorum
3121 5091 3273 5133 more
3299 5076 3393 5130 de-

1804 5170 2126 5242 linquimus,
2159 5172 2288 5228 dum
2325 5171 2632 5228 nescientes
2656 5170 2709 5226 in
2742 5185 2850 5240 quo
2879 5168 3230 5232 oll'endim’us,
3263 5181 3390 5221 nos-

1804 5266 2066 5336 metipsos
2109 5267 2734 5337 insuper-justiticamus,
2758 5263 3128 5336 puta'musque
3177 5275 3279 5315 nos
3312 5259 3390 5312 vi-

1805 5357 1973 5426 dere,
2020 5377 2144 5416 cum
2185 5360 2408 5416 minime
2461 5357 2799 5415 videamus?
2843 5354 3136 5426 Obstupuit
3187 5352 3387 5409 caelum

1422 5627 1658 5686 VARUS
1699 5629 2104 5688 LECTIONES.

1412 5744 1458 5777 "
1492 5743 1690 5798 εἰδότες

293 5735 577 5809 ἀπονέμει,
626 5737 684 5793 S.

792 5740 836 5771 ’δ
871 5738 1206 5811 ἀπονέμωσι,
1247 5741 1302 5795 S.

113 5805 158 5837 ⁸⁸
197 5807 314 5872 “aiat,
355 5809 416 5864 Β.
469 5805 480 5809 ’
777 5811 780 5814 ’

1664 5763 1710 5808 ς,
1764 5745 1819 5802 S.
1863 5748 1921 5802 Ρ.

2028 5751 2073 5782 "
2117 5748 2396 5813 ἐπιθέντα,
2450 5747 2506 5804 S.
2559 5747 2615 5802 P.
2726 5744 2769 5776 "
2823 5746 2923 5800 οἰκ
2967 5740 3083 5801 οἶδα
3130 5750 3278 5812 ’τῶ-ἰ
3332 5751 3371 5804 ί)
