3772 6300
142 295 290 356 1097

1575 283 1928 346 .EPISTOLA
1969 283 2100 338 Vlll.

3285 281 3442 340 J098

141 413 286 486 μηδὲ
320 413 404 478 είς
437 411 665 476 ἑαυτοὺς
695 410 1018 483 eamme
1052 409 1202 480 ξίφος
1226 429 1238 440 ο
1276 413 1324 464 oi
1361 409 1460 480 μὲν
1484 408 1595 481 γάρ
1633 427 1643 461 ι

1862 401 2200 472 impellamus
2227 416 2240 451 :
2271 397 2542 467 siquidem
2573 399 2664 468 qui
2689 398 2834 455 alios
2864 397 3087 469 injuriis
3124 399 3328 464 violare
3353 403 3440 458 vel

133 504 257 556 κεῖν
291 502 315 534 ⁸
351 519 526 567 τινας,
560 501 592 571 ἢ
627 502 936 556 τούναντίον
981 501 1289 572 εὐεργετεῖν
1321 501 1743 573 ἐπιχειροῦντες,

135 591 388 654 ἐκείνους
425 590 526 662 μὲν
546 591 606 643 οὐ
630 591 848 653 πάντως
869 589 1101 661 ἔδρασαν
1136 591 1280 662 ἅπερ
1313 589 1606 660 ἠθέλησαν,
1627 591 1745 643 ἑαυ-

134 687 252 746 τοῖς
286 682 347 737 δὲ
381 681 581 737 κακίαν
613 681 646 749 ἢ
671 682 983 754 ἀγαθότητα
1011 683 1428 752 συνοικήσαντες
1448 682 1548 753 ⁹,ἢ
1583 682 1743 736 θείων

135 773 381 842 ἀρετῶν,
412 771 444 844 ἢ
476 772 786 827 ἀτιθάσσων
817 771 1103 843 ἔμπλεοι10
1144 773 1336 828 παθῶν
1365 775 1600 828 ἔσονται.
1631 773 1744 827 Καὶ

134 858 286 918 οὗτοι.
321 867 422 937 μὲν
451 865 700 935 ἀγγέλων
743 865 964 935 ἀγαθῶν
995 866 1185 922 ὀπαδοὶ
1225 868 1319 920 καὶ
1350 865 1739 939 ξυνοδοιπόροι,

134 959 232 1011 καὶ
265 957 458 1011 ἐνθάδε
492 959 587 1012 καὶ
615 959 732 1012 ἐκεῖ
763 961 860 1013 σὺν
902 960 1053 1032 πάσῃ
1087 961 1278 1033 εἰρήνῃ
1310 961 1405 1014 καὶ
1456 958 1742 1030 ἐλευθερίᾳ

134 1051 362 1104 πάντων
393 1051 601 1115 κακῶν,
635 1054 716 1115 είς
742 1053 833 1106 τὸν
862 1054 948 1106 ἀεὶ
975 1053 1104 1106 ὄντα
1133 1053 1306 1107 αἰῶνα
1333 1052 1432 1116 τὰς
1466 1070 1744 1124 μακαριω-

133 1143 309 1206 τάτας
369 1143 861 1215 ἀποκληρώσονται
919 1145 1122 1217 λήξεις,
1155 1146 1249 1200 καὶ
1282 1144 1421 1217 μετά
1481 1144 1617 1198 Θεοῦ
1651 1145 1738 1198 ἀεὶ

131 1234 354 1289 ἔσονται
377 1237 417 1266 ³⁸
438 1275 453 1299 ,
480 1234 544 1285 τὸ
572 1237 793 1290 πάντων
837 1237 1058 1306 ἀγαθῶν
1093 1235 1376 1308 μέγιστον·
1475 1231 1623 1292 οῦτοι
1681 1236 1739 1289 δὲ

132 1329 546 1383 ἀποπεσοῦνται
573 1330 676 1402 τῆς
707 1329 857 1394 θείας
883 1330 1002 1402 ἅμα
1022 1333 1117 1386 καὶ
1142 1332 1241 1403 τῇς
1267 1330 1736 1400 έαυτῶνειρήνης,

131 1422 230 1475 καὶ
259 1422 451 1476 ἐνθάδε
475 1421 569 1476 καὶ
599 1421 743 1490 μετά
772 1422 1001 1476 θάνατον
1021 1423 1138 1494 ἅμα
1157 1425 1272 1490 τοῖς
1302 1421 1740 1498 ἀνημέροις¹¹·¹³

130 1515 388 1585 δαίμοσιν
417 1515 649 1570 ἔσονται.
687 1511 763 1570 Οὐ
790 1515 854 1587 δὴ
888 1515 1052 1570 ἓνεκα
1088 1517 1218 1586 ἡμῖν
1247 1517 1280 1586 ή
1330 1516 1498 1587 πολλὴ
1533 1517 1735 1587 σπουδὴ

135 1607 281 1677 μετά
309 1607 446 1661 Θεοῦ
469 1607 563 1661 τοῦ
595 1607 802 1677 ἀγαθοῦ
832 1607 1167 1676 γενέσθαιίδ,
1200 1607 1294 1660 καὶ
1321 1602 1462 1660 εἶναι
1493 1609 1590 1661 σὺν
1621 1609 1733 1660 Κυ-

130 1700 239 1770 ρίῳ
276 1700 534 1764 πάντοτε,
568 1701 662 1754 καὶ⁸
693 1700 766 1771 μὴ
795 1702 908 1762 τοῖς
939 1702 1130 1762 κακοῖς
1157 1701 1222 1753 ἐκ
1247 1698 1342 1753 τοῦ
1374 1699 1666 1753 δικαιωτοῦ
1691 1702 1734 1731 ¹³

132 1791 605 1864 συναφορισθῆναι
660 1791 730 1845 τὰ
795 1792 930 1846 κατ’
986 1791 1144 1857 ἀξίαν
1205 1792 1266 1857 ἐξ
1335 1793 1544 1846 ἑαυτῶν
1601 1794 1734 1845 ὐπο-

130 1885 422 1955 μένοντας,
449 1887 586 1956 ὅπερ
620 1884 730 1954 ἐγὼ
765 1886 982 1940 πάντων
1005 1887 1047 1918 ¹⁶
1080 1885 1620 1957 μάλισταζφοῦοῦμαι
1641 1887 1736 1940 καὶ

130 1977 363 2050 εὔχομαι
403 1975 543 2033 εἶναι
582 1979 800 2032 πάντων
834 1979 1019 2034 κακῶν
1055 1980 1340 2051 ἀμέτοχος.
1373 1981 1484 2033 Καὶ
1523 1981 1572 2032 εί
1611 1979 1736 2050 βού-

122 2074 248 2135 ἰιει,
285 2074 381 2127 καὶ
411 2073 562 2136 θείας
606 2073 849 2144 ὁράσεως
890 2073 1045 2142 ἁγίου
1096 2073 1241 2136 τινὸς
1278 2071 1468 2144 ἀνδρὸς
1499 2073 1732 2144 ἐπιμνη-

133 2164 412 2235 σθήσομαι
438 2181 450 2195 ·
489 2166 690 2238 καὶ⁸μὴ
721 2165 978 2239 γελάσῃς,
1009 2165 1182 2236 ἀληθῆ
1215 2165 1325 2236 γὰρ
1348 2166 1387 2196 ¹¹¹
1419 2165 1548 2236 ἐρῶ.

1851 502 2044 548 contra
2076 492 2266 546 fovere
2299 489 2580 544 beneﬁciis
2613 491 2884 556 nituntur,
2919 491 2965 546 si
2987 490 3130 548 forte
3181 508 3312 563 quas,
3343 512 3442 551 vo-

1851 584 2072 646 luerint,
2105 580 2291 636 facere
2327 581 2694 650 nequiverint,
2747 584 2851 637 sibi
2911 592 3094 638 tamen
3154 595 3250 640 aut
3284 589 3440 642 mali-

1850 676 2006 740 tiam,
2051 674 2349 728 secundum
2380 673 2717 742 propositum
2776 689 2967 742 suum,
3009 686 3105 731 aut
3136 679 3435 736 bonitatem

1848 767 2470 840 consciscunt,adeoque
2495 768 2574 823 vel
2605 768 2901 823 virtutibus
2927 771 3147 834 divinis,
3183 772 3266 828 vel
3296 771 3414 827 fero

1848 859 2004 914 cibus
2058 856 2405 928 passionibus
2455 857 2847 930 implebuntur.
2901 860 3081 930 Atque
3117 863 3189 917 illi
3217 865 3436 932 quidem

1845 960 2166 1007 sanctorum
2202 951 2520 1022 angelorum
2555 960 2858 1009 sectatores
2897 968 2961 1009 ac
2991 956 3224 1012 comites
3255 968 3311 1012 et
3345 959 3438 1014 hic

1844 1053 1900 1098 et
1930 1043 2006 1098 ibi
2037 1057 2160 1097 cum
2181 1045 2330 1099 omni
2359 1054 2694 1115 pace,atque
2722 1062 2753 1100 a
2787 1046 2948 1104 malis
2983 1049 3237 1104 omnibus
3270 1050 3437 1107 liber-

1861 1139 2012 1199 tate,
2043 1133 2098 1186 in
2140 1134 2476 1202 sempiterno
2498 1136 2696 1190 steculo
2729 1137 3106 1194 beatissimam
3160 1140 3307 1194 illam
3345 1157 3437 1196 re-

1842 1225 2026 1292 quiem
2075 1225 2501 1300 hmreditabunt,
2529 1228 2695 1300 604
2725 1232 2982 1301 quodque
3017 1233 3318 1287 maximum
3348 1244 3438 1290 est

1847 1319 2398 1382 bonorumomnium,
2422 1334 2548 1374 cum
2580 1322 2691 1375 Deo
2718 1335 2936 1393 semper
2950 1335 3150 1390 erunt;
3190 1327 3244 1381 hi
3278 1343 3435 1394 vero,

1843 1410 1934 1478 qui
1965 1426 1992 1461 a
2028 1410 2209 1464 divina
2229 1411 2387 1465 simul
2415 1427 2478 1466 ac
2495 1427 2590 1466 sua
2613 1427 2744 1481 pace
2763 1416 3038 1484 decidunt,
3061 1433 3184 1474 cum
3205 1421 3436 1488 hic,tum

1845 1510 1971 1571 post
2001 1512 2235 1556 mortem
2268 1519 2391 1558 cum
2437 1505 2716 1561 atrocibus
2747 1507 2874 1562 istis
2901 1508 3240 1566 datinonibus
3260 1515 3437 1569 l'uturi

1841 1602 1989 1648 sunt.
2019 1593 2384 1661 Quamobrem
2427 1595 2586 1651 nobis
2645 1613 2859 1652 summo
2892 1600 3074 1656 studio
3124 1607 3436 1662 curandum

1840 1693 1944 1759 est,
1975 1692 2034 1737 ut
2060 1683 2206 1738 bono
2230 1683 2340 1739 Deo
2369 1686 2772 1752 adhaereamus,
2811 1703 3139 1759 semperque
3172 1706 3295 1746 cum
3326 1693 3437 1748 Do-

1769 1761 1810 1814 Β
1841 1756 1992 1828 inino
2025 1789 2331 1842 versemur,
2362 1785 2419 1831 et
2449 1791 2557 1831 non
2591 1792 2716 1832 cum
2776 1778 2938 1835 malis
2987 1778 3301 1850 iustissimo
3336 1785 3435 1840 Dei

1838 1866 2047 1934 judicio
2075 1881 2444 1937 segregemur,
2489 1880 2654 1938 atque
2706 1886 2774 1926 ex
2819 1872 2979 1928 nobis
3039 1873 3175 1943 ipsis
3241 1891 3435 1944 pinnas

1844 1958 2055 2016 debitas
2077 1960 2393 2023 subeamus,
2417 1961 2561 2030 quod
2584 1976 2685 2031 ego
2707 1962 2944 2019 maxime
2971 1967 3218 2021 omnium
3245 1968 3434 2032 timeo,

1845 2053 2225 2122 malorumque
2270 2054 2512 2109 omnium
2546 2071 2740 2111 exsors
2785 2071 2908 2114 esse
2957 2061 3242 2129 percupio.
3277 2060 3437 2127 Quod

1841 2142 1887 2196 si
1918 2143 2114 2214 placet,
2149 2144 2390 2199 divinam
2423 2160 2643 2215 quoque
2676 2147 2853 2202 sancti
2883 2147 3168 2216 cujusdam
3218 2149 3322 2203 viri
3351 2150 3439 2202 vi-

1840 2234 2049 2288 sionem
2077 2237 2397 2290 memorabo
2432 2255 2447 2289 :
2480 2251 2654 2307 neque
2693 2251 2827 2294 vero
2867 2239 3069 2304 rideas,
3129 2256 3255 2296 vera
3284 2243 3434 2298 enim

1837 2328 2038 2384 dicam.

1688 2489 1855 2562 §VL

204 2623 504 2697 Γενόμενόν
537 2624 605 2696 μέ
634 2642 766 2678 ποτε
811 2625 953 2679 κατά
1002 2627 1102 2696 τὴν
1137 2625 1383 2697 Κρήτην,
1414 2629 1442 2679 ὁ
1481 2627 1626 2698 ἱερὸς
1678 2630 1738 2679 ὲ-

135 2718 494 2789 ξεναγώγησε
526 2717 776 2789 Κάρπος,
799 2718 1070 2789 ἀνὴρ,καὶ
1090 2719 1142 2770 ετ
1162 2735 1247 2781 τις
1277 2718 1454 2783 ἄλλος,
1483 2718 1572 2772 διὰ
1601 2719 1730 2773 πολ-

129 2812 228 2883 λὴν
257 2811 611 2881 καθαρότητα
639 2808 732 2862 νοῦ
767 2806 903 2880 πρὸς
949 2809 1234 2864 θεοπτείαν
1273 2812 1728 2882 ἐπιτηδειότατος.

131 2905 244 2958 Καὶ
269 2902 405 2972 γοῦν
452 2901 573 2955 οὐδὲ
602 2904 722 2964 ταῖς
751 2902 937 2969 ἁγίαις
967 2902 1076 2955 τῶν
1119 2905 1434 2975 μυστηρίων
1487 2904 1734 2967 τελεταῖς

134 2997 426 3068 ἐνεχείρει,
466 2996 539 3066 μὴ
575 2995 840 3066 πρότερον
887 2995 1036 3067 αὐτῷ
1069 2997 1211 3050 κατὰ
1241 2997 1341 3061 τὰς
1382 2998 1731 3070 προτελείους

1917 2631 2052 2686 Cum
2101 2631 2394 2700 aliquando
2454 2632 2506 2686 in
2555 2627 2775 2690 Cretam
2833 2637 3148 2702 venissem,
3211 2650 3437 2696 sanctus

1845 2723 2055 2792 Carpus
2085 2739 2171 2779 me
2199 2723 2437 2792 hospitio
2466 2726 2699 2796 excepit,
2735 2728 2838 2792 vir,
2895 2730 2940 2784 si
2996 2731 3120 2799 quis
3146 2729 3308 2796 alius,
3365 2733 3436 2785 ob

1845 2816 2112 2887 insignem
2147 2819 2345 2875 mentis
2389 2821 2705 2890 puritatem,
2739 2823 2810 2876 ad
2865 2821 2961 2876 Dei
3017 2822 3437 2893 contemplatio‘

1845 2923 1969 2964 nem
2016 2911 2356 2978 aptissimus.
2403 2913 2590 2983 Neque
2616 2917 2764 2970 enim
2811 2930 3002 2971 saeros
3035 2917 3431 2986 mysteriorum

1844 3003 1984 3058 ritus
2012 3005 2422 3074 auspicabatur,
2457 3007 2562 3063 nisi
2592 3009 2745 3078 prius
2777 3010 2880 3079 ipsi
2909 3009 3052 3064 inter
3095 3017 3434 3079 pmparato-

133 3067 515 3162 ebiégiapéc,
544 3088 638 3141 καὶ
691 3088 957 3159 εὐμενοῦς
983 3090 1226 3161 ὁράσεως
1282 3067 1641 3162 ὲπιφάινομέν

1862 3095 1954 3150 ias
1981 3097 2258 3152 orationes
2287 3111 2444 3154 sacra
2464 3101 2717 3170 quaedam
2741 3111 2796 3155 et
2827 3101 3061 3172 propitia
3097 3100 3237 3155 visio
3261 3117 3435 3170 appa-

137 3185 369 3254 Ἔλεγεν
400 3179 519 3248 οὖν,
550 3183 632 3236 ὅτι
683 3182 1048 3254 λελυπηκότος
1080 3185 1242 3237 αὐτόν
1271 3201 1403 3237 ποτε
1454 3185 1563 3238 τῶν
1603 3186 1735 3239 ἀπί-

135 3292 276 3333 στων
318 3277 466 3341 τινός
489 3295 504 3308 ο
529 3277 562 3348 ἡ
596 3275 738 3348 λύπη
761 3277 816 3330 δὲ
848 3273 1037 3347 ἦν,ὄτι
1066 3279 1166 3348 τῆς
1197 3278 1495 3350 ἐκκλησίας
1528 3279 1736 3342 ἐκεῖνός

132 3391 255 3426 τινα
289 3371 430 3442 πρὸς
457 3369 519 3423 τὸ
556 3371 715 3425 ἄθεον
753 3371 1137 3443 ἀπεπλάνησεν
1159 3411 1173 3436 ,
1229 3371 1309 3425 ἔτι
1365 3371 1473 3426 τῶν
1509 3372 1733 3443 ἱλαρίων

133 3463 360 3536 ἡμερῶν
383 3462 531 3533 αὐτῷ
564 3461 931 3533 τελουμένων·
983 3463 1101 3516 δέον
1146 3464 1474 3536 ἀμφοτέρων
1528 3464 1733 3534 ἀγαθο-

137 3559 372 3632 πρεπῶς
402 3556 826 3628 ὐπερεύξασθαι,
850 3559 944 3610 καὶ
973 3559 1103 3611 Θεὸν
1137 3561 1358 3630 σωτῆρα
1389 3559 1735 3631 συλλήπτορα

134 3655 395 3716 λαϐόντα,
431 3651 521 3704 τὸν
557 3653 654 3722 μὲν
683 3649 1032 3722 ἐπιστρέψαι,
1062 3652 1153 3703 τὸν
1182 3651 1237 3704 δὲ
1265 3651 1560 3721 ἀγαθότητι
1589 3652 1738 3722 νικῆ-

133 3763 258 3799 σαιο
298 3745 394 3798 καὶ
430 3742 504 3814 μὴ
524 3741 790 3795 διαλιπεῖν
835 3740 1192 3794 νουθετοῦντα
1243 3740 1330 3793 διὰ
1365 3740 1480 3810 βίου
1511 3740 1732 3802 παντὸς,

134 3837 298 3908 ἄχρις
355 3829 416 3888 οῦ
444 3833 505 3886 τὸ
563 3833 824 3904 σήμερον,
861 3831 956 3884 καὶ
984 3830 1157 3894 οὕτως
1195 3830 1288 3882 ἐπὶ
1319 3829 1416 3900 τὴν
1451 3827 1599 3881 θείαν
1632 3828 1734 3881 αὐ-

132 3925 262 3986 τοὺς
303 3922 534 3990 ἀγαγεῖν
569 3919 792 3989 γνῶσιν,
827 3918 903 3982 ὡς
931 3919 997 3972 ἂν
1030 3919 1130 3990 ἤδη
1164 3920 1260 3971 καὶ
1289 3932 1292 3934 ·
1318 3918 1427 3970 τῶν
1457 3917 1736 3988 ἀμφισϐη-

135 4015 387 4086 τησίμων
421 4015 607 4076 αὐτοῖς
639 4012 996 4084 κρινομένων,
1031 4013 1126 4066 καὶ
1156 4011 1264 4064 τῶν
1293 4011 1503 4079 ἀλόγως
1532 4010 1734 4081 θρασυ-

133 4109 380 4180 νομὲνων
441 4106 651 4177 ἐννόμῳ
694 4104 816 4176 δίκῃ
880 4108 1174 4176 σωφρονεῖν
1236 4102 1693 4173 ἀναγκαζομένων
1719 4121 1732 4132 ·

136 4199 252 4253 ἀλλ’
300 4200 360 4252 ὲν
407 4196 586 4268 ἑαυτῷ
635 4195 710 4266 μὴ
761 4195 1025 4265 πρότερον
1071 4194 1228 4247 τοῦτο
1261 4193 1472 4258 παθὼν,
1506 4195 1607 4246 οὐκ
1638 4188 1736 4246 οἷδ’

136 4293 292 4353 ὁπως
325 4289 471 4351 τότε,
508 4287 712 4357 πολλήν
743 4302 866 4337 τινα
898 4284 996 4356 τὴν
1025 4284 1348 4355 δυσμένειαν
1389 4287 1482 4338 καὶ
1512 4284 1612 4356 τὴν
1645 4299 1737 4336 πι-

136 4383 300 4455 κρίαν
327 4382 371 4413 ³⁸
401 4379 650 4452 ἑντήξας,
678 4376 971 4449 ἐκοιμήθη,
1019 4377 1325 4449 κατεδάρθη
1361 4378 1402 4409 ¹⁹
1443 4379 1559 4449 μὲν,
1594 4376 1738 4429 οὕτω

137 4473 333 4537 κακῶς
366 4473 529 4544 ἔχων,
564 4471 798 4542 (ἑσπέρα
831 4469 941 4541 γὰρ
1161 4470 1290 4541 περὶ
1320 4471 1377 4523 δὲ
1411 4472 1583 4540 μέσας
1638 4469 1724 4521 νύ-

138 4577 296 4624 κτας,
330 4559 658 4632 (εἱώθειγὰρ
691 4561 770 4622 εἰς
801 4558 949 4611 τόνδε
978 4558 1068 4610 τὸν
1097 4559 1286 4630 καιρὸν
1307 4559 1468 4623 αὐτὸς
1500 4561 1584 4628 ἐφ’
1609 4558 1737 4612 ἐαυ-

137 4655 231 4708 τοῦ
255 4656 397 4728 πρὸς
428 4655 555 4718 τοὺς
593 4654 769 4718 θείους
804 4651 1003 4724 ὕμνους
1032 4654 1439 4726 ἐγρηγορέναι),
1467 4654 1736 4708 διανίστα-

138 4765 226 4801 ται
262 4748 365 4812 μὲν
405 4744 525 4798 οὐδὲ
555 4745 662 4798 τῶν
709 4745 890 4798 ὕπνων
948 4743 1147 4808 αὐτῶν,
1207 4744 1416 4805 πολλῶν
1448 4761 1512 4813 γε
1544 4744 1732 4804 ὄντων,

141 4843 234 4895 καὶ
266 4842 357 4894 ἀεὶ
387 4839 808 4909 ὲγκοπτομένων
830 4840 895 4902 ²⁰,
945 4838 1049 4903 ἔξω
1070 4837 1315 4908 ταραχῆς
1375 4835 1736 4908 παραπολαύι

143 4957 279 5003 σας·
354 4937 528 5002 ἑστὼς
578 4937 636 4991 δὲ
679 4939 828 5008 ὅμως
888 4940 967 5002 είς
1013 4937 1112 5008 τὴν
1167 4936 1314 4989 θείαν
1374 4935 1588 5006 ὁμιλίαν
1638 4937 1738 4988 οὐκ

142 5032 360 5101 εὐαγῶς
404 5031 597 5099 ἠνιᾶτο
631 5069 645 5092 ,
693 5031 788 5082 καὶ
843 5029 1254 5101 ἐδυσχέραινεν,
1311 5029 1410 5082 οὐκ
1476 5025 1615 5082 εἶναι
1660 5029 1740 5084 δί-

143 5144 297 5182 καιον
356 5126 552 5194 λέγων,
601 5125 650 5176 εί
705 5122 842 5194 ζῷεν
886 5122 1075 5194 ἄνδρες
1129 5121 1298 5186 ἄθεοι,
1341 5123 1435 5176 καὶ
1483 5121 1734 5193 διαστρέ-

144 5237 338 5288 φοντες
369 5216 472 5282 τάς
505 5216 657 5279 ὁδοὺς
709 5217 914 5288 Κυρίου
947 5215 1046 5279 τὰς
1096 5214 1328 5277 εὐθείας.
1377 5217 1486 5268 Καὶ
1561 5214 1734 5269 ταῦτα

1841 3189 2061 3244 ruisset.
2096 3187 2276 3256 Ipsum
2305 3205 2436 3263 ergo
2483 3192 2586 3262 (uti
2647 3192 2943 3265 referebat)
2997 3192 3232 3249 inﬁdelis
3282 3195 3437 3263 quis-

1838 3277 1984 3348 piam
2016 3281 2438 3336 contt‘istaverat
2487 3282 2805 3352 aliquando,
2839 3284 3208 3355 .tristitieeqne
3261 3299 3431 3339 causa

1840 3383 1982 3438 erat,
2010 3375 2154 3444 quod
2180 3375 2269 3430 ille
2309 3376 2380 3430 ab
2414 3375 2663 3432 Ecclesia
2695 3379 2986 3446 quemdam
3032 3377 3099 3431 ad
3135 3377 3436 3432 inﬁdelita-

1845 3468 1911 3522 tis
1963 3482 2207 3522 errorem
2262 3468 2571 3524 seduxisset
2614 3486 2628 3534 ;
2675 3486 2800 3525 cum
2867 3471 3047 3524 adhuc
3095 3470 3436 3526 celebritatis

1840 3578 1962 3632 quae
2012 3563 2080 3618 ab
2111 3563 2387 3618 hilaritate
2441 3578 2638 3618 nomen
2699 3556 2932 3633 accepit,
2961 3564 3077 3618 dies
3113 3574 3431 3633 agerentur.

1839 3657 1920 3709 Ac
1955 3669 2054 3724 pro
2087 3658 2331 3725 utrisque
2381 3657 2645 3712 benevole
2675 3656 2820 3711 Deus
2880 3655 3072 3710 fuisset
3121 3658 3436 3710 exorandus

1843 3754 1901 3798 ut
1927 3745 2129 3799 auxilio
2156 3745 2380 3800 salutari
2405 3745 2640 3800 alterum
2695 3745 2916 3814 quidem
2946 3745 3014 3799 ab
3064 3760 3252 3800 errore
3299 3759 3435 3800 con-

1841 3846 2100 3903 verteret,
2125 3838 2358 3891 alterum
2387 3852 2517 3891 vero
2577 3837 2821 3892 bonitate
2869 3849 3199 3906 superaret;
3254 3853 3435 3908 neque

1841 3927 2212 3985 desistendum
2242 3929 2434 3985 fuisset
2467 3929 2534 3983 ab
2565 3944 2754 3984 eorum
2790 3943 2886 3998 per
2920 3940 3088 3984 totam
3121 3929 3286 3983 vitam
3332 3930 3435 3985 ad-

1843 4022 2170 4086 monitione,
2201 4023 2373 4076 donec
2406 4023 2622 4077 tandem
2653 4022 2816 4076 hodie
2847 4024 2930 4076 vel
2964 4021 3042 4076 sic
3077 4021 3146 4076 ad
3187 4021 3429 4076 divinum

1841 4112 2209 4181 cognitionem
2251 4123 2725 4182 promoverentur,
2770 4123 2996 4181 tumque
3042 4113 3259 4167 demum
3319 4114 3432 4168 illis

1841 4221 1962 4274 qua:
2015 4205 2264 4276 ambigua
2303 4207 2628 4261 videbantur
2667 4217 2722 4260 et
2750 4207 2986 4260 obseura
3009 4245 3024 4271 ,
3058 4215 3427 4274 patescerent,

1841 4308 1895 4349 et
1927 4295 1995 4348 ab
2031 4297 2098 4349 iis
2133 4312 2254 4366 qua:
2285 4308 2482 4366 praeter
2505 4299 2773 4352 rationem
2809 4299 3102 4353 temerarie
3140 4299 3434 4355 commise-

1842 4395 1986 4451 rant,
2019 4387 2346 4456 resipiscere
2395 4386 2637 4457 legitima
2667 4389 2899 4443 veritate
2930 4401 3299 4458 cogerentur;
3331 4406 3426 4444 ne-

1841 4479 1955 4534 scio
1985 4493 2093 4546 quo
2118 4487 2298 4546 pacto,
2327 4493 2450 4532 cum
2492 4479 2546 4533 id
2572 4480 2648 4533 illi
2676 4491 2834 4535 antea
2887 4497 3164 4550 nunquam
3219 4484 3436 4537 evenis-

1843 4580 1946 4635 set,
1998 4579 2127 4624 tunc
2177 4571 2486 4626 vehementi
2521 4575 2758 4643 quadam
2791 4575 3166 4644 indignatione
3192 4587 3246 4631 et
3276 4593 3432 4630 ama-

1847 4659 2086 4714 ritudine
2118 4671 2377 4730 concepta
2417 4664 2788 4719 obdormierat
2821 4668 3038 4735 (vesper
3083 4668 3228 4721 enim
3260 4673 3427 4738 erat);

1847 4753 1991 4806 circa
2018 4752 2250 4807 mediam
2277 4767 2404 4809 vero
2435 4764 2676 4820 noctem,
2710 4771 2817 4823 quo
2848 4767 3089 4826 tempore
3119 4759 3187 4812 ad
3213 4759 3430 4816 divinos

1848 4846 2084 4914 hymnos
2114 4843 2372 4915 evigilare
2399 4859 2784 4910 consueverat,
2809 4863 3172 4918 experrecws
3205 4855 3428 4922 quidem

1844 4936 2037 5008 surgit,
2070 4953 2192 4992 cum
2224 4953 2448 4993 somnos
2503 4954 2696 5008 parum
2744 4940 2960 5010 quietos
3002 4945 3310 5015 crebroque
3342 4947 3396 5000 in

1844 5039 2142 5099 terruptos,
2168 5045 2269 5086 nec
2295 5030 2501 5100 absque
2533 5032 2948 5098 perturbatione
2978 5037 3249 5104 cepisset;
3272 5047 3396 5092 stati

1843 5134 2026 5178 tamen
2079 5125 2147 5179 ad
2203 5126 2387 5180 divina
2433 5124 2751 5195 colloquia,
2813 5142 2918 5182 non
2998 5130 3132 5185 satis
3179 5131 3400 5199 religios

1845 5217 2187 5283 tristabatur,
2221 5217 2572 5285 graviterque
2612 5219 2874 5284 lerebat,‘
2914 5219 3160 5289 iniquum
3193 5236 3317 5278 esse
3347 5222 3422 5278 diu

1442 5393 1526 5447 VA
1535 5391 1675 5448 Pxle
1719 5391 2126 5449 LECTIONES.

211 5537 232 5569 ⁸
265 5531 582 5595 ἀδικοῦντες
607 5571 622 5595 ,
661 5531 721 5585 D.
796 5531 818 5561 ⁹
853 5529 966 5598 lege
1002 5529 1434 5596 συνοικίσαντες,

151 5678 247 5730 Ch.
300 5676 360 5728 D.
470 5671 512 5705 ¹⁸
545 5673 640 5724 καὶ
681 5671 778 5740 τὴν
822 5674 1058 5740 ττικράν,
1097 5671 1154 5726 S.

155 5748 195 5778 ¹⁰
231 5743 668 5813 ἐκκοπτομένων,
705 5739 804 5795 CII.
842 5739 898 5794 S.
935 5740 1000 5793 Ρ.

435 5840 709 5912 Perseu.
749 5838 844 5897 Gn
901 5837 953 5896 ll
969 5839 1012 5897 1.

1473 5543 1530 5585 ιιι
1565 5534 1730 5587 habet
1766 5535 1826 5588 D.

153 5607 212 5683 ρ,
243 5598 636 5683 ¹¹ξξ³ἀνιέροιῆ
664 5601 815 5683 inlD.
848 5601 907 5658 S.
941 5599 1159 5683 legitur.
1227 5603 1582 5683 ‘f‘yivsoOat,
1719 5603 1779 5657 P.

2663 5534 2703 5563 “
2741 5535 2831 5587 καὶ
2863 5535 2950 5587 ἀεὶ
2985 5535 3228 5603 ἔσονται,
3267 5537 3326 5594 S.
3363 5539 3423 5597 Ρ.

1908 5535 1950 5596 '_°
1985 5533 2238 5598 ἕκπλεοι,
2295 5532 2355 5588 S.
2393 5533 2452 5588 P.
2494 5535 2555 5590 D.

1889 5607 1932 5636 ’⁵
1965 5606 2360 5690 δικαιοτάτουἐ
2493 5605 2553 5689 Ρἔ
2633 5605 2673 5690 ἐξ
2705 5606 2832 5658 τῶν.
2916 5607 2955 5636 ¹⁷
2990 5606 3248 5678 ἀλήθειαν
3267 5612 3425 5690 γὰρ,

1257 5675 1298 5704 ³⁹
1345 5677 1497 5743 prius
1545 5675 1769 5731 verbum
1819 5687 2050 5732 nonest
2105 5679 2155 5732 in
2207 5677 2269 5728 υ.
2322 5677 2470 5745 P.;in
2516 5676 2574 5729 ὃ.
2623 5676 2896 5744 glossema
2944 5688 3028 5733 est
3081 5675 3430 5746 pasterim'is}

3027 5842 3104 5902 35
