3772 6292
388 264 530 325 1υ99

1560 266 1615 321 S.
1663 261 1963 323 DIONYSII
1996 265 2464 324 ΑΒΕΟΡΑΟΙΤᾸΞ

3528 274 3659 331 HOO

386 401 518 444 cens
542 385 736 457 impios
769 384 948 440 adhuc
981 383 1253 450 homines,
1288 395 1579 456 rectasque
1613 389 1826 443 Domini
1855 405 1875 441 ι

2169 408 2252 444 ’ων
2292 392 2459 445 ἐδεῖτο
2487 390 2581 444 τοῦ
2627 388 2762 444 Θεοῦ
2801 391 3079 463 πρηστῆρί
3127 407 3236 444 τινι
3286 391 3391 456 τὰς
3428 392 3658 463 ἀμφοτέ-

383 489 758 551 pervertentes
813 478 1019 535 vivere.
1091 478 1159 533 Et
1216 481 1331 535 haec
1366 482 1577 543 dicens,
1634 484 1962 550 precabatur

384 572 552 626 Deum
591 580 649 624 ut
699 569 860 625 simul
914 571 1200 625 amborum
1232 570 1400 625 vitam
1438 570 1675 641 fulgetro
1706 573 1959 641 quopiam

389 662 902 720 immisericorditer
941 662 1317 732 abrumperet.
1372 660 1469 717 His
1522 664 1706 728 dictis,
1737 674 1961 732 repente

379 772 438 813 se
487 756 689 811 vidisse
719 754 994 809 referebat
1038 757 1280 819 domum,
1349 756 1403 810 in
1452 772 1559 826 qua
1593 758 1949 825 consistebat,

376 846 611 915 primum
646 854 1067 913 conquassatam
1100 860 1128 899 a
1149 860 1362 900 summo
1386 845 1550 917 605
1579 850 1781 904 vertice
1811 848 1957 904 bifa-

375 940 624 1008 riamqne
655 938 914 1005 divisam,
960 945 1014 992 et
1039 939 1328 1007 quemdam
1355 951 1483 996 ante
1534 955 1594 997 se
1626 943 1857 1014 ingentis
1886 943 1961 997 lu-

375 1030 539 1084 minis
592 1044 807 1100 rogum,
832 1044 1066 1100 eumque
1096 1031 1222 1100 (sub
1250 1031 1342 1085 dio
1370 1033 1515 1087 enim
1546 1033 1657 1103 jam
1682 1034 1836 1089 locus
1870 1035 1959 1091 ille

372 1122 683 1191 videbatur)
712 1136 743 1177 e
792 1122 932 1177 cmlu
985 1123 1054 1176 ad
1115 1138 1176 1178 se
1216 1138 1388 1193 usque
1437 1124 1720 1192 delatum;
1753 1126 1954 1181 coelum

374 1222 555 1269 autem
590 1214 768 1285 ipsum
804 1223 1079 1284 apertum,
1109 1223 1165 1269 et
1195 1214 1249 1268 in
1306 1216 1433 1270 caali
1480 1218 1707 1272 cardine
1765 1217 1953 1273 Jesum

372 1308 673 1362 innumeris
727 1306 801 1361 illi
859 1307 1096 1361 humana
1152 1308 1335 1378 specie
1380 1310 1589 1379 angelis
1628 1312 1953 1367 astantibus.

370 1402 548 1471 Atque
576 1402 679 1455 ista
707 1400 927 1471 quidem
959 1415 1180 1455 sursum
1219 1403 1573 1472 conspexisse
1598 1444 1612 1467 ,
1669 1405 1955 1460 miratum-

369 1512 476 1567 que
507 1495 696 1551 fuisse.
734 1496 906 1550 Porro
948 1493 1203 1550 deorsum
1264 1497 1624 1565 respectando
1656 1497 1866 1569 Carpus
1895 1513 1956 1555 se

369 1589 571 1644 vidisse
598 1588 905 1652 asserebat,
928 1587 1104 1657 ipsum
1131 1602 1346 1657 quoque
1385 1589 1754 1657 pavimentum
1784 1592 1957 1646 instar

368 1690 541 1735 vastae
571 1679 851 1748 cujusdam
906 1679 1523 1750 tenebricosissimmque
1539 1681 1812 1751 voraginis
1853 1682 1955 1738 dif-

2068 498 2177 551 ρων
2206 481 2440 546 εἰσάπαξ
2484 481 2726 553 ἀνηλεῶς
2773 481 3096 534 ἀποπαῦσαι
3144 480 3315 545 ζωάς.
3371 483 3564 538 Ταῦτα
3609 487 3661 539 δὲ

2064 570 2253 638 εἰπὼν,
2290 572 2442 641 ἔλεγε
2482 571 2629 635 δόξαι
2666 572 2793 625 ἰδεῖν
2848 573 3003 642 ἄφνω
3053 573 3147 625 τὸν
3178 569 3333 626 οἷκον
3358 614 3373 637 ,
3410 574 3470 626 ἐν
3516 569 3658 645 ᾧπερ

2063 666 2325 737 εἱστήκει,
2354 666 2732 737 διαδονηθέντα
2763 668 3027 739 πρότερον
3048 707 3063 731 ,
3098 669 3195 722 καὶ
3227 670 3273 700 ’ί
3323 670 3395 722 ἐκ
3423 671 3525 740 τῆς
3556 672 3660 741 ὀρο-

2063 760 2169 830 φῆς
2201 761 2280 823 είς
2307 760 2400 812 δύο
2436 760 2600 831 μέσον
2655 760 3021 831 διαιρεθέντα,
3056 762 3153 815 καί
3194 780 3321 817 τινα
3355 762 3539 835 πυρὰν
3572 782 3657 816 πο-

2062 849 2305 919 λύφωτον
2336 850 2669 922 ἐπίπροσθεν
2698 851 2863 905 αὑτοῦ
2886 853 2929 883 ²¹
2964 852 3059 905 καὶ
3095 852 3307 922 ταύτην
3330 852 3532 923 (ἐδόκει
3560 854 3656 924 γὰρ

2062 943 2246 997 λοιπὸν
2304 943 2571 1015 ὕπαιθρος
2617 945 2874 1019 δ’τόπος)
2909 945 2973 998 ἐκ
3021 943 3118 998 τοῦ
3168 945 3433 1016 οὐρανίου
3487 945 3654 1016 χώρου

2064 1034 2257 1105 μέχρις
2283 1034 2448 1088 αὑτοῦ
2471 1036 2921 1109 καταφερομένην
2946 1054 2959 1065 ·
2994 1036 3088 1089 τὸν
3132 1036 3188 1088 δὲ
3221 1037 3461 1108 οὐρανὸν
3506 1037 3653 1090 αὐτὸν

2058 1126 2513 1198 ἀναπεπταμένον
2536 1168 2550 1193 ,
2584 1130 2679 1183 καὶ
2724 1131 2816 1183 ἐπὶ
2855 1130 2933 1199 τῷ
2972 1129 3127 1200 νώτῳ
3164 1130 3262 1183 τοῦ
3304 1131 3543 1202 οὐρανοῦ
3574 1134 3651 1185 τὸν

2074 1217 2298 1288 Ἰησοῦν,
2327 1220 2570 1292 ἀπείρων
2608 1221 3023 1293 ἀνθρωποειδῶς
3051 1221 3201 1292 αὐτῷ
3233 1226 3651 1293 παρεστηκότων

2058 1310 2325 1379 ἀγγέλων.
2362 1315 2470 1367 Καὶ
2500 1315 2673 1368 ταῦτα
2708 1315 2806 1385 μὲν
2840 1314 3045 1369 ἀνωθεν
3079 1314 3338 1386 ὁρᾶσθαι,
3366 1316 3466 1368 καὶ
3500 1316 3650 1368 αὐτὸν

2059 1401 2381 1475 θαυμάζειν.
2418 1405 2584 1458 Κάτω
2610 1406 2667 1459 δὲ
2704 1405 2882 1475 κύψας
2907 1408 2935 1459 ὁ
2967 1405 3221 1477 Κάρπος,
3260 1407 3393 1459 ἰδεῖν
3434 1407 3537 1479 ἔφη
3570 1408 3652 1460 καὶ

2055 1493 2320 1564 τοῦδαφος
2357 1496 2489 1549 αὐτὸ
2510 1496 2646 1568 πρὸς
2678 1496 2875 1567 ἀχανές
2910 1515 2964 1549 τι
3000 1497 3192 1567 χάσμα
3250 1498 3354 1551 καὶ
3390 1500 3650 1552 σκοτεινὸν

2056 1586 2470 1659 διερῤηγμένον,
2510 1589 2748 1651 καὶτοὺς
2810 1588 2907 1659 μὲν
2963 1588 3163 1660 ἄνδρας
3229 1589 3525 1655 ἐκείνους,
3578 1586 3651 1655 οἷς

2058 1680 2322 1753 ἐπηρᾶτο,
2363 1681 2470 1752 πρὸ
2498 1680 2663 1734 αὐτοῦ
2697 1680 2839 1733 κατά
2869 1680 2929 1733 τὸ
2963 1681 3184 1751 στόμιον
3228 1683 3530 1754 ἐστηκέναι
3566 1682 3647 1736 τοῦ

369 1772 585 1835 fissum,
619 1769 848 1838 illosque
872 1769 1021 1824 viros
1054 1783 1192 1838 quos
1220 1769 1354 1825 diris
1388 1770 1705 1833 devoverat,
1739 1779 1858 1826 ante

2158 1787 2340 1841 τματος
2373 1769 2735 1841 ὑποτρόμους,
2771 1769 3037 1833 ἐλεεινοὺς
3060 1810 3075 1835 ,
3116 1770 3244 1823 ὅσον
3282 1770 3445 1825 οὔπω
3493 1790 3647 1826 κατα-

366 1863 435 1919 ad
464 1877 529 1918 os
573 1861 854 1932 voraginis
904 1870 1201 1916 trementes
1251 1870 1419 1926 stare,
1467 1877 1532 1916 ac
1586 1864 1950 1932 miserabiles,

368 1966 628 2025 tanquam
652 1955 767 2024 jam
793 1951 1018 2023 jamque
1049 1966 1163 2022 pra:
1194 1951 1389 2022 pedum
1434 1953 1742 2009 lubricitate
1787 1956 1953 2011 colla-

368 2061 562 2117 psuros
597 2063 613 2099 :
648 2044 861 2100 inferne
888 2052 1070 2098 autem
1098 2056 1132 2098 ‘e
1162 2044 1421 2112 voragine
1449 2052 1735 2114 serpentes
1773 2060 1955 2108 etaer-

364 2155 494 2210 gere
542 2138 825 2203 cernebat,
888 2138 1041 2194 circa
1096 2145 1204 2192 tam
1239 2137 1432 2193 labiles
1498 2137 1716 2192 illorum
1761 2138 1952 2206 pedes,

365 2234 525 2290 modo
562 2233 784 2304 quidem
818 2233 873 2286 in
899 2246 1092 2303 gyrum
1133 2239 1307 2295 actos,
1332 2242 1387 2284 et
1446 2228 1744 2301 implicitos
1790 2230 1953 2285 simul

363 2323 766 2391 pertrahentes,
799 2325 961 2376 modo
986 2335 1207 2391 quoque
1237 2320 1498 2376 dentibus
1549 2330 1603 2374 et
1634 2320 1824 2375 caudis
1867 2322 1952 2375 in-

362 2413 657 2469 cendentes
687 2427 753 2467 ac
774 2411 1165 2477 demulcentes,
1197 2411 1556 2481 omnibusque
1580 2411 1752 2465 modis
1773 2426 1866 2466 eos
1897 2412 1952 2466 in

362 2505 679 2575 voraginem
712 2503 1019 2574 praecipites
1040 2501 1173 2556 dare
1204 2502 1493 2555 molientes
1521 2523 1532 2556 :
1568 2500 1739 2555 fuisse
1769 2512 1950 2557 autem

361 2605 421 2652 et
443 2596 593 2651 viros
620 2594 885 2664 quosdam
937 2594 989 2646 iu
1041 2592 1242 2661 medio,
1278 2593 1372 2662 qui
1402 2594 1666 2648 adversus
1708 2606 1802 2647 eos
1842 2609 1948 2649 una

361 2701 485 2742 cum
517 2685 865 2752 serpentibus
895 2684 1155 2753 impetum
1186 2684 1948 2754 facerent,exagitandouna,

360 2784 419 2832 et
465 2775 798 2848 impellendo
847 2784 1013 2845 atque
1054 2774 1337 2841 feriendo;
1386 2777 1533 2832 visos
1597 2788 1778 2832 autem
1827 2793 1949 2833 esse

361 2874 512 2931 viros
556 2873 682 2929 illos
728 2872 901 2942 lapsui
949 2872 1415 2943 appropinquare,
1471 2874 1668 2943 partim
1718 2875 1947 2944 quidem

360 2967 582 3031 invitos,
610 2966 808 3044 partim
860 2979 988 3019 vero
1016 2973 1228 3035 sponte,
1265 2980 1295 3019 a
1327 2966 1471 3021 malo
1516 2967 1589 3021 ita
1621 2968 1822 3022 sensim
1847 2982 1946 3023 co-

360 3068 515 3115 actos
542 3068 599 3113 et
628 3057 788 3113 simul
816 3071 1134 3127 persuasos.
1177 3057 1470 3113 Referebat
1498 3068 1680 3113 autem
1710 3057 1941 3129 Carpus,

2057 1861 2392 1933 φερομένους
2426 1860 2530 1911 ὑπὸ
2561 1860 2663 1929 τῆς
2710 1858 2817 1913 τῶν
2854 1859 3069 1913 οἰκείων
3118 1860 3305 1918 ποδῶν
3350 1862 3642 1925 ἀστασίας·

2056 1949 2305 2005 κάτωθεν
2335 1949 2393 2002 δὲ
2421 1949 2530 2003 ἀπὸ
2568 1949 2663 2002 τοῦ
2697 1949 2976 2020 χάσματος
3007 1950 3163 2019 ὄφεις
3215 1952 3517 2025 ἀνέρπειν,
3562 1954 3647 2006 καὶ

2058 2044 2189 2115 περὶ
2220 2042 2349 2105 τοὺς
2381 2041 2547 2105 πόδας
2572 2040 2750 2094 αὐτῶν
2771 2042 2816 2071 ¹³
2851 2042 3340 2114 ὑποκινουμένους,
3390 2046 3523 2099 ποτὲ
3555 2047 3645 2116 μὲν

2055 2134 2373 2206 ἀποσύρειν,
2407 2133 2891 2205 ἐπανειλουμένους
2930 2136 3046 2206 ἅμα
3091 2138 3188 2189 καὶ
3228 2137 3642 2210 ἐπιϐαροῦντας,

2056 2228 2151 2281 καὶ⁸
2182 2226 2578 2291 ἐπανέλκοντας
2593 2228 2660 2294 ³⁸,
2689 2228 2818 2281 ποτὲ
2856 2227 2911 2280 δὲ
2939 2231 3054 2293 τοῖς
3084 2229 3323 2293 ὀδοῦσιν,
3358 2230 3395 2302 ἦ
3431 2234 3542 2295 τοῖς
3566 2232 3645 2284 oi;-

2057 2317 2233 2388 ραίοις
2294 2318 2685 2387 ὑποτύφοντας,
2738 2318 2771 2387 ἢ
2821 2317 3392 2389 ὑπογαργαλίζοντας,
3436 2322 3529 2375 καὶ
3568 2320 3642 2373 διὰ

2055 2411 2255 2473 παντὸς
2285 2412 2366 2474 είς
2395 2410 2456 2463 τὸ
2490 2412 2687 2481 ἀχανὲς
2722 2410 2976 2482 ἐμϐαλεῖν
3009 2413 3482 2484 μηχανωμένους⁸
3518 2410 3642 2467 εἶναι

2053 2502 2109 2556 δέ
2141 2504 2233 2555 καὶ
2262 2502 2463 2574 ἄνδρας
2494 2502 2647 2566 τινὰς
2697 2503 2755 2555 ἐν
2809 2503 2959 2574 μέσῳ
2991 2506 3106 2567 τοῖς
3147 2504 3333 2572 δφεσι,
3370 2504 3514 2558 κατά
3546 2505 3641 2557 τῶν

2054 2593 2265 2665 ἀνδρῶν
2318 2593 2871 2665 συνεπιτιθεμένους,
2926 2593 3309 2660 διαδονοῦντας
3389 2598 3509 2668 ἅμα
3561 2599 3644 2652 καὶ

2053 2685 2403 2749 ὑπωθοῦντας
2427 2687 2521 2739 καὶ
2541 2687 2944 2750 καταπαίοντας
2966 2704 2979 2716 σ
3000 2686 3219 2740 ἐδόκουν
3251 2687 3310 2740 δὲ
3342 2686 3487 2742 εἶναι
3520 2690 3644 2761 πρὸς

2050 2780 2111 2831 τὸ
2150 2781 2337 2831 πεσεῖν
2371 2780 2591 2842 ἐκεῖνοι,
2644 2776 2711 2830 τά
2755 2778 2852 2848 μὲν
2880 2777 3131 2843 ἄκοντες,
3191 2779 3263 2833 τά
3303 2779 3363 2833 δὲ
3411 2780 3638 2844 ἑκόντες,

2051 2870 2155 2923 ὑπὸ
2186 2868 2281 2922 τοῦ
2315 2868 2485 2922 κακοῦ
2521 2872 2641 2924 κατ’
2687 2870 2867 2938 ὀλίγον
2907 2869 3220 2943 βιαζόμενοι
3256 2874 3378 2944 ἅμα
3408 2876 3504 2927 καὶ
3533 2892 3645 2929 πει-

2052 2961 2288 3033 θόμενοι.
2324 2961 2515 3030 Ἔλεγε
2548 2962 2606 3014 δὲ
2643 2964 2672 3014 ὁ
2698 2962 2947 3034 Κάρπος,
2983 2964 3177 3019 ἐαυτὸν
3218 2966 3450 3036 ἥδεσθαι
3501 2969 3641 3022 κάτω

2052 3051 2339 3122 βλέποντα,
2392 3051 2499 3106 τῶν
2532 3053 2645 3108 ἀνω
2677 3053 2733 3106 δὲ
2760 3054 2983 3125 ἀμελεῖν
3004 3072 3017 3085 ·
3062 3054 3449 3129 δυσχεραίνειν
3481 3060 3535 3112 δὲ
3554 3061 3637 3113 καὶ

357 3165 462 3216 se,
502 3150 629 3205 dum
678 3149 941 3205 inferiora
985 3150 1319 3219 respiceret,
1370 3149 1541 3205 fuisse
1588 3150 1846 3206 delectati

2144 3145 2350 3214 (mpsiv,
2383 3143 2465 3196 ὅτι
2484 3143 2557 3214 μὴ
2595 3144 2949 3198 πεπτώκασιν
2989 3146 3109 3218 ἤδη,
3142 3150 3240 3201 καί
3262 3148 3342 3220 τῷ
3364 3153 3633 3222 πράγματι

358 3242 642 3311 superiora
671 3241 1000 3313 negligendo
1022 3258 1036 3307 ;
1062 3256 1187 3295 cum
1212 3256 1341 3296 vero
1369 3242 1611 3311 graviter
1638 3252 1692 3297 et
1724 3242 1947 3311 indigne

360 3327 530 3383 ferret
556 3328 681 3382 illos
710 3329 940 3384 necdum
971 3329 1267 3393 cecidisse,
1304 3338 1469 3399 atque
1518 3332 1585 3383 ad
1637 3331 1779 3385 hanc
1830 3348 1944 3387 rem

357 3434 501 3489 smpe
532 3418 738 3474 frustra
772 3420 1136 3485 incubuisset,
1175 3422 1517 3490 indignatum
1561 3422 1629 3476 iis
1654 3432 1708 3476 et
1743 3424 1951 3493 impre-

357 3520 539 3566 catum
568 3526 709 3566 esse.
761 3511 974 3567 Etcum
1000 3513 1093 3566 vix
1144 3511 1360 3566 tandem
1394 3514 1666 3569 revocatis
1719 3517 1787 3569 ad
1843 3532 1944 3570 su-

356 3618 529 3675 perna
560 3602 881 3666 luminibus,
905 3603 1136 3657 vidisset
1163 3602 1382 3673 quidem
1422 3603 1601 3659 denuo
1632 3605 1772 3659 sicut
1796 3606 1946 3675 prius

356 3696 581 3762 coelum,
607 3693 795 3750 Jesum
825 3709 977 3761 vero,
1010 3696 1331 3748 miseratam
1361 3696 1509 3765 quod
1558 3696 1744 3765 fiebat,
1774 3700 1941 3754 desu-

356 3804 452 3859 per
512 3789 720 3844 caelesti
777 3789 974 3843 tbrono
1028 3788 1417 3850 descendisse.
1467 3799 1633 3857 atque
1681 3789 1747 3844 ad
1794 3791 1941 3861 ipsos

355 3881 705 3936 accedentem
731 3880 1023 3950 benignam
1087 3881 1156 3935 iis
1205 3896 1428 3935 manum
1474 3882 1807 3951 porrexisse,
1844 3899 1943 3937 an-

355 3973 618 4043 gelosque
651 3987 759 4026 una
783 3988 944 4041 opem
993 3971 1363 4039 conferentes,
1407 3972 1639 4027 alterum
1696 3974 1938 4029 virorum

354 4078 424 4117 ex
468 4062 638 4117 altera
683 4071 839 4133 parte
892 4062 1213 4127 retinuisse,
1248 4061 1544 4132 Jesumque
1605 4063 1703 4133 ipsi
1760 4064 1939 4134 Carpo

353 4154 562 4209 dixisse
595 4173 611 4210 :
645 4154 804 4208 Manu
832 4153 942 4223 iam
967 4166 1193 4209 extensa
1226 4162 1450 4224 percute
1506 4171 1613 4215 me.
1671 4155 1939 4223 siquidem

352 4247 532 4301 adhuc
567 4256 792 4317 paratus
827 4262 946 4300 sum
987 4248 1163 4302 denuo
1194 4262 1292 4317 pro
1323 4248 1636 4303 hominibus
1661 4247 1939 4303 salvaudis

352 4339 489 4411 pati,
519 4339 761 4408 illudque
789 4339 1177 4405 libentissime,
1210 4355 1277 4395 ne
1306 4342 1522 4395 demum
1561 4341 1651 4394 alii
1688 4342 1938 4397 homines

351 4441 599 4503 peccent.
650 4431 918 4486 Caeterum
972 4432 1301 4498 considera,
1339 4449 1467 4486 num
1527 4433 1624 4488 tibi
1685 4434 1935 4502 expediat

2049 3233 2310 3295 πολλάκις
2346 3232 2668 3304 ἐπιθέμενον
2709 3236 2805 3287 καὶ⁸
2860 3235 3298 3308 ἀδυνατήσαντα,
3333 3242 3433 3293 καὶ
3488 3240 3635 3311 ἀχθε-

2051 3323 2245 3394 σθῆναι
2290 3322 2385 3376 καὶ
2418 3324 2819 3395 ἐπαράσασθαι.
2862 3325 2972 3379 Καὶ
3026 3328 3408 3384 ἀνανεύσαντα
3465 3331 3633 3403 μόλις,

2051 3417 2175 3470 ἰδεῖν
2207 3414 2304 3487 μὲν
2337 3412 2494 3480 αὖθις
2538 3417 2630 3469 τὸν
2668 3418 2929 3488 οὐρανὸν,
2992 3418 3183 3493 ὥσπερ
3227 3423 3327 3475 καὶ
3380 3424 3634 3495 πρότερον

2046 3508 2303 3579 ἑωράκει,
2362 3509 2455 3562 τὸν
2477 3509 2534 3561 δὲ
2579 3509 2809 3581 Ἰησοῦν,
2843 3510 3141 3581 ἐλεήσαντα
3190 3513 3253 3565 τὸ
3295 3515 3630 3584 γιγνόμενον,

2046 3600 2404 3674 ἐξαναστῆναι
2425 3600 2519 3654 τοῦ
2554 3600 2951 3672 ὑπερονρανίον
3000 3600 3212 3671 θρόνου,
3278 3606 3378 3657 καὶ
3408 3604 3512 3667 ἕως
3542 3606 3631 3657 αὐ-

2043 3691 2153 3745 τῶν
2196 3694 2552 3759 καταϐάντα,
2607 3694 2703 3746 καὶ
2758 3694 2915 3764 χεῖρα
2969 3693 3185 3764 ἀγαθὴν
3241 3695 3503 3766 ὀρέγειν,
3550 3696 3632 3749 καὶ

2044 3785 2170 3849 τοὺς
2202 3786 2468 3855 ἀγγέλους
2497 3785 2645 3855 αὐτῷ
2677 3785 3341 3858 συνεπιλαμϐανομένους,
3379 3790 3534 3844 ἄλλον
3550 3789 3631 3844 ἀλ-

2043 3880 2196 3933 λοθεν
2230 3878 2547 3949 ἀντέχεσθαι
2567 3880 2677 3931 τοῖν
2716 3878 2951 3951 ἀνδροῖν,
2985 3880 3078 3934 καὶ
3114 3882 3293 3934 εἰπεῖν
3316 3884 3399 3954 τῷ
3429 3886 3626 3957 Κάρπῳ

2043 3972 2135 4024 τὸν
2176 3970 2416 4042 Ἰησοῦν·
2478 3970 2593 4039 Τῆς
2638 3969 2819 4043 χειρὸς
2878 3972 2977 4043 ἤδη
3026 3976 3473 4048 προτεταμὲνης,
3515 3980 3628 4031 παῖε

2042 4066 2161 4117 κατ’
2202 4063 2338 4134 ἐμοῦ
2366 4062 2551 4116 λοιπόν
2581 4078 2594 4092 °
2630 4062 2847 4132 ἕτοιμος
2884 4062 2993 4134 γάρ
3032 4066 3148 4135 εἰμι
3179 4066 3276 4119 καὶ
3308 4064 3472 4132 αὖθις
3503 4069 3628 4138 ὑπὲρ

2040 4156 2342 4228 ἀνθρώπων
2375 4154 2804 4227 ἀνασωζομένων
2836 4156 3049 4222 παθεῖν,
3089 4161 3184 4211 καὶ
3218 4162 3523 4232 προσφιλές
3548 4178 3627 4233 μοι

2038 4252 2215 4315 τοῦτο,
2270 4251 2344 4323 μὴ
2404 4252 2581 4305 ἄλλων
2645 4252 3069 4322 ἁμαρτανόντων
3109 4253 3448 4326 ἀνθρώπων.
3494 4257 3625 4326 Πλὴν

2038 4345 2139 4415 ὅρα
2190 4346 2234 4376 ³⁸
2261 4347 2309 4397 εἰ
2340 4344 2522 4409 καλῶς
2565 4346 2678 4418 ἔχει
2723 4362 2805 4399 σοι
2858 4345 2957 4415 τὴν
3018 4348 3078 4399 ἐν
3100 4345 3179 4417 τῷ
3237 4349 3488 4420 χάσματι
3541 4350 3625 4403 καὶ

2046 4434 2181 4507 μετά
2234 4435 2343 4487 τῶν
2392 4435 2569 4505 ὄφεων
2633 4436 2799 4508 μονὴν
2860 4434 3295 4501 ἀνταλλάξασθαι
3345 4442 3449 4513 τῆς
3501 4441 3624 4514 μετά

351 4526 493 4580 banc
524 4522 832 4578 istiusmodi
863 4523 1047 4577 hiatus
1076 4531 1130 4577 et
1156 4538 1281 4578 cum
1313 4526 1661 4595 serpentibus
1693 4541 1840 4580 mans

2135 4527 2177 4581 μῦ
2227 4527 2320 4581 καὶ
2378 4496 2490 4581 των
2550 4496 2772 4597 ἀγαθῶν
2841 4526 2935 4580 καὶ
2994 4496 3445 4601 φιλανθρώπων.-
3474 4496 3624 4602 ἀγγέ-

348 4634 471 4673 nem
515 4617 609 4671 Dei
650 4633 713 4672 ac
753 4617 1026 4671 bonorum
1076 4615 1741 4687 clementissimorumque
1769 4634 1937 4689 ange-

349 4712 523 4769 lorum
557 4709 838 4765 consortio
869 4707 1154 4779 praeferre.
1184 4708 1311 4764 Haec
1334 4718 1484 4775 sunt,
1523 4726 1643 4780 qua:
1678 4726 1779 4781 ego
1809 4726 1931 4766 cum

348 4803 618 4858 audierim
676 4816 807 4857 vera
848 4815 972 4857 esse
999 4801 1189 4857 credo.

1959 4925 2029 4936 ...ο

2039 4621 2167 4674 λων.
2244 4619 2429 4674 Ταῦτά
2466 4621 2616 4675 ἐστιν
2653 4620 2693 4679 ἃ.
2734 4619 2845 4690 ἐγὼ
2882 4618 3138 4692 ἀκηκοὼς
3178 4624 3428 4679 πιστεύω
3460 4627 3621 4699 ἀληθῆ

2038 4707 2205 4766 εἶναι.

1444 5006 1610 5078 606
1646 5004 2179 5062 ADNOTATIONES
2217 5001 2559 5058 CORDERII.

421 5119 854 5195 §l.Heb_razomm
871 5120 1260 5191 llistoriw,etc.
1289 5122 1494 5195 Alludit
1525 5122 1590 5195 ad
1636 5123 1794 5179 Num.
1846 5140 1969 5195 cap.
2018 5139 2122 5189 xu,
2171 5123 2225 5195 5,
2258 5122 2349 5177 ubi
2389 5121 2455 5177 de
2500 5120 2913 5195 mansuetudine
2954 5118 3181 5195 Moysisi
3208 5121 3457 5195 legitur:
3494 5125 3614 5179 Era:

352 5192 561 5261 Moyses
589 5192 670 5245 vir
701 5194 1021 5247 mitissimus
1044 5209 1203 5257 super
1234 5209 1413 5245 omnes
1446 5192 1680 5246 homines
1714 5197 1802 5263 qui
1828 5191 2178 5249 morabantur
2208 5194 2264 5246 in
2301 5202 2463 5246 terra.
2488 5194 2666 5258 Atque
2698 5191 2839 5258 ideo,
2868 5191 3063 5263 inquit,
3091 5191 3184 5263 Dei
3218 5191 3457 5248 famulus
3486 5212 3611 5249 nuu-

355 5259 608 5334 eupatur,
643 5263 1280 5334 caeterisqttcpropl‘lelis
1307 5264 1525 5329 dignior
1558 5266 1624 5316 ad
1657 5259 1947 5318 videndum
1981 5265 2172 5325 Deum,
2207 5265 2283 5316 uti
2322 5263 2522 5334 ibidem
2558 5259 3141 5334 Scripturasubjungit
3168 5279 3285 5318 ver.
3316 5265 3348 5317 6
3376 5281 3391 5317 :
3419 5264 3477 5319 Si
3505 5267 3610 5334 quis

348 5331 507 5399 fuerit
540 5334 679 5386 inter
708 5348 802 5384 vos
832 5333 1088 5400 propheta
1124 5331 1364 5396 Domini,
1392 5334 1445 5385 iu
1482 5334 1682 5387 visione
1713 5336 1975 5401 apparebo
2004 5335 2073 5397 ei,
2108 5334 2184 5388 vel
2211 5334 2472 5387 somnium
2506 5333 2693 5401 loquar
2720 5333 2788 5383 ad
2833 5331 3004 5383 illum.
3034 5332 3255 5401 Αιιήοη
3293 5336 3418 5388 talis
3446 5331 3608 5388 scit-us

348 5418 492 5456 meus
524 5400 760 5474 Moyses,
793 5403 969 5474 qui_in
1005 5404 1149 5454 omni
1182 5404 1338 5474 domo
1368 5419 1484 5456 mea
1510 5400 1854 5471 ﬁdelissimus
1884 5415 2010 5474 est_:
2043 5419 2135 5457 ore
2164 5404 2301 5458 enim
2331 5403 2400 5455 ad
2434 5419 2489 5456 os
2522 5400 2705 5472 loquor
2734 5402 2805 5469 ei,
2836 5409 2885 5454 et
2913 5401 3115 5469 palam,
3145 5413 3195 5457 et
3225 5420 3333 5459 non
3364 5421 3458 5473 per
3495 5405 3610 5460 α’κὶ-

346 5483 522 5538 gmata
552 5482 600 5525 et
631 5473 834 5541 ﬁguras
868 5471 1158 5525 Dominum
1190 5473 1347 5527 videt.

1641 5567 1875 5624 VARIJE
1914 5568 2315 5626 LECTIONES.

450 5657 531 5732 ἐκ
560 5655 653 5710 καί
717 5669 822 5712 non
875 5666 960 5713 est
1018 5658 1069 5712 in
1107 5657 1165 5715 S.
1202 5656 1264 5712 P.
1377 5657 1420 5691 "
1453 5619 1874 5732 laurei—Di“;
1899 5619 2314 5727 17.13265;
2332 5659 2387 5715 S.

345 5725 463 5788 ὅρα,
500 5726 558 5780 S.

2481 5658 2546 5732 ξι
2577 5657 2850 5727 ἕλκοντας,
2905 5656 2968 5713 D.
3016 5655 3073 5713 S.
3150 5658 3199 5692 "
3245 5658 3387 5731 πλὴν
3452 5658 3515 5713 σὺ
3556 5656 3605 5711 δὲ
