3772 6306
324 275 464 330 nos
1330 322 1341 330 _
1498 270 1553 319 δ.
1592 264 1887 321 υιυΜδιι
1942 265 2410 322 ΑΒΕΟΡΑΟΙΤᾸΞ
3468 264 3615 324 Hdt

325 391 562 461 primum
629 396 870 457 tempore
928 384 1009 440 sol
1063 384 1205 440 diem
1255 382 1557 453 longiorem
1609 393 1773 439 nocte
1820 384 2116 452 protendit.
2168 384 2243 439 Dc
2290 384 2375 438 his
2426 382 2677 438 meminit
2724 381 2943 438 Flavius
2994 382 3268 451 Vopiscus
3324 382 3382 437 iu
3438 388 3609 441 Aure.

328 463 496 515 liano.

399 528 553 584 Circa
584 528 810 582 mediam
850 542 972 580 vero
1014 534 1239 591 noctem,
1283 535 1390 581 etc.
1420 524 1575 580 Unde
1612 523 1826 593 collige,
1872 539 2079 579 morem
2117 524 2290 580 fuisse
2334 523 2444 592 jam
2499 523 2625 577 inde
2660 538 2689 577 a
2726 523 2920 591 primis
2954 522 3215 577 Ecclesia:
3249 526 3611 593 temporibus.

326 611 388 656 ut
422 602 738 655 sacerdotes
774 598 839 651 de
875 604 1035 650 nocte
1090 596 1158 649 ad
1207 596 1477 650 orandum
1532 605 1839 662 surgerent.
1895 596 2106 663 Carpus
2154 596 2321 658 enim,
2358 595 2647 663 episcopus
2701 593 2898 657 Cretas,
2950 600 3326 663 apostolorum
3382 597 3611 661 auditor,

326 673 475 728 circa
508 669 744 723 mediam
781 677 1020 729 noctem,
1058 675 1117 718 ut
1151 666 1240 721 hic
1277 668 1336 721 S.
1374 666 1667 736 Dionysius
1703 682 1815 719 men

2115 666 2262 732 :ilare
2308 664 2515 718 solebat
2549 662 2684 734 πρὸς
2716 663 2843 736 τους
2877 662 3058 736 θείους
3110 662 3344 735 ὕμνους,
3383 666 3454 718 ad
3489 668 3604 720 divi.

331 758 423 794 nos
456 741 677 810 hymnos
714 739 800 806 pie
834 750 888 810 et
923 737 1180 810 religiose
1215 738 1326 810 Deo
1360 732 1756 810 conci'nendos.
1814 734 1874 790 δ.
1930 732 2355 810 Cltrysostomtts
2416 736 2472 788 in
2521 732 2640 810 cap.
2694 750 2727 786 v
2770 732 3239 810 Isa_ite_nominat_
3286 736 3611 810 παννυχίδας

328 803 513 883 ίεράςξ
544 803 1219 883 ξᾳεναρετινίςὲίὶαίάὲεηι,
1258 808 1461 883 inquit,
1499 823 1615 859 cum
1647 817 1805 883 nocte
1842 803 2171 874 copulaittia.
2205 808 2336 883 Qua}
2369 821 2398 858 a
2436 803 2611 859 media
2651 813 2811 858 nocte
2860 803 3111 883 inchoata
3167 804 3365 883 fuisse,
3419 803 3612 883 ibidem

332 874 413 934 his
447 880 629 933 verbis
663 874 937 949 signiﬁcat
964 896 977 929 :
1019 876 1216 930 Omnes
1240 874 1411 930 somni
1442 878 1779 949 tyrgnnidem
1811 876 2433 949 generosaﬂcontentione
2474 885 2806 949 superantes,
2856 874 2921 949 ἐκ
2958 877 3359 949 μεσονυ-κτίων,
3392 893 3425 928 a
3448 878 3612 949 medio

329 950 496 1003 noctis
539 944 804 1018 usque-ad
855 948 1022 1001 lucem
1071 944 1493 1015 perseverabant.
1530 946 1586 1002 ld
1622 963 1651 1002 e
1684 944 1837 1002 fonte
1869 947 2168 1017 apostolico
2213 961 2501 1012 manasse,
2551 947 2687 1001 dicit
2735 944 3021 1015 perspicue
3055 945 3113 1000 S.
3150 944 3434 1002 Max-imus
3477 948 3613 1003 hunc

331 1021 505 1075 locum
542 1033 847 1089 esponens,
884 1034 1047 1088 quem
1085 1018 1207 1072 vide
1243 1018 1296 1071 in
1339 1018 1598 1073 Scholiis.

407 1132 540 1186 Vide
582 1132 767 1189 Schol.
800 1132 860 1188 S.
896 1133 1122 1187 Maximi
1155 1143 1202 1187 et
1241 1132 1513 1203 Parapltr.
1558 1134 1812 1204 Pachyni.
1843 1134 1896 1187 in
1933 1134 2101 1202 Epist.
2140 1132 2195 1198 8,
2236 1142 2367 1190 toni.
2408 1130 2496 1188 II.

1257 1334 3594 1348 ’Μῃ-

718 1490 1302 1583 EPISTOLA
1358 1495 1531 1581 IX.

834 1628 1005 1685 TITU
1048 1628 1420 1685 EPISCOPO

336 1729 564 1801 Roganti
615 1744 709 1798 per
758 1724 1032 1801 epistolam
1084 1739 1202 1795 qua:
1238 1725 1321 1801 sit
1370 1724 1557 1801 domus
1608 1724 1917 1792 sapientiw.

474 1802 593 1869 quis
617 1795 817 1861 crater,
848 1805 895 1851 et
933 1797 1175 1865 quisnam
1202 1795 1345 1849 cibus
1372 1795 1487 1863 ejus
1513 1811 1575 1849 ac
1599 1806 1773 1864 potus.

2446 1488 3013 1574 ΕΠΙΣΤΟΔΗ
3060 1486 3187 1577 Θ’.

2537 1630 2695 1697 Tm)
2745 1628 3087 1700 ἸΕΡΑΡΧῌ

2040 1718 2439 1807 Ἐρωτήσατςτι
2464 1718 2560 1807 ,δι’
2611 1719 2978 1807 ὲῖξιοίὀλῇςε
3027 1720 3354 1807 τίςιόητῆς
3406 1723 3615 1807 σοφίας

2097 1790 2280 1855 οἶκος,
2316 1791 2405 1855 τίς
2443 1793 2476 1841 ὁ
2504 1790 2761 1857 κρατὴρ,
2796 1790 2894 1843 καὶ
2924 1792 3058 1845 τίνα
3086 1791 3159 1845 τὰ
3191 1790 3616 1860 ,βρώματααύέ

2108 1859 2238 1927 τῆς,
2273 1860 2371 1914 καὶ
2400 1859 2472 1913 τὰ
2506 1862 2759 1930 πόματα.

1608 2016 1941 2073 SYNOPSIS
1981 2016 2362 2073 EPISTOLA'].

313 2132 397 2207 ξι.
418 2137 686 2202 Ostendit,
714 2137 1057 2209 symbolicam
1089 2135 1747 2209 theologiamfudioribus
1779 2144 1827 2188 et
1866 2134 2064 2209 ignaris
2098 2130 2287 2209 multas
2324 2131 2584 2209 absurdos
2610 2132 2887 2209 imagines
2941 2142 3097 2209 atque
3142 2134 3520 2209 cogitationes
3541 2135 3614 2209 in;

404 2226 693 2279 generare;
725 2201 771 2262 e't
798 2214 895 2261 hac
929 2209 1202 2261 occasione
1222 2201 1451 2279 reiempli
1482 2223 1643 2279 causa
1678 2201 2151 2272 diversa—symbolo
2183 2204 2414 2279 emporiit,
2455 2218 2573 2267 qua:
2604 2202 2657 2256 iu
2696 2201 2990 2279 scripturis
3030 2201 3393 2279 reperiuntur.
3426 2203 3614 2257 Deindr

407 2272 724 2347 iheologiam
756 2279 941 2331 dividit
979 2279 1034 2330 in
1075 2278 1349 2347 mysticam
1378 2272 1953 2347 acidemonstrantem,
1988 2283 2033 2347 et
2070 2288 2188 2347 qua:
2219 2272 2473 2341 cujusque
2503 2274 2822 2347 partessint
2865 2274 3098 2347 exponit.
3141 2272 3205 2327 ll.
3239 2274 3410 2347 Docet
3434 2314 3449 2335 ,
3486 2291 3613 2343 sym~

408 2349 526 2402 bola
558 2342 765 2402 diversa
805 2342 1153 2401 diversimode
1186 2363 1294 2399 esse
1323 2346 1676 2413 explicanda;
1708 2358 1755 2398 et
1794 2344 1953 2397 simul
1984 2345 2245 2406 declarat,
2290 2342 2554 2412 quomodo
2587 2343 2724 2411 ignis
2769 2342 2977 2413 dieiADeo
3014 2352 3063 2395 et
3109 2346 3315 2413 angelis
3362 2342 3611 2413 accipieno

406 2420 506 2473 dus
543 2422 634 2475 sit.
672 2419 809 2473 Item
839 2418 966 2487 quid
999 2434 1117 2487 esca
1150 2410 1523 2487 designet._lll.
1567 2413 1819 2487 Exponit,
1852 2414 1980 2487 quid
2024 2427 2192 2487 crater
2225 2410 2440 2487 mystice
2483 2410 2760 2487 signiﬁcet.
2803 2410 2893 2487 lV_._
2939 2412 3081 2487 Quid
3114 2410 3307 2487 ΔιςίίηιεΔ
3326 2410 3531 2487 solidus
3570 2426 3613 2469 et

410 2491 641 2562 liquidus
674 2482 932 2558 designet.
978 2488 1039 2541 V.
1077 2486 1216 2553 Quid
1249 2482 1371 2540 item
1399 2485 1498 2539 Dei
1527 2486 1775 2551 ebrietas,
1807 2482 2036 2554 quidque
2072 2483 2359 2535 discubitus
2390 2483 2659 2536 beatorum
2692 2484 2746 2535 in
2779 2483 2940 2536 cwlis.
2975 2482 3057 2541 νι.
3099 2483 3242 2549 Quid
3276 2484 3374 2539 Dei
3406 2503 3615 2540 somnus

407 2560 469 2614 et
484 2560 778 2628 evigilatio.

1910 2673 2029 2731 ει.

409 2840 645 2896 Sanctus
668 2841 887 2910 quidem
908 2840 1251 2904 Timotheus,
1276 2838 1479 2909 Optime
1496 2837 1635 2901 Tite,
1665 2838 1849 2894 nescio
1878 2839 1921 2891 si
1960 2843 1998 2899 Β

334 2934 607 3004 quidpiam
648 2933 817 3005 608
876 2933 1241 3004 symholorum
1292 2930 1719 3001 theologicorum
1769 2946 1798 2985 a
1833 2945 1921 2986 me

335 3026 660 3081 traditorum
686 3041 791 3079 non
814 3025 1076 3092 audierit;
1101 3024 1356 3093 quoniam
1376 3024 1427 3076 in
1452 3024 1752 3092 Symbolica
1776 3024 1923 3077 theo-

328 3120 476 3190 logia
535 3118 793 3173 distincte
844 3117 946 3187 ipsi
1010 3116 1405 3186 exposuimus,
1460 3132 1803 3187 quaecunque
1864 3116 1918 3170 in

333 3210 542 3268 oraculi
593 3210 902 3282 prodigiosa
952 3209 1201 3280 plurimis
1241 3209 1357 3263 visa
1391 3210 1459 3262 de
1491 3208 1601 3264 Deo
1631 3211 1921 3264 enuntian-

335 3315 447 3363 tur.
473 3305 672 3361 Gravis
699 3306 899 3359 etenim
929 3306 1151 3360 absurdi
1184 3305 1422 3374 speciem
1455 3304 1653 3359 animis
1686 3304 1923 3358 rudiori-

336 3398 438 3455 bus
467 3400 788 3470 imprimunt
815 3400 1005 3455 Patres
1056 3399 1130 3453 illi
1160 3401 1250 3469 qni
1286 3414 1541 3455 arcanam
1577 3400 1797 3454 tradunt
1838 3416 1923 3454 sa-

326 3475 621 3559 pientiam,
672 3494 799 3545 dum
846 3491 1081 3546 divinam
1141 3491 1289 3546 illam
1341 3493 1623 3562 mysticam
1683 3501 1738 3547 et
1798 3508 1923 3562 pro-

339 3581 480 3634 fanis
504 3581 841 3635 inaccessam
883 3582 1170 3634 veritatem
1220 3582 1320 3635 sub
1352 3581 1570 3636 arcauis
1597 3582 1919 3651 quibusdam

338 3670 724 3725 audacioribus
769 3671 1151 3740 aznigmatibus
1213 3683 1540 3742 proponunt.
1583 3674 1921 3743 Quapropter

336 3764 500 3818 etiam
551 3764 604 3818 in
642 3764 838 3819 divinis
882 3764 1155 3834 mysteriis
1201 3765 1527 3833 quandoque
1564 3767 1745 3821 verbis
1789 3766 1921 3836 ipsis

326 3844 427 3916 ivix
458 3855 762 3917 credimus,
794 3855 920 3908 dum
975 3854 1062 3908 illa
1098 3856 1362 3910 duntaxat
1399 3872 1497 3925 per
1533 3867 1728 3925 agnata
1769 3873 1918 3930 sym-

324 3948 457 4025 _bola
485 3948 706 4002 sensilia
753 3948 1143 4017 conspicimus.
1178 3947 1379 4002 Verum
1428 3949 1511 4003 his
1539 3951 1763 4015 amoris,
1805 3952 1919 4020 ipsa

336 4040 388 4094 in
420 4040 615 4109 seipsis
654 4042 795 4094 nuda
849 4055 1091 4109 puraque
1130 4040 1393 4095 intuenda
1448 4052 1608 4108 sunt;
1657 4042 1737 4095 sic
1772 4043 1917 4096 enim

324 4132 771 4208 contemplantes
792 4133 1177 4187 venerabimur
1200 4132 1404 4187 fontem
1428 4133 1576 4197 vitae,
1603 4134 1655 4187 in
1681 4134 1916 4203 seipsum

2112 2836 2168 2888 Ὀ
2193 2835 2289 2906 μὲν
2310 2834 2452 2905 ἱερὸς
2479 2834 2758 2906 Τιμόθεος,
2781 2829 2826 2887 ὧ
2845 2835 2976 2889 καλὲ
3007 2836 3153 2900 Τίτε,
3186 2837 3291 2891 οὐκ
3319 2831 3441 2893 οἶδα
3470 2840 3527 2894 εἴ
3544 2858 3620 2895 τι.

2025 2946 2115 2991 νος
2141 2928 2249 2981 τῶν
2293 2928 2705 2999 διεγνωσμένων
2751 2947 2841 2999 μοι
2887 2928 3215 2999 θεολογικῶν
3244 2933 3292 2964 "
3344 2933 3617 3005 συμϐόλων

2026 3020 2361 3092 ἀπελήλυθεν
2388 3022 2620 3092 ἀνήκοος
2645 3039 2657 3051 ο
2693 3021 2808 3074 ἀλλ’
2837 3023 2895 3075 ὲν
2924 3025 2988 3093 τῇ
3023 3026 3068 3075 Σ
3075 3025 3377 3093 υμϐολικῇ
3421 3030 3614 3080 θεολο-

2024 3115 2125 3184 γίᾳ
2171 3115 2673 3186 διηυκρινησάμεθα
2710 3114 2889 3178 πάσας
2936 3115 3085 3185 αὐτῷ
3126 3116 3229 3179 τὰς
3272 3117 3387 3171 τῶν
3435 3119 3616 3187 λογίων

2026 3208 2152 3278 περὶ
2182 3207 2315 3260 Θεοῦ
2345 3207 2607 3271 δοκούσας
2644 3204 2780 3261 εἶναι
2810 3212 2921 3272 τοῖς
2970 3207 3185 3272 πολλοῖς
3215 3210 3612 3283 τερατολογίας-

2024 3300 2133 3352 Καὶ
2161 3299 2269 3371 γὰρ
2298 3300 2528 3353 ἀτοπίαν
2558 3299 2733 3372 δεινὴν
2780 3300 3294 3372 ἐναπομόργνυνται
3339 3307 3464 3367 ταῖς
3502 3305 3602 3357 ἀτε·

2024 3392 2138 3446 λέσι
2185 3392 2292 3446 τῶν
2334 3393 2543 3464 ψυχῶν,
2584 3394 2784 3447 ὁπόταν
2822 3396 2870 3447 οἱ
2918 3394 3020 3460 τῆς
3063 3395 3385 3468 ἀπορρήτου
3439 3399 3615 3467 σοφίας

2024 3485 2280 3556 πατέρες,
2316 3485 2403 3538 διὰ
2432 3487 2496 3559 δή
2528 3488 2570 3517 ’⁷
2601 3504 2761 3539 τινων
2811 3489 3055 3558 κρυφίων
3107 3490 3202 3541 καὶ
3252 3490 3612 3562 ἀποτετολμηο

2026 3577 2201 3648 μένων
2228 3579 2565 3649 αἰνιγμάτων
2596 3580 2896 3648 ὲκφαίνωσι
2926 3578 3023 3649 τὴν
3046 3579 3197 3633 θείαν
3229 3582 3328 3635 καὶ
3362 3586 3616 3656 μυστικὴν

2025 3671 2119 3723 καὶ
2148 3670 2348 3725 ἄϐατον
2378 3675 2491 3735 τοῖς
2522 3671 2769 3743 βεϐήλοις
2799 3671 3077 3743 ἀλήθειαν.
3114 3673 3209 3725 Διὸ
3239 3676 3339 3727 καὶ
3369 3676 3605 3730 ἀπιστοῦ-

2026 3779 2124 3833 μεν
2153 3764 2202 3815 οἱ
2231 3762 2415 3815 πολλοὶ
2442 3767 2555 3826 τοῖς
2590 3764 2719 3835 περὶ
2746 3764 2853 3817 τῶν
2880 3763 3039 3817 θείων
3072 3767 3399 3839 μυστηρίων
3419 3769 3612 3837 λόγοις·

2023 3853 2274 3926 θεώμεθα
2289 3854 2397 3926 γὰρ
2414 3856 2570 3926 μόνον
2588 3855 2727 3908 αὐτά
2740 3854 2827 3908 διὰ
2841 3856 2949 3908 τῶν
2962 3860 3437 3928 προσπεφυκότων
3450 3863 3613 3925 αὐτοῖς

2022 3947 2293 4019 αἰσθητῶν
2330 3949 2633 4019 συμϐόλων.
2696 3950 2788 4001 Δεῖ
2815 3949 2872 4003 δὲ
2902 3950 2996 4004 καὶ
3032 3951 3343 4017 ἀποδόντας
3378 3955 3515 4009 αὺτά
3538 3955 3613 4023 ἐφ’

2023 4040 2231 4094 ἑαυτῶν
2262 4041 2445 4111 γυμνά
2473 4040 2567 4094 καὶ
2598 4041 2814 4112 καθαρά
2843 4042 3111 4114 γενόμενα
3146 4044 3308 4097 ίδείν·
3345 4046 3489 4101 οὕτω
3518 4048 3614 4120 γὰρ

2022 4133 2087 4185 ἂν
2117 4133 2376 4204 θεώμενοι
2408 4135 2735 4207 σεφθείημεν
2768 4137 2952 4207 πηγὴν
2983 4136 3128 4207 ζωῆς
3158 4138 3241 4200 είς
3277 4141 3481 4213 ἑαυτὴν
3510 4159 3613 4211 χεο-

322 4216 603 4311 έυιΐυευῐη,
654 4228 713 4278 et
759 4223 812 4276 in
866 4222 1045 4292 seipso
1095 4222 1487 4278 consistentem
1536 4225 1811 4291 videntes,

2125 4243 2217 4295 ην,
2248 4225 2345 4278 καὶ
2372 4227 2457 4295 ἐφ’
2504 4227 2704 4297 ἑαυτῆς
2752 4226 2998 4280 ἑστῶσαν
3050 4227 3327 4299 ὁρῶντες,
3373 4232 3466 4283 καί
3499 4234 3614 4302 μίαν

322 4316 502 4368 έυιιιιηι
531 4316 820 4382 quamdam
857 4326 1179 4385 potestatem
1215 4317 1543 4387 simplicem,
1576 4331 1674 4386 per
1715 4332 1773 4373 se
1802 4334 1920 4374 mo-

338 4407 524 4473 bilem,
565 4423 661 4476 per
700 4423 759 4462 se
803 4416 1075 4477 agentem,
1123 4408 1357 4477 seipsam
1410 4424 1516 4463 non
1555 4410 1919 4477 deserentem,

335 4500 429 4555 sed
459 4500 737 4555 notionem
787 4501 1067 4553 nolionum
1100 4500 1365 4568 omnium,
1398 4516 1461 4556 ac
1496 4516 1709 4572 semper
1737 4518 1796 4558 se
1826 4519 1923 4575 per

333 4594 570 4664 seipsam
625 4593 1106 4663 contemplantem.
1172 4594 1499 4650 Censuimus
1569 4596 1736 4663 igitur
1805 4606 1919 4651 tum

334 4686 459 4753 ipsi,
493 4696 606 4740 tum
632 4687 775 4750 aliis,
800 4686 979 4755 quoad
1010 4686 1125 4739 ﬁeri
1156 4696 1404 4757 poterat,
1430 4688 1777 4757 exponendas
1800 4702 1920 4743 esse

332 4778 511 4833 omnis
541 4779 756 4848 generis
781 4778 1006 4845 formas,
1039 4779 1351 4850 symbolicae
1396 4779 1541 4833 illius
1571 4796 1690 4849 qua}
1719 4780 1784 4834 de
1811 4781 1919 4835 Deo

322 4856 417 4961 Lest
445 4881 617 4925 sacrae
644 4869 1017 4941 efﬁgiationis;
1048 4871 1206 4941 hujus
1245 4871 1388 4925 enim
1432 4872 1725 4937 exteriora,
1756 4888 1916 4941 quam

331 4964 488 5032 plena
515 4973 644 5018 sunt
666 4963 999 5019 incredibilis
1022 4974 1076 5017 et
1104 4964 1461 5019 commentitii
1489 4966 1715 5019 monstri
1735 4965 1758 5017 ‘l
1778 4980 1827 5018 v.
1862 4981 1913 5035 ε.

322 5051 459 5125 dum
491 5055 546 5110 in
594 5056 1108 5124 suprasubstantiali
1154 5057 1251 5111 Dei
1300 5057 1672 5123 generatione,
1703 5064 1915 5111 uterum

324 5136 429 5201 Dei
459 5162 724 5216 corporee
755 5158 1107 5216 generantem
1138 5147 1342 5216 ellingit
1368 5148 1418 5213 δ,
1458 5156 1512 5203 et
1547 5163 1642 5202 cor
1687 5147 1918 5202 hominis

324 5220 591 5294 'eructans
636 5238 863 5293 verbum
912 5240 964 5293 in
1009 5254 1191 5293 aerem
1220 5237 1449 5293 ellusum
1482 5241 1530 5304 ί,
1569 5248 1623 5292 et.
1670 5237 1916 5307 spiritum

333 5346 397 5385 ex
433 5348 530 5387 ore
564 5333 863 5402 spirantem
890 5330 1152 5389 describit
1185 5328 1237 5396 λε,
1267 5343 1331 5385 ac
1359 5330 1515 5385 sinus
1544 5328 1801 5399 deigenos
1828 5329 1921 5382 Fi-

407 5442 434 5481 ιι
469 5442 620 5498 Psal.
650 5459 762 5509 crx,
791 5444 847 5499 5.
935 5443 1122 5507 il’sal.
1152 5458 1300 5508 κων,
1333 5443 1385 5498 1.

1480 5443 1507 5482 k
1534 5442 1679 5499 Psal.
1706 5459 1886 5509 xxx",
1919 5446 1971 5499 6.

2022 4317 2145 4370 τινὰ
2178 4317 2426 4388 δύναμιν,
2460 4319 2656 4390 ἁπλῆν,
2688 4320 3064 4392 αὐτοκίνητον,
3095 4322 3528 4396 αὑτοενέογητον
3555 4326 3611 4391 ³³,

2025 4409 2222 4481 ἑαυτὴν
2255 4410 2355 4462 οὐκ
2388 4411 2810 4479 ἀπολείπουσαν,
2841 4412 2977 4466 ἀλλὰ
3021 4414 3226 4483 γνῶσιν
3256 4416 3453 4470 πασῶν
3486 4415 3613 4485 γνώ-

2025 4520 2160 4557 σεων
2193 4503 2563 4573 ὑπάρχουσαν,
2596 4506 2690 4557 καὶ
2720 4506 2805 4557 ἀεὶ
2848 4505 2918 4558 δι’
2946 4506 3146 4577 ἑαυτῆς
3186 4507 3390 4580 ἑαυτὴν
3421 4509 3613 4580 θεωμέ-

2022 4612 2138 4666 νην.
2173 4595 2387 4666 Χρῆναι
2419 4596 2547 4664 γοῦν
2570 4596 2718 4667 αὐτῷ
2744 4614 2803 4649 τε
2834 4598 2929 4649 καὶ
2956 4598 3135 4663 ἄλλοις
3167 4602 3302 4672 παρ’
3332 4604 3365 4672 ή
3377 4603 3492 4673 μῶν
3519 4602 3617 4671 ᾠή-

2024 4686 2217 4757 θημεν,
2249 4688 2325 4750 ὡς
2352 4682 2463 4741 οἷόν
2491 4706 2549 4741 τε
2578 4685 2645 4760 ἦν
2678 4691 2744 4753 ’9,
2768 4690 3182 4763 ἀναπτυχθῆναι
3213 4694 3285 4747 τὰ
3309 4696 3613 4751 παντοδαπὰ

2029 4776 2368 4848 μορφώματα
2399 4779 2499 4849 τῆς
2531 4782 2658 4851 περὶ
2686 4780 2820 4833 Θεοῦ
2847 4782 3184 4854 συμϐολικῆς
3218 4786 3609 4857 ἱεροπλαστίας·

2023 4868 2091 4921 τὰ
2133 4869 2242 4941 γὰρ
2269 4869 2425 4934 ἐκτὸς
2470 4872 2643 4941 αὐτῆς
2673 4872 2878 4943 ὁπόσης
2918 4875 3341 4948 ἀναπέπλησται
3371 4881 3473 4951 τῆς
3502 4882 3614 4933 ἀπι-

2025 4959 2187 5012 θάνου
2246 4961 2340 5013 καὶ
2395 4961 2822 5031 πλασματώδους
2862 4966 3188 5035 τερατείας;
3240 4962 3354 5023 οἷον
3396 4972 3488 5025 ἐπὶ
3526 4972 3611 5042 μὲν

2024 5052 2124 5121 τῆς
2154 5054 2477 5124 ὑπερουσίου
2513 5056 2808 5124 θεογονίας,
2840 5058 3088 5129 γαστέρα
3120 5059 3261 5114 Θεοῦ
3295 5063 3613 5135 σωματικῶς

2023 5143 2156 5197 Θεὸν
2185 5146 2461 5214 γεννῶσαν
2492 5148 2962 5221 ἀναπλαττούσης,
3014 5151 3108 5205 καὶ
3157 5152 3319 5224 λόγον
3372 5159 3455 5221 είς
3492 5157 3610 5228 ἀέρα

2024 5238 2385 5309 προχεόμενον
2407 5239 2513 5292 ἀπὸ
2532 5241 2759 5312 καρδίας
2788 5241 3051 5314 ἀνδρικῆς
3069 5244 3507 5322 ὲξερευγομένης
3529 5252 3606 5302 αὐ-

2022 5329 2133 5397 τὸν,
2169 5330 2263 5386 καὶ
2291 5330 2510 5404 πνεῦμα
2541 5333 2902 5403 ὲκπνεόμενον
2934 5335 3042 5388 ἀπὸ
3083 5337 3360 5410 στόματος
3387 5342 3612 5413 ἀναγραο

1664 5579 1899 5635 VARl/E
1932 5580 2335 5639 LECTIONES.

451 5693 494 5722 "
529 5691 873 5761 θεολογικῶς,
907 5693 967 5746 S.
1006 5692 1065 5745 P.
1142 5692 1185 5724 "
1225 5690 1287 5758 δή
1327 5707 1434 5747 non
1468 5704 1551 5749 est
1584 5694 1637 5748 in
1674 5695 1736 5749 D.
1815 5695 1860 5728 ³⁸
1896 5695 2309 5767 αὑτενέργητον,
2351 5697 2411 5750 D.
2452 5698 2508 5753 S.
2546 5698 2604 5751 P.
2687 5698 2733 5729 ²⁹
2766 5699 2839 5761 ὡς
2872 5694 2977 5752 οἶοί
3010 5717 3069 5755 τε
3104 5695 3267 5773 ἦμεν.
3305 5704 3361 5763 S.
