3772 6316
164 400 305 455 1105

1568 417 1907 477 EPISTOLA
1969 423 2056 479 ΙΧ.

3322 438 3454 495 “06

162 514 394 585 φούσης,
450 517 542 569 καὶ
593 518 823 583 κόλπους
870 521 1210 590 θεογονικοὺς
1241 527 1651 601 ὲναγκαλιζομέι

1968 552 2000 590 ιι
2034 538 2127 593 Dei
2153 539 2602 607 complectentes,
2638 541 2692 595 in
2720 544 2938 598 modum
2982 549 3228 616 corporis
3255 552 3457 607 collau-

162 604 299 659 Θεοῦ
333 606 493 670 Υίὸν,
544 613 992 683 σωματοπρεπῶς
1025 617 1158 687 ἡμῖν
1203 617 1561 691 ὲξυμνούσης,
1595 622 1628 693 ἢ
1658 641 1759 693 φυ-

163 698 335 763 σικῶς
374 701 550 755 ταῦτα
590 704 1042 778 διαπλαττούσης,
1096 710 1189 763 καὶ
1240 712 1431 784 δένδρα
1476 714 1619 778 τινὰ,
1665 717 1760 769 καὶ

162 792 451 865 βλαστοὺς,
486 797 580 850 καὶ
612 797 768 867 ἄνθη,
801 802 894 852 καὶ
925 800 1077 869 ῥίζας
1098 803 1559 878 προόαλλομένης,
1592 807 1624 879 ἢ
1654 827 1761 881 πη-

159 888 266 956 γὰς
314 890 526 944 ὑδάτων
575 892 1078 967 ἀναϐλυζούσας,ἢ
1126 898 1579 972 ἀπαυγασμάτων
1625 923 1759 976 προ-

157 982 450 1050 αγωγικὰς
494 986 848 1053 φωτογονίας,
903 986 936 1057 ἢ
987 989 1151 1053 ἄλλας
1209 992 1362 1056 τινὰς
1417 994 1757 1067 ὑπερουσίων

159 1072 456 1141 θεολογιῶν
479 1075 880 1147 ὲκφαντορικάς
902 1080 1275 1151 ἱερογραφίας.
1296 1084 1416 1136 Ἐπὶ
1434 1084 1492 1137 δὲ
1507 1086 1615 1139 τῶν
1635 1104 1757 1159 νοη-

155 1163 263 1217 τῶν
279 1164 375 1218 τοῦ
394 1164 529 1217 Θεοῦ
545 1168 829 1234 προνοιῶν,
848 1169 878 1239 ἦ
896 1170 1133 1241 δωρεῶν,
1153 1174 1185 1244 ἢ
1204 1175 1540 1243 ὲκφάνσεων,
1558 1178 1589 1248 ἢ
1607 1179 1758 1233 δυνά-

158 1275 326 1329 μεων,
363 1257 396 1329 ἢ
443 1258 741 1331 ίδιοτήτων,
774 1261 805 1332 ἣ
840 1262 1065 1334 λήξεων,
1086 1266 1117 1336 ἢ
1142 1267 1337 1336 μονῶν,
1369 1268 1400 1340 ἦ
1437 1271 1751 1345 προόδων,ῆ

154 1351 505 1423 διακρίσεων,
536 1352 569 1423 ἢ
605 1351 870 1419 ὲνώσεων,
903 1355 1332 1426 άνδροπλαστίαν
1365 1359 1443 1431 τῷ
1473 1361 1613 1433 Θεῷ,
1660 1364 1754 1416 καὶ

153 1439 383 1511 θηρίων,
417 1442 510 1493 καὶ
541 1440 693 1505 ζώων
727 1444 922 1506 ἄλλων,
959 1448 1050 1499 κα)⁸
1084 1448 1288 1516 φυτῶν,
1325 1451 1417 1503 καὶ
1450 1450 1611 1505 λίθων
1636 1471 1753 1506 ποι-

153 1532 514 1604 ιιιλομορφίαν
543 1535 1015 1608 περιπλαττούσης
1038 1556 1050 1569 ’
1086 1540 1179 1592 καὶ
1208 1541 1447 1613 κόσμους
1478 1544 1629 1615 αὐτῷ
1651 1562 1751 1613 γυ-

154 1626 453 1690 ναικείους,
499 1626 530 1697 ἢ
581 1627 922 1699 βαρϐαρικάς
976 1631 1295 1696 ὁπλοποιίας
1342 1636 1747 1709 περιτιθείσης·

152 1718 245 1771 καὶ
274 1718 572 1787 κεραμίαν,
611 1720 702 1771 καὶ
732 1722 1115 1792 χωνευτήριον,
1147 1723 1222 1787 ώς
1254 1724 1319 1777 ἂν
1355 1724 1609 1798 βαναύσῳ
1641 1730 1750 1782 τινὶ

151 1807 540 1878 προστιθείσης
570 1808 614 1840 ³⁰
641 1826 653 1838 °
688 1811 780 1863 καὶ
813 1811 1012 1875 ἵππους
1044 1813 1216 1884 αὐτῷ,
1248 1817 1342 1869 καὶ
1382 1817 1625 1889 ἅρματα,
1656 1822 1749 1873 καὶ

1866 629 1981 694 dat,
2024 640 2117 684 aut
2155 631 2207 684 in
2244 633 2463 686 modum
2492 634 2678 703 stirpis
2708 636 2822 691 htec
2853 638 2967 707 ipsa
2996 640 3255 712 depingit,
3290 654 3342 699 et
3367 662 3458 700 ar-

1863 722 2024 776 bores
2053 723 2351 791 quasdam,
2382 734 2438 778 et
2474 726 2742 792 surculos,
2770 737 2825 783 et
2856 729 3016 787 flores
3048 741 3213 803 atque
3242 737 3454 795 radices

1861 815 2146 880 proponit;
2174 823 2265 866 aut
2293 812 2472 868 fontes
2513 817 2669 885 aquis
2713 830 3020 887 manantes,
3048 834 3142 876 aut
3176 824 3457 896 lucigcnas

1863 902 2215 972 Splendorum
2238 904 2627 973 fecunditates,
2650 919 2740 962 aut
2759 913 3022 980 quasdam
3047 914 3180 970 alias
3197 932 3456 987 superna-

1862 993 2066 1049 lurales
2082 1010 2267 1050 sacras
2290 1011 2467 1051 rerum
2493 998 2797 1054 divinarum
2825 1004 3231 1072 explanatorias
3249 1010 3455 1063 descri-

1858 1085 2097 1155 ptiones.
2142 1086 2198 1139 lu
2239 1088 2578 1155 spiritalibus
2624 1099 2802 1144 autem
2832 1093 2923 1146 Dei
2955 1095 3339 1165 providentiis,
3368 1099 3453 1153 vel

1860 1180 2017 1235 donis
2056 1181 2137 1234 vel
2170 1181 2724 1251 manifestationibus,
2750 1186 2834 1240 vel
2865 1187 3186 1255 virtutibus,
3213 1200 3306 1244 aut
3330 1208 3455 1261 pro-

1858 1272 2202 1342 prietatibus,
2229 1283 2320 1326 aut
2348 1274 2601 1339 statibus,
2627 1284 2720 1329 aut
2756 1277 3153 1342 mansionibus,
3188 1288 3279 1333 aut
3304 1294 3454 1333 ema-

1859 1362 2197 1428 nationibus,
2220 1372 2311 1416 aut
2334 1366 2753 1431 secretionibus,
2772 1364 2865 1422 aut
2897 1370 3193 1424 uniouibus
3218 1371 3449 1426 formam

1857 1455 1957 1508 viri
1983 1456 2091 1509 Deo
2114 1464 2169 1509 et
2194 1455 2459 1523 ferarum,
2487 1457 2827 1527 aliorumque
2857 1462 3216 1517 animantium
3245 1473 3300 1518 el.
3324 1466 3452 1519 stir-

1856 1543 2003 1613 pium
2029 1553 2193 1614 atque
2219 1545 2457 1617 lapidum
2494 1546 2988 1605 multiformitatcm
3030 1552 3262 1624 amngit;
3317 1555 3450 1623 quin

1855 1637 2019 1691 etiam
2054 1647 2281 1691 ornatus
2306 1637 2623 1706 muliebres,
2655 1651 2711 1694 et
2744 1642 3007 1699 barbaras
3036 1658 3343 1702 armaturas
3372 1650 3448 1704 illi

1854 1727 2249 1797 circumpouit:
2268 1740 2323 1782 et
2347 1729 2587 1799 ligiinam
2608 1731 3099 1805 conﬂatoriamque
3117 1750 3317 1805 artem,
3342 1749 3452 1796 tan-

1854 1833 2015 1886 quam
2046 1819 2230 1887 opilici
2257 1821 2498 1889 cuipiam
2537 1824 2860 1879 mechanico
2884 1828 3167 1890 attribuit;
3202 1841 3256 1885 et
3278 1846 3451 1894 equos

150 1899 374 1971 θρόνους
404 1901 862 1973 ὑποστρωννύσης
882 1921 893 1933 ·
929 1906 1023 1958 καὶ
1049 1905 1236 1970 δαῖτάς
1257 1910 1299 1939 ³¹
1328 1926 1479 1973 τινας
1500 1910 1639 1980 cum:

1967 1953 1980 1975 ,
2000 1921 2287 1979 etcurrus,
2303 1925 2357 1968 et
2375 1915 2533 1969 sedes
2548 1918 2828 1985 supponit,
2848 1927 2904 1971 et
2921 1921 3171 1975 convivia
3199 1925 3445 1992 quadam

153 1992 303 2055 τικὰς
337 1992 381 2025 ³¹
412 1994 901 2067 ἐπισκευαζούσης,
932 2000 1026 2050 καὶ
1056 2001 1370 2065 πεπωκότα,
1404 2004 1498 2056 καὶ
1530 2003 1755 2074 μεθύον-

156 2102 236 2145 τα,
268 2085 367 2139 καὶ
388 2086 761 2151 ὑπνώττοντα,
787 2092 881 2142 καὶ
898 2091 1286 2161 κραιπαλῶντα
1301 2094 1751 2168 διαπλαττούσης.

147 2179 212 2232 Τί
227 2178 292 2231 ἄν
313 2195 398 2241 τις
419 2178 562 2232 είποι
580 2179 679 2243 τὰς
698 2182 888 2253 ὀργὰς,
906 2183 1005 2247 τὰς
1024 2184 1219 2249 λύπας,
1236 2188 1364 2251 τοὺς
1388 2190 1755 2255 παντοδαποὺς

150 2270 364 2341 ὅρκους,
388 2271 487 2335 τὰς
534 2274 915 2345 μεταμελείας,
944 2276 1043 2341 τὰς
1078 2279 1238 2350 ἀράς,
1276 2280 1374 2344 τὰς
1407 2282 1652 2353 μήνιδας,
1685 2284 1753 2336 τά

149 2365 400 2435 πολυειδῆ
421 2367 512 2419 καὶ
527 2366 653 2431 λοξὰ
670 2368 770 2438 τῆς
791 2370 1065 2442 ἁμαρτίας
1085 2372 1191 2425 τῶν
1210 2375 1551 2442 ἐπαγγελιῶν
1576 2378 1755 2446 σοφίσ-

147 2474 315 2528 ματα,
352 2457 450 2529 τὴν
480 2460 537 2511 ἐν
566 2463 632 2531 τῇ
666 2462 881 2515 Γενέσει
902 2467 1353 2536 γιγαντομαχίαν,
1386 2469 1506 2521 καθ’
1539 2472 1604 2540 ἢν
1635 2473 1754 2523 ἐπι-

147 2550 419 2603 δουλεύειν
441 2554 503 2604 ὲκ
535 2553 700 2621 φόϐου
731 2554 950 2623 λέγεται
980 2560 1091 2619 τοῖς
1120 2557 1365 2623 δυνατοῖς
1394 2563 1621 2626 ἐκείνοις
1653 2564 1750 2616 άν-

146 2645 327 2716 δράσι,
352 2647 448 2699 καὶ
475 2646 649 2699 ταῦτα
681 2648 781 2718 τὴν
814 2648 1121 2721 οἰκοδομὴν,
1145 2651 1248 2703 οὑκ
1268 2640 1359 2703 ἐπ”
1377 2653 1561 2724 ἀδικίᾳ
1590 2654 1751 2707 τινῶν

145 2738 371 2809 ἑτέρων,
395 2738 506 2790 ἀλλ’
526 2740 665 2810 ὑπὲρ
696 2740 973 2811 σωτηρίας
993 2741 1094 2810 τῆς
1111 2743 1320 2797 ἑαυτῶν
1355 2762 1644 2816 μεμηχανη
1654 2746 1749 2816 μέ-

145 2846 273 2893 νοις,
300 2831 395 2882 καὶ
424 2830 484 2881 τὸ
508 2830 830 2900 συμϐούλιον
847 2834 1022 2885 ὲκεῖνο
1042 2834 1102 2887 τὸ
1118 2835 1238 2887 κατ’
1255 2837 1484 2907 οὐρανὸν
1505 2840 1599 2892 ἐπὶ
1614 2839 1750 2911 δόλῳ

145 2925 233 2977 καὶ
260 2924 448 2995 ἀπάτῃ
483 2921 575 2976 τοῦ
620 2924 822 2995 Ἀχαάϐ
854 2925 1249 2997 σκευαζόμενον
1268 2928 1313 2959 ³³
1333 2945 1345 2958 ’
1382 2931 1477 2983 καὶ
1504 2930 1605 2994 τὰς
1640 2931 1750 2985 τῶν

144 3015 407 3087 ᾀσμάτων
438 3016 740 3086 προσύλους
786 3018 881 3069 καὶ
927 3019 1207 3090 ἑταιρικάς
1236 3020 1626 3087 πολυπαθείας,
1658 3024 1750 3077 καὶ¹

143 3111 239 3163 ὅσα
270 3109 409 3164 ἄλλα
441 3109 541 3179 τῆς
569 3111 747 3163 πάντα
775 3111 1061 3183 τολμώσης
1090 3114 1206 3166 ἐστὶ
1237 3113 1598 3179 θεοπλαστίας
1630 3117 1749 3188 ἱερὰ

144 3201 469 3271 συνθήματα
521 3203 817 3273 φαινόμενα
866 3203 973 3258 τῶν
1033 3206 1277 3277 κρυφίων
1328 3206 1746 3279 προϐεϐλημένα

1856 2005 2034 2074 epulis
2076 2006 2342 2060 instructa
2373 2018 2625 2077 apparat,
2655 2020 2823 2079 atque
2847 2012 3122 2067 bibentem
3142 2018 3447 2082 etebrium,

1856 2105 1912 2149 et
1960 2095 2436 2150 durmiturientem
2487 2112 2549 2151 ac
2606 2099 2984 2169 crapulantem
3029 2102 3271 2157 exhibet.
3308 2103 3448 2171 Quid

1857 2186 2055 2240 attinet
2085 2186 2269 2240 dicere
2292 2186 2425 2251 iras,
2456 2186 2691 2250 dolores,
2728 2189 2876 2241 varia
2904 2188 3241 2259 juramenta,
3276 2193 3451 2259 patui-

1860 2279 2061 2333 tentias
2101 2278 2268 2348 609
2298 2287 2353 2332 et
2390 2279 2803 2335 maledictiones
2828 2319 2844 2345 ,
2880 2280 2994 2335 iras
3033 2281 3364 2336 inveteratas
3393 2292 3449 2336 et

1857 2370 2210 2439 multiplices,
2242 2378 2300 2425 et
2328 2370 2583 2441 obliquas
2620 2373 2860 2428 rationes
2889 2372 3186 2429 frustrandi
3213 2375 3449 2442 promis-

1855 2464 2071 2529 siones;
2108 2464 2237 2518 item
2286 2464 2434 2517 illam
2485 2465 2538 2518 in
2591 2464 2789 2520 Genesi
2833 2481 2955 2519 cum
2987 2466 3297 2537 gigantibus
3343 2483 3445 2537 pu-

1855 2572 2039 2627 gnam,
2066 2557 2120 2610 in
2139 2572 2244 2626 qua
2265 2556 2467 2612 dicitur
2490 2558 2634 2614 Deus
2664 2558 2902 2615 robustis
2930 2559 3037 2614 illis
3062 2559 3197 2614 viris
3221 2568 3447 2630 propter

1856 2659 2060 2703 metum
2097 2650 2421 2716 insidiatus,
2458 2666 2582 2705 cum
2618 2652 2881 2722 alioquin,
2930 2670 3037 2709 non
3081 2664 3139 2709 ut
3177 2654 3314 2709 alios
3356 2654 3449 2709 la:-

1855 2744 2068 2808 derent,
2104 2744 2201 2797 sed
2238 2752 2299 2795 ut
2330 2758 2389 2797 se
2421 2743 2729 2799 incolumes
2760 2756 3073 2811 servarent,
3110 2747 3245 2801 illud
3269 2747 3445 2800 aedili-

1853 2837 1997 2891 cium
2048 2838 2219 2892 moliti
2256 2845 2441 2893 essent
2473 2855 2485 2890 :
2519 2844 2574 2890 et
2607 2835 2904 2890 concilium
2953 2837 3084 2891 illud
3113 2838 3167 2890 in
3198 2838 3341 2892 cosio
3377 2839 3444 2891 ad

1853 2925 2238 2995 decipiendum
2267 2926 2457 2980 Achab
2496 2924 2825 2979 fabricatum
2858 2922 2910 2991 l;
2943 2935 2996 2980 et
3023 2926 3143 2981 illas
3190 2926 3447 2981 Cantico-

1857 3034 1973 3070 rum
2010 3019 2176 3073 veluti
2220 3032 2518 3088 corporeas
2568 3030 2624 3073 et
2669 3018 3020 3074 meretricias
3055 3018 3341 3075 illecebras
3370 3029 3440 3076 ἰ

1851 3120 2274 3181 etquazcunque
2310 3112 2415 3166 alia
2462 3126 2621 3167 sacra
2667 3113 2822 3181 signa
2868 3113 2926 3166 in
2976 3113 3089 3167 Deo
3122 3114 3316 3167 audaci
3379 3114 3445 3166 ll-

1853 3206 2036 3259 ctioue
2057 3203 2275 3270 format,
2300 3206 2546 3271 potentia
2568 3205 2829 3271 occultis;
2862 3205 3220 3274 multiplicata
3242 3216 3297 3261 et
3318 3221 3445 3275 par-

144 3295 236 3347 καὶ
286 3292 760 3364 πεπληθυσμένα,
795 3295 890 3347 καὶ
937 3273 1168 3366 μεριστά
1217 3297 1325 3350 τῶν
1373 3273 1623 3353 ὴὲνιαίων.

1980 3296 2316 3366 simplicibus
2343 3308 2506 3366 atque
2538 3297 2831 3353 individuis
2878 3273 3159 3368 figurativa
3206 3311 3263 3354 et
3306 3301 3444 3354 mul-

142 3388 479 3458 ἀμερίστων,
507 3388 599 3439 καὶ
629 3387 936 3451 τυπωτικὰ,
967 3390 1061 3442 καὶ
1091 3389 1419 3462 πολύμορφα
1447 3391 1554 3445 τῶν
1574 3393 1746 3464 ἀμορ-

143 3478 340 3548 φώτων
373 3480 469 3531 καὶ
495 3478 828 3533 άτυπώτων·
866 3474 941 3534 ὧν
970 3481 1025 3532 εἴ
1066 3500 1152 3545 τις
1202 3483 1326 3536 ἰδεῖν
1365 3485 1617 3558 δυνηθείη
1648 3488 1745 3559 τὴν

141 3571 294 3635 ἐντὸς
326 3572 611 3643 ὰποκεκρυ
633 3572 831 3643 ιμένην
866 3574 1221 3645 εὐπρέπειαν,
1254 3578 1474 3649 εὑρήσει
1511 3582 1746 3650 μυστικά

142 3664 235 3718 καὶ
266 3663 476 3735 θεοειδῆ
506 3666 707 3725 πόντα,
738 3667 831 3719 καὶ
868 3666 1064 3718 πολλοῦ
1098 3668 1191 3721 τοῦ
1224 3668 1535 3739 θεολογικοῦ
1572 3674 1748 3741 φωτὸς

140 3756 615 3834 ἀναπεπλησμένα
670 3758 761 3829 Μὴ
792 3759 901 3830 γάρ
931 3758 1170 3829 οἰώμεθα
1200 3761 1269 3813 τὰ
1313 3764 1609 3834 φαινόμενα
1639 3766 1745 3818 τῶν

144 3826 508 3921 συνθημάτων
543 3851 685 3924 ὑπὲρ
715 3852 921 3905 ἑαυτῶν
952 3852 1388 3917 ἀναπεπλάσθαι,
1440 3856 1744 3927 προϐεϐλῆ-

144 3941 267 3994 σθαι
280 3942 339 3994 δὲ
350 3942 451 4013 τῆς
464 3943 572 3995 ἀπο
580 3945 611 4014 ρ
619 3946 783 4014 {Siron
806 3946 899 3997 καὶ
917 3944 1145 3998 ἀθεάτου
1167 3950 1279 4009 τοῖς
1295 3946 1508 4011 πολλοῖς
1526 3949 1745 4019 ἐπιστή-

146 4053 271 4107 μης,
288 4036 365 4100 ὡς
380 4034 454 4107 μὴ
469 4037 641 4108 τοῖς,³⁵
660 4036 908 4108 βῖὸήλοις
928 4038 1227 4110 εὑχείρωτα
1246 4034 1383 4092 εἶναι
1403 4040 1471 4093 τά
1490 4041 1742 4111 πανίερα·

145 4128 327 4197 μόνοις
354 4128 411 4181 δὲ
442 4130 914 4183 ἀνακαλύπτεσθαι
953 4135 1066 4193 τοῖς
1111 4132 1211 4201 τῆς
1242 4134 1517 4205 ὁσιότητος
1534 4135 1578 4164 ³⁵
1614 4150 1741 4205 γνη-

145 4222 277 4286 σίοις
308 4223 585 4293 ἐρασταῖς,
618 4224 691 4287 ὡς
734 4225 912 4276 πᾶσαν
945 4224 1042 4295 τὴν
1073 4225 1406 4298 παιδαριώδη
1444 4227 1746 4295 φαντασίαν

141 4315 166 4365 ὲ
175 4316 235 4367 πὶ
250 4314 359 4367 τῶν
380 4316 423 4367 ἱε
434 4315 539 4385 ρῶν
560 4333 623 4367 συ
633 4316 705 4386 μϐ
714 4316 735 4368 5
745 4318 843 4369 λων
866 4317 1207 4381 ἀποσκευαζο
1215 4320 1414 4389 μένοις,
1428 4320 1519 4371 καὶ
1543 4320 1747 4383 ἱκανοῖς

142 4406 441 4460 διαϐαίνειν
476 4408 737 4479 ἁπλότητι
770 4408 863 4462 νοῦ
894 4448 908 4471 ,
956 4411 1048 4462 καὶ
1093 4410 1433 4483 θεωρητικῆς
1463 4411 1746 4482 δυνάμεως

143 4500 567 4570 ἐπιτηδειότητι,
582 4502 719 4572 πρὸς
740 4501 838 4574 τὴν
858 4501 1055 4571 ἁπλῆν,
1071 4504 1165 4555 καὶ
1183 4504 1459 4576 ὑπερφυῆ,
1478 4506 1572 4557 καὶ
1588 4506 1745 4575 ὑπερ-

1853 3388 2131 3454 tiformia,
2178 3390 2363 3459 liguraa
2409 3390 2712 3460 formaeque
2760 3391 3077 3461 expertibus
3123 3392 3439 3458 obducens;

1849 3496 2082 3550 quorum
2113 3482 2578 3550 pulchritudinem
2624 3485 2771 3538 intus
2807 3486 3066 3540 latentem
3101 3485 3147 3541 si
3188 3486 3312 3555 quis
3361 3488 3441 3540 in-

1853 3572 1991 3625 tueri
2036 3574 2229 3641 possit,
2266 3577 2503 3643 reperiet
2544 3577 2727 3629 omnia
2780 3577 3010 3644 mystica
3061 3585 3116 3629 et
3164 3577 3347 3631 divina
3386 3588 3443 3632 et

1851 3665 2025 3720 multo
2055 3665 2264 3720 lumine
2294 3666 2600 3735 theologico
2629 3672 2855 3737 repleta.
2882 3667 3068 3737 Neque
3092 3684 3221 3722 vero
3251 3670 3442 3724 existi-

1852 3768 2066 3808 memus
2112 3755 2265 3825 signa
2317 3756 2618 3811 formarum
2660 3762 3038 3828 apparentium
3088 3775 3187 3813 sua
3230 3769 3439 3814 tantum

1850 3860 2013 3900 causa
2059 3856 2116 3899 et
2150 3847 2367 3901 ratione
2417 3846 2593 3902 ellicta
2647 3863 2791 3917 esse,
2847 3852 2941 3904 sed
2994 3850 3172 3918 potius
3225 3851 3441 3921 integu-

1850 3948 2037 3993 menta
2070 3953 2196 3994 esse
2240 3940 2487 3995 scientiae
2530 3954 2785 4005 arcanze,
2837 3952 2893 3994 et
2944 3942 3103 4013 vulgo
3154 3943 3437 3997 hominum

1849 4033 2097 4099 occultae,
2128 4043 2271 4087 utea
2301 4049 2422 4102 qua:
2449 4034 2796 4089 sanctissima
2845 4047 2991 4097 sunt,
3025 4050 3133 4089 non
3170 4037 3280 4089 sint
3312 4050 3440 4105 pro-

1850 4125 1993 4181 fanis
2044 4126 2229 4182 facilia
2282 4127 2348 4180 ad
2400 4126 2842 4197 intelligendum;
2899 4128 2996 4183 sed
3037 4137 3248 4182 tantum
3313 4145 3441 4185 vere

1849 4220 2109 4275 studiosis
2162 4220 2476 4274 sanctitatis
2513 4220 2879 4289 ,aperiantur,
2930 4229 3120 4290 utpote
3164 4222 3440 4287 expeditis

1850 4315 1917 4367 ab
1948 4313 2097 4367 omni
2131 4313 2327 4381 puerili
2364 4312 2701 4383 cogitatione
2741 4313 2795 4366 iu
2838 4315 3012 4368 sacris
3059 4316 3345 4386 symbolis,
3384 4328 3440 4373 et

1848 4404 1941 4473 qui
1977 4406 2320 4475 aciemeutis
2353 4415 2408 4460 et
2434 4404 2638 4474 ingenii
2662 4403 2926 4461 facultate
2956 4407 3025 4461 ad
3055 4408 3437 4479 contemplan-

1850 4499 1977 4553 dum
2010 4497 2232 4560 idonea,
2266 4498 2552 4551 veritatem
2594 4498 2931 4568 simplicem,
2975 4509 3031 4556 et
3074 4517 3239 4571 supra
3276 4512 3440 4557 natu-

148 4594 259 4667 ιδρυ
269 4595 441 4666 μένην
456 4596 561 4648 τῶν
581 4613 642 4647 συ
652 4595 861 4666 μϐὀλων
882 4593 1155 4664 ἀλήθειαν.
1177 4596 1382 4660 Ἀλλως
1400 4614 1459 4649 τε
1480 4598 1571 4649 καὶ
1589 4614 1637 4649 τι

1948 4606 1971 4642 ιι
1997 4590 2367 4661 symbolorum
2415 4590 2766 4656 collocatam,
2810 4594 3030 4663 assequi
3060 4595 3294 4660 possint.
3319 4597 3437 4651 Ca:-

146 4688 398 4757 ὲννοῆσαι
432 4687 558 4759 χρὴ,
593 4688 653 4740 τὸ
683 4688 863 4761 διττὴν
897 4683 1034 4740 εἶναι
1064 4688 1162 4759 τὴν
1190 4690 1297 4741 τῶν
1328 4688 1591 4754 θεολόγων
1636 4707 1740 4742 πα-

149 4780 383 4851 ράδοσιν,
418 4780 516 4851 τὴν
567 4783 665 4852 μὲν
714 4781 1027 4854 ἀπόρρητον
1074 4783 1168 4835 καὶ
1224 4782 1512 4853 μυστικὴν,
1555 4781 1653 4851 τὴν
1684 4780 1740 4832 δὲ

148 4873 367 4942 ἐμφανῆ
399 4875 493 4925 καὶ
524 4875 951 4949 γνωριμωτέραν
971 4891 984 4903 ·
1022 4875 1115 4926 καὶ
1146 4873 1244 4944 τὴν
1277 4873 1375 4943 μὲν
1411 4871 1741 4942 συμϐολικὴν

146 4964 601 5035 καὶτελεστικὴν,
636 4967 733 5036 τὴν
764 4966 819 5021 δὲ
866 4966 1152 5038 φιλόσοφον
1194 4966 1287 5019 καὶ
1334 4964 1737 5035 ἀποδεικτικὴν,

144 5058 235 5108 καὶ
270 5057 684 5128 συμπέπλεκται
714 5059 789 5129 τῷ
824 5060 974 5130 ῥητῷ
1016 5060 1078 5112 τὸ
1123 5059 1377 5130 ἄρρητον.
1412 5058 1520 5110 Καὶ
1548 5058 1609 5109 τὸ
1644 5058 1741 5126 μὲν

148 5149 320 5202 πείθει
354 5149 450 5202 καὶ
484 5150 795 5204 καταδεῖται
826 5152 934 5207 τῶν
978 5152 1285 5223 λεγομένων
1316 5152 1415 5223 τὴν
1458 5149 1737 5221 ἀλήθειαν,

145 5241 202 5293 τὸ
229 5242 285 5296 δὲ
330 5242 435 5313 δρᾷ
476 5244 569 5294 καὶ
604 5244 834 5314 ὲνιδρύει
863 5246 924 5315 τιξ
969 5244 1086 5316 Θεῷ
1132 5247 1252 5308 ταῖς
1282 5244 1585 5305 ἀδιδάκτοις
1636 5261 1737 5312 μυ-

148 5336 503 5404 σταγωγίαις.
537 5337 644 5388 Καὶ
681 5336 785 5406 μὴν
813 5336 932 5389 οὑδὲ
967 5338 1105 5392 κατά
1148 5338 1246 5400 τάς
1274 5337 1381 5390 τῶν
1417 5334 1734 5405 ἁγιωτάτων

225 5538 243 5572 ι
276 5532 343 5588 lll
370 5532 507 5605 Reg.
539 5550 691 5588 χχχι.
770 5543 807 5569 η’
841 5537 995 5589 (Laut.
1036 5553 1081 5587 iv
1113 5545 1165 5589 ct
1197 5552 1248 5589 γ.

1853 4695 2030 4737 terum
2061 4682 2162 4737 hoc
2187 4683 2586 4737 advertendum
2640 4692 2743 4751 est,
2780 4683 3051 4751 duplicem
3094 4702 3218 4742 esse
3265 4690 3438 4743 tradi-

1851 4777 2057 4830 tionem
2111 4776 2524 4847 theologorum,
2571 4793 2739 4832 unam
2785 4778 3003 4847 quidem
3072 4795 3330 4835 arcanam
3382 4792 3435 4837 et

1851 4867 2158 4936 mysticam,
2185 4868 2413 4922 alteram
2440 4883 2567 4923 vero
2597 4881 2850 4939 apertam
2880 4881 2935 4925 et
2965 4873 3432 4941 manifestiorem;

1853 4958 1999 5011 illam
2041 4960 2258 5028 quidem
2310 4960 2668 5032 symbolicam
2722 4973 2777 5018 et
2832 4963 2899 5018 ad
2953 4967 3212 5035 mysteria
3268 4969 3436 5036 perti-

1856 5063 2097 5119 neutem,
2138 5054 2277 5107 hanc
2329 5070 2460 5109 vero
2494 5056 2924 5126 philosophicam
2955 5076 3018 5115 ac
3046 5059 3435 5116 demonstran-

1853 5154 1989 5211 tem;
2019 5155 2213 5216 estque
2240 5162 2498 5201 arcanum
2523 5164 2647 5203 cum
2676 5161 2869 5218 aperto
2894 5167 3227 5207 connexum.
3254 5158 3432 5225 Atque

1849 5240 1953 5294 hoc
1982 5240 2199 5309 quidem
2246 5240 2405 5295 fidem
2452 5240 2605 5309 facit,
2633 5254 2688 5297 et
2730 5244 2985 5315 astringit
3017 5248 3304 5302 veritatem
3334 5263 3431 5301 eo-

1845 5351 1961 5388 rum
1988 5350 2112 5403 qum
2149 5336 2429 5402 dicuntur,
2470 5336 2597 5390 illud
2624 5351 2755 5393 vero
2783 5335 2947 5394 efﬁcit
2977 5350 3032 5395 et
3084 5340 3136 5395 in
3185 5342 3315 5405 Deo,
3362 5341 3430 5397 iis

1464 5650 1698 5706 VARUE
1742 5650 2134 5712 LECTIONES.

252 5796 295 5826 ³ο
328 5793 705 5865 προτιθείσης,
742 5792 804 5846 ll.
849 5795 905 5848 S.
948 5795 1005 5849 l".

152 5864 207 5918 ll.
324 5866 366 5896 ³⁸
394 5866 491 5931 τῆς
525 5864 800 5933 θεότητος,
843 5867 898 5919 S.
928 5866 1010 5920 Ἰ).

1165 5796 1203 5827 ³¹
1240 5797 1472 5862 διαίτας,
1522 5800 1578 5855 S.

1696 5801 1736 5835 ³⁵
1766 5802 2031 5871 όψοιϊκάς,
2064 5802 2118 5857 S.
2158 5802 2213 5857 Ρ.

2356 5803 2396 5834 ³³
2428 5802 2984 5872 κατασκευαζόμενον.
3098 5804 3137 5831 ³³
3164 5802 3295 5871 μηδὲ
3323 5802 3426 5862 τοῖς
