3772 6296
365 342 502 400 1107

1542 350 1596 407 S.
1632 352 1934 411 DIONYSII
1970 359 2436 419 AREOPAGITIE

3512 375 3645 434 “08

363 473 486 563 qua:
510 473 627 561 non.
643 459 934 562 docentur,
969 460 1400 563 institutionibus
1430 465 1632 526 ﬁrmat.
1655 471 1818 543 Atqui
1846 491 1946 532 nec
1974 483 2020 540 Α
2053 484 2367 554 μυστηρίων
2396 501 2411 534 π

2089 484 2367 554 πυστηρίων
2396 483 2636 550 τελετὰς,
2671 485 2720 538 οἱ
2748 487 2845 559 τῆς
2876 486 2999 541 καθ’
3021 489 3188 561 ἡμᾶς,
3221 487 3256 559 ἢ
3292 488 3398 559 τῆς
3421 492 3647 563 νομικῆς

362 549 418 602 in
453 549 815 604 sanctissimis
842 553 1116 620 mysteriis
1163 557 1338 610 sancti
1372 561 1621 629 magistri
1661 564 1778 619 sive
1838 581 1948 623 no-

362 639 891 697 straesiveMosaicm
917 644 1216 716 disciplinae
1247 662 1277 702 a
1308 652 1570 721 symbolis
1606 655 1714 710 Deo
1743 672 1946 715 conve-

362 733 665 799 nientibus,
699 735 1126 804 abstinuerunt;
1159 741 1289 810 quin
1331 745 1510 813 potius
1557 747 1805 806 videmus
1849 767 1948 806 au-

358 830 507 899 gelos
557 830 705 884 omni
757 833 1052 887 sanctitate
1098 834 1327 904 plenos,
1371 853 1469 906 per
1517 846 1804 912 aenigmata
1855 860 1946 902 res

359 921 575 976 divinas
603 924 832 994 mystice
858 940 1132 994 promere,
1160 937 1216 982 et
1245 927 1430 984 .lesum
1460 931 1513 986 in
1547 935 1851 1004 parabolis,
1880 938 1948 992 de

357 1013 560 1069 divinis
593 1015 762 1085 loqui,
816 1031 881 1071 ac
933 1017 1128 1073 deiﬁca
1177 1033 1524 1079 sacramenta
1572 1040 1672 1094 per
1707 1028 1946 1097 typicum

355 1123 560 1166 mensae
593 1123 918 1180 apparatum
957 1116 1198 1171 tradere.
1232 1115 1338 1173 Par
1367 1117 1511 1173 enim
1562 1131 1702 1186 erat,
1735 1132 1796 1176 ut
1840 1137 1947 1177 non

357 1204 531 1259 solum
558 1203 761 1264 Sancta
793 1217 1110 1265 sanctorum
1139 1226 1497 1268 servarentur
1532 1217 1689 1288 vulgo
1714 1221 1946 1276 inteme-

358 1305 520 1361 rata,
581 1300 681 1353 sed
734 1309 794 1357 ut
841 1301 956 1370 ipsa
991 1302 1098 1356 vita
1149 1304 1427 1373 humana,
1474 1325 1595 1380 qua:
1665 1312 1948 1368 individua

356 1391 518 1447 simul
569 1400 624 1448 et
671 1392 889 1448 dividua
945 1409 1064 1464 εει,
1117 1398 1291 1454 lucem
1357 1401 1552 1456 divinae
1618 1404 1948 1470 cognitionis

356 1485 748 1542 convenienter
779 1489 886 1544 sibi
919 1500 1176 1560 caperet;
1215 1502 1270 1547 et
1317 1507 1379 1547 ea
1432 1509 1559 1562 pars
1600 1496 1796 1551 animae
1828 1514 1948 1568 quae

355 1590 384 1625 ει
420 1574 667 1643 patiendi
722 1579 1054 1636 necessitate
1110 1582 1281 1639 libera
1333 1594 1450 1652 est,
1501 1588 1843 1658 simplicibus
1893 1600 1948 1646 et

356 1662 567 1721 intimis
591 1666 902 1725 divinarum
940 1671 1235 1742 imaginum
1264 1677 1550 1745 speciebus
1579 1682 1951 1754 contemplan-

356 1756 442 1813 dis
494 1759 884 1833 destinaretur,
922 1765 1013 1832 illa
1070 1783 1199 1823 vero
1246 1784 1366 1838 quae
1418 1773 1766 1839 passionibus
1819 1776 1949 1831 sub-

356 1847 501 1917 iecta
540 1861 647 1921 est,
685 1865 742 1911 ut
775 1867 987 1913 natura:
1007 1861 1173 1932 610
1195 1861 1312 1927 ejus
1344 1867 1626 1933 convenit,
1661 1879 1949 1922 curaretur

357 1942 544 2011 simul,
581 1955 636 2003 et
668 1948 721 2005 in
757 1949 1131 2009 divinissimas
1165 1970 1256 2011 res
1287 1971 1386 2025 per
1440 1960 1617 2029 typica
1666 1960 1941 2031 symbolo,

357 2036 439 2091 eis
472 2038 770 2096 artificiose
803 2043 1044 2100 abducta
1076 2049 1514 2115 protenderctur,
1540 2061 1597 2104 ut
1629 2053 1716 2108 cui
1753 2053 1944 2108 istius-

357 2128 498 2183 modi
556 2129 926 2204 integumenta
994 2149 1227 2208 cognata
1291 2141 1439 2208 sint,
1483 2146 1941 2212 quemadmodum

358 2218 658 2287 declarant,
694 2222 860 2278 etiam
915 2225 1034 2294 qui,
1071 2229 1258 2283 audita
1291 2243 1483 2300 aperta
1518 2234 1784 2305 theologia
1817 2237 1939 2294 sine

2054 573 2404 645 παραδόσεως
2452 576 2791 648 ἱερομύσται,
2835 579 2944 634 τῶν
2993 578 3318 652 θεοπρεπῶν
3351 581 3647 654 ἀπέσχοντο

2052 665 2336 736 συμϐόλων
2354 684 2367 698 ⁸
2404 668 2538 726 ἀλλὰ
2587 671 2680 725 καὶ
2724 672 2851 734 τοὺς
2897 671 3342 744 πανιερωτάτους
3389 673 3646 743 ἀγγέλους

2048 757 2114 811 δι’
2145 761 2483 834 αἰνιγμάτων
2511 761 2580 816 τὰ
2601 761 2719 816 θεῖα
2745 765 3022 835 μυστικῶς
3043 765 3394 836 προάγοντας
3412 768 3641 839 ὁρῶμεν,

2050 852 2144 907 καὶ
2192 853 2356 907 αὐτὸν
2398 855 2442 886 ³³
2489 856 2696 927 Ἰησοῦν
2742 858 2802 910 ἐν
2858 857 3206 932 ,παραϐολαῖς
3267 858 3640 929 θεολογοῦντα,

2050 946 2142 1000 καὶ
2173 946 2242 999 τὰ
2274 947 2507 1020 θεουργά
2540 952 2810 1023 μυστήρια
2840 952 3205 1023 παραδιδόντα
3225 952 3317 1006 διὰ
3345 954 3640 1026 ωπικῆςπ

2049 1039 2468 1108 τραπεζώσεως.
2504 1044 2614 1099 Καὶ
2639 1043 2748 1114 γὰρ
2793 1040 2860 1116 ἦν
2889 1045 3056 1109 εἰκὸς,
3105 1047 3168 1100 οὐ
3205 1047 3370 1118 μόνον
3409 1047 3645 1119 ἀχραντα

2049 1135 2162 1196 τοῖς
2197 1133 2411 1198 πολλοῖς
2439 1136 2821 1192 ἀποσεσῶσθαι
2853 1137 2922 1190 τὰ
2953 1139 3122 1207 ’Ἅγια
3152 1140 3266 1192 τῶν
3297 1138 3500 1208 ἀγίων,
3523 1140 3641 1194 ἀλλὰ

2049 1227 2144 1279 καὶ
2193 1225 2324 1280 αὐτὸ
2374 1227 2472 1299 τὴν
2507 1227 2552 1260 ³⁸
2601 1229 2946 1301 ἀνθρωπίνην
2996 1231 3142 1302 ζωὴν
3190 1233 3496 1304 ἀμέριστον
3543 1234 3640 1304 ἅμα

2050 1316 2143 1370 καὶ
2179 1318 2442 1390 μεριστὴν
2471 1321 2843 1393 ὑπάρχουσαν,
2878 1324 3095 1387 οἰκείως
3142 1324 3315 1397 ἑαυτῇ
3363 1324 3470 1389 τὰς
3511 1325 3639 1390 θείας

2050 1409 2422 1482 ὲλλάμπεσθαι
2453 1413 2712 1483 γνὼσεις’
2748 1417 2841 1470 καὶ
2871 1417 2931 1470 τὸ
2966 1417 3063 1488 μὲν
3092 1418 3308 1482 ἀπαθὲς
3331 1419 3438 1489 τῆς
3456 1419 3641 1491 ψυχῆς,

2050 1501 2130 1562 εἰς
2161 1500 2228 1554 τὰ
2261 1502 2409 1558 ἁπλᾶ
2441 1505 2535 1558 καὶ
2581 1505 2840 1559 ὲνδότατα
2875 1506 2984 1559 τῶν
3022 1506 3274 1562 θεοειδῶν
3321 1509 3645 1582 ἀγαλμάτων

2050 1592 2306 1664 ἀφορίσαι
2355 1594 2641 1666 θεάματα’
2691 1597 2753 1650 τὸ
2803 1598 3103 1669 παθητικὸν
3149 1600 3208 1653 δὲ
3259 1601 3469 1672 αὐτῆς,
3523 1618 3649 1672 συμο

2052 1683 2203 1754 φυῶς
2233 1687 2557 1758 θεραπεύειν
2591 1690 2708 1761 ἅμα
2739 1692 2834 1745 καὶ
2866 1691 3166 1746 ἀνατείνειν
3200 1693 3298 1746 ἐπὶ
3345 1693 3417 1745 τὰ
3451 1694 3645 1747 θειότα-

2049 1794 2138 1842 τα,
2172 1782 2284 1842 τοῖς
2318 1783 2910 1854 προμεμηχανημένοις
2938 1784 3048 1839 τῶν
3093 1786 3349 1839 τυπικῶν
3378 1787 3423 1819 ³³
3457 1788 3628 1857 συμϐό

1981 1904 2024 1959 Β
2050 1869 2158 1924 λων
2206 1873 2606 1944 ἀναπλασμοῖς,
2652 1877 2728 1940 ὡς
2772 1877 3009 1948 συγγενῆ
3062 1877 3131 1931 τά
3182 1877 3416 1931 τοιαῦτα
3449 1880 3643 1949 πέφυκε

2053 1967 2556 2038 παραπετάσματα,
2594 1971 2691 2024 καὶ
2721 1971 2970 2042 δηλοῦσιν
3015 1973 3154 2035 ὅσοι,
3189 1973 3292 2026 καὶ
3340 1973 3647 2044 προκαλυμο

2055 2055 2242 2125 μάτων
2276 2059 2434 2122 ἐκτὸς
2462 2060 2739 2132 θεολογίας
2771 2064 2976 2132 σαφοῦς
3007 2065 3336 2135 ἀκηκοότες,
3356 2067 3416 2118 ἐν
3448 2066 3644 2121 ἑαυτοῖς

2049 2148 2452 2207 ἀναπλάττουσι
2481 2154 2652 2207 τύπον
2680 2155 2804 2209 τινὰ
2836 2156 2972 2227 πρὸς
2990 2155 3089 2227 τὴν
3117 2156 3311 2229 νόησιν
3341 2157 3539 2220 αὐτοὺς
3557 2156 3638 2227 τῆς

2010 2256 2015 2261 '
2046 2241 2344 2314 εἰρημένης
2377 2244 2654 2315 θεολογίας
2681 2249 3150 2320 χειραγωγοῦντα.

355 2314 674 2386 involucris,
727 2318 989 2392 ellingunt
1037 2322 1091 2380 in
1125 2338 1185 2380 se
1218 2335 1402 2397 typum
1436 2331 1764 2399 quemdam,
1798 2334 1888 2403 qui
1923 2334 2046 2391 illos
2079 2339 2147 2393 ad
2180 2339 2455 2407 praedictae
2489 2314 2782 2414 theologia.
2819 2314 3238 2416 intelligentiam
3297 2346 3633 2402 manuducat.

1915 2452 1942 2525 ς
1986 2450 2065 2512 ιι.

427 2589 571 2658 Quin
602 2597 656 2646 et
688 2589 862 2661 ipsius
892 2606 1111 2663 quoque
1136 2593 1323 2648 mundi
1351 2595 1701 2666 aspectabilis
1732 2595 1946 2652 fabrica

353 2683 724 2749 invisibilibus
743 2686 834 2740 Dei
873 2686 1111 2742 obducta
1137 2695 1244 2752 est,
1291 2687 1435 2743 sicut
1475 2689 1681 2745 Paulus
1704 2691 1778 2758 ζει
1816 2705 1948 2745 vera

360 2777 500 2832 ratio
526 2786 781 2836 testatur.
807 2779 1178 2848 Quamobrem
1207 2781 1373 2836 etiam
1407 2783 1646 2854 theologi
1692 2783 1798 2838 alia
1823 2785 1946 2853 qui-

360 2871 479 2926 dem
516 2873 756 2929 civiliter
803 2874 1164 2944 legaliterque
1211 2875 1594 2940 considerant,
1653 2875 1759 2930 alia
1811 2891 1944 2932 vero

360 2977 493 3033 pure
535 2975 594 3020 et
647 2966 1023 3034 intemerate;
1061 2976 1228 3036 atque
1282 2967 1376 3022 illa
1427 2969 1648 3038 quidem
1697 2970 1941 3025 humano

360 3073 649 3141 medioque
673 3071 858 3134 modo,
890 3068 1006 3126 hmc
1031 3078 1215 3123 autem
1264 3070 1698 3138 supramundiali
1730 3087 1796 3126 ac
1821 3087 1946 3142 per-

360 3166 525 3222 l'ccto.
554 3164 736 3234 Atque
763 3161 1040 3216 interdum
1067 3162 1288 3231 quidem
1330 3176 1396 3217 ex
1435 3165 1824 3232 apparentibus
1866 3165 1946 3220 le-

2128 2604 2239 2658 Ka‘t
2267 2604 2406 2679 αὐτὴ
2430 2605 2487 2662 δὲ
2516 2606 2615 2662 τοῦ
2648 2607 2976 2678 φαινομένου
3007 2606 3213 2672 παντὸς
3248 2609 3284 2681 ἡ
3316 2609 3637 2680 κοσμουργξσ

2053 2697 2163 2753 τῶν
2201 2699 2450 2771 ἀοράτων
2487 2700 2582 2754 τοῦ
2625 2701 2764 2754 Θεοῦ
2809 2702 3200 2774 προϐέϐληται,
3227 2701 3492 2772 καθάπερ
3527 2704 3638 2771 φησὶ

2051 2790 2266 2854 Παῦλός
2289 2808 2348 2843 τε
2372 2793 2464 2845 καὶ
2492 2793 2520 2846 ὁ
2544 2791 2748 2864 ἀληθὴς
2779 2792 2956 2862 λόγος.
2989 2792 3081 2846 Διὸ
3106 2794 3204 2846 καὶ
3232 2794 3284 2845 οἱ
3317 2792 3558 2860 θεολόγοι
3584 2791 3637 2844 τὰ

2052 2885 2152 2957 μὲν
2184 2886 2477 2950 πολιτικῶς
2520 2888 2614 2940 καὶ
2659 2887 2901 2956 ἐννόμως
2939 2884 3336 2951 ἐπισκοποῦσι,
3379 2885 3448 2938 τά
3476 2887 3531 2938 δὲ
3556 2902 3638 2937 κα-

2048 2980 2320 3049 θαρτικῶς
2348 2982 2442 3036 καὶ
2458 2981 2762 3053 ἀχράντως,
2777 2982 2874 3037 καὶ⁸
2891 2981 2960 3036 τά
2985 2982 3081 3052 μὲν
3102 2979 3480 3052 ἀνθρωπικῶς
3503 2978 3543 3010 ⁸⁸
3561 2979 3637 3030 καὶ

2061 3074 2260 3143 μέσως,
2288 3074 2356 3128 τὰ
2381 3075 2437 3128 δὲ
2469 3074 2856 3145 ὑπερκοσμίως
2890 3073 2985 3128 καὶ
3011 3073 3505 3145 τελεσιουργικῶς.
3544 3071 3640 3125 Καὶ

2053 3169 2176 3220 τοτὲ
2223 3168 2320 3236 μὲν
2359 3167 2467 3220 ἀπὸ
2501 3168 2608 3220 τῶν
2650 3167 2828 3239 νόμων
2861 3167 2969 3220 τῶν
3015 3166 3396 3237 φαινομένων,
3444 3165 3558 3218 τοτὲ
3592 3161 3639 3215 δὲ

360 3256 539 3326 gibus,
580 3253 854 3309 interdum
892 3267 1024 3307 vero
1069 3267 1139 3308 ex
1184 3251 1418 3306 occultis
1464 3253 1735 3319 oraculis,
1787 3263 1948 3324 prout
1977 3293 2020 3351 ο
2054 3261 2162 3315 ἀπὸ
2183 3262 2291 3315 τῶν
2314 3263 2411 3331 ἀφε

2089 3261 2162 3315 πὸ
2183 3262 2291 3315 τῶν
2314 3261 2536 3331 ἀφανῶν
2569 3261 2788 3332 θεσμῶν
2816 3260 2960 3318 κατὰ
2979 3260 3040 3315 τὸ
3063 3262 3354 3333 προσῆκον
3385 3264 3500 3323 τοῖς
3519 3261 3639 3311 ὑπο-

361 3346 624 3415 subjectis
651 3345 819 3399 rebus
842 3347 1034 3400 sacris.
1075 3343 1468 3414 mentibusque
1499 3352 1557 3398 et
1583 3346 1784 3400 animis
1810 3361 1947 3402 con-

361 3441 548 3510 gruit;
575 3439 756 3495 ontnis
786 3438 932 3491 enim
965 3450 1172 3502 sermo,
1210 3437 1304 3506 qui
1352 3437 1460 3490 illis
1495 3438 1700 3505 ubique
1749 3453 1951 3507 propo-

362 3534 506 3589 situs
528 3540 630 3596 est,
664 3545 770 3585 non
791 3529 992 3584 exilem
1037 3526 1278 3597 aliquam
1320 3528 1634 3592 historiam,
1667 3530 1780 3584 sed"
1807 3531 1948 3584 vivi-

364 3623 524 3679 ticam
551 3620 1235 3694 continetperl’ectionem.
1259 3618 1444 3686 Quare
1465 3622 1631 3676 etiam
1657 3635 1759 3676 nos
1786 3636 1954 3691 opor-

367 3725 466 3785 tet,
495 3717 704 3772 omissa
735 3713 984 3787 populari
1014 3713 1082 3767 de
1114 3713 1202 3768 bis
1232 3712 1512 3781 opinione,
1535 3712 1769 3780 ipsamet
1792 3728 1952 3770 sacra

364 3810 543 3880 signa,
569 3823 753 3875 sacra,
787 3809 863 3862 uti
899 3823 1004 3878 par
1036 3816 1143 3874 est,
1192 3807 1404 3862 ratione
1431 3815 1748 3876 penetrare,
1779 3820 1954 3876 neque

365 3903 560 3959 eadem
585 3904 946 3969 inbonorare,
970 3917 1093 3957 cum
1133 3901 1317 3956 nativa
1345 3901 1457 3955 sint
1486 3909 1542 3953 et
1563 3914 1829 3968 expressa
1865 3915 1952 3954 τες

367 4010 487 4050 rum
517 3995 830 4050 divinarum
859 3995 1176 4061 simulacra,
1204 4009 1306 4050 nec
1356 4008 1462 4050 non
1514 3992 1780 4062 imagines
1824 4005 1953 4061 per-

368 4086 574 4155 spicuae
599 4100 930 4141 arcanorum
960 4094 1015 4138 et
1055 4083 1565 4154 supranaturalium
1611 4081 1956 4152 spectaculo-

371 4195 516 4236 rmn.
544 4178 761 4238 Etenim
800 4194 904 4233 non
947 4178 1124 4235 solum
1151 4175 1734 4247 suprasubstantialia,
1765 4185 1820 4230 et
1865 4177 1954 4230 in-

372 4271 678 4335 telleCIilia,
704 4279 759 4326 et
779 4270 1108 4339 simpliciter
1140 4270 1322 4325 divina
1351 4270 1558 4325 lumina
1604 4269 1864 4340 symbolis
1890 4269 1956 4324 ﬁ-

369 4366 580 4435 guratis
599 4365 970 4434 variegantur,
997 4374 1056 4418 ut
1081 4379 1205 4419 cum
1236 4363 1781 4434 suprasubstantialis
1813 4366 1957 4421 Deus

372 4461 515 4530 ignis
541 4459 748 4516 dicitur
769 4467 822 4524 ³,
856 4468 912 4514 et
936 4474 1057 4529 qua:
1091 4459 1374 4514 intellectu
1405 4459 1790 4528 percipiuntur
1833 4461 1959 4517 Elo-

369 4553 500 4622 quia
530 4552 627 4607 Dei
657 4552 817 4624 ignea
842 4557 896 4617 ο,
929 4551 1024 4606 sed
1055 4561 1320 4620 praeterea
1344 4552 1512 4607 etiam
1544 4553 1712 4609 divini
1733 4554 1958 4610 ordines

2055 3351 2328 3424 κειμένοις
2355 3355 2520 3424 ἱεροῖς
2543 3353 2839 3424 γράμμασι
2863 3351 2906 3384 δι
2931 3352 3026 3405 καὶ
3057 3355 3174 3415 νοῖς
3203 3353 3304 3406 καὶ
3329 3351 3556 3421 ψυχαῖςο
3584 3350 3635 3401 οὐ

2051 3443 2161 3516 γάρ
2202 3445 2444 3515 ἱστορίαν
2481 3444 2664 3516 ψιλὴν,
2705 3443 2839 3501 ἀλλά
2881 3441 3120 3514 ζωτικὴν
3162 3443 3282 3514 ἔχει
3325 3441 3639 3496 τελείωσινό

2052 3536 2413 3606 προκείμενος
2454 3537 2639 3601 αὐτοῖς
2683 3537 2827 3600 ἅπας
2863 3554 2924 3589 τε
2964 3535 3060 3589 καὶ
3099 3535 3189 3589 διά
3228 3537 3456 3591 πάντων
3481 3536 3637 3604 λόγος.

2054 3623 2175 3696 Χρὴ
2202 3624 2382 3678 τοίνυν
2407 3625 2501 3678 καὶ
2525 3628 2691 3698 ἡμᾶς,
2729 3626 2851 3679 ἀντὶ
2874 3625 2978 3695 τῆς
3001 3624 3294 3696 δημώδους
3319 3629 3452 3698 περὶ
3478 3626 3637 3678 αὐτῶν

2056 3718 2396 3790 ὑπολήψεως,
2411 3717 2542 3772 εἵσω
2562 3719 2671 3772 τῶν
2697 3718 2855 3791 ἱερῶν
2880 3718 2923 3749 δ’
2940 3719 3228 3789 συμϐόλων
3251 3721 3588 3792 ἱεροπρεπῶς
3602 3721 3638 3751 ⁵³

2055 3808 2348 3864 διαϐαίνειν
2373 3848 2386 3872 ,
2431 3809 2527 3862 καὶ
2583 3807 2716 3879 μηδὲ
2769 3805 3061 3877 ἀτιμάζειν
3109 3807 3255 3868 αὐτὰ
3281 3849 3296 3872 ,
3341 3809 3456 3861 τῶν
3501 3808 3640 3861 θείων

2057 3903 2187 3957 ὄντα
2221 3904 2587 3974 χαρακτήρων
2628 3901 2828 3970 ἔκγονα
2861 3901 2906 3931 ’⁵⁵
2947 3900 3044 3955 καὶ
3082 3901 3531 3976 ἀποτυπώματα,
3560 3902 3640 3954 καὶ

2057 3995 2273 4060 εἰκόνας
2295 3997 2561 4066 ἐμφανεῖς
2589 3995 2696 4048 τῶν
2719 3995 3050 4065 ἀπορρήτων
3082 3995 3178 4047 καὶ
3211 3994 3514 4067 ὑπερφυῶν
3541 3993 3639 4046 θεα-

2061 4087 2268 4157 μάτων.
2299 4087 2410 4139 Καὶ
2433 4086 2543 4157 γὰρ
2570 4087 2630 4138 οὐ
2666 4085 2823 4156 μόνον
2856 4085 2899 4115 ⁵⁵
2924 4083 2994 4138 τά
3027 4084 3342 4156 ὑπερούσια
3371 4086 3541 4156 φῶτα,
3561 4083 3640 4138 καὶ

2058 4180 2127 4233 τὰ
2158 4181 2343 4250 νοητὰ,
2383 4180 2476 4235 καὶ
2524 4179 2710 4245 ἁπλῶς
2752 4177 2820 4230 τὰ
2859 4176 2982 4231 θεῖα
3023 4181 3136 4242 τοῖς
3172 4183 3509 4242 τυπωτικοῖς
3543 4177 3638 4229 δια-

2062 4274 2395 4331 ποικίλλεται
2428 4273 2734 4345 συμϐόλοις,
2765 4272 2840 4336 ὡς
2869 4271 2980 4343 πῦρ
3001 4275 3030 4324 ὁ
3058 4272 3397 4344 ὑπερούσιος
3423 4273 3548 4334 Θεὸς
3567 4268 3640 4320 λε-

2061 4367 2314 4438 γόμενος,
2354 4367 2446 4418 καὶ
2472 4365 2540 4420 τὰ
2571 4363 2740 4437 νοητὰ
2770 4363 2864 4418 τοῦ
2888 4363 3023 4420 Θεοῦ
3052 4363 3212 4430 λόγια
3240 4363 3604 4435 πεπυρωμένα
3623 4378 3635 4388 ’

2064 4457 2289 4529 προσέτι
2319 4456 2374 4508 δὲ
2398 4457 2492 4509 καὶ
2522 4456 2631 4508 τῶν
2661 4454 2867 4527 νοητῶν
2900 4455 3018 4525 ἅμα
3047 4454 3144 4507 καὶ
3165 4457 3378 4527 νοερῶν
3418 4456 3639 4525 ἀγγέλων

2063 4551 2111 4602 οἱ
2137 4546 2390 4610 θεοειδεῖς
2417 4547 2702 4618 διάκοσμοι
2729 4545 3002 4609 ποικίλαις
3047 4550 3290 4618 μορφαῖς
3328 4548 3638 4619 διαγράφον·

372 4643 713 4712 angelorum,
752 4642 845 4712 qui
870 4642 1033 4699 simul
1049 4653 1178 4698 sunt
1200 4643 1545 4700 intellectiles
1561 4653 1616 4700 et
1641 4645 1952 4715 intelligen-
1989 4647 2032 4700 Ι)
2062 4660 2152 4696 ται
2177 4643 2272 4702 καὶ
2298 4639 2411 4692 πολι

2089 4660 2152 4696 και
2177 4643 2272 4702 καὶ
2298 4639 2619 4704 πολυειδέσι,
2651 4641 2745 4694 καὶ
2783 4639 3070 4711 ὲμπυρίοις
3101 4645 3529 4711 σχηματισμοῖς.
3548 4638 3640 4693 Καὶ

376 4739 670 4801 tes,variis
698 4736 891 4793 formis
913 4752 978 4792 ac
1006 4736 1302 4807 multiplici
1336 4737 1545 4806 specie,
1578 4748 1635 4794 et
1681 4739 1857 4809 igneis
1896 4740 1958 4793 li-

373 4833 528 4902 guris
577 4831 965 4903 depinguntur.
1017 4829 1307 4901 Aliterque
1352 4832 1603 4886 eamdem
1663 4832 1957 4902 imaginem

375 4925 516 4995 ignis
542 4926 796 4993 accipere
819 4933 1060 4994 oportet,
1105 4939 1232 4982 cum
1265 4923 1333 4979 de
1356 4922 1471 4979 Deo
1508 4922 1716 4978 dicitur
1738 4924 1829 4992 qui
1871 4924 1958 4978 in-

379 5017 736 5087 telligentiam
786 5027 1051 5088 superat;
1093 5017 1258 5072 aliter
1297 5030 1423 5072 cum
1473 5017 1539 5070 de
1598 5016 1960 5085 providentiis

375 5111 514 5180 ejus,
541 5126 680 5180 quas
708 5111 1068 5181 intelligentia
1097 5112 1452 5182 percipimus,
1479 5120 1573 5166 aut
1606 5113 1672 5166 de
1688 5111 1960 5166 sermoni-

375 5205 509 5270 bus;
541 5211 598 5258 et
623 5202 782 5257 aliter
812 5219 934 5260 cum
973 5203 1041 5257 de
1077 5203 1306 5269 angelis.
1346 5203 1526 5272 Atque
1564 5201 1711 5256 illam
1737 5202 1958 5271 quidem

380 5298 674 5367 imaginem
716 5297 860 5367 ignis
885 5297 954 5355 de
995 5295 1108 5351 Deo
1131 5296 1358 5363 dictam,
1399 5296 1699 5354 secundum
1728 5310 1957 5352 causam

381 5445 408 5473 ¹³
443 5437 602 5492 Deut.
627 5426 717 5492 ιν(
779 5443 804 5470 °
834 5435 979 5490 Psal.
1020 5451 1153 5501 xvn,
1195 5435 1287 5491 51.

2067 4729 2240 4801 ἄλλως
2273 4728 2372 4800 τὴν
2411 4729 2580 4803 αὐτὴν
2621 4729 2715 4788 τοῦ
2760 4729 2930 4801 πυρὸς
2969 4729 3154 4783 εἰκόνα
3193 4733 3340 4784 κατά
3379 4732 3474 4789 τοῦ
3519 4731 3639 4799 ὑπὲρ

2067 4823 2250 4893 νόησιν
2293 4821 2339 4852 ⁸⁵
2371 4821 2504 4881 Θεοῦ
2553 4821 2853 4892 λεγομένην
2885 4821 3134 4875 ἐκλαϐεῖν
3155 4839 3168 4851 ·
3202 4822 3385 4889 ἄλλως
3423 4824 3477 4877 δὲ
3519 4823 3639 4877 κατὰ

2069 4919 2176 4972 τῶν
2204 4905 2409 4988 νοητῶν
2445 4916 2488 4947 ⁸⁷
2528 4916 2692 4974 αὑτοῦ
2735 4914 3060 4988 προνοιῶνῆ
3092 4915 3270 4984 λόγων
3290 4934 3304 4947 ·
3358 4921 3454 4976 καὶ
3489 4919 3639 4979 ἄλλως

2071 5016 2163 5068 ὲπὶ
2201 5013 2307 5067 τῶν
2338 5010 2602 5081 ἀγγέλων.
2649 5012 2759 5064 Καὶ
2799 5010 2897 5081 τὴν
2945 5010 3040 5079 μὲν
3079 5011 3203 5063 κατ’
3227 5012 3434 5078 αἰτίαν,
3480 5013 3571 5083 τὴν
3594 5012 3639 5063 δὲ

2072 5103 2192 5158 καθ’
2219 5103 2473 5175 ὓπαρξιν,
2491 5103 2590 5173 τὴν
2617 5103 2674 5156 δὲ
2711 5101 2852 5154 κατὰ
2879 5098 3116 5171 μέθεξιν,
3149 5105 3246 5159 καὶ
3284 5104 3423 5162 ἄλλα
3465 5104 3636 5164 ἄλλως,

2067 5199 2142 5261 ὼς
2181 5199 2213 5268 ἡ
2259 5196 2379 5248 κατ’
2409 5193 2546 5248 αὐτὰ
2584 5194 2785 5264 θεωρία
2815 5194 2925 5245 καὶ
2968 5195 3375 5266 ἐπιστημονικὴ
3421 5195 3636 5258 διάταξις

2067 5291 2328 5364 ὀροθετεῖ.
2368 5291 2478 5350 Καὶ
2512 5290 2588 5360 μὴ
2625 5291 2698 5354 ὡς
2720 5289 2874 5361 ἔτυχε
2909 5289 2978 5344 τὰ
3005 5289 3127 5360 ἱερὰ
3167 5291 3420 5364 σύμϐολα
3451 5288 3615 5361 σδμςύ

1699 5548 1932 5605 νΑιιιΑε
1969 5542 2372 5604 LECTTONES.

453 5674 498 5704 ³⁸
529 5675 638 5728 τόν.
719 5676 760 5707 ³⁷
795 5673 1126 5746 τυπωτικῆς,
1164 5673 1220 5728 S.
1295 5674 1340 5708 ³⁸
1373 5673 1520 5738 αὐτὸ,
1558 5673 1621 5727 D.
1659 5670 1826 5746 αὐτὴν
1858 5669 1981 5746 τήνΖ
2013 5667 2074 5721 Ρ.

1783 5739 1829 5773 ⁵³
1863 5739 2043 5810 ἱερῶς,
2072 5739 2180 5810 Ch.

1425 5817 1465 5845 ⁵⁷
1504 5815 1642 5871 κατᾶ
1679 5814 1772 5882 τὴν
1807 5808 1933 5875 τῶν,
1972 5813 2028 5866 S.
2069 5809 2128 5881 Ρ.
2166 5808 2392 5874 νοητῶν,
2431 5824 2535 5862 non
2571 5820 2655 5863 est
2692 5809 2744 5863 in
2780 5809 2877 5864 Cll.

385 5762 581 5815 γμασι,
621 5748 681 5801 l).
720 5746 776 5801 S.
817 5748 872 5801 S.
951 5748 996 5778 “
1029 5750 1136 5798 τῶν
1173 5746 1536 5856 ἱεροπρεπῶν,
1573 5747 1670 5799 (311.

390 5817 713 5856 ε’μπτηνᾶγιτνυ
750 5815 838 5856 τῆξ
899 5815 940 5856 Π
999 5817 1134 5856 νηοιᾶ
1172 5835 1230 5856 τ.
1267 5818 1324 5856 Ἰ)
1425 5817 1465 5845 ⁵⁷
1504 5815 1642 5856 ’.μιτὸ

390 5817 713 5883 ὑπερνόησιν
750 5815 860 5882 τοῦ,
899 5815 959 5872 Ι).
999 5817 1136 5870 κατὰ
1172 5815 1344 5879 τ6,”1³ί

2183 5667 2226 5698 ³9
2258 5665 2603 5727 τυπωτικῶν,
2642 5663 2701 5720 S.

2808 5664 2851 5695 ⁸ο
2886 5664 3263 5736 ἀνθρωπίνοις,
3304 5667 3363 5720 S.
3443 5668 3482 5698 “
3521 5664 3632 5734 πρά·

2280 5738 2324 5768 δ”
2357 5736 2575 5807 ἔγγονα,
2616 5736 2672 5792 S.
2711 5735 2770 5792 Ρ.

2863 5737 2904 5766 ⁸⁵
2941 5736 3098 5806 μόνα.
3139 5739 3196 5792 5.

3313 5740 3356 5768 δέ
3393 5738 3527 5795 κατὰ
3558 5737 3632 5803 τῄιιν
3732 5795 3733 5808 γ
