3772 6296
158 358 303 412 ιιου

1588 364 1924 422 EPISTOLA
1963 368 2048 425 IX.

3289 377 3426 437 1110

155 490 297 545 ρειν,
346 473 481 527 ἀλλά
532 477 918 548 προσηκόντως
963 478 1102 532 αύτά
1134 482 1255 545 ταῖς
1290 482 1509 549 αίτίαις,
1560 484 1740 555 ἢταῖς

1952 488 2102 556 ipere
2153 494 2413 557 oportet;
2470 486 2632 543 aliam
2683 486 2980 545 secundum
3010 485 3423 550 exsistentiam,

157 562 483 635 ύπάρξεσιν,
509 566 541 636 ἢ
566 569 687 630 ταῖς
709 566 1019 638 δυνάμεσιν,
1058 570 1092 640 ἢ
1123 574 1246 636 ταῖς
1286 573 1522 640 τάξεσιν,
1563 574 1596 646 ἢ
1626 578 1748 638 ταῖς

156 656 339 721 ἀξίαις
357 656 741 723 ἀναπτύσσειν,
766 651 841 712 ὧν
868 661 963 715 καὶ
986 662 1134 716 ἔστιν
1162 665 1526 736 ἐκφαντορικά
1553 664 1750 736 συνθή-

160 766 328 820 ματα·
360 750 468 801 Κοιῖ
483 750 631 813 ὅπως
652 749 724 821 μὴ
750 752 892 823 πέρα
906 754 998 807 τοῦ
1017 755 1225 819 δέοντος
1254 756 1555 810 ἐπιστέλλοι
1564 775 1661 828 μεν
1678 758 1745 824 ⁴⁸,

156 842 248 899 ἐπ’
287 841 460 912 αὐτὴν
500 841 603 912 ἤδη
640 841 739 912 τὴν
792 845 1148 915 προτεθεῖσαν
1190 848 1279 916 ὑφ’
1317 848 1473 920 ὑμῶν
1521 847 1747 920 ζήτησιν

159 932 324 985 ίτέον.
351 933 459 986 Καὶ
482 933 730 1005 λέγομεν,
755 937 837 990 ὅτι
867 940 1201 1012 πᾶσατροφὴ
1224 940 1602 1012 τελεσιουργός
1630 944 1745 994 ἐστι

156 1021 267 1079 τῶν
296 1024 666 1095 τρεφομένων,
699 1027 797 1099 τὴν
822 1028 1066 1085 ἀτέλειαν
1096 1031 1275 1085 αὐτῶν
1307 1033 1401 1086 xui
1421 1034 1521 1104 τὴν
1539 1032 1745 1086 ἔνδειαν

157 1113 578 1185 ἁποπληροῦσα,
621 1118 714 1171 καὶ
746 1118 809 1172 τὸ
836 1119 1061 1184 ἀσθενὲς
1093 1121 1488 1193 θεραπεύουσα,
1528 1124 1623 1178 xui
1648 1123 1746 1196 τὴν

160 1203 310 1274 ζωὴν
341 1206 520 1261 αὐτῶν
549 1209 883 1282 φρουροῦσα,
910 1212 1004 1265 xui
1031 1213 1349 1267 ἀναϐάλλειν
1374 1214 1622 1279 ποιοῦσα,
1653 1214 1747 1268 xui

159 1297 558 1366 ἀνανεάςουσα,
595 1302 687 1354 xui
716 1300 952 1374 ζωτικὴν
986 1304 1169 1367 αὐτοῖς
1208 1304 1504 1359 εὐπάθειαν
1546 1304 1749 1375 δωρου-

163 1390 325 1463 μένη,
352 1393 448 1446 xui
470 1393 657 1459 ἁπλῶς
684 1395 779 1448 τοῦ
806 1396 1065 1462 ἀνιῶντος
1102 1399 1197 1457 xui
1232 1397 1327 1451 τοῦ
1357 1396 1580 1461 ἀτελοῦς
1622 1397 1746 1450 ὲλά-

158 1500 339 1553 τειρα,
371 1483 464 1538 xui
488 1486 587 1556 τῆς
617 1487 953 1559 εὐφροσύνης
983 1489 1160 1544 αὐτῶν
1179 1491 1271 1546 καὶ
1296 1491 1397 1561 τῆς
1415 1490 1749 1561 τελειότητος

160 1575 424 1647 χορηγός.

1854 576 2017 631 aliam
2046 591 2176 632 vero
2201 578 2501 633 secundum
2539 578 3061 649 participationem;
3100 586 3156 633 et
3187 578 3294 633 alia
3320 578 3421 632 ali-

1851 675 1955 732 ter,
1984 676 2043 721 ut
2073 682 2262 722 eorum
2297 668 2690 737 contemplatio
2732 678 2789 723 et
2827 668 3151 724 constitutio
3187 669 3430 724 scienter

1850 758 1991 813 laeta
2008 760 2329 829 praescribit.
2349 758 2461 815 Nec
2488 760 2632 814 enim
2659 767 2878 829 oportet
2904 759 3204 815 fortuitoac
3221 768 3430 814 temere

1852 853 2084 907 miscere
2100 853 2368 923 symbola,
2383 854 2477 908 sed
2493 853 2671 923 potius
2693 852 2989 923 explanare
3015 867 3076 908 ea
3095 844 3430 907 convenien-

1850 954 1936 999 ter
1957 944 2137 999 causis
2176 954 2273 999 aut
2297 944 2653 1011 exsistentiis,
2686 955 2779 999 aut
2810 944 3197 1014 potestatibus,
3220 951 3315 997 aut
3344 957 3434 996 or-

1853 1036 2092 1102 dinibus,
2125 1045 2217 1090 aut
2262 1036 2645 1106 dignitatibus,
2678 1051 2800 1106 qua:
2829 1036 3013 1091 omnia
3042 1035 3215 1106 signis
3248 1033 3433 1090 decla-

1854 1138 2065 1185 rantur.
2092 1127 2359 1184 Cmterum
2401 1144 2468 1184 ne
2507 1128 2755 1198 epistolae
2804 1127 3028 1184 modum
3077 1127 3430 1189 excedamus,

1848 1221 1961 1292 jam
1988 1221 2055 1275 ad
2086 1223 2258 1291 ipsam
2292 1223 2626 1293 propositam
2670 1236 2701 1275 a
2749 1221 2907 1277 nobis
2950 1220 3308 1291 qumstionem
3334 1233 3431 1274 ve-

1854 1316 2090 1369 niamus.
2124 1312 2365 1368 Dicimus
2402 1315 2607 1383 itaque,
2642 1328 2858 1368 omnem
2888 1327 3070 1368 escam
3094 1313 3202 1367 vim
3228 1311 3433 1366 habere

1857 1406 2176 1477 perﬁciendi
2217 1405 2340 1460 illos
2380 1421 2518 1475 quos
2543 1407 2739 1473 nutrit,
2769 1408 2898 1461 dum
2926 1404 3310 1475 imperfectum
3337 1418 3432 1457 eo-

1859 1511 1976 1550 rum
2022 1506 2077 1552 et
2129 1495 2487 1566 indigentiam
2536 1495 2732 1565 replet,
2762 1503 2816 1549 et
2842 1495 3219 1550 inﬁrmitatem
3266 1493 3428 1565 611

1857 1594 2039 1653 curat,
2092 1586 2372 1654 vitamque
2420 1592 2627 1651 servat,
2685 1592 2740 1639 et
2788 1583 3145 1640 reﬂorescere
3196 1582 3329 1638 facit
3370 1566 3439 1637 ac

164 1676 420 1735 renovat,
482 1677 539 1723 et
579 1669 799 1725 vitalem
835 1671 944 1728 illis
1013 1673 1270 1730 all'cctum
1339 1675 1527 1742 donat,
1602 1676 2034 1749 simpliciterque
2084 1678 2365 1734 tristitiam
2404 1687 2460 1735 et
2501 1676 2974 1749 imperfectionem
3019 1677 3209 1748 abigit,
3271 1684 3435 1746 atque

163 1757 415 1815 laztitiam
446 1763 953 1837 perfectionemque
987 1770 1287 1826 conciliat.‘

1698 1891 1725 1963 δ
1768 1887 1879 1947 ιιι.

237 1997 439 2062 Καλῶς
467 1992 560 2054 οῦν
584 2000 629 2034 ⁸⁸
654 2004 688 2074 ἠ
721 2003 1029 2077 ὑπέρσοφος
1062 2010 1155 2062 xui
1193 2009 1370 2082 ἀγαθὴ
1420 2009 1580 2079 σοφία
1612 2010 1749 2082 πρὸς

1947 2007 2292 2074 )uamobrem
2338 2014 2490 2063 recte
2551 2018 2885 2078 supraquam
2923 2001 3146 2071 sapiens
3173 1999 3331 2069 juxta
3366 2015 3439 2056 ac

162 2090 277 2143 τῶν
302 2090 495 2160 λογίων
521 2094 789 2165 ὑμνεῖται,
832 2100 1085 2171 κρατῆρα
1115 2102 1377 2170 μυστικὸν
1409 2101 1632 2167 ίστῶσα,
1663 2104 1755 2155 xui

161 2180 227 2233 τὸ
266 2181 413 2253 ἱερὸν
461 2183 625 2237 αύτοῦ
662 2187 811 2256 πόμα
851 2188 1156 2259 προχέουσα
1192 2192 1260 2255 ⁵ο,
1301 2192 1499 2262 μᾶλλον
1541 2193 1597 2245 δὲ
1649 2192 1756 2261 πρὸ

162 2275 371 2329 τούτων
415 2276 515 2341 τὰς
565 2280 792 2349 περεάς
837 2282 1047 2352 τροφὰς
1093 2283 1433 2356 προτιθεῖοα,
1478 2288 1571 2340 xui
1618 2287 1755 2357 μετά

164 2368 374 2439 ὑψηλοῦ
414 2370 766 2443 κηρύγματος
797 2375 932 2445 αὐτὴ
966 2377 1073 2429 τῶν
1116 2377 1385 2448 δεομένων
1412 2380 1582 2450 αὑτῆς
1614 2381 1754 2449 ἀγα-

166 2461 460 2533 θοπρεπῶς
480 2464 775 2534 ἐφιεμένην
804 2467 870 2519 δι.
902 2468 1095 2538 Διττὴν
1122 2464 1215 2522 οῦν
1244 2470 1342 2540 τὴν
1360 2470 1611 2542 τροφὴνὴ
1636 2471 1755 2525 θεία

168 2554 332 2621 σοφία
373 2554 678 2625 προτίθησι,
718 2556 817 2627 τὴν
862 2558 959 2627 μὲν
990 2559 1216 2630 στερεὰν
1244 2563 1338 2614 xui
1379 2563 1623 2631 μόνιμον,
1655 2562 1753 2633 τὴν

164 2645 223 2698 δὲ
244 2645 421 2716 ύγράν
440 2648 532 2700 xui
562 2649 938 2720 προχεομένην
956 2667 970 2679 ο
1005 2651 1099 2704 καὶ
1130 2652 1225 2705 ἐπὶ
1264 2654 1503 2724 κρατῆρι
1530 2656 1756 2724 χορηγεῖ

164 2737 269 2800 τὰς
286 2739 649 2809 προνοητικός
674 2740 845 2809 αύτῆς
869 2742 1231 2814 ἀγαθότητας.
1276 2745 1332 2797 '0
1364 2746 1461 2815 μὲν
1495 2741 1586 2799 οὖν
1616 2763 1753 2817 κρα-

165 2826 297 2898 τὴρ,
343 2828 645 2899 περιφερὴς
682 2829 756 2883 ὢν
806 2831 898 2883 xui
946 2832 1429 2904 ἀναπεπταμένος,
1489 2834 1752 2905 σύμϐολον

166 2918 312 2977 ἔστω
346 2920 446 2991 τῆς
482 2921 881 2993 ἀνηπλωμὲνης
914 2922 1030 2993 ἅμα
1058 2924 1152 2977 xui
1183 2925 1275 2978 ἐπὶ
1318 2925 1493 2979 πάντα
1528 2943 1755 2998 περιποο

170 3011 475 3083 ρευομένης
504 3013 737 3084 ἀνάρχου
778 3014 870 3066 xui
903 3014 1259 3087 ἀτελευτήτου
1300 3018 1405 3070 τῶν
1444 3017 1579 3071 ὅλων
1618 3035 1751 3093 προ-

165 3103 335 3165 νοίας.
368 3102 512 3173 Πλὴν
551 3103 735 3175 ἐπειδὴ
769 3104 861 3157 xui
882 3106 973 3158 ἐπὶ
1001 3106 1175 3159 πάντα
1203 3108 1487 3178 προϊοῦσα,
1524 3109 1671 3180 μένει
1694 3112 1751 3167 ἐν

168 3196 338 3265 ἑαυτῇ
363 3195 456 3247 xui
482 3195 710 3268 ἕστηκεν
743 3198 802 3250 ἐν
826 3199 1067 3271 ἀκινήτῳ
1095 3201 1404 3273 ταύτότητι,
1436 3203 1529 3256 xui
1551 3222 1749 3258 παντε-

166 3285 278 3349 λῶς
305 3287 679 3359 ἀνεκφοιτήτῳ
698 3289 894 3360 ἑαυτῆς
917 3290 1197 3364 ἱδρυμένη,
1229 3294 1470 3364 μονίμως
1499 3295 1592 3347 xui
1611 3296 1749 3367 ἀρα-

1860 2099 2094 2169 benigna
2141 2096 2412 2168 sapientia
2447 2097 2517 2166 tiu
2587 2094 2822 2164 eloquiis
2862 2093 3064 2149 divinis
3113 2090 3437 2162 perhibetur

1856 2198 2126 2247 craterem
2160 2189 2452 2259 mysticum
2491 2201 2820 2258 proponere,
2853 2199 2919 2241 ac
2948 2199 3162 2240 sacram
3195 2184 3314 2254 ejus
3337 2199 3437 2255 po-

1860 2282 2059 2336 tionem
2085 2281 2401 2359 propinare,
2436 2280 2593 2350 prius
2628 2288 2808 2334 tamen
2847 2279 3001 2334 cibos
3031 2276 3233 2333 solidos
3266 2292 3437 2347 appo-

1858 2388 2010 2438 nere,
2040 2382 2204 2441 atque
2234 2372 2375 2427 elata
2406 2387 2545 2427 voce
2571 2384 2762 2426 omnes
2787 2369 2904 2439 ejus
2930 2369 3145 2438 indigns
3169 2369 3438 2425 benevole

1858 2468 2113 2521 invitare.
2146 2464 2423 2534 Duplicem
2444 2478 2576 2534 ergo
2594 2477 2775 2518 escam
2793 2461 2974 2515 divina
3008 2459 3281 2528 sapientia
3310 2473 3438 2529 pro-

1856 2560 2033 2629 ponit,
2067 2559 2273 2613 scilicet
2294 2572 2455 2611 unam
2485 2556 2713 2611 solidam
2735 2562 2898 2623 atque
2926 2551 3255 2615 durabilem,
3275 2548 3437 2604 aliam

1854 2666 1985 2706 vero
2016 2652 2273 2721 liquidam
2308 2666 2372 2706 ac
2401 2650 2617 2705 lusitent
2664 2650 2719 2703 in
2760 2655 2979 2704 cratere
3008 2646 3284 2715 propinat,
3316 2658 3438 2715 qua:

1855 2744 2127 2799 benelicas
2150 2744 2270 2814 ejus
2301 2742 2679 2813 providentias
2702 2741 3013 2811 designant.
3043 2738 3239 2792 Crater
3270 2736 3440 2807 igitur

1856 2851 1980 2889 cum
2015 2836 2089 2889 sit
2121 2834 2388 2889 rotundus
2430 2843 2486 2890 et
2536 2842 2782 2903 apertus,
2814 2830 3119 2903 symbolum
3153 2839 3239 2885 est
3274 2844 3441 2901 gene-

1856 2924 1985 2980 ralis
2010 2924 2506 2995 providentirequte
2532 2923 2804 2994 principio
2830 2921 3049 2992 ﬁneque
3071 2928 3247 2988 caret,
3273 2931 3441 2991 atque

1855 3017 2039 3072 omnia
2070 3016 2313 3073 continet
2342 3024 2728 3087 penetratque.
2782 3012 2889 3069 Sed
2915 3012 3173 3083 quoniam
3207 3010 3336 3066 dum
3365 3010 3437 3064 ad

1854 3109 2037 3164 omnia
2072 3107 2344 3177 procedit,
2394 3106 2451 3161 in
2505 3105 2801 3175 semetipsa
2840 3115 3060 3174 quoque
3101 3110 3306 3164 manet,
3336 3100 3437 3155 int-

1857 3198 2066 3261 mobili,
2095 3211 2125 3251 a
2150 3211 2257 3266 qua
2289 3209 2568 3268 nunquam
2602 3194 2824 3262 excidit,
2858 3192 3146 3249 identitate
3178 3190 3440 3259 formata,

1856 3300 2037 3345 crater
2066 3290 2233 3344 etiam
2284 3296 2601 3343 constanter
2624 3287 2879 3340 immotus
2908 3283 3259 3355 persistebat.
3293 3281 3441 3338 Dici-

173 3381 345 3450 ρότως
372 3381 416 3412 ⁸²
438 3380 599 3444 αύτός
621 3398 678 3434 τε
708 3382 736 3433 ὁ
767 3381 979 3453 κρατὴρ
1011 3384 1259 3457 ἕστηκεν.
1293 3387 1666 3459 Οἰκοδομοῦσα
1695 3390 1753 3443 δὲ

1978 3394 2158 3439 autem
2190 3382 2457 3457 sapientia
2499 3381 2604 3436 sibi
2640 3380 2861 3435 domum
2910 3376 3211 3442 mdilicare,
3243 3375 3300 3431 in
3332 3390 3440 3446 qua

170 3473 268 3525 xui
301 3474 333 3543 ἡ
382 3471 541 3540 σοφία
574 3473 721 3524 οἰκον
755 3475 918 3544 ἑαυτῇ
955 3472 1188 3543 λέγεται,
1226 3476 1319 3528 xui
1360 3480 1417 3531 ὲν
1461 3479 1610 3550 αὐτῷ
1660 3480 1756 3534 xui

169 3565 272 3627 τὰς
307 3563 531 3635 στερεάς
572 3565 798 3635 τροφὰς,
851 3567 945 3619 xui
976 3565 1046 3618 τὰ
1091 3568 1329 3638 πόματα,
1367 3572 1460 3624 xui
1492 3572 1584 3624 τὸν
1619 3590 1757 3644 κρα-

169 3657 316 3728 τῆρα
349 3657 736 3728 προτιθεμένη,
770 3658 845 3722 ὼς
878 3654 1015 3712 εἶναι
1048 3662 1161 3723 τοῖς
1190 3660 1259 3714 τά
1292 3663 1409 3717 θεῖα
1443 3664 1760 3736 θεοπρεπῶς

176 3750 546 3823 συμϐάλλουσι
578 3752 756 3823 δῆλον,
791 3753 873 3805 ὃτι
922 3754 1015 3806 xui
1050 3754 1278 3826 πρόνοια
1312 3755 1581 3828 παντελής
1612 3759 1759 3812 ἐστιν

171 3845 202 3897 ὁ
234 3843 329 3897 τοῦ
362 3839 501 3897 εἶναι
534 3845 628 3897 xui
659 3844 751 3897 τοῦ
786 3840 843 3898 εὖ
880 3841 1017 3898 εἶναι
1067 3846 1136 3899 τά
1186 3845 1362 3898 πάντα
1407 3846 1611 3914 αίτιος,
1666 3849 1760 3902 xui

174 3938 270 3990 ἐπὶ
302 3938 479 3991 πάντα
512 3938 761 4011 πρόεισι,
800 3941 892 3992 xui
926 3940 983 3992 ἐν
1014 3939 1094 4011 τῷ
1138 3940 1298 3993 παντὶ
1339 3940 1617 4010 γίγνεται,
1667 3944 1761 3995 xui

177 4031 426 4102 περιέχει
471 4029 541 4083 τά
578 4030 776 4093 πάντα,
828 4033 921 4084 xui
952 4027 1109 4095 αὖθις
1140 4033 1168 4083 ὁ
1200 4032 1360 4095 αὐτὸς
1403 4034 1461 4084 ὲν
1502 4031 1581 4105 τῷ
1614 4033 1761 4106 αύτῴ

179 4123 299 4175 καθ’
323 4123 618 4194 ὑπεροχὴν,
650 4123 802 4175 οὐδὲν
830 4124 887 4176 ὲν
917 4124 1090 4177 οὐδενὶ
1118 4126 1238 4178 κατ’
1265 4125 1416 4177 οὐδέν
1447 4126 1613 4177 ἐστιν·
1646 4126 1761 4180 ἀλλ’

178 4215 438 4287 ἐξῄρηται
481 4215 589 4268 τῶν
631 4214 796 4279 ὅλων,
844 4216 1007 4279 αὐτὸς
1038 4217 1095 4268 ἐν
1127 4216 1307 4288 ἐαυτῷ
1345 4217 1391 4248 ⁸³
1424 4217 1635 4281 ταύτῶς
1669 4220 1762 4272 xui

176 4308 364 4372 ἀϊδίως
395 4307 500 4373 ὢν,
537 4309 630 4362 xui
663 4307 908 4378 ἑστηκὼς
940 4310 1031 4362 καὶ
1077 4310 1281 4379 μένων,
1330 4310 1425 4363 xui
1479 4310 1566 4364 ἀεὶ
1622 4311 1765 4365 κατά

177 4400 349 4455 ταύτά
382 4402 472 4454 xui
503 4401 765 4463 ὡσαύτως
797 4401 955 4471 ἔχων,
991 4401 1085 4455 xui
1117 4402 1368 4473 οὐδαμῶς
1400 4401 1504 4467 ἔξω
1533 4401 1697 4456 αὑτοῦ
1717 4404 1765 4435 ³⁸

177 4493 529 4564 γιγνόμενος,
560 4494 679 4547 οὐδὲ
717 4494 817 4564 τῆς
848 4494 1053 4557 οἰκείας
1099 4494 1259 4566 ἕδρας
1292 4497 1336 4528 ⁵⁵
1369 4496 1464 4550 xui
1504 4496 1763 4567 ἀκινήτου

183 4586 351 4657 μονῆς
384 4586 476 4639 xui
500 4587 681 4650 ἑστίας
713 4585 1161 4656 ἀπολειπόμενος
1198 4586 1335 4641 ἀλλὰ
1361 4589 1454 4641 xui
1474 4590 1530 4641 ὲν
1563 4588 1700 4659 αὐτῇ
1719 4590 1765 4621 ⁵⁸

175 4678 277 4741 τὰς
308 4679 436 4742 ὅλας
468 4680 560 4731 xui
603 4680 882 4743 παντελεῖς
931 4680 1185 4751 προνοίας
1230 4680 1617 4753 ἀγαθουργῶν,
1670 4682 1764 4735 xui

180 4769 388 4841 προῖὼν
416 4772 507 4823 ἐπὶ
537 4771 734 4835 πάντα,
771 4772 862 4826 xui
899 4772 1196 4843 μένωνιὲφ’
1219 4772 1436 4835 ἑαυτοῦ,
1469 4773 1561 4825 xui
1589 4771 1763 4838 ἑστὼς

177 4863 267 4915 ἀεὶ
299 4864 393 4915 xui
425 4863 759 4933 κινούμενος,
782 4864 875 4918 xui
906 4862 1028 4916 οὗτε
1054 4863 1245 4927 ἑστὼς,
1267 4863 1391 4917 οὔτε
1424 4863 1762 4935 κινούμενος,

179 4953 389 5016 ἀλλ’ὡς
420 4954 485 5035 ἄν
516 4973 599 5017 τις
631 4956 762 5028 φαίη
797 4956 895 5019 τὰς
929 4955 1289 5027 προνοητικάς
1306 4956 1584 5026 ἐνεργείας
1615 4958 1673 5009 ἐν
1698 4960 1764 5029 τῇ

185 5048 527 5119 μονιμότητι,
559 5048 651 5101 xui
682 5050 779 5120 τὴν
817 5050 982 5121 μονὴν
1015 5052 1071 5102 ὲν
1105 5048 1183 5122 τῷ
1212 5052 1478 5120 προνοεῖν,
1504 5050 1768 5119 συμφυῶς

182 5137 301 5209 ἅμα
328 5140 424 5194 xui
456 5139 748 5213 ὑπερφυῶς
780 5142 937 5212 ἔχων.

1862 3476 2013 3533 cibos
2042 3475 2266 3541 solidos,
2308 3485 2365 3531 et
2388 3473 2607 3544 pocula,
2641 3481 3026 3541 crateremque
3065 3467 3351 3541 proponit,
3381 3474 3445 3521 ut

1862 3568 2119 3624 omnibus
2152 3567 2339 3621 divina
2365 3566 2471 3621 rite
2503 3560 2924 3620 conferentibus
2958 3560 3312 3631 perspicuum
3345 3558 3439 3623 sit,

1862 3677 2010 3726 eum,
2038 3662 2196 3729 cujus
2228 3671 2313 3715 est
2339 3656 2705 3730 providentia,
2726 3656 3021 3727 perfectam
3050 3667 3173 3709 esse
3193 3666 3438 3716 causam,

1862 3762 1919 3805 ut
1959 3751 2070 3805 sint
2108 3760 2162 3805 et
2201 3750 2339 3805 bene
2377 3750 2487 3805 sint
2520 3748 2703 3803 omnia
2728 3786 2743 3813 ,
2786 3758 3027 3814 eumque
3076 3746 3144 3799 ad
3183 3744 3441 3798 universa

1864 3842 2197 3911 pertingere,
2246 3850 2301 3895 et
2340 3841 2393 3894 in
2435 3841 2691 3894 omnibus
2711 3839 3001 3902 exsistere,
3050 3845 3217 3905 atque
3260 3835 3445 3889 omnia

1863 3934 2167 3998 continere,
2202 3946 2502 4003 rursusque
2530 3932 2806 3998 eumdem,
2841 3946 2963 3986 cum
2993 3930 3065 3985 sit
3086 3930 3141 3984 in
3169 3942 3229 3985 se
3256 3926 3443 3984 excel-

1865 4025 2061 4093 lenter,
2083 4024 2217 4079 nihil
2252 4025 2306 4079 in
2331 4023 2439 4078 ulla
2464 4037 2545 4091 re,
2566 4023 2671 4077 ulla
2689 4039 2756 4079 ex
2790 4032 2946 4094 parte
2968 4036 3109 4084 esse.
3134 4022 3228 4077 sed
3258 4034 3444 4076 secre-

1868 4127 1980 4172 tum
2014 4132 2139 4173 esse
2173 4118 2241 4172 ab
2268 4117 2540 4183 omnibus,
2577 4131 2700 4170 cum
2729 4116 2780 4171 in
2815 4130 2875 4170 se
2915 4116 3033 4185 ipso
3060 4116 3253 4169 eodem
3279 4124 3445 4169 tmer-

1837 4225 2046 4281 .noque
2078 4209 2239 4264 modo
2268 4209 2362 4275 sit,
2398 4218 2718 4278 perstetque
2753 4216 2808 4264 et
2838 4217 3082 4273 maneat,
3107 4216 3270 4277 atque
3304 4219 3449 4261 sem—

1863 4315 1963 4371 per
1994 4300 2135 4354 ident
2164 4302 2259 4365 sit,
2290 4299 2597 4367 eodemque
2636 4299 2797 4353 modo
2846 4311 2905 4352 se
2938 4298 3162 4363 habeat,
3202 4310 3303 4350 nec
3334 4294 3448 4349 ullo

1866 4390 2028 4447 modo
2056 4405 2115 4445 se
2145 4391 2261 4461 ipse
2299 4391 2534 4457 deserat,
2565 4406 2742 4462 neque
2772 4391 2955 4446 sedem
2990 4405 3148 4446 suam
3193 4389 3451 4444 immobi-

1866 4487 2083 4557 lemque
2124 4488 2489 4551 mansionem,
2534 4495 2589 4539 et
2627 4484 2786 4553 quasi
2818 4484 2991 4539 larem
3020 4483 3318 4553 relinquat,
3351 4483 3450 4538 sed

1869 4579 1923 4634 in
1954 4593 2020 4633 ea
2044 4579 2228 4633 omnia
2268 4577 2632 4648 perfectaque
2669 4576 3035 4647 providentiae
3065 4589 3178 4630 suae
3220 4589 3448 4630 munera

1868 4673 2139 4743 perﬁciat,
2170 4681 2226 4728 et
2253 4671 2516 4742 procedat
2549 4669 2616 4724 ad
2633 4670 2838 4734 omnia,
2869 4668 2996 4723 etin
3032 4682 3092 4722 se
3122 4677 3373 4733 maneat;
3398 4676 3453 4722 et

1870 4768 2088 4822 insistat
2110 4779 2328 4835 semper
2358 4778 2424 4818 ac
2449 4770 2751 4827 moveatur;
2775 4759 3255 4829 etnequeinsistat
3271 4773 3453 4828 neque

1872 4868 2185 4925 moveatur;
2213 4856 2309 4913 sed
2332 4870 2397 4909 ac
2421 4855 2467 4909 si
2498 4853 2619 4923 quis
2654 4853 2821 4919 dicat,
2852 4862 2912 4906 ut
2936 4851 3031 4923 qui
3066 4850 3314 4905 actiones
3340 4864 3454 4904 sua:

1870 4951 2226 5024 providentiae
2257 4951 2311 5005 in
2343 4946 2761 5020 perseverantia
2781 4986 2799 5014 ,
2825 4956 2880 5005 et
2903 4945 3367 5021 perseverantiam
3396 4944 3453 4997 in

1871 5045 2213 5116 providentia
2240 5040 2699 5115 connaturaliter_
2722 5040 2886 5098 simul
2908 5056 2976 5098 ac
3003 5053 3171 5111 supra
3197 5047 3453 5094 naturain

1873 5141 2095 5196 habent.

1721 5270 1748 5342 ᾗ
1793 5267 1907 5333 ιν.

269 5382 428 5436 Ἀλλά
458 5383 543 5446 τίς
573 5384 607 5454 ή
640 5384 838 5455 στερεά
854 5388 1048 5458 τροφὴ,
1085 5388 1178 5441 xui
1204 5388 1286 5452 τίς
1305 5389 1339 5459 ἡ
1361 5387 1533 5459 ὑγράς
1566 5386 1767 5452 ταύτας

184 5475 293 5547 γὰρ
346 5478 379 5549 ὴ
438 5474 618 5546 ἀγαθὴ
677 5477 839 5547 σοφία
886 5478 1175 5550 δωρεῖσθαι
1212 5480 1330 5550 ἅμα
1378 5482 1471 5534 xui
1518 5483 1767 5551 προνοεῖν

1947 5383 2146 5443 Verum
2185 5384 2438 5457 quisnam
2480 5383 2691 5443 solidus
2729 5386 2907 5449 cibus,
2948 5394 3003 5439 et
3043 5382 3168 5453 quis
3212 5379 3452 5451 liquidus

1875 5480 1995 5537 est?
2016 5480 2116 5537 bos
2139 5482 2286 5537 enim
2317 5479 2550 5551 benigna
2574 5476 3047 5551 sapientialargiri
3068 5473 3229 5532 simul
3251 5482 3306 5531 et
3328 5488 3460 5543 pro~

1502 5643 1735 5699 VARUE
1775 5643 2173 5702 LECTIONES.

184 5728 189 5731 δ
250 5752 294 5784 ⁸⁸
328 5752 820 5829 ὲπιστέλλωμενέ).
901 5756 944 5789 ⁸⁵
979 5752 1069 5811 οὖν
1104 5774 1209 5812 non
1246 5760 1412 5815 habet
1451 5760 1510 5812 D.
1575 5758 1635 5829 75°
1674 5759 2003 5828 προνάουσα,
2042 5762 2098 5816 S.
2137 5761 2196 5816 P.
2235 5760 2333 5815 Clt.
2373 5761 2434 5814 D.
2511 5758 2553 5789 ⁶¹
2590 5755 2873 5829 ὲφιεμένη,
2900 5754 2963 5811 Ι).
2992 5752 3129 5810 5.Ρ.
3208 5750 3253 5783 ⁵²
3287 5746 3458 5818 ἁοράσν

188 5838 314 5889 τως.
398 5826 445 5857 ⁵³
482 5828 537 5879 ὲν
573 5826 809 5894 αύτῷ,[).

892 5828 933 5859 ⁵³
971 5830 1187 5894 ἑαυτοῦ,
1226 5832 1285 5888 ι),
1330 5831 1386 5886 S.
1467 5831 1509 5862 ⁸³
1549 5828 1683 5893 ἰδίας
1718 5830 1957 5898 ἑδραίας,
1996 5832 2053 5887 S.

2152 5834 2196 5867 δε
2324 5834 2509 5901 ἑαυτῆ,
2549 5831 2608 5886 s.
2649 5829 2710 5885 ι).
