3772 6296
411 183 430 206 ρ

351 321 484 378 ΗΝ

1524 327 1582 385 S.
1646 328 1946 386 DlONYSll
2005 334 2469 394 AREOPAGITIE

3502 354 3631 408 “l2

344 438 535 508 videre
567 437 918 508 przedicatur.
955 435 1210 494 Arbitror
1241 440 1425 510 itaque
1449 480 1466 504 ,
1511 442 1742 497 solidum
1784 443 1922 498 illurr

2054 450 2312 519 ὕμνεῖται.
2369 452 2478 525 Τὴν
2525 455 2623 526 μὲν
2668 452 2759 510 οὖν
2803 458 3030 530 στερεὰν
3083 462 3326 533 τροφὴν,
3387 465 3630 538 σύνθημα

344 529 528 584 cibum
574 530 908 585 intellectilis
943 548 1007 587 ac
1040 532 1452 604 perseverantis
1484 535 1841 603 perfectionis
1878 548 1933 593 et

346 622 651 678 identitatis
676 625 891 695 signum
916 641 1029 696 prre
1062 640 1122 680 se
1171 626 1343 690 ferre,
1391 643 1501 695 quo
1543 630 1818 700 spiritales
1841 631 1931 686 isti

342 729 535 770 sensus
569 719 870 772 secundum
898 729 1242 775 constantem
1268 735 1332 776 ac
1351 723 1694 790 potissimam
1725 733 1781 778 et
1813 725 1929 780 sin-

341 811 585 881 gularem
612 812 757 868 illam
792 813 1127 868 individuam
1155 797 1446 870 scientiam
1482 817 1667 872 divina
1697 820 1931 887 partici-

341 913 496 973 pant,
529 920 667 976 quos
713 907 1092 961 divinissimus
1120 923 1338 978 quoque
1379 908 1582 964 Paulus
1601 910 1762 966 solidi
1797 927 1930 968 vere

340 995 447 1050 cibi
475 1012 506 1050 a
540 997 812 1066 sapientia
847 998 1055 1067 accepti
1091 999 1387 1068 participes
1439 998 1592 1055 facit.
1634 1001 1926 1071 Liquidum

339 1101 470 1142 vero
511 1087 697 1142 cibum
734 1088 1051 1157 signiﬁcare
1093 1089 1404 1145 doctrinam
1443 1090 1593 1145 illam
1625 1091 1926 1160 profusam,

337 1195 459 1250 qua:
483 1181 609 1236 dum
635 1183 799 1254 612
834 1199 928 1252 per
955 1185 1139 1238 omnia
1172 1195 1422 1256 vagatur,
1453 1184 1613 1239 simul
1643 1186 1806 1240 etiam
1832 1202 1930 1255 per

338 1273 490 1327 varia
519 1273 610 1328 illa
644 1275 1078 1346 multiplicisque
1102 1278 1259 1346 signa
1285 1279 1353 1332 ad
1378 1277 1688 1347 simplicem
1721 1289 1777 1333 et
1797 1294 1929 1333 con-

337 1371 572 1419 stantem
609 1366 702 1420 Dei
741 1366 1134 1436 cognitionem,
1180 1382 1275 1421 cos
1311 1382 1450 1436 quos
1477 1369 1673 1433 nutrit,
1703 1383 1802 1437 per
1836 1384 1917 1421 ac-

338 1459 739 1514 commodatam
760 1461 1026 1531 cujusque
1050 1460 1233 1529 captui
1258 1461 1556 1516 bonitatem
1586 1463 1923 1517 manuducit.

339 1550 492 1606 lianc
519 1551 590 1606 ob
617 1567 840 1606 causam
867 1553 1081 1623 eloquia
1110 1551 1198 1606 illa
1225 1553 1411 1607 divina
1446 1553 1844 1625 spiritaliaque,
1873 1565 1928 1611 et

340 1646 475 1708 rori,
495 1653 550 1700 et
572 1658 756 1714 aquze,
787 1655 842 1700 et
869 1644 1019 1706 lacti,
1045 1655 1100 1698 et
1130 1645 1258 1698 vino
1284 1661 1348 1700 ac
1381 1647 1528 1700 melli
1564 1645 1762 1702 merito
1785 1648 1926 1702 assi-

2039 543 2226 613 φέρειν
2259 545 2440 618 οίομαι
2461 550 2559 620 τῆς
2581 553 2774 622 νοερᾶς
2795 553 2888 606 καί.
2923 553 3151 625 μονίμου
3181 557 3529 627 τελειότητος
3544 564 3630 615 καὶ

2039 637 2388 709 ταύτότητος,
2413 642 2534 696 καθ’
2556 642 2623 712 ἢν
2642 643 2710 696 τὰ
2743 642 2862 698 θεῖα
2896 647 3036 701 κατά
3071 649 3318 702 ἑστῶσαν
3354 653 3452 704 καὶ
3484 654 3630 706 δυνα-

2036 728 2136 798 τὴν
2180 732 2275 783 καὶ
2321 733 2528 786 ἑνιαίαν
2576 737 2670 788 καί
2721 737 3025 810 ἀδιαίρετον
3085 742 3292 809 γνῶσιν
3350 745 3627 815 μετέχεται

2037 821 2173 892 πρὸς
2204 823 2311 876 τῶν
2343 826 2544 897 νοερῶν
2572 829 2942 902 αἰσθητηρίων
2972 834 3219 900 ἐκείνων,
3254 832 3340 900 οἷς
3372 838 3402 888 ὁ
3433 837 3615 890 θειότα-

2035 930 2125 976 τος
2156 915 2367 980 Παῦλος
2384 920 2447 972 ὲκ
2478 920 2576 991 τῆς
2599 923 2789 991 σοφίας
2817 923 3074 995 εἰληφὼς,
3103 928 3204 998 τῆς
3218 928 3395 992 ὅντως
3413 934 3626 1001 στερεᾶς

2034 1009 2240 1080 τροφῆς
2286 1013 2630 1081 μεταδίδωσι.
2669 1017 2779 1088 Τὴν
2822 1019 2880 1071 δὲ
2930 1020 3126 1092 ὑγρὰν,
3181 1022 3286 1092 τῆς
3317 1022 3626 1094 διαχυτικῆς

2037 1098 2152 1169 ἀμα
2186 1103 2278 1154 καὶ
2311 1104 2404 1156 ἐπὶ
2449 1106 2626 1160 πάντα
2659 1111 2906 1180 προϊέναι
2945 1113 3287 1185 σπευδούσης
3333 1115 3622 1187 ἐπιρροῆς,

2035 1195 2128 1244 καὶ
2161 1192 2242 1246 ἔτι
2273 1195 2362 1248 διὰ
2398 1199 2660 1253 ποικίλων
2693 1203 2787 1257 καὶ
2821 1203 3032 1258 πολλῶν
3065 1207 3160 1258 καὶ
3198 1208 3506 1279 μεριστῶν,
3542 1211 3624 1262 ἐπὶ

2032 1284 2131 1354 τὴν
2162 1287 2343 1358 ἁπλῆν
2376 1291 2469 1345 καὶ
2502 1291 2718 1364 ἀτρεμῆ
2753 1294 3080 1365 θεογνωσίαν
3113 1300 3157 1330 ⁸⁷
3198 1301 3330 1362 τοὺς
3361 1302 3621 1371 τρεφομέ-

2034 1394 2158 1441 νους
2199 1381 2417 1446 οἰκείως
2459 1386 2645 1450 αὐτοῖς
2694 1389 3008 1461 ἀγαθότητα
3067 1395 3114 1426 ⁸⁸
3161 1394 3624 1467 χειραγωγούσης-

2032 1473 2123 1524 Διὸ
2171 1476 2264 1528 καὶ
2308 1477 2485 1549 δρόσῳ
2518 1482 2612 1533 καὶ
2646 1480 2797 1534 ῦδατι
2829 1482 2898 1536 τὰ
2929 1483 3049 1537 θεῖα
3093 1486 3189 1537 καὶ
3234 1485 3410 1555 νοητὰ
3443 1484 3620 1552 λόγια,

2032 1567 2124 1618 καὶ
2157 1567 2409 1635 γάλακτι,
2445 1572 2539 1626 καὶ
2571 1574 2698 1644 οἴνῳ
2729 1577 2821 1628 καὶ
2857 1575 3032 1646 μέλιτι
3067 1578 3496 1649 παρεικάζεται,
3541 1577 3621 1629 διὰ

2030 1660 2128 1732 τὴν
2163 1663 2427 1731 ζωογόνον
2462 1665 2642 1720 αὐτῶν
2675 1667 2750 1730 ὡς
2781 1669 2838 1719 ὲν
2873 1667 3022 1721 ὐδατι
3054 1669 3312 1740 δύναμιν,
3349 1671 3446 1723 καὶ
3476 1669 3622 1739 αὐξη-

340 1740 626 1802 milautur,
657 1739 784 1808 quia
808 1737 1118 1791 vivificandi
1146 1752 1210 1790 ac
1228 1735 1557 1792 fecundandi
1588 1750 1646 1792 ut
1680 1741 1732 1794 in
1759 1756 1922 1811 aqua,

2054 1755 2188 1827 τικὴν
2217 1755 2293 1819 ὡς
2335 1758 2392 1810 ὲν
2438 1758 2690 1826 γάλακτι,
2740 1762 2831 1814 καὶ
2877 1761 3227 1834 ἀναζωτικὴν
3275 1763 3354 1826 ὡς
3389 1764 3448 1815 ὲν
3481 1763 3618 1832 οἴνῳ,

340 1844 394 1887 ct
429 1835 496 1888 ad
529 1834 935 1888 incrementum
969 1831 1304 1900 perducendi
1347 1841 1407 1884 ut
1453 1832 1504 1884 in
1558 1832 1719 1899 lacte,
1754 1843 1810 1887 et
1841 1850 1927 1888 re-

339 1925 562 1978 creandi
605 1935 664 1978 ut
704 1926 756 1978 in
805 1925 959 1988 vino,
991 1924 1372 1994 purgandique
1404 1926 1567 1980 simul
1597 1941 1662 1980 ac
1700 1941 1928 1982 conser-

341 2019 500 2073 vandi
531 2027 590 2072 ut
625 2019 678 2071 in
709 2017 866 2072 melle
894 2018 1002 2072 vim
1037 2018 1240 2072 habent
1271 2033 1286 2069 :
1324 2017 1422 2073 ista
1459 2019 1715 2073 nimirum
1742 2019 1924 2074 divina

338 2111 604 2181 sapientia
636 2111 808 2166 donat
831 2111 946 2165 suis
981 2109 1227 2171 asseclis,
1261 2111 1390 2164 dum
1417 2111 1843 2166 redundantium
1867 2122 1925 2168 et

340 2203 772 2260 mdeftcientium
827 2203 1154 2258 deliciarum
1208 2217 1434 2256 suarum
1469 2203 1802 2259 alﬂuentiam
1843 2206 1926 2261 eis

340 2297 566 2367 prtebet,
601 2307 656 2353 et
681 2299 860 2352 adhuc
887 2293 1249 2366 superetnuit.
1285 2293 1431 2349 Istud
1485 2311 1678 2366 nempe
1711 2298 1924 2351 veraci-

339 2402 419 2444 ter
447 2400 532 2446 est
578 2392 822 2460 epulari:
859 2403 933 2457 et,
977 2393 1186 2447 idcirco
1227 2400 1284 2444 ut
1320 2390 1614 2444 vivificans
1663 2390 1827 2443 simul
1869 2400 1926 2444 et

339 2485 600 2552 parvulos
634 2487 908 2546 nutriens,
959 2501 1342 2554 renovansque
1375 2500 1437 2537 ac
1470 2484 1763 2553 perliciens
1791 2484 1926 2538 cele-

340 2585 548 2636 bratur.

2035 1852 2128 1904 καὶ
2161 1851 2500 1924 καθαρτικὴν
2535 1852 2650 1924 ἅμα
2685 1855 2778 1907 καὶ
2812 1856 3188 1927 φρουρητικὴν
3222 1857 3300 1920 ῶς
3335 1859 3395 1909 ὲν
3432 1855 3614 1928 μέλιτι·

2032 1945 2204 2000 ταῦτα
2236 1946 2344 2016 γὰρ
2391 1948 2424 2016 ἡ
2469 1946 2590 2002 Θεία
2637 1947 2795 2016 σοφία
2841 1949 3095 2019 δωρεῖται
3143 1953 3258 2012 τοῖς
3312 1949 3617 2022 προσιοῦσιν

2032 2038 2278 2108 ἀφθόνων
2311 2039 2514 2103 αὐτοῖς,
2550 2042 2644 2093 καὶ
2676 2041 3040 2094 ἀνεκλείπτων
3062 2043 3309 2114 εὐωχιῶν
3343 2045 3618 2115 ἐπίρῤοιαν

2029 2134 2344 2206 χορηγοῦσα
2388 2136 2480 2188 καὶ
2525 2135 2958 2207 ὐπερὸλύζουσα.
3004 2135 3179 2188 Τοῦτο
3221 2137 3287 2209 δὴ
3321 2138 3384 2189 τὸ
3418 2135 3617 2206 ἀληθῶς

2033 2233 2258 2304 εὐωχεῖν
2292 2235 2357 2264 ⁸⁵·
2393 2234 2485 2286 καὶ
2520 2231 2608 2284 διὰ
2641 2231 2814 2284 ταῦτα
2845 2230 3108 2296 ζωοποιὸς
3143 2231 3262 2301 ἅμα
3296 2233 3394 2285 καὶ
3435 2245 3614 2300 κουρο-

2030 2329 2260 2400 τρόφος,
2296 2329 2391 2384 καὶ
2437 2325 2805 2397 ἀνανεωτικὴ,
2854 2327 2950 2381 καὶ
2993 2325 3378 2398 τελεσιουργὸς
3427 2325 3590 2395 ὕμνου

2037 2421 2194 2491 μένη.

1909 2703 1935 2775 5
1987 2701 2061 2760 ν.

406 2862 780 2934 Nempejnxta
815 2864 956 2918 hanc
994 2879 1208 2920 sat-ram
1240 2867 1477 2922 c0nvivii
1520 2861 1922 2934 expositionem

339 2956 503 3012 etiam
543 2957 772 3028 ipsemet
814 2958 1080 3014 bonorum
1124 2960 1370 3013 omnium
1407 2970 1600 3014 auctor
1626 2958 1774 3013 Deus
1809 2959 1924 3012 ine-

333 3047 504 3108 briari
531 3049 750 3116 dicitur,
777 3059 997 3119 promer
1024 3049 1420 3120 plenissimam,
1450 3061 1523 3114 et,
1557 3066 1678 3119 quae
1702 3064 1920 3104 omnem

2106 2861 2264 2915 Κατά
2295 2861 2495 2930 ταύτην
2528 2861 2583 2913 δὲ
2615 2859 2711 2929 τὴν
2747 2857 2894 2930 ἱερὰν
2928 2858 3027 2927 τῆς
3059 2859 3299 2929 εὐωχίας
3333 2856 3614 2923 ἀνάπτυξιδ

2035 2955 2126 3009 καὶ
2150 2954 2310 3017 αὐτὸς
2345 2955 2373 3004 ό
2408 2953 2627 3006 πάντων
2663 2952 2884 3020 ἀγαθῶν
2918 2953 3089 3014 αἴτιος
3117 2951 3251 3014 Θεὸς
3288 2952 3508 3022 μεθύειν
3539 2951 3615 3004 λέ-

2035 3065 2222 3116 γεται,
2282 3047 2371 3100 διὰ
2420 3047 2518 3118 τὴν
2565 3046 2892 3118 ὐπερπλήρη
2941 3045 3034 3098 καὶ
3096 3046 3241 3116 ὑπὲρ
3295 3045 3479 3114 νόησιν
3525 3046 3616 3114 τῆς

341 3143 757 3212 tutelligentiam
802 3154 1060 3214 superat,
1110 3144 1310 3198 divina:
1359 3142 1732 3214 epulationis,
1797 3141 1920 3206 vel,

2054 3141 2285 3211 ,ὐωχίας,
2321 3139 2353 3210 ἢ
2386 3139 2712 3211 κυριώτερον
2734 3141 2925 3201 εἰπεῖν,
2950 3136 3162 3202 εὐεξίας
3195 3139 3290 3192 τοῦ
3325 3139 3461 3192 Θεοῦ
3495 3157 3615 3190 παν-

341 3233 516 3303 magis
543 3234 766 3302 proprie
791 3232 1088 3305 loquendo,
1119 3234 1276 3290 bona;
1311 3234 1649 3289 habitudinis
1683 3233 1775 3288 Dei
1800 3249 1925 3303 per-

341 3319 698 3380 fectissimam
753 3335 810 3380 et
861 3325 1192 3380 inclfabilem
1268 3327 1714 3382 immensitatem.
1772 3326 1928 3382 Sicut

341 3415 484 3469 enim
514 3431 577 3469 ea
609 3432 732 3486 qua:
756 3419 903 3485 apud
949 3433 1048 3471 nos
1073 3427 1163 3471 est
1191 3419 1454 3483 ebrietas,
1503 3419 1555 3471 in
1593 3419 1922 3473 deteriorem

341 3514 557 3574 partem
581 3507 822 3576 capitur,
849 3518 1041 3576 estque
1073 3508 1366 3562 immodica
1411 3509 1660 3578 repletio,
1703 3519 1927 3579 propter

342 3613 508 3666 quam
551 3608 734 3653 mente
779 3612 1058 3667 sensuque
1105 3599 1491 3664 destituimur;
1525 3601 1605 3655 sic
1646 3602 1697 3654 in
1734 3602 1840 3656 Deo
1878 3603 1922 3655 si

343 3686 626 3741 meliorem
671 3689 723 3742 in
760 3696 970 3756 partem
1001 3689 1254 3758 capiatur
1285 3691 1553 3756 ebrietas,
1596 3691 1733 3746 nihil
1775 3693 1922 3746 aliud

343 3790 423 3835 est
454 3781 829 3850 intelligenda.
851 3796 1013 3850 quam
1043 3782 1360 3850 plenissima
1386 3784 1658 3839 bonorum
1677 3787 1923 3841 omnium

341 3874 703 3941 immensitas,
748 3890 868 3944 quae
916 3875 1043 3931 dum
1075 3886 1318 3944 emanat,
1373 3879 1424 3931 in
1473 3879 1590 3946 ipso
1620 3881 1919 3936 secundum

341 3983 559 4036 causam
581 3970 930 4038 przeexsistit.
958 3971 1096 4036 Quin
1129 3981 1182 4026 et
1211 3972 1385 4040 ipsum
1405 3987 1598 4028 sensus
1617 3988 1921 4039 excessum,

336 4060 431 4128 qui
470 4060 792 4116 ebrietatem
819 4060 1141 4127 comitatur,
1168 4063 1420 4134 accipere
1438 4073 1657 4133 oportet
1681 4081 1780 4134 pro
1816 4069 1922 4120 ista

342 4153 436 4209 Dei
475 4154 846 4223 prtecellentia
899 4171 1021 4228 qua:
1062 4169 1360 4226 exsuperat
1399 4172 1616 4212 onmem
1665 4172 1921 4226 sensum,

341 4263 435 4317 per
459 4263 620 4317 quam
655 4251 723 4305 ab
769 4250 1113 4321 intelligendi
1168 4253 1378 4306 ratione
1425 4253 1764 4318 secernitur,
1796 4268 1920 4307 cum

341 4341 413 4394 sit
439 4356 606 4410 supra
637 4343 688 4396 id
716 4346 857 4410 quod
885 4345 1141 4416 intelligit
1171 4355 1225 4400 et
1253 4345 1595 4417 intelligitur,
1628 4347 1737 4403 imo
1756 4363 1921 4417 supra

340 4436 392 4492 Id
415 4438 559 4510 quod
591 4449 695 4494 est.
720 4438 787 4492 Et
810 4456 931 4495 cum
967 4440 1290 4510 simpliciter
1315 4445 1456 4499 Deus
1482 4442 1641 4496 bonis
1671 4440 1924 4496 omnibus

2028 3233 2154 3304 τελῆ
2190 3234 2285 3286 καὶ
2329 3233 2534 3302 ἄφατον
2568 3231 2854 3303 ἀμετρίαν.
2905 3231 2991 3294 Ὠς
3021 3232 3131 3302 γὰρ
3174 3233 3261 3300 ἐφ’
3299 3234 3456 3302 ἡμῶν
3490 3231 3613 3284 κατᾶ

2027 3325 2087 3378 τὸ
2119 3329 2299 3396 χεῖρον
2327 3327 2359 3396 ἡ
2397 3325 2534 3396 μέθη
2571 3326 2664 3378 καὶ
2697 3324 3048 3394 ἀσύμμετρος
3068 3324 3470 3397 ἀποπλήρωσίς
3491 3326 3614 3387 ἐστι,

2030 3418 2122 3470 καὶ
2148 3417 2239 3472 νοῦ
2274 3419 2368 3472 καὶ
2394 3417 2607 3489 φρενῶν
2637 3417 2912 3480 ἔκστασιςο
2950 3416 3093 3469 οῦτω
3118 3417 3266 3471 κατά
3289 3418 3350 3470 τὸ
3382 3421 3615 3489 κρεῖττον

2027 3513 2120 3565 ἐπὶ
2149 3511 2285 3565 Θεοῦ
2315 3511 2414 3584 τὴν
2449 3511 2617 3582 μέθην
2643 3511 2743 3564 οὐκ
2765 3509 2892 3563 ἄλλο
2917 3527 2968 3562 τι
2994 3510 3099 3581 χρὴ
3125 3510 3461 3564 διανοεῖσθαι
3479 3510 3614 3580 παρὰ

2027 3605 2126 3676 τὴν
2155 3605 2480 3677 ὐπερπλήρη
2500 3605 2620 3658 κατ’
2648 3603 2824 3658 αἰτίαν
2855 3602 3128 3674 προοῦσαν
3160 3605 3205 3634 ⁸⁸
3233 3605 3292 3656 ἐν
3317 3603 3467 3674 αὐτῴ
3495 3604 3615 3656 πάνυ

2026 3717 2134 3752 των
2164 3700 2270 3752 τῶν
2300 3699 2518 3768 ἀγαθῶν
2547 3697 2833 3769 ἀμετρίαν.
2885 3695 3044 3748 Ἀλλά
3076 3696 3172 3748 καὶ
3205 3697 3306 3767 τὴν
3333 3695 3614 3750 ἐπακολου-

2028 3795 2227 3848 θοῦσαν
2260 3797 2325 3864 τῇ
2359 3794 2496 3864 μέθῃ
2529 3791 2622 3844 τοῦ
2664 3792 2878 3862 φρονεῖν
2909 3790 2950 3820 ⁶¹
2977 3788 3264 3852 ἔκστασιν,
3298 3791 3399 3859 τὴν
3431 3790 3591 3857 ὐπερο

2028 3889 2128 3959 χὴν
2150 3887 2244 3941 τοῦ
2266 3886 2400 3940 Θεοῦ
2421 3887 2520 3957 τὴν
2549 3885 2690 3954 ὑπὲρ
2723 3883 2907 3955 νόησιν
2937 3882 3170 3952 οἰητέονν
3201 3883 3325 3935 καθ’
3344 3883 3412 3952 ἦν
3433 3883 3614 3953 iiii?”

2026 3998 2116 4034 ται
2148 3979 2240 4032 τοῦ
2266 3982 2406 4032 νοεῖν
2440 3979 2580 4050 ὑπὲρ
2605 3978 2665 4030 τὸ
2694 3979 2830 4030 νοεῖν
2859 3977 2953 4038 ῶν,
2987 3977 3081 4029 καὶ
3102 3976 3248 4046 ὑπὲρ
3279 3977 3342 4029 τὸ
3368 3976 3612 4036 νοεῖσθαι,

2029 4074 2122 4127 καὶ
2156 4073 2297 4143 ὑπὲρ
2323 4072 2451 4126 αὐτὸ
2471 4073 2532 4126 τὸ
2553 4067 2712 4133 εἶναι,
2739 4071 2832 4124 καὶ
2854 4069 3039 4132 ἁπλῶς
3060 4069 3326 4122 ἀπάντων
3359 4071 3463 4123 ὅσα
3484 4069 3616 4122 ἐστὶν

2027 4165 2208 4235 ἀγαθά
2237 4183 2301 4236 με
2311 4165 2646 4236 μεθυσμένος
2662 4165 2776 4234 ἅμα
2798 4163 2888 4216 καὶ
2909 4161 3222 4234 ἐξεστηκὼς
3247 4164 3401 4215 ἐστιν
3422 4164 3451 4214 ό
3477 4161 3613 4223 Θεὸς,

2025 4259 2100 4323 ὡς
2135 4259 2354 4312 πάντων
2378 4257 2556 4311 αὐτῶν
2586 4258 2702 4328 ἃμα
2724 4256 2816 4309 καὶ
2839 4255 3203 4326 ὐπερπλήρης
3232 4255 3334 4318 ῶν,
3361 4254 3615 4327 ἀμετρίας

2030 4354 2211 4424 πάσης
2256 4349 2549 4422 ὑπερϐολὴ,
2600 4351 2692 4403 καὶ
2737 4345 2890 4413 αὖθις
2934 4347 3039 4413 ἔξω
3085 4350 3179 4402 καὶ
3212 4349 3480 4402 ἐπέκεινα
3517 4346 3612 4400 τῶν

2030 4444 2166 4497 ὅλων
2187 4442 2574 4513 ἀνῳκισμένος·
2607 4442 2714 4496 ἀπὸ
2741 4441 2805 4512 δὴ
2828 4441 3032 4494 τούτων
3068 4439 3413 4512 ὁρμώμενοι,
3443 4443 3532 4494 καὶ
3559 4440 3616 4492 τα

337 4549 458 4604 qua:
489 4542 640 4602 sunt,
673 4534 976 4590 inebriatus
1007 4550 1132 4590 esse
1171 4537 1393 4604 dicitur,
1423 4537 1716 4606 omniaque
1763 4551 1922 4592 exce-

2059 4555 2087 4589 ν
2119 4540 2184 4607 τῇ
2231 4535 2476 4606 βασιλείᾳ
2514 4534 2608 4587 τοῦ
2647 4533 2782 4587 Θεοῦ
2815 4534 2922 4588 τῶν
2950 4534 3112 4587 ὁσίων
3157 4535 3445 4606 συμπόσια
3489 4533 3618 4587 κατὰ

337 4629 494 4692 dere,
527 4637 717 4696 utpote
749 4627 841 4696 qui
873 4627 953 4683 eis
999 4628 1291 4696 omnibus,
1327 4629 1493 4685 totius
1528 4629 1922 4684 immensitatis

337 4735 448 4773 sua:
481 4721 851 4790 prtecellentia
886 4736 1219 4791 supraquatn
1269 4721 1462 4793 plenus
1508 4724 1615 4788 sit,
1662 4735 1718 4778 et
1763 4732 1921 4778 extra

337 4813 541 4880 omnia,
574 4823 629 4868 et
659 4828 828 4882 supra
871 4814 1056 4868 omnia
1098 4829 1318 4869 sursum
1360 4815 1572 4872 habitet
1605 4835 1620 4872 :
1654 4817 1806 4872 hisce
1845 4818 1924 4872 lo-

337 4904 540 4973 quendi
593 4905 903 4960 rationibus
958 4905 1204 4970 inducti,
1269 4918 1586 4964 sanctorum
1646 4909 1810 4963 etiam
1867 4910 1920 4964 in

339 5011 507 5066 regno
526 4999 617 5052 Dei
643 4999 916 5066 convivia,
934 4999 1124 5054 eodem
1151 5000 1310 5056 modo
1332 5002 1687 5072 accipiemus.
1713 5002 1920 5058 Trans-

338 5077 456 5144 i'ens
491 5092 903 5162 cni.m,iinquil,
937 5094 1052 5165 ipse
1086 5111 1203 5161 rex,
1248 5097 1414 5151 faciet
1460 5111 1557 5152 eos
1604 5097 1919 5151 discumbe-

339 5197 418 5246 re,
447 5196 504 5237 et
527 5186 854 5242 ministrabit
894 5190 1050 5256 cisP;
1079 5207 1201 5262 quae
1239 5192 1428 5261 utique
1459 5191 1741 5246 declarant
1767 5207 1918 5245 com-

340 5291 556 5331 munem
581 5283 872 5348 quamdam
905 5295 954 5336 et
993 5287 1317 5340 concordem
1351 5296 1668 5341 sanctorum
1708 5287 1759 5338 in
1787 5285 1922 5338 divi-

364 5495 370 5502 _
420 5447 449 5489 ι)
483 5437 617 5492 Luc.
653 5454 753 5503 xu,
789 5439 879 5493 δῖ.

2029 4630 2121 4683 τὸν
2152 4628 2311 4681 αὐτὸν
2341 4626 2688 4697 ὲκληψόμεθα
2715 4626 2935 4698 τρόπον.
2970 4626 3272 4697 Παρελθὼν
3301 4629 3415 4699 γάρ
3445 4644 3616 4698 φησιν,

2033 4723 2197 4785 αὐτὸς
2221 4723 2248 4773 ὁ
2273 4721 2526 4791 βασιλεὺς
2555 4721 2831 4776 ἀνακλινεῖ
2853 4719 2898 4750 ⁶²
2925 4713 3149 4778 αὐτοὺς,
3199 4723 3298 4774 καὶ
3328 4722 3492 4786 αὐτὴ
3516 4722 3617 4774 δια-

2032 4818 2250 4887 κονήσει
2294 4816 2505 4878 αὐτοῖς’
2542 4814 2795 4888 ἐμφαίνει
2837 4813 2893 4866 δὲ
2936 4814 3110 4866 ταῦτα
3150 4817 3344 4887 κοινήν
3376 4833 3495 4868 τινα
3537 4814 3616 4867 καὶ

2036 4908 2398 4981 ὁμονοητικὴν
2463 4907 2570 4961 τῶν
2620 4907 2790 4977 ἁγίων
2840 4907 2934 4959 ἐπὶ
3003 4910 3118 4970 τοῖς
3173 4907 3349 4972 θείοις
3409 4907 3617 4977 ἀγαθοῖς

2039 5005 2346 5065 κοινωνίαν,
2380 5004 2474 5056 καὶ
2521 5000 2848 5070 Ἐκκλησίαν
2875 5000 3240 5070 πρωτοτόκων
3273 5002 3617 5070 ἀπογεγραμ-

2039 5101 2216 5169 μένων
2247 5097 2289 5129 ⁵³
2319 5098 2375 5148 ὲν
2413 5098 2692 5165 οὐρανοῖς,
2737 5094 2831 5147 καὶ
2869 5095 3160 5164 πνεύματα
3191 5095 3423 5149 δικαίων
3471 5096 3617 5146 πᾶσιν

2038 5193 2263 5261 ἀγαθοῖς
2288 5189 2704 5260 τετελειωμένα,
2758 5188 2849 5240 καὶ
2893 5188 3113 5239 πάντων
3157 5188 3386 5255 ἀγαθῶν
3423 5189 3614 5241 ἀποπε-

2038 5285 2322 5355 πλησμένα
2355 5284 2420 5336 ⁸⁵.
2455 5283 2562 5334 Καὶ
2593 5282 2690 5352 τὴν
2727 5280 3011 5333 ἀνάκλισιν
3041 5280 3371 5335 ἀνάπαυλαν
3411 5279 3613 5352 οἰόμεθα

1651 5562 1886 5616 VARIAE
1927 5560 2326 5616 LECTIONES.

451 5672 783 5749 ""_0t-:w_p‘lav_,
820 5674 884 5729 D.
989 5675 1034 5749 δξ
1063 5676 1374 5749 ἁγαθότητι,
1410 5677 1473 5731 Ι).
1511 5677 1571 5731 Ρ.

348 5757 467 5800 σαν,
506 5741 563 5794 Ρ.
638 5743 679 5815 ‘l
715 5741 1231 5815 τιῖ›νςφρενῶν,’(ἰιι.

349 5813 752 5882 πεπληριςψένα.
772 5852 784 5874 ,
823 5813 878 5866 S.

1652 5680 1700 5711 ⁵³
1733 5679 1930 5750 ἀληθὲς
1962 5675 2021 5732 εὖ
2057 5680 2232 5748 ἔχειν,
2271 5678 2370 5732 Ch.
2409 5673 2467 5731 εὖ
2502 5677 2664 5748 ἔχειν,
2705 5677 2762 5777 SI.
2836 5677 2880 5706 ⁶⁰
2915 5675 3264 5777 προσοῦσαν,
3317 5676 3376 5729 S.
3415 5672 3612 5777 13fchi—

1658 5756 1710 5777 ,τ
1767 5753 1804 5777 n
1865 5751 1902 5777 n
1992 5751 2034 5777 63
2071 5753 2170 5777 ..Ιξη
2213 5752 2370 5777 Ιιιηιίη
2408 5760 2626 5777 ..ι-ιλιι.-
2652 5751 2703 5777 ζ..
2765 5753 2783 5777 ὶ
2821 5748 3192 5777 λιι-Αςιρυιυ-ιιι-
3235 5766 3336 5777 ..-υ
3453 5765 3458 5772 ι
3507 5751 3607 5777 ἕπε-Λ.

1310 5749 1353 5780 ⁶²
1388 5750 1735 5815 κατακλινεῖ,
1766 5747 1832 5804 Ιῖζ
1865 5751 1922 5804 P.
1992 5751 2034 5782 ⁸³
2071 5747 2172 5803 alia
2213 5752 2371 5804 ICt‘llO
2407 5747 2626 5803 notatur
2652 5751 2703 5802 in
2743 5747 3355 5818 1).ἀπογεγραμμένην.
3441 5747 3483 5777 ελ
3502 5751 3607 5799 ἅττ)
