3772 6306
132 311 153 363 l
171 309 262 363 121
1412 305 1697 362 EPISTOL

1874 307 1896 361 ἴ.
3247 314 3390 370 1122

164 433 431 488 uenatus,
459 430 509 476 et
538 432 593 476 tu
631 422 759 476 milii
792 422 954 491 ferme
978 423 1206 492 corrvus)
1232 424 1316 477 die
1358 426 1587 492 quadam
1632 435 1803 489 sexta,
1848 437 1896 479 et
1929 426 2060 478 liora
2106 426 2225 479 item
2265 427 2373 493 fere
2414 436 2581 486 sexta,
2618 426 2699 478 sol
2745 425 3091 489 horribiliter,
3137 427 3392 483 subeunte

156 512 279 557 una,
305 495 619 547 obscuratus
654 493 813 560 fuerit
846 493 970 562 (non
1008 494 1145 561 quod
1192 493 1352 556 Deus,
1384 497 1474 547 sed
1512 497 1652 563 quod
1693 496 1787 547 Dei
1831 512 1961 561 opus
1994 495 2108 559 (66)
2138 498 2189 548 in
2233 514 2367 549 vera:
2408 498 2574 561 ipsius
2606 496 2740 549 lucis
2785 495 3027 549 accubitu
3069 496 3245 550 lucere
3283 515 3389 553 non

132 564 401 637 quiverit),
443 576 655 630 tumque
677 575 812 637 exte
834 573 1213 637 percunctatus
1242 567 1363 637 sim,
1386 566 1536 637 quid
1563 568 1677 626 tibi,
1724 566 1804 619 vir
1832 567 2259 637 prudentissime,
2294 584 2451 631 super
2477 569 2573 619 hoc
2616 566 2901 627 videretur,
2944 576 2998 618 tu
3033 578 3206 618 autem
3241 568 3390 637 ejus-

133 634 273 687 modi
316 650 621 697 responsum
663 634 891 695 dederis,
924 634 1064 702 quod
1093 636 1251 686 menti
1277 636 1479 700 penitus
1512 637 1758 703 infixum,
1792 635 1939 687 nulla
1970 652 2185 700 prorsus
2222 638 2504 696 oblivione,
2536 637 2681 687 nulla
2714 637 2788 688 vel
2824 637 3007 689 mortis
3040 634 3275 704 imagine
3299 638 3388 690 di-

133 705 238 776 labi
263 707 451 772 possit.
469 704 599 776 Cum
624 705 758 755 enim
778 714 914 757 totus
936 705 1073 756 orbis
1093 712 1226 755 tetra
1249 706 1577 776 tenebrarum
1600 706 1824 770 caligine
1849 705 2189 776 uniformiter
2216 708 2473 759 obductus
2500 708 2710 776 fuisset,
2734 723 2794 757 ac
2809 705 2926 773 jam
2960 708 3235 772 repurgari
3259 711 3390 761 solis

130 774 314 840 globus
341 786 387 827 et
408 775 714 827 renitescere
736 777 1042 837 accepisset,
1062 785 1169 825 tum
1191 787 1460 842 assumpta
1484 774 1713 841 Philippi
1744 775 1943 828 ,κὶνὶάωὶ
1971 774 2173 843 regula,
2194 784 2241 826 et
2269 774 2629 841 contemplatis
2649 777 2761 828 coeli
2790 776 3008 830 orbibus
3042 777 3390 844 deprehendi-

132 860 269 907 mus,
296 847 441 914 quod
459 855 569 897 erat
593 860 796 913 quoque
820 844 956 898 alias
983 845 1336 905 notissimum,
1364 862 1464 898 non
1488 850 1719 912 potuisse
1747 846 1802 898 id
1835 849 2079 912 temporis
2112 847 2454 912 defectionem
2482 846 2606 899 solis
2642 848 2844 897 evenire
2870 861 2888 897 :
2912 848 3100 898 deinde
3144 846 3387 901 observa-

130 914 320 985 vimus,
353 915 535 967 lunam
566 916 629 966 ab
654 915 856 967 oriente
887 915 1051 967 solem
1096 916 1371 974 subivisse,
1404 915 1617 985 eiusque
1644 917 1822 968 radios
1845 916 2188 977 obstruxisse,
2216 918 2378 967 donec
2402 926 2567 967 totum
2598 915 2881 977 occuleret,
2907 933 3023 985 qua’
3052 925 3223 968 tamen
3254 918 3388 971 alias

130 984 194 1035 ab
226 986 493 1038 occidente
520 985 674 1037 solita
700 994 828 1055 esset
859 1000 1172 1048 occurrere;
1211 987 1335 1053 quin
1372 984 1518 1037 illam
1556 1003 1756 1055 quoque
1786 986 2104 1048 notavimus,
2133 1004 2248 1037 cum
2296 986 2365 1037 ad
2392 996 2623 1038 extrema
2657 984 2779 1036 solis
2812 988 3146 1052 pervenisset,
3176 990 3389 1055 ejusque

129 1055 430 1108 universum
476 1056 649 1107 orbem
682 1054 980 1125 obtexisset,
1027 1066 1137 1108 tum
1183 1067 1322 1107 retro
1353 1057 1605 1116 orientem
1644 1073 1817 1109 versus
1850 1057 2154 1117 recurrisse,
2187 1057 2421 1121 quamvis
2450 1057 2503 1107 id
2530 1066 2658 1109 esset
2693 1064 2914 1119 tempus,
2958 1057 3098 1125 quod
3127 1073 3217 1109 nec
3247 1054 3388 1111 luna:

127 1128 493 1190 praesentiam,
528 1141 619 1176 nec
642 1124 769 1177 solis
810 1142 1125 1178 concursum
1164 1126 1476 1191 postularet.
1504 1125 1617 1195 Ego
1644 1126 1827 1195 igitur,
1860 1142 1888 1177 o
1930 1126 2244 1189 multiplicis
2273 1127 2587 1178 eruditionis
2618 1126 2941 1195 sacrarium,
2994 1128 3130 1178 tanti
3166 1128 3386 1195 mysteri

129 1196 335 1265 nescius
365 1212 481 1248 cum
510 1210 693 1253 essem.
728 1194 803 1247 sic
828 1204 873 1247 te
898 1195 1204 1265 alloquebar
1230 1211 1249 1249 :
1283 1195 1423 1258 Quid
1452 1198 1554 1248 sibi
1591 1194 1692 1249 vult
1731 1197 1827 1249 hoc
1858 1196 1931 1248 rei
1959 1235 1972 1256 ,
2002 1213 2031 1247 o
2061 1196 2318 1265 doctrina:
2360 1196 2627 1263 speculum
2671 1194 3062 1261 Apollophanes
3089 1197 3114 1249 ?
3155 1194 3387 1249 Insolita

128 1263 230 1315 ista
266 1276 511 1331 portenta
539 1280 946 1334 ecquorumnam
976 1263 1068 1316 tibi
1106 1268 1477 1334 mysteriorum
1511 1267 1756 1318 ridentur
1788 1266 1984 1317 indicia
2010 1267 2035 1317 ?
2062 1264 2137 1317 Tu
2167 1278 2366 1330 autem,
2410 1282 2497 1317 ore
2535 1266 2710 1317 diuino
2737 1265 2901 1334 magis
2934 1282 3091 1332 quam
3140 1267 3387 1320 humana:

126 1335 264 1388 vocis
290 1351 549 1399 sermone,
582 1353 599 1384 ι
651 1333 751 1385 Ha:
783 1344 926 1399 sunt,
961 1352 989 1388 o
1022 1336 1152 1387 bone
1182 1335 1425 1405 Dionysi,
1469 1336 1763 1405 inquiebas.
1796 1336 2096 1388 divinarum
2130 1353 2305 1388 rerum
2356 1336 2695 1388 mutationes.
2736 1352 2753 1384 ι
2804 1333 3059 1405 Denique,
3092 1352 3210 1388 cum
3248 1337 3386 1405 diem

126 1419 432 1473 annumque
455 1405 816 1467 adnotassem,
847 1415 893 1455 et
922 1417 1125 1473 tempus
1150 1404 1426 1458 illud'cum
1456 1404 1543 1470 eo,
1566 1408 1705 1475 quod
1733 1406 1942 1460 Paulus
1970 1405 2096 1458 milii
2127 1408 2393 1474 quondam
2416 1408 2480 1457 ab
2514 1421 2602 1458 ore
2633 1420 2727 1475 suo
2765 1474 2771 1475 γ
2803 1404 3046 1469 pendenti
3102 1404 3389 1458 annuntia-

124 1486 292 1545 πῖθι-ιιι.
318 1472 487 1545 signis
524 1474 979 1527 conclamantibus
1008 1472 1332 1545 concordare
1360 1472 1658 1540 sensissem,
1686 1488 1795 1529 tum
1820 1487 1866 1529 et
1898 1477 2106 1529 veritati
2135 1472 2320 1529 manus
2346 1477 2488 1536 dedi,
2516 1486 2564 1528 et
2594 1472 2956 1545 mefalsitatis
2982 1476 3203 1545 nexibus
3226 1491 3385 1541 expe-

124 1543 220 1599 dii.
251 1543 425 1609 Quam
451 1545 671 1613 proinde
700 1545 987 1609 veritatem,
1013 1556 1059 1598 et
1088 1544 1313 1612 miriﬁce
1340 1562 1435 1613 pra
1452 1547 1591 1609 dico,
1623 1558 1668 1599 et
1696 1549 1795 1601 tibi
1819 1549 2020 1613 iugero,
2046 1563 2163 1615 qua:
2188 1555 2263 1599 est
2294 1548 2397 1599 vita
2425 1556 2470 1598 et
2499 1548 2577 1597 via
2604 1555 2648 1597 et
2677 1544 2771 1595 lux
2796 1559 2942 1615 vera,
2963 1559 3083 1615 qua:
3118 1544 3387 1597 illuminat

123 1631 346 1668 onmem
388 1615 659 1668 hominem
689 1616 998 1669 venientem
1038 1615 1092 1668 in
1124 1616 1266 1668 hunc
1299 1618 1560 1669 Illlllltlllll]
1592 1619 1634 1669 ί.
1679 1616 1778 1670 Cui
1808 1626 1856 1669 et
1887 1628 1941 1669 tu
1974 1613 2208 1681 tandem,
2255 1626 2309 1667 ut
2341 1632 2456 1668 vere
2491 1617 2726 1681 sapiens,
2752 1613 2970 1665 cessisti.
3005 1614 3149 1667 Nam
3178 1616 3383 1667 cessisti

123 1688 262 1747 vitm,
310 1702 429 1737 cum
476 1694 695 1755 mortem
754 1684 1040 1739 abdicasti.
1090 1685 1392 1755 Etroptime
1436 1704 1563 1740 sane
1601 1688 1846 1755 deinceps
1888 1688 2097 1754 feceris,
2130 1688 2173 1739 si
2221 1686 2389 1739 eidem
2423 1686 2631 1738 veritati
2665 1699 2893 1755 prorsus
2937 1683 3259 1755 adha’seris;
3309 1687 3386 1737 ita

121 1756 332 1822 quidem
368 1754 515 1808 nobis
547 1757 747 1807 arctius
778 1756 1119 1825 conjungere.
1164 1754 1312 1807 Illud
1357 1760 1518 1821 enim,
1548 1756 1683 1809 illud
1727 1753 1794 1810 os
1832 1753 2101 1809 nobiscum
2152 1756 2368 1818 posthac
2415 1758 2537 1818 erit,
2587 1753 3045 1825 cujusisplendore
3090 1754 3384 1825 verborum,

122 1827 311 1877 mentis
342 1842 469 1877 mete
496 1826 852 1893 perstringens
873 1823 1068 1887 aciem,
1095 1826 1282 1879 solitus
1306 1841 1444 1886 eras,
1476 1828 1746 1879 accersitis
1772 1828 1889 1879 hinc
1926 1827 2048 1879 inde
2083 1826 2367 1887 coloribus,
2411 1835 2458 1877 et
2502 1826 2681 1891 fucata
2713 1823 3023 1891 eloquentia:
3059 1824 3227 1893 nitore
3254 1824 3386 1877 inti-

118 1911 229 1947 mos
267 1896 497 1962 pectoris
532 1894 698 1947 nostri
726 1892 961 1948 recessus
992 1906 1312 1958 pertentare,
1342 1896 1445 1948 imo
1472 1908 1520 1949 et
1551 1898 1825 1949 nonnullis
1856 1897 2124 1965 interdum
2152 1896 2533 1965 maledicentiw
2558 1893 2753 1945 aculeis
2784 1909 2878 1965 nos
2907 1894 3089 1944 acrius
3122 1892 3381 1959 fodicare.

125 1965 305 2029 Quare
352 1966 796 2034 quemadmodum
833 1968 1080 2028 antehac,
1139 1978 1192 2019 ut
1234 1976 1343 2019 tute
1387 1967 1647 2033 fatebare,
1688 1968 1947 2019 doctrina:
1980 1964 2318 2027 Christiantc,
2369 1979 2747 2027 sacrarumque
2803 1964 3101 2015 litterarum
3146 1965 3386 2029 quamvis

118 2036 308 2100 sapida
334 2035 569 2103 cognitio
603 2036 697 2087 tibi
741 2051 847 2088 non
875 2037 1135 2104 sapiebat,
1168 2036 1259 2089 sed
1292 2052 1408 2088 cum
1441 2038 1509 2087 ad
1545 2054 1661 2089 eam
1700 2036 1778 2089 vel
1811 2037 2195 2104 degustandam
2219 2044 2427 2088 tantum
2458 2037 2757 2094 accederes,
2796 2049 2827 2083 a
2857 2034 3042 2104 mentis
3077 2041 3183 2104 ture
3205 2034 3384 2100 palato

120 2102 484 2166 resiliens,’ac
511 2104 648 2156 velut
680 2102 972 2175 dedignans
1000 2107 1055 2160 in
1085 2120 1292 2169 pectore
1338 2116 1426 2158 tuo
1466 2113 1638 2158 sedem
1684 2102 1889 2175 ponere
1904 2106 2175 2159 resistebat
2208 2122 2227 2160 :
2262 2105 2335 2157 ita
2366 2105 2519 2157 modo
2553 2115 2827 2171 postquam
2860 2119 2951 2175 cor
2989 2102 3288 2175 intelligens
3320 2119 3383 2154 ac

118 2176 399 2241 providum
436 2191 487 2226 es
529 2187 736 2238 nactus,
783 2173 883 2229 tete
910 2177 979 2228 ad
1011 2193 1237 2245 superna
1268 2177 1423 2243 erige,
1464 2192 1626 2244 neque
1651 2173 1745 2244 pro
1776 2178 1839 2229 iis
1861 2193 1979 2242 qute
2022 2191 2125 2227 non
2168 2185 2311 2241 sunt,
2341 2190 2401 2227 ea
2431 2189 2547 2243 qua:
2574 2189 2688 2226 vere
2716 2183 2834 2224 sunt
2868 2174 3106 2245 dimitte;
3150 2173 3386 2245 adeoque

117 2256 305 2297 contra
352 2261 465 2304 eos.
507 2247 680 2312 quiete
717 2247 786 2299 ad
836 2245 975 2313 falsa
1018 2243 1440 2313 provocavei'iut,
1491 2243 1729 2299 tantoin
1764 2259 2029 2314 posterum
2068 2256 2176 2297 esto
2217 2246 2560 2309 pertinacior,
2604 2254 2801 2314 quanto
2842 2252 2897 2293 tu
2935 2244 3105 2303 nobis,
3145 2258 3263 2294 cum
3314 2243 3384 2293 ad

119 2317 389 2367 veritatem
428 2318 559 2368 vatis
586 2311 1224 2381 omnibusinvita—remus,
1249 2317 1494 2369 exstitisti
1520 2311 1865 2383 pervicacior.
1900 2316 1991 2369 Sic
2011 2317 2150 2368 enim
2172 2331 2263 2384 ego
2294 2317 2349 2369 in
2383 2311 2780 2377 Domino'Jesu,
2816 2314 2925 2381 (qui
2947 2323 3021 2365 est
3050 2328 3160 2365 esse
3182 2328 3384 2367 mecum

114 2395 158 2437 et
203 2384 397 2455 vit-ere)
436 2385 589 2439 lwtus
622 2387 808 2440 dehinc
831 2387 1056 2452 moriar,
1091 2387 1521 2457 quandoquidem
1545 2397 1592 2438 et
1622 2396 1677 2439 tu
1710 2388 1769 2441 in
1796 2403 1853 2439 eo
1883 2388 2047 2439 vivas.

1341 2540 1549 2594 PETRI
1586 2540 1943 2597 LANSSELII
1976 2542 2214 2599 NOTAE.

182 2678 307 2751 (64)
348 2677 583 2748 Jamjam
620 2679 691 2731 ad
739 2685 785 2729 te
829 2679 1003 2733 cordis
1032 2695 1203 2743 amor,
1230 2687 1340 2732 etc.
1378 2676 1475 2731 Illa
1521 2678 1699 2733 sancti
1729 2686 1778 2741 Α
1805 2678 2093 2748 aliquando
2119 2680 2395 2741 incidisse,
2422 2678 2514 2733 sed
2546 2692 2689 2731 nunc
2719 2677 2972 2731 eamdem
3010 2676 3381 2733 intercidisse.

112 2772 364 2842 Dionysii
391 2771 629 2839 Epistola
651 2771 718 2824 ad
736 2769 1167 2840 Apollophanem
1188 2771 1299 2840 jam
1325 2771 1700 2825 Christianum

113 2862 508 2933 rudiore-stylo
534 2862 841 2961 primitus:
862 2861 1055 2917 Graeco
1080 2863 1132 2915 in
1160 2861 1413 2916 Latinum
1439 2878 1701 2918 conversa

113 2956 238 3019 fuit,
275 2965 335 3007 ιιι
363 2954 584 3022 quidem
618 2950 1043 3022 reprae'senlatur
1085 2954 1153 3007 ab
1198 2950 1455 3008 llilduino
1481 2955 1698 3026 abbate,

110 3048 159 3100 in
189 3047 317 3101 Vita
362 3040 423 3096 S.
454 3048 699 3117 Dionysii
719 3046 819 3116 (α),
864 3045 1194 3116 octingentis
1221 3056 1347 3101 ante
1381 3048 1537 3102 annis
1563 3048 1699 3101 scri—

109 3148 221 3206 pta.
266 3137 330 3190 Et
354 3136 530 3205 stylus
564 3138 653 3189 vix
685 3137 934 3205 Latinus,
966 3154 1030 3193 ac
1058 3154 1129 3193 ne
1158 3138 1248 3193 vix
1275 3140 1495 3209 quidem
1520 3142 1701 3211 arguit

109 3248 139 3285 e
172 3232 374 3288 Graeco
404 3245 526 3284 esse
551 3246 789 3284 versam.

176 3323 511 3392 Exemplum
555 3336 737 3378 autem
796 3323 1050 3379 Grzecum
1109 3325 1327 3380 venisse
1371 3327 1588 3381 videtur
1639 3323 1697 3380 in

107 3432 313 3472 manus
359 3416 418 3471 S.
466 3416 714 3482 Maximi,
748 3417 842 3471 sed
893 3427 1077 3487 postea
1126 3418 1412 3483 amissum,
1458 3435 1583 3474 cum
1634 3419 1700 3474 ad

109 3509 417 3580 Epistolam
467 3509 710 3580 Dionysii
756 3510 845 3570 10,
895 3526 1014 3578 quae
1057 3519 1145 3564 est
1178 3510 1243 3564 ad
1293 3508 1580 3577 Joannem,
1620 3511 1695 3567 ita

107 3606 349 3657 scribat:
383 3601 597 3653 Ὑποοώ
606 3601 743 3671 μεθα
770 3601 824 3653 δὲ
838 3602 927 3653 τὸν
943 3601 1082 3655 θεῖον
1106 3602 1401 3669 Διονύσιον,
1417 3604 1503 3654 ὅτε
1519 3603 1586 3655 τὰ
1606 3604 1698 3657 ἐπὶ

109 3694 182 3765 τῷ
214 3694 442 3764 σταυρῷ
462 3693 557 3745 τοῦ
584 3694 790 3764 Κυρίου
807 3688 963 3757 εἶδεν,
982 3689 1120 3745 εἶναι
1150 3700 1225 3745 κε’
1248 3694 1405 3757 ἐτῶν,
1430 3694 1523 3747 ἆτε
1544 3691 1697 3765 οἶμαι

109 3788 200 3839 διαὶ
243 3785 326 3837 ἐτι
356 3776 821 3853 ἀναγινώσκοντά.
863 3784 1234 3854 Supponamus
1266 3796 1464 3851 autem,
1501 3788 1695 3855 inquit,

109 3890 353 3931 sanctum
401 3876 718 3946 Dionysium
750 3917 765 3942 ,
818 3881 1031 3947 quando
1078 3877 1179 3929 ista
1230 3887 1441 3946 propter
1484 3877 1697 3932 Domini

109 3982 320 4020 crucem
374 3967 621 4036 prodigia
675 3971 963 4032 conspexit,
1010 3967 1178 4034 fuisse
1236 3969 1417 4036 viginti
1468 3973 1695 4038 quinque

110 4075 400 4125 annorum,
431 4060 877 4128 quemadmodum
911 4077 992 4113 me
1020 4062 1195 4114 adhuc
1226 4061 1410 4131 legisse
1440 4061 1689 4117 arbitror.

110 4152 198 4205 Sic
225 4151 342 4204 ille.
370 4150 507 4203 Cum
549 4160 729 4205 autem
766 4152 818 4206 id
851 4153 1054 4208 diserte
1096 4154 1149 4207 in
1190 4154 1294 4207 hac
1332 4154 1400 4208 ad
1436 4152 1692 4224 Appollo-

102 4244 352 4311 phanem
396 4241 639 4312 Epistola
691 4259 1014 4313 expressum
1072 4247 1402 4316 reperiatur,
1463 4256 1517 4300 et
1562 4246 1693 4301 alibi

102 4348 383 4404 nusquam
415 4335 680 4391 credibile
712 4347 797 4392 est
820 4336 1117 4393 Maximum
1147 4339 1203 4394 in
1239 4354 1361 4395 eam
1393 4339 1689 4409 Epistolam

178 4497 200 4532 τ
233 4491 399 4548 Joan.
430 4507 471 4559 ι,
509 4492 566 4547 9.

167 4674 243 4799 (aq
262 4669 578 4743 Patrologia:_
596 4674 775 4723 Latum:
799 4681 834 4722 t.
862 4672 980 4731 CVI,
1007 4674 1095 4744 eo}.
1124 4674 1203 4722 55.

167 4745 218 4801 (υ
268 4736 435 4786 Αῑὶιει·
453 4748 649 4784 omnino
669 4737 898 4799 plerique
944 4741 1169 4786 sentiunt

1802 2773 2050 2837 Accedit,
2102 2772 2248 2841 quod
2301 2782 2410 2824 tam
2459 2779 2839 2840 argumentum
2888 2770 3061 2838 ipsius
3106 2769 3383 2839 Epistolzn,

1804 2880 1967 2934 quam
1995 2865 2120 2934 styli
2148 2863 2323 2918 Graeci
2352 2864 2578 2931 vestigia
2617 2863 2761 2931 (quae
2803 2862 2977 2929 magis
3010 2862 3065 2915 in
3099 2861 3220 2915 rudi
3264 2877 3385 2916 ver-

1803 2959 1959 3011 sione
1999 2958 2172 3011 notari
2208 2965 2437 3026 possunt
2481 2964 2535 3009 et
2579 2955 2780 3019 solent,
2814 2968 2977 3023 quam
3022 2953 3073 3006 in
3104 2954 3380 3024 politiore)

1802 3049 2053 3118 spiritum
2084 3058 2139 3103 et
2175 3049 2480 3102 orationem
2512 3047 2722 3117 spirent
2754 3046 2931 3101 sancti
2989 3045 3238 3116 Dionysii
3281 3044 3378 3115 (b).

1875 3140 1991 3210 (65)
2023 3140 2176 3209 Swpe
2205 3142 2344 3194 enim
2374 3140 2469 3193 tibi
2510 3150 2558 3193 et
2589 3140 2797 3208 quidem
2840 3146 3088 3191 accurate
3131 3138 3374 3203 exposui,

1802 3243 1908 3289 etc.
1936 3232 2061 3287 Haec
2088 3233 2333 3287 indicant
2370 3232 2684 3301 frequentes
2725 3229 2968 3307 Dionysii
3003 3245 3125 3284 eum
3155 3229 3381 3298 Apollo-

1803 3326 1985 3394 phane
2024 3324 2445 3395 congressiones
2490 3334 2546 3378 et
2595 3323 3016 3391 disputationes,
3061 3324 3138 3377 uti
3185 3333 3241 3377 et
3287 3323 3380 3376 illa

1801 3432 1921 3486 qum
1951 3424 2070 3484 post
2101 3414 2325 3470 subdit:
2361 3414 2563 3481 Quibus
2588 3414 2714 3469 mihi
2737 3430 2841 3467 non
2863 3412 3045 3478 semel,
3070 3414 3159 3468 sed
3189 3416 3383 3484 sacpius

1802 3510 2139 3578 respondisti,
2170 3520 2277 3563 etc.

1873 3577 1986 3671 (66)
2020 3600 2142 3655 Non
2169 3577 2308 3671 quod
2341 3598 2507 3668 Deus,
2535 3600 2626 3654 sed
2654 3602 2796 3670 quod
2832 3598 2929 3653 Dei
2962 3615 3117 3667 Opus,
3146 3607 3255 3653 etc.
3287 3598 3385 3653 Est

1803 3693 2044 3764 Dionysii
2076 3696 2143 3747 ad
2185 3694 2625 3763 Apollophanem
2650 3693 2964 3762 occupatio,
2998 3706 3105 3761 qua
3138 3691 3385 3745 occurrit

1802 3788 1982 3840 tacitae
2029 3786 2344 3854 olnjectioni,
2375 3801 2539 3854 quam
2588 3800 2807 3840 movere
2851 3785 3117 3854 potuisset
3160 3784 3382 3851 Apollo-

1800 3878 2029 3947 phanes,
2047 3878 2776 3941 dicens,extraordiuarium
2800 3877 2931 3931 solis
2943 3888 2997 3931 et
3024 3877 3163 3929 luna:
3182 3890 3381 3929 occur-

1800 3986 1918 4024 sum
1981 3986 2103 4024 cum
2141 3970 2327 4025 densis
2359 3970 2616 4034 tenebris,
2640 3970 2823 4023 vocari
2853 3968 3164 4021 divinarum
3199 3979 3379 4020 rerum

1802 4064 2168 4129 mutationes;
2201 4064 2329 4132 quia
2355 4062 2568 4117 scilicet
2588 4062 2670 4116 sol
2706 4072 2760 4116 et
2796 4061 2923 4114 luna
2955 4061 3029 4115 dii
3061 4060 3169 4115 sint
3197 4068 3251 4113 et
3276 4060 3380 4113 lia-

1802 4156 2068 4219 beantur;
2126 4156 2353 4223 ideoque
2420 4169 2609 4229 eorum
2661 4153 3001 4223 prodigiosae
3050 4152 3380 4207 mutationes

1800 4262 1983 4303 rerum
2029 4261 2153 4302 esse
2194 4248 2500 4301 divinarum
2548 4248 2958 4303 conversiones.
3013 4246 3088 4301 De
3133 4244 3377 4315 quoiam

1801 4341 1887 4410 egi
1916 4342 2074 4395 initio
2103 4341 2295 4410 capitis
2325 4338 2522 4395 fusius.

268 4736 435 4786 Aiiter
453 4727 649 4784 o'mnino
669 4737 898 4799 plerique
944 4727 1169 4786 sentiunt
1206 4736 1427 4787 editores
1471 4736 1692 4799 Operam
1721 4730 1774 4781 S.
1798 4730 2047 4795 Dionysii.
2076 4731 2201 4785 Vide
2224 4731 2605 4795 Prolegomena,
2626 4728 2720 4777 col.
2745 4728 2825 4781 56,
2850 4728 2984 4778 Ευιτ.
3013 4727 3164 4776 Pun.
