3772 6306
373 317 515 374 H23

376 457 1007 496 κτρα-*ἕ

554 467 1568 491 Ψ

1550 301 1606 351 S.
1652 296 1949 351 υιυΝὶδιι
2004 291 2469 344 Allb'll’AUl'l'rh‘

3532 281 3655 331 11⁸34

1028 442 2437 467 W.
1852 458 2437 467 ________.___—_———

3204 448 3577 457 —.———.——_

902 582 1684 721 LITURGIA
1746 576 2316 709 SANCT'I
2394 570 3112 699 DIONYSII

1530 793 1973 857 ATHENARUM
2016 790 2325 846 EPISCOPI
2368 791 2467 861 (ί).

413 954 763 1025 (ιὶιιιϊθὶαηιηι
789 948 1109 1003 Orientalium
1138 943 1362 999 Collcclio
1385 953 1537 1003 opera
1563 944 1615 988 et
1639 928 2382 1052 ιῗὲἓξὶθιέἰᾶςοὶήὶι[Βὶκλετόίίτῗ
2418 927 2648 988 Parisini,
2684 927 2805 976 edit.
2840 926 3077 987 secunda,
3104 927 3388 977 Francfurti
3414 931 3476 977 ad
3520 930 3628 981 llo:-

1764 1035 1776 1052 ,
1941 1028 1953 1041 .
2008 1025 2021 1039 .
2100 1027 2110 1048 ,
2176 1027 2185 1036 .
2232 1025 2259 1037 ..
2330 1028 2340 1037 .

1763 1035 1776 1058 ,
1816 1025 1953 1043 ιυιιο
1985 1025 2021 1039 ιι
2050 1025 2110 1048 ιι,
2138 1025 2185 1051 ι]-
2232 1025 2340 1037 ην...

716 1230 966 1288 Primum
1003 1225 1188 1282 Oratio
1220 1233 1339 1277 ante
1372 1216 1589 1273 Pacem.

439 1329 725 1388 Sacerdos.
788 1324 1020 1380 Domine
1071 1321 1211 1374 Deus
1264 1317 1355 1386 qui
1409 1329 1470 1369 es
1522 1308 1791 1377 simplex,
1853 1318 1962 1356 non

367 1422 704 1492 compositus
767 1413 1234 1480 absconditusque
1291 1408 1343 1461 in
1407 1403 1644 1457 essentia
1706 1396 1965 1458 sublimi,

367 1489 511 1578 Deus
549 1512 712 1566 Pater
746 1525 775 1563 a
816 1522 924 1577 quo
982 1516 1178 1559 nomen
1226 1497 1389 1554 habet
1436 1494 1615 1551 omnis
1665 1489 1967 1560 paternitas

368 1622 490 1676 qua:
520 1607 574 1660 in
603 1604 744 1658 ccelo
771 1610 858 1655 est
897 1607 953 1653 et
992 1597 1043 1650 in
1074 1605 1239 1654 terra,
1276 1589 1609 1655 Principium
1644 1580 1965 1644 divinitatis,

377 1675 571 1753 eorum
604 1696 698 1764 qui
730 1702 937 1747 natura:
970 1689 1169 1743 divina:
1200 1683 1556 1754 participant,
1597 1688 1651 1731 et
1698 1675 1972 1745 perfector

378 1800 570 1844 eorum
602 1787 693 1856 qui
726 1780 1119 1853 perfectionem
1156 1781 1571 1841 consequuntur
1608 1787 1622 1823 :
1666 1769 1842 1821 bonus
1875 1781 1971 1819 su-

384 1897 483 1953 per
518 1854 701 1933 omnia
740 1880 883 1932 bona
927 1873 1267 1943 pulcherque
1292 1883 1459 1936 supra
1487 1854 1669 1919 omnia
1704 1860 1927 1931 pulchra
1956 1877 1969 1912 :

376 1952 747 2038 tranquillitas
776 1966 1023 2038 pacifica,
1073 1957 1515 2032 pax,coneordia
1574 1968 1629 2008 et
1680 1952 1811 2005 unio
1842 1964 1977 2003 om-

382 2071 530 2123 nium
556 2066 885 2119 animorum.
912 2058 1189 2124 Compone
1213 2052 1436 2107 dissidia
1461 2064 1584 2117 qua:
1609 2061 1708 2099 nos
1740 2045 1975 2097 invicem

387 2156 663 2217 dividunt,
682 2161 738 2206 et
760 2151 929 2204 reduc
956 2146 1100 2201 eaad
1122 2146 1376 2198 unionem
1402 2138 1708 2200 charitatis,
1726 2150 1849 2204 qu:e
1875 2132 1980 2186 ali-

375 2262 541 2319 quam
560 2242 815 2300 essentia:
831 2251 935 2295 tute
960 2238 1208 2293 sublimis
1230 2233 1647 2289 similitudinem
1675 2230 1893 2283 habeat.
1913 2226 1981 2279 Et

379 2316 524 2394 sicut
553 2350 693 2390 unus
718 2349 777 2389 es
794 2344 957 2401 super
978 2328 1183 2389 omnia,
1207 2327 1291 2379 fac
1320 2338 1420 2378 nos
1449 2337 1637 2384 unmn,
1662 2334 1763 2389 per
1779 2316 1980 2371 unani-

378 2432 625 2486 mitatem
654 2428 811 2482 bona:
837 2424 1058 2485 mentis,
1089 2430 1147 2473 ut
1176 2418 1469 2485 simplices,
1498 2423 1551 2469 et
1580 2427 1684 2466 non
1709 2410 1868 2465 divisi
1899 2410 1985 2462 in-

380 2522 669 2579 veniamur
710 2531 895 2572 coram
933 2522 986 2567 te
1027 2513 1081 2566 in
1118 2522 1364 2580 tempore
1399 2510 1497 2561 hoc
1533 2504 1776 2577 mysterii
1822 2517 1984 2572 pera—

387 2611 582 2679 gendi:
609 2619 775 2677 utque
801 2621 899 2676 per
922 2604 1203 2672 amplexus
1232 2600 1537 2665 charitatis,
1562 2608 1616 2650 et
1649 2610 1820 2649 nexus
1848 2595 1982 2649 dile-

389 2704 612 2765 ctionis,
629 2696 989 2770 spiritualiter
1003 2710 1171 2749 unum
1188 2694 1379 2754 simus,
1400 2702 1505 2744 tam
1528 2690 1808 2743 nobiscum
1826 2686 1976 2756 ipsis,

387 2809 550 2865 quam
581 2794 649 2847 ad
683 2792 939 2852 invicem,
966 2801 1064 2853 per
1091 2801 1279 2856 pacem
1303 2784 1453 2837 illam
1487 2792 1636 2835 tuam
1662 2780 1847 2835 omnia
1882 2794 1980 2848 pa-

385 2897 627 2950 eantem,
666 2901 765 2955 per
807 2883 1040 2954 gratiam
1076 2890 1130 2933 et
1157 2876 1593 2933 misericordiam
1621 2886 1977 2941 amoremque

387 2995 516 3049 erga
548 2978 800 3032 homines
825 2972 1092 3044 unigeniti
1123 2971 1249 3025 Filii
1289 2969 1394 3031 tui,
1452 2984 1550 3037 per
1585 2982 1747 3036 quem
1774 2976 1830 3020 et
1859 2979 1983 3019 cum

391 3088 497 3143 quo
522 3082 572 3127 te
605 3072 759 3126 decet
787 3068 986 3140 gloria,
1009 3068 1183 3121 honor
1202 3072 1256 3119 et
1281 3062 1593 3133 imperium,
1625 3074 1749 3114 eum
1774 3058 1984 3129 Spiritu

392 3180 486 3220 tuo
518 3163 890 3219 sanctissimo.

461 3256 723 3326 Populus.
757 3256 956 3311 Amen.

459 3348 747 3405 Sacerdos.
775 3347 911 3401 Pax.

461 3437 726 3504 Populus.
762 3438 829 3491 Et
864 3451 989 3490 cum
1030 3436 1223 3505 spiritu
1260 3443 1373 3489 tuo.

465 3534 757 3587 Diaconus.
795 3531 891 3584 Det
916 3542 1103 3597 pacem
1128 3528 1517 3597 unusquisque.

463 3624 730 3693 Populus.
762 3621 993 3677 Omnes.

464 3717 757 3772 Diaconos.
788 3713 940 3768 Post.

467 3807 727 3878 Populus.
757 3807 956 3861 Coram
991 3813 1043 3859 te
1075 3803 1325 3859 Domine.

1986 1120 2057 1133 ’ᾤ

1983 1217 2027 1272 Α
2060 1182 2464 1260 ρτπιιῖρηιοτιιηὶ
2497 1202 2919 1267 viviﬁcantium,
2961 1216 3057 1272 per
3086 1201 3415 1270 pontificem
3507 1199 3653 1252 cccle—

2062 1304 2196 1352 stem
2210 1295 2396 1354 Jesum
2425 1297 2706 1351 Christum
2736 1296 3082 1366 unigenitum
3119 1294 3323 1350 Filium
3361 1310 3544 1362 tuum,
3574 1313 3659 1366 per

2070 1404 2231 1459 quem
2259 1399 2315 1441 et
2338 1404 2461 1442 cum
2491 1403 2601 1459 quo
2643 1396 2695 1442 te
2728 1388 2889 1442 decet
2911 1387 3081 1457 gloria
3106 1396 3162 1441 et
3196 1389 3403 1444 honor.

2162 1492 2414 1564 Populus.
2450 1492 2634 1546 Amen.

2156 1593 2444 1649 Sacerdos.
2478 1594 2763 1648 Exsistens
2806 1592 3178 1648 essentialiter
3232 1600 3289 1648 et
3333 1593 3403 1646 ab
3451 1602 3658 1655 aeterno,

2072 1686 2231 1754 cuius
2260 1696 2458 1739 natura
2495 1684 3079 1755 incomprehensibilis
3108 1693 3216 1751 est,
3250 1684 3349 1755 qui
3395 1700 3566 1755 prope
3594 1701 3661 1747 es,

2075 1789 2126 1835 et
2152 1793 2389 1851 praesens
2420 1778 2695 1842 omnibus,
2730 1778 2943 1847 absque
2996 1775 3105 1832 ulla
3157 1778 3535 1833 sublimitatis
3577 1791 3665 1833 tum

2076 1871 2421 1927 mutatione:
2456 1870 2615 1939 cujus
2666 1870 2971 1923 bonitatem
3030 1870 3244 1939 appetit
3290 1879 3348 1924 et
3400 1870 3665 1924 desiderat

2078 1964 2444 2031 quodcunque
2498 1964 2743 2025 exsistit;
2767 1960 3142 2031 intelligibiles
3184 1961 3414 2031 quidem
3442 1971 3500 2016 et
3526 1960 3665 2015 intel-

2086 2055 2232 2111 lectu
2269 2054 2513 2123 praedita:
2539 2062 2827 2119 creaturae,
2864 2052 3307 2123 intelligibiliter,
3340 2069 3512 2109 sensu
3552 2069 3667 2107 vero

2084 2147 2328 2217 praedita:
2351 2187 2364 2209 ,
2390 2146 2749 2200 sensibiliter.
2790 2145 2894 2212 Qui
2923 2162 3045 2201 cum
3078 2162 3222 2202 unus
3261 2148 3341 2202 sis
3376 2148 3668 2202 essentiaiio

2087 2252 2197 2306 ter,
2249 2248 2435 2294 tamen
2492 2240 2624 2293 ades
2677 2239 2964 2292 nobiscum
3016 2248 3073 2293 et
3102 2240 3249 2294 inter
3282 2255 3409 2303 nos,
3478 2241 3531 2294 in
3582 2242 3667 2294 hac

2083 2332 2241 2397 liora,
2268 2346 2373 2399 qua
2409 2329 2474 2383 ad
2502 2328 2618 2382 hare
2644 2327 2902 2397 mysteria
2938 2337 3029 2380 tua
3054 2337 3245 2381 sancta
3276 2327 3494 2382 vocasti
3517 2328 3666 2381 etad-

2086 2423 2287 2478 duxisti
2321 2436 2459 2477 nos:
2489 2431 2543 2474 et
2574 2419 2754 2473 standi
2790 2434 2977 2474 coram
3019 2419 3242 2473 sublimi
3280 2418 3519 2473 Throno
3566 2434 3669 2473 ma.

2081 2515 2300 2583 jestatis
2351 2522 2455 2567 tua:
2504 2512 2699 2581 dignos
2755 2511 2958 2576 fecisti,
2998 2519 3164 2578 atque
3234 2512 3517 2565 tractandi
3556 2526 3667 2564 vasa

2086 2617 2275 2663 sancta
2304 2606 2594 2662 ministerii
2625 2606 2698 2660 tui
2727 2604 2980 2659 manibus
3006 2605 3212 2659 nostris
3239 2605 3500 2674 impuris.
3520 2604 3672 2659 Aufer

2086 2712 2271 2756 autem
2332 2717 2361 2755 a
2421 2700 2601 2765 nobis,
2648 2697 2901 2764 Domine,
2951 2707 3161 2751 vestem
3219 2695 3538 2765 iniquitatis
3584 2713 3670 2767 qua

2088 2791 2276 2845 amicti
2332 2806 2525 2845 sumus
2554 2830 2568 2855 ,
2616 2799 2673 2842 ut
2721 2804 2750 2842 a
2799 2786 2924 2842 Jesu
2962 2787 3073 2841 filio
3116 2785 3357 2841 Josedek
3403 2788 3673 2841 sacerdote

2087 2899 2284 2953 mag-no
2329 2883 2659 2937 vestimenta
2704 2879 2927 2934 sordida
2962 2878 3261 2942 .bstulisti
3312 2895 3327 2931 :
3380 2888 3440 2931 et
3491 2879 3676 2948 pietate

2088 2986 2256 3045 atque
2278 2975 2491 3044 justitia
2537 2987 2743 3029 exorna
2778 2988 2902 3036 nos,
2946 2972 3089 3027 sicut
3134 2971 3288 3026 illum
3350 2972 3676 3026 vestimento

2089 3068 2280 3138 gloria:
2313 3067 2560 3132 ornasti;
2600 3075 2658 3119 ut
2696 3074 2748 3121 te
2780 3065 2895 3119 solo
2935 3073 3195 3134 tanquam
3250 3072 3579 3133 tegnmento
3607 3064 3654 3116 in

2093 3161 2232 3227 duti,
2268 3169 2323 3214 et
2352 3161 2495 3214 sicut
2522 3157 2721 3227 templa
2764 3165 3025 3212 coronata
3047 3155 3219 3227 gloria
3251 3156 3607 3219 exsistentes,
3633 3166 3676 3208 te

2094 3253 2303 3317 absque
2352 3251 2619 3305 velamine
2665 3250 2971 3313 videamus,
3015 3259 3198 3303 mente
3242 3247 3519 3303 divinitus
3565 3248 3676 3302 illu-

2094 3354 2363 3409 strata,et
2404 3346 2471 3398 ad
2502 3358 2743 3397 mensam
2778 3344 2928 3409 regni
2962 3342 3036 3394 lui
3069 3339 3386 3411 epulemur,
3423 3341 3550 3396 dum
3586 3340 3674 3394 hoc

2097 3437 2375 3494 sacrificio
2423 3450 2608 3490 coram
2661 3433 2818 3488 nobis
2874 3432 3159 3503 proposito
3213 3432 3674 3487 communicantes

2098 3530 2467 3601 perfrnemur.
2504 3540 2559 3582 et
2596 3526 2900 3581 referemus
2944 3526 3039 3581 tibi
3086 3525 3323 3595 gloriam
3364 3535 3424 3581 et
3456 3523 3672 3581 laudem.

2167 3623 2423 3691 Populus.
2457 3622 2650 3674 Amen.

2167 3716 2455 3769 Dioconus.
2486 3713 2705 3769 Stemus
2737 3711 3018 3766 decenter.

2172 3810 2426 3880 Papulas.
2458 3806 2847 3861 Misericordia:
2878 3806 2993 3860 Dei.

467 3898 751 3957 Sacerdos.
782 3900 951 3953 Dator
976 3895 1290 3952 sanctitatis
1318 3902 1371 3949 et
1395 3894 1630 3965 largitor
1648 3896 1829 3950 omnis
1854 3895 1979 3949 boni
2010 3915 2051 3971 (ι
2160 3901 2438 3957 Sacerdos.
2482 3901 2754 3959 Charitas.

396 3982 649 4060 Domine,
673 3993 765 4063 qui
797 4007 1018 4047 onmem
1051 4001 1367 4047 creaturam
1416 3988 1739 4045 rationalem
1774 3993 1981 4045 sancti-

400 4096 510 4141 tate
545 4101 665 4155 qua:
694 4104 723 4138 a
762 4096 813 4139 te
839 4094 943 4149 est,
979 4086 1291 4140 sanctilieas
1323 4098 1339 4137 :
1367 4086 1647 4139 sanctiﬁca
1682 4100 1780 4153 per
1810 4084 1985 4154 Spiri-

400 4189 513 4233 tum
562 4189 711 4233 tuum
749 4186 1023 4241 sanetum,
1055 4194 1155 4233 nos
1200 4193 1388 4233 servos
1434 4189 1582 4243 tuos,
1631 4180 1722 4247 qui
1752 4178 1984 4233 inclina-

400 4287 523 4325 nmr
552 4286 737 4325 coram
776 4280 869 4325 te:
902 4270 1075 4324 libera
1108 4286 1207 4325 nos
1239 4272 1307 4325 ab
1340 4272 1597 4325 omnibus
1631 4272 1986 4340 passionibus

401 4363 693 4417 servilibus
736 4362 973 4432 peccati,
1031 4363 1099 4416 ab
1154 4363 1390 4426 invidia,
1442 4362 1587 4426 dolo,
1642 4361 1984 4429 deceptione,

401 4455 552 4519 odio,
588 4455 913 4521 inimicitiis,
948 4466 1004 4510 et
1042 4455 1113 4509 ab
1145 4471 1210 4510 eo
1247 4456 1341 4526 qui
1383 4455 1572 4509 eadem
1623 4464 1901 4524 operatur,
1930 4463 1988 4508 ut

404 4564 713 4604 mereamur
742 4557 931 4603 sancte
960 4548 1225 4619 perlicere
1252 4548 1619 4603 ministerium
1666 4547 1861 4601 horum
1896 4562 1989 4602 sa-

400 4685 423 4714 θ
473 4681 552 4751 (Ι)
580 4680 963 4750 Areopagitam
1017 4680 1106 4735 hic
1151 4678 1413 4751 Jacobita:
1454 4679 1789 4751 intelligunt,
1826 4696 1987 4750 quem

402 4752 569 4806 etiam
626 4752 862 4805 Arabiee
920 4751 1213 4813 Baulonsi,
1279 4750 1565 4805 Paulinum
1617 4750 1816 4805 vacant
1874 4752 1989 4805 sive

405 4822 560 4876 Pauli
609 4823 956 4892 discipulum.
1007 4822 1134 4889 Ejus
1176 4822 1321 4875 enim
1380 4823 1548 4875 libros
1597 4837 1695 4890 pro
1736 4823 1990 4891 genuinis

408 4896 634 4963 habent,
686 4904 741 4946 et
790 4894 1024 4963 majores
1068 4908 1260 4946 eorum
1311 4892 1723 4963 Monophysitae,
1766 4893 1856 4960 qui
1890 4892 1991 4963 sub

404 4962 737 5030 Iustiniano,
772 4979 916 5017 anno
951 4961 1001 5016 J.
1037 4964 1098 5018 C.
1134 4962 1259 5026 532,
1286 4961 1757 5032 Constantinopoli
1791 4963 1857 5015 de
1887 4961 1991 5014 fide

406 5035 752 5089 collationem
800 5050 923 5088 cum
983 5035 1305 5089 ortbodoxis
1356 5035 1705 5095 habuerunt,
1773 5032 1987 5084 illorum

408 5105 574 5172 primi
602 5106 935 5157 testimoniis
969 5105 1053 5158 usi
1081 5115 1231 5167 sunt,
1260 5107 1404 5174 quod
1431 5122 1459 5156 a
1495 5105 1625 5156 viris
1645 5103 1994 5174 doctissimis

408 5175 611 5228 dudum
657 5174 763 5228 fuit
804 5175 1156 5228 observatum
1194 5172 1291 5245 (a).
1336 5172 1391 5226 lu
1428 5174 1595 5227 variis
1631 5173 1993 5227 Collectaneis

409 5246 810 5299 sententiarum
865 5261 932 5299 ex
987 5244 1227 5313 antiquis
1287 5245 1557 5307 Patribus,
1608 5246 1673 5296 ad
1716 5244 1989 5312 opinionis

408 5331 521 5369 sua:
549 5315 950 5377 defensionem,
980 5326 1201 5370 exstant
1233 5315 1506 5370 nonnulla:
1533 5330 1597 5368 ex
1635 5313 1900 5381 ejusmodi
1928 5314 1991 5367 li-

410 5386 525 5439 bris
557 5402 572 5439 :
603 5397 659 5440 et
685 5401 748 5457 ea
790 5387 1031 5457 ratione,
1069 5387 1359 5457 Dionysius
1392 5386 1533 5438 inter
1566 5386 1823 5439 Ecclesia:
1885 5386 1991 5440 Do-

409 5466 597 5510 ctores
622 5458 675 5509 in
700 5456 983 5526 Diptycbis
1012 5456 1327 5525 frequenter
1347 5469 1681 5513 numeratur.
1702 5459 1883 5522 Atque
1905 5458 1992 5511 illa

412 5528 724 5599 verisimilis
759 5543 925 5581 causa
970 5538 1075 5591 est,
1113 5544 1213 5581 cur
1259 5530 1378 5599 ejus
1421 5531 1641 5582 nomine
1686 5527 1991 5594 Liturgiam

411 5598 743 5667 singularem
778 5600 1203 5666 composuerint,
1246 5617 1351 5653 non
1390 5600 1542 5667 quod
1584 5600 1750 5652 multa
1800 5603 1869 5667 ad
1906 5616 1994 5667 suo

413 5680 536 5719 eros
570 5666 709 5721 ritus
737 5665 1043 5736 spectantia
1090 5669 1375 5723 hauserint
1408 5665 1479 5722 ex
1515 5671 1671 5723 libris
1702 5672 1770 5723 de
1806 5665 1993 5722 Eccle-

478 5781 547 5845 (a)
586 5782 704 5831 Mor.
734 5783 800 5835 De
833 5794 960 5833 sacr.
998 5783 1105 5833 ord.
1137 5795 1179 5842 [ι.
1208 5786 1256 5848 2,

2165 3992 2424 4061 Populus.
2453 3990 2519 4044 Et
2547 4007 2667 4045 cum
2695 3991 2889 4059 spiritu
2919 3998 3035 4045 tuo.

2164 4085 2451 4140 Sacerdos.
2483 4085 2715 4137 Sursum
2748 4082 2935 4138 corda.

2164 4177 2424 4244 Populus.
2462 4176 2740 4229 Habemus
2772 4176 2838 4228 ad
2872 4173 3185 4231 Dominum.

2164 4272 2449 4326 Sacerdos.
2476 4270 2699 4325 Gratias
2733 4276 2962 4340 agamus
2994 4269 3251 4324 Domino.

2162 4360 2429 4430 Papulas.
2471 4362 2697 4430 Dignum
2726 4359 3006 4425 etjustum
3036 4370 3139 4416 est.

2090 4500 2093 4503 ,
2164 4456 2428 4510 Sacerdos
2460 4454 2769 4507 inclinatus.
2803 4451 2942 4507 Vere
2974 4454 3120 4508 enim
3150 4454 3381 4523 mentis,
3416 4453 3675 4512 sermmis

2093 4557 2147 4604 et
2175 4548 2525 4618 cogitationis
2560 4548 2704 4601 vires
2725 4546 2941 4601 excedit
2966 4545 3267 4601 celebratio
3298 4545 3672 4601 beneficiorum

2090 4685 2308 4740 sinstica
2349 4684 2686 4745 lucrare/tia;
2753 4698 2880 4737 nam
2926 4692 3195 4752 quantum
3231 4681 3299 4734 ad
3346 4681 3671 4753 disciplinam

2094 4754 2522 4808 enebarisueam
2577 4764 2808 4821 spectat,
2845 4755 2929 4807 vix
2973 4769 3212 4821 unquam
3246 4753 3472 4806 illorum
3502 4754 3671 4808 menu-

2096 4832 2313 4878 nerunt.
2354 4824 2557 4876 Eodem
2606 4824 2827 4878 nomine
2871 4825 3012 4877 edita
3047 4834 3131 4876 est
3179 4826 3235 4875 in
3286 4823 3497 4877 blissali
3537 4821 3674 4876 Chal-

2093 4896 2250 4949 daico
2283 4894 2550 4963 Liturgia,
2593 4895 2689 4947 sed
2732 4910 2853 4964 quae
2900 4905 3101 4963 praiter
3149 4893 3376 4964 titulum
3422 4908 3552 4947 cum
3585 4897 3671 4945 ista

2094 4980 2385 5019 commune
2437 4964 2570 5016 nihil
2625 4963 2811 5028 habet,
2867 4981 2991 5019 etnu
3050 4964 3103 5016 in
3160 4963 3371 5017 Missali
3423 4965 3675 5017 tribuatur

2103 5037 2372 5102 Dionysio
2405 5034 2673 5087 Bursalibi
2711 5038 2967 5104 episcopo
3000 5034 3277 5088 Amideno
3315 5034 3583 5088 Jacobita:
3609 5033 3677 5104 fas

2098 5101 2440 5170 mosuSsimo,
2481 5106 2548 5158 de.
2591 5121 2697 5174 quo
2736 5101 2948 5159 dicetur
3001 5107 3051 5157 iu
3090 5106 3579 5159 observationibus
3619 5101 3673 5152 ad

2094 5178 2341 5229 eamdem
2371 5174 2697 5242 Liturginm,
2720 5186 2774 5228 et
2806 5175 3008 5245 passim
3038 5175 3165 5228 alibi
3191 5175 3403 5229 dictum
3441 5186 3546 5237 est,
3570 5186 3672 5227 cum

2023 5275 2067 5329 ῃ
2096 5247 2240 5299 illius
2270 5247 2595 5329 testimoniis
2636 5250 2687 5299 in
2723 5255 2836 5301 toto
2875 5248 2978 5329 hoc
3005 5260 3179 5329 opere
3210 5247 3539 5327 saepissime
3569 5254 3672 5321 tua;

2102 5333 2244 5370 mur.
2279 5317 2466 5385 Neque
2495 5320 2633 5370 ullus
2664 5328 2747 5373 est
2788 5316 3134 5385 ambiguitati
3168 5312 3351 5382 locus,
3384 5327 3486 5370 aut
3516 5312 3666 5382 suspi-

2102 5389 2248 5443 cioni
2280 5393 2345 5441 de
2379 5388 2588 5439 incuria
2624 5384 2977 5442 librariorum
3005 5402 3020 5441 :
3045 5402 3171 5439 cum
3209 5388 3264 5441 in
3313 5390 3511 5443 iisdem
3544 5384 3675 5440 codi-

2098 5460 2255 5513 cibus
2289 5469 2517 5525 utraque
2540 5457 2783 5530 Liturgia
2815 5473 2956 5527 saepe
2985 5458 3317 5530 reperiatur.
3349 5459 3404 5513 In
3441 5464 3543 5512 ista
3570 5470 3673 5530 vero

2098 5544 2269 5653 ganea
2297 5540 2597 5583 occurrunt
2626 5526 2745 5601 qui:
2776 5526 3015 5601 aliquam
3063 5529 3507 5599 eXplicationem
3551 5526 3673 5583 desi-

2134 5611 2306 5653 ercnt.

2134 5611 2306 5657 ετειιι.

1344 5786 1385 5834 ι.
1419 5785 1629 5847 Launog'.
1674 5788 1737 5836 De
1762 5785 1947 5837 duobus
1974 5788 2172 5846 Diones.
