3772 6292
163 281 292 340 1ιὲἷὶ

1605 283 1954 341 LITURGIA.

3257 292 3401 349 {126

159 406 398 462 tuorum,
433 397 677 465 Domine,
722 412 897 469 neque
925 400 1203 454 sufﬁciunt
1224 415 1404 454 omnia
1434 415 1552 462 ora,
1579 414 1731 451 men-
1760 408 1805 462 Α
1907 398 2129 451 Elevaus
2159 413 2349 455 vocem.
2375 398 2475 464 Qui
2509 408 2819 468 conceptus,
2856 400 3119 457 formatus
3150 414 3205 460 et
3228 408 3402 463 conﬁ-

162 500 245 543 tes
268 503 480 551 omnes,
513 498 566 543 et
594 489 811 557 linguae,
845 492 908 544 ad
943 500 1013 557 te,
1048 501 1105 546 ut
1134 493 1350 561 digmnn
1385 503 1484 557 est,
1515 493 1722 561 gloriﬁ-

156 580 417 634 candnm.
446 580 623 635 Verbo
653 582 796 634 enim
826 592 916 634 tuo
946 583 1075 636 facti
1107 595 1234 637 sunt
1255 585 1403 648 cmli,
1434 596 1489 640 et
1529 588 1725 656 spiritu

155 676 268 726 oris
302 673 379 726 tui
414 687 608 727 omnes
633 673 870 727 virtutes
895 690 1144 741 supernae
1175 692 1187 728 :
1222 676 1507 731 luminaria
1542 681 1726 733 omnia

152 777 275 830 quae
308 762 361 815 in
397 762 741 817 ﬁrmamento
769 775 916 830 sunt,
954 766 1034 819 sol
1064 777 1116 820 et
1151 767 1296 833 luna,
1326 784 1474 823 mare
1504 771 1726 825 etarida

152 861 208 906 et
242 868 596 922 quaecumque
627 856 677 908 in
709 857 789 909 eis
814 868 961 911 sunt.
990 860 1118 926 Quae
1149 876 1335 916 vocem
1366 879 1471 917 non
1500 863 1724 928 habent,

152 941 389 996 silentiis
417 944 532 997 suis
560 960 575 999 :
613 959 732 1012 quae
757 961 1011 1001 sermone
1036 951 1265 1018 praedita
1299 962 1446 1017 sunt,
1480 955 1722 1019 vocibus,

150 1034 499 1088 sermonibus
544 1044 599 1088 et
644 1036 861 1105 hymnis
903 1050 1169 1109 perpetuo
1215 1043 1311 1096 tibi
1359 1044 1719 1111 benedicunt;

150 1125 279 1193 quia
316 1134 371 1178 tu
401 1140 461 1180 es
490 1137 679 1180 natura
715 1128 907 1193 bonus,
941 1141 994 1184 et
1016 1147 1176 1202 supra
1203 1149 1392 1189 omnes
1423 1135 1630 1202 laudes,
1666 1139 1723 1192 in

148 1216 388 1269 essentia
419 1223 506 1269 tua
539 1217 1168 1287 incomprehensibiliter
1193 1226 1486 1282 exsistens.

218 1301 448 1356 Elevans
479 1321 671 1358 vocem.
701 1305 776 1360 Te
816 1307 1000 1361 laudat
1029 1319 1280 1363 creatura
1332 1313 1449 1366 limo
1495 1314 1723 1369 visibilis

146 1403 204 1446 et
231 1408 391 1447 sensu
416 1397 662 1464 praedita,
691 1398 940 1465 Domine,
976 1404 1222 1455 utetiam
1258 1403 1348 1456 illa
1384 1404 1724 1460 intellectua-

148 1484 239 1547 lis,
267 1494 322 1537 et
363 1500 525 1553 supra
561 1502 819 1541 sensuum
869 1492 1237 1547 conditionem
1270 1495 1463 1563 posita.
1513 1495 1719 1551 Caelum

146 1583 200 1627 et
238 1584 385 1628 terra
433 1586 483 1630 te
512 1577 848 1648 gloriﬁcant,
881 1598 1032 1636 mare
1057 1593 1112 1637 et
1157 1600 1251 1639 aer
1298 1596 1348 1640 te
1390 1588 1719 1655 praedicant;

155 1666 239 1720 sol
294 1666 347 1721 in
400 1684 560 1723 cursu
597 1686 695 1725 suo
728 1684 778 1727 te
819 1672 1045 1731 laudat:
1086 1676 1208 1730 luna
1248 1678 1299 1731 in
1332 1681 1721 1735 mutationibus

1836 498 2067 557 guratus
2101 503 2128 538 a
2164 487 2369 555 Spiritu
2411 498 2622 553 sancto,
2655 500 2710 543 et
2743 504 2807 543 ex
2847 494 3111 562 sanguine
3150 495 3400 563 virgineo

1835 580 2070 647 Virginis
2118 588 2320 643 sanctae
2375 579 2675 634 Genitrieis
2720 581 2814 635 Dei
2862 581 3046 636 Mariae
3106 594 3269 640 natus
3316 595 3402 642 est

1828 671 2045 738 quidem
2076 671 2259 731 homo,
2295 678 2348 721 et
2375 685 2439 723 ex
2465 686 2695 738 corpore
2718 671 2956 737 ejusdem
2986 690 3123 742 puro
3148 686 3205 729 et
3260 686 3400 726 san—

1818 759 2356 829 etissimo,princeps
2398 761 2547 826 vitae,
2598 762 3013 831 suscipiensque
3057 766 3396 819 divinitatem

1830 850 1882 902 in
1915 865 2100 913 carne,
2135 853 2471 905 conservatis
2494 862 2700 907 naturae
2727 854 2843 923 lege
2870 866 2925 908 et
2947 858 3396 925 preprictatibus,

1828 944 1922 995 sed
1951 943 2111 995 modo
2154 957 2317 1011 supra
2354 954 2640 1011 naturam;
2683 948 3006 1017 agnitusque
3043 958 3125 1003 est
3167 950 3308 1005 Deus
3340 952 3397 1005 in

1827 1033 2052 1101 Spiritu,
2082 1043 2135 1087 et
2163 1035 2323 1087 homo
2361 1036 2412 1087 in
2454 1050 2634 1089 carne.
2683 1038 2861 1105 Atque
2903 1040 2955 1093 in
2983 1052 3244 1109 quantum
3276 1050 3399 1095 erat

1828 1117 2059 1173 Verbum
2090 1129 2215 1173 ante
2242 1123 2460 1186 saecula,
2490 1138 2554 1176 ex
2580 1134 2631 1178 te
2662 1133 2720 1177 ut
2750 1125 2859 1180 Deo
2885 1127 3103 1196 dignum
3129 1140 3269 1193 erat,
3298 1146 3396 1184 na-

1828 1217 1911 1262 tus
1945 1216 2046 1273 est,
2069 1219 2120 1263 et
2152 1211 2451 1266 virtutibus
2481 1223 2644 1283 atque
2674 1215 2979 1282 miraculis,
3001 1217 3179 1285 qualia
3209 1218 3395 1288 opiﬁci

1823 1300 2064 1352 omnium
2091 1300 2513 1367 conveniebant,
2557 1304 2718 1357 talem
2755 1322 2813 1360 se
2843 1321 2961 1360 esse
2995 1318 3228 1363 testatus
3259 1320 3343 1364 est
3375 1326 3391 1364 :

1826 1397 1936 1441 tum
1971 1390 2313 1460 etiamquod
2355 1394 2701 1449 sanationem
2757 1398 3081 1465 absolutam,
3135 1401 3395 1456 salutem-

1822 1494 1928 1547 que
1986 1480 2282 1548 perfectam
2326 1484 2582 1537 universo
2632 1487 2814 1553 generi
2864 1488 3103 1541 humano
3162 1492 3393 1561 largitus

1822 1580 1923 1624 est.
1952 1568 2010 1624 ln
2046 1572 2153 1625 ﬁne
2178 1581 2357 1625 autem
2387 1582 2441 1626 ct
2470 1575 2944 1629 consummatione
2970 1577 3395 1644 dispensationis

1827 1675 1961 1726 suae,
1992 1672 2215 1731 pr0pter
2240 1678 2357 1728 nos,
2380 1672 2435 1717 et
2462 1673 2589 1719 ante
2636 1680 2850 1719 crucem
2885 1683 3034 1721 suam
3072 1668 3392 1733 salutarem,

145 1758 261 1811 suis
287 1766 339 1812 te
360 1772 653 1816 veneratur
679 1783 691 1817 :
721 1772 916 1819 turmae
941 1769 1482 1838 archangelorum,et
1506 1773 1717 1841 agmina
1750 1783 1792 1837 Β
1823 1756 2033 1820 accep"
2064 1770 2256 1822 P‘mem
2292 1755 2343 1807 ίη
2377 1772 2568 1811 manus
2623 1774 2752 1812 ⁵⁸³⁵
2778 1775 2947 1827 Ρυτθδ
2977 1769 3029 1813 θι
3065 1772 3306 1826 Sancus,
3338 1771 3396 1817 ει

145 1849 490 1919 angelorum,
523 1854 751 1908 virtutes
780 1855 883 1910 illae
926 1859 1125 1912 mundo
1155 1870 1208 1913 et
1226 1862 1425 1915 mentis
1468 1863 1721 1919 facultate

145 1941 516 2009 sublimiores,
545 1946 956 2003 benedictioues
984 1952 1050 2005 ad
1087 1953 1361 2022 regionem
1398 1964 1541 2008 tuam
1591 1956 1717 2008 mit-

144 2044 285 2089 tunt.
314 2035 472 2090 Radii
503 2037 640 2093 lucis
662 2041 978 2096 excellentis
1015 2052 1070 2097 et
1094 2045 1450 2110 absconditae,
1477 2048 1721 2101 sanctiﬁ-

142 2128 388 2181 cation'es
413 2127 595 2197 gloriae
633 2138 738 2184 tuac
768 2132 1090 2200 demittunt;
1123 2134 1457 2203 principatus
1483 2146 1537 2190 et
1566 2139 1717 2191 ordi-

142 2232 240 2270 nes
267 2226 319 2271 te
365 2234 485 2272 cum
536 2218 706 2287 iubilo
751 2221 1007 2290 laudant;
1036 2232 1351 2294 'potestates
1381 2225 1718 2282 et‘domina-

141 2306 322 2362 tiones
373 2318 423 2362 te
472 2322 841 2373 venerantur;
897 2311 1167 2378 virtutes,
1219 2314 1395 2368 throni
1448 2324 1502 2369 et
1562 2319 1717 2372 sedes

140 2398 550 2457 inaccessibiles
583 2413 634 2457 te
664 2401 923 2466 exaltant,
958 2404 1277 2472 splendores
1302 2405 1438 2461 lucis
1474 2418 1716 2475 aeternae,

139 2490 361 2560 specula
397 2492 515 2547 sine
545 2490 780 2557 macula,
823 2494 1143 2549 substantiae
1167 2507 1387 2559 sanctae,
1424 2502 1717 2569 susceptri-

139 2596 231 2635 ces
277 2583 872 2655 sapientiaesublimis,
912 2600 1023 2653 prae
1070 2585 1323 2642 omnibus
1366 2592 1717 2647 scrutatrices

138 2673 445 2727 voluntatis
492 2674 560 2727 ab
607 2674 859 2728 omnibus
906 2676 1265 2738 absconditae,
1312 2680 1551 2734 motibus
1579 2696 1715 2751 pra:-

137 2760 304 2819 claris
341 2774 593 2819 tonorum
643 2765 1045 2820 inimitabilinm
1071 2808 1115 2845 ,Ι
1154 2768 1481 2839 vocibusque
1539 2774 1716 2842 dignis

136 2868 393 2913 creatura
439 2858 695 2915 rationali
735 2876 749 2915 :
786 2859 1070 2915 cherubim
1116 2864 1413 2919 multioculi
1439 2906 1453 2931 ,
1486 2881 1713 2934 quorum

137 2960 322 3006 motus
378 2951 744 3015 subtilissimi,
783 2962 833 3006 te
882 2952 1250 3007 benedicunt:
1299 2956 1574 3025 seraphim
1628 2960 1714 3012 in-

136 3046 331 3098 structi
367 3059 467 3098 sex
500 3043 603 3097 alis
644 3043 915 3113 implexis,
947 3047 1199 3117 plenique
1225 3046 1447 3117 plumis,
1476 3060 1525 3104 te
1585 3063 1715 3103 san-

128 3125 397 3197 ctiﬁcant,
426 3132 502 3189 illi
534 3132 655 3200 ipsi,
690 3136 780 3205 qui
828 3137 928 3192 alis
950 3140 1081 3221 .suis
1111 3115 1297 3196 facies
1334 3157 1460 3197 suas
1504 3152 1708 3213 tegunt,
1742 3115 1785 3171 Ο

135 3223 442 3290 pennisque
481 3224 643 3291 pedes
682 3239 809 3281 suos
832 3230 1038 3295 velant,
1071 3243 1123 3286 et
1153 3235 1507 3305 undequaqne
1534 3236 1713 3289 volan-

138 3322 217 3365 tes
245 3321 303 3365 et
331 3312 651 3382 plaudentes
678 3318 779 3373 alis
811 3320 950 3375 alter
976 3325 1042 3376 ad
1076 3325 1327 3391 alterum,
1357 3336 1416 3379 ut
1444 3342 1548 3380 non
1580 3328 1708 3381 adu-

135 3412 330 3456 rantur
355 3404 422 3458 ab
451 3405 573 3474 igne
606 3417 698 3461 tuo
730 3409 1047 3475 devorante,
1076 3425 1269 3469 cantus
1299 3433 1520 3481 suaves,
1560 3427 1615 3472 et
1641 3419 1711 3473 ab

133 3494 287 3547 omni
320 3498 551 3550 materia
596 3513 785 3567 puros,
828 3504 1022 3571 aequali
1056 3509 1299 3560 omnium
1348 3512 1744 3587 consunautim

130 3596 377 3649 canunt,
439 3586 535 3641 tibi
588 3589 815 3657 gloriam
874 3601 1129 3647 aeternam
1194 3598 1534 3667 referentes,
1603 3618 1710 3657 uno

131 3675 337 3745 hymno
369 3676 476 3731 Deo
507 3679 671 3749 digno
701 3680 999 3735 clamantes
1024 3692 1079 3736 et
1109 3684 1371 3740 dicentes.

203 3766 466 3836 Papulas.
495 3770 748 3835 Sanctus,
784 3772 1037 3839 Sanctus,
1066 3774 1318 3831 Sanctus.

204 3857 469 3914 Sacerdos
494 3864 797 3917 inclinatus.
832 3864 1066 3920 Sanctus
1093 3883 1171 3932 es,
1202 3868 1341 3923 Dens
1363 3868 1523 3925 Pater
1542 3875 1711 3930 omni-

130 3960 345 4018 potens,
371 3955 555 4023 opifex
582 3966 635 4009 et
662 3968 882 4012 creator
914 3960 1090 4013 omnis
1115 3971 1376 4016 creatura:
1402 3964 1706 4034 invisibilis,

131 4052 187 4097 "et
212 4045 468 4110 visibilis,
509 4055 672 4115 atque
703 4049 1002 4103 sensibilis.
1046 4050 1279 4106 Sanctus
1310 4070 1386 4119 es,
1418 4055 1557 4110 Deus
1591 4059 1711 4112 uni-

131 4137 348 4202 genitus
380 4138 566 4201 Filius,
592 4139 766 4193 virtus
789 4150 839 4194 et
867 4141 1138 4210 sapientia
1180 4144 1381 4213 Patris,
1412 4146 1638 4203 Domine
1657 4157 1713 4204 et.

131 4226 393 4285 Salvator
421 4240 610 4285 noster
630 4230 756 4285 Jesu
780 4230 1017 4287 Christe.
1056 4234 1288 4291 Sanctus
1315 4253 1393 4304 es,
1429 4237 1568 4294 Deus
1595 4242 1712 4308 Spi-

132 4326 270 4379 ritus
291 4333 503 4386 sancte,
541 4323 814 4392 perfector
856 4334 909 4378 et
948 4327 1324 4383 sanctiﬁcalor
1366 4341 1703 4388 sanctorum.

1824 1848 2034 1913 aspexit
2065 1849 2132 1901 ad
2191 1856 2243 1901 te
2286 1848 2427 1903 Deus
2472 1848 2655 1915 Pater,
2693 1852 2895 1920 gratias
2927 1868 3092 1920 agens
3138 1853 3178 1923 -ι-
3233 1855 3395 1910 bene-

1825 1938 1961 1991 dixit
1989 1938 2424 2007 f,sanctiﬁcavit
2450 1942 2513 2009 1‘,
2572 1941 2758 2011 fregit,
2790 1944 3059 2014 'deditque
3112 1945 3396 2013 discipulis

1826 2029 1943 2083 suis
1974 2032 2234 2100 apostolis
2277 2034 2506 2098 sanctis,
2533 2034 2752 2089 dicens:
2784 2036 3024 2106 Accipite
3060 2048 3115 2093 et
3160 2042 3391 2094 mandu-

1821 2131 1939 2174 cate
1967 2138 2033 2176 ex
2067 2138 2153 2188 eo,
2188 2133 2243 2178 et
2275 2126 2483 2180 credite
2520 2129 2663 2195 quod
2710 2144 2905 2198 corpus
2951 2148 3129 2186 meum
3173 2143 3255 2187 est
3289 2134 3389 2203 (2),

1820 2210 1950 2265 illud
1986 2215 2157 2282 ipsum
2185 2217 2325 2283 quod
2356 2232 2453 2284 pro
2482 2219 2635 2272 vobis
2677 2230 2730 2273 et
2764 2236 2862 2289 pro
2894 2222 3078 2276 multis
3120 2222 3392 2293 frangitur

1818 2314 1872 2357 et
1901 2305 2083 2371 datur,
2123 2307 2190 2360 ad
2222 2308 2587 2375 expiationem
2630 2310 2973 2379 delictorum,
3014 2314 3390 2370 remissionem

1816 2406 2163 2466 peccatorum
2203 2408 2257 2453 et
2296 2399 2457 2454 vitam
2492 2410 2773 2457 aeternam.

1892 2488 2153 2557 Populus.
2186 2492 2377 2547 Amen.

1889 2579 2171 2635 Sacerdos.
2220 2584 2422 2638 Eodem
2454 2595 2637 2641 autem
2670 2590 2830 2643 modo
2873 2599 2928 2644 et
2969 2607 3131 2658 super
3165 2592 3388 2648 calicem

1816 2682 1978 2739 quem
2008 2673 2225 2727 miscuit
2258 2677 2380 2729 vino
2408 2686 2463 2729 et
2507 2695 2667 2747 aqua,
2720 2685 2924 2750 gratias
2950 2686 3063 2754 egit
3107 2685 3171 2757 τ’,
3222 2691 3390 2741 Done-

1818 2764 1959 2817 dixit
1988 2763 2052 2833 ἦ,
2091 2766 2454 2822 sanetiticavit
2482 2769 2522 2838 ’ξ’
2544 2810 2558 2832 ,
2588 2780 2641 2825 et
2679 2773 2825 2826 dedit
2869 2776 3061 2829 iisdem
3112 2779 3391 2847 discipulis

1816 2854 1931 2908 suis
1963 2864 2018 2908 et
2058 2856 2318 2923 apostolis
2363 2860 2589 2924 sanctis,
2622 2862 2811 2918 dicens
2844 2883 2858 2918 :
2897 2867 3144 2935 Accipite
3170 2906 3185 2931 ,
3219 2868 3389 2924 bibite

1819 2960 1885 2998 ex
1918 2963 1983 3002 eo
2015 2963 2109 3004 vos
2134 2966 2345 3015 omnes,
2387 2962 2441 3005 et
2486 2954 2694 3009 credite
2731 2960 2873 3025 quod
2906 2958 2993 3012 hic
3036 2969 3121 3013 est
3157 2962 3384 3030 sanguis

1817 3055 1969 3094 meus
1992 3040 2327 3096 Testamenti
2358 3042 2513 3109 Novi,
2546 3048 2635 3114 qui
2666 3062 2765 3117 pro
2796 3050 2949 3103 vobis
2976 3061 3030 3105 et
3061 3066 3159 3119 pro
3196 3053 3389 3109 multis

1818 3129 2115 3186 effunditur
2152 3134 2401 3202 etuilatur
2423 3136 2488 3188 ad
2522 3139 2889 3207 expiationem
2937 3141 3281 3211 delictorum,
3307 3162 3389 3201 re-

1817 3228 2128 3280 missionem
2154 3240 2528 3298 peccatorum,
2564 3238 2620 3286 et
2652 3232 2819 3286 vitam
2846 3242 3133 3290 aeternam.

1885 3318 2145 3389 Populus.
2170 3324 2359 3378 Amen.

1887 3410 2169 3465 Sacerdos.
2218 3413 2336 3479 Ipse
2392 3414 2561 3469 etiam
2607 3427 2940 3486 praeceptum
2986 3420 3083 3474 toti
3120 3420 3284 3475 εωιυί
3331 3432 3387 3477 et

1813 3505 2219 3571 congregationi
2254 3507 2487 3561 ﬁdelium
2529 3524 2625 3576 per
2654 3512 2873 3567 eosdem
2919 3513 3203 3580 apostolos
3252 3528 3383 3568 san-

1812 3604 1932 3648 ctos
1968 3596 2149 3662 dedit,
2188 3599 2415 3653 dicens:
2461 3599 2570 3655 lloc
2594 3602 2755 3656 facite
2797 3605 2849 3657 in
2898 3607 3003 3658 mei
3042 3622 3381 3670 memoriam,

1812 3688 2244 3758 quotiescunque
2288 3692 2693 3747 mandacabitis
2708 3711 2904 3762 panem
2932 3696 3072 3749 hunc
3089 3708 3139 3749 et
3164 3698 3383 3753 mistum

1822 3778 1965 3844 quod
2020 3780 2073 3831 in
2109 3780 2209 3834 hoc
2247 3781 2421 3835 calice
2458 3794 2540 3838 est
2570 3785 2788 3849 bibetis,
2827 3793 2879 3839 et
2930 3786 3034 3839 hoc
3076 3788 3381 3841 convivium

1814 3869 2180 3935 celebrabitis,
2222 3874 2415 3928 mortis
2461 3890 2590 3931 meae
2622 3878 3191 3934 commemorationem
3210 3882 3383 3950 agetis

1813 3960 1985 4014 donec
2012 3962 2245 4015 veniam.

1887 4050 2148 4119 Populus.
2179 4053 2365 4108 Mortis
2400 4054 2776 4122 tuae,Domine,
2810 4057 3123 4111 memoriam
3150 4058 3377 4127 agimus.

1884 4142 2161 4196 Sacerdos.
2216 4144 2491 4215 Praecepto
2536 4148 2703 4217 igitur
2742 4148 3027 4202 Dominieo
3079 4158 3171 4203 tuo
3217 4149 3381 4205 obse-

1819 4245 2072 4303 quentes,
2104 4240 2679 4293 commemorationem
2710 4242 2903 4294 mortis
2937 4251 2992 4295 et
3024 4242 3382 4296 resurrectio-

1810 4331 1897 4382 nis
1929 4338 2033 4383 tuae
2056 4345 2157 4397 per
2182 4331 2507 4385 sacrificium
2543 4334 2644 4386 hoc
2668 4345 2929 4401 perpetuo
2962 4333 3380 4389 celebrantesin

131 4416 374 4472 Trinitas
403 4425 594 4471 sancta
625 4426 679 4470 et
711 4417 966 4481 indivisa,
1003 4421 1706 4494 consubstantialis,aequa-
1739 4452 1783 4505 Β
1813 4421 2110 4490 mysterio:
2136 4431 2516 4490 exspectamus
2543 4440 2759 4495 quoque
2791 4431 3081 4482 adventum
3113 4436 3259 4480 tuum
3295 4440 3382 4481 se-

130 4506 309 4575 lisque
343 4506 570 4576 gloriae:
604 4506 759 4573 cujus
796 4508 1171 4563 misericordia
1206 4525 1332 4582 erga
1369 4529 1540 4584 genus
1599 4530 1703 4569 no-

132 4612 305 4655 strum
332 4599 664 4654 et'fusissima
694 4610 801 4654 est.
826 4599 903 4653 Tu
930 4612 1152 4657 sanctus
1180 4619 1239 4658 es
1273 4616 1328 4660 et
1357 4607 1711 4663 sanetiﬁcans

129 4692 312 4747 omnia
350 4710 366 4748 :
424 4692 517 4760 qui
566 4708 672 4746 non
708 4692 978 4762 reliquisti
1008 4693 1140 4748 illud
1188 4697 1368 4764 ipsum
1403 4713 1575 4768 genus
1607 4714 1708 4753 no.

132 4801 306 4843 strum
338 4788 395 4842 in
419 4786 610 4841 exsilio
632 4802 697 4842 ex
719 4787 999 4858 paradiso,
1027 4804 1150 4843 cum
1180 4790 1386 4845 interea
1410 4793 1555 4846 omni
1582 4808 1707 4861 pec-

130 4881 237 4934 cati
264 4894 465 4949 genere
502 4882 1029 4952 esset‘implicitum,
1066 4883 1159 4936 sed
1205 4883 1283 4937 illi
1324 4885 1707 4941 manifestatus

131 4984 188 5022 es
216 4984 315 5039 per
341 4969 569 5023 verbum
609 4973 754 5039 quod
799 4988 985 5027 coram
1022 4974 1221 5027 mundo
1251 4984 1543 5042 egestatem
1576 4992 1705 5045 pas-

130 5076 248 5114 sum
296 5072 384 5116 est
427 5080 442 5117 :
486 5063 660 5130 ipsum
707 5079 838 5119 vero
890 5067 1084 5135 (genus
1132 5066 1451 5137 humanum)
1493 5070 1705 5135 accepit

131 5150 317 5218 (Deus)
372 5148 660 5215 Verbum,
730 5151 784 5204 in
841 5152 1094 5205 omnibus
1164 5152 1267 5220 ipsi
1330 5152 1700 5217 assimilatus,

132 5252 359 5313 excepto
392 5250 641 5310 peccato,
684 5250 744 5296 ut
791 5251 1157 5312 praeparatum
1196 5257 1320 5296 eum
1361 5242 1604 5298 efﬁceret
1632 5247 1701 5299 ad

130 5336 501 5401 sanctitatem,
529 5335 961 5406 dispositumque
993 5338 1063 5391 ad
1094 5336 1405 5392 convivium
1434 5338 1536 5392 hoc
1566 5337 1703 5392 vivi-

132 5426 310 5483 ticum.

201 5564 281 5632 (2)
318 5565 422 5619 Ista
460 5577 561 5617 vox
594 5564 778 5618 addita
827 5563 1009 5618 verbis
1041 5564 1243 5619 Christi
1276 5574 1383 5619 tam
1419 5565 1471 5620 in
1518 5562 1695 5618 forma

131 5637 302 5704 panis,
330 5650 492 5704 quam
533 5634 585 5687 in
629 5634 795 5704 altera
826 5634 1014 5704 calicis
1059 5635 1437 5698 consecrandi,
1484 5634 1695 5687 nullum

129 5703 179 5754 in
212 5702 439 5761 vetustis
461 5703 664 5761 Graecis
693 5702 947 5774 Liturgiis
973 5705 1279 5774 exemplum
1309 5705 1487 5770 habet,
1525 5712 1581 5758 ut
1606 5716 1693 5759 ne-

1816 4514 2076 4578 cundum,
2102 4517 2509 4571 renovationem
2560 4521 2778 4587 generis
2822 4521 3017 4583 nostri,
3043 4532 3099 4574 et
3133 4518 3383 4573 viviﬁca-

1816 4602 2019 4655 tionem
2074 4603 2431 4659 mortalitatis
2458 4617 2674 4660 nostrae.
2715 4607 2829 4660 Non
2862 4607 3006 4660 enim
3038 4607 3377 4675 simpliciter,

1811 4697 1905 4750 sed
1930 4710 2054 4749 eum
2088 4696 2260 4765 gloria
2295 4698 2405 4751 Deo
2438 4699 2618 4768 digna,
2646 4700 2699 4752 in
2733 4697 2941 4767 Spiritu
2981 4696 3239 4752 inetl‘abili
3272 4708 3379 4751 ter-

1812 4784 2044 4839 ribiliter
2071 4785 2349 4851 advenies,
2378 4797 2434 4840 et
2466 4802 2632 4851 super
2658 4788 2917 4841 thronum
2950 4786 3225 4840 excelsum
3264 4802 3381 4839 ma-

1805 4875 2021 4945 jestatis
2078 4886 2181 4932 tuae
2239 4879 2456 4943 sedens,
2504 4880 2838 4947 agnitionem
2894 4880 3057 4948 regiae
3090 4880 3377 4947 potestatis

1809 4978 1916 5023 tuae
1935 4971 2005 5024 ab
2035 4970 2285 5024 omnibus
2314 4970 2541 5035 creatis,
2570 4978 2623 5023 et
2652 4969 2811 5025 factis
2836 4972 3058 5039 exiges;
3092 4970 3378 5025 ultionem-

1807 5073 1915 5127 que
1944 5059 2199 5130 imaginis
2226 5071 2352 5122 tuae,
2396 5063 2464 5115 ab
2517 5061 2583 5115 iis
2613 5060 2707 5129 qui
2753 5077 2852 5131 per
2886 5062 3056 5115 malas
3092 5065 3377 5131 passiones

1804 5164 1925 5203 eam
1976 5160 2362 5221 corruperunt,
2416 5150 2568 5219 juste
2616 5150 2810 5207 facies.
2846 5152 3192 5207 Sacriﬁcium
3253 5154 3376 5217 huc,

1807 5243 1918 5299 illic
1948 5245 2308 5309 celebratum,
2358 5244 2453 5299 tibi
2501 5259 3012 5311 commemoramus,
3048 5245 3297 5309 Domine,
3324 5252 3377 5296 et

1802 5336 2089 5403 passiones
2127 5348 2261 5403 quas
2285 5349 2385 5402 pro
2420 5335 2578 5389 nobis
2607 5335 2914 5390 sustinuisti
2941 5336 2995 5389 in
3023 5349 3211 5389 cruce.
3237 5333 3372 5387 Pro-

1801 5428 1974 5496 pitius
2002 5438 2138 5493 esto,
2171 5442 2205 5483 ο
2233 5428 2397 5498 bone
2446 5435 2500 5483 et
2554 5437 2770 5483 amator
2819 5428 3119 5491 hominum,
3151 5427 3203 5479 in
3233 5427 3368 5480 hora

1801 5576 1923 5688 gitei
1944 5561 2430 5641 inAlexandrinis,
2461 5561 2554 5620 sed
2598 5569 2805 5619 tantum
2836 5562 2893 5619 in
2931 5576 3037 5617 una
3078 5568 3168 5616 aut
3199 5560 3369 5613 altera

1843 5647 1907 5688 vr
1930 5645 2063 5688 acts.

1841 5645 2063 5703 yrtacis.
