3772 6316
378 299 518 361 “‘27

1545 299 1600 354 Β.
1639 297 1936 355 DIONYSII
1973 296 2439 355 AREOPAGJTAE

3548 294 3665 350 H28

376 412 465 468 illa
499 412 661 484 plena
698 415 934 481 timoris,
977 422 1031 471 et
1076 414 1485 484 trepidationis,
1541 420 1956 487 congregationi
1990 427 2037 479 Α
2065 428 2417 489 peccatorum
2462 424 2519 469 et
2568 414 2735 467 vitam
2793 420 3054 467 aeternam
3114 425 3176 464 ea
3232 406 3668 476 suscipientibuso

375 507 506 561 huic
566 510 912 564 adorantium
965 521 1034 577 te,
1094 520 1150 565 et
1204 511 1464 567 omnibus
1520 513 1647 568 ﬁliis
1710 515 1970 570 Ecclesia:

374 610 582 655 sancta:
624 603 922 671 redempta:
966 604 1232 672 sanguine
1257 605 1643 672 pretioso-tuo.
1675 606 1965 675 Depellan-

375 706 465 747 tur
497 696 766 749 carbones
802 696 942 765 ignis
971 697 1038 749 ab
1092 697 1196 751 illis
1225 698 1317 767 qui
1359 699 1511 754 tincti
1540 711 1669 755 sunt
1698 704 1967 765 sanguine

373 799 487 848 tuo,
533 787 808 857 etsiguati
852 786 1225 845 Sacramentis
1261 793 1364 845 tuis
1391 793 1491 862 (ὅ),
1520 795 1571 847 in
1612 796 1832 850 nomine
1876 806 1965 850 tuo

369 892 582 946 sancto,
613 882 765 936 velut
798 882 931 936 olim
960 882 1177 937 ﬂamma
1207 885 1564 958 Babylonica,
1598 903 1626 942 a
1662 891 1845 958 pueris
1869 891 1967 946 do-

368 988 489 1026 mus
516 972 801 1028 Hananiaz.
829 973 1018 1043 Neque
1044 976 1189 1029 enim
1221 975 1356 1029 alios
1388 986 1588 1045 przeter
1611 988 1660 1033 te
1692 980 1962 1045 novimus,

368 1066 533 1133 Deus,
570 1082 746 1136 neque
780 1068 835 1121 in
871 1068 984 1121 alio
1032 1083 1183 1136 spem
1237 1068 1506 1123 habemus
1549 1072 1742 1126 salutis
1770 1088 1964 1128 conse-

367 1160 625 1231 quendze,
674 1163 719 1215 si
766 1162 991 1230 quidem
1025 1161 1345 1224 auxiliator,
1385 1173 1438 1215 et
1474 1164 1715 1219 salvator
1741 1167 1962 1233 generis

366 1255 540 1307 nostri
582 1263 634 1307 tu
675 1268 755 1310 es.
792 1254 857 1307 Et
893 1264 1186 1322 eapropter
1208 1256 1426 1324 sapiens
1453 1255 1694 1310 Ecclesia
1726 1268 1841 1319 tua,
1866 1273 1963 1325 per

364 1360 458 1399 ora
489 1356 543 1400 et
574 1345 784 1414 linguas
837 1346 1083 1399 omnium
1125 1356 1374 1399 nostrum
1431 1347 1760 1415 deprecatur
1806 1358 1878 1414 te,
1907 1358 1963 1404 et

364 1454 463 1507 per
491 1450 562 1504 te,
596 1449 649 1493 et
679 1449 854 1493 tecum
894 1440 1112 1493 Patrem
1148 1447 1323 1495 tuum.
1362 1440 1590 1495 dicens:

436 1529 699 1598 Populus.
736 1531 1021 1587 Miserere.

434 1624 723 1679 Sacerdos.
760 1623 872 1677 Nos
908 1638 1151 1692 quoque.

357 1724 366 1732 '
434 1715 727 1769 Diaconus.
755 1714 927 1781 Quam
956 1715 1194 1769 timenda
1223 1724 1307 1770 est
1340 1714 1458 1771 haec
1488 1716 1646 1773 hora.

365 1827 627 1884 Sacerdos
684 1829 980 1882 inclinatus
1034 1830 1164 1882 dicit
1218 1827 1531 1884 Orationem
1587 1829 1955 1889 Invocationis

927 1897 1167 1966 Spiritus
1199 1902 1393 1954 sancti.

430 1985 509 2044 Te
542 1990 758 2055 invoco,
792 1988 936 2043 Deus
965 1988 1165 2044 Pater:
1201 1990 1464 2045 miserere
1488 1993 1686 2059 nostri,
1718 2003 1773 2047 et
1800 1994 1957 2049 ablue

363 2096 461 2151 per
485 2083 721 2150 gratiam
750 2093 922 2145 tuam,
980 2082 1385 2137 immunditiam
1435 2099 1662 2154 operum
1710 2103 1955 2141 meorum

362 2175 651 2241 malorum;
689 2173 831 2238 dele,
867 2189 963 2242 per
994 2173 1432 2229 misericordiam
1476 2186 1652 2245 tuam,
1678 2194 1801 2247 qua:
1832 2180 1956 2235 odio

360 2268 517 2337 digna
545 2266 821 2321 commisi.
866 2265 1084 2320 Etenim
1128 2282 1235 2319 non
1264 2269 1502 2322 extendo
1543 2270 1609 2322 ad
1648 2279 1698 2325 te
1739 2286 1862 2325 cum
1896 2274 1960 2326 li-

357 2361 516 2413 tlncia
553 2374 746 2412 manus
789 2373 966 2423 meas;
1006 2374 1181 2427 neque
1218 2361 1364 2413 enim
1414 2375 1634 2431 possmn
1670 2363 1723 2417 in
1757 2364 1957 2420 coelum

357 2452 623 2522 aspicere.
681 2460 909 2519 propter
939 2440 1351 2505 multitudinem
1404 2452 1759 2521 iniquitatum
1810 2472 1957 2511 mea-

357 2560 499 2609 rum,
534 2554 588 2597 et
611 2543 938 2613 Spurcitiam
968 2542 1282 2598 facinorum
1320 2560 1593 2599 meorum.
1632 2546 1741 2601 Sed
1777 2549 1829 2602 in
1856 2550 1953 2604 be-

357 2638 643 2709 nignitate,
698 2639 873 2704 gratia
951 2643 1006 2691 et
1061 2634 1485 2706 longanimitate
1541 2648 1656 2706 tua,
1713 2642 1954 2697 animum

356 2730 709 2794 conﬁrmans,
738 2729 1008 2799 Spiritum
1037 2735 1191 2781 tuum
1219 2739 1468 2782 sanctum
1495 2740 1651 2799 peto,
1682 2742 1742 2785 ut
1767 2735 1956 2790 mittas

355 2840 479 2879 eum
519 2837 685 2892 super
716 2838 823 2886 me,
862 2832 918 2875 et
950 2836 1117 2891 super
1149 2820 1254 2874 has
1285 2820 1591 2876 oblationes
1619 2827 1951 2895 propositas,

355 2917 725 2986 populumque
763 2924 917 2969 tuutn
945 2913 1179 2967 fidelem.

427 3008 705 3063 Sacerdos.
734 3006 945 3060 Exaudi
978 3020 1085 3073 me,
1119 3006 1375 3062 Domine.

2147 510 2405 578 Populus.
2437 509 2639 562 Amen.

2148 600 2436 656 Sacerdos.
2484 596 2798 653 Secundum
2832 604 3015 649 autem
3049 594 3406 649 traditionem
3454 603 3509 649 et
3534 610 3664 650 coni-

2072 692 2483 746 mendationem
2517 689 2758 744 divinam
2793 700 3008 749 corum,
3052 686 3143 753 qui
3180 695 3529 753 spectatores
3559 686 3659 739 fue-

2074 795 2205 837 runt
2224 784 2615 854 mysteriorum
2643 792 2881 842 tuorum,
2899 788 2956 831 et
2985 778 3320 846 interpretes
3346 778 3659 831 mirabilimn

2075 888 2316 942 tuorum,
2368 873 2764 929 eucharistiam
2820 872 2958 925 hanc
3008 868 3299 924 offerimus
3359 885 3548 923 coram
3601 880 3645 923 te

2070 971 2321 1031 Domine.
2340 980 2395 1025 et
2411 984 2507 1039 per
2521 982 2641 1020 eam
2661 978 3159 1020 commemoramus
3176 962 3511 1016 charitatem
3526 972 3655 1014 tuam

2066 1080 2197 1137 erga
2236 1077 2363 1126 nos.
2411 1063 2834 1125 universamque
2873 1056 3342 1125 dispensationem
3408 1053 3655 1122 unigeniti

2066 1159 2145 1212 tui
2180 1159 2230 1211 in
2261 1158 2361 1211 hoc
2389 1154 2615 1217 mundo,
2649 1161 2708 1206 ut
2737 1160 2790 1203 tu
2814 1150 2979 1204 etiam
3008 1147 3315 1202 recorderis
3362 1163 3465 1216 per
3514 1163 3644 1208 eam,

2067 1249 2463 1304 misericordite
2500 1247 2605 1301 tibi
2646 1245 2952 1313 c'ongeuita:
2978 1254 3031 1296 et
3060 1241 3358 1304 naturalis,
3384 1256 3510 1309 quae
3538 1241 3651 1294 liora

2074 1352 2399 1409 quacunque
2445 1354 2612 1409 super
2633 1349 2918 1393 creaturas
2943 1345 3068 1391 tuas
3100 1334 3435 1389 diffunditur
3455 1373 3469 1397 ,
3496 1341 3547 1387 et
3572 1349 3652 1387 nos

2070 1435 2272 1503 eripias
2297 1434 2365 1487 ab
2394 1434 2473 1487 ira
2504 1432 2708 1502 iniquis
2741 1439 3042 1494 reservata,
3072 1439 3127 1483 et
3151 1444 3180 1481 a
3215 1427 3505 1497 suppliciis
3538 1440 3649 1494 ope-

2066 1531 2312 1585 rantium
2345 1528 2675 1599 nequitiam,
2703 1533 2757 1579 et
2782 1540 2810 1578 a
2843 1524 3054 1579 crudeli
3091 1522 3511 1592 impnguatione
3560 1522 3650 1573 dar-

2061 1638 2309 1683 monum,
2345 1621 2435 1689 qui
2477 1625 2802 1689 oppugnant
2841 1616 3055 1669 animas
3098 1623 3345 1676 nostras,
3375 1626 3501 1667 cum
3542 1611 3650 1665 hinc

2060 1716 2333 1770 exibimus
2373 1733 2385 1769 :
2419 1727 2629 1782 nosque
2662 1713 2859 1782 dignos
2893 1708 3103 1763 efficias
3131 1720 3305 1775 regno
3347 1716 3465 1764 tuo.
3493 1714 3542 1757 et
3563 1706 3648 1757 ha-

2062 1807 2325 1863 bitaculis
2347 1820 2561 1868 eorum,
2598 1804 2691 1873 qui
2735 1809 3099 1857 servaverunt
3149 1808 3431 1868 pratcepta
3468 1807 3573 1863 tua,
3602 1806 3648 1852 et

2061 1901 2368 1955 referemus
2396 1900 2491 1954 tibi
2528 1896 2760 1968 gloriam
2790 1905 2846 1951 et
2884 1896 3188 1957 gratiarum
3226 1894 3525 1959 actionem,
3556 1903 3645 1947 etc.

2138 1991 2395 2062 Populus.
2428 1992 2622 2045 Amen.

2139 2085 2399 2140 Sacerdos
2428 2082 2741 2136 inclinatus.
2771 2078 2970 2135 Verbis
3005 2080 3112 2133 tuis
3146 2095 3253 2133 non
3286 2079 3644 2141 mendacibus,

2062 2177 2439 2245 doctrinisque
2464 2174 2833 2229 veracissimis
2852 2174 2958 2228 tuis
2982 2172 3189 2235 dixisti,
3211 2172 3470 2235 Domine,
3499 2173 3646 2225 maxi-

2061 2286 2208 2325 mum
2240 2284 2360 2325 esse
2388 2268 2643 2340 gaudium
2681 2268 2733 2319 in
2784 2266 2926 2321 caelo
2974 2277 3030 2320 et
3078 2266 3130 2318 in
3166 2275 3314 2319 terra
3359 2280 3527 2334 super
3557 2280 3645 2318 uno

2060 2375 2349 2437 peccatore
2375 2363 2760 2435 paenitentiam
2793 2369 3008 2433 agente.
3043 2359 3259 2414 Laetare
3306 2359 3480 2428 igitur
3500 2368 3642 2411 nunc.

2060 2464 2309 2525 Domine,
2339 2460 2390 2515 in
2417 2459 2773 2514 conversione
2807 2470 3093 2511 servorum
3141 2462 3391 2514 tuorum,
3441 2450 3531 2520 qui
3563 2465 3639 2502 co-

2073 2571 2189 2609 ram
2215 2562 2270 2607 te
2306 2552 2395 2607 hic
2421 2551 2757 2614 consistunt;
2793 2546 3028 2617 adiunge
3053 2545 3640 2601 etiamexsnltatiuuezn

2061 2644 2128 2698 de
2177 2643 2360 2708 nobis,
2390 2641 2681 2696 animabus
2711 2640 2926 2709 piorum
2961 2648 3016 2693 et
3054 2636 3367 2706 iustorum,
3416 2635 3638 2691 Patrum.

2064 2738 2545 2799 Patriarcbarum,
2571 2733 2998 2805 PrOphetarum,
3022 2729 3435 2800 Apostolorum,
3458 2727 3633 2780 Przedi-

2058 2839 2330 2895 calorum,
2356 2826 2858 2907 Evangelistarum,
2889 2823 3215 2893 Martyrum,
3240 2820 3637 2879 Confessorum,

2059 2922 2364 2977 zelatorum
2392 2918 2575 2975 cultus
2603 2918 2768 2973 divini
2795 2960 2810 2983 ,
2853 2918 3247 2979 beneficorum,
3279 2914 3640 2983 eleemosynas

2055 3014 2407 3077 facientium,
2458 3026 2653 3066 eorum
2715 3010 2808 3079 qui
2868 3008 3301 3064 necessitatibus
3359 3020 3637 3077 pauperum

423 3100 682 3171 Populus.
716 3099 884 3170 Kyrie
912 3100 1142 3168 eleison,
1170 3099 1339 3172 Kyrie
1367 3100 1593 3171 eleison,
1630 3102 1795 3175 Kyrie
1820 3106 1949 3162 elei-
1978 3126 2021 3184 ο
2058 3106 2494 3170 communicant,
2523 3113 2579 3159 et
2604 3105 2671 3158 ab
2698 3102 2975 3168 omnibus,
3005 3118 3110 3156 una
3144 3100 3391 3154 laudatio
3442 3100 3509 3152 sit
3559 3099 3639 3149 bo-

352 3209 472 3249 8011.

421 3286 703 3342 Sacerdos.
738 3286 842 3341 Per
876 3286 1125 3356 illapsum
1153 3298 1359 3353 autem,
1387 3299 1442 3344 et
1466 3291 1947 3348 obnmbratiouem

357 3397 515 3436 suam
546 3381 650 3450 (4),
684 3381 891 3435 efﬁciat
920 3396 1113 3453 panem
1143 3384 1361 3453 quidem
1396 3385 1557 3439 istum
1590 3386 1629 3455 -ί-
1652 3403 1849 3456 corpus
1876 3389 1951 3441 vi-

356 3491 484 3529 vum
520 3486 576 3528 et
605 3475 772 3553 vitant
811 3483 1079 3542 praestans
1113 3475 1403 3529 animabus
1428 3478 1649 3538 nostris,
1676 3479 1716 3548 ἰ-
1748 3495 1948 3549 corpus

349 3566 611 3628 salutare,
645 3570 686 3633 -ἷ-
710 3579 910 3634 corpus
941 3566 1171 3617 caeleste
1209 3580 1223 3615 :
1259 3578 1457 3633 corpus
1493 3567 1711 3621 salvans
1737 3570 1949 3625 animas

348 3668 407 3713 et
431 3672 663 3724 corpora
711 3665 920 3718 nostra,
956 3669 1157 3723 corpus
1186 3654 1400 3709 Domini
1429 3658 1521 3710 Dei
1554 3670 1608 3712 et
1641 3659 1946 3718 Salvatoris

350 3750 520 3805 nostri
546 3749 672 3804 Jesu
705 3748 937 3809 Christi,
974 3747 1039 3799 ad
1075 3747 1455 3801 remissionem
1489 3763 1863 3819 peccatorum,
1890 3764 1945 3810 et

348 3848 513 3902 vitam
551 3856 832 3907 aeternam,
873 3842 1002 3897 illud
1028 3844 1473 3914 suscipientibus.

420 3922 686 4008 Poleus.
719 3940 914 3993 Amen.

412 4032 698 4089 Sacerdos.
741 4030 808 4084 Et
843 4029 1063 4083 mistum
1105 4044 1228 4083 cum
1283 4030 1334 4085 in
1372 4032 1478 4089 boc
1509 4034 1683 4090 calice
1711 4048 1794 4093 cst
1819 4037 1944 4093 efﬁ-

346 4129 459 4185 ciat
488 4129 527 4198 -ι-
554 4127 881 4197 sanguinem
928 4125 1117 4178 vivum
1150 4136 1204 4181 et
1240 4130 1407 4181 vitam
1442 4141 1708 4199 prsestans
1735 4133 1945 4187 anima-

346 4221 451 4275 bus
499 4230 750 4276 nostrum
787 4222 1057 4285 omnium,
1088 4224 1128 4292 -ι-
1154 4223 1478 4291 sanguinem
1531 4222 1850 4288 salutarem,
1903 4224 1944 4295 -ξ-

345 4313 668 4383 sanguinetn
701 4312 1006 4379 ccelestem,
1035 4315 1358 4383 sanguinem
1388 4314 1693 4369 salvantem
1726 4319 1940 4372 animas

345 4415 565 4460 nostras
628 4411 683 4457 et
744 4418 1009 4473 corpora,
1067 4406 1385 4476 sanguinem
1458 4404 1675 4460 Domini
1740 4409 1833 4463 Dei
1886 4419 1941 4463 et

2055 3201 2143 3254 die
2174 3215 2362 3254 coram
2396 3208 2474 3264 te,
2509 3199 2577 3252 ad
2608 3196 2784 3250 altare
2814 3196 2915 3250 boc
2946 3202 3201 3249 sanctum
3248 3202 3306 3246 et
3345 3192 3400 3246 in
3433 3189 3637 3245 Jerusa-

2056 3290 2161 3344 lem
2189 3288 2424 3344 cmlesli.

2125 3383 2356 3437 Elevnns
2388 3399 2589 3437 vocem.
2626 3380 2694 3434 Et
2720 3389 2947 3451 propter
2995 3379 3112 3434 barc
3148 3388 3320 3449 atque
3368 3378 3476 3432 alia
3510 3377 3634 3446 ejus.

2053 3478 2198 3532 modi
2232 3477 2549 3531 stabiliatur
2596 3473 2841 3529 Ecclesia
2880 3482 2969 3526 tua
3003 3482 3199 3527 sancta
3224 3512 3240 3538 ,
3275 3486 3401 3540 quae
3432 3466 3632 3525 estali-

2054 3570 2217 3623 nibus
2253 3583 2423 3637 usque
2450 3566 2516 3621 ad
2555 3566 2691 3620 ﬁnes
2711 3574 2890 3630 terra),
2925 3574 3399 3633 conscrvetnrqne
3424 3563 3475 3616 in
3499 3570 3633 3615 tran-

2052 3662 2331 3732 quillitate
2396 3670 2449 3715 et
2503 3674 2673 3729 pace,
2748 3659 3120 3727 doctrinisque
3174 3657 3547 3727 evangelicis.
3586 3664 3631 3707 et

2052 3754 2364 3824 apostolicis
2394 3793 2408 3819 ,
2439 3768 2536 3823 per
2561 3751 2843 3806 antistites
2870 3750 3082 3805 divinos
3117 3760 3270 3805 recte
3323 3750 3628 3820 dispensan-

2054 3857 2135 3902 tes
2190 3847 2417 3902 verbum
2480 3844 2752 3907 veritatis,
2813 3853 2869 3899 et
2911 3845 3255 3898 instruentes
3303 3840 3628 3912 dogmatibus

2051 3952 2194 3991 vera:
2247 3934 2569 4006 religionis:
2600 3949 2700 4004 per
2732 3934 3042 3988 sacerdotes
3094 3942 3346 3997 sanctos,
3380 3931 3473 4002 qui
3526 3946 3627 3985 am-

2055 4030 2372 4099 plectuntur
2401 4028 2633 4081 verbum
2681 4026 2828 4089 vitae,
2866 4036 2923 4081 et
2954 4025 3225 4095 protelare
3256 4040 3319 4081 se
3362 4035 3554 4096 gerunt
3580 4024 3625 4077 in

2049 4121 2432 4191 dispensandis
2488 4120 2768 4191 mysteriis
2815 4120 2922 4173 tuis
2971 4118 3347 4175 cmlestibus:
3386 4136 3485 4191 per
3519 4119 3624 4173 dia—

2048 4231 2215 4271 conos
2237 4217 2539 4280 modestos,
2564 4212 2917 4283 perficientes
2948 4212 3321 4266 ministerium
3358 4228 3549 4284 purum
3579 4220 3626 4265 et

2049 4316 2228 4383 regale
2254 4314 2460 4383 absque
2486 4310 2698 4366 macula
2729 4327 2744 4363 :
2779 4324 2876 4379 per
2900 4308 3085 4362 fideles
3124 4322 3314 4373 veros,
3347 4308 3441 4379 qui
3480 4322 3624 4360 οοουτ

2049 4419 2245 4478 pantur
2275 4408 2531 4474 Operibus
2564 4415 2619 4460 et
2661 4403 2873 4458 actibus
2926 4399 3246 4457 Christiano
3289 4401 3504 4471 dignis;
3541 4413 3623 4468 per

348 4497 655 4553 Salvatoris
707 4496 881 4550 nostri
936 4493 1062 4550 Jesu
1127 4496 1369 4565 Christi,
1436 4501 1503 4553 ad
1550 4492 1935 4555 remissionem
1972 4476 2017 4530 D
2048 4502 2281 4555 choreas
2310 4498 2583 4567 virginum
2613 4497 2900 4564 utriusque
2941 4507 3129 4557 sexus,
3156 4492 3620 4547 mortificationem

417 4636 495 4707 (5)
541 4633 652 4689 Ora
702 4632 939 4707 fidelium
981 4648 1079 4707 per
1126 4635 1475 4690 eucharistite
1532 4634 1932 4707 susceptionem

349 4703 480 4777 tingi
513 4708 779 4777 sanguine
810 4703 1044 4777 _(_lbristi,
1081 4714 1137 4757 ut
1168 4713 1355 4772 postes
1378 4707 1666 4777 domorum
1701 4704 1926 4777 Israeli-

354 4774 455 4831 tici'
478 4776 659 4845 populi
695 4776 748 4829 in
783 4774 1020 4845 Aﬁgypto
1052 4777 1250 4845 tinctos
1278 4776 1559 4845 sanguine
1613 4778 1738 4845 agni
1829 4774 1930 4829 Pa-

340 4843 997 4905 schalis,comtnunis‘est
1040 4843 1414 4899 Orientalium
1447 4843 1715 4909 doctrina,
1766 4862 1928 4915 quam

344 4918 465 4968 lose
490 4917 719 4981 explicat
751 4915 985 4968 Severus
1004 4916 1294 4984 episcopus
1315 4917 1675 4981 Aschtnonin,
1692 4918 1745 4971 in
1766 4932 1929 4985 opere

347 4988 411 5037 de
437 4987 590 5052 Agno
626 4986 873 5039 Paschali
926 4996 981 5038 et
1023 4987 1389 5040 Eucharistia.
1444 4988 1588 5041 Idem
1630 4987 1831 5056 legitur
1872 4990 1928 5042 in

343 5056 513 5109 variis
560 5056 925 5121 orationibus,
986 5058 1291 5125 prmsertiin
1344 5057 1450 5112 illis
1495 5073 1616 5127 quze
1668 5060 1928 5112 dicuntur

344 5135 467 5195 post
517 5127 985 5187 communionem,
1028 5128 1091 5179 ad
1126 5128 1428 5195 gratiarum
1478 5129 1773 5182 actionem.
1836 5129 1925 5183 Si-

346 5196 495 5265 gnati
548 5198 913 5250 sacramentis
945 5197 1205 5269 dicuntur
1243 5198 1539 5269 Christiani
1588 5214 1687 5268 per
1742 5201 1924 5269 bapti-

345 5263 543 5330 smum,
580 5280 676 5390 per
696 5280 889 5337 myrou
923 5281 1016 5319 seu
1065 5263 1382 5321 chrismatis
1410 5263 1926 5337 itupressioneni,et

345 5352 441 5390 per
475 5352 575 5389 euc
598 5337 893 5390 taristiatn.
922 5336 1000 5390 Ea
1046 5334 1322 5390 locutione
1359 5339 1491 5390 nihil
1530 5341 1585 5390 in
1622 5340 1745 5390 istis
1800 5340 1926 5390 ofﬁ-

345 5352 441 5404 per
475 5334 893 5390 eucharistiam.
922 5336 1000 5391 Ea
1046 5334 1322 5391 locutione
1359 5334 1500 5392 nihil
1530 5341 1585 5394 in
1622 5340 1745 5396 istis
1800 5340 1926 5395 ofﬁ-

346 5407 449 5460 ciis
472 5407 836 5476 frequentius.

418 5476 494 5551 (αξ)
525 5477 604 5551 De
632 5478 853 5551 vocibus
882 5491 1016 5551 quae
1064 5477 1116 5531 in
1159 5479 1260 5551 bac
1300 5480 1549 5535 oratione
1594 5492 1931 5551 usurpantnr

349 5547 416 5600 ab
446 5547 837 5610 Orientalibus,
863 5547 1069 5599 dictum
1100 5558 1183 5602 est
1213 5548 1387 5603 fusius
1417 5553 1467 5604 in
1502 5555 1647 5607 notis
1670 5547 1740 5607 ad
1781 5555 1926 5606 hunc

348 5615 527 5670 locum
568 5617 828 5686 Liturgize
874 5616 1062 5670 Basilii
1108 5619 1346 5689 Coptica:
1401 5623 1499 5693 (τι),
1556 5622 1929 5694 Ἐπιιροὶτησιν

410 5755 482 5880 ta;
515 5757 639 5805 Vide
663 5757 713 5804 S.
738 5757 911 5823 "Basilii
933 5757 1097 5819 Opera
1123 5761 1358 5812 editionis
1385 5765 1570 5810 nostra
1618 5760 1755 5811 Eutr.
1784 5760 1922 5813 PATB
1940 5799 1951 5811 .

435 5816 461 5865 b
507 5817 646 5866 Hom.
679 5819 709 5865 Ξ
731 5829 778 5867 tn
804 5818 1043 5871 Hexaem.

435 5816 481 5871 b)
507 5817 646 5866 Hom.
679 5819 709 5865 Ξ
731 5816 778 5867 in
804 5816 1043 5871 uernent.

2042 4653 2147 4707 qua
2186 4650 2320 4689 voce
2348 4636 2521 4689 Graeci
2570 4634 2913 4707 potissimum
2950 4630 3029 4686 uti
3075 4638 3284 4707 solent,
3318 4633 3619 4707 exprimunt

2043 4702 2164 4779 Syri
2209 4724 2306 4771 per
2330 4721 2452 4779 eam
2480 4702 2650 4779 quam
2674 4704 2927 4779 illapsum
2970 4702 3239 4779 vertimus
3260 4718 3292 4779 _:
3315 4719 3435 4779 qua
3469 4704 3619 4779 etiam

2048 4772 2299 4840 utuntur,
2336 4776 2463 4830 dum
2498 4772 2801 4830 inirabilent
2849 4775 3142 4828 adventum
3178 4772 3427 4842 Spiritus
3464 4773 3620 4827 sancti

2042 4847 2479 4918 supervenientis
2528 4849 2585 4901 in
2635 4846 2691 4900 Β.
2762 4843 3177 4918 Virginem,__in
3238 4844 3620 4918 lucarnatioais

2039 4910 2326 4989 mysterio,
2362 4920 2699 4987 exprimunt.
2733 4910 2921 4989 Altera
2948 4930 3053 4969 vox
3076 4910 3373 4989 Hebraicze
3405 4914 3622 4989 originis

2038 4984 2144 5053 cst,
2206 4984 2520 5060 legiturque
2574 4989 2731 5043 initio
2782 4986 3057 5042 Geneseos
3097 4999 3164 5038 eo
3195 4984 3318 5060 loco
3352 5003 3368 5039 :
3402 4986 3621 5060 Spiritus

2040 5055 2563 5129 Domini'fereb‘atur
2586 5075 2743 5127 super
2772 5074 2959 5128 aquas,
2992 5066 3252 5129 tanquam
3284 5055 3556 5109 incubans
3578 5062 3622 5129 et

2039 5133 2251 5195 fovens,
2276 5126 2688 5203 genitalemque
2720 5126 2825 5183 vim
2861 5127 3165 5203 immittens
3188 5146 3200 5203 ξ
3221 5142 3392 5195 quam
3412 5126 3618 5203 exposi-

2039 5204 2238 5256 tionem
2276 5198 2344 5255 ab
2375 5196 2648 5269 Ephrenio
2678 5208 2951 5269 acceptam
2982 5196 3232 5269 laudavit
3256 5207 3311 5250 et
3346 5197 3619 5269 amplexus

2035 5283 2117 5327 est
2146 5272 2386 5327 Basilius
2418 5266 2519 5344 (ὁ).
2557 5273 2652 5344 llis
2684 5266 2851 5344 igitur
2880 5268 3062 5322 verbis
3093 5266 3414 5344 signiﬁcant
3440 5266 3618 5321 Orien‘

2040 5344 2175 5398 tales
2205 5338 2986 5399 virtutet'n'ctelitus'missam,
3032 5354 3154 5401 qua:
3204 5338 3261 5391 in
3305 5338 3450 5391 dona
3504 5348 3617 5398 prec

2037 5417 2213 5480 posita
2257 5415 2587 5469 mirabiliter
2618 5424 2901 5481 operetur,
2938 5419 2996 5463 ut
3028 5410 3082 5462 in
3119 5410 3425 5463 creationis
3468 5406 3613 5460 initio

2037 5495 2090 5537 et
2122 5484 2502 5540 lucarnatioue
2532 5484 2734 5538 factum
2767 5492 2888 5538 est:
2919 5495 3040 5535 nam
3072 5490 3312 5553 utraque
3338 5491 3613 5553 compara-

2043 5555 2207 5620 tione,
2243 5556 2568 5611 miraculum
2597 5554 2839 5624 quotidie
2878 5553 2930 5624 in
2970 5546 3319 5605 euchariStia
3356 5546 3473 5605 ﬁeri
3508 5546 3615 5602 soli-

2045 5635 2157 5680 tum
2183 5626 2472 5695 explicant.
2511 5635 2563 5681 et
2590 5623 2785 5683 iisdem
2818 5623 2997 5680 verbis
3030 5632 3278 5677 utuntur.
