3752 6326
150 336 289 390 1129

1593 344 1942 404 LITURGIA.

3253 354 3392 420 “31)

144 458 416 512 viviﬁcam
474 458 732 527 unigeniti
762 458 883 513 Filii
917 460 996 515 tui
1056 460 1109 516 in
1145 463 1405 519 membris
1443 463 1556 518 suis
1606 464 1714 519 cir-
1745 469 1791 525 Α
1896 465 2125 521 Elevans
2160 484 2353 524 vorem.
2389 470 2453 525 Et
2494 475 2712 541 quando
2734 476 2951 546 quidem
3003 484 3157 547 potes
3186 484 3388 542 omnia,

142 551 532 607 cutnferentes.
581 554 760 622 Atque
806 554 934 608 hinc
997 571 1106 609 uno
1159 556 1377 628 agmine
1432 557 1719 612 mittamur

102 680 109 687 κ
139 657 337 699 omnes
382 645 449 699 ad
481 642 784 701 Ecciesiam
824 630 978 702 illam
1023 645 1351 711 Jerusalem,
1383 649 1719 719 primtigeni-

141 745 319 791 torum
343 737 747 807 descriptorum
782 741 838 795 in
865 741 1049 807 ccelis,
1078 749 1245 810 atque
1276 741 1388 796 illic
1417 742 1717 809 spirituali-

141 834 229 881 ter
256 827 633 898 gloriﬁcemus
667 841 740 898 te,
779 822 923 888 Deus
948 831 1132 897 Pater,
1159 843 1215 887 et
1247 834 1583 906 unigenitum
1622 834 1717 890 Fi-

137 915 273 973 lium
308 930 481 987 tuum,
504 931 561 978 'et
586 924 849 995 Spiritum
869 932 1017 981 tuum
1042 935 1313 984 sanctum.

209 1010 469 1084 Populus.
496 1016 692 1073 Amen.

208 1101 469 1160 Sacerdos
503 1107 813 1163 inclinatus.
846 1108 1055 1178 Adjuva
1098 1120 1303 1179 autem,
1343 1112 1595 1180 Domine,
1619 1128 1716 1171 eos

129 1205 330 1251 omnes
358 1198 449 1265 qui
483 1197 751 1268 adjuvant
785 1202 1083 1259 Ecclesiam
1117 1214 1262 1258 tuam
1310 1215 1583 1271 sanctam,
1617 1222 1712 1262 vo-

131 1288 229 1351 tis,
295 1290 558 1355 decimis,
622 1294 931 1350 ministerio
977 1304 1030 1350 et
1080 1295 1503 1352 oblationibus:
1553 1308 1716 1369 atque

131 1379 259 1434 illos
293 1382 457 1436 etiam
493 1384 589 1452 qui
635 1372 917 1454 postulant
955 1388 1235 1443 orationes
1282 1389 1562 1445 tenuitatis
1619 1406 1715 1444 no-

128 1482 283 1537 Strae,
313 1474 379 1528 da
410 1474 515 1529 illis
538 1474 697 1531 ﬁnem
730 1478 1155 1546 postulationum
1191 1484 1454 1550 ipsorum,
1484 1481 1713 1538 Domine

128 1573 347 1619 amator
380 1566 683 1624 hominum.

158 1728 167 1729 η
208 1648 473 1708 Sacerdos
503 1654 711 1710 elevans
741 1674 937 1715 vocem.
967 1659 1125 1718 Mitte
1151 1672 1332 1718 autem
1374 1679 1558 1718 curam
1588 1669 1708 1734 per-

131 1740 360 1811 fectant,
380 1740 717 1819 salutemque
741 1753 979 1820 plenam,
1004 1755 1253 1811 omnibus
1275 1757 1381 1812 illis
1404 1758 1494 1827 qui
1518 1772 1706 1812 curam

130 1826 330 1919 gerunt
368 1853 697 1909 pauperum,
722 1844 813 1910 qui
850 1846 1111 1901 alimenta
1150 1832 1395 1919 prmbent
1428 1826 1708 1920 rorphauis

128 1911 187 1983 et
222 1928 420 1996 viduis,
451 1933 787 2006 visitantQue
809 1928 1054 1995 infirmos
1080 1911 1417 1998 et-aliiictos.
1446 1941 1708 2000 Retribue

126 2017 261 2099 illis,
293 2022 382 2076 hic
420 2024 642 2092 quidem
693 2029 1081 2084 abundantiam
1131 2020 1186 2089 et
1226 2035 1401 2100 bona,
1438 2034 1548 2090 illic
1577 2048 1708 2092 vero

124 2111 354 2169 delicias
381 2116 844 2187 incorruptibiles,
871 2124 999 2192 quia
1030 2133 1082 2179 tu
1110 2126 1371 2184 Dominus
1407 2141 1468 2184 es
1500 2129 1707 2184 utrius-

122 2218 237 2283 que
259 2205 466 2269 saeculi,
498 2216 553 2262 et
582 2206 810 2280 largitor
840 2208 1119 2269 innuensa:
1154 2218 1441 2282 mercedis,
1497 2219 1707 2288 tibique

119 2292 383 2346 convenit
407 2293 783 2365 beneﬁcentia,
816 2309 922 2354 tam
960 2302 1048 2358 hic
1078 2320 1241 2373 quam
1280 2305 1413 2375 illic,
1442 2318 1498 2363 et
1524 2310 1708 2380 unige-

120 2382 245 2436 slito
278 2382 413 2439 Filio
449 2396 565 2441 tuo.

197 2466 456 2542 Papulas.
488 2477 681 2534 Amen.

194 2561 458 2621 Sacerdos
502 2568 818 2628 inclinatus.
870 2572 1009 2631 trem
1065 2592 1250 2648 regum
1302 2585 1635 2653 'co'mpritne,
1671 2603 1704 2642 ο

116 2655 243 2711 Rex
284 2675 511 2731 regum,
551 2662 787 2720 furorem
835 2668 1064 2725 militum
1113 2686 1429 2743 compesce;
1477 2677 1617 2733 bella
1649 2689 1703 2735 et

116 2751 423 2809 seditiones
472 2756 649 2822 aufer,
704 2757 906 2815 fastum
959 2763 1345 2821 haereticorum
1392 2768 1592 2841 dejiCe,
1648 2783 1704 2827 et

113 2847 422 2901 sententias
464 2862 491 2902 a
516 2848 731 2918 justitia
784 2863 872 2907 tua
913 2866 1107 2910 contra
1154 2873 1253 2913 nos
1285 2864 1698 2930 pronuntiatas,

112 2947 343 3008 Superat
373 2956 527 2994 amor
556 2955 687 3013 erga
730 2946 977 3002 hontines
1022 2962 1165 3015 tuus,
1212 2962 1266 3007 et
1311 2962 1598 3014 convertat
1632 2959 1690 3016 in

115 3031 602 3088 mansuetudinem
635 3036 992 3108 benignitatis
1015 3050 1137 3098 tam.

1826 559 2061 613 coetibus
2092 559 2308 612 illorum
2337 561 2688 630 dilectarum,
2726 560 2783 621 et
2811 567 3238 625 domesticorum
3277 582 3398 626 tuo-

1827 665 1946 703 rum
1986 648 2219 719 adjunge
2252 648 2628 706 inﬁrmitatem
2669 663 2934 719 nostram,
2976 656 3199 711 Domine
3226 674 3240 711 :
3265 668 3397 713 con-

1821 742 2121 811 gregationi
2162 742 2235 796 illi
2267 742 2461 808 heatze,
2494 745 2637 814 parti
2670 745 2798 801 huic
2830 746 3049 813 divinae,
3075 758 3135 802 ut
3166 764 3264 820 per
3299 764 3395 805 eos

1822 832 2195 904 suscipiantur
2221 833 2529 889 oblationes
2557 845 2613 890 et
2660 837 2943 893 orationes
2983 845 3186 896 nostra:
3211 850 3394 896 coram

1825 923 2020 978 throno
2047 924 2264 979 excelso
2296 924 2600 1005 majestatis
2632 934 2756 994 tuae,
2787 941 2853 989 eo
2882 931 3028 999 quod
3058 931 3307 989 imbelles
3342 938 3397 988 et

1821 1008 2024 1070 iniirmi
2076 1031 2288 1081 sumus,
2320 1016 2736 1089 indigentesque
2782 1020 2974 1077 ﬁducia
3022 1026 3165 1093 apud
3193 1033 3266 1080 te.
3304 1026 3399 1080 Ni-

1820 1104 2018 1159 mirum
2075 1096 2357 1174 peccatum
2404 1116 2652 1163 nostrum
2686 1107 2976 1178 etjustitia
3029 1124 3217 1169 nostra
3260 1118 3396 1173 nihil

1820 1184 1969 1262 sunt,
2002 1196 2070 1250 ad
2105 1188 2334 1266 pelagus
2362 1196 2590 1254 effusum
2624 1207 2678 1255 et
2715 1186 3038 1257 immensum
3080 1206 3399 1263 misericor-

1817 1286 1922 1341 diae
1956 1296 2080 1342 tute.
2111 1285 2166 1341 in
2202 1291 2369 1345 corda
2428 1290 2600 1361 igitur
2651 1292 2990 1364 singulorum
3035 1299 3409 1373 perSpiciens,

1817 1378 2210 1437 retributiones
2242 1383 2419 1439 bonas
2450 1384 2778 1455 petitionum
2825 1404 3047 1443 suarum
3097 1392 3397 1462 unicuique

1817 1470 1992 1538 mitte,
2025 1481 2085 1526 ut
2114 1472 2166 1526 in
2192 1474 2451 1531 omnibus
2476 1485 2531 1530 et
2562 1477 2615 1531 in
2648 1476 2877 1549 singulis
2911 1481 3173 1538 adoretur
3202 1493 3256 1538 et
3280 1485 3397 1539 lau-

1817 1561 1978 1618 detur
2005 1564 2264 1635 majestas
2291 1576 2381 1622 tua
2409 1577 2462 1623 et
2492 1570 2758 1642 unigeniti
2790 1566 2915 1627 Filii
2950 1574 3048 1629 tui.

1888 1653 2151 1725 Populus.
2186 1658 2379 1714 Amen.

1886 1742 2153 1804 Sacerdos
2206 1751 2517 1810 inclinatus.
2550 1750 2842 1822 Memento,
2874 1756 3122 1827 Domine,
3150 1764 3390 1818 omnium

1809 1835 2194 1907 episcoporum
2217 1879 2233 1906 ,
2264 1840 2550 1895 doctorum
2597 1854 2650 1897 et
2686 1847 2979 1913 praesulum
3008 1849 3268 1906 Ecclesiae
3288 1862 3395 1907 tua:

1809 1934 2016 1981 sancta:
2040 1943 2229 1983 eorum
2258 1929 2349 2000 qui
2390 1945 2419 1983 a
2456 1929 2657 1987 Jacobo
2698 1933 2776 2007 (5)
2817 1939 3099 2006 apostolo,
3135 1942 3393 2012 episcopo

1809 2026 1864 2073 et
1907 2029 2150 2089 martyre
2190 2036 2365 2091 usque
2392 2023 2460 2079 ad
2501 2024 2829 2082 hodiernum
2864 2029 3028 2098 diem,
3063 2033 3392 2103 placuerunt

1808 2117 1865 2164 et
1893 2109 2106 2179 placent
2134 2112 2253 2169 tibi.

1842 2280 1845 2283 _
1885 2202 2109 2259 Elevans
2126 2222 2319 2261 vocem.
2340 2204 2525 2265 lusere
2546 2212 2726 2283 nobis,
2744 2214 2995 2281 Domine,
3013 2208 3171 2272 ﬁdem
3196 2228 3385 2274 eorum

1807 2309 2021 2363 veram,
2047 2308 2099 2352 et
2123 2298 2296 2354 zelum
2327 2315 2517 2356 eormn
2542 2319 2641 2374 pro
2670 2321 2797 2361 vera
2832 2307 3114 2379 religione,
3146 2311 3388 2367 charita-

1810 2397 1916 2444 tem
1952 2390 2140 2444 eurum
2171 2391 2444 2448 sinceram
2468 2435 2483 2459 ,
2516 2402 2571 2450 et
2614 2396 2745 2453 nulli
2791 2397 3026 2455 defectui
3069 2400 3382 2470 obnoxiam,

1808 2480 1989 2534 mores
2019 2493 2209 2536 eorum
2251 2482 2613 2556 inculpabilcs
2647 2506 2662 2545 :
2694 2497 2753 2546 ut
2780 2491 3031 2564 vestigiis
3063 2509 3251 2567 eorum
3303 2496 3386 2551 in-

1806 2564 2096 2637 haerentes,
2139 2573 2436 2647 participes
2472 2582 2742 2637 mercedis
2768 2597 2971 2657 eorum
2990 2564 3185 2654 simus,
3218 2596 3272 2643 et
3294 2604 3386 2643 co-

1808 2678 2067 2720 ronarum
2107 2666 2363 2732 victoriae,
2402 2686 2521 2741 qua:
2570 2670 2675 2730 illis
2712 2687 2913 2744 paratae
2941 2689 3068 2733 sunt
3115 2681 3168 2734 in
3216 2696 3384 2753 regno

1807 2767 1899 2813 tuo
1922 2759 2134 2816 caelesti
2172 2778 2186 2816 ε
2224 2762 2442 2834 illicque
2479 2766 2643 2822 simul
2682 2784 2805 2824 cum
2862 2770 2969 2824 illis
2992 2754 3257 2831 canamus
3287 2777 3381 2831 tibi

1804 2848 2031 2919 gloriam
2066 2853 2487 2925 indesinentem,
2521 2868 2575 2918 et
2604 2861 2884 2932 unigenito
2915 2862 3052 2920 Filio
3083 2872 3194 2921 tuo.

1872 2932 2128 3015 Populus.
2157 2948 2354 3005 Amen.

1840 3034 1843 3037 Α
1875 3056 2137 3115 Sacerdos
2182 3062 2492 3119 inclinatus.
2536 3065 2834 3133 Memento,
2860 3067 3111 3135 Domine,
3135 3081 3377 3137 omnium

192 3122 427 3180 Elevans
451 3141 650 3183 vocem.
681 3129 1155 3202 Tranquillitutvm
1196 3149 1249 3193 et
1291 3155 1481 3209 pacem
1526 3161 1647 3215 qua:
1673 3161 1703 3201 a
1731 3161 1775 3219 ο
1806 3148 2187 3207 defunctorum
2221 3155 2314 3229 qui
2345 3156 2730 3213 decubucrunt
2750 3122 2875 3213 cuin
2906 3122 3379 3231 spetua,

114 3224 172 3271 te
196 3224 303 3282 est,
320 3221 561 3276 concede
585 3231 746 3278 terra:
770 3234 825 3278 et
851 3227 1101 3282 omnibus
1126 3228 1523 3290 habitatoribtts
1546 3235 1689 3304 ejus,

112 3308 282 3364 visita
316 3325 437 3366 eam
462 3328 559 3382 per
599 3314 867 3373 beneﬁcia
903 3328 1017 3384 tua,
1060 3331 1115 3377 et
1152 3337 1340 3377 curam
1383 3327 1695 3384 misericor-

111 3399 221 3455 diae
249 3410 374 3468 tuae,
404 3418 504 3471 per
528 3405 732 3462 bonam
762 3418 817 3464 et
845 3421 1204 3482 temperatam
1244 3417 1388 3472 aeris
1432 3421 1696 3473 constitu-

112 3493 343 3559 tionem,
378 3494 651 3553 fructuum
684 3502 1009 3572 ubertatem,
1042 3505 1367 3578 frugumque
1416 3511 1694 3566 abundan-

111 3586 276 3649 tiam,
330 3587 760 3661 varietatemque
835 3592 1049 3654 liorum.
1115 3597 1391 3654 Praeserva
1442 3616 1565 3656 eam
1622 3605 1691 3659 ab

110 3676 370 3733 omnibus
401 3677 574 3749 plagis
604 3679 829 3748 furoris,
854 3697 910 3739 et
937 3686 1005 3740 sb
1030 3685 1321 3743 lnsultibus
1360 3690 1565 3761 iniquis
1596 3692 1692 3748 ini-

112 3773 409 3837 micorum,
446 3778 554 3825 tam
603 3773 970 3842 spiritualium
1017 3790 1179 3846 quam
1232 3781 1601 3848 sensibilium,
1633 3792 1691 3838 ut

112 3865 324 3931 absque
378 3863 486 3918 ulla
535 3866 852 3933 passionum
897 3881 1059 3934 noxa,
1120 3881 1414 3941 perpetuos
1457 3874 1690 3945 hymnos

111 3956 304 4029 gloria:
330 3970 591 4011 canamus
627 3957 746 4022 tibi,
771 3968 828 4012 et
856 3960 1138 4029 unigenito
1172 3961 1312 4018 Filio
1339 3975 1449 4021 tuo.

184 4046 447 4119 Populus.
476 4050 669 4105 Amen.

185 4140 449 4197 Sacerdos
500 4144 808 4201 inclinatus.
852 4147 935 4202 Ad
980 4146 1155 4203 altare
1188 4149 1311 4215 hoc,
1345 4160 1400 4205 et
1450 4152 1518 4207 ad
1555 4153 1687 4209 illud

110 4237 255 4291 cmio
279 4237 587 4303 sublimius,
614 4240 877 4295 memoria
907 4240 1049 4297 bona
1082 4243 1156 4298 sit
1182 4243 1291 4299 illis
1317 4244 1571 4302 omnibus
1593 4248 1684 4316 qui

109 4344 179 4382 ex
216 4328 417 4383 mundo
451 4329 547 4385 tibi
576 4331 922 4400 placuerunt.
967 4334 1250 4405 Prtecipne
1300 4351 1432 4392 vero
1482 4350 1686 4394 sanctae

1798 3256 1923 3301 vera
1957 3264 1969 3301 :
1998 3249 2299 3317 praesertim
2328 3261 2459 3306 vero
2484 3260 2541 3306 et
2570 3252 2896 3308 nominatim
2917 3295 2933 3321 ,
2967 3265 3206 3326 patrum,
3257 3257 3378 3313 fra-

1799 3344 1978 3401 trum,
2040 3338 2536 3410 magistrorumque
2604 3354 2953 3413 nostrorum,
3007 3350 3377 3417 corporalium

1794 3436 1887 3481 aut
1914 3427 2302 3497 Spiritualium,
2353 3440 2410 3486 et
2443 3436 2632 3486 eorum
2674 3446 2771 3504 pro
2819 3436 3021 3506 quibus
3048 3446 3103 3493 et
3134 3454 3375 3509 quorum

1793 3519 1993 3595 gratia,
2022 3519 2227 3577 oblatio
2258 3521 2375 3576 haec
2412 3533 2598 3579 sancta
2624 3525 2808 3581 oblata
2837 3536 2941 3583 est.
3228 3580 3231 3589 ν

1868 3608 2094 3664 Elevans
2119 3624 2313 3667 vocem.
2340 3612 2611 3685 Adjunge,
2635 3615 2884 3691 Domine,
2905 3620 3125 3677 nomina
3156 3622 3372 3679 illorum

1793 3713 1915 3754 cum
1949 3702 2261 3756 nominibus
2306 3714 2626 3760 sanctorum
2678 3716 2900 3764 tuorum
2934 3711 2988 3766 in
3032 3712 3372 3769 habitatione

1799 3791 1961 3847 beata
2005 3806 2191 3848 eorum
2223 3796 2315 3863 qui
2375 3796 2573 3851 festum
2605 3807 2774 3869 agunt
2809 3810 2866 3855 et
2900 3800 3163 3857 lmtantur
3199 3805 3252 3859 in
3283 3810 3366 3870 te;

1791 3898 1899 3939 non
1930 3894 2194 3941 revocans
2233 3887 2337 3941 illis
2368 3892 2688 3945 memoriam
2727 3902 3087 3973 peccatorum,
3118 3912 3364 3961 suorum,

1791 3989 1968 4045 neque
1988 3992 2424 4036 commemorans
2450 3982 2586 4053 ipsis
2607 4000 2726 4054 quae
2755 3987 3080 4061 insipienter
3103 3999 3329 4060 egerunt
3348 4008 3362 4052 ι

1791 4068 1924 4136 quia
1964 4070 2146 4125 nullus
2176 4080 2259 4126 est
2289 4074 2440 4128 carni
2476 4075 2754 4148 alligatus,
2791 4087 2847 4133 et
2874 4068 3135 4135 innocens
3174 4096 3365 4136 coram

1791 4166 1846 4211 te
1895 4175 1909 4211 :
1938 4174 2076 4214 unus
2107 4159 2252 4215 enim
2288 4166 2664 4221 tantummodo
2686 4180 2848 4237 super
2877 4177 3076 4224 terram
3105 4172 3254 4226 visus
3281 4182 3367 4228 est

1788 4252 1997 4323 absque
2026 4262 2275 4322 peccato,
2329 4254 2487 4311 Jesus
2527 4256 2783 4314 Christus
2830 4261 3145 4330 unigenitus
3194 4262 3365 4319 Filius

1790 4351 1913 4396 tuus
1942 4358 1956 4397 :
1986 4344 2212 4413 simplex
2256 4346 2348 4415 qui
2378 4332 2451 4402 ad
2474 4350 2927 4418 compositionem
2958 4353 3108 4409 venit
3130 4353 3232 4425 (6),
3268 4371 3365 4426 per

108 4419 408 4477 Genitricls
448 4421 579 4486 Dei,
613 4421 843 4479 Joannis
889 4426 1101 4494 nuntii,
1130 4426 1395 4498 Baptistae
1441 4436 1497 4484 et
1544 4444 1683 4499 pra:-
1712 4512 1751 4519 __
1786 4448 1947 4504 quem
1984 4452 2083 4492 nos
2118 4452 2335 4508 quoque
2369 4438 2754 4498 misericordiae
2776 4419 3360 4519 cvusequcndte'spem

112 4512 396 4576 cursoris,
430 4512 573 4566 Petri
604 4522 658 4567 et
690 4513 864 4578 Pauli,
902 4516 1175 4586 totiusque
1211 4526 1384 4575 coetus
1412 4521 1681 4589 apostolo-
1712 4512 1755 4567 D
1784 4526 2063 4583 habemus.

112 4618 259 4669 rum,
314 4602 576 4674 Stephani
634 4619 869 4675 quoque,
924 4615 979 4662 et
1018 4609 1289 4664 universa:
1338 4612 1508 4665 turba:
1534 4627 1681 4665 mar-

112 4708 316 4770 tyrum,
346 4708 401 4753 et
430 4714 617 4755 eorum
648 4701 913 4767 omnium,
945 4702 1036 4771 qui
1066 4712 1192 4757 ante
1235 4717 1351 4769 eos,
1384 4719 1507 4759 cum
1552 4704 1679 4771 illis,

109 4799 168 4845 et
192 4801 318 4860 post
342 4806 437 4847 eos
470 4789 813 4863 placuerunt,
845 4804 902 4850 et
927 4794 1143 4864 placent
1171 4796 1291 4851 tibi.

183 4927 261 5007 _(5)
294 4928 582 5007 Summum
613 4931 665 5007 i_d
690 4947 755 5007 ex
787 4932 972 4989 Graeca
998 4929 1187 5007 Jacobi
1220 4932 1457 5007 Litu‘rgia
1489 4932 1683 5007 Hiero-

112 4998 770 5074 solymitanaéAEcclcsia:
822 5006 1068 5074 propria,
1109 5018 1229 5073 quae
1278 4998 1495 5059 fundata
1520 5020 1550 5059 a
1587 5004 1681 5061 Ja-

112 5072 251 5125 cobo
284 5069 453 5124 fratre
473 5072 707 5135 Domini,
732 5069 1141 5129 successionem
1171 5075 1292 5128 lidei
1316 5085 1371 5129 et
1394 5074 1682 5131 Cathedrze

110 5140 178 5215 ad
212 5152 337 5193 eum
371 5143 573 5215 merito,
605 5145 911 5215 referebat,
942 5158 1115 5212 neque
1137 5143 1352 5215 praprie
1381 5146 1448 5199 ad
1488 5148 1682 5201 Antio-

109 5210 340 5284 chenam
374 5211 669 5267 Ecclesiam
719 5229 768 5284 a7
804 5212 968 5269 Petro
1018 5210 1297 5270 fundatam
1349 5215 1677 5284 pertinebat.

112 5280 219 5354 _Sed
246 5296 369 5354 cum
403 5295 520 5335 eam
564 5283 864 5354 Liturgiam
911 5286 965 5338 in
1011 5284 1189 5339 vicina
1221 5280 1505 5339 Palaestina
1540 5287 1680 5341 cele-

112 5352 264 5405 brem
296 5353 361 5405 ad
393 5367 451 5406 se
484 5352 909 5420 transtulissent,
940 5354 1079 5409 hanc
1112 5355 1401 5409 formulam
1437 5357 1680 5410 retinuea-

112 5430 281 5494 runt:
315 5431 371 5477 et
394 5436 457 5476 ea
491 5438 724 5494 quoque,
749 5434 807 5477 ut
842 5425 968 5483 alibi
1000 5433 1247 5479 notatum
1275 5436 1381 5492 est,
1414 5425 1679 5481 Jacobitue

110 5492 264 5565 abusi
296 5492 565 5565 sunt._lta
608 5492 1281 5565 cnim#denominationem
1312 5512 1475 5565 quam
1515 5513 1543 5549 a
1588 5496 1679 5550 Ja-

109 5562 245 5616 t'obo
291 5562 565 5618 Baradato
603 5566 719 5618 sive
761 5563 998 5619 Zanzalo
1030 5581 1124 5620 eos
1155 5562 1455 5635 accepisse,
1500 5566 1675 5621 Graeci

109 5643 387 5703 auctores,
418 5650 522 5688 non
570 5637 750 5689 minus
778 5652 939 5703 quam
971 5635 1280 5691 Orientales
1323 5637 1592 5691 Melchita:
1622 5648 1677 5692 et

108 5701 410 5775 hestoriani
440 5714 729 5770 testantur,
762 5701 829 5760 ad
854 5707 1170 5775 Apostoium
1206 5708 1474 5762 referunt.

177 5780 255 5847 to)
295 5774 423 5830 lith
454 5779 617 5830 Verba
648 5781 821 5846 triagis
862 5774 1135 5833 rhetorice
1167 5794 1327 5847 quam
1372 5778 1689 5851 theologice

379 5869 650 5931 Panos.
684 5871 798 5931 Gn.
833 5871 940 5932 ΙΙΙ.

1856 4615 2114 4689 Populus.
2145 4621 2391 4688 Quietem
2422 4637 2642 4696 praesta.
3152 4707 3154 4710 ν

1855 4708 2112 4767 Sacerdos
2158 4715 2473 4774 inclinatus.
2520 4719 2753 4774 Peccatn
2810 4727 2992 4774 nostra
3042 4733 3098 4776 et
3148 4708 3357 4778 illdrtin‘t

1784 4784 2112 4873 veluntaria,
2141 4808 2381 4863 scienter
2410 4819 2464 4865 et
2495 4809 2813 4878 ignoranter
2843 4813 3136 4868 commissa
3173 4818 3359 4871 remit-

1784 4933 1947 4999 dicta,
1990 4935 2172 5017 minus
2213 4948 2374 5017 recte
2412 4940 2784 5017 Jacobitarum
2822 4943 3135 5014 opinionem
3187 4948 3359 5017 expli-s

1784 5015 1934 5084 cant.
1986 5004 2286 5084 Nec__enitn
2339 5012 2790 5084 compositionem
2854 5004 3195 5084 agnoscunt,
3246 5004 3355 5074 nisi

1783 5076 1961 5151 qualis
1988 5086 2073 5151 est
2096 5076 2190 5132 illa
2214 5094 2335 5151 qua:
2366 5082 2417 5132 in
2462 5076 2712 5151 symbolo
2744 5076 3030 5140 Athanasii
3060 5076 3225 5145 dicto.
3260 5096 3356 5140 tia-s

1784 5146 1960 5223 betur;
1992 5145 2146 5223 Sicut
2171 5145 2350 5203 anima
2384 5145 2661 5223 rationalis
2691 5164 2738 5205 et
2768 5170 2893 5207 caro
2917 5170 3049 5209 unus
3074 5166 3150 5209 est
3174 5158 3352 5223 homo,
3398 5160 3402 5169 '

1782 5215 1855 5267 ita
1873 5215 2014 5294 Deus
2036 5228 2084 5270 et
2110 5219 2264 5272 homo
2290 5231 2514 5294 unuse“
2539 5221 2804 5294 Christus,
2836 5238 2955 5293 quae
2983 5215 3341 5294 eotnparatio,

1783 5288 2031 5362 quantivis
2060 5303 2089 5340 a
2113 5290 2377 5362 ttonnulis
2403 5290 2657 5346 l’atribus
2691 5288 2973 5362 usurpata,
3008 5288 3266 5351 Facundo
3298 5288 3354 5350 et

1781 5357 1905 5411 aliis
1930 5372 2040 5435 non
2075 5357 2299 5435 placuit;
2333 5361 2441 5415 Sed
2459 5365 2775 5435 dumunam
2804 5357 3055 5417 naturam
3088 5372 3352 5435 proﬁten-

1785 5435 1892 5491 tur,
1927 5426 2403 5504 ilaconfusionem
2445 5432 2876 5504 Antistionetnque
2915 5426 3238 5501 excludunt,
3292 5450 3352 5490 ut

1781 5500 2104 5565 compositio
2155 5502 2374 5575 prOprie
2424 5502 2569 5575 dicta
2613 5503 2761 5575 nulla
2786 5500 2903 5575 'sit,
2943 5506 3046 5558 nisi
3080 5500 3353 5575 quatenus

1780 5583 2003 5621 summa:
2057 5572 2419 5646 perfectaeque
2475 5572 2812 5640 simplicitati
2867 5572 3347 5646 Deiriopponttnr,

1780 5653 1939 5715 quam
1984 5653 2090 5692 non
2126 5641 2292 5715 habet
2323 5644 2482 5696 homo
2516 5653 2830 5712 assumptus
2873 5661 2941 5697 ex
2976 5641 3215 5715 Virgine,
3262 5665 3348 5701 cui

1784 5708 2012 5761 Verbum
2045 5725 2174 5762 curo
2217 5711 2419 5786 factum
2452 5718 2577 5767 dum
2613 5708 2822 5767 unitum
2844 5726 2947 5778 est,
2981 5716 3034 5770 in
3060 5708 3351 5786 quantulum

1778 5782 2221 5846 compositionem
2252 5784 2409 5836 venit.

2957 5880 3034 5943 36
