3772 6298
341 293 469 353 “5t

1529 285 1586 340 S.
1623 277 1923 338 DIONYSII
1997 272 2343 335 LITURGIA.

3454 257 3589 314 “3?.

338 427 484 478 tene,
531 410 798 483 prapititts
836 417 992 472 esto,
1042 406 1305 473 Domine,
1343 411 1559 458 amator
1605 403 1905 456 hominum.
1940 406 1989 465 Α
2015 398 2125 453 vita
2154 395 2388 467 gloriosa
2427 401 2484 449 et
2508 391 2716 460 absque
2747 388 2853 443 ﬁne
2880 386 2933 441 in
2962 381 3285 440 habitaculo
3316 376 3624 469 spirituali.

414 505 640 562 Elevans
676 516 870 557 vocem.
893 495 959 555 Et
980 508 1179 571 praesta
1208 496 1367 553 nobis
1398 496 1561 551 ﬁnem
1599 493 1909 564 paciﬁcum,

341 599 547 656 exitu
575 608 697 649 cum
725 586 1100 647 misericordia
1144 606 1158 642 :
1190 597 1357 655 utque
1400 594 1605 641 stemus
1651 581 1909 652 inculpati

342 697 409 752 ad
439 696 739 755 dexteram,
771 694 826 741 et
858 699 982 741 cum
1031 681 1173 737 facie
1214 679 1455 735 revelata
1493 689 1550 733 et
1575 676 1795 740 ﬁducia,
1820 688 1915 731 oc-

342 798 634 841 curramus
660 782 726 837 ad
753 787 934 836 ortum
965 775 1233 847 unigeniti
1262 773 1389 829 Filii
1416 772 1528 839 tui,
1560 779 1615 826 et
1640 770 1706 824 ad
1738 768 1917 823 mani-

346 877 697 933 testationem
725 869 844 939 ejus
878 868 1175 924 secundam
1209 874 1265 920 et
1298 863 1592 934 gloriosam
1644 860 1711 916 de
1740 860 1913 927 coelo;

343 970 739 1038 audiamusque
764 965 833 1021 ab
859 981 923 1022 eo
943 979 1132 1022 vocem
1158 960 1306 1017 illam
1332 960 1570 1023 beatam,
1597 972 1759 1028 quam
1790 955 1917 1009 bea-

346 1067 417 1120 tis
447 1066 500 1119 in
537 1064 643 1116 ﬁne
676 1056 1084 1130 pronuntiabit,
1136 1052 1391 1108 benedicti
1439 1048 1619 1104 Patris
1652 1048 1777 1125 mei,
1831 1062 1922 1100 ca-

341 1157 537 1228 pessite
564 1153 929 1206 Ita'reditatem
978 1148 1123 1217 regni
1167 1145 1409 1208 cwlestis,
1445 1150 1507 1197 ut
1537 1142 1589 1196 in
1623 1141 1729 1196 hoc
1775 1138 1920 1194 sicut

346 1258 403 1303 et
437 1249 490 1301 in
527 1246 781 1301 omnibus
823 1240 1161 1313 gloriﬁcetur
1184 1245 1239 1291 et
1269 1235 1517 1289 laudetur
1544 1243 1740 1285 nomen
1769 1237 1919 1283 tuum

346 1339 583 1397 maxime
606 1334 999 1392 venerandum.

417 1430 677 1500 Papulas.
707 1429 795 1485 Ut.

418 1522 703 1581 Sacerdos.
740 1522 876 1577 Pax.

419 1614 680 1688 Populus.
714 1598 931 1671 Etcum
965 1608 1158 1682 spiritu
1184 1617 1297 1662 tuo.

353 1730 614 1788 Sacerdos
639 1726 842 1798 frangit
882 1723 1133 1798 hostium,
1176 1728 1224 1774 et
1254 1716 1380 1773 dicit
1433 1711 1769 1780 Orationem,
1800 1720 1927 1767 ante

944 1792 1105 1847 Pater
1132 1797 1337 1845 noster.

425 1890 589 1947 Pater
645 1887 886 1943 omnium
926 1894 995 1963 iet
1042 1881 1373 1953 principium
1430 1880 1574 1951 quod
1623 1886 1708 1933 est
1762 1890 1927 1946 super

351 1986 556 2049 omnia,
608 1984 696 2037 lux
741 1990 942 2036 :eterna
985 1987 1041 2034 et
1082 1976 1204 2032 fons
1257 1973 1418 2038 lucis,
1477 1988 1599 2044 qua:
1656 1970 1931 2026 illuminat

352 2092 545 2135 omnes
573 2086 802 2130 naturas
831 2070 1046 2125 ratione
1083 2066 1365 2136 praeditas,
1398 2064 1489 2134 qui
1525 2076 1688 2117 vocas
1715 2074 1781 2116 ex
1810 2057 1929 2129 pul-

350 2187 481 2224 νιτε
513 2169 751 2238 inopem,
782 2172 838 2219 et
867 2162 934 2217 de
962 2170 1208 2216 stercore
1232 2157 1401 2229 erigis
1422 2167 1735 2227 pauperem,
1755 2159 1810 2206 et
1834 2164 1933 2204 nos

347 2264 603 2333 iactatos,
641 2258 873 2327 rejectos
905 2264 964 2311 et
990 2254 1239 2309 inﬁrmos
1266 2252 1335 2308 ad
1384 2249 1691 2305 libertatem
1717 2246 1795 2315 {et
1831 2244 1951 2317 do-v

356 2358 644 2411 tnesticam
677 2351 913 2406 ﬁliorum
949 2358 1167 2403 tuorum
1208 2344 1528 2416 dignitatem
1554 2338 1783 2407 vocasti,
1839 2352 1938 2408 per

351 2448 550 2505 Filium
580 2454 735 2499 tuum
767 2440 1028 2497 dilectum
1067 2456 1081 2493 :
1115 2445 1312 2510 praesta
1342 2434 1500 2489 nobis
1535 2441 1595 2487 ut
1624 2428 1722 2486 ﬁlii
1756 2425 1935 2483 sancti

354 2540 545 2595 ethoc
591 2532 923 2607 cognomine
951 2547 1058 2587 non
1108 2527 1316 2598 indigni
1366 2537 1724 2597 appareamus
1752 2535 1934 2577 coram

358 2641 430 2696 te,
473 2644 636 2684 omne
667 2638 888 2697 quoque
918 2619 1287 2677 ministerium
1317 2628 1589 2680 nostrum,
1636 2613 1936 2669 secundum

354 2706 540 2779 moras
570 2718 878 2789 inculpatos
910 2714 1282 2788 perﬁciamus,
1315 2719 1515 2767 etcum
1544 2705 1784 2778 puritate
1814 2705 1934 2759 ani-

355 2832 481 2880 mae,
511 2812 825 2868 intellectus
858 2806 1155 2872 munditia,
1206 2804 1504 2872 divinaque
1544 2807 1752 2864 mente,
1799 2812 1939 2868 qua-

356 2920 574 2976 cunque
615 2904 751 2960 hora
789 2902 1109 2957 invocemus
1138 2906 1189 2954 te
1220 2897 1388 2951 Deum
1440 2893 1656 2948 Patrem
1688 2889 1939 2959 omnipo-

360 3011 585 3064 tentem,
627 3005 883 3052 sanctum
943 3004 998 3049 et
1026 2991 1307 3048 caelestem
1350 3000 1570 3042 oremus
1592 2992 1648 3041 et
1674 2983 1939 3049 dicamus,

356 3091 522 3149 Pater
548 3101 735 3145 noster
771 3088 863 3158 qui
891 3101 951 3141 es
974 3086 1026 3140 in
1054 3082 1231 3139 caelis.

435 3183 691 3253 Populus.
719 3177 1109 3235 Sanctiﬁcetur
1140 3189 1337 3231 nomen
1362 3182 1537 3239 tuum,
1572 3179 1681 3226 etc.

432 3273 925 3332 Sacerdos.Libera
959 3283 1148 3325 servos
1171 3278 1225 3322 et
1248 3266 1386 3322 ﬁlios
1412 3276 1560 3331 tuos,
1593 3260 1840 3328 Domine,
1871 3260 1939 3314 ab

361 3370 617 3426 omnibus
641 3364 1043 3422 tentationibus
1062 3360 1399 3416 diﬁicillitnis
1441 3367 1497 3414 et
1530 3373 1650 3428 quae
1678 3356 1824 3411 vires
1845 3369 1940 3407 su-

363 3474 609 3535 perent:
659 3469 714 3513 et
771 3457 841 3511 ab
898 3454 1150 3510 omnibus
1222 3452 1504 3506 doloribus
1567 3447 1664 3519 qui
1728 3443 1941 3514 corpori

364 3569 555 3612 nostro
625 3555 737 3628 vel
783 3552 980 3607 animae
1055 3547 1333 3609 .damnum
1414 3543 1623 3601 inferre
1696 3548 1942 3613 possunt.

365 3648 592 3709 Custodi
626 3662 725 3702 nos
749 3645 911 3701 simul
941 3658 971 3697 a
1001 3640 1143 3697 malo
1166 3649 1223 3695 et
1252 3641 1319 3696 ab
1366 3639 1484 3710 ejus
1518 3646 1789 3709 potestate
1824 3633 1946 3689 uni-

367 3760 549 3807 versa,
582 3750 637 3796 et
670 3755 701 3794 a
736 3735 954 3794 technis
990 3734 1109 3804 ejus
1147 3731 1504 3802 perniciosis,
1553 3730 1680 3800 quia
1735 3740 1786 3781 tu
1832 3727 1947 3782 Rex

369 3837 613 3893 omnium
646 3848 727 3898 es,
762 3841 819 3887 et
848 3830 941 3886 tibi
975 3827 1202 3900 gloriam
1230 3824 1539 3881 referimus.

442 3927 701 3998 Papulas.
732 3925 926 3979 Amen.

444 4019 729 4075 Sacerdos.
762 4015 836 4069 Pa
846 4030 900 4077 χ.

447 4111 706 4180 Populus.
742 4109 811 4162 Et
837 4120 961 4161 cum
995 4104 1187 4175 spiritu
1214 4112 1323 4157 tuo.

449 4205 738 4257 Diaconus.
768 4200 930 4253 Ante.

452 4293 715 4360 Populus.
746 4292 944 4345 Coram
986 4298 1057 4349 te,
1091 4287 1339 4343 Domine.

453 4386 735 4441 Sacerdos.
766 4382 982 4450 Aspice,
1004 4379 1253 4445 Domine,
1273 4376 1525 4447 populum
1551 4383 1698 4430 tuum
1725 4373 1959 4439 ﬁdelem,

2014 488 2442 550 discumbamus,
2473 493 2527 539 et
2548 484 2613 536 ad
2646 495 2887 536 mensam
2923 478 3071 548 regni
3108 477 3183 531 tui
3212 468 3590 547 epulentur,et

2014 580 2319 638 referemus
2345 577 2441 633 tibi
2465 575 2695 647 gloriam
2724 582 2777 628 et
2799 570 3041 626 laudem.

2085 671 2347 740 Populus.
2372 671 2564 725 Amen.

2048 768 2053 773 ’
2086 763 2367 820 Sacerdos.
2393 761 2524 816 Pax.

2092 854 2354 924 Populus.
2390 853 2454 908 Et
2481 868 2604 909 cum
2634 853 2828 921 spiritu
2858 859 2973 907 tuo.

2091 948 2371 1004 Sacerdos.
2405 945 2594 1003 Gratia
2621 946 2712 1001 Dei
2737 945 2831 1013 sit,
2856 953 2966 1000 etc.

2092 1041 2354 1112 Populus.
2380 1040 2446 1097 Et
2478 1056 2602 1097 cum
2634 1040 2830 1111 spiritu
2856 1049 2969 1094 tuo.

2092 1134 2386 1189 Diaconus.
2418 1128 2553 1189 Cum
2595 1132 2810 1187 timore.

2098 1226 2383 1285 Sacerdos.
2419 1225 2617 1281 Sancta
2646 1224 2874 1280 sanctis.

2100 1319 2357 1390 Populus.
2388 1318 2541 1374 Unus
2570 1316 2731 1372 Pater
2759 1323 2998 1372 sanctus.

2097 1410 2385 1467 Diacoaus.
2414 1413 2634 1466 Stemus
2665 1411 2942 1465 decenter.

2101 1503 2362 1572 Populus.
2393 1504 2586 1563 Coram
2610 1511 2684 1560 te.

2099 1591 2383 1650 Sacerdos.
2414 1592 2635 1649 Gratias
2662 1592 2929 1647 habemus
2958 1590 3080 1657 tibi,
3114 1588 3436 1656 Domine,et
3458 1596 3601 1661 grato

2032 1688 2219 1744 animo
2248 1686 2600 1756 agnoscimus
2622 1684 3014 1755 benignitatem
3047 1691 3223 1749 tuam,
3251 1684 3399 1753 quod
3431 1698 3498 1737 ex
3522 1681 3601 1735 ni-

1956 1772 2002 1834 B
2030 1782 2144 1839 hilo
2173 1781 2415 1838 eduxisti
2448 1795 2547 1835 nos
2584 1780 2652 1834 ad
2700 1779 2755 1835 id
2781 1780 2926 1847 quod
2969 1780 3164 1843 simus,
3193 1787 3248 1831 et
3277 1777 3605 1833 domesticos

2030 1876 2280 1945 ﬁliosque
2325 1883 2792 1929 sacramentorum
2846 1880 3060 1927 tuorttm
3114 1868 3292 1924 fecisti
3346 1882 3477 1932 nos,
3511 1866 3605 1920 mi-

2028 1969 2433 2039 nisteriumque
2464 1968 2569 2024 hoc
2616 1966 2935 2038 religiosum
2988 1960 3395 2019 commendasti
3440 1958 3604 2023 nobis,

2034 2072 2198 2133 atque
2229 2076 2417 2117 mensa
2450 2062 2554 2116 bac
2581 2057 2859 2132 spirituali
2885 2070 2983 2111 nos
3020 2054 3218 2124 dignos
3243 2051 3451 2107 iecisti.
3476 2049 3608 2104 Cou-

2030 2167 2187 2211 serva
2245 2154 2296 2209 in
2349 2155 2542 2220 nobis,
2575 2151 2828 2215 Domine,
2876 2147 3180 2217 depositum
3229 2143 3607 2215 mysteriorum

2034 2254 2250 2301 tuorum
2272 2246 2604 2311 divinorum,
2625 2255 2683 2299 ut
2706 2242 3006 2299 secundum
3040 2252 3223 2293 mores
3256 2236 3519 2305 angelicis
3546 2232 3610 2287 sit

2035 2337 2217 2403 miles,
2248 2339 2412 2393 vitam
2444 2338 2815 2401 instituamus,
2846 2343 2902 2388 et
2940 2331 3297 2402 perﬁciamus
3326 2341 3513 2381 coram
3543 2334 3607 2391 te,

2035 2442 2099 2491 ut
2129 2435 2273 2490 cauti
2303 2428 2355 2489 et
2405 2431 2806 2501 inscparabiles
2861 2429 3033 2483 simus
3077 2442 3175 2496 per
3212 2422 3608 2491 susceptionem

2038 2537 2351 2583 sanctorum
2404 2536 2646 2593 tuorum,
2697 2522 3047 2595 perﬁcientcs
3077 2517 3421 2574 voluntatem
3477 2524 3609 2567 tuam

2041 2636 2294 2690 tnagnam
2345 2627 2399 2674 et
2444 2616 2767 2689 perfectam,
2814 2612 3104 2685 paratique
3164 2608 3513 2664 inveniamur
3552 2602 3611 2658 ad

2040 2712 2416 2787 πληροφορίαν
2448 2712 2595 2767 illam
2638 2708 2910 2772 ultimam,
2954 2713 3008 2760 et
3041 2703 3107 2758 ad
3142 2701 3405 2757 standum
3439 2712 3610 2755 coram

2043 2784 2330 2876 majestate
2358 2812 2467 2866 tua,
2503 2802 2763 2872 dignique
2804 2797 3114 2855 efﬁciamur
3158 2795 3443 2863 voluptate
3473 2784 3610 2859 regni

2045 2897 2145 2957 tui.
2196 2911 2298 2966 per
2327 2892 2583 2966 gratiam,
2628 2888 3069 2946 misericordiam
3116 2895 3172 2942 et
3208 2898 3452 2939 amorem
3498 2894 3611 2945 erga

2046 2987 2295 3044 homines
2325 2984 2591 3058 unigeniti
2622 2981 2743 3073 ρίιῃ
2768 2983 2870 3049 tui,
2896 2996 2994 3053 per
3015 2994 3177 3052 quem
3206 2983 3266 3032 et
3294 2990 3419 3031 cum
3447 2987 3548 3045 quo
3570 2980 3614 3025 te

2047 3081 2204 3136 decet
2240 3082 2436 3152 gloria,
2466 3080 2665 3145 honor,
2705 3087 2815 3133 etc.

1965 3155 2008 3215 Ο
2116 3189 2378 3265 Populus.
2404 3193 2599 3251 Amen.

2114 3288 2398 3344 Sacerdos.
2424 3287 2557 3343 Pax.

2119 3380 2377 3450 Populus.
2405 3379 2469 3433 Et
2503 3393 2623 3433 cum
2651 3374 2847 3448 spiritu
2881 3384 2994 3432 tuo.

2116 3472 2408 3527 Diaconus.
2438 3469 2583 3524 Post.

2119 3564 2378 3637 Populus.
2408 3562 2600 3618 Coram
2633 3571 2705 3628 te,
2729 3559 2977 3616 Domine.

2124 3678 2408 3737 Sacerdos.
2453 3674 2672 3731 Christe
2724 3672 2840 3727 Rex
2879 3670 3099 3741 gloria),
3139 3675 3194 3719 et
3246 3662 3414 3717 Pater
3463 3654 3612 3713 futuri

2051 3771 2255 3836 saeculi,
2317 3769 2648 3825 sacriﬁcium
2698 3774 2972 3826 sanctum,
3016 3756 3271 3825 Pontifex
3324 3750 3609 3811 caelestis:

2055 3868 2244 3939 Agnus
2274 3862 2396 3927 Dei,
2428 3861 2521 3931 qui
2556 3857 2702 3914 tollis
2735 3867 3019 3925 peccatum
3048 3850 3259 3914 mundi,
3295 3864 3465 3920 parce
3502 3858 3613 3915 pecs

2048 3953 2185 4009 catis
2223 3949 2408 4023 populi
2447 3948 2548 4013 tul,
2577 3954 2633 4003 et
2676 3943 2892 4001 dimitte
2924 3939 3268 4010 insipientias
3313 3938 3603 4008 gregisttn.

2047 4042 2323 4097 Conserva
2372 4052 2474 4093 nos
2525 4050 2622 4107 per
2666 4031 3107 4090 communionem
3153 4034 3606 4085 sacramentorum

2048 4146 2302 4198 tuorum,
2334 4132 2405 4186 ab
2448 4127 2597 4184 omni
2642 4133 2902 4197 peccato,
2942 4123 3057 4178 sive
3094 4120 3264 4176 verbo
3307 4119 3392 4173 vel
3426 4115 3609 4185 cogita-

2046 4223 2197 4278 tione
2235 4230 2329 4276 aut
2374 4232 2537 4291 opere
2585 4215 2936 4287 perﬁciatur,
2993 4210 3252 4282 quodque
3311 4222 3344 4262 a
3401 4216 3493 4260 tua
3541 4202 3610 4256 fa-

2066 4313 2741 4379 miliaritattemomestica,
2791 4308 2983 4380 procul
3015 4320 3114 4362 nos
3145 4304 3340 4369 faciat,
3366 4312 3428 4358 ut
3455 4308 3619 4356 custo-

2068 4416 2287 4472 diantur
2312 4423 2543 4479 corpora
2581 4415 2765 4460 nostra
2802 4418 2899 4473 per
2924 4413 3124 4469 corpus
3167 4404 3434 4460 tuum,et
3483 4403 3619 4452 reno-

378 4484 472 4552 qui
496 4492 681 4535 coram
701 4487 758 4532 te
779 4476 1187 4537 inclinatusest,
1209 4481 1262 4525 et
1279 4479 1557 4540 exspectat
1583 4469 1780 4524 donum
1810 4476 1959 4523 tuum
1994 4496 2038 4554 ο
2068 4469 2266 4563 gentm.
2295 4469 2490 4559 anin'm
2522 4509 2724 4554 nostra
2761 4469 2858 4564 μὲν
2911 4498 3259 4549 sacramenta
3306 4496 3423 4549 tua,
3452 4492 3508 4539 ει
3537 4484 3617 4535 ηε,

362 4586 431 4630 et
488 4574 735 4627 intuetur
803 4567 1631 4639 depositum'sacramentorum
1690 4561 1953 4633 unigeniti

381 4666 493 4732 tui,
531 4666 675 4721 Deus
708 4662 895 4717 Pater.
926 4659 1005 4715 Ne
1036 4659 1256 4714 auferas
1285 4673 1313 4710 a
1342 4656 1498 4711 nobis
1523 4656 1752 4725 gratiam
1787 4665 1956 4718 tuatn,

379 4770 435 4814 et
466 4773 535 4812 nc
565 4756 799 4827 repellas
835 4767 937 4808 nos
966 4769 997 4808 a
1029 4748 1337 4806 ministerio
1371 4758 1483 4812 tuo,
1517 4755 1570 4802 et
1605 4762 1635 4801 a
1664 4746 1962 4817 participa-

385 4855 537 4909 tione
565 4858 1039 4906 sacramentorum
1072 4858 1310 4911 tuorum,
1342 4843 1437 4899 sed
1475 4852 1719 4914 praepara
1749 4854 1867 4906 nos,
1905 4849 1963 4893 ut

385 4945 508 5015 puri
546 4952 604 4998 et
648 4943 861 5010 absque
890 4938 1129 5002 macula,
1160 4935 1415 5006 dignique
1454 4933 1559 4987 hoc
1602 4928 1851 4986 convivio
1882 4929 1959 4981 si-

387 5052 532 5104 mus,
585 5045 759 5106 utque
818 5048 943 5087 cum
995 5028 1334 5087 conscientia
1395 5026 1693 5093 inculpata,
1744 5034 1961 5089 semper

387 5130 639 5184 fruamur
668 5141 905 5197 corpore
936 5134 991 5180 et
1026 5122 1290 5193 sanguine
1331 5119 1450 5191 ejus
1490 5119 1750 5191 pretioso,
1805 5118 1861 5169 et
1900 5113 1959 5170 in

2065 4598 2300 4655 nedictio
2324 4605 2440 4659 tua,
2473 4590 2724 4656 Domine,
2749 4587 2822 4642 sit
2854 4586 2908 4639 in
2940 4593 3053 4638 toto
3089 4588 3282 4635 nostro
3308 4574 3531 4639 homine
3551 4572 3618 4623 in-

2068 4689 2257 4748 teriori
2313 4697 2368 4742 et
2427 4682 2725 4746 exteriori,
2784 4674 3225 4748 gloriﬁcerisque
3270 4672 3351 4733 in,
3384 4666 3533 4723 uobis
3578 4669 3619 4715 et

2065 4792 2288 4857 propter
2324 4795 2445 4845 nos,
2477 4779 2811 4842 dexteraque
2844 4780 2935 4825 tua
2969 4765 3289 4837 requiescat
3316 4760 3479 4831 super
3520 4770 3618 4817 nos,

2069 4846 2125 4934 et
2152 4846 2335 4931 Datris
2371 4871 2448 4928 tui
2475 4863 2773 4933 benedicti,
2807 4872 2862 4919 et
2896 4860 3136 4934 Spiritus
3178 4856 3257 4911 tui
3288 4846 3618 4911 sanctissimi.

2141 4989 2397 5062 Ropulus.
2426 4988 2619 5044 Amen.

2108 5092 2109 5175 ξ
2142 5105 2432 5161 Diaconus.
2463 5096 2722 5163 Bcn‘edlc,
2754 5092 3007 5152 Domine.
